4132 6308
552 316 657 380 εει

1784 312 1834 371 Ν
1842 309 2093 371 ICOLAI
2141 308 2530 369 CABASILIE

3699 311 3804 374 552

547 446 712 500 quam
761 428 872 482 cito
927 437 984 481 et
1041 425 1145 480 levi
1190 423 1408 493 negotio
1460 437 1748 492 personam
1814 423 2118 475 tentabant.

2233 423 2379 473 πεῖον
2406 420 2746 491 ἀμείϐοντες.
2766 421 2970 491 Συνέϐη
2991 421 3048 474 δὲ
3073 422 3284 485 πολλοῖς
3314 422 3406 477 καὶ
3436 425 3511 494 μὴ
3539 423 3806 494 λουσαμέ-

548 520 943 584 Compluribus
998 517 1160 572 etiam
1188 531 1295 569 non
1351 515 1552 569 ablutis
1600 514 1656 567 in
1703 514 1930 567 chorum
1960 513 2129 572 ,hunc

554 613 747 668 referri
780 611 1028 679 contigit.
1062 625 1201 678 quos
1236 608 1304 661 ab
1328 606 1569 662 Ecclesia
1595 622 1736 675 aqua
1798 621 1906 658 non
1948 604 2126 673 bapti-

546 717 704 760 :;atos
723 705 840 772 ipse
859 717 1096 771 sponsus
1126 698 1380 755 Ecclesiae
1403 699 1714 767 baptizavit.
1734 696 1916 752 Multis
1939 697 2125 764 itaque

549 805 604 849 et
631 793 829 848 nubem
861 777 1137 846 limpidam
1166 791 1232 845 de
1261 789 1424 850 (mlo,
1459 799 1513 843 et
1554 802 1753 857 aquam
1789 787 1932 840 ultro
1959 801 1991 840 e
2023 793 2125 839 ter-

554 902 611 939 ra
640 893 1015 953 erumpentem
1048 882 1215 946 dedit,
1248 891 1299 934 et
1330 882 1408 936 sic
1454 880 1675 935 demum
1702 893 1801 934 eos
1852 878 2122 932 lustravit.

556 977 749 1030 Multos
781 976 992 1031 occulte
1027 973 1362 1027 reformavit.
1406 972 1729 1027 Sicutenim
1758 986 1879 1040 qua:
1911 969 2116 1023 desunt

552 1069 793 1132 Christo,
825 1065 1061 1119 utembra
1096 1064 1350 1139 Ecclesia:
1382 1063 1603 1125 Paulus,
1624 1072 1684 1118 ‘et
1716 1063 1762 1117 si
1787 1062 1910 1131 quis
1951 1061 2001 1114 ei
2048 1060 2133 1115 si~'

558 1160 720 1221 milis,
766 1157 1021 1226 supplet:
1053 1157 1131 1211 sic
1186 1155 1321 1208 nihil
1376 1156 1698 1219 absurdum,
1746 1168 1868 1221 quae
1925 1153 2125 1207 desunt

559 1248 834 1309 Erclesize,
869 1248 1046 1316 ipsum
1076 1254 1240 1314 caput
1266 1244 1522 1300 Ecclesiae
1551 1243 1824 1313 supplere.
1887 1243 1943 1298 Si
1975 1242 2120 1297 enim

553 1349 701 1402 sunt,
727 1339 927 1407 quibus
961 1337 1201 1391 membra
1232 1344 1403 1406 caput
1425 1335 1681 1391 videntur
1704 1335 1920 1404 juvare,
1947 1349 2126 1402 quan-

554 1441 606 1483 to
634 1430 839 1499 jnstins
863 1437 968 1493 est,
999 1441 1122 1497 qum
1153 1428 1414 1483 membris
1461 1427 1683 1489 desunt,
1727 1426 1907 1495 ipsum
1959 1434 2125 1492 caput.

553 1522 834 1591 adjicere?
866 1520 930 1573 Et
956 1522 1073 1575 hare
1108 1521 1328 1590 quidem
1355 1520 1420 1572 ad
1456 1520 1620 1587 istum
1642 1517 1864 1572 modum
1914 1531 1974 1570 se
2030 1516 2126 1568 ha-

554 1620 738 1671 beant.
790 1615 868 1667 Ad
911 1614 1095 1684 priora
1166 1599 1499 1669 redeundum
1570 1620 1677 1666 est.
1733 1608 2116 1679 Hujuscemoii

556 1710 719 1777 igitur
749 1709 1155 1775 virtutem,qua
1178 1707 1326 1760 istaec
1360 1704 1475 1759 ausi
1517 1712 1667 1768 sunt,
1695 1713 1751 1757 et
1784 1701 2121 1756 alacritatem

2228 526 2340 573 νοις
2388 512 2468 572 εἰς
2511 510 2699 564 τοῦτον
2740 512 2959 565 τελέσαι
3008 513 3101 566 τὸν
3141 515 3325 584 χόρον,
3378 515 3472 577 οὓς
3523 515 3680 569 eam
3728 518 3806 588 μὴ

2230 594 2623 665 βαπτισθέντας
2654 598 2759 651 ὑπὸ
2785 600 2884 668 τῆς
2922 600 3278 669 Ἐκκλησίας,
3310 605 3475 667 αὐτὸς
3508 605 3805 660 ἐϐάπτισεν

2226 685 2505 756 όνυμφίος
2544 688 2644 755 τῆς
2683 688 3030 759 Ἐκκλησίας.
3074 692 3296 756 Πολλοῖς
3328 694 3427 763 μὲν
3460 693 3553 748 οῦν
3583 697 3681 749 καὶ
3721 715 3811 751 νε-

2232 778 2401 847 φέλην
2430 779 2724 849 οὐρανόθεν
2757 781 2929 835 ἔδωκε
2961 786 3056 840 καὶ
3085 784 3227 853 ὕδωρ
3261 786 3326 837 ὲκ
3363 788 3467 854 γῆς
3501 787 3810 857 αὐτόματον

2231 869 2324 920 καὶ
2354 867 2528 929 οὕτως
2551 869 2836 934 ἐϐάπτισε,
2862 873 2989 935 τοὺς
3017 873 3229 937 πλείους
3256 874 3313 926 δὲ
3330 874 3553 942 ἀφανῶς
3574 877 3811 931 ἀνέπλα-

2233 976 2345 1013 σεν.
2385 960 2594 1031 Ὠσπερ
2628 963 2735 1032 γάρ
2772 964 2831 1017 τὸ
2864 964 3151 1035 ὑστέρημα
3180 964 3276 1018 τοῦ
3301 965 3540 1035 Χριστοῦ
3565 966 3636 1020 τά
3666 970 3804 1041 μέλη

2232 1052 2331 1120 τῆς
2350 1052 2699 1124 Ἐκκλησίας,
2734 1056 2946 1121 Παῦλος
2975 1058 3071 1109 καὶ
3096 1058 3148 1110 εί
3178 1074 3261 1119 τις
3294 1058 3416 1112 κατ’
3448 1060 3657 1111 ἐκεῖνον
3680 1062 3812 1113 ἀνα-

2233 1136 2447 1217 πληροῖ,
2504 1140 2675 1203 οὕτως
2720 1142 2870 1197 οὐδὲν
2910 1145 3135 1216 ἀπᾷδον,
3179 1148 3229 1200 εί
3270 1147 3330 1199 τὸ
3372 1148 3661 1218 ὑστέρημα
3709 1150 3807 1217 τῆς

2242 1227 2566 1299 Ἐκκλησίας
2599 1234 2627 1301 ἡ
2659 1235 2873 1304 κεφαλὴ
2906 1235 3004 1305 τῆς
3043 1236 3372 1307 Ἐκκλησίας
3396 1240 3804 1310 ἀναπληρώσει.

2233 1320 2296 1372 Εἰ
2340 1320 2448 1389 γάρ
2487 1325 2634 1375 ἐστιν
2661 1323 2799 1378 ἅττα
2850 1327 2985 1398 μέλη
3037 1331 3103 1399 τῇ
3146 1328 3356 1401 κεφαλῇ
3388 1331 3539 1384 δοκεῖ
3568 1330 3804 1402 βοηθεῖν,

2232 1414 2383 1485 πόσῳ
2412 1415 2768 1487 δικαιότερον,
2817 1412 2893 1473 ὧν
2931 1420 3168 1474 ἑλλείπει
3209 1424 3321 1485 τοῖς
3355 1422 3597 1491 μέλεσιν,
3637 1423 3806 1493 αὐτὴν

2232 1505 2546 1586 προσθεῖναι
2576 1507 2676 1578 τὴν
2717 1510 2993 1581 κεφαλήνς
3024 1511 3133 1564 Καὶ
3156 1512 3346 1566 ςταῦτα
3383 1512 3482 1582 μὲν
3520 1512 3711 1565 τοῦτον
3742 1513 3808 1567 ἂν

2227 1594 2340 1663 ἔχοι
2374 1598 2464 1648 τὸν
2500 1597 2724 1666 τρόπον.
2772 1599 3136 1670 ’Λναληπτέον
3164 1601 3209 1654 δ’
3256 1601 3321 1655 ἂν
3370 1604 3455 1672 είη
3505 1604 3594 1656 τὸν
3627 1603 3806 1672 λόγον.

2231 1685 2449 1756 Ταύτην
2479 1688 2577 1758 μὲν
2607 1688 2702 1743 οὖν
2728 1692 2826 1759 τὴν
2853 1691 3101 1762 δύναμιν,
3203 1692 3302 1764 τὴν
3329 1694 3540 1763 τόλμαν
3574 1695 3799 1765 ἐτόλμη-

557 1810 765 1853 tantam
796 1799 1099 1853 attulerunt
1124 1838 1138 1862 ,
1161 1806 1216 1851 et
1244 1795 1625 1866 magnanimos
1657 1809 1826 1849 ausus
1870 1793 1936 1847 ad
1971 1792 2128 1845 linem

2237 1794 2335 1831 σαν
2370 1780 2463 1832 καὶ
2493 1781 2592 1851 τὴν
2624 1782 2935 1852 πριθυμίαν
2965 1785 3452 1856 προῦθυμήθησαν,
3482 1786 3582 1840 καὶ
3611 1789 3693 1850 είς
3719 1790 3809 1840 τέ-

558 1894 856 1959 pi-rducere
898 1897 1212 1959 potuerunt,
1273 1889 1326 1942 in
1381 1898 1578 1942 natura
1641 1885 1921 1941 hominum
1980 1883 2125 1938 haud

554 1982 814 2048 inveniri,
848 1985 1027 2036 verbis
1054 1981 1439 2035 demonstrare
1467 1979 1601 2033 nihil
1624 1978 1838 2032 attinet.
1874 1976 2014 2043 Quia
2038 1989 2128 2028 ve-

558 2089 620 2126 ro
704 2088 868 2127 causa
915 2069 1352 2144 horum‘gratiaa
1404 2070 1752 2141 baptismatis
1816 2067 2127 2123 necessario

564 2165 889 2218 ascribenda
905 2174 1009 2228 est,
1040 2179 1349 2233 quaeramus
1368 2163 1481 2233 jam
1506 2163 1753 2226 modum,
1776 2158 2049 2231 quomodo
2073 2159 2126 2213 in

558 2253 694 2323 ipsis
718 2253 992 2308 lavacrum
1022 2255 1128 2308 ista
1154 2264 1433 2323 operatur.

630 2429 979 2486 Manifestum
1027 2436 1110 2484 est
1160 2427 1348 2497 igitur,
1409 2426 1622 2481 labores
1665 2424 1787 2479 illos
1825 2434 1879 2478 et
1924 2438 2127 2493 agones

557 2525 857 2579 amantium
902 2524 1091 2583 fuisse.
1135 2532 1190 2576 et
1239 2520 1445 2575 (λιιι-ἰειί
1489 2519 1673 2588 jacula
1723 2530 1886 2587 atque
1926 2517 2127 2586 philtra

558 2617 705 2684 ipsus
754 2615 819 2667 ad
875 2615 1018 2667 hanc
1070 2595 1253 2667 rerum
1307 2610 1606 2664 novitatem
1660 2610 1959 2679 impulisse.
1996 2609 2130 2675 Qua:

559 2722 720 2776 porro
762 2721 934 2773 causa
954 2705 1190 2769 amoris,
1231 2712 1286 2758 et
1319 2702 1452 2774 quid
1492 2703 1599 2758 illis
1631 2701 1856 2765 factum,
1889 2714 1967 2757 ut
1991 2703 2128 2757 adeo

559 2800 869 2868 diligerent,
903 2808 957 2853 et
988 2799 1134 2852 unde
1173 2798 1349 2867 ignem
1385 2805 1596 2851 tantum
1635 2797 1996 2865 susceperint.
2032 2809 2131 2865 age

558 2890 992 2946 consideremus.
1033 2889 1247 2943 Etenim
1291 2887 1528 2955 cognitio
1567 2902 1808 2940 amorem
1847 2887 2018 2957 gignit
2075 2894 2131 2940 et

561 2990 844 3053 procreat:
882 2996 984 3035 nec
1026 2980 1210 3049 possis
1257 2981 1556 3049 quidquam
1599 2979 1884 3047 pulchrum
1919 2992 2126 3041 amare,

560 3075 666 3130 nisi
698 3083 825 3127 ante
855 3073 1113 3127 didiceris
1138 3087 1299 3142 quam
1332 3072 1617 3142 pulchrum
1651 3073 1740 3127 sit.
1770 3070 1834 3125 Et
1866 3070 2125 3141 quoniam

560 3171 665 3225 hoc
712 3171 857 3224 scire
895 3178 949 3225 et
995 3169 1233 3241 perfecte
1275 3167 1679 3237 cumulateque,
1716 3175 1770 3221 et
1814 3165 2128 3235 imperfecte

562 3263 847 3332 contingit,
876 3278 974 3333 par
1017 3261 1182 3316 fuerit
1231 3275 1472 3316 amorem
1520 3274 1737 3328 quoque
1797 3257 2024 3328 perinde
2068 3273 2129 3313 se

564 3357 781 3411 habere.
829 3357 894 3409 Et
935 3354 1158 3426 pulchra
1205 3354 1422 3424 quidem
1474 3368 1537 3408 ac
1587 3352 1750 3415 bona,
1797 3367 1920 3419 qua:
1972 3349 2131 3418 plene

560 3460 985 3518 cognoscuntur,
1025 3450 1188 3502 etiam
1220 3447 1377 3516 plene
1419 3445 1736 3514 diliguntur,
1766 3453 1821 3499 et
1860 3439 2129 3512 quemad-

562 3548 791 3595 modum.
818 3552 980 3595 tantae
1026 3538 1415 3608 pulchritudini
1455 3538 1731 3592 convenit.
1771 3536 1904 3601 Quae
1944 3545 2125 3589 autem

563 3634 877 3688 amantibus
902 3635 1191 3687 admodum
1219 3644 1343 3686 nota
1372 3649 1479 3686 non
1514 3644 1661 3696 sunt,
1688 3646 1878 3685 eorum
1910 3644 2128 3700 quoque

562 3739 719 3776 amur
769 3723 1058 3777 imbecillis
1102 3732 1206 3777 est.
1257 3723 1427 3794 Igitur
1471 3723 1601 3777 illud
1651 3725 1710 3777 tit
1752 3722 2125 3793 perspicuum,

561 3815 932 3884 cognitionem
972 3816 1211 3885 aliquam
1254 3816 1370 3875 Dei.
1409 3825 1463 3870 et
1510 3831 1733 3870 sensum
1787 3816 1921 3885 ipsis
1957 3832 1987 3868 a
2038 3818 2130 3871 ba-

563 3909 815 3974 ptismate
858 3906 1215 3971 immissum,
1245 3916 1299 3962 et
1347 3923 1442 3961 eos
1492 3908 1694 3964 bonum
1762 3907 1971 3975 liquido
2032 3920 2130 3961 co.

556 3999 848 4070 'guovissc,
915 3988 1486 4068 pulchritudinemque
1546 3999 1910 4068 persensisse,
1963 4006 2018 4052 et
2064 3999 2132 4052 de

563 4092 804 4146 bonitate
854 4090 974 4161 ejus
1027 4092 1364 4162 gustavisse,
1424 4088 1796 4160 experientia,
1868 4091 2149 4161 inquamp

566 4185 913 4253 perl‘ei-tiore,
945 4202 1108 4253 quam
1141 4186 1388 4239 doctrina
1419 4185 1593 4254 possit
1625 4185 1961 4240 discentibus
2004 4185 2132 4238 sub-

558 4277 750 4345 jicere.
782 4276 916 4329 Nam
965 4295 1087 4330 cum
1123 4294 1301 4331 rerum
1345 4278 1587 4347 cegnitio
1620 4278 1873 4347 bipertita
1903 4279 1994 4343 sit,
2023 4292 2126 4329 una

562 4383 726 4431 quam
759 4369 885 4433 Quis
917 4368 1198 4421 auditione
1223 4369 1445 4434 haurit,
1477 4370 1581 4422 alia
1613 4383 1774 4436 quam
1812 4382 1910 4436 per
1933 4382 1991 4421 se
2018 4366 2132 4434 ipse

2226 1868 2317 1932 λος
2358 1872 2588 1945 ἀγαγεῖν
2624 1871 2661 1925 ἃ.
2693 1875 3162 1944 προύθυμήθησαν
3200 1876 3539 1946 ἐδυνήθησαν
3562 1919 3577 1944 ,
3607 1879 3683 1942 ὡς
3711 1882 3809 1932 οὐκ

2226 1959 2372 2015 ἐστιν
2399 1963 2578 2031 εὑρεῖν
2609 1966 2665 2018 ἐν
2689 1968 2755 2037 τῇ
2785 1968 2945 2035 φύσει
2983 1968 3091 2019 τῶν
3114 1968 3439 2038 ἀνθρώπων,
3467 1970 3570 2023 οὐκ
3595 1972 3660 2025 ἂν
3691 1974 3808 2027 οὐδὲ

2226 2052 2387 2122 λόγου
2433 2054 2543 2108 δέοι
2582 2055 2891 2110 δεικνύναι·
2931 2057 3120 2112 λοιποῦ
3162 2059 3216 2111 δὲ
3258 2059 3414 2123 ὄντος
3453 2061 3511 2125 ἑξ
3539 2064 3801 2131 ἀνάγκης.

2227 2145 2409 2199 αἰτίαν
2452 2146 2658 2201 τούτων
2687 2148 2892 2202 τιθέναι
2931 2149 3031 2220 τὴν
3079 2149 3175 2203 τοῦ
3207 2151 3580 2223 βαπτίσματος
3616 2153 3793 2223 χάριν,

2230 2240 2482 2309 ζητῶμεν
2511 2239 2591 2294 ἔτι
2619 2241 2710 2295 τὸν
2740 2245 2960 2312 τρόπον,
2997 2244 3144 2307 ὅπως
3177 2243 3351 2299 ταῦτα
3384 2245 3581 2307 αὐτοὺς
3610 2247 3795 2315 εἰργά-

2229 2349 2362 2385 σατο
2394 2332 2455 2384 τὸ
2484 2332 2728 2403 λουτρόν.

2299 2425 2533 2494 Φανερὸν
2564 2425 2663 2495 μὲν
2704 2425 2819 2489 οῦν,
2849 2425 2925 2489 ὼς
2963 2425 3071 2495 ἄρα
3105 2425 3353 2496 ἐρώντων
3385 2421 3526 2498 ἦσαν
3552 2429 3602 2480 oi
3634 2428 3804 2494 πόνοι,

2228 2520 2322 2571 καὶ
2348 2518 2398 2570 οἱ
2419 2519 2628 2586 ἀγῶνες
2651 2520 2847 2573 ἐκεῖνοι
2869 2521 2962 2572 καὶ
2989 2520 3055 2571 τά
3080 2519 3316 2589 Χριστοῦ
3338 2520 3461 2589 βέλη
3486 2522 3582 2573 καὶ
3605 2521 3810 2591 φίλτρα

2229 2609 2366 2680 πρὸς
2396 2610 2603 2679 ταύτην
2633 2610 2828 2673 αὐτοὺς
2862 2610 3096 2681 ἐξήγαγε
3126 2612 3225 2681 τὴν
3255 2612 3630 2666 καινοτομίαν*
3658 2614 3712 2666 τί
3746 2616 3802 2667 δὲ

2227 2702 2336 2757 τῶν
2363 2703 2616 2771 ἐρώντων
2636 2702 2697 2755 τὸ
2717 2702 2913 2769 αἴτιον,
2942 2704 3036 2756 καὶ
3058 2704 3110 2756 τί
3140 2704 3398 2767 παθόντες
3428 2703 3601 2765 οὕτως
3620 2705 3810 2774 ἐφίλη-

2230 2812 2348 2860 σαν,
2379 2797 2472 2849 καὶ
2493 2794 2656 2848 πόθεν
2676 2797 2738 2848 τὸ
2762 2797 2874 2867 πῦρ
2895 2795 3162 2861 ἐδέξαντο,
3185 2797 3340 2850 τοῦτ)
3364 2797 3658 2868 σκοπῶμεν
3682 2799 3809 2870 ἤδη.

2231 2888 2340 2944 Καὶ
2370 2890 2476 2959 γάρ
2516 2891 2632 2942 ἐστι
2670 2890 2768 2957 μὲν
2798 2891 2859 2943 τὸ
2896 2890 3096 2944 εἰδέναι
3130 2889 3221 2942 τοῦ
3265 2890 3438 2957 φιλεῖν
3470 2890 3682 2951 αἴτιον,
3716 2892 3811 2943 καὶ

2230 2983 2387 3035 τοῦτο
2421 2986 2593 3033 ἐκεῖνο
2621 2982 2830 3048 τίκτει,
2864 2983 2954 3035 καὶ
2986 2984 3091 3039 οὐκ,
3114 2983 3229 3035 ἐστι
3271 2983 3456 3034 λαῦεῖν
3494 2982 3676 3052 ἔρωτα
3705 2982 3810 3037 τῶν

2232 3074 2413 3127 καλῶν
2454 3074 2667 3133 οὐδενὸς
2710 3074 2785 3145 μὴ
2835 3076 3225 3144 καταμαθόντα
3263 3074 3338 3139 ὡς
3382 3076 3501 3149 ἔχει
3545 3076 3808 3132 κάλλου;’

2236 3167 2359 3220 ἐπεὶ
2385 3166 2439 3218 δὲ
2472 3166 2531 3221 τὸ
2559 3166 2755 3219 εἰδέναι
2793 3165 2950 3219 τοῦτο
2989 3167 3276 3236 συμϐαίνει
3313 3166 3409 3235 μὲν
3443 3168 3682 3237 μάλιστα
3721 3172 3811 3220 καὶ

2236 3261 2477 3327 τελείως,
2510 3261 2797 3332 συμϐαίνει
2826 3260 2883 3314 δὲ
2913 3260 3114 3322 ἀτελῶς
3151 3262 3313 3331 ἔχειν,
3338 3262 3485 3323 εἰκὸς
3512 3261 3579 3313 ἂν
3603 3263 3689 3332 atq
3719 3262 3811 3314 καὶ

2235 3355 2296 3407 τὸ
2326 3355 2548 3424 φίλτρον
2577 3353 2775 3423 ὁμοίως
2808 3353 2951 3423 ἔχειν
2971 3368 2983 3382 ·
3016 3354 3234 3407 καὶτῶν
3261 3354 3442 3407 καλῶν
3470 3357 3564 3407 καὶ
3586 3356 3811 3422 ἀγαθῶν

2236 3448 2272 3503 ἃ
2306 3449 2405 3518 μὲν
2437 3449 2765 3515 γινώσκεται
2799 3447 3018 3509 τελείως
3059 3445 3154 3501 καὶ
3192 3447 3427 3516 φιλεῖται
3457 3450 3679 3509 τελείως
3717 3451 3811 3502 καὶ⁵

2235 3538 2425 3608 ὥσπερ
2456 3538 2657 3607 τοσῷδε
2698 3539 2883 3592 κάλλει
2924 3542 3185 3610 προσῆκε,
3230 3540 3338 3593 τῶν
3379 3540 3435 3591 δὲ
3485 3542 3560 3609 μὴ
3605 3541 3811 3609 σφόδρα

2237 3616 2487 3703 φανερῶν
2511 3634 2620 3694 τοῖς
2646 3632 2811 3702 ἐρῶσι
2831 3635 2926 3687 καὶ
2951 3635 2979 3685 ό
3004 3631 3141 3705 ἔρως
3170 3632 3408 3695 ἀσθενῶς
3437 3632 3572 3701 ἔχει.
3603 3632 3810 3684 Οὐκοῦν

2237 3727 2414 3778 ἐκεῖνο
2451 3725 2658 3793 γίνεται
2703 3724 2881 3792 δῆλον,
2926 3723 3000 3788 ὡς
3044 3724 3336 3790 ὲπίγνωσίν
3369 3740 3493 3777 τινα
3533 3723 3671 3778 Θεοῦ
3717 3724 3811 3777 καὶ

2237 3819 2491 3888 αἴσθησιν
2536 3819 2717 3881 αὐτοῖς
2756 3818 2977 3887 ἐνέθηκε
3008 3818 3066 3870 τὸ
3125 3818 3371 3886 λουτρ“.ν,
3404 3819 3611 3871 καὶτὸν
3648 3818 3809 3870 καλὸν

2239 3909 2426 3978 σαφῶς
2448 3909 2692 3975 ἔγνωσαν
2717 3910 2809 3963 καὶ
2835 3910 2932 3977 τῆς
2964 3907 3108 3979 ῶραε
3138 3908 3364 3980 ᾔσθοντο
3394 3914 3487 3963 καὶ
3518 3911 3750 3977 ὲγεύσαν
3782 3926 3809 3960 ο

2237 4002 2331 4053 τοῦ
2359 3999 2585 4064 κάλλους
2610 3999 2837 4055 ἐκείνου.
2867 4002 3022 4069 Λέγω
3049 4001 3112 4071 δὴ
3144 4002 3308 4073 πείρᾳ
3335 4001 3442 4053 τινὶ
3481 4000 3748 4071 τελεώτερ
3768 4010 3819 4051 ,ν

2238 4092 2271 4160 ἥ
2300 4090 2616 4161 διδασκαλίᾳ
2655 4091 2907 4144 δύνανται
2933 4094 3200 4162 γνωρίσαι
3232 4091 3660 4159 καταμαθόντες.
3693 4093 3809 4143 Δίτ-

2236 4200 2335 4251 της
2362 4185 2470 4253 γὰρ
2513 4186 2644 4253 ἡμῖν
2682 4187 2779 4255 τῆς
2818 4184 2923 4237 τῶν
2959 4184 3297 4253 πραγμάτων
3323 4185 3579 4252 γνώσεως
3604 4183 3767 4254 οὔσης
3790 4224 3804 4246 ν

2237 4275 2337 4344 τῆς
2375 4275 2472 4343 μὲν
2511 4275 2578 4344 ἣν
2604 4274 2667 4328 ἄ)
2703 4293 2786 4339 τις
2824 4276 2959 4345 ἀκοῇ
2994 4275 3144 4346 τύχοι
3173 4274 3381 4341 λαὸὼν,
3421 4275 3519 4345 τῆς
3552 4274 3609 4328 δὲ
3643 4276 3710 4348 ἣν
3741 4274 3808 4329 δι’

2240 4365 2434 4419 ἑαυτοῦ
2498 4367 2841 4434 καταμάθοι,
2902 4369 3122 4432 ἐκείνως
3180 4370 3276 4436 μὲν
3332 4368 3432 4420 οὐκ
3490 4367 3653 4420 αὐτοῦ
3711 4367 3802 4420 τοῦ

564 4457 943 4524 consequitur,
977 4457 1070 4509 illo
1103 4458 1267 4512 modo
1301 4474 1411 4511 non
1438 4458 1611 4526 ipsam
1640 4474 1755 4512 rem
1793 4458 2128 4528 attingimus,

2241 4460 2569 4528 πράγματος
2603 4460 2906 4528 ἁπτόμεθα,
2939 4460 3054 4512 ἀλλ’
3080 4459 3266 4527 ὥσπερ
3292 4461 3350 4512 ὲν
3374 4461 3541 4513 εἰκόνι
3564 4460 3667 4511 τινὶ
3690 4461 3798 4517 τοῖς

566 4546 660 4602 sed
696 4547 751 4600 in
802 4545 999 4609 verbis,
1038 4555 1095 4599 ut
1138 4547 1190 4600 in
1231 4548 1472 4617 imagine
1510 4548 1767 4617 quadam,
1799 4564 1906 4605 non
1950 4559 2131 4604 autem

564 4649 843 4700 accurate,
885 4638 941 4691 in
1008 4638 1180 4704 ipsius
1219 4640 1421 4709 speciei
1471 4640 1785 4706 simulacro,
1832 4656 1928 4696 seu
1965 4641 2136 4711 elligie

566 4746 689 4785 eum
723 4732 1023 4785 cernimus.
1060 4730 1202 4785 Fieri
1230 4730 1376 4785 enim
1419 4732 1627 4801 nequit,
1655 4743 1712 4787 ut
1741 4733 1787 4787 ei
1822 4749 1916 4803 per
1938 4744 2133 4807 cuncta

563 4823 800 4877 similem
827 4822 880 4876 in
904 4838 1088 4877 rerum
1115 4834 1304 4876 natura
1333 4825 1689 4887 inveniamus,
1710 4824 1803 4893 qui
1830 4840 1929 4893 pro
1952 4840 2135 4879 exent-

567 4915 655 4983 plo
686 4918 752 4967 ad
801 4914 949 4969 illius
980 4914 1347 4984 cognitionem
1393 4912 1643 4971 sulliciat.
1680 4914 1971 4984 Expertum
2005 4930 2132 4967 vero

565 5021 703 5068 esse,
762 5016 849 5062 est
904 5009 958 5061 in
1015 5024 1100 5062 res
1167 5009 1312 5077 ipsas
1361 5007 1637 5062 incidisse.
1694 5005 1849 5062 Unde
1885 5006 1974 5061 hic
2016 5008 2132 5076 ipsa

566 5098 777 5164 species
806 5097 860 5149 in
903 5098 1140 5151 animam
1175 5098 1428 5163 incurrit,
1462 5107 1515 5153 et
1545 5096 1873 5151 desiderium
1911 5097 2130 5161 excitat,

568 5184 734 5239 veluti
782 5187 1066 5255 vestigium
1114 5190 1256 5242 bello
1305 5187 1667 5256 respondens.
1725 5185 1837 5240 Illic
1884 5186 1953 5240 ab
2010 5185 2131 5239 idea

568 5276 741 5343 ipsius
771 5277 846 5329 rei
882 5278 1100 5345 prepria
1125 5278 1346 5343 deserti,
1377 5295 1472 5349 per
1502 5295 1623 5349 qua:
1648 5286 1829 5331 autem
1855 5293 1978 5331 cum
2007 5277 2132 5331 aliis

567 5365 958 5430 communicat,
994 5368 1284 5422 obscuram
1329 5371 1621 5438 quamdam
1659 5379 1716 5423 ct
1775 5369 1972 5421 exilem
2012 5369 2132 5437 ejus

568 5455 861 5525 imaginem
916 5456 1083 5520 nacti,
1143 5473 1207 5511 ea
1257 5460 1589 5514 desiderium
1650 5469 1705 5513 et
1758 5473 2000 5513 amorem
2055 5459 2130 5511 rei

570 5552 845 5602 lliCtlllllll'.
877 5546 1060 5614 Quare
1097 5564 1202 5603 non
1228 5564 1496 5619 sinamus,
1529 5565 1794 5622 quantum
1832 5561 1916 5606 est
1945 5564 2133 5603 amau-

571 5642 717 5704 dnm,
771 5658 873 5695 nec
915 5641 1177 5712 patimur,
1222 5653 1486 5710 quantum
1543 5645 1672 5698 illud
1723 5654 1897 5714 potest
1931 5644 2127 5703 facere,

569 5747 693 5785 cum
746 5734 918 5803 ipsam
984 5735 1221 5808 speciem
1281 5751 1390 5790 non
1436 5735 1924 5805 degustarcrimus.
1977 5735 2127 5789 Sicut

2238 4549 2415 4615 λόγοις
2453 4549 2669 4620 ὁρῶμεν
2691 4590 2704 4613 ,
2740 4550 2835 4603 καὶ
2877 4549 2986 4601 οίδ⁹
3033 4549 3277 4619 ἀκριῖὣς
3316 4550 3474 4602 αὑτοῦ
3499 4547 3593 4600 τοῦ
3625 4548 3796 4609 εἴδους

2237 4638 2426 4692 εικόνι.
2472 4640 2580 4693 Καὶ
2608 4638 2713 4709 γὰρ
2742 4641 3021 4710 ἀμήχανον
3063 4641 3213 4709 αὐτῷ
3242 4628 3579 4693 παντάπασιν
3616 4639 3802 4708 ὅμοιον

2236 4732 2414 4800 εὑρεῖν
2454 4734 2510 4783 ὲν
2552 4735 2662 4793 τοῖς
2703 4728 2876 4797 οὖσιν,
2913 4729 2957 4800 ᾧ
3004 4733 3409 4803 παραδείγματι
3444 4734 3807 4803 χρησαμένοις

2237 4824 2316 4884 είς
2338 4823 2437 4891 τὴν
2469 4824 2676 4875 ἐκείνου
2706 4825 2903 4891 γνῶσιν
2934 4824 3186 4895 ἀρκέσει’
3219 4824 3282 4877 τὸ
3308 4824 3361 4878 δὲ
3401 4830 3597 4895 πεῖραν
3628 4826 3808 4878 λαϐεῖν

2236 4918 2417 4977 αὐτοῖς
2462 4918 2579 4968 ἐστι
2614 4920 2723 4978 τοῖς
2768 4918 3089 4985 πράγμασιν
3116 4920 3392 4988 ἐντυχεῖν,
3421 4917 3545 4972 ὅθεν
3578 4918 3804 4972 ἐνταῦθα

2239 5007 2338 5076 μὲν
2370 5007 2502 5058 αὐτὸ
2530 5007 2590 5058 τὸ
2628 5000 2767 5069 εῖδος
2796 5011 2861 5078 τῇ
2892 5008 3035 5079 ψυχῇ
3069 5010 3395 5078 προσϐάλλει
3434 5012 3528 5063 καὶ
3560 5011 3660 5081 τὴν
3691 5015 3802 5063 ἑπιο

2238 5097 2437 5164 θυμίαν
2459 5098 2709 5166 ἀνίστησι
2727 5098 2977 5169 καθάπερ
3005 5100 3147 5170 ἴχνος
3164 5102 3239 5169 τῷ
3255 5102 3441 5154 κάλλει
3469 5101 3803 5171 σύμμετρον.

2251 5189 2399 5241 Ἐκεῖ
2425 5188 2482 5241 δὲ
2506 5192 2604 5259 τῆς
2637 5192 2737 5258 μὲν
2773 5190 2912 5254 ίδέας
2942 5196 3112 5265 αὐτῆς
3136 5197 3233 5265 τῆς
3263 5196 3396 5257 ίδίας
3422 5195 3520 5247 τοῦ
3553 5198 3809 5264 πράγμα-

2235 5297 2327 5343 τος
2372 5282 2809 5351 ἀπολειφθέντες,
2853 5285 2913 5351 ἐξ
2957 5280 3031 5340 ὦν
3061 5286 3115 5339 δὲ
3155 5291 3401 5341 κοινωνεῖ
3435 5291 3546 5350 τοῖς
3594 5289 3804 5349 allow,

2237 5371 2425 5440 ἀσαφῆ
2462 5389 2583 5426 τινα
2630 5373 2724 5427 καὶ
2778 5377 3025 5446 ἀμυδρὰν
3070 5379 3252 5431 εἰκόνα
3300 5380 3555 5444 λαϐόντες
3599 5380 3803 5441 αὐτοῦ.

2233 5462 2407 5533 ταύτῃ
2441 5464 2743 5536 μετροῦμεν
2768 5468 2857 5520 τὸν
2883 5471 3009 5537 περὶ
3028 5470 3089 5522 τὸ
3115 5474 3346 5542 πρᾶγμα
3377 5471 3571 5524 πόθον*
3597 5473 3719 5526 ὅθεν
3739 5474 3800 5524 οὺ

2234 5552 2496 5621 φιλοῦμεν
2530 5554 2652 5607 ὅσον
2694 5559 2870 5611 ἐκεῖνο
2910 5560 3151 5630 φιλητὸν,
3198 5562 3317 5614 οὐδὲ
3359 5563 3642 5631 πάτχομεν
3674 5564 3804 5615 ὅσον

2236 5644 2410 5694 ἐκεῖνο
2435 5642 2658 5698 δύναται
2694 5648 3035 5718 δρᾷεμ(αι3τοῦ
3061 5650 3154 5701 τοῦ
3184 5651 3359 5714 εἴδους
3394 5651 3467 5721 μὴ
3492 5655 3760 5722 γεγευςμέ
3778 5684 3795 5694 -

2235 5735 2356 5805 νοι).
2384 5734 2645 5808 Καθάπερ
2664 5739 2768 5809 γὰρ
2789 5740 3043 5811 διάφορον
3070 5736 3203 5801 εἶξα.
3234 5743 3331 5812 τῆς
3357 5744 3539 5805 οὐσίας
3563 5745 3799 5796 ἐκάκου
