4158 6306
335 347 441 412 553

1389 345 1486 406 DE
1529 346 1696 406 VITA
1741 342 1819 402 ΙΝ
1857 339 2188 402 CllRlSTO
2255 342 2399 403 LIB.
2445 343 2520 402 ῐΙ.

3475 343 3580 408 554

335 464 428 518 καὶ
454 461 711 534 διάφορον
740 461 979 532 ἐντίθησι
1015 462 1079 532 τῇ
1107 460 1252 534 ψυχῇ
1281 462 1462 530 λόγον,
1494 463 1634 515 οὕτω
1663 463 1758 514 καὶ
1787 461 1907 530 φίλ-

2022 460 2160 514 enim
2191 461 2402 516 diversa
2429 460 2637 531 species
2666 471 2874 516 natura:
2901 461 3193 531 cujuslibet
3217 464 3378 517 etiam
3406 464 3588 520 diver-

333 569 493 623 τρονο
527 551 727 604 οὐκοῦν
780 553 813 621 ή
865 554 955 604 τοῦ
987 553 1233 621 Σωτῆρος
1269 555 1326 604 ἐν
1358 555 1486 623 ἡμῖν
1548 554 1737 621 ἀγάπη
1782 553 1909 606 ὃταν

338 646 435 713 μὲν
470 644 622 697 οὐδὲν
657 643 992 713 ἐπιδείξηται
1044 645 1229 697 καινὸν
1269 645 1374 697 οὐδ’
1402 646 1710 714 ὑπερφυὲς,
1760 643 1910 712 δῆλοι

337 737 680 804 καθέσταμεν
707 735 781 797 ὡς
805 736 911 803 ἄρα
943 737 1130 806 μόναις
1161 736 1634 807 ὲνετύχομενταῖς
1664 737 1791 804 περὶ
1819 735 1911 787 αὐ-

334 829 427 882 τοῦ
459 831 682 893 φωναῖς,
711 828 768 892 ἐξ
788 824 862 880 ὧν
887 828 1002 892 πῶς
1034 829 1130 896 μὲν
1161 830 1226 881 ἂν
1247 833 1452 897 γένοιτο
1480 830 1679 897 γνῶναι
1706 831 1797 881 καὶ
1811 828 1907 892 ὦς,
1947 822 1951 826 ’

333 917 375 988 ᾧ
403 923 570 991 μηδὲν
598 922 786 991 ὅμοιον
825 921 972 974 ἔστιν
1001 923 1200 991 εὑρεῖν,
1231 922 1338 974 οὐδ’
1369 921 1397 975 ὃ
1428 923 1603 975 κοινὸν
1635 923 1782 992 αὐτῷ
1819 925 1910 975 καὶ

333 1016 442 1074 τοῖς
469 1015 648 1075 ἄλῖίοις
677 1013 799 1065 οὐδέ
832 1014 961 1082 πρὸς
990 1012 1016 1064 ὃ
1044 1013 1394 1083 παράδειγμα
1421 1015 1772 1084 ἀναφέρεται,
1805 1015 1910 1065 οὐδ’

332 1101 414 1168 οἷς
449 1107 658 1168 ἐκεῖνος
691 1105 1039 1174 παράδειγμα
1065 1122 1079 1170 ;
1107 1105 1220 1168 πῶς
1251 1105 1306 1157 δὲ
1339 1105 1678 1174 καταμαθεῖν
1718 1106 1814 1174 μὲν
1851 1106 1910 1157 τ).

333 1198 555 1258 κάλλος,
589 1189 814 1266 φιλῆσαι
845 1197 899 1248 δὲ
926 1197 1021 1249 τοῦ
1049 1195 1278 1258 κάλλους
1304 1195 1500 1261 ὁξίως;
1531 1191 1625 1256 Οἷς
1650 1197 1705 1248 δὲ
1738 1195 1912 1249 τοιοῦ-

332 1307 422 1352 τος
455 1289 671 1358 ἐγένετο
717 1289 900 1352 πόθος,
927 1288 1066 1342 ὥστε
1107 1290 1203 1357 τῆς
1233 1290 1446 1357 φύσεως
1482 1289 1580 1359 μὲν
1616 1291 1910 1359 ἐκστῆναι,

336 1379 508 1450 μείζω
538 1381 592 1432 δὲ
628 1379 722 1431 καὶ
773 1381 1194 1449 προθυμηθῆναι
1240 1381 1333 1433 καὶ
1361 1381 1654 1451 δυνηθῆναι
1682 1383 1713 1452 ἦ
1743 1399 1912 1452 προσ-

331 1472 468 1538 ῆκεν
497 1471 804 1540 ἀνθρώποις
829 1471 1220 1540 ἐνθυμηθῆναι,
1245 1472 1467 1533 τούτους
1490 1473 1649 1536 αὐτὸς
1675 1474 1912 1542 ἔτρωσεν

331 1563 652 1632 ὀνυμφίος·
703 1563 866 1624 αύτλς
911 1563 1103 1632 ἐνῆκεν
1155 1564 1348 1617 ἁκτῖνά
1395 1581 1512 1615 τινα
1547 1565 1639 1616 τοῦ
1684 1565 1914 1626 κάλλους

332 1660 446 1718 τοῖς
497 1655 817 1723 ὀφθαλμοῖς.
874 1655 947 1708 Τὸ
999 1657 1105 1725 γὰρ
1167 1656 1395 1724 μέγεθος
1451 1659 1542 1710 τοῦ
1598 1658 1911 1730 τραύματος

338 1747 531 1815 μηνύει
552 1747 611 1798 τὸ
631 1745 802 1814 βέλος,
829 1747 921 1800 καὶ
946 1750 973 1800 ὁ
1001 1748 1159 1810 πόθος
1182 1751 1268 1802 τὸν
1298 1750 1586 1817 τρώσαντα
1608 1751 1878 1803 δείκνυσιν
1895 1760 1907 1780 ⁵

337 1841 430 1892 καὶ
470 1838 644 1907 τούτῳ
687 1839 939 1906 διήνεγκε
980 1842 1077 1908 τῆς
1125 1841 1366 1904 Παλαιᾶς
1398 1843 1428 1912 ἡ
1457 1841 1634 1912 Καινὴ
1667 1844 1909 1912 Διαθὴκη

337 1934 430 1986 καὶ
471 1933 646 2003 τούτῳ
687 1932 910 2000 ἄμεινον
951 1929 1130 2000 εἶχεν,
1163 1935 1244 1987 ὅτι
1285 1937 1406 1988 τότε
1452 1937 1548 2004 μὲν
1594 1938 1749 2004 λόγος
1789 1934 1856 2007 ἦν
1889 1941 1915 1991 ὁ

339 2025 631 2091 παιδεύων,
680 2024 776 2079 νῦν
815 2026 871 2076 δὲ
902 2026 1063 2088 αὐτὸς
1099 2026 1285 2095 παρὼν
1323 2030 1350 2080 ὁ
1401 2028 1630 2096 Χριστος
1675 2029 1916 2100 ἄρῤητόν

335 2135 456 2170 τινα
487 2117 688 2186 τρόπον
723 2116 996 2187 διατίθησι
1034 2120 1129 2171 καὶ
1166 2119 1387 2172 π)ἀττει
1423 2122 1519 2184 τὰς
1553 2122 1660 2174 τῶν
1701 2120 1915 2186 ἀνθρώ-

336 2192 452 2262 πων
481 2209 683 2278 ψυχάς.
714 2208 873 2276 Λόγῳ
896 2211 1003 2280 γὰρ
1032 2213 1127 2262 καὶ
1154 2211 1468 2282 διδασκαλίᾳ
1492 2213 1586 2264 καὶ
1611 2214 1793 2282 νόμοις
1819 2215 1918 2266 οὐκ

335 2302 462 2368 ἐνῆν
495 2299 791 2367 ἀφικέσθαι
826 2303 950 2363 τοὺς
995 2301 1316 2370 ἀνθρώπους
1358 2305 1436 2364 είς
1485 2307 1543 2356 τὸ
1589 2305 1918 2375 ζητούμενον

335 2394 508 2457 τέλος.
532 2393 594 2445 Ei
621 2391 728 2462 γὰρ
756 2393 881 2461 ἐνῆν
908 2393 1108 2460 λόγοις,
1131 2395 1230 2447 οὐκ
1267 2395 1330 2447 ἂν
1372 2397 1590 2467 ἐδέησεν
1616 2398 1792 2468 ἔργων
1822 2402 1917 2452 καὶ

337 2487 541 2540 τούτων
577 2487 901 2554 ὑπερφυῶν,
935 2486 1071 2539 Θεοῦ
1108 2490 1479 2558 σαρκουμένου
1524 2494 1616 2543 καὶ
1653 2509 1916 2560 σταυρου-

342 2579 504 2647 μένου
555 2576 652 2631 καὶ
710 2577 1165 2647 ἀποθνήσκοντος.
1218 2577 1387 2633 Τοῦτο
1415 2581 1472 2634 δὲ
1509 2580 1666 2651 δῆλον
1702 2584 1919 2651 ἐγένετο

337 2670 396 2734 ἐξ
443 2671 619 2739 ἀρχῆς
664 2668 725 2733 ἐξ
773 2670 950 2722 αὐτῶν
997 2669 1105 2723 τῶν
1163 2670 1386 2740 πατρῶν
1439 2673 1571 2740 ἡμῖν
1617 2673 1716 2742 τῆς
1759 2677 1913 2728 εὐσε-

334 2763 490 2827 ϐείας
542 2767 637 2817 καὶ
680 2765 790 2816 τῶν
835 2766 1172 2818 ἀποστόλων.
1222 2765 1407 2834 Πάσης
1455 2767 1562 2837 γὰρ
1622 2768 1922 2823 ἀπολελαυ-

339 2858 494 2919 κότες
549 2857 919 2918 διδιασκαλίας
977 2857 1068 2908 καὶ
1130 2856 1300 2909 ταῦτα
1361 2857 1528 2910 αὑτοῦ
1579 2859 1673 2910 τοῦ
1733 2861 1915 2930 Σωτῆ-

343 2967 430 3017 ρος
497 2950 592 3001 καὶ
647 2948 838 3000 θεαταὶ
885 2948 1169 3016 γενόμενοι
1219 2948 1462 3013 πάντων,
1513 2953 1606 3002 καὶ
1668 2943 1742 3005 ὧν
1794 2971 1923 3006 κατ-

336 3043 490 3096 έθετο
548 3045 613 3110 τῇ
677 3041 838 3108 φύσει
893 3042 1130 3111 χαρίτων
1193 3043 1285 3095 καὶ
1337 3040 1411 3095 ὧν
1466 3044 1728 3114 ἠνέσχετο
1781 3048 1920 3117 ὑπὲρ

2015 566 2132 606 sam
2163 552 2430 607 rationem
2469 555 2524 607 in
2558 553 2738 607 anima
2781 554 3052 623 producit,
3091 555 3169 609 sic
3221 564 3274 610 et
3318 571 3585 611 amorem.

2017 643 2184 714 Igitur
2213 646 2259 698 si
2294 645 2598 700 Salvatoris
2641 645 2881 702 Charitas
2915 647 2967 700 in
3004 647 3162 704 nobis
3189 648 3327 702 nihil
3358 664 3586 713 novum,

2016 749 2116 786 nec
2145 735 2297 789 valde
2325 735 2704 790 admirandum
2732 751 2841 804 prae
2864 752 2920 792 se
2949 739 3156 800 tulerit,
3183 739 3315 792 satis
3336 749 3583 807 apparet,

2014 840 2114 880 nos
2159 827 2293 882 solis
2329 826 2398 881 de
2427 843 2492 881 eo
2524 829 2748 883 vocibus
2789 830 2989 898 potitos
3015 847 3030 884 :
3061 845 3090 884 e
3114 831 3314 900 quibus
3344 846 3584 900 quonam

2015 926 2174 984 pacto
2221 919 2358 971 bene
2405 918 2564 973 liceat
2595 934 2944 987 cognoscere,
2992 921 3079 974 cui
3117 922 3249 975 nihil
3284 931 3365 977 est
3408 923 3587 976 simile

2015 1010 2272 1076 reperire,
2311 1026 2483 1078 neque
2514 1011 2659 1080 quod
2695 1011 2768 1065 illi
2801 1021 2856 1066 et
2893 1013 3014 1066 aliis
3043 1027 3334 1069 commune
3365 1016 3457 1079 sit,
3485 1031 3588 1070 nec

2014 1101 2324 1168 exemplum
2364 1104 2430 1155 ad
2461 1104 2605 1170 quod
2645 1115 3014 1171 comparetur,
3048 1118 3224 1175 neque
3257 1107 3458 1175 quibus
3500 1107 3588 1162 ille

2015 1196 2265 1261 exemplo
2301 1195 2407 1248 sit?
2440 1195 2728 1259 Quomodo
2775 1197 2900 1250 hinc
2948 1195 3243 1253 bonitatem
3293 1200 3591 1268 perspicie-

2016 1299 2157 1344 mus.
2194 1301 2244 1340 et
2289 1295 2344 1339 ut
2390 1289 2509 1352 eius
2561 1288 2801 1342 bonitate
2834 1289 3054 1358 dignum
3088 1301 3193 1353 est,
3224 1305 3346 1344 cum
3378 1293 3590 1347 amabi-

2017 1375 2176 1428 mus?
2228 1375 2331 1440 Qui
2384 1393 2548 1445 porro
2599 1380 2735 1432 adeo
2766 1389 2974 1443 amant,
3029 1391 3086 1436 ut
3142 1393 3353 1438 natura:
3389 1384 3590 1440 finibus

2015 1468 2222 1534 egressi
2249 1469 2450 1536 majora
2473 1480 2527 1523 et
2554 1471 2810 1525 studeant
2832 1473 3063 1537 ellicerc,
3085 1485 3138 1529 et
3169 1478 3400 1544 possint,
3423 1495 3587 1548 quam

2019 1548 2283 1612 homines.
2315 1560 2397 1614 l‘as
2431 1574 2512 1616 est
2557 1563 2820 1632 cogitare,
2856 1565 2954 1620 hos
2989 1566 3102 1635 ipse
3139 1553 3372 1632 sponsus
3403 1573 3596 1626 vulne--

2019 1652 2178 1711 tavit.
2215 1652 2331 1721 ipse
2373 1654 2584 1707 radium
2628 1657 3050 1723 pulchritudinis
3075 1674 3189 1714 sua:
3221 1661 3396 1715 oculis
3443 1664 3592 1730 ipso-

2021 1756 2138 1794 rum
2173 1741 2418 1797 immisit.
2460 1743 2888 1812 Magnitudinem
2925 1747 3068 1800 enim
3107 1749 3357 1804 vulneris
3404 1751 3588 1816 telum,

2019 1843 2074 1888 et
2103 1834 2503 1889 vulneratorem
2530 1852 2686 1890 amor
2718 1839 2979 1894 declarat.
3013 1839 3077 1893 Et
3110 1842 3211 1896 hoc
3231 1858 3260 1896 a
3283 1841 3458 1898 Veteri
3485 1845 3584 1898 Te-

2020 1933 2293 1978 stamento
2318 1941 2519 1980 novum
2555 1927 2757 1991 dill'ert,
2791 1938 2844 1984 et
2877 1932 2976 1986 hoc
3012 1934 3206 1988 melius
3242 1935 3588 2007 habet,an

2022 2031 2149 2074 tunc
2184 2021 2405 2090 quidem
2439 2023 2602 2078 verba
2639 2033 2816 2089 erant,
2851 2041 2970 2094 qua:
3005 2029 3324 2083 erudirent:
3365 2039 3419 2083 at
3446 2047 3588 2087 nunc

2022 2124 2264 2177 presens
2296 2112 2414 2180 ipse
2447 2112 2700 2167 (Ihristus
2727 2113 2980 2169 ineffabili
3014 2118 3248 2184 quodam
3287 2119 3447 2173 modo
3476 2123 3588 2174 ani-

2024 2215 2138 2253 mas
2192 2211 2407 2256 tractat.
2459 2202 2720 2258 Sermone
2769 2206 2937 2270 enim.
2988 2207 3239 2262 doctrina
3289 2221 3343 2263 et
3385 2213 3593 2280 legibus

2025 2290 2274 2347 homines
2323 2294 2482 2347 linem
2513 2305 2831 2363 exoptatum
2870 2298 3136 2367 attingere
3179 2315 3284 2353 non
3320 2313 3592 2370 poterant.

2025 2383 2080 2436 Si
2113 2385 2257 2437 enim
2299 2385 2480 2438 verbis
2514 2386 2841 2453 potuissent,
2871 2389 3133 2457 eperibus
3158 2407 3263 2443 non
3291 2393 3590 2462 eguissent,

2022 2483 2075 2528 ct
2133 2475 2239 2530 illis
2293 2476 2514 2545 quidem
2573 2477 3073 2542 excellentissimis,
3129 2483 3234 2536 Deo
3288 2484 3592 2548 incarnato,

2022 2569 2301 2632 cruciﬁxo,
2353 2578 2408 2623 et
2448 2577 2687 2624 mortuo.
2735 2575 2908 2642 Atque
2952 2573 3092 2629 istuc
3144 2577 3430 2645 apostolis,
3464 2579 3593 2633 reli-

2023 2659 2200 2729 gionis
2246 2667 2446 2715 nostrze
2485 2662 2810 2730 parentibus
2859 2665 2926 2719 ab
2979 2665 3136 2720 initio
3185 2668 3397 2723 I-laruit.
3456 2671 3594 2725 Nam

2024 2767 2148 2816 eum
2195 2753 2340 2807 omni
2381 2753 2654 2818 doctrina,
2707 2763 2763 2809 et
2809 2757 3027 2825 quidem
3079 2759 3250 2827 ipsius
3300 2760 3596 2818 Salvatoris

2025 2849 2220 2904 imbuti
2269 2863 2334 2904 ac
2368 2852 2532 2920 pasti,
2559 2852 2679 2920 ejus
2719 2854 2996 2907 actionum
3071 2856 3593 2929 miraculorumque,

2023 2953 2077 2995 et
2151 2941 2560 3006 beneﬁciorum,
2610 2959 2730 3011 qua:
2798 2954 3005 3000 naturae
3063 2957 3264 3001 nostrae
3321 2953 3593 3018 priest-tit,

2027 3045 2364 3104 spectatores
2402 3035 2525 3089 lacti
2564 3047 2770 3102 essent,
2810 3054 3040 3107 quaeque
3093 3040 3374 3096 hominum
3426 3057 3596 3099 causa

333 3135 440 3186 τῶν
479 3132 803 3202 ἀνθρώπων,
859 3134 951 3185 καὶ
1004 3132 1078 3195 ὼς
1126 3134 1412 3188 ἀποθανὼν
1460 3135 1700 3204 ἁνεϐίον,
1730 3142 1821 3192 καὶ
1847 3144 1918 3205 ὡς

2028 3128 2317 3191 sustinuit,
2365 3138 2418 3181 et
2463 3127 2612 3181 illius
2668 3129 2720 3181 in
2769 3130 2929 3183 vitam
2995 3131 3261 3198 reditum,
3318 3134 3371 3190 in
3425 3139 3596 3193 cmlos

337 3226 661 3293 κατειλήφει
702 3223 792 3282 τὸν
821 3225 1050 3294 οὐρανόν
1069 3239 1082 3254 °
1113 3225 1205 3278 καὶ
1235 3225 1406 3279 ταῦτα
1459 3227 1636 3281 πάντα
1669 3247 1920 3302 καταμαο

336 3318 524 3380 θέντες
553 3318 699 3386 ὅμως
721 3317 873 3370 οὐδὲν
901 3317 1083 3370 καινὸν
1105 3317 1226 3370 οὐδὲ
1258 3321 1506 3386 γενναῖον
1532 3321 1651 3374 οὐδὲ
1676 3339 1920 3392 πνευμα-

337 3411 490 3464 τικὸν
539 3409 660 3462 οὐδὲ
711 3409 805 3461 τοῦ
863 3408 1093 3461 παλαιοῦ
1147 3408 1357 3476 βέλτιον
1403 3411 1770 3478 ἐπεδείξαντο,
1815 3414 1918 3472 ἕως

341 3501 734 3555 ἐδαπτίσαντο.
767 3501 1067 3570 Γενομένου
1097 3501 1153 3553 δὲ
1192 3502 1376 3565 αὐτοῖς
1409 3503 1503 3557 τοῦ
1545 3503 1921 3577 βαπτίσματος

340 3597 432 3648 καὶ
464 3593 558 3647 τοῦ
588 3593 948 3664 Παρακλήτου
985 3595 1102 3655 ταῖς
1131 3593 1333 3662 ψυχαῖς
1371 3595 1553 3647 αὐτῶν
1583 3597 1921 3666 ἐμπεσόντος

339 3687 493 3739 αὐτοί
517 3703 577 3738 τε
607 3686 856 3753 ἐγένοντο
882 3684 1062 3738 καινοὶ
1087 3686 1179 3736 καὶ
1206 3684 1351 3754 ζωῆς
1378 3687 1703 3741 ἐπελάϐοντο
1725 3692 1920 3760 καινῆς

341 3779 437 3831 καὶ
483 3778 595 3838 τοῖς
646 3775 826 3837 ἄλλοις
886 3775 1183 3846 ἡγήσαντο,
1233 3778 1326 3828 καὶ
1373 3779 1464 3830 τὸν
1503 3781 1630 3848 περὶ
1686 3780 1922 3848 Χριστὸν

343 3867 507 3921 πόθον
542 3870 638 3919 καὶ
679 3866 890 3928 ἑαυτοῖς
931 3867 1025 3918 καὶ
1060 3867 1172 3929 τοῖς
1213 3867 1394 3929 ἄλλοις
1435 3869 1666 3936 ἀνῆψαν.
1707 3871 1766 3922 Εί
1813 3874 1921 3942 γὰρ

345 3963 438 4014 καὶ
480 3958 560 4028 τῷ
602 3958 738 4028 ἡλίῳ
778 3958 1032 4027 παρῆσαν
1073 3958 1168 4008 καὶ¹
1206 3957 1416 4026 διαίτης
1463 3958 1784 4011 ἐκοινώνουν
1829 3966 1922 4016 καὶ

344 4052 542 4119 λόγων,
589 4050 703 4103 ἀλλ’
745 4044 814 4119 ἦν
845 4047 1100 4116 αἴσθησις
1129 4048 1311 4109 αὐτοῖς
1353 4047 1455 4114 τῆς
1489 4049 1703 4110 ἀκτῖνος
1741 4050 1916 4117 οὔπω,

347 4145 423 4216 μὴ
457 4143 775 4212 δεξαμένοις
813 4141 871 4192 τὸ
906 4139 1278 4208 πνευματικὴν
1322 4142 1496 4193 ἐκεῖνο
1539 4140 1788 4212 λουτρὸν,
1829 4145 1920 4195 τὸν

350 4238 463 4289 ἴσον
493 4236 560 4304 δὴ
587 4235 786 4304 τρόπον
834 4234 927 4285 καὶ
960 4232 1084 4296 τοὺς
1122 4230 1310 4301 ἁγίους
1343 4230 1470 4299 ἐξῆς
1509 4231 1756 4297 ἅπαντας
1801 4235 1917 4288 ira.

349 4332 576 4384 λείωσεν
605 4331 634 4381 ὁ
653 4327 784 4389 Θεὸς
802 4342 817 4357 ⁸
851 4326 945 4378 καὶ
974 4325 1292 4392 ἐπέγνωσαν
1317 4325 1482 4378 αὑτὸν
1513 4325 1606 4380 καὶ
1636 4326 1921 4396 ἐφίλησαν,

343 4424 405 4476 ού
446 4423 626 4489 λόγοις
663 4416 1109 4489 παρακληθέντες
1160 4416 1358 4484 ψιλοῖς,
1393 4417 1530 4471 ἀλλὰ
1563 4421 1629 4488 τῇ
1668 4420 1761 4472 τοῦ
1802 4422 1924 4472 λου-

343 4511 725 4582 τροῦλδυνὰμει
749 4508 1108 4571 διατεθέντες,
1136 4507 1300 4561 αὑτοῦ
1329 4508 1656 4573 πλάττοντος
1687 4513 1782 4564 καὶ
1802 4512 1920 4564 δια-
1953 4490 1998 4547 D

345 4605 586 4667 τιθέντος
620 4601 714 4656 τοῦ
733 4601 1077 4670 φιλουμένου,
1117 4599 1175 4662 δς
1199 4600 1371 4664 κτίζει
1406 4600 1630 4668 καρδίαν
1665 4602 1918 4671 σαρκίαν,

344 4695 446 4763 τὴν
483 4691 846 4759 ἀναισθησίαν
875 4690 1175 4754 ἐκϐάλλων,
1213 4691 1311 4742 καὶ
1339 4691 1538 4758 γράφει
1576 4693 1694 4759 μὲν,
1734 4692 1848 4744 ἀλλ’

348 4803 479 4855 φησι
511 4782 726 4846 Παῦλος
753 4798 764 4814 ν
802 4802 819 4833 ι
853 4784 954 4836 οὐκ
981 4783 1038 4834 ἐν
1060 4781 1222 4845 πλαξὶ
1245 4780 1496 4846 λιθίναις,
1534 4782 1646 4833 ἀλλ’
1673 4785 1730 4834 ἐν
1757 4783 1920 4847 πλαξὶ

348 4877 579 4947 καρδίας
612 4875 924 4943 σαρκίναις,
952 4893 970 4924 ι
1013 4871 1107 4925 καὶ
1133 4873 1194 4926 οὐ
1232 4873 1394 4941 νόμον
1424 4873 1630 4934 ἁπλῶς,
1666 4874 1799 4927 ἀλλὰ
1829 4875 1919 4927 τὸν

344 4968 642 5038 νομοθέτην
667 4967 848 5029 αὐτὸν,
867 4967 1026 5030 αὐτὸς
1053 4963 1263 5017 ἑαυτόν.
1283 4964 1453 5016 Τοῦτο
1487 4964 1541 5018 δὲ
1572 4966 1784 5028 πολλοῖς
1813 4965 1919 5019 τῶν

349 5061 521 5126 ἁγίων
555 5060 650 5112 καὶ
692 5057 1047 5128 φανερώτατα
1089 5056 1377 5125 διεδείχθη,
1417 5054 1510 5118 οὓς
1534 5057 1695 5126 ομήτε
1741 5055 1918 5124 λόγοις

345 5151 576 5220 τάληθὲς
613 5149 804 5219 μαθεῖν
849 5143 1198 5219 δυνηθέντας,
1242 5148 1376 5218 μήτε
1406 5147 1649 5217 θαύμασι
1692 5148 1791 5217 τὴν
1822 5147 1917 5201 τοῦ

347 5243 756 5312 κηρυττομένου
776 5240 1002 5308 δύναμιν
1030 5240 1349 5306 ὲπιγνόντας
1378 5240 1734 5309 Χριστιανοὺς
1765 5241 1920 5310 ἀκριο

348 5332 466 5395 δεῖς
499 5332 696 5402 ἀθρόον
729 5329 977 5394 ἀπέδειξε
1009 5328 1304 5399 δεξάμενον
1334 5331 1393 5381 τδ
1424 5329 1668 5397 λουτρόν.

420 5424 731 5492 Πορφύριος
763 5422 893 5490 γοῦν
919 5427 945 5474 ὁ
974 5422 1244 5490 μακάριος
1277 5422 1368 5472 ἐπὶ
1399 5421 1505 5472 τῶν
1536 5420 1750 5489 καιρῶν
1772 5424 1923 5484 γενό..

349 5531 508 5582 μενος
557 5515 808 5576 ἐκείνων,
836 5518 892 5566 ἐν
941 5509 1022 5576 οἷς
1055 5515 1082 5566 ὁ
1129 5513 1220 5566 τοῦ
1254 5513 1492 5579 Χριστοῦ
1525 5512 1688 5582 νόμος
1731 5512 1911 5581 πάσης

348 5607 569 5675 ἐκράτει
591 5609 690 5676 τῆς
716 5607 1065 5675 οἰκουμένης,
1097 5608 1189 5656 καὶ
1213 5605 1308 5671 τῆς
1346 5604 1441 5672 μὲν
1471 5604 1652 5671 φωνῆς
1684 5603 1790 5656 τῶν
1818 5620 1916 5668 κη·

423 5786 490 5816 ἠ’
533 5785 728 5838 Ezech.
761 5801 836 5844 xi,
881 5785 980 5848 19;
1011 5783 1148 5838 Pszll.
1189 5802 1240 5848 ιι,
1285 5786 1368 5838 1°2-

675 5880 940 5937 l’ATnUL.
985 5881 1099 5938 (in.
1143 5883 1266 5940 CL.

1445 5785 1490 5815 ⁷⁸
1533 5782 1571 5837 ll
1602 5783 1724 5836 Cor.
1770 5797 1849 5847 ιιι,
1891 5781 1944 5834 5.

2024 3235 2310 3275 ascensum
2344 3220 2626 3279 vidissent,
2669 3236 2814 3284 eum,
2851 3221 3100 3290 inquam,
3147 3225 3261 3280 lucc
3291 3229 3475 3282 omnia
3509 3231 3595 3284 di-

2021 3312 2304 3374 dicissent,
2351 3310 2483 3363 nihd
2545 3322 2726 3364 tamen
2776 3327 2998 3376 novum,
3055 3315 3188 3368 nihil
3247 3333 3594 3387 generosum,

2022 3404 2158 3458 nihil
2195 3404 2499 3474 spiritualc,
2537 3419 2637 3458 nec
2664 3413 2940 3458 vetustate
2980 3407 3173 3463 melius
3208 3417 3592 3466 ostentarunt:

2021 3497 2195 3550 donec
2236 3495 2511 3565 baptismo
2553 3497 2711 3550 tincti
2755 3507 2905 3562 sunt,
2955 3513 3062 3567 quo
3093 3491 3310 3570 adepto,
3342 3513 3395 3557 et
3425 3499 3597 3557 Para-

2022 3590 2165 3643 cleto
2210 3604 2400 3642 eorum
2433 3589 2631 3644 animis
2656 3589 2871 3658 illapso,
2900 3599 2952 3644 et
2993 3591 3094 3660 ipsi
3125 3603 3419 3648 evaserunt
3445 3597 3594 3659 novi,

2021 3693 2076 3737 et
2124 3685 2286 3736 vitam
2335 3698 2528 3737 novam
2578 3684 3078 3754 apprehenderunt,
3135 3694 3189 3740 et
3230 3689 3442 3744 exteris
3472 3704 3595 3744 sese

2022 3774 2188 3826 duces
2228 3772 2279 3824 in
2335 3787 2398 3827 ea
2448 3773 2820 3842 praebuerunt,
2854 3773 3171 3844 Christique
3216 3792 3456 3833 amorem
3491 3780 3599 3835 sibi

2021 3872 2077 3918 et
2124 3864 2246 3918 aliis
2289 3866 2699 3935 implicueruut.
2750 3865 3075 3936 Quanquam
3129 3868 3274 3923 enim
3309 3886 3434 3925 cum
3485 3873 3598 3926 sole

2025 3957 2404 4017 versabantur,
2441 3970 2547 4008 non
2592 3957 3116 4024 tamen,spiritualis
3165 3959 3370 4013 lavacri
3419 3961 3600 4017 adhuc

2023 4053 2292 4112 expertes,
2332 4045 2542 4098 radium
2595 4046 2926 4100 sentiebant.
2966 4046 3046 4100 Ad
3088 4049 3338 4102 eumdem
3377 4052 3595 4104 modum

2021 4149 2075 4190 et
2104 4145 2325 4190 sanctos
2349 4136 2610 4205 deinceps
2643 4151 2835 4191 omnes
2863 4136 3091 4206 perfecit
3118 4137 3281 4200 Deus,
3308 4151 3360 4194 et
3385 4155 3594 4211 cogno-

2023 4238 2220 4282 verunt
2249 4243 2398 4291 cum,
2431 4237 2484 4281 et
2522 4227 2866 4281 dilexerunt:
2902 4243 3008 4282 non
3038 4231 3385 4287 sermonibus
3437 4235 3597 4289 nudis

2024 4324 2226 4386 allecti,
2250 4324 2343 4376 sed
2375 4322 2576 4377 lavacri
2605 4323 2805 4378 virtute
2836 4327 3150 4394 praeparati,
3182 4327 3302 4396 ipso
3325 4326 3602 4385 l‘ormante

2025 4430 2078 4471 et
2123 4426 2367 4483 aptante,
2413 4419 2504 4485 qui
2546 4416 2810 4486 diligitur,
2850 4419 2942 4487 qui
2997 4434 3092 4474 cor
3122 4421 3387 4476 mundum
3423 4433 3600 4489 creat,

2025 4518 2077 4563 et
2103 4508 2280 4561 aufert
2314 4506 2611 4576 lapideum,
2649 4517 2702 4561 et
2748 4510 2964 4577 reponit
3001 4525 3283 4578 carneum,
3318 4521 3600 4583 stuporem

2023 4599 2246 4668 ejiciens
2266 4598 2358 4651 η’.
2405 4599 2467 4650 Et
2498 4599 2688 4654 scribit
2734 4602 2976 4669 quidem,
3035 4618 3252 4670 verum,
3297 4614 3355 4658 ut
3403 4605 3602 4660 Paulus

2026 4693 2122 4755 ait,
2184 4709 2201 4741 ι
2241 4706 2345 4743 non
2381 4690 2432 4742 in
2461 4690 2659 4745 tabulis
2689 4692 2939 4760 lapideis,
2976 4694 3071 4747 sed
3102 4695 3153 4747 in
3187 4695 3384 4749 tabulis
3415 4697 3601 4750 cordis

2026 4781 2429 4845 earnalibus",
2460 4799 2478 4831 ι
2515 4791 2569 4834 et
2624 4797 2732 4835 non
2788 4782 2960 4852 legem
3016 4784 3358 4852 simpliciter,
3397 4788 3491 4840 sed
3526 4787 3602 4840 le-

2027 4868 2341 4942 gislatorem
2381 4873 2579 4942 ipsum,
2620 4873 2736 4942 ipse.
2769 4876 3143 4944 semetipsum.
3184 4873 3296 4931 Hoc
3323 4877 3377 4932 in
3412 4880 3598 4932 multis

2029 4975 2367 5027 sanctorum,
2391 4965 2943 5035 inanil‘estissimeque
2969 4978 3308 5035 perspectum
3337 4978 3440 5033 est,
3464 4985 3602 5040 quos

2030 5071 2152 5109 cum
2210 5071 2386 5123 neque
2437 5056 2616 5111 verbis
2669 5056 2948 5110 veritatem
2997 5057 3207 5111 discere
3273 5061 3599 5126 potuissent,

2031 5163 2129 5200 nec
2194 5147 2473 5200 miraculis
2537 5145 2840 5200 absconditi
2905 5146 3158 5200 virtutem
3217 5163 3598 5218 agnoscerem,

2029 5246 2339 5305 susceptum
2409 5237 2681 5291 lavacrum
2735 5233 3083 5291 Christianos
3152 5241 3602 5307 przeelarissimos

2033 5330 2213 5385 subito
2236 5329 2646 5383 demonstravit.

2100 5420 2302 5475 Beatus
2345 5422 2524 5487 itaque
2572 5419 2900 5490 Porphyrius
2931 5437 3054 5475 eum
3107 5423 3216 5476 illis
3267 5423 3601 5492 temporibus

2031 5513 2252 5575 viveret,
2283 5512 2482 5580 quibus
2513 5511 2716 5567 Christi
2753 5513 2836 5566 lex
2871 5521 3041 5567 totum
3074 5516 3259 5568 orbem
3296 5513 3596 5580 subigebat,

2026 5615 2449 5670 prar-onunique
2502 5593 2783 5654 sacroriim
2824 5617 3006 5655 vocem
3048 5603 3306 5656 mortales
3357 5597 3598 5654 universi

3196 5869 3270 5930 18
