4158 6306
627 375 746 443 5ῧ5

1861 376 2171 438 NlCOLAl
2212 379 2297 438 CA
2315 379 2601 439 BASIL/‘E

3769 389 3868 446 556

631 491 910 556 audirent,
941 500 993 546 et
1030 490 1337 562 martyr—iris
1355 489 1748 546 certaminibus
1775 500 1974 562 tropzea
2012 492 2187 561 ubiqu

2288 544 2290 551 ,
2321 494 2502 562 ρύκων
2531 497 2770 565 ἥκουσαν
2802 496 3080 567 ἄνθρωποι
3121 497 3343 564 πάντες,
3375 497 3612 569 τρόπαιι
3643 495 3700 549 δὲ
3733 515 3870 566 pap-

629 591 1024 645 statuerentur,
1055 596 1176 651 qum
1208 583 1514 637 evidentius
1542 595 1704 650 quam
1733 595 1831 635 vox
1866 583 2008 652 ipsa,
2041 581 2196 636 Chri-

627 686 714 731 διο
743 659 868 729 vere
895 675 1116 730 deitatis
1146 676 1514 730 testimonium
1545 678 1756 742 darent,
1796 688 1920 729 cum
1959 675 2202 743 Evange-

627 764 759 820 lium
787 767 986 822 millies
1024 767 1342 832 audivisset,
1375 776 1562 835 totque
1597 758 2020 822 fortissimorum
2055 767 2200 820 mili-

626 865 764 919 tum,
792 869 846 912 et
873 857 1262 912 miraculorum
1294 863 1569 927 Spectator
1600 857 1817 922 luisset,
1842 858 2202 913 nihilominus

625 948 681 1000 in
713 962 902 1002 errore
933 962 1284 1016 permanens,
1328 947 1674 1002 mendacium
1714 947 1929 1003 veritati
1974 957 2201 1018 antepo~

593 1035 806 1089 nebat.
836 1037 1128 1104 Postquam
1166 1050 1316 1100 vero,
1355 1036 1516 1106 idque
1545 1050 1640 1104 per
1668 1035 1855 1090 ludum
1892 1035 2200 1105 baptizatus

623 1134 728 1189 est,
763 1141 870 1180 non
901 1126 1248 1182 Christianus
1287 1127 1462 1182 solum
1494 1127 1640 1183 illico
1677 1137 1763 1183 est
1819 1127 2081 1195 redditus,
2107 1129 2200 1183 sed

623 1217 690 1270 ad
726 1218 971 1285 ipsorum
999 1233 1218 1288 quoque
1251 1229 1554 1290 martyrum
1585 1223 1904 1276 societatem
1934 1235 2197 1290 aggrega-

623 1317 736 1362 tus.
778 1307 976 1363 Mimus
1010 1309 1154 1363 enim
1182 1325 1307 1363 cum
1337 1319 1504 1376 esset,
1542 1319 1598 1366 et
1624 1326 1740 1366 cam
1783 1323 1952 1365 artem
1989 1310 2199 1366 factita-

623 1407 724 1461 ret,
758 1412 865 1452 non
899 1398 1167 1454 dubitavit
1205 1399 1346 1456 hanc
1371 1416 1590 1472 quoque
1631 1403 1924 1457 audaciam
1975 1403 2196 1467 audere,

620 1499 679 1540 ιιι
713 1489 884 1542 risum
918 1491 1259 1547 conciliaret.
1299 1492 1368 1547 Et
1409 1494 1682 1562 baptismo
1720 1494 2003 1559 illudebat,
2032 1509 2198 1565 seque

619 1580 673 1631 in
708 1579 921 1634 theatro
948 1579 1001 1633 in
1029 1594 1230 1649 aquam
1265 1583 1616 1652 immergcns,
1655 1580 1979 1636 Trinitatem
2012 1585 2192 1638 excla-

621 1671 821 1723 mabat.
851 1671 928 1725 Ac
953 1681 1287 1739 spectatores
1307 1674 1554 1741 quidem,
1581 1673 1784 1742 quibus
1814 1673 2002 1727 drama
2028 1673 2195 1727 daba-

618 1769 728 1825 tur,
759 1761 1088 1816 cachinnum
1127 1763 1393 1817 tollebant
1430 1779 1446 1817 :
1478 1773 1562 1818 ast
1606 1763 1687 1818 illi
1713 1763 1823 1833 jam
1857 1778 1962 1818 non
1993 1765 2197 1819 ridicu-

618 1850 729 1904 lum
773 1867 870 1906 nec
901 1853 1180 1908 scenicum
1227 1862 1346 1909 erat
1390 1856 1536 1923 quod
1575 1856 1862 1925 agebatur,
1899 1857 1992 1911 sed
2030 1870 2195 1924 gene-

609 1941 761 1995 ratio
794 1958 1006 2008 revera,
1037 1954 1090 1998 et
1113 1944 1456 2012 reformatio,
1487 1955 1543 2001 et
1576 1946 1813 2017 idipsum
1845 1949 2188 2018 mysterium,

617 2033 763 2098 quod
797 2032 1004 2102 alioqui
1051 2042 1158 2093 est.
1206 2033 1388 2088 Exivit
1419 2036 1562 2090 enim
1600 2051 1697 2106 pro
1743 2039 1912 2093 mimo
1955 2039 2190 2094 animam

618 2137 811 2188 gerens
860 2124 1229 2194 martyricam,
1285 2139 1487 2194 corpus
1540 2127 2080 2196 praeclarum,‘vclut
2123 2130 2191 2186 ad

618 2215 1019 2284 philosophiam
1094 2225 1147 2271 et
1200 2217 1416 2272 labores
1481 2220 1864 2284 exercitatum,
1925 2221 2192 2292 linguam,

613 2322 735 2375 qua:
760 2322 858 2376 pro
891 2308 1007 2363 risu
1041 2309 1255 2380 tyranni
1281 2309 1420 2364 iram
1455 2318 1802 2379 provocarat.
1831 2311 1895 2366 Et
1920 2312 1990 2367 ita
2013 2314 2190 2368 serius

615 2397 718 2450 fuit
751 2398 860 2462 ille,
892 2399 984 2466 qui
1017 2414 1111 2469 per
1139 2399 1305 2454 vitam
1335 2383 1596 2456 actitabat
1623 2402 2188 2472 ludicra,tantamque

616 2499 835 2559 propter
885 2491 1165 2547 Christum
1202 2492 1542 2548 alacritatem
1579 2494 1848 2560 adhibuit,
1897 2505 1955 2548 ut
2003 2496 2189 2553 multis

612 2581 955 2636 cruciatibus
1001 2583 1301 2646 exhaustis,
1360 2583 1537 2639 libens
1595 2594 1920 2652 moreretur,
1980 2594 2035 2642 ct
2090 2602 2190 2644 nec

612 2669 794 2739 lingua
825 2671 1101 2741 proderet,
1140 2688 1302 2743 quem
1335 2664 1574 2729 amabat.

685 2758 778 2814 Sic
833 2759 998 2816 etiam
1060 2760 1312 2819 Gelasius
1381 2763 1656 2820 Christum
1713 2765 1936 2834 dilexit,
1993 2769 2187 2824 simili-

613 2858 805 2919 terque
831 2851 1088 2922 cognovit
1119 2862 1202 2919 et,
1238 2861 1296 2909 ut
1328 2864 1573 2924 apparet,
1605 2864 1836 2927 uterque
1865 2860 2045 2914 animo
2083 2860 2186 2915 ini-

611 2942 754 2997 mico
811 2951 867 2997 et
908 2944 1099 3022 hostili.
1139 2947 1392 3001 accessit.
1451 2947 1556 3002 Sed
1643 2957 1929 3019 postquam
1989 2952 2184 3007 anima:

611 3037 830 3090 oculum
865 3036 941 3091 illi
972 3040 1207 3107 aperuit,
1242 3040 1335 3109 qui
1389 3043 1824 3113 oppugnabatur,
1869 3061 2023 3101 suam
2065 3049 2183 3116 pul-

2307 589 2550 654 τυρικοίς
2596 587 2807 656 ἀγῶσιν
2853 589 3130 658 ἐπήγνυτο
3171 587 3450 658 πανταχοῦ
3493 586 3678 657 φωνῆς
3740 587 3872 656 λαμ-

2309 680 2576 749 πρότερον
2628 680 2708 748 τῷ
2753 681 2976 750 Χριστῷ
3021 681 3119 751 τὴν
3166 681 3342 750 ἀληθῆ
3383 680 3615 749 θεότητα
3663 697 3874 752 μαρτυο

2310 771 2532 834 ροῦντα,
2565 774 2663 824 καὶ
2700 773 2914 842 μυρίων
2964 773 3063 842 μὲν
3092 772 3334 836 ἀκούσας
3368 773 3567 841 λόγων,
3604 775 3874 828 τοσοῦτων

2303 865 2360 918 δὲ
2386 865 2655 933 ἀριστέων
2689 864 2783 916 καὶ
2813 863 3105 934 θαυμάτων
3131 865 3440 934 γενόμενος,
3475 865 3694 935 θεατὴς,
3726 867 3876 932 ὅμως

2303 958 2460 1026 ἔμενε
2515 955 2869 1025 πλανώμενος
2899 955 2993 1009 καὶ
3032 958 3093 1009 τὸ
3120 955 3319 1025 ψεῦδος
3347 960 3445 1027 τῆς
3483 957 3744 1028 ἀληθείας
3773 957 3873 1028 έμ-

2305 1048 2542 1115 προσθεν
2563 1048 2735 1117 ἄγων.
2756 1050 2910 1102 Ἐπεὶ
2931 1049 2986 1102 δὲ
3005 1049 3329 1120 ἐϐαπτίσθη,
3348 1048 3615 1102 καὶτοῦτο
3638 1050 3873 1116 παίζων,

2303 1142 2362 1192 οὐ
2393 1140 2720 1210 Χριστιανὸς
2749 1136 2819 1211 ἦν
2852 1140 3012 1204 εὐθὺς
3051 1143 3236 1210 μόνον,
3266 1140 3403 1194 ἀλλὰ
3447 1141 3541 1193 καὶ
3584 1141 3665 1202 είς
3709 1140 3874 1192 αὑτὸν

2301 1231 2395 1284 τὸν
2442 1233 2549 1284 τῶν
2604 1235 2900 1302 μαρτύρων
2934 1233 3149 1286 ἐτέλεσε
3182 1232 3366 1304 χορόν.
3411 1231 3523 1286 Kal
3566 1233 3674 1300 γὰρ
3707 1232 3874 1301 μῖμος

2301 1322 2377 1376 ὣν
2411 1325 2506 1376 καὶ
2538 1324 2684 1377 τοῦτ’
2710 1326 2840 1378 αὐτὸ
2874 1326 3200 1396 ποιούμενος
3233 1325 3419 1394 ἔργον,
3456 1323 3725 1394 ἐτόλμησε
3775 1325 3873 1376 καὶ
3903 1370 3911 1392 ι

2301 1413 2505 1481 ταύτην
2526 1413 2626 1480 τὴν
2646 1413 2870 1483 τόλμαν,
2892 1415 2966 1476 ὡς
2999 1415 3060 1484 δὴ
3109 1414 3320 1480 γέλωτα
3339 1417 3460 1484 κινή
3470 1432 3597 1474 σων,
3617 1415 3709 1466 καὶ
3739 1431 3873 1480 προ-

2303 1502 2520 1570 σέπαιξε
2543 1503 2602 1556 τὸ
2622 1502 2844 1572 λουτρὸν
2863 1543 2880 1569 ,
2913 1507 3004 1557 καῖ
3029 1503 3324 1558 ἐϐάπτισεν
3372 1506 3564 1556 ὲαυτ³.ν
3599 1511 3676 1568 εις
3703 1503 3871 1571 ὕδωρ,

2301 1595 2491 1657 καθεὶς
2520 1595 2614 1647 ἐπὶ
2641 1595 2734 1649 τοῦ
2764 1594 2998 1664 θεάτρου
3030 1595 3132 1662 τὴν
3163 1596 3372 1665 Τριάδα
3401 1596 3733 1666 ἀναϐοήσας.
3763 1599 3872 1650 Kal

2297 1687 2348 1739 οί
2387 1686 2486 1755 μὲν
2532 1686 2756 1754 ἐγέλων,
2811 1683 2892 1750 οἷς
2933 1687 3276 1740 ἐπεδείκνυτο
3309 1686 3371 1740 τὸ
3413 1688 3620 1760 δρᾶμα,
3672 1690 3752 1758 τῷ
3814 1687 3871 1740 δὲ

2297 1779 2480 1832 οὐκέτι
2527 1780 2700 1858 γέλως
2730 1776 2799 1851 ἦν
2847 1780 2965 1834 οὐδὲ
3015 1780 3188 1850 σκηνὴ
3217 1780 3283 1833 τὰ
3318 1781 3581 1850 παρόντα,
3631 1782 3751 1833 ἀλλ’
3796 1782 3871 1844 ὡς

2296 1871 2513 1940 άληθῶς
2535 1873 2790 1942 γέννησις
2815 1875 2911 1926 καὶ
2939 1875 3246 1936 ἀνάπλασις
3266 1872 3359 1925 καὶ
3385 1871 3531 1924 τοῦτ’
3554 1873 3706 1931 αὐτὸ.
3730 1873 3870 1942 ὅπερ

2297 1961 2418 2014 ἐστὶ
2460 1962 2520 2016 τὸ
2557 1965 2878 2034 μυστήριον.
2920 1965 3142 2034 Ἐξῆλθε
3169 1965 3276 2034 γὰρ
3315 1965 3438 2019 ἀντὶ
3485 1965 3655 2035 μίμου
3687 1965 3869 2034 ψυχὴν

2294 2051 2435 2120 ἔχων
2486 2055 2856 2124 μαρτυρικὴν,
2890 2054 3051 2124 σῶμα
3082 2055 3330 2123 γενναῖον
3377 2054 3568 2126 ὥσπερ
3599 2056 3679 2118 είς
3716 2056 3867 2120 φιλο-

2293 2143 2486 2210 σοφίαν
2514 2145 2830 2214 ἠσκημένον
2858 2147 2950 2198 καὶ
2974 2147 3191 2211 πόνους,
3216 2146 3467 2214 γλῶσσαν
3491 2145 3868 2214 ἐφελκομένην

2291 2235 2413 2289 ἀντὶ
2441 2235 2679 2303 γέλωτος
2711 2237 2980 2306 τυράννου
3011 2236 3186 2305 θυμόν
3209 2252 3226 2269 ο
3275 2237 3371 2291 καὶ
3399 2237 3571 2300 οὓτως
3599 2238 3869 2290 ἐσπούδα-

2292 2341 2384 2378 σεν
2417 2329 2444 2378 ὀ
2472 2325 2559 2380 διὰ
2595 2326 2714 2397 βίου
2749 2326 2963 2389 παίζων
3003 2327 3232 2394 ἐκεῖνος,
3287 2327 3383 2380 καὶ
3425 2326 3563 2380 οὕτω
3610 2327 3738 2396 περὶ⁵
3771 2326 3866 2378 τὸν
3933 2353 3941 2362 ·

2289 2417 2523 2486 Χριστὸν
2572 2416 2960 2488 προὺθυμήθη,
3011 2418 3155 2470 ὥστε
3229 2417 3440 2473 πολλῶν
3491 2419 3866 2488 ἀνασχόμενος

2291 2506 2542 2577 βασάνων
2597 2509 2770 2577 ἡδέως
2823 2509 3192 2581 ἀπέθνησκεν,
3233 2510 3322 2564 ἵνα
3365 2511 3499 2581 μηδέ
3530 2514 3596 2581 τῇ
3639 2511 3861 2583 γλώττῃ

2288 2599 2470 2672 προδῷ
2491 2601 2551 2653 τὸ
2571 2600 2812 2672 φίλτρον.

2359 2775 2521 2832 Οὕτω
2582 2776 2678 2830 καὶ
2747 2775 3001 2839 Γελάσιος
3048 2779 3140 2829 τὸν
3185 2775 3419 2848 Χριστὸν
3481 2775 3701 2846 ἐφίλησε
3761 2779 3867 2832 καὶ

2284 2867 2470 2921 τοῦτον
2498 2867 2640 2935 ἔγνω
2663 2857 2754 2920 τὸν
2774 2866 2997 2938 τρόπὸν.
3021 2869 3132 2921 Kal
3151 2867 3226 2931 ὡς
3253 2867 3422 2933 ἐοικε,
3452 2869 3724 2939 προσῆλθε
3755 2870 3861 2940 μὲν

2285 2959 2542 3028 ἑκάτερος
2585 2961 2796 3030 ἐχθρῶς
2846 2960 2986 3031 ἔχων
3021 2961 3118 3015 καὶ
3150 2960 3465 3030 πολεμίωςο
3493 2964 3615 3015 ἐπεὶ
3650 2964 3705 3016 δὲ
3758 2965 3858 3019 τὸν

2281 3050 2563 3119 ὀφθαλμὸν
2591 3051 2742 3121 αὐτῷ
2774 3051 2872 3120 τῆς
2905 3051 3087 3122 ψυχῆς
3124 3051 3361 3121 ἀνέῳξεν
3387 3054 3415 3104 ό
3443 3053 3859 3124 πολεμούμενος

615 3125 985 3180 ehritudinem
1012 3127 1063 3182 ei
1107 3127 1524 3198 demonstravit,
1559 3133 1706 3189 illico
1753 3151 1916 3206 super
1946 3138 2185 3196 bonitate

2288 3141 2382 3194 καὶ
2419 3141 2522 3210 τὴν
2557 3141 2767 3194 οἰκείαν
2811 3141 3015 3208 ἔδειξεν
3049 3141 3226 3212 ὥραν,
3257 3142 3451 3211 ἐξέστη
3485 3161 3544 3196 τε
3576 3146 3734 3207 εὐθὺς
3763 3149 3861 3201 ἐπὶ

612 3207 1044 3284 obstupefaétus,
1082 3217 1241 3289 longe
1274 3219 1710 3280 diversissimum
1742 3242 1960 3284 sensum
1984 3247 2094 3301 prae
2127 3249 2186 3289 se

610 3304 758 3369 tulit,
793 3315 847 3359 et
891 3321 991 3375 pro
1023 3309 1178 3365 hoste
1225 3311 1596 3371 amicissimus
1633 3319 1828 3372 evasit.
1870 3319 1999 3375 Erat
2038 3326 2184 3380 enim

613 3408 766 3446 amor
796 3393 882 3448 ille
903 3396 1165 3462 exstasis,
1199 3399 1327 3468 quia
1362 3416 1391 3454 a
1423 3417 1481 3457 se
1503 3417 1691 3475 captos
1724 3419 1874 3464 extra
1916 3411 2053 3467 ﬁnes
2087 3417 2184 3469 hu-

609 3499 804 3540 manos
863 3489 1255 3545 constituebat.
1312 3491 1379 3548 Et
1456 3494 1562 3551 hoc
1621 3499 1824 3557 docens
1867 3508 2180 3579 propheta,

615 3592 634 3626 ι
685 3575 844 3630 Sicut
904 3578 1336 3648 obstupuerunt,
1394 3583 1592 3654 inquit,
1663 3604 1830 3660 super
1867 3575 1944 3647 'te
2005 3597 2181 3664 multi,

613 3665 850 3736 (quando
868 3684 1032 3736 super
1057 3685 1222 3725 cruce
1255 3681 1310 3726 et
1335 3683 1510 3729 morte
1531 3675 1808 3734 Christum
1837 3682 2180 3756 alloquitur),

610 3756 692 3809 sic
751 3758 1016 3828 inglorius
1067 3769 1187 3814 erat
1235 3761 1380 3818 inter
1428 3765 1574 3823 viros
1620 3783 1874 3842 aspectus
1926 3784 2077 3844 tuus,
2129 3787 2182 3834 et

611 3843 784 3900 iorma
816 3857 907 3903 tua
941 3847 1084 3904 inter
1113 3849 1253 3907 lilios
1295 3854 1578 3913 hominum
1604 3861 1668 3917 ".
1701 3879 1722 3914 ι

677 4025 936 4080 Ardalion
980 4038 1165 4084 autem
1211 4030 1444 4103 insignis
1495 4035 1776 4110 ille,;ipse
1817 4058 2034 4115 quoque
2078 4064 2179 4120 pro

607 4116 715 4171 alio
768 4117 1004 4183 ludicro,
1049 4135 1161 4190 quo
1219 4135 1530 4194 spectantes
1579 4131 1824 4200 jucunde
1871 4116 2174 4206 recreabat,

608 4203 913 4272 baptizatus
942 4217 1051 4263 est.
1086 4207 1219 4264 Erat
1258 4213 1525 4283 siquidem
1563 4219 1848 4288 ridiculus,
1893 4236 1949 4281 et
1994 4203 2180 4286 istius;

609 4293 758 4346 modi
782 4297 1091 4365 voluptates
1124 4301 1191 4354 ad
1225 4309 1580 4371 spectandum
1615 4313 2013 4372 conﬂuentibus
2043 4337 2168 4387 prae-

609 4384 791 4438 bebat.
821 4385 1134 4456 Baptizatus
1158 4401 1240 4446 cst
1265 4404 1467 4463 autem,
1489 4414 1592 4452 non
1613 4403 1894 4470 symbolis,
1919 4423 2017 4463 nec
2042 4384 2177 4466 ima-

611 4473 824 4540 ginibus
879 4473 1154 4531 Christum
1208 4482 1498 4549 patientem
1553 4487 1816 4557 imitatus,
1871 4497 1964 4552 sed
2013 4501 2176 4560 rebus
2211 4494 2252 4548 Ι)

612 4563 766 4632 ipsis.
803 4564 1011 4619 Etenim
1047 4569 1326 4637 pulchram
1354 4576 1749 4635 confessionem
1800 4595 1852 4638 et
1877 4600 2176 4660 martyrum

610 4655 952 4710 tolerantiam
1012 4660 1136 4714 licte
1168 4661 1503 4731 imitabatur,
1556 4682 1609 4724 et
1656 4672 1710 4726 in
1761 4689 1922 4734 cruce
1971 4655 2172 4751 nudus,

611 4745 802 4801 ludens
848 4762 878 4801 a
937 4749 1252 4810 ludentibus
1305 4760 1759 4826 suspendebatur.
1821 4767 2013 4825 Verum
2081 4745 2171 4829 ubi

608 4837 886 4892 Christum
917 4849 996 4894 est
1033 4831 1336 4912 professus,
1368 4859 1422 4902 et
1453 4850 1638 4921 plagas
1673 4857 1864 4922 sensit,
1889 4863 2172 4930 repentina

612 4931 914 4984 mutatione
960 4933 1140 4986 anima
1189 4951 1312 4989 cum
1358 4955 1492 4996 voce
1535 4947 1888 5028 conspiravit,
1917 4955 2172 5023 quodque

609 5018 997 5090 simulabatur,
1025 5039 1187 5081 mens
1214 5042 1337 5082 vere
1369 5034 1648 5103 complexa
1684 5048 1786 5104 est,
1808 5018 2036 5110 eratque
2061 5018 2176 5100 om-

611 5108 760 5174 nino,
815 5113 960 5181 quod
1013 5129 1074 5170 se
1125 5132 1224 5187 per
1261 5119 1448 5176 ludum
1498 5127 1746 5193 vocabat,
1801 5130 2168 5203 Christianus,

609 5199 902 5271 plagasque
974 5205 1222 5265 ludentes
1254 5251 1273 5274 ,
1333 5222 1387 5268 et
1431 5230 1619 5270 vocem
1672 5219 1850 5275 ﬁctam
1886 5239 2025 5293 opus
2063 5199 2171 5285 tale

612 5294 964 5361 sequebatur,
993 5307 1048 5352 et
1074 5315 1200 5356 cum
1226 5304 1501 5362 Christum
1526 5323 1585 5364 se
1612 5311 1837 5382 diligere
1858 5318 2172 5389 aliirmaret,

608 5384 798 5439 eodem
831 5396 1036 5455 puncto
1060 5398 1318 5462 temporis
1353 5398 1633 5468 diligebat,
1663 5417 1848 5460 amore
1883 5384 2172 5466 utflamma

607 5473 676 5527 ab
703 5489 800 5530 ore
842 5479 1016 5546 ipsum
1046 5495 1143 5536 cor
1174 5485 1410 5543 amante.
1439 5488 1684 5561 Cumque
1714 5495 1835 5552 aliis
1869 5499 2070 5555 bonum
2103 5505 2172 5558 de

610 5563 750 5621 bono
789 5571 1045 5626 thesauro
1077 5577 1260 5632 cordis
1292 5580 1359 5633 ad
1386 5596 1448 5637 os
1483 5585 1688 5650 veniat,
1726 5588 2008 5648 Ardalioni
2047 5598 2164 5652 tlte-

679 5746 720 5774 ”
745 5745 845 5802 lsa.
877 5765 972 5812 tu,
1017 5752 1101 5804 Ην.

2286 3231 2364 3302 τῷ
2397 3232 2580 3287 κάλλει
2617 3233 2713 3286 καὶ
2742 3232 2840 3303 τὴν
2875 3233 3280 3303 ἐναντιωτάτην
3301 3234 3611 3298 ἐπεδείξατο
3630 3237 3864 3307 γνώμην

2287 3326 2383 3379 καὶ
2408 3319 2476 3395 ἦν
2522 3325 2760 3396 ἐραστὴς
2814 3326 2938 3379 ἀντὶ
2990 3326 3273 3396 πολεμίου.
3321 3330 3430 3383 Kal
3458 3329 3566 3400 γὰρ
3601 3331 3862 3401 ἔκστασις

2285 3412 2355 3486 ἦν
2387 3418 2416 3470 ὁ
2446 3416 2587 3487 ἔρως
2616 3419 2840 3484 ἐκεῖνος,
2869 3418 2952 3472 ὅτι
2987 3419 3115 3483 τοὺς
3157 3419 3386 3484 ἁλόντας
3422 3425 3580 3489 ἐκτὸς
3610 3424 3718 3480 τῶν
3762 3410 3862 3481 ἄν-

2287 3508 2574 3578 θρωπίνων
2608 3510 2816 3580 ἢγαγεν
2844 3511 2987 3580 ὅρων
3012 3526 3028 3544 ο
3057 3511 3154 3565 καὶ
3189 3511 3348 3566 τοῦτο
3383 3515 3599 3579 δεικνὺς
3641 3519 3670 3570 ὀ
3717 3536 3857 3590 προ-

2286 3600 2496 3669 φήτης,
2540 3617 2559 3651 ι
2616 3599 3024 3671 Ἐκστὴσονται,
3049 3603 3204 3672 φησὶ,
3251 3605 3434 3659 πολλοὶ
3471 3609 3562 3662 ἐπὶ
3596 3610 3679 3663 σοὶ
3723 3629 3743 3663 ι
3771 3617 3858 3682 (ἐν

2283 3684 2365 3753 οἷς
2394 3690 2526 3760 περὶ
2554 3689 2648 3743 τοῦ
2677 3693 2916 3762 σταυροῦ
2941 3693 3153 3747 καὶτοῦ
3181 3696 3418 3750 θανάτου
3445 3699 3584 3770 πρὸς
3606 3703 3696 3756 τὸν
3717 3705 3853 3774 Χριο

2284 3781 2408 3835 στὸν
2443 3781 2825 3853 διαλεγόμενος
2861 3783 3029 3856 ἐφη),
3082 3804 3101 3838 ι
3147 3786 3206 3840 δν
3243 3790 3444 3858 τρόπον
3495 3793 3852 3864 ἐκστήσονται

2283 3872 2466 3926 πολλοὶ
2497 3875 2589 3926 ἐπὶ
2615 3877 2724 3938 σοι,
2759 3875 2935 3939 οὕτως
2970 3876 3233 3948 ξάδοξήσει
3280 3881 3393 3935 ἀπὸ
3436 3883 3740 3957 ἀνθρώπων
3789 3890 3852 3942 τὸ

2280 3965 2477 4028 κάλλος
2513 3982 2604 4018 σου
2639 3965 2745 4019 ἀπὸ
2772 3967 2904 4044 υίῶν
2927 3968 3251 4040 ἀνθρώπων.
3300 3991 3322 4026 ι

2365 4057 2663 4126 Ἀρδαλίων
2691 4057 2747 4110 δὲ
2777 4059 2805 4110 ὁ
2843 4062 3089 4127 γενναῖος
3112 4062 3418 4136 ἐϐαπτίσθη
3445 4065 3546 4136 μὲν
3567 4075 3661 4121 καὶ
3687 4069 3849 4134 αὐτὸς

2279 4148 2401 4202 ἀντὶ
2427 4147 2644 4211 παιδιᾶς
2676 4148 2842 4217 ἄλλης
2872 4149 3049 4220 τούτῳ
3091 4153 3449 4223 χαριζόμενος
3477 4159 3591 4221 τοῖς
3621 4159 3842 4228 θεωμέ-

2278 4257 2418 4303 νοις·
2449 4245 2543 4296 καὶ
2568 4242 2676 4311 γὰρ
2707 4236 2776 4312 ἦν
2807 4241 3044 4309 γέλωτος
3073 4245 3327 4316 τεχνίτης
3356 4251 3452 4303 καὶ
3481 4252 3736 4305 τοιούτων
3759 4269 3843 4305 τι·

2278 4331 2386 4382 νῶν
2419 4330 2621 4399 ἡδονῶν
2654 4334 2768 4394 τοῖς
2796 4333 3015 4388 συνοῦσι
3040 4333 3386 4407 δημιουργός,
3426 4338 3760 4410 Ἐϐαπτίσθη
3787 4342 3844 4394 δέ

2276 4422 2338 4473 οὐ
2368 4421 2657 4490 συμϐόλοις
2685 4425 2806 4478 οὐδὲ
2835 4427 3010 4480 είκόσι
3045 4428 3105 4481 τὸ
3135 4429 3306 4493 πάθος
3340 4433 3721 4502 μιμησάμενος
3750 4434 3843 4486 τοῦ

2282 4512 2555 4582 Σωτῆρος,
2580 4514 2695 4567 ἀλλ’
2730 4516 2916 4578 αὐτοῖς
2949 4521 3061 4582 τοῖς
3095 4521 3408 4591 πράγμασι.
3470 4525 3576 4576 Καὶ
3610 4524 3715 4593 γάρ
3745 4525 3844 4594 τὴν

2280 4601 2450 4671 καλὴν
2469 4605 2758 4674 ὁμολογίαν
2788 4609 2882 4660 καὶ
2900 4608 2998 4679 τὴν
3027 4611 3136 4664 τῶν
3167 4613 3464 4683 μαρτύρων
3489 4615 3842 4684 ὑπεκρίνατο,

2277 4693 2374 4744 καὶ
2403 4693 2682 4765 άνηρτήθη
2714 4698 2812 4766 μὲν
2842 4699 2937 4752 ἐπὶ
2963 4700 3054 4754 τοῦ
3088 4702 3248 4767 ξύλου
3280 4705 3487 4774 γυμνὸς
3510 4707 3715 4772 παίζων
3741 4709 3843 4760 ὑπὸ

2277 4782 2619 4846 παιζόντωνο
2661 4788 2783 4840 ἐπεὶ
2813 4789 2870 4840 δὲ
2910 4792 3102 4844 ἀνεῖπε
3135 4793 3228 4846 τὸν
3260 4796 3497 4864 Χριστὸν
3529 4799 3626 4849 καὶ
3676 4798 3841 4869 ᾔσθε-

2279 4889 2340 4924 το
2371 4873 2480 4926 τῶν
2514 4873 2762 4940 πληγῶν,
2795 4876 2991 4946 ἀθρόον
3026 4880 3316 4949 μετέϐαλε,
3353 4884 3448 4936 καὶ
3492 4886 3526 4955 ὴ
3572 4885 3720 4956 ψυχὴ
3778 4891 3838 4957 τῇ

2280 4966 2429 5033 φωνῇ
2471 4967 2690 5045 συνέϐη³
2715 4969 2810 5022 καὶ
2843 4971 3091 5045 ῆγνώμη
3115 4977 3230 5039 τοῖς
3268 4977 3585 5048 πλάσμασιν
3619 4982 3840 5051 ἠκολού-

2278 5053 2380 5106 θει.
2412 5053 2522 5106 Καὶ
2557 5051 2623 5124 ἦν
2642 5057 2858 5127 ἀληθῶς
2895 5061 2924 5115 ὃ
2957 5064 3170 5128 παίζων
3196 5066 3390 5121 ἑαυτὸν
3438 5069 3646 5137 ἐκάλει,
3706 5073 3837 5141 Χρι·

2278 5147 2520 5211 στιανὸς,
2540 5152 2633 5204 καὶ
2655 5150 2870 5218 γίνεται
2906 5153 3138 5224 πληγῶν
3178 5157 3485 5221 παιζόντων
3521 5163 3619 5216 καὶ
3660 5163 3840 5232 φωνῆς

2277 5237 2672 5312 πεπλασμένης
2701 5241 2873 5312 ἔργον
2903 5245 3188 5314 τοσοῦτον,
3215 5250 3311 5304 καὶ
3345 5255 3437 5304 τδν
3463 5251 3723 5322 Χριστὸν,
3761 5256 3839 5308 ότι

2277 5326 2453 5394 φιλεῖν
2478 5325 2652 5395 εἶπεν,
2679 5333 2842 5398 εὐθὺς
2873 5336 3047 5404 ἐφίλει
3078 5338 3175 5392 τοῦ
3217 5341 3417 5411 ἔρωτος
3471 5346 3647 5417 πυρὸς
3686 5346 3840 5415 δίκην

2270 5418 2384 5471 ἀπὸ
2410 5419 2500 5473 τοῦ
2535 5423 2805 5494 στόματος
2826 5427 2913 5478 ἐπ’
2939 5429 3111 5501 αὐτὴν
3137 5433 3556 5498 εἰσπνεύσαντος
3584 5437 3685 5506 τὴν
3706 5453 3838 5506 stap-

2267 5508 2407 5563 δίαν.
2445 5513 2554 5564 Καὶ
2580 5518 2690 5577 τοῖς
2717 5518 2816 5585 μὲν
2847 5518 3032 5582 ἄλλοις
3060 5521 3121 5573 τὸ
3170 5523 3377 5591 ἀγαθὸν
3411 5526 3516 5578 ἀπὸ
3563 5527 3659 5580 τοῦ
3703 5530 3836 5596 ἀγα·

2277 5602 2368 5654 θυῦ
2427 5604 2700 5683 Θησαυοοῦ
2747 5611 2841 5679 τῆς
2898 5614 3123 5684 καρδίας
3185 5617 3278 5668 ἐπὶ
3330 5619 3392 5670 τὸ
3434 5618 3607 5688 στόμα
3647 5624 3832 5691 χωρεῖ.
