4132 6308
388 407 486 468 55Ἱ

1439 400 1536 460 DE
1571 399 1748 462 VITA
1784 400 1859 460 ΚΝ
1901 400 2230 460 CllRlS’l‘U
2266 401 2414 460 LIB.
2462 401 2546 458 ll.

3525 403 3627 467 558

347 543 366 560 .-
420 513 704 584 Δρδαλίονι
757 513 816 567 δὲ
859 515 889 588 ὁ,
920 513 1196 584 θησαυρὸς
1245 514 1360 568 ἄνω
1407 513 1668 582 ποταμῶν
1712 513 1807 566 ἐπὶ
1849 512 1947 582 τὴν

2058 521 2248 562 saurus
2276 508 2513 562 caelestis
2541 507 2779 563 ﬂuminis
2813 521 2907 577 per
2939 525 2998 564 os
3026 510 3081 564 in
3118 525 3211 564 cor
3245 514 3412 566 venit.
3445 513 3488 568 0
3519 517 3628 568 vir'

393 606 622 676 καρδίαν
645 605 754 658 άπὸ
777 605 871 659 τοῦ
893 606 1160 676 πόματος
1202 602 1385 676 ἦλθεν.
1436 607 1502 658 Ὤ
1547 604 1650 673 τῆς
1707 605 1954 676 ἀρῤήτου

393 697 486 750 τοῦ
503 697 736 766 Χριστοῦ
763 697 1087 766 δυνάμεωςι
1140 697 1216 750 Οὐ
1256 699 1368 764 γάρ
1414 695 1780 765 εὐεργετήσας
1834 695 1956 748 οὐδὲ

398 788 654 856 μεταδοὺς
683 787 987 855 στεφάνων,
1033 787 1159 842 οὐδὲ
1197 787 1355 841 τοῦτο
1386 777 1518 855 γοῦν
1558 785 1812 856 χρηστῶν
1855 785 1956 839 αὗ-

393 879 487 932 τὸν
522 879 827 949 ἐξαρτήσας
848 879 1104 944 autem,
1135 879 1275 933 ἀλλά
1312 879 1419 933 τῶν
1452 879 1677 950 πληγῶν
1728 879 1824 930 καὶ
1855 877 1956 946 τῆς

392 965 611 1036 ἀτιμίας
640 967 823 1023 λαϐὼν
853 969 1110 1023 κοινωνὸν
1131 967 1303 1032 οὕτως
1337 965 1448 1022 εἷλε
1478 969 1572 1022 καὶ
1589 970 1956 1038 ἀνηρτήσατο,

389 1053 527 1108 ῶστε
553 1057 741 1110 ἔπεισε
783 1059 904 1127 μὲν,
941 1058 978 1112 ἃ
1000 1059 1270 1128 πρότερον
1298 1059 1420 1113 οὐδὲ
1461 1059 1676 1114 ἀκούων
1712 1060 1954 1122 ἀνεκτῶς

387 1141 556 1216 εἶχεν.
600 1149 888 1218 Ἐξέστησε
919 1150 978 1203 δὲ
1013 1149 1306 1220 συνηθείας
1352 1149 1572 1221 ἀθρόον,
1619 1151 1686 1220 ἣν
1741 1150 1979 1219 μακρὸς-

384 1237 538 1306 αὐτῷ
562 1239 823 1309 συνέτηξε
851 1241 1063 1310 χρόνος.
1096 1241 1397 1310 μετέστησε
1428 1241 1486 1294 δὲ
1512 1240 1650 1310 πρὸς
1683 1241 1783 1308 τὴν
1804 1241 1958 1292 ὲναν-

383 1330 657 1398 τιωτάτην
677 1331 790 1394 ἕξιν
815 1331 911 1402 τὴν
939 1331 1190 1401 γνώμην,
1211 1330 1319 1384 ἀπὸ
1333 1329 1427 1383 τοῦ
1443 1331 1664 1384 πάντων
1693 1331 1955 1384 κακίστου

385 1417 484 1470 καὶ
509 1421 882 1488 πονηροτάτου
919 1421 1048 1491 πρὸς
1067 1423 1129 1474 τὸ
1163 1420 1442 1490 βέλτιστον
1476 1420 1735 1474 ἁπάντων
1787 1438 1956 1490 μεταο

384 1509 576 1575 γαγὼν
606 1525 618 1539 ·
651 1509 774 1564 οὔτε
815 1511 925 1582 γὰρ
950 1512 1117 1581 μίμου
1149 1512 1485 1582 φαυλότερον
1514 1511 1718 1580 γένοιτ’
1772 1512 1838 1567 ἂν
1861 1513 1956 1566 οὐ·

382 1600 473 1652 δὲν
509 1599 638 1652 οὔτε
663 1601 1100 1671 φιλοσοφώτερον
1124 1605 1424 1675 μάρτυρος.
1453 1605 1684 1666 Τούτοις
1735 1605 1788 1657 τί
1843 1621 1954 1658 κοι-

384 1692 514 1756 νόν;
571 1693 669 1747 καὶ
725 1693 804 1765 τῷ
832 1695 1047 1764 φυσικῷ
1089 1695 1232 1767 λόγῳ
1289 1697 1412 1750 τίνα
1442 1696 1769 1751 ἀκολουθίαν
1817 1696 1951 1767 ἔχει,

384 1782 605 1853 πληγὰς
631 1786 728 1838 καὶ
765 1785 990 1858 ἀτιμίαν
1040 1788 1220 1856 ἔρωτα
1263 1785 1491 1852 τίκτειν,
1548 1789 1641 1841 καὶ
1684 1788 1824 1858 ὑπὲρ
1879 1783 1955 1841 ὧν

2062 606 2228 652 tntem
2275 597 2368 652 Dei
2419 598 2894 667 inexplicabilem!
2952 597 3068 655 Non
3108 602 3252 656 enim
3299 603 3622 668 benefactis,

2060 704 2166 742 non
2219 703 2548 743 coronarum
2602 691 3138 768 communicatione,
3204 709 3379 764 neque
3430 697 3620 753 saltem

2058 777 2197 830 bona
2229 793 2328 847 spe
2357 777 2460 830 sibi
2491 778 2864 843 conciliatum,
2905 780 2998 834 sed
3038 783 3321 853 plagarum
3373 793 3429 839 et
3471 785 3624 854 igno-

2058 867 2240 921 miniae
2289 876 2600 922 consortem
2667 879 2726 922 ut
2789 871 3020 936 accepit,
3078 873 3158 927 sic
3205 889 3330 928 cum
3384 875 3526 944 cepit
3570 886 3626 931 et

2056 958 2365 1028 occupavit,
2423 961 2668 1029 adeoque
2727 963 2970 1018 amicitia
3005 979 3101 1019 sua
3135 966 3389 1036 dignatus
3427 979 3534 1034 est,
3568 983 3626 1027 nt
3659 957 3668 965 ’

2056 1049 2104 1102 ei
2131 1049 2505 1116 persuaderet,
2557 1066 2678 1120 qua:
2727 1053 2878 1121 prius
2927 1055 3007 1109 vel
3044 1058 3270 1113 auribus
3308 1062 3623 1131 respuebat.

2059 1137 2348 1209 Extemplo
2397 1156 2426 1194 a
2483 1143 2899 1209 consuetudine,
2932 1146 3195 1215 temporis
3235 1147 3625 1220 longinquitate

2059 1229 2246 1284 inolita
2276 1241 2330 1285 et
2352 1231 2670 1286 conﬁrmata
2709 1233 2980 1297 discessit,
3017 1237 3370 1310 animumque
3413 1243 3481 1297 ad
3525 1245 3624 1299 ha-

2061 1321 2228 1374 bitum
2267 1323 2487 1389 penitus
2515 1327 2840 1394 penitusque
2867 1329 3203 1383 contrarium
3241 1332 3536 1398 transtulit,
3570 1345 3624 1390 et

2056 1425 2087 1464 a
2111 1425 2172 1464 re
2200 1412 2444 1464 omnium
2494 1413 2730 1482 pessima
2793 1416 3227 1489 pravissimaque
3263 1423 3328 1474 ad
3363 1423 3621 1492 optimam

2058 1500 2303 1554 omnium
2335 1504 2607 1558 transi\it.
2635 1504 2783 1559 Nihil
2813 1507 2959 1560 enim
2997 1518 3172 1577 potest
3199 1511 3366 1564 mimo
3388 1512 3621 1567 inveniri

2057 1580 2362 1655 scelestius,
2399 1605 2496 1644 nec
2536 1603 2777 1663 martyre
2817 1595 3143 1664 sapientius.
3178 1598 3318 1663 Quid
3355 1600 3436 1655 his
3473 1617 3622 1656 com-

2058 1681 2256 1734 mune?
2282 1693 2358 1746 et,
2399 1681 2445 1737 si
2489 1692 2738 1739 naturam
2772 1695 3102 1754 spectemus,
3138 1692 3412 1758 quomodo
3441 1695 3625 1748 colue-

2059 1782 2166 1839 ret,
2204 1773 2392 1842 plagas
2421 1784 2475 1830 et
2501 1777 2856 1845 opprobrium
2896 1793 3088 1848 parere
3114 1795 3376 1846 amorem,
3407 1793 3460 1838 et
3492 1800 3622 1853 pro-

323 1927 327 1930 .
385 1873 617 1940 φεύγειν
644 1874 738 1926 τὸν
779 1875 1214 1944 Χριστιανισμλν
1261 1875 1354 1928 τὸν
1408 1875 1600 1928 πιστὸν
1653 1876 1951 1930 ἀκόλουθον

2060 1872 2179 1931 pter
2225 1879 2346 1932 qua:
2393 1864 2815 1922 Christianismo
2864 1871 3118 1925 nuntium
3179 1873 3394 1929 mittere
3455 1879 3619 1931 etiam

382 1955 473 2030 ἦν.
509 1961 601 2013 διά
625 1960 830 2015 τούτων
875 1962 1018 2017 έλεῖν
1051 1966 1145 2016 καὶ
1203 1964 1575 2034 χειρώσασθαι
1618 1965 1711 2017 τὸν
1760 1964 1955 2034 ἐχθρὸν

385 2049 480 2100 καὶ
505 2036 588 2111 οἷς
616 2049 810 2120 ἐχθρὸς
842 2045 952 2120 ῆνς
981 2051 1079 2112 Τίς
1117 2051 1228 2119 γὰρ
1275 2051 1344 2104 ἂν
1391 2050 1730 2119 ὀδυνώμενος
1776 2053 1956 2120 χαίροι

386 2139 601 2200 τούτοις
631 2141 820 2192 πείσαι
846 2138 1020 2206 φιλεῖν
1043 2138 1136 2190 τὸν
1162 2139 1572 2208 μεμελετηκότα
1625 2141 1828 2206 μισεῖν,
1865 2143 1958 2193 καὶ

389 2229 548 2298 φίλον
565 2230 658 2282 καὶ
679 2229 1022 2298 σπουδαστὴν
1045 2230 1165 2281 ἀντὶ
1181 2229 1590 2298 πολεμιωτάτου
1609 2230 1701 2283 καὶ
1728 2228 1957 2283 διώχτου

387 2319 813 2390 παρασκευάσαι
841 2317 1097 2388 γενέσθαι
1113 2334 1130 2386 ;

466 2491 613 2550 Εἶεν.
648 2497 788 2567 Πρὸς
819 2495 990 2550 ταῦτα
1011 2496 1188 2550 τοίνυν
1209 2498 1237 2549 ό
1265 2497 1366 2567 μὲν
1404 2498 1558 2566 λόγος
1581 2498 1680 2568 τῆς
1703 2498 1958 2554 διδασκα-

389 2589 516 2654 λίας
540 2590 692 2644 οὐδὲν
723 2589 978 2657 φαίνεται
1007 2590 1285 2665 δυνηθεὶς⁹
1309 2593 1370 2641 τυ
1397 2590 1454 2642 δὲ
1486 2593 1595 2646 πᾶν
1617 2593 1652 2660 ἡ
1703 2591 1798 2644 τοῦ
1864 2593 1958 2661 βα-

381 2680 700 2750 πτίσματος
725 2679 1023 2749 εἰργάσατο
1055 2679 1309 2749 δύναμις.
1364 2683 1476 2734 Καὶ
1515 2683 1624 2750 γὰρ
1687 2684 1780 2735 καὶ
1852 2683 1958 2736 τῶν

376 2770 574 2836 λόγων
593 2772 828 2841 ῆκουσεν
871 2769 1167 2841 Ἀρδαλίων
1194 2773 1290 2842 τῆς
1319 2773 1504 2844 κοινῆς
1559 2773 1717 2844 ἡμῶν
1779 2791 1956 2846 σωτη-

379 2861 484 2932 ρία
499 2879 547 2930 ς,
576 2864 670 2916 καὶ
696 2863 988 2932 θαυμάτων
1009 2868 1109 2917 οὐκ
1135 2859 1202 2933 ἦν
1231 2864 1460 2928 ἀθέατος
1496 2865 1707 2918 πολλῶν
1743 2866 1832 2918 ἐπ’
1860 2868 1958 2921 αὑ-

377 2951 480 3006 τοῦ
557 2955 1091 3025 παρῤησιασαμένων
1143 2956 1482 3024 μαρτύρων
1544 2956 1660 3009 ἀλλ’
1692 2951 1761 3026 ἦν
1803 2956 1958 3010 οὐδὲν

378 3039 560 3115 ἧττον
576 3046 657 3097 ἐτι
684 3045 1011 3112 τυφλὼττων
1033 3046 1128 3100 καὶ
1145 3047 1221 3114 τῷ
1246 3046 1382 3114 φωτὶ
1408 3047 1682 3116 πολεμῶν,
1705 3048 1780 3101 ἔω
1795 3093 1807 3110 ,
1836 3049 1960 3100 Etia-

385 3136 732 3200 πτίσατο,τά
764 3137 1034 3207 στίγματα
1060 3135 1152 3189 τοῦ
1179 3136 1416 3205 Χριστοῦ
1441 3138 1728 3208 δεξάμενος
1745 3142 1837 3193 καὶ
1859 3146 1957 3212 τὴν

398 3227 582 3296 καλὴν
610 3226 905 3296 ὁμολογίαν
931 3228 1296 3297 ὁμολογήσας.
1321 3229 1491 3282 Τοῦτο
1509 3230 1616 3300 γάρ
1638 3232 1784 3285 ἐστιν
1808 3235 1835 3286 ό
1865 3234 1956 3286 τοῦ

392 3318 778 3389 βαπτίσματος
799 3321 943 3388 ὅρος,
975 3319 1213 3390 Χριστοῦ
1241 3323 1589 3392 μιμήσασθαι
1613 3323 1713 3392 τὴν
1741 3325 1832 3378 ἐπὶ
1864 3325 1958 3378 τοῦ

393 3410 634 3463 Πιλάτου
690 3407 1000 3480 μαρτυρίαν
1045 3411 1138 3462 καὶ
1162 3410 1270 3479 τὴν
1327 3411 1491 3482 μέχρι
1562 3415 1800 3484 σταυροῦ
1867 3419 1958 3470 καὶ

394 3501 633 3555 θανάτου
687 3501 818 3571 περὶ⁵
875 3499 1047 3570 αὐτῆς
1100 3502 1444 3572 καρτερίανο
1505 3505 1853 3576 μιμήσασθαι
1903 3508 1957 3561 δὲ

387 3595 510 3647 ἐστι
537 3592 637 3663 μὲν
657 3593 747 3646 διὰ
772 3593 883 3645 τῶν
904 3593 1130 3646 είκόνων
1157 3595 1250 3646 καὶ
1277 3595 1384 3647 τῶν
1416 3597 1703 3665 συμϐόλων
1749 3600 1958 3650 τούτων

383 3687 501 3740 τῶν
539 3685 724 3755 ίερῶν,
751 3685 868 3738 ἐστι
897 3683 953 3736 δέ
980 3685 1164 3747 αὐτοῖς
1194 3687 1308 3748 τοῖς
1335 3687 1629 3756 πράγμασι
1659 3691 1798 3756 μετά
1842 3707 1958 3742 xw.

380 3780 564 3833 δύνων
584 3779 687 3848 τὴν
707 3775 1000 3847 θρησκείαν
1027 3777 1480 3848 ἐπιδειξαμένοις,
1512 3783 1706 3850 καιροῦ
1731 3783 1961 3836 καλοῦν-

381 3889 500 3936 τος.
527 3870 742 3924 Πολλῶν
767 3871 872 3941 γάρ
903 3870 965 3922 tu
997 3869 1086 3924 τοῦ
1109 3873 1311 3935 παντὸς
1341 3872 1535 3936 αἰῶνος
1564 3876 1957 3944 ὲπινοηθέντων

383 3964 634 4020 νοσοῦντι
657 3963 737 4032 τῷ
762 3962 909 4030 γένει
937 3964 1266 4033 φαρμάκων,
1307 3962 1468 4033 μόνος
1516 3965 1545 4016 ό
1597 3966 1690 4018 τοῦ
1723 3967 1956 4036 Χριστοῦ

386 4057 634 4118 θάνατος
666 4055 766 4125 τὴν
797 4052 1061 4124 ἀληθινὴν
1093 4053 1242 4124 ζωὴν
1279 4056 1371 4107 καὶ
1391 4054 1490 4125 τὴν
1523 4055 1736 4123 εὐεξίαν
1773 4059 1960 4128 ἐδυνήο

382 4150 454 4219 θη
493 4147 750 4217 κομίσαι.
794 4147 906 4201 Καὶ
937 4145 1130 4199 τούτου
1159 4148 1319 4216 χάριν
1371 4146 1503 4199 αὐτὸ
1532 4147 1594 4199 τὸ
1623 4147 1722 4218 τὴν
1767 4149 1960 4218 καινὴν

383 4241 647 4308 γέννησιν
665 4237 988 4307 γεννηθῆναι
1003 4239 1094 4290 καὶ
1115 4239 1205 4290 τὸν
1225 4239 1496 4308 μακάριον
1516 4239 1631 4304 βίον
1653 4239 1846 4308 βιῶναι
1863 4244 1958 4295 καὶ

379 4333 528 4403 πρὸς
548 4327 756 4398 ὑγίειαν
777 4329 1108 4398 διατεθῆναι,
1127 4329 1282 4382 οὐδέν
1300 4331 1445 4383 ἐστιν
1461 4331 1547 4383 Ere
1555 4348 1649 4398 ρον
1669 4333 1700 4403 ἢ
1729 4333 1790 4386 τὸ
1814 4335 1959 4387 πιεῖν

381 4425 478 4476 τοῦ
508 4421 804 4492 φαρμάκου
829 4419 1040 4482 τούτου,
1058 4420 1154 4473 καὶ
1177 4420 1250 4482 ὡς
1264 4415 1377 4474 οἷόν
1401 4419 1458 4473 τέ
1482 4422 1628 4474 ἐστιν
1649 4423 1958 4493 ἀνθρώποις

378 4514 725 4584 ὁμολογῆσαι
740 4512 839 4582 τὴν
855 4512 1148 4581 ὁμολογίαν
1168 4512 1374 4566 καὶτοῦ
1401 4514 1606 4578 πάθους
1623 4514 1952 4585 ἀνασχέσθαι

384 4609 486 4660 καὶ
523 4607 818 4660 ἀποθανεῖν
845 4605 936 4658 τὸν
965 4605 1217 4661 θάνατον.
1249 4605 1398 4676 Αὕτη
1432 4606 1582 4660 ἐστὶν
1613 4609 1646 4678 ή
1673 4607 1767 4660 τοῦ
1827 4627 1955 4662 και-

379 4702 480 4755 νοῦ
533 4699 700 4768 νόμου
754 4698 1005 4770 δύναμις,
1060 4698 1205 4753 οῦτύ
1252 4699 1508 4768 γεννᾶται
1579 4699 1904 4768 Χριστιανός
1937 4718 1950 4731 ·

380 4793 585 4846 τ’»ῦτον
643 4789 736 4842 τὸν
786 4790 990 4860 τρόπον
1043 4791 1123 4853 είς
1171 4790 1274 4861 τὴν
1295 4791 1616 4860 θαυμαστὴν
1646 4793 1953 4859 ἀφικνεῖται

384 4880 735 4953 φιλοσοφίαν,
761 4879 940 4951 ἔργων
973 4881 1074 4951 μὲν
1111 4880 1220 4937 τῶν
1248 4881 1487 4952 ἀρίστων
1518 4882 1953 4953 ἐπειλημμένος,

385 4976 580 5027 πίστιν
638 4971 696 5023 δὲ
750 4971 1007 5041 ἀκίνητον
1050 4969 1209 5039 ἔχων,
1255 4971 1318 5023 οὐ
1366 4971 1586 5033 πειθοῦς
1620 4972 1834 5044 ἀνάγκῃ
1870 4991 1958 5027 πι-

385 5066 628 5128 στεύων,
657 5063 776 5115 οὐδὲ
827 5065 1013 5130 νόμοις
1073 5062 1222 5129 ἄγων
1272 5063 1332 5115 τὸ
1376 5058 1529 5134 ἦθος,
1563 5063 1700 5117 ἀλλὰ
1730 5065 1959 5132 δυνάμει

383 5156 529 5209 Θεοῦ
560 5151 838 5206 καὶτοῦτο
877 5151 1098 5203 κάκεῖνο
1145 5151 1432 5220 δεχόμενος
1483 5153 1580 5204 καὶ
1635 5153 1685 5204 δι
1747 5153 1954 5220 ἀμφοῖν

387 5251 474 5309 είς
506 5246 568 5298 τὺ
607 5244 886 5315 μακάριον
943 5241 1041 5295 τοῦ
1095 5241 1331 5312 Χριστοῦ
1379 5243 1753 5312 μορφούμενος
1795 5239 1956 5306 εἶδος.

397 5361 416 5392 c
461 5342 540 5394 Οὐ
570 5340 680 5410 γὰρ
710 5340 769 5392 έν
823 5339 1026 5408 λόγοις,
1061 5337 1248 5410 φησιν,
1285 5337 1320 5405 ἡ
1378 5336 1626 5405 βασιλεία
1676 5336 1768 5389 τοῦ
1796 5335 1954 5397 Θεοῦ,

391 5431 516 5484 ἀλλ’
548 5433 606 5483 έν
626 5429 877 5496 δυνάμει,
907 5448 925 5480 ι
955 5431 1074 5493 καὶ,
1108 5446 1128 5479 ι
1174 5429 1238 5479 Ὀ
1289 5427 1445 5494 λόγος
1499 5431 1527 5479 ὁ
1589 5427 1681 5480 τοῦ
1723 5426 1957 5497 σταυροῦ

390 5527 512 5585 τοῖς
571 5521 896 5590 σωζομένοις
951 5521 1081 5589 ἡμῖν
1117 5519 1348 5586 δύναμις
1392 5517 1527 5571 Θεοῦ
1588 5522 1706 5572 ἐστι
1744 5534 1757 5549 ⁸
1797 5538 1814 5570 ι
1870 5519 1957 5571 διὰ

392 5613 572 5664 ταῦτα
604 5613 697 5664 καὶ
742 5609 1107 5679 πνευματικὸς
1139 5608 1238 5676 μὲν
1271 5601 1424 5671 οὗτος
1472 5610 1501 5660 ό
1541 5611 1726 5679 νόμος.
1774 5612 1855 5663 ὃτι
1899 5611 1958 5664 τὸ

473 5792 558 5846 ⁷⁸1
590 5793 714 5847 (lor.
749 5809 820 5857 tv,
842 5790 932 5844 20.
1009 5793 1054 5824 "
1095 5791 1111 5844 Ι
1166 5789 1290 5845 Cor.
1342 5803 1380 5853 ι,
1423 5787 1504 5843 l8.

2058 1954 2269 2008 ﬁdelem
2300 1969 2399 2024 par
2432 1956 2735 2024 videbatur,
2765 1975 2862 2029 per
2889 1976 2951 2015 ea
3001 1961 3270 2030 captivum
3323 1964 3523 2028 facere.
3569 1979 3624 2022 et

2057 2043 2310 2112 subigere
2359 2044 2662 2111 inimicum,
2712 2051 2912 2118 quibus
2965 2052 3055 2107 ille
3101 2053 3276 2110 hostis
3307 2057 3462 2111 erat?
3491 2058 3626 2124 Quis

2040 2134 2202 2214 'enim
2252 2137 2686 2202 persecutionem
2737 2155 2929 2208 passus
2985 2143 3240 2201 delectari
3289 2148 3480 2216 possit,
3537 2150 3624 2206 his

2060 2237 2301 2276 amorem
2331 2227 2678 2291 persuadere,
2713 2227 2767 2280 in
2796 2245 3026 2296 quorum
3059 2233 3185 2287 odio
3211 2234 3468 2292 inimicus
3499 2251 3624 2295 ante

2061 2327 2119 2368 se
2147 2315 2470 2378 exercuerit,
2498 2312 2568 2370 'ac
2614 2332 2710 2385 pro
2747 2319 3125 2378 inimicissimo
3173 2335 3228 2381 et
3276 2341 3625 2397 persecutore

2058 2405 2293 2459 amicum
2327 2414 2381 2459 et
2419 2409 2726 2462 studiosum
2755 2410 2860 2464 sibi
2899 2415 3137 2480 parare?

2133 2497 2206 2551 De
2238 2498 2322 2552 his
2363 2499 2528 2567 igitur
2557 2502 2630 2554 ita
2656 2502 2988 2570 explicatum
3017 2517 3158 2562 esto.
3184 2508 3264 2562 Ad
3295 2508 3410 2565 haec
3445 2523 3625 2568 sermo

2058 2587 2324 2643 doctrinae
2359 2590 2494 2644 nihil
2540 2591 2756 2647 videtur
2801 2595 3106 2652 contulisse
3156 2599 3399 2668 quidem,
3449 2611 3622 2658 totum

2060 2693 2190 2734 vero
2214 2679 2470 2749 baptismi
2501 2682 2672 2737 virtus
2702 2693 2925 2754 operata
2953 2699 3097 2742 esse.
3121 2686 3257 2743 Nam
3292 2691 3450 2746 verba
3477 2709 3626 2748 com-

2061 2771 2246 2827 munis
2288 2771 2480 2830 salutis
2537 2784 2741 2831 nostras
2785 2777 2950 2832 etiam
3003 2780 3264 2837 Ardalinn
3315 2784 3617 2853 audiverat,

2061 2863 2463 2933 multorumque
2510 2877 2832 2938 martyrum,
2889 2879 3048 2925 :etate
3095 2887 3191 2928 sua
3240 2873 3518 2932 liberrime
3560 2894 3621 2934 se

2058 2951 2398 3010 Christianos
2435 2951 2850 3024 praedicantium
2885 2964 3145 3018 miracula
3175 2965 3418 3035 viderat;
3451 2970 3620 3025 nihilo

2060 3045 2238 3099 secius
2298 3062 2478 3102 caecus
2522 3059 2574 3104 et
2605 3050 2798 3106 lumini
2835 3055 3182 3113 adversarius
3205 3059 3480 3126 manebat,
3525 3063 3621 3116 do-

2061 3152 2160 3190 nec
2189 3139 2466 3220 susceptis
2487 3139 2690 3195 Christi
2739 3143 3035 3225 stigmatis,
3087 3156 3142 3201 et
3173 3149 3367 3204 bonam
3400 3154 3618 3209 confes-

1984 3205 2028 3266 (ἶ
2062 3241 2157 3281 sus
2221 3209 2624 3284 confessionem
2682 3233 2990 3301 baptizatus
3019 3205 3136 3292 ’est.
3186 3236 3283 3294 llic
3331 3241 3476 3296 enim
3525 3245 3624 3299 ba-

2081 3318 2262 3387 ptismi
2302 3333 2498 3388 seupns
2537 3331 2643 3385 est,
2677 3323 2955 3378 Christum
2987 3329 3127 3396 apud
3163 3329 3394 3386 Pilatum
3440 3337 3628 3390 testiti-

2063 3417 2298 3472 cantem,
2353 3426 2627 3480 quamque
2675 3415 2740 3468 ad
2787 3429 3006 3470 crucem
3065 3427 3118 3472 et
3169 3428 3398 3474 mortem
3452 3437 3626 3490 usque

2063 3501 2376 3569 patientiam
2411 3505 2682 3574 egregiam
2713 3505 2982 3567 adhibuit.
3035 3507 3278 3575 imitari;
3312 3524 3406 3580 per
3435 3514 3622 3584 imagi-

2062 3607 2157 3647 nes
2188 3603 2369 3648 autem
2429 3606 2480 3650 et
2519 3597 2765 3666 symbola
2806 3613 3092 3656 sacrorum
3135 3602 3363 3656 istorum
3403 3605 3622 3660 imitari.

2061 3682 2591 3742 Licetnihilominus
2638 3689 2804 3745 rebus
2847 3690 2979 3760 ipsis
3017 3706 3140 3746 cum
3189 3693 3504 3750 discriminc
3538 3712 3628 3752 ca-

2059 3777 2210 3848 pitis,
2243 3788 2490 3848 tempore
2530 3794 2786 3848 vocante,
2828 3785 3150 3855 religionem
3205 3788 3381 3857 palam
3434 3802 3624 3845 osten-

2061 3871 2210 3924 dere.
2278 3871 2462 3927 Multis
2519 3875 2719 3928 etenim
2775 3877 2927 3930 omni
2983 3879 3248 3934 memoria
3306 3882 3625 3950 excogitatis-

2063 3965 2347 4032 aegrotanti
2404 3967 2589 4034 generi
2637 3977 2831 4020 nostro
2874 3969 3186 4033 medicinis,
3249 3972 3364 4026 sola
3423 3973 3624 4030 Christi

2063 4068 2210 4109 mors
2242 4069 2427 4107 veram
2458 4056 2620 4109 vitam
2670 4065 2725 4109 et
2782 4057 2978 4111 bonam
3025 4059 3396 4115 habitudinem
3433 4063 3626 4119 aﬂ‘t-rre

2063 4144 2256 4212 potuit.
2298 4142 2480 4209 Quare
2517 4146 2618 4198 hoc
2653 4148 2860 4214 ipsum,
2904 4162 3044 4200 nova
3075 4151 3423 4218 generatione
3459 4169 3624 4222 gene-

2065 4237 2195 4301 rari,
2223 4237 2433 4291 beatam
2465 4237 2629 4290 vitam
2657 4238 2862 4303 vivere,
2889 4249 2943 4294 et
2976 4240 3043 4294 ad
3065 4241 3356 4298 sanitatem
3381 4245 3624 4316 disponi,

2063 4329 2196 4382 nihil
2221 4329 2494 4393 estaliud,
2540 4343 2702 4398 quam
2743 4334 3120 4399 'pharmacum
3156 4333 3296 4390 istuc
3332 4337 3534 4404 bibere,
3573 4350 3626 4393 et

2060 4434 2160 4489 pro
2195 4421 2400 4504 viribus
2438 4423 2681 4475 conﬁteri
2725 4417 3148 4492 confessionem,
3199 4435 3466 4485 tormenta
3497 4447 3620 4499 per-

2061 4512 2266 4579 peti,et
2316 4521 2492 4566 morte
2537 4513 2716 4581 plecti.
2770 4514 2893 4569 llaec
2948 4531 3099 4571 novae
3148 4517 3283 4589 legis
3332 4520 3622 4577 emcacitas

2063 4609 2185 4665 est;
2236 4601 2317 4655 sic
2377 4613 2671 4671 generatur
2717 4602 3103 4672 Christianus;
3157 4617 3210 4661 et
3269 4609 3370 4663 hac
3420 4610 3505 4664 via
3556 4615 3622 4666 ad

2065 4692 2464 4760 phil050phiam
2522 4694 2898 4750 admirabilem
2943 4697 3296 4767 perducitur,
3367 4702 3618 4769 operibus

2060 4783 2277 4850 quidem
2326 4785 2545 4854 optimis
2575 4785 2810 4850 deditus,
2862 4787 3019 4841 ﬁdem
3071 4795 3253 4842 autem
3286 4789 3622 4846 immobilem

2061 4888 2418 4939 conservans,
2456 4891 2562 4930 non
2593 4879 3154 4933 demon‘stratlmiibus
3185 4879 3249 4933 ad
3283 4880 3440 4934 tidem
3475 4896 3619 4936 com-

2063 4966 2273 5036 pulsus,
2307 4982 2499 5037 -neque
2542 4968 2754 5038 legibus
2784 4970 3010 5024 adactus
3048 4985 3232 5024 mores
3287 4971 3575 5028 inatituens
3607 5014 3623 5040 ,

2063 5057 2154 5109 sed
2179 5056 2380 5109 virtute
2407 5057 2588 5111 divina
2621 5058 2930 5113 concitatus
2971 5065 3025 5112 et
3058 5058 3161 5113 huc
3200 5068 3252 5114 et
3282 5060 3412 5115 illud
3446 5063 3622 5116 susci-

2066 5148 2238 5214 piens,
2290 5153 2344 5201 et
2383 5161 2478 5215 per
2524 5155 2819 5216 utrumque
2853 5158 3257 5203 sacrosanctam
3306 5148 3508 5205 Christi
3541 5154 3623 5205 el-

2067 5238 2242 5306 ligiem
2281 5237 2510 5292 induens
2562 5255 2574 5290 :
2637 5256 2654 5288 ι
2693 5236 2812 5291 Νοη
2862 5238 3004 5291 cnim
3047 5248 3129 5294 est
3170 5256 3394 5308 regnum
3440 5242 3530 5296 Dei
3567 5243 3617 5294 in

2062 5331 2537 5398 sertnone,inqnit,
2560 5329 2651 5383 sed
2684 5329 2736 5382 in
2757 5328 3046 5397 virtute";
3074 5349 3090 5382 ι
3112 5342 3184 5395 et,
3211 5351 3228 5383 ι
3254 5331 3480 5387 Verbum
3500 5348 3621 5384 cru-

2061 5423 2141 5476 cis
2173 5422 2331 5477 nobis
2365 5423 2454 5491 qui
2480 5423 2753 5475 salvamur
2778 5420 2872 5476 Dei
2894 5423 3063 5477 virtus
3088 5434 3169 5478 est
3189 5424 3257 5476 ⁷³.
3295 5442 3312 5473 ι
3340 5423 3542 5474 idcirco
3569 5433 3622 5471 et

2063 5498 2361 5582 spiritualis
2393 5522 2475 5567 est
2499 5513 2581 5566 lex
2618 5513 2742 5577 ista,
2791 5513 2919 5582 quia
2952 5514 3178 5583 spiritus
3212 5522 3383 5565 tomm
3428 5524 3619 5575 opera.

2070 5618 2158 5661 tur
2206 5627 2220 5661 :
2280 5607 2364 5660 illa
2404 5607 2629 5677 scripta,
2683 5608 2943 5677 quoniam
2992 5608 3288 5661 litterarum
3326 5612 3379 5654 et
3427 5615 3618 5653 vocum
