4132 6308
548 335 673 401 ἔῶθ

1802 342 2111 403 NICOLAI
2143 342 2534 402 CABASiLRE

3701 346 3807 410 560

560 464 724 509 tenus
774 453 1124 524 procedebat.
1180 452 1445 517 Quocirca
1503 461 1556 506 et
1599 450 1791 507 umbra
1856 462 1909 507 et
1958 452 2128 521 imago

2243 455 2460 520 πνεῦμα
2486 455 2546 508 τὸ
2574 456 2680 507 πᾶν
2709 453 3020 524 ἐργάζεται,
3054 454 3303 526 γραπτδς
3326 457 3383 511 δὲ
3430 457 3662 524 ἐκεῖνος,
3724 459 3805 511 ὅτε

561 543 701 611 fuit;
740 560 828 599 res
860 552 1040 600 autem
1081 554 1133 597 et
1160 546 1382 608 veritas,
1421 559 1541 613 quae
1571 544 1907 598 nunchunt.
1952 543 2128 598 Verba

556 636 705 691 enim
739 635 806 690 ad
834 635 1014 706 ipsum
1048 650 1168 690 esse
1201 650 1378 689 rerum
1427 634 1680 702 imaginis
1722 634 2128 703 proportionem

560 728 802 794 habent;
855 743 1016 798 quas.
1054 728 1372 797 priusquam
1399 737 1751 798 apparerent,
1785 727 1972 781 multis
2004 737 2131 780 ante

560 820 776 877 saeculis
832 819 1017 890 lingua
1082 821 1468 889 prephetarum
1528 819 1671 875 Dens
1733 817 2064 889 signiﬁcavit
2115 835 2129 869 :

564 929 584 964 ι
626 910 876 975 Feriam,
926 912 1124 980 inquit,
1167 910 1348 966 foedus
1392 926 1617 971 novum,
1673 925 1780 963 non
1824 909 2127 965 secundum

557 1010 806 1072 pactum,
852 1003 994 1069 quod
1057 1002 1233 1071 p:pigi
1280 1016 1403 1054 cum
1458 1001 1710 1071 patribus
1757 1014 1950 1053 eorum
1974 999 2043 1053 ⁸ο.
2106 1018 2125 1051 ι

558 1092 664 1148 Sed
694 1092 883 1163 quod?
923 1110 942 1145 ι
977 1090 1093 1146 Hoc
1117 1093 1219 1147 erit
1245 1102 1488 1161 pactum,
1524 1092 1721 1161 inquit,
1754 1092 1898 1160 quod
1938 1090 2126 1145 feriam

557 1202 681 1240 cum
704 1185 866 1239 domo
891 1184 1078 1250 lsrael,
1110 1186 1163 1238 in
1186 1187 1350 1239 domo
1381 1183 1545 1239 Juda.
1584 1184 1731 1239 Dabo
1758 1184 1928 1253 legem
1953 1198 2127 1237 meam

559 1278 611 1331 in
645 1277 947 1333 visceribus
980 1292 1195 1344 eorum,
1248 1286 1302 1332 et
1356 1277 1411 1331 in
1463 1277 1726 1332 cordibus
1766 1291 1956 1331 eorum
1986 1274 2128 1330 scri-

527 1371 680 1425 .bam
737 1384 859 1424 eam
888 1369 957 1423 εί.
988 1388 1008 1421 ι
1042 1367 1162 1423 Non
1196 1384 1292 1447 per
1331 1383 1488 1424 voces
1520 1368 1975 1437 compositamset
2003 1381 2132 1421 con—
2164 1411 2171 1417 .

552 1462 857 1524 cinnatam,
905 1463 998 1515 sed
1029 1461 1141 1529 ipse
1177 1475 1276 1530 ego
1303 1460 1584 1531 legislator
1627 1475 1724 1530 per
1765 1474 1874 1524 me,
1922 1459 2132 1527 absque

558 1553 740 1605 medio
779 1568 794 1603 :
843 1568 862 1602 ι
896 1549 1014 1605 Non
1048 1552 1193 1605 enim
1224 1552 1459 1620 amplius
1487 1551 1708 1606 docebit
1752 1550 2131 1619 unusquisque

556 1644 782 1698 fratrem
835 1658 1018 1708 suum,
1056 1652 1111 1696 et
1154 1644 1537 1714 unusquisque
1587 1642 1895 1713 proximum
1941 1658 2127 1707 suum,

555 1735 765 1799 dicens,
802 1733 1087 1804 Cognosce
1120 1736 1445 1800 Dominum;
1482 1735 1742 1804 quoniam
1777 1749 1971 1789 omnes
2029 1749 2128 1789 co-

554 1832 819 1896 gnoscent
862 1841 971 1891 me,
1011 1840 1040 1880 a
1077 1828 1305 1881 minimo
1342 1843 1514 1895 uSque
1556 1827 1621 1882 ad
1671 1827 1971 1881 maximum
1992 1827 2060 1879 ⁸³.
2104 1845 2122 1877 ι

557 1918 710 1973 Hanc
736 1929 792 1974 et
827 1919 994 1975 David
1027 1922 1195 1992 legem
1221 1923 1474 1991 adeptus,
1514 1921 1727 1975 beatam
1756 1920 1903 1973 illam
1939 1933 2127 1972 vocem

555 2009 738 2063 emisit
771 2026 785 2063 :
817 2028 836 2062 ι
875 2009 1147 2076 Quoniam
1172 2027 1273 2081 ego
1301 2012 1558 2081 cegnovi,
1589 2012 1734 2082 quod
1774 2024 2005 2080 magnus
2044 2019 2130 2065 est

556 2098 823 2158 Dominus
849 2103 917 2156 ⁸³.
971 2123 989 2157 ι
1048 2106 1162 2175 Ego
1187 2106 1444 2175 cognovi,
1477 2107 1679 2174 inquit,
1714 2120 1810 2174 per
1839 2104 2130 2173 experien-

554 2190 711 2256 tiam,
767 2205 875 2247 non
925 2200 986 2247 ut
1026 2194 1118 2264 qui
1156 2194 1279 2249 aliis
1330 2193 1653 2248 docentibus
1702 2193 1754 2246 id
1802 2190 2127 2245 audiverim.

552 2279 674 2347 Quo
705 2292 759 2337 et
789 2284 925 2339 alios
957 2286 1262 2347 inducens:
1291 2304 1309 2337 ι
1343 2284 1596 2348 Gustate,
1626 2283 1826 2353 inquit,
1855 2292 1908 2336 ct
1933 2281 2129 2343 videte,

553 2376 815 2443 quoniam
852 2378 1029 2433 bonus
1065 2389 1150 2433 est
1184 2377 1534 2433 Dominus".
1570 2396 1589 2428 ι
1629 2376 1772 2441 Quin
1802 2378 1965 2429 etiam
1990 2374 2134 2426 mul-

555 2468 628 2521 tis
684 2481 737 2521 et
773 2468 941 2522 variis
972 2470 1321 2523 sermonibus
1349 2470 1542 2524 beatus
1575 2468 1662 2521 ille
1694 2466 1787 2519 Dei
1829 2465 2129 2519 bonitatem

554 2558 910 2611 collaudavit.
953 2558 1059 2612 Sed
1098 2559 1255 2626 quasi
1290 2559 1452 2611 verba
1508 2572 1618 2610 rem
1691 2558 1864 2624 ipsam
1914 2570 2132 2623 mquare

554 2657 845 2718 nequeant,
879 2648 946 2699 ad
970 2648 1363 2716 experientiam
1394 2662 1610 2711 eorum,
1637 2662 1756 2715 qua:
1782 2646 1836 2700 in
1871 2647 1976 2701 Deo
2009 2647 2131 2699 lau-

554 2740 777 2803 dantur,
815 2739 1099 2799 audientes
1122 2748 1406 2808 provocat.

627 2987 779 3044 llanc
807 2988 1199 3057 experientiam
1229 2987 1632 3054 baptizatorum
1663 2986 1953 3040 animabus
1975 3000 2132 3041 sacer

2236 547 2397 616 μέχρι
2430 547 2538 599 τῶν
2557 548 2903 617 γραμμάτων
2927 549 3056 618 ἔστη
3095 548 3191 602 καὶ
3236 548 3348 602 τῶν
3408 550 3630 618 φωνῶν,
3692 550 3806 605 ἀνθ’

2235 633 2311 693 ὧν
2339 640 2433 693 καὶ
2460 639 2593 693 σκιὰ
2628 641 2726 709 μὲν
2752 642 2842 693 καὶ
2872 641 3038 694 εἰκὼν
3067 642 3300 707 ἐκεῖνος,
3328 644 3565 712 πρᾶγμα
3606 642 3665 696 δὲ
3717 642 3808 695 καὶ

2234 728 2466 801 ἀλήθεια
2494 729 2564 783 τὰ
2594 731 2859 801 παρόντα.
2891 732 2954 783 Ol
2979 731 3089 800 γὰρ
3121 731 3269 794 λόγοι
3300 734 3392 785 καὶ
3417 733 3486 786 τὰ
3507 734 3809 805 γράμματα

2233 822 2371 891 πρὸς
2394 822 2525 875 αὐτὸ
2547 823 2610 876 τὸ
2638 818 2781 877 εῖναι
2827 823 2935 876 τῶν
2977 826 3325 893 πραγμάτων
3371 824 3585 886 εἰκόνος
3625 826 3809 895 ἔχουσι

2231 914 2389 980 λόγον
2413 931 2425 944 ⁸
2459 914 2634 968 ταῦτα
2664 916 2794 984 πρὶν
2830 917 2912 979 είς
2934 915 3097 985 ἔργον
3129 915 3380 984 ἐκϐῆναι,
3415 916 3639 979 πολλοῖς
3674 918 3809 987 πρό-

2228 1023 2388 1074 τερον
2418 1008 2627 1075 χρόνοις
2655 1010 2720 1073 τῇ
2749 1006 2964 1079 γλώττῃ
3012 1009 3124 1061 τῶν
3153 1009 3454 1079 προφητῶν
3526 1011 3802 1077 ἐμήνυσεν

2229 1098 2258 1152 6
2290 1098 2442 1160 Θεός.
2482 1117 2498 1149 ι
2532 1098 2899 1169 Διαθὴσομαι,
2940 1099 3096 1167 φησὶ,
3151 1099 3420 1168 διαθήκην
3473 1101 3693 1166 καινὴν,
3747 1102 3806 1154 οὐ

2231 1187 2373 1241 κατὰ
2403 1188 2690 1257 διαθήκην,
2727 1190 2794 1258 ἣν
2827 1189 3090 1258 διεθέμην
3123 1191 3238 1252 τοῖς
3272 1189 3548 1258 πατράσιν
3576 1190 3749 1258 ὑμῶν,
3783 1211 3800 1241 ι

2232 1278 2370 1332 ἀλλὰ
2398 1280 2520 1331 τίνα
2546 1279 2753 1349 ταύτην
2789 1296 2803 1343 ς
2839 1298 2858 1331 ι
2893 1279 3068 1348 Αὕτη,
3101 1281 3293 1351 φησιν,
3328 1282 3361 1350 ἡ
3414 1281 3679 1352 διαθήκη,
3739 1284 3808 1351 ἢν

2232 1368 2565 1438 θιαθήσομαι
2595 1369 2672 1435 τῷ
2720 1370 2855 1438 οίκῳ
2889 1369 3105 1440 Ἰσραὴλ
3163 1369 3372 1438 καὶτῷ
3415 1372 3550 1440 οῐκῳ
3615 1370 3802 1423 1066a-

2231 1462 2403 1526 τιθεὶς
2423 1462 2549 1525 τοὺς
2579 1462 2781 1531 νόμους
2813 1479 2915 1531 μου
2946 1463 3028 1525 είς
3070 1461 3315 1516 διάνοιαν
3372 1462 3555 1515 αὐτῶν
3600 1464 3695 1515 καὶ
3748 1464 3805 1515 ὲν

2232 1554 2485 1623 καρδίαις
2525 1553 2705 1607 αὐτῶν
2765 1553 2961 1623 γράψω
3013 1553 3233 1617 αὐτοὺς,
3275 1572 3294 1604 ι
3356 1554 3418 1605 οὗ
3469 1551 3561 1606 διὰ
3620 1552 3806 1622 φωνῆς

2235 1644 2538 1715 ῥυθμίζων,
2575 1646 2692 1698 ἀλλ’
2747 1646 2910 1708 αὐτὸς
2958 1646 3180 1713 ἀμέσως
3212 1647 3240 1698 6
3277 1645 3605 1716 νομοθέτης.
3676 1664 3696 1697 ι
3732 1647 3805 1698 Οὐ

2231 1734 2338 1804 γὰρ
2393 1734 2689 1799 διδάξουσιν
2742 1735 2845 1793 ἑτι.
2913 1736 3099 1805 φησὶν,
3145 1736 3376 1800 ἕκαστος
3426 1735 3541 1805 (τὸν
3578 1736 3809 1803 ἀδελφὸν

2233 1824 2421 1893 αὑτοῦ,
2443 1828 2537 1879 καὶ
2561 1826 2810 1896 ἕκαστος)
2824 1825 2918 1879 τὸν
2940 1825 3166 1897 πλησίον
3187 1827 3377 1891 αὐτοῦ,
3399 1828 3572 1881 Γνῶθι
3590 1828 3682 1881 τὸν
3704 1828 3810 1881 K6-

2235 1935 2367 1988 ριον,
2389 1920 2470 1972 ὅτι
2493 1920 2691 1982 πάντες
2704 1919 2982 1988 είδήσουσί
3005 1937 3072 1989 με
3094 1920 3202 1974 ἀπὸ
3226 1922 3425 1990 μικροῦ
3444 1921 3552 1995 ἕως
3569 1922 3806 1991 μεγάλου

2230 2010 2430 2063 αὐτῶν.
2477 2030 2495 2062 ι
2535 2010 2738 2063 Τούτου
2771 2010 2949 2078 τυχὼν
2993 2010 3092 2062 τοῦ
3146 2012 3311 2080 νόμου
3368 2015 3463 2064 καὶ
3507 2012 3668 2064 Δασιδ
3707 2013 3809 2080 τὴν

2234 2100 2512 2170 μακαρίαν
2538 2100 2754 2166 ἐκείνην
2781 2100 2958 2169 ἀφῆκε
2982 2101 3186 2171 φωνὴν,
3220 2102 3302 2155 ὅτι
3333 2118 3351 2153 ι
3386 2102 3533 2170 Ἐγὼ
3559 2102 3793 2171 ἔγνωκα,

2230 2194 2313 2246 ὅτι
2352 2192 2526 2260 μέγας
2564 2194 2591 2244 6
2622 2192 2851 2261 Κύριος,
2896 2211 2914 2244 ι
2947 2191 3057 2259 ἐγὼ
3092 2192 3332 2258 ἔγνωκα,
3394 2194 3553 2263 φησὶ,
3606 2196 3802 2262 πεῖραν

2232 2286 2395 2350 αὐτὸς
2423 2285 2625 2347 λαϐὼν,
2663 2287 2722 2337 οὐ
2769 2286 3131 2339 διδασκόντων
3162 2285 3337 2342 ἄλλων
3375 2288 3641 2349 ἀκούσας’
3684 2287 3808 2340 ὅθεν

2232 2376 2325 2427 ἐπὶ
2358 2374 2426 2428 τὰ
2458 2375 2548 2427 ίσα
2607 2374 2702 2426 καὶ
2749 2374 2878 2436 τοὺς
2942 2374 3135 2438 ἄλλους
3181 2375 3411 2442 ἐνάγων,
3448 2395 3467 2426 ‹
3504 2375 3804 2438 Γεύσασθε,

2234 2468 2395 2535 φησι,
2429 2467 2523 2519 καὶ
2573 2465 2733 2528 ίδετε,
2800 2464 2882 2518 ὅτι
2933 2468 3224 2536 χρηστδςό
3257 2466 3474 2536 Κύριος.
3523 2485 3542 2517 ι
3611 2468 3809 2520 Καίτοι

2234 2558 2447 2619 πολλοῖς
2467 2555 2566 2625 τὴν
2599 2556 2946 2626 χρηστότητα
2973 2559 3066 2610 τοῦ
3097 2557 3229 2609 Θεοῦ
3261 2558 3353 2610 καὶ
3378 2556 3743 2620 παντοδαποῖς
3770 2558 3801 2610 6

2234 2647 2506 2714 μακάριος
2528 2645 2807 2716 ἀνύμνησε
2848 2646 3027 2713 λόγοις
3075 2665 3087 2678 ·
3112 2648 3139 2698 6
3171 2648 3249 2713 δὲ,
3284 2647 3361 2710 ὡς
3398 2647 3457 2700 οὐ
3484 2647 3804 2716 δυναμένων

2232 2738 2574 2804 ἐνδείξασθαι
2615 2740 2680 2791 τὰ
2718 2738 2848 2791 ὄντα
2876 2739 2986 2797 τῶν
3009 2739 3184 2806 λόγων
3210 2742 3300 2793 ἐπὶ
3327 2742 3427 2810 τὴν
3456 2742 3656 2808 πεῖραν
3692 2740 3803 2794 τῶν

2233 2833 2610 2901 ὑμνουμένων,
2644 2831 2839 2892 αὐτοὺς
2871 2831 3027 2884 καλεῖ
3054 2833 3176 2895 τοὺς
3204 2832 3612 2903 ἀκροωμένους.

2302 2986 2521 3057 Ταύτην
2545 2987 2643 3054 τὴν
2675 2989 2875 3056 πεῖρανι
2908 2987 2968 3041 τὸ
2998 2987 3224 3058 λουτρδν
3246 2987 3491 3056 ἐντίθησι
3514 2991 3636 3048 ταῖς
3695 2989 3805 3042 τῶν

557 3082 677 3136 l‘ons
714 3080 927 3143 inserit,
965 3089 1020 3135 et
1046 3095 1107 3134 ex
1147 3080 1363 3150 opilicio
1399 3079 1678 3148 opiliecm,
1727 3080 1893 3131 menti
1928 3078 2123 3130 verita~

2237 3080 2647 3151 βαπτιζομένων
2667 3078 2887 3148 ψυχαῖξ,
2923 3081 3018 3131 καὶ
3051 3078 3309 3149 γνωρίζει
3354 3079 3435 3149 τῷ
3462 3078 3801 3151 δημιουργή-

556 3184 690 3238 tem,
740 3172 1014 3228 desiderio
1066 3173 1244 3228 solum
1287 3172 1701 3227 desiderabilem
1762 3173 2122 3224 demonstrat.

553 3267 681 3322 Ideo
712 3276 766 3322 et
798 3281 1055 3337 magnum
1088 3265 1444 3329 desiderium,
1475 3274 1529 3318 et
1548 3279 1702 3317 amor
1727 3263 2039 3325 inell‘abilis,
2074 3274 2130 3316 et

556 3360 798 3413 cbaritas
829 3373 1056 3428 prorsus
1086 3358 1382 3429 singularis
1420 3373 1435 3411 :
1472 3358 1731 3426 quoniam
1767 3372 1875 3411 nou
1910 3367 1992 3410 est
2018 3370 2129 3424 quo

554 3460 730 3521 egeat,
754 3457 808 3505 et
836 3449 1021 3505 omnia
1045 3449 1399 3510 conveniunt.
1427 3458 1481 3503 et
1503 3448 1637 3502 nihil
1664 3450 1932 3508 dissonat,
1958 3458 2010 3501 et
2040 3448 2129 3511 iu-

555 3556 724 3611 super
754 3549 839 3596 est
880 3542 1062 3596 omnis
1098 3539 1441 3595 excellentia.
1489 3537 1580 3594 Sic
1626 3539 1772 3591 enim
1808 3554 1923 3591 rem
1959 3537 2132 3606 dispi—

554 3635 791 3687 ciamus.
825 3631 1164 3687 Desiderium
1195 3632 1483 3686 animabus
1515 3630 1713 3684 indidit
1747 3628 1911 3684 Dens.
1938 3629 1996 3683 Si
2031 3630 2129 3684 bo-

558 3739 688 3778 num
719 3723 852 3777 illud
883 3722 1104 3791 assequi
1138 3720 1422 3784 debemus,
1455 3729 1509 3774 et
1542 3723 1744 3775 veritas
1779 3720 2126 3791 intelligenda

555 3825 662 3877 est,
717 3816 831 3869 btec
876 3812 988 3867 duo
1031 3813 1223 3883 utique
1274 3828 1409 3882 pura
1455 3813 1681 3866 omnino
1720 3813 2125 3878 desideramus,

560 3910 761 3962 bonum
795 3921 827 3962 a
850 3907 1016 3971 malo,
1040 3906 1323 3963 veritatem
1357 3923 1386 3962 a
1422 3907 1731 3964 mendacio.
1782 3905 1953 3962 Nemo
1979 3906 2125 3961 enim

556 4003 820 4071 deceptus
865 4000 1105 4068 laetatur,
1152 4016 1252 4056 nec
1296 4000 1603 4055 delectatur
1646 4000 1699 4054 in
1741 4014 1984 4056 errorem
2037 3999 2125 4052 in-

556 4092 774 4158 ductus,
806 4100 861 4147 et
891 4108 988 4163 pro
1015 4094 1158 4149 bono
1191 4093 1244 4146 in
1278 4093 1479 4147 malum
1518 4092 1784 4147 incidens.
1842 4092 1968 4146 Haec
1995 4104 2128 4145 con-

558 4185 971 4255 cupiscentibus
1006 4200 1142 4252 pure
1188 4183 1560 4253 consequendi
1614 4197 1895 4250 nunquam
1944 4181 2124 4235 adhuc

558 4274 703 4328 facta
751 4283 838 4327 est
890 4272 1049 4342 copia
1101 4290 1114 4326 :
1157 4272 1251 4327 sed
1305 4274 1445 4341 quod
1499 4288 1529 4325 a
1584 4272 1743 4325 nobis
1815 4271 2020 4324 bonum
2071 4277 2125 4322 et

559 4376 746 4415 verum
771 4361 1094 4428 appellatur,
1142 4375 1253 4414 non
1296 4378 1467 4429 magis
1502 4361 1607 4415 hoc
1651 4371 1736 4415 est
1762 4361 1905 4429 quod
1939 4360 2124 4428 appel-

2234 3192 2363 3245 ματι
2390 3174 2481 3227 τὸν
2510 3172 2864 3242 δημιουργὸν,
2898 3172 2974 3242 τῷ
3003 3172 3080 3242 νῷ
3107 3172 3205 3243 τὴν
3232 3172 3513 3242 ἀλήθειαν,
3560 3175 3625 3243 τῇ
3680 3176 3802 3225 ἐπι-

2231 3266 2400 3335 θυμίᾳ
2431 3265 2520 3316 τὸν
2553 3264 2713 3333 μόνον
2734 3262 3097 3331 ὲπιθυμητόν.
3133 3265 3233 3316 Διά
3259 3262 3421 3316 τοῦτο
3478 3265 3574 3316 καὶ
3624 3263 3804 3331 μέγας

2228 3357 2258 3409 6
2287 3356 2451 3417 πόθος
2476 3357 2569 3408 καὶ
2595 3355 2654 3406 τὸ
2681 3353 2907 3425 φίλτρου
2946 3353 3185 3425 άρῤητον
3219 3353 3313 3407 καὶ
3358 3355 3386 3406 6
3440 3356 3583 3423 ἔρως
3642 3354 3805 3422 ὑπερ·

2230 3448 2394 3517 φυὴς,
2427 3446 2627 3500 ὅτιούκ
2664 3446 2815 3498 ἔστιν
2868 3438 2927 3499 οὗ
2973 3444 3073 3508 δεῖ,
3134 3449 3229 3499 καὶ
3278 3446 3457 3507 πάντα
3478 3445 3797 3513 συμϐαίνει,

2229 3540 2324 3592 καὶ
2346 3539 2499 3592 οὐδὲν
2529 3537 2747 3608 ἀπᾴδει,
2791 3536 2887 3590 καὶ
2931 3537 3068 3607 πρός
3118 3553 3182 3604 γε
3226 3536 3377 3590 πᾶσά
3438 3536 3590 3589 ἐστιν
3630 3535 3802 3604 ὑπερ-

2230 3632 2387 3701 6ολή.
2417 3630 2721 3698 Σκοπῶρεν
2745 3629 2875 3699 γάρ.
2916 3627 3250 3698 Ἐπιθυμίαν
3288 3631 3407 3690 ταῖς
3461 3627 3663 3698 ψυχαῖς
3711 3631 3800 3681 ὲνο

2227 3724 2426 3793 έθηκεν
2453 3725 2479 3776 ὁ
2506 3721 2661 3783 Θεὸς,
2694 3721 2759 3774 ἂν
2793 3720 2896 3788 μέν
2925 3736 3021 3773 του
3056 3720 3171 3791 δέῃ,
3203 3720 3500 3790 τυγχάνειν
3527 3719 3624 3772 τοῦ
3663 3723 3798 3787 ἀγα-

2229 3816 2344 3878 θοῦ,
2377 3815 2565 3885 νοῆσαι
2592 3812 2649 3867 δὲ
2674 3812 2866 3882 δεῆσαι
2899 3811 2996 3882 τῆς
3018 3809 3301 3881 ἀληθείας,
3343 3810 3441 3863 καὶ
3489 3808 3665 3863 ταῦτα
3704 3827 3797 3863 πο-

2229 3907 2431 3977 θοῦμεν
2472 3905 2688 3975 καθαρὰ
2717 3905 2916 3975 δήπου,
2957 3904 3020 3956 τὸ
3064 3903 3163 3973 μὲν
3202 3901 3409 3971 ἀγαθὸν
3459 3902 3557 3956 τοῦ
3603 3901 3798 3967 κακοῦ,

2226 3998 2318 4052 τοῦ
2346 3998 2576 4067 ψεύδους
2607 3996 2661 4049 δὲ
2706 3994 2806 4066 τὴν
2831 3995 3096 4065 ἀλήθειαν
3135 4009 3151 4024 °
3191 3995 3251 4047 οὐ
3280 3993 3390 4064 γάρ
3440 4011 3526 4058 τις
3580 3995 3803 4049 άπατώ-

2230 4108 2390 4161 μενος
2421 4091 2624 4161 χαίρει,
2660 4087 2776 4142 οῦδ⁴
2807 4088 2874 4143 ἂν
2902 4087 3097 4159 ἡσθείη
3130 4087 3485 4156 πλανώμενος
3519 4086 3617 4139 καὶ
3643 4085 3798 4155 κακῷ

2226 4183 2645 4252 περιτυγχάνων
2701 4180 2819 4233 ἀντ’
2868 4179 3096 4247 ἀγαθοῦ.
3159 4178 3379 4231 Τούτων
3437 4177 3801 4249 ἐπιθυμοῦσιν

2226 4275 2347 4327 οὐδὲ
2377 4272 2462 4329 πώ
2476 4290 2597 4325 ποτε
2626 4272 2844 4340 ἐγένετο
2874 4273 3060 4342 τυχεῖν
3100 4270 3379 4340 καθαρῶς,
3408 4271 3545 4323 ἀλλὰ
3575 4273 3638 4324 τὸ
3669 4269 3800 4339 παρ’

2226 4365 2360 4435 ἡμῖν
2391 4362 2593 4430 ἀγαθὸν
2619 4364 2710 4416 καὶ
2743 4363 2804 4415 τὸ
2838 4362 3035 4431 ἀληθὲς
3066 4362 3128 4416 οὐ
3157 4360 3312 4415 τοῦτό
3331 4364 3504 4425 ἐστιν,
3554 4360 3584 4414 ὃ
3610 4361 3798 4415 καλεί-

561 4453 724 4516 latur,
774 4464 940 4526 quam
983 4451 1348 4504 contrarium.
1403 4451 1560 4504 Unde
1609 4458 1860 4518 apertum
1917 4449 1994 4507 lit.
2038 4450 2123 4503 bic

2230 4471 2319 4508 ται
2347 4455 2601 4525 μᾶλλονῆ
2633 4455 2951 4508 τούναντίον
2985 4469 2998 4483 ·
3041 4453 3164 4507 ὅθεν
3194 4454 3316 4506 οὐδὲ
3356 4455 3388 4524 ἡ
3423 4453 3522 4521 τῆς
3574 4453 3795 4518 ἀγάπης

559 4559 736 4612 neque
781 4541 1071 4597 cbaritatis
1128 4556 1304 4611 neque
1349 4542 1535 4611 gaudii
1592 4543 1643 4596 in
1700 4542 1861 4597 nobis
1920 4550 2122 4596 tantam

561 4638 668 4689 vim
697 4632 948 4703 reperiri,
983 4640 1187 4702 quanta
1216 4634 1568 4701 reperiretur,
1589 4633 1632 4687 si
1656 4648 1776 4702 quae
1795 4632 2038 4704 diligere,
2076 4642 2129 4687 et

559 4729 760 4796 quibus
784 4726 1024 4797 gaudere
1053 4735 1288 4794 Oportet,
1316 4726 1605 4794 pra-sentin
1645 4729 1916 4780 adessent.
1945 4725 2131 4798 Neque

557 4820 767 4873 amoris
828 4819 1108 4873 vinculum
1161 4826 1431 4887 quantum
1484 4819 1577 4882 sit,
1643 4835 1745 4874 nec
1809 4819 2129 4887 magnitudo

564 4911 711 4964 illius
734 4910 971 4965 incendii
1018 4918 1145 4963 nota
1187 4918 1304 4975 est;
1346 4909 1472 4978 quia
1523 4908 1666 4979 quod
1714 4920 1948 4973 amatur,
1989 4925 2124 4964 nus-

560 5018 722 5072 quam
748 5010 852 5058 est.
896 5002 969 5059 lis
1019 5010 1197 5057 autem
1228 5003 1323 5071 qui
1360 5001 1700 5057 Salvatorem
1740 5011 2119 5071 gustaverunt,

559 5095 715 5147 adest
752 5093 988 5161 idipsum
1021 5093 1166 5164 quod
1192 5093 1530 5158 desiderant,
1564 5092 1629 5146 ad
1663 5106 1824 5161 quem
1850 5091 2126 5147 humanus

562 5198 716 5238 amor
742 5183 886 5238 velut
909 5185 976 5238 ad
1003 5199 1271 5240 canonem
1309 5187 1543 5256 aliquem
1575 5194 1628 5239 et
1661 5183 1820 5238 linem
1875 5183 1943 5239 ab
1968 5183 2126 5238 initio

559 5282 909 5343 comparatus
940 5284 1022 5329 est
1059 5293 1072 5328 :
1110 5275 1254 5330 velut
1291 5278 1585 5330 thesaurus
1636 5276 1711 5328 ita
1759 5290 2011 5344 magnus.
2042 5264 2125 5327 ita

563 5367 727 5433 latus,
753 5374 814 5418 ut
846 5363 1010 5419 Deum
1038 5366 1209 5435 possit
1238 5382 1451 5436 capere.
1484 5365 1598 5423 Hac
1632 5367 1839 5421 ratione
1865 5376 1919 5420 et
1942 5368 2127 5421 omnia

563 5459 701 5512 bona
730 5458 783 5513 in
806 5457 911 5510 vita
937 5467 1366 5525 consequuntur.
1392 5459 1549 5514 Nulla
1573 5458 1857 5514 intercedit
1880 5458 2127 5537 satietas,

562 5567 663 5608 nec
693 5552 991 5623 quidquam
1027 5552 1358 5606 desiderium
1402 5552 1607 5607 deﬁnit.
1668 5556 1760 5609 sed
1797 5554 1975 5608 adhuc
2004 5552 2126 5605 siti-

2232 4546 2465 4600 ἐνταῦθα
2501 4545 2766 4614 δύναμις,
2798 4545 2918 4598 οὐδὲ
2954 4545 3107 4614 ὴτῆς
3136 4545 3311 4613 χαρᾶς
3344 4544 3404 4597 ὲν
3460 4542 3588 4611 ἡμῖν
3637 4539 3795 4606 δῆλον

2228 4633 2296 4708 ἧν
2333 4637 2505 4706 ὁπόση
2533 4655 2618 4701 τις
2644 4631 2732 4706 ἢν,
2763 4635 2799 4689 ἃ.
2842 4634 3016 4702 φιλεῖν
3055 4634 3162 4687 ἔδει
3194 4634 3288 4687 καὶ
3341 4631 3424 4697 οἷς
3466 4630 3677 4702 χαίρειν
3731 4624 3799 4701 ἦν

2232 4732 2308 4801 μὴ
2341 4732 2646 4801 παρόντων,
2679 4729 2799 4781 οὐδὲ
2837 4730 2865 4781 ὁ
2898 4726 2992 4781 τοῦ
3048 4727 3215 4781 πόθου
3277 4726 3476 4796 δεσμὸς
3522 4724 3799 4794 γνώριμος

2227 4823 2348 4876 οὐδὲ
2378 4823 2436 4873 τὸ
2462 4821 2571 4891 πῦρ
2592 4821 2736 4873 ὅσον.
2770 4816 2876 4872 Ἦν
2915 4822 3025 4889 γὰρ
3057 4821 3116 4872 τὸ
3151 4818 3491 4885 ποθούμενον
3514 4816 3761 4885 οὐδαμοῦ
3785 4831 3799 4846 θ

2226 4915 2339 4977 τοῖς
2369 4913 2425 4966 δὲ
2453 4911 2818 4981 γευσαμένοις
2848 4911 2941 4964 τοῦ
2980 4912 3233 4981 Σωτῆρος
3264 4910 3401 4964 αὐτὸ
3464 4911 3701 4981 πάρεστι
3742 4908 3802 4961 τὸ

2229 5003 2583 5074 ποθούμενον,
2632 5004 2769 5070 πρὸς
2792 5002 2852 5055 6v
2877 5004 2905 5056 6
2930 5002 3273 5074 ἀνθρώπινος
3294 5001 3438 5073 ἔρως
3494 5002 3691 5079 ὥσπερ
3722 5002 3800 5064 είς

2228 5095 2428 5150 κανόνα
2458 5096 2577 5148 τινὰ
2615 5095 2709 5148 καὶ
2734 5094 2858 5162 ὅρον
2891 5094 3312 5159 κατεσκευάσθη
3363 5092 3425 5145 τὸ
3492 5092 3551 5158 ἐξ
3602 5090 3800 5161 ἀρχῆς,

2228 5188 2481 5256 καθάπερ
2519 5186 2790 5257 θησαυρὸς
2821 5185 2962 5240 οὕτω
3005 5186 3204 5255 μέγας,
3238 5183 3383 5239 οὕτω
3415 5183 3603 5254 εὐρὺς,
3662 5184 3801 5236 ὥστε

2229 5281 2362 5333 Θεὸν
2394 5278 2761 5347 ὑποδέξασθαι
2799 5278 3118 5349 δυνηθῆναι.
3161 5277 3325 5331 Ταῦτ’
3357 5276 3463 5345 ἄρα
3521 5277 3617 5327 καὶ
3667 5275 3802 5328 πάν-

2229 5388 2338 5424 των
2369 5371 2700 5442 τυγχάνουσι
2737 5370 2844 5423 τῶν
2876 5370 2939 5429 ὲν
2954 5369 3039 5438 ,τῷ
3069 5369 3169 5439 βίῳ
3211 5368 3392 5421 καλῶν
3413 5383 3428 5399 ⁸
3455 5367 3634 5430 οὐδείς
3684 5368 3800 5418 ἐστι

2236 5466 2415 5532 κόρος,
2457 5466 2563 5517 οὐδ’
2599 5464 2815 5530 ἵστησιν
2844 5463 2996 5515 οὐδὲν
3029 5462 3130 5532 τὴν
3182 5461 3500 5529 ἐπιθυμίαν,
3538 5458 3657 5512 ἀλλ’
3721 5458 3802 5510 ἐτι

2234 5555 2496 5624 διψῶμεν,
2530 5555 2716 5623 ὦσπῖρ
2766 5557 2813 5607 εί
2855 5555 3044 5627 μηδενί
3077 5550 3333 5623 παρῆμεν
3367 5545 3441 5604 ὧν
3475 5548 3801 5616 ἑποθοῦμεν.

632 5761 676 5792 ⁸⁵
705 5760 898 5816 Jerem.
936 5778 1083 5823 χχχι,
1119 5761 1203 5818 51.
1242 5760 1330 5815 32.
1406 5759 1449 5791 ⁸⁸
1487 5758 1612 5813 ibid.
1640 5758 1727 5811 35.
1806 5758 1849 5789 θ’
1874 5758 2006 5813 Ιὶιὶιι.
2051 5757 2119 5811 54

2230 5758 2264 5796 ¹³
2295 5755 2435 5811 Psal.
2470 5770 2655 5821 xxxrv,
2696 5756 2749 5809 4.
2828 5754 3037 5810 "Psal.
3081 5768 3276 5819 xxxrtt,
3318 5751 3374 5807 9.
