4132 6308
311 406 408 471 561

1340 412 1439 473 DE
1485 402 1666 476 VITA
1705 409 1788 472 IN
1826 408 2163 469 CIIRISTO
2196 410 2320 469 LIB
2386 411 2463 471 Ιῐ.

3445 406 3561 471 562

319 521 385 573 Ἦ
413 521 524 592 γὰρ
553 524 665 577 τῶν
701 523 1054 596 ἀνθρωπίνων
1087 526 1276 600 ψυχῶν
1333 528 1462 599 δίψα
1498 527 1727 598 ἀπείρου
1769 524 1871 577 δεῖ·

1977 535 2121 586 mus,
2182 533 2247 575 ac
2305 520 2351 575 si
2405 518 2543 573 nihil
2589 517 3032 575 desideratorum
3090 516 3547 573 obtinuissemus.

309 615 402 667 ταί
431 628 583 676 τινος
615 615 806 681 ὕδατος
827 632 841 647 ’
878 620 907 672 0
934 618 993 672 δὲ
1027 618 1230 690 κόσμος
1256 615 1414 685 οὗτος
1464 619 1880 691 πεπερασμένος

311 705 542 774 ἀρκᾶσαι
567 707 631 778 δὴ
664 707 781 771 πῶς
803 706 1010 763 δύναιτ’
1035 710 1133 777 iv;
1171 712 1284 765 Καὶ
1329 711 1490 765 τοῦτό
1543 713 1711 778 ἐστιν,
1741 711 1879 779 ὅπερ

313 794 342 847 0
372 794 574 864 Κύριος
604 796 895 850 αἰνίττεται
946 798 1085 868 πρὸς
1119 801 1220 860 τὴν
1271 799 1639 871 Σαμαρείτιδα
1668 798 1877 868 λέγων’

325 902 345 935 ι
388 883 447 937 Ὀ
481 886 650 938 πίνων
686 887 752 938 ὲκ
792 886 887 940 τοῦ
941 886 1134 951 ὕδατος
1179 889 1368 943 τούτου
1425 889 1643 960 διψήσει
1671 888 1835 943 πάλιν
1858 904 1885 921 ν

312 975 369 1039 0;
393 976 438 1028 δ’
459 977 525 1030 ἀν
569 977 667 1050 πίῃ
690 979 757 1032 ἐκ
782 979 876 1033 τοῦ
904 979 1117 1044 ὓδατος,
1149 974 1211 1034 οῦ
1249 982 1361 1049 ἐγὼ
1387 982 1543 1035 δώσω
1600 980 1770 1051 αὐτῷ,
1812 980 1875 1034 ού

315 1065 389 1132 μὴ
419 1065 621 1139 διψήσῃ
677 1069 760 1132 είς
794 1068 887 1121 τὸν
936 1069 1128 1125 αἰῶνα.
1164 1088 1183 1121 ι
1243 1070 1418 1126 Τοῦτο
1467 1062 1576 1143 γάρ
1637 1072 1753 1124 ἔστι
1814 1070 1879 1123 :0

308 1151 471 1224 ὕδωρ,
521 1155 551 1209 0
571 1157 672 1228 τὴν
700 1159 996 1229 ἐπιθυμίαν
1023 1160 1206 1232 ἵστησι
1238 1162 1347 1215 τῶν
1390 1160 1745 1231 ἀνθρωπίνων
1773 1161 1879 1232 ψυ-

308 1244 439 1316 χῶν.
484 1264 503 1298 ι
531 1247 992 1320 Χορτασθήσομαι
1046 1256 1176 1323 γὰρ,
1206 1254 1387 1324 φησὶν,
1414 1254 1474 1306 ὲν
1519 1253 1596 1322 τῷ
1646 1252 1878 1323 ὀφθῆναί

305 1351 398 1404 μοι
424 1335 525 1406 τὴν
560 1338 721 1405 δόξαν
758 1331 877 1417 σου.
925 1359 946 1394 ι
986 1342 1094 1395 Καὶ
1124 1344 1231 1415 γὰρ
1258 1342 1537 1415 ὀφθαλμὸς
1591 1346 1691 1414 μὲν
1719 1362 1879 1399 κατε-

301 1427 583 1499 σκευάσθη
614 1424 727 1493 οἷος
758 1430 895 1501 πρὸς
922 1433 982 1486 :0
1010 1433 1124 1502 φῶς
1144 1435 1417 1505 ἀρκέσαι,’
1440 1437 1537 1490 καὶ
1565 1436 1705 1507 ἀκοὴ
1737 1437 1874 1508 πρὸς

248 1524 258 1533 ⁸
300 1515 494 1587 ἤχους,
526 1518 620 1571 καὶ
644 1519 874 1575 ἕκαστον
894 1517 975 1585 οἷς
1007 1524 1267 1595 ἁρμόττει
1291 1541 1305 1556 ’
1362 1525 1544 1596 ψυχῆς
1583 1527 1641 1581 δὲ
1688 1527 1881 1581 ἐπιθυ-

301 1608 407 1678 μία
438 1610 576 1678 πρὸς
604 1611 696 1665 τὸν
733 1614 968 1683 Χριστὸν
996 1615 1135 1669 ἵεται
1167 1618 1347 1688 μόνον.
1388 1620 1501 1674 Καὶ
1537 1621 1599 1674 :0
1641 1621 1875 1675 κατάλυ-

310 1715 390 1766 μα
423 1698 581 1752 τοῦτό
612 1700 760 1753 ἐστιν
799 1702 960 1774 αὐτῇ,
990 1704 1069 1757 ὃτι
1122 1707 1214 1759 καὶ
1268 1707 1470 1777 ἀγαθὸν
1499 1712 1592 1762 καὶ
1644 1710 1873 1781 ἀλήθεια

299 1788 397 1842 καὶ
437 1789 636 1858 ὁτιοῦν,
669 1784 745 1845 ὧν
768 1794 917 1846 ἐστιν
949 1794 1108 1865 ἔρως,
1142 1797 1298 1864 μόνος
1330 1799 1467 1854 ἐστί.
1493 1800 1710 1855 Τούτων
1753 1802 1873 1856 ἓνε-

297 1891 370 1929 κα
397 1877 496 1931 καὶ
554 1879 758 1935 κωλύει
818 1884 948 1946 τοὺς
995 1884 1259 1955 τυχόντας
1311 1888 1463 1942 οὐδὲν
1493 1890 1692 1958 φιλεῖν,
1750 1894 1874 1946 ὅσον

298 1967 508 2039 ἔρωτος
538 1971 598 2044 ἐξ
628 1972 806 2043 ἀρχῆς
836 1977 956 2038 ταῖς
978 1976 1178 2047 ψυχαῖς
1221 1980 1461 2050 ὲνετέθη,
1505 1982 1598 2035 καὶ
1640 1984 1877 2054 χαίρειν,

305 2061 437 2114 ὅσον
480 2061 708 2118 δύναται
760 2066 974 2136 χαίρειν
1002 2070 1036 2138 ἡ
1062 2068 1244 2136 φύσις,
1274 2072 1368 2124 καὶ
1406 2073 1460 2124 εί
1484 2089 1537 2126 τι
1567 2074 1883 2147 πρσέθηκεν

297 2154 487 2217 αὐτοῖς
514 2156 683 2228 ἀρετὴ
730 2160 825 2213 καὶ
854 2161 915 2212 :0
950 2163 1047 2230 τῆς
1087 2163 1493 2235 ἀναγεννήσεως
1541 2165 1706 2239 ὕδωρ.
1752 2169 1876 2224 Ἐπὶ

302 2245 405 2315 μὲν
436 2246 542 2317 γάρ
583 2249 693 2303 τῶν
722 2251 782 2302 ὲν
812 2251 891 2321 τῷ
949 2250 1051 2323 βίῳ
1086 2253 1268 2310 καλῶν
1296 2254 1419 2310 οὔτε
1445 2258 1534 2311 τὸν
1565 2258 1744 2330 ἔρωτα
1783 2260 1876 2313 οῦ-

296 2353 360 2390 τε
387 2338 486 2407 τὴν
515 2341 692 2409 χαρὰν
723 2340 948 2412 ἐνεργὸν
988 2340 1126 2398 εῐναι
1151 2346 1374 2400 δυνατὸν
1398 2348 1740 2420 ψευδομένων
1775 2353 1879 2423 τὴν

298 2429 662 2498 ἐπωνυμίαν·
720 2433 768 2484 εἰ
818 2432 927 2503 γάρ
988 2452 1043 2488 τι
1099 2437 1193 2491 καὶ
1244 2438 1392 2491 δοκεῖ
1444 2441 1626 2508 καλὸν,
1673 2444 1876 2513 φαῦλόν

301 2518 456 2571 ἑστιν
488 2520 709 2575 είδωλον
762 2522 857 2575 τοῦ
914 2523 1166 2596 ἀληθοῦς.
1205 2528 1469 2583 Ἐνταῦθα
1525 2531 1603 2597 δὲ,
1660 2534 1876 2598 ούδενὲς

296 2608 451 2675 ὄντος
479 2612 509 2666 0
535 2613 790 2680 κωλύσει,
816 2614 1129 2685 θαυμαστὸν
1156 2621 1248 2671 καὶ
1286 2620 1526 2692 ἄρρητον
1570 2624 1874 2679 διαδείκνυ-

296 2719 397 2757 ται
418 2705 480 2756 :0
512 2704 733 2774 φίλτρον
784 2708 876 2759 καὶ
917 2708 1120 2777 ἠχαρὰ
1166 2711 1276 2764 οὐδ’
1316 2712 1415 2781 ὅση
1471 2715 1738 2784 μηνῦσαι*
1771 2719 1874 2789 μά-

295 2791 463 2844 λιστα
513 2793 611 2861 μὲν
650 2794 731 2846 ὅτι
781 2794 917 2864 πρὸς
965 2796 1158 2850 ἑαυτὸν
1208 2800 1470 2873 ἑκάτερον
1517 2804 1627 2859 τῶν
1685 2806 1873 2862 παθῶν

295 2879 509 2934 τούτων
542 2880 728 2947 ἔταξεν
753 2886 780 2938 0
803 2884 955 2950 Θεὸς,
993 2887 1076 2940 ἵνα
1104 2890 1263 2944 αὐτὸν
1289 2894 1389 2962 μὲν
1412 2895 1679 2963 φιλῶμεν,
1721 2899 1871 2970 αὐτῷ

294 2972 358 3026 δὲ
423 2973 704 3044 χαίρωμεν
772 2977 918 3048 μόνῳ
946 2995 961 3012 ν
1007 2981 1101 3033 καί
1144 2982 1291 3035 ἐστιν
1338 2985 1651 3052 ἀκόλουθον,
1692 2984 1866 3060 οἶμαι,

299 3063 466 3152 λόγον
492 3065 612 3118 τινὰ
658 3068 795 3136 7:90;
828 3069 887 3121 :0
931 3070 1158 3142 ἄπειρον
1186 3076 1387 3142 ἀγαθὸν
1437 3080 1613 3134 ἐκεῖνο
1646 3082 1862 3152 σώζειν,

294 3150 396 3203 καὶ
424 3152 613 3205 τοῦτον
638 3153 710 3217 ὡς
736 3157 911 3210 εἰπεῖν
952 3159 1044 3212 τὸν
1083 3163 1281 3232 τρόπον
1306 3165 1617 3239 σύμμετρον
1639 3167 1800 3225 εἶναι.

365 3244 669 3314 Σκοπῶμεν
713 3246 777 3317 δὴ
802 3248 863 3300 :0
910 3249 1140 3319 μέγεθος
1183 3255 1325 3322 ὅσον,
1360 3258 1548 3313 ἔπειτα
1580 3263 1681 3332 τῆς
1711 3264 1875 3333 ὑπερ-

288 3334 465 3406 σολῆς
495 3338 718 3391 κάκεῖνο
750 3344 995 3411 σημεῖον.
1039 3345 1264 3400 Πάντων
1316 3349 1447 3418 γὰρ,
1498 3345 1572 3406 ὧν
1628 3355 1874 3426 ὑπῆρξεν

290 3428 376 3489 είς
404 3427 554 3496 ἡμᾶς
580 3428 825 3496 ἀγαθῶν,
860 3433 1027 3502 μόνην
1052 3436 1286 3506 ἀμοιϐὴν
1313 3441 1498 3509 ἠγεῖτο
1527 3443 1588 3496 τὸ
1620 3446 1870 3516 φίλτρον,

288 3520 385 3571 καὶ
413 3519 572 3572 τοῦτο
604 3522 736 3588 παρ’
755 3523 911 3593 ήμῶν
935 3526 983 3578 εί
1009 3525 1183 3591 λάϐοι,
1207 3529 1324 3582 λύει
1348 3531 1406 3583 τὸ
1428 3535 1613 3602 χρέος’
1639 3537 1667 3589 ὃ
1692 3540 1873 3596 τοίνυν

285 3609 539 3679 ἀπείρων
587 3612 741 3685 ἐστὶν
786 3613 1118 3686 ἀντίρροπον
1163 3621 1383 3687 ἀγαθῶν
1435 3626 1587 3695 παρά
1646 3644 1709 3695 γε
1751 3631 1870 3701 Θεῷ

283 3701 548 3774 δικαστῇ,
591 3704 709 3769 πῶς
739 3706 835 3777 οὐχ
854 3708 1157 3779 ύπερφυές;
1192 3712 1459 3784 Πρόδηλον
1488 3717 1545 3770 δὲ
1568 3719 1650 3774 ὅτι
1674 3724 1741 3794 τῇ
1770 3725 1870 3793 τῆς

282 3796 520 3863 ἀγάπης
552 3796 822 3868 ὑπερϐολῇ
858 3801 1203 3855 παντάπασιν
1261 3804 1557 3876 ἐφάμιλλος
1600 3812 1632 3880 ἠ
1682 3815 1864 3884 χαρά’

282 3890 378 3938 καὶ
404 3885 491 3955 τῷ
523 3886 730 3958 φίλτρῳ
762 3889 1051 3958 συμϐαίνει
1088 3892 1174 3945 διά
1231 3895 1445 3951 πάντων
1473 3899 1533 3952 :0
1555 3901 1749 3967 γάννος
1775 3909 1869 3959 καὶ

280 3979 581 4032 ἀκολουθεῖ
610 3981 851 4049 μεγίστῳ
892 3983 1167 4051 μέγιστον.
1218 3987 1468 4041 Φαίνεται
1510 3992 1716 4045 ίτοίνυν
1746 3999 1867 4062 ταῖς
1909 4041 1912 4045 .

279 4067 664 4139 ἀνθρωπίναις
691 4071 910 4141 ψυχαῖς,
952 4074 1173 4142 ἀγάπης
1231 4078 1328 4130 καὶ
1383 4082 1559 4150 χαρᾶς
1619 4085 1866 4156 μεγάλην

276 4160 404 4213 τινὰ
469 4158 564 4212 καὶ
609 4159 930 4233 θαυμαστὴν
986 4166 1306 4220 ἀποκεῖσθαι
1370 4172 1725 4243 παρασκευὴν
1770 4177 1865 4229 καὶ

276 4252 564 4322 παρόντος
588 4251 683 4305 τοῦ
717 4253 793 4316 ὡς
831 4254 1046 4323 ἀληθῶς
1089 4257 1369 4328 χαρίεντος
1423 4263 1516 4331 καὶ
1573 4264 1861 4337 ἀγαπητοῦ

274 4343 594 4415 τηνικαῦτα
624 4344 825 4408 τελέως
855 4348 1079 4416 ἐνεργὸν
1124 4345 1297 4403 εἷναι·
1332 4354 1426 4406 καὶ
1482 4354 1637 4410 τοῦτό
1688 4360 1858 4429 ἐστιν,

274 4435 422 4505 ὅπερ
504 4436 680 4505 χαρὰν
728 4438 757 4489 0
804 4440 993 4508 Σωτὴρ
1042 4442 1477 4514 πεπληρωμένην
1530 4449 1703 4505 καλεῖ.
1757 4452 1858 4504 Διά

273 4525 463 4579 ταῦτα
512 4527 606 4578 καὶ
655 4524 749 4578 τοῦ
813 4528 1127 4596 Πνεύματος
1169 4531 1608 4602 ἐπιδημήσαντος
1661 4538 1862 4608 ἀτῳοῦν

276 4616 373 4669 καὶ
408 4613 530 4669 τῶν
559 4615 727 4669 αὐτοῦ
764 4619 1086 4686 μεταδόντος
1118 4618 1223 4673 τῶν
1277 4622 1622 4693 ἀνασχόντων
1652 4628 1863 4682 ἐκεῖθεν

275 4706 542 4779 καρπῶν,
576 4709 645 4760 τὰ
673 4707 897 4779 πρώτην
928 4709 1120 4780 ἔχοντα
1187 4711 1342 4777 τάξιν
1389 4716 1576 4783 ἀγάπη
1603 4717 1717 4769 ἐστὶ
1767 4721 1863 4772 καὶ

275 4802 445 4870 χαρά.
506 4817 525 4851 ι
565 4801 621 4855 ⁸0
678 4804 788 4873 γὰρ
839 4803 1050 4869 καρπὸς
1116 4804 1210 4858 τοῦ
1271 4807 1607 4876 Πνεῦματος,
1675 4813 1863 4882 φησὶν,

274 4892 506 4960 ἀγάπη,
540 4893 716 4961 χαρά·
753 4911 772 4945 ι
807 4895 868 4945 :0
899 4893 954 4946 δὲ
995 4896 1185 4961 αἴτιον,
1214 4897 1296 4951 ὅτι
1342 4898 1498 4951 τοῦτο
1519 4900 1733 4971 πρῶτον
1784 4903 1868 4956 αῐ-

278 4981 489 5050 σθησιν
550 4981 746 5035 ἑαυτοῦ
802 4985 1031 5053 παρέχει
1087 4990 1205 5049 ταῖς
1272 4988 1470 5058 ψυχαῖς
1526 4992 1807 5063 ἐπιδημῶν
1838 4997 1864 5048 0

277 5074 445 5133 θεός.
488 5072 893 5141 Δίσθανὸμενος
924 5074 981 5127 δὲ
1019 5076 1111 5129 τοῦ
1162 5079 1364 5147 ἀγαθοῦ
1400 5083 1492 5134 καὶ
1537 5085 1712 5152 φιλεῖν
1764 5080 1864 5138 ’καὶ

277 5164 509 5233 χαίρειν
553 5162 791 5231 ἀνάγκη,
823 5164 944 5216 ἐπεὶ
996 5167 1090 5219 καὶ
1136 5172 1462 5237 σωματικῶς
1524 5176 1714 5241 φανεὶς
1750 5181 1862 5241 τοῖς

278 5254 607 5327 ἀνθρώποις
637 5253 799 5307 τοῦτο
851 5255 1072 5322 πρῶτον
1109 5259 1241 5329 παρ’
1273 5263 1429 5330 ἡμῶν
1487 5265 1709 5337 ἀπῄτει,
1766 5271 1863 5340 τὴν

281 5347 593 5414 ἐπίγνωσιν
614 5344 715 5416 τὴν
745 5345 940 5399 ἑαυτοῦ
966 5362 980 5377 ο
1018 5351 1109 5400 καὶ
1138 5349 1295 5403 τοῦτο
1319 5353 1588 5420 ἐδίδασκε,
1618 5358 1712 5412 καὶ
1739 5361 1863 5413 τοῦ-

279 5452 346 5487 το
374 5436 607 5502 εἰσῆγεν
634 5424 818 5503 εύθῦς,
858 5437 1057 5505 μᾶλλον
1113 5438 1169 5492 δὲ
1202 5439 1290 5494 διὰ
1337 5442 1495 5498 τοῦτο
1529 5448 1721 5518 μέχρις
1780 5453 1865 5505 al-

283 5526 546 5595 σθήσεως
567 5523 701 5596 ἦλθε
729 5530 825 5601 καὶ
857 5527 997 5599 ὑπὲρ
1050 5530 1239 5584 τούτου
1287 5532 1346 5586 :0
1391 5537 1501 5589 πᾶν
1538 5540 1856 5609 είργάσατο.

285 5633 303 5663 ι
332 5617 450 5668 Καὶ
483 5617 590 5688 γὰρ
622 5618 703 5682 είς
735 5618 913 5683 τοῦτο,
949 5623 1105 5691 φησὶ,
1137 5624 1469 5694 γεγέννημαι
1499 5631 1589 5682 καὶ
1619 5633 1698 5695 είς
1737 5633 1859 5686 τοῦ·

363 5796 412 5826 “
446 5791 603 5851 Joan.
644 5811 716 5864 tv,
747 5796 838 5865 14,
879 5798 966 5853 15.
1043 5801 1088 5831 ⁸³
1125 5801 1261 5856 l’sal.
1296 5820 1405 5871 xw,
1442 5804 1523 5858 15.
1601 5808 1643 5837 ⁸⁷
1677 5808 1866 5862 Matth.
1902 5825 1994 5875 ιιι,
2034 5811 2080 5863 7.

1979 612 2299 666 Animarum
2347 611 2547 681 quippe
2576 610 2937 666 humanarum
2981 609 3105 666 sitis
3138 610 3379 680 quadam
3408 624 3551 679 aqua

1980 703 2192 760 inlinita
2245 703 2451 774 indiget
2496 718 2511 755 :
2566 701 2659 757 cui
2716 704 2954 758 mundus
3012 700 3116 756 iste
3176 699 3381 755 tlnitus
3448 699 3553 768 'qui

1978 796 2157 867 possit
2183 793 2435 849 sumeere
2466 793 2491 847 τ
2544 792 2607 848 Ει
2641 794 2745 848 hoc
2771 801 2857 847 est
2887 791 3028 861 quod
3064 790 3329 846 Dominus
3356 790 3553 845 tectius

1978 886 2338 942 Samaritana:
2374 886 2450 940 ait
2484 903 2499 941 :
2547 902 2567 936 ι
2597 883 2703 950 Qui
2739 883 2938 938 biberit
2966 898 3031 937 ex
3067 884 3169 937 hac
3190 897 3356 951 aqua,
3404 881 3554 942 sitiet

1979 978 2203 1033 iterum.
2257 976 2363 1043 Qui
2420 984 2603 1031 autem
2654 975 2856 1030 biberit
2895 988 2962 1028 ex
3016 988 3181 1043 aqua,
3239 987 3405 1039 quam
3452 986 3554 1042 ego

1977 1070 2122 1126 dabo
2148 1070 2220 1136 ei,
2245 1085 2356 1124 non
2388 1069 2543 1124 sitiet
2570 1069 2625 1122 in
2668 1075 2933 1123 aeternum
2959 1066 3027 1121 ⁸⁸.
3068 1084 3089 1117 ι
3128 1065 3256 1120 Haec
3293 1065 3437 1119 enim
3465 1071 3552 1119 est

1979 1177 2158 1234 aqua,
2214 1176 2339 1233 qua:
2384 1161 2694 1216 animarum
2749 1159 3116 1214 humanarum
3182 1156 3549 1227 appetentiam

1979 1256 2155 1313 sedat.
2226 1271 2248 1307 ι
2285 1252 2560 1318 Satiabor,
2600 1251 2799 1321 inquit,
2848 1264 2974 1305 cum
3027 1246 3340 1318 apparuerit
3380 1245 3550 1316 gloria

1981 1344 2168 1417 tua“.
2202 1361 2222 1395 ι
2254 1342 2469 1398 Etenim
2499 1342 2710 1398 oculus
2757 1349 3111 1409 comparatus
3164 1346 3247 1393 est
3295 1336 3387 1392 ille
3429 1335 3552 1405 qui-

1977 1435 2126 1500 dem,
2162 1444 2218 1489 ut
2249 1435 2318 1488 ad
2352 1434 2533 1489 lumen
2582 1432 2993 1504 percipiendum
3043 1428 3295 1491 sulllciat,
3350 1436 3406 1482 et
3454 1442 3552 1481 au-

1976 1525 2113 1580 ditio
2136 1528 2202 1581 ad
2224 1540 2441 1590 sonum,
2472 1533 2527 1578 et
2557 1523 2983 1593 unumquodque
3008 1521 3210 1592 quibus
3241 1519 3498 1588 congruit
3530 1533 3547 1571 :

1979 1618 2172 1672 animae
2242 1627 2425 1671 autem
2492 1616 2829 1671 desiderium
2903 1615 2973 1667 ad
3046 1612 3325 1667 Christum
3377 1610 3550 1665 fertur

1977 1708 2178 1774 solum,
2200 1708 2382 1763 ethoc
2415 1708 2492 1761 illi
2525 1706 2888 1761 diversoriqu
2917 1722 2934 1770 ;
2985 1703 3115 1774 quia
3144 1714 3194 1758 et
3227 1702 3457 1764 bonum,
3496 1709 3551 1754 et

1976 1801 2203 1865 veritas,
2242 1808 2296 1855 et
2330 1800 2700 1869 quodcunque
2743 1796 2998 1861 amabile,
3043 1795 3197 1850 solus
3224 1802 3329 1850 est.
3373 1792 3547 1859 Quem

1976 1895 2068 1964 qui
2111 1892 2348 1949 assecuti
2383 1900 2532 1955 sunt,
2580 1906 2676 1945 eos
2735 1888 2869 1944 nihil
2919 1885 3143 1956 impedit
3200 1897 3425 1953 amare,
3452 1898 3549 1953 pro

1975 1999 2042 2039 eo
2072 1992 2309 2052 quantus
2339 1997 2491 2037 amor
2523 1985 2591 2036 ab
2636 1981 2793 2035 initio
2840 1977 3133 2033 animabus
3170 1984 3257 2031 est
3305 1973 3545 2034 insitus;

1976 2082 2025 2127 et
2052 2072 2289 2141 gaudere
2323 2082 2588 2142 quantum
2621 2081 2819 2125 natura
2867 2069 3104 2139 gaudere
3134 2074 3348 2137 potest;
3399 2072 3453 2119 et
3501 2062 3547 2118 si

1976 2164 2105 2232 quid
2151 2164 2288 2231 ipsis
2328 2165 2502 2217 virtus
2555 2173 2610 2217 et
2644 2162 3080 2232 regenerationis
3135 2176 3278 2230 aqua
3325 2158 3545 2229 adjecit.

1976 2251 2033 2305 ln
2072 2252 2231 2305 bonis
2282 2251 2428 2304 enim
2474 2251 2599 2304 vita:
2642 2250 2831 2317 hujus,
2880 2264 3078 2304 nomen
3125 2249 3544 2312 mentientibus,

1975 2358 2158 2415 neque
2202 2358 2356 2398 amor
2406 2357 2582 2412 neque
2628 2341 2884 2412 gaudium
2919 2340 3103 2410 vigere
3153 2348 3349 2407 potest.
3411 2337 3544 2391 Nam

1974 2437 2076 2493 etsi
2114 2436 2245 2507 quid
2295 2436 2500 2491 bonum
2543 2436 2791 2499 videtur,
2841 2432 3003 2486 inane
3046 2430 3157 2485 veri
3208 2430 3336 2483 boni
3375 2428 3550 2483 simu-

1974 2529 2186 2586 lacrum
2226 2536 2332 2584 εει.
2382 2527 2480 2583 Ηίο
2527 2535 2705 2580 autem
2739 2539 2862 2580 cum
2895 2523 3032 2578 nihil
3063 2522 3136 2579 sit
3163 2520 3310 2591 quod
3345 2520 3543 2580 obstet.

1976 2616 2316 2673 admirabilis
2359 2624 2415 2670 et
2464 2613 2757 2669 ineﬁ’abilis
2784 2627 2960 2677 amor,
3004 2620 3060 2666 et
3090 2609 3332 2665 Charitas
3376 2623 3550 2677 quau-

1974 2717 2083 2765 tam
2114 2708 2293 2764 verbis
2328 2688 2509 2762 meme
2539 2704 2914 2774 descripserit,
2948 2700 3276 2757 ostenditur.
3312 2698 3550 2753 Maximo

1973 2814 2097 2856 cum
2140 2800 2208 2854 ad
2249 2813 2308 2853 se
2343 2799 2523 2868 ipsum
2556 2806 2851 2865 utrumque
2883 2796 3078 2850 horum
3117 2793 3413 2849 aﬂectuum
3463 2794 3547 2844 in.

1972 2892 2217 2948 stituerit
2271 2891 2439 2955 Deus,
2496 2901 2555 2943 ut
2609 2889 2793 2960 ipsum
2836 2888 3152 2963 diligamus,
3201 2897 3379 2954 eoque
3428 2883 3548 2938 solo

1970 2983 2329 3054 gaudeamus.
2390 2981 2455 3037 Et
2484 2989 2568 3036 est
2615 2995 2978 3049 consequens,
3023 2987 3082 3033 ut
3130 2976 3409 3039 existimo,
3459 2990 3548 3028 ra-

1970 3076 2173 3131 tionem
2215 3076 2510 3145 quamdam
2566 3075 2633 3128 ad
2672 3076 2872 3128 bonum
2926 3071 3055 3126 illud
3109 3070 3384 3124 intinitum
3430 3081 3545 3122 ser-

1898 3173 1943 3236 C
1975 3183 2125 3232 vare,
2156 3176 2211 3223 et
2248 3169 2414 3243 hunc,
2444 3176 2504 3221 ut
2537 3167 2774 3221 breviter
2807 3166 3005 3227 dicam,
3044 3164 3267 3219 modum
3294 3179 3435 3219 esse.

2049 3256 2468 3313 Consideremus
2499 3255 2688 3326 igitur,
2718 3262 2920 3323 quanta
2944 3254 3022 3308 sit
3055 3254 3175 3323 ejus
3206 3252 3542 3322 magnitudo.

1975 3348 2179 3403 Deinde
2223 3346 2562 3402 excellentize
2610 3353 2665 3401 et
2708 3343 2842 3399 illud
2880 3343 3100 3412 signum
3142 3350 3243 3397 est.
3284 3342 3544 3397 Omnium

1973 3439 2117 3495 enim
2154 3439 2448 3501 bonorum,
2497 3450 2618 3507 qua:
2653 3435 2801 3489 ultro
2852 3435 3009 3488 nobis
3059 3433 3317 3502 praebuit,
3371 3433 3543 3487 solam

1973 3531 2468 3601 compensationem
2523 3529 2677 3582 ducit
2728 3543 2999 3602 amorem,
3048 3542 3213 3595 quem
3242 3526 3348 3581 sia
3386 3525 3547 3581 nobis

1972 3622 2243 3690 retulerit.
2276 3622 2499 3676 nomina
2543 3623 2827 3690 expungit.
2876 3620 2978 3687 Qui
3015 3635 3146 3690 ergo
3186 3619 3344 3674 bonis
3389 3619 3546 3672 innu-

1973 3712 2326 3767 merabilibus
2354 3712 2467 3781 pari
2493 3712 2639 3766 velut
2663 3712 2902 3781 pondere
2935 3712 3248 3784 respondet,
3272 3711 3548 3781 quomodo

1971 3802 2113 3870 apud
2142 3802 2311 3857 Deum
2338 3803 2581 3873 judicem
2613 3820 2722 3858 non
2758 3805 2830 3858 sit
2856 3803 3545 3859 excellentissimus?Cer-

1973 3901 2087 3947 tum
2115 3902 2196 3948 est
2231 3907 2422 3966 porro,
2448 3892 2709 3961 gaudium
2746 3907 2964 3961 aequare
3003 3893 3229 3947 oumiuo
3257 3892 3546 3951 cltaritatis

1970 3982 2443 4061 magnitudinem,
2505 3992 2561 4037 et
2621 3983 2795 4037 amori
2853 3982 3199 4052 coniunctam
3260 3998 3385 4038 esse
3450 3998 3546 4051 per

1970 4074 2152 4126 omnia
2193 4072 2553 4148 voluptatem,
2608 4081 2661 4126 et
2710 4072 3011 4126 maximum
3069 4072 3323 4126 comitari
3372 4073 3547 4128 maxi-

1967 4179 2137 4217 mam.
2165 4161 2349 4232 itaque
2368 4163 2622 4215 humanis
2647 4162 2939 4216 animabus
2963 4162 3256 4216 charitatis
3286 4172 3340 4216 et
3360 4161 3543 4230 gaudii

1965 4256 2234 4325 insignem
2268 4254 2560 4324 quamdam
2593 4264 2646 4310 et
2676 4254 3053 4309 admirabilem
3108 4255 3394 4309 materiam
3423 4268 3545 4307 esse

1964 4346 2285 4425 repositam,
2339 4357 2393 4402 et
2451 4358 2718 4417 praesente
2764 4361 2890 4402 vere
2930 4345 3162 4416 pulchro
3220 4356 3273 4401 et
3320 4346 3543 4412 dilecto,

1964 4437 2399 4494 eiiicacissimam
2438 4453 2561 4495 esse
2594 4445 2761 4509 patet.
2806 4438 2875 4493 Et
2909 4438 3014 4494 hoc
3040 4446 3125 4493 est
3164 4439 3312 4509 quod
3353 4439 3545 4494 Salva-

1891 4505 1941 4565 D
1969 4536 2054 4583 tor
2079 4529 2338 4599 gaudium
2369 4505 2797 4594 plenum-vocat.
2833 4546 2852 4581 ι
2890 4529 3082 4604 Ρειὶιε,
3127 4547 3145 4581 ι
3181 4505 3388 4599 inquit,
3429 4548 3447 4580 ι
3488 4540 3541 4582 et

1968 4621 2268 4694 accipietis,
2317 4631 2375 4674 ut
2426 4621 2682 4690 gaudium
2735 4629 2975 4675 vestrum
3025 4622 3098 4676 sit
3152 4622 3372 4690 plenum
3403 4621 3474 4673 ⁸⁷.
3518 4641 3537 4672 ι

1969 4713 2315 4781 Quapropter
2348 4727 2471 4767 cum
2505 4710 2745 4783 Spiritus
2775 4728 2993 4782 quoque
3035 4712 3295 4777 venisset,
3329 4708 3539 4774 suaque

1971 4808 2112 4861 dona
2140 4807 2480 4884 contulisset,
2510 4806 2785 4862 fructuum
2818 4807 2944 4862 inde
2993 4807 3287 4861 oriebtium
3331 4806 3539 4876 primas

1975 4899 2301 4969 charitasiet
2328 4901 2586 4969 gaudium
2620 4901 2882 4957 tulerunt.
2912 4918 2933 4952 ι
2972 4898 3208 4953 Fructus
3240 4898 3385 4953 enim
3416 4896 3540 4969 Spi—

1977 4992 2137 5056 ritus,
2174 5010 2191 5042 ι
2248 4993 2445 5062 inquit,
2499 5012 2517 5043 ι
2567 5002 2650 5048 εει
2701 4992 2981 5061 gaudium,
3015 4999 3069 5045 et
3118 4990 3358 5047 charitas
3402 4991 3470 5046 ⁸⁸.
3515 5011 3534 5044 ι

1972 5082 2097 5138 hleo
2150 5084 2421 5150 videlicet,
2466 5085 2611 5154 quod
2654 5085 2707 5139 in
2745 5085 2842 5156 _lli3
2885 5084 3116 5152 primum
3170 5097 3395 5139 sensum
3451 5085 3536 5140 sui

1973 5174 2146 5244 ipsius
2168 5176 2455 5230 animabus
2484 5176 2686 5243 praebet
2712 5174 3005 5229 adveniens
3031 5173 3195 5230 Deus.
3225 5174 3538 5234 Sentientes

1971 5265 2114 5319 enim
2155 5265 2285 5320 illud
2318 5266 2519 5320 bonum
2579 5275 2636 5321 et
2686 5280 2871 5320 amare
2921 5274 2976 5320 et
3024 5267 3263 5337 gaudere
3312 5284 3540 5324 necesse

1972 5365 2075 5411 est.
2108 5356 2373 5423 Quoniam
2405 5368 2458 5414 et
2491 5358 2663 5413 forma
2714 5360 3030 5429 aspectabili
3084 5361 3398 5417 hominibus
3441 5377 3537 5432 ap—

1973 5461 2189 5515 parens,
2233 5449 2336 5502 hoc
2363 5450 2575 5517 signum
2610 5450 2903 5519 agnitionis
2934 5467 3045 5505 sua!
3072 5467 3100 5506 a
3145 5453 3306 5507 nobis
3342 5453 3532 5520 exigit.

1971 5536 2035 5593 Et
2084 5539 2185 5593 hoc
2213 5540 2420 5603 docuit,
2462 5542 2652 5595 ethoc
2685 5543 2868 5596 statim
2919 5542 3167 5605 induxit;
3216 5542 3299 5596 vel
3346 5540 3532 5609 potius

1970 5640 2191 5701 propter
2222 5632 2321 5685 hoc
2351 5633 2415 5684 ad
2442 5647 2661 5687 sensum
2698 5651 2869 5705 usque
2900 5651 2958 5691 se
2990 5636 3230 5695 demisit,
3270 5642 3326 5688 et
3369 5632 3544 5701 hujus

2162 5812 2205 5841 ⁸³
2235 5812 2388 5865 Galat
2446 5829 2493 5874 ι’,
2526 5814 2616 5867 22.
