4158 6306
591 371 696 431 563

1777 377 2082 439 NICOLAI
2121 380 2438 441 CABASIL
2458 383 2507 440 Ε

3710 375 3814 439 564

584 496 746 537 causa
779 487 951 535 totum
984 478 1133 536 fecit.
1189 480 1398 537 Etenim
1429 485 1500 539 oh
1532 485 1636 540 hoe
1680 500 1740 541 se
1769 499 1956 542 natum
1998 504 2140 555 esse,

2264 509 2308 545 το
2344 492 2575 560 ἐλήλυθα
2614 492 2691 550 είς
2729 490 2820 543 τὸν
2850 489 3075 560 κόσμον,
3117 487 3206 542 ῖνα
3235 487 3567 559 μαρτυρήσω
3590 490 3656 558 τῇ
3683 492 3816 559 ἀληι-

581 581 637 627 et
664 572 735 626 ob
773 571 879 626 hoc
923 571 1137 628 venisse
1163 573 1216 626 in
1263 575 1526 628 mundum
1559 576 1658 641 ait,
1693 593 1713 626 ι
1754 584 1814 630 ιιι
1840 578 2147 646 perhiberet

582 660 954 716 testimonium
999 661 1212 716 veritati
1235 662 1305 716 ".
1343 681 1364 714 ι
1403 665 1564 733 Atqui
1608 664 1810 720 veritas
1862 666 1978 736 ipse
2025 677 2148 723 erat

582 753 790 820 utique,
824 760 1032 806 tantum
1073 767 1182 806 non
1210 753 1420 816 dicens,
1453 765 1512 808 ut
1547 769 1634 810 me
1677 754 1858 824 ipsum
1886 758 2144 812 ostende—

583 861 716 900 rem.
747 846 859 901 Hoc
888 846 1052 900 etiam
1083 861 1230 902 nunc
1261 847 1548 916 baptizatis
1577 847 1872 903 adveniens
1901 856 2143 917 prastat,

580 946 629 990 et
674 938 1044 992 testimonium
1083 938 1334 1006 perhibet
1365 938 1602 1004 veritati,
1638 940 1842 997 bonum
1872 940 2151 1010 opinionis

580 1035 788 1080 tantum
840 1027 1094 1094 cjiciens,
1167 1028 1454 1083 veritatem
1513 1039 1705 1085 contra
1761 1029 2146 1094 introducens.

2255 582 2392 654 θείᾳ.
2433 600 2454 635 ι
2506 581 2760 652 ’Δλήθεια
2797 580 2853 634 δὲ
2879 579 2989 651 ἀρα
3015 578 3178 643 αὐτὸς
3219 573 3313 651 ἦν,
3352 579 3578 648 μονονοὺ
3623 577 3814 644 λέγων,

2255 673 2343 726 ἵνα
2399 673 2634 742 ἐμαυτὸν
2663 672 2948 738 ἀναδείξω.
2986 669 3159 726 Τοῦτο
3218 670 3316 725 καὶ
3361 669 3456 724 νῦν
3501 671 3646 723 ποιεῖ
3705 672 3818 732 τοῖς

2253 763 2673 833 βαπτιζομένοις
2695 761 2997 831 ἐπιδημῶν,
3027 761 3120 816 καὶ
3144 761 3413 832 μαρτυρεῖ
3457 761 3526 833 τῇ
3566 758 3816 829 ἀληθείᾳ,

2251 852 2314 905 τὸ
2342 851 2442 922 μὲν
2471 852 2664 906 δοκοῦν
2712 850 2918 919 ἀγαθὸν
2943 849 3246 914 ἐκϐάλλων,
3292 849 3356 904 τὺ
3375 847 3434 903 et
3483 848 3684 918 ἀληθὲς
3709 851 3857 901 σία-κ
3937 920 3945 930 1

2250 940 2402 1010 ἀγων
2428 941 2523 994 καὶ
2578 939 2906 1010 προδεικνὺς
2964 939 3081 1006 καὶ,
3113 939 3145 994 δ
3205 953 3372 1008 φησιν
3437 937 3621 1004 αὐτὸς,
3657 937 3820 1001 αὐτὸς

2250 1029 2442 1084 ἑαυτὸν
2465 1028 2650 1092 αὐτοῖς
2677 1029 3014 1099 ἑμφανίζων.

577 1129 633 1172 et
683 1119 1109 1184 prwoslendens,
1159 1129 1214 1175 et
1257 1119 1406 1190 quod
1442 1121 1519 1176 ait
1545 1121 1662 1192 ipse
1692 1120 1764 1189 θ’,
1809 1122 1926 1192 ipse
1968 1130 2144 1178 semet
2188 1121 2299 1178 illis
2333 1120 2714 1178 manifestans.

649 1205 764 1264 Hoc
792 1219 973 1264 autem
1007 1226 1130 1266 esse
1164 1227 1379 1281 verum,
1399 1213 1540 1268 lotos
1570 1214 1674 1268 hoc
1711 1213 1932 1270 lavacro
1965 1215 2136 1270 Deum

579 1301 982 1369 quodammodo
1006 1305 1266 1374 experiri,
1288 1319 1353 1359 ex
1379 1306 1546 1360 rebus
1566 1305 1718 1374 ipsis,
1748 1315 1807 1361 ut
1823 1307 2148 1370 memoravi,

2329 1213 2516 1266 Ταῦτα
2557 1212 2616 1266 δὲ
2657 1213 2732 1275 ὡς
2772 1211 2948 1282 ἀληθῆ
2979 1208 3078 1265 καὶ
3109 1209 3173 1264 τὺ
3209 1209 3436 1282 λουτρὸν
3481 1210 3531 1264 οἱ
3567 1207 3818 1280 λούμενοι

2258 1304 2420 1360 τοῦτο
2457 1303 2594 1358 Θεοῦ
2622 1321 2744 1358 τινα
2785 1303 3037 1373 δέχονται
3081 1303 3302 1371 πεῖραν,
3371 1301 3624 1370 φαίνεται
3696 1301 3818 1371 μὲν,

579 1397 775 1444 elucet.
795 1389 950 1456 Quod
969 1391 1017 1447 si
1038 1393 1201 1446 etiam
1221 1394 1551 1450 testimoniis
1564 1404 1648 1450 est
1665 1409 1826 1466 opus,
1846 1411 1970 1451 cum
1992 1396 2150 1456 multi

2264 1388 2407 1469 ᾗπερ
2437 1395 2596 1464 ἔφην,
2632 1394 2740 1448 ἀπὸ
2788 1394 2898 1448 τῶν
2945 1395 3291 1462 πραγμάτων
3318 1392 3518 1447 αὐτῶν.
3572 1392 3636 1447 Et
3659 1391 3715 1445 δὲ
3741 1391 3824 1444 δεῖ

579 1479 710 1542 sint,
741 1490 795 1533 et
815 1479 907 1535 Dei
934 1491 1206 1549 amantes,
1232 1492 1288 1539 et
1312 1485 1404 1554 qui
1429 1486 1569 1555 apud
1588 1500 1711 1540 eum
1735 1486 2026 1555 plurimum
2046 1502 2145 1556 po-

2264 1485 2356 1539 καὶ
2393 1484 2732 1555 μαρτυριῶν,
2767 1483 2980 1538 πολλῶν
3011 1484 3110 1538 καὶ
3141 1483 3406 1552 θεοφιλῶν
3429 1483 3599 1538 δντων
3635 1483 3729 1537 καὶ
3754 1483 3821 1536 τά

583 1569 930 1646 ιυετιιιιι,(ιυὶ
952 1571 1320 1628 testimonium
1341 1574 1547 1640 dicant,
1567 1573 1794 1630 sufficiet
1820 1589 1964 1630 unus
1984 1575 2158 1628 instar

2265 1576 2480 1645 μεγάλα
2541 1575 2676 1645 παρ’
2732 1573 2882 1644 αὐτῷ
2923 1573 3283 1644 δυνηθέντων,
3346 1567 3392 1641 ᾧ
3463 1571 3820 1642 μαρτυροῦσι,

580 1656 824 1712 omnium
837 1657 1148 1727 Joannes",
1161 1661 1252 1730 qui
1264 1663 1496 1718 animam
1511 1663 1640 1719 solis
1651 1663 2153 1732 radiolucidiorem,

2264 1665 2502 1734 μάλιστα
2563 1665 2782 1720 πάντων
2815 1663 2874 1726 ὃς
2908 1663 3030 1717 ἀντὶ
3058 1661 3280 1716 πάντων
3315 1659 3603 1731 παρελθὼν
3659 1660 3826 1729 ἀρκέ-

581 1757 635 1800 et
654 1746 890 1817 linguam
904 1763 1038 1804 auro
1056 1750 1478 1820 splendidiorem
1498 1753 1679 1808 habet.
1702 1753 1809 1809 Sed
1829 1755 1972 1809 enim
1992 1755 2153 1810 verba

2264 1771 2405 1824 σειεν
2434 1754 2501 1809 ἂν
2515 1754 2770 1823 Ἰωάννης
2800 1755 2829 1806 ὁ
2858 1750 3215 1822 φαιδροτέραν
3240 1750 3338 1820 μὲν
3359 1750 3458 1814 τῆς
3483 1750 3702 1812 ἀκτῖνος
3722 1750 3822 1817 τὴν

582 1839 697 1906 ipsa
729 1839 890 1907 hujus
922 1839 1120 1911 lingua:
1151 1842 1442 1899 recitemus
1477 1853 1712 1914 oportet.
1749 1844 1854 1900 Sed
1887 1846 2014 1915 quid
2045 1854 2150 1910 est,

2264 1845 2436 1915 ψυχὴν
2490 1845 2655 1914 ἔχων,
2709 1843 3097 1914 λαμπροτέραν
3143 1842 3198 1895 δὲ
3249 1839 3455 1912 χρυσοῦ
3482 1838 3581 1908 τὴν
3611 1838 3819 1908 φωνήν.

586 1944 605 1977 ι
642 1927 880 1982 Gloriam
921 1928 1138 1986 Domini
1171 1932 1534 2001 speculantes,
1574 1936 1870 1991 secundum
1900 1934 2145 1990 eamdem

2264 1907 2434 1987 deinde
2598 1907 2810 2002 ἀγαθῆς
2843 1907 3097 2000 γλώσσης
3129 1907 3438 1997 ἀναγνῶναι
3478 1907 3547 1979 τά
3579 1907 3818 1996 ῥήματα.

581 2016 868 2087 imaginem
905 2019 1360 2075 transformamur
1382 2022 1468 2074 ’-'?
1508 2041 1526 2074 ι
1564 2022 1883 2080 Evidentius
1929 2025 2146 2092 quidem

2264 2022 2376 2077 ιΤί
2405 2022 2461 2076 δέ
2499 2023 2639 2088 ἔστι,
2693 2020 2795 2093 τὴν
2853 2021 3018 2086 δόξαν
3074 2019 3285 2090 Κυρίου
3328 2015 3824 2086 κατοπτριζόμενοι

581 2111 684 2166 hoc
715 2109 1108 2187 declarabatur,
1135 2127 1256 2168 cum
1295 2115 1573 2184 signorum
1608 2117 1747 2171 dona
1791 2119 1846 2172 in
1890 2117 2151 2187 apostolis

2264 2114 2352 2184 τὴν
2401 2113 2570 2184 αὐτὴν
2619 2112 2820 2166 είκόνα
2877 2107 3414 2182 μεταμορφούμεθα;
3476 2107 3827 2175 Σαφέστερον

582 2203 962 2270 operabantur.
979 2203 1299 2273 Quanquam
1320 2207 1457 2260 haud
1484 2203 1587 2262 e‘rit
1604 2207 1828 2262 difficile
1848 2209 1948 2262 hoc
1975 2208 2148 2277 ipsum

583 2295 888 2363 perspicere
900 2305 1127 2360 etnunc,
1147 2297 1332 2351 ﬁdeles
1348 2297 1565 2352 habenti
1580 2299 1786 2354 oculos.
1807 2298 1987 2353 Simul
2005 2300 2148 2353 enim

585 2395 645 2439 ut
691 2385 1052 2454 baptizamur,
1079 2386 1246 2442 etiam
1280 2388 1421 2443 ultra
1453 2391 1623 2444 solem
1667 2389 1900 2461 refulget
1947 2391 2150 2454 anima,

587 2476 788 2547 Spiritu
821 2487 1186 2548 perpurgata;
1212 2492 1277 2532 ac
1308 2495 1411 2533 non
1440 2481 1616 2535 solum
1649 2482 1928 2536 intuemur
1963 2483 2018 2536 in
2039 2483 2155 2552 glo-

584 2568 720 2620 riam
755 2567 872 2630 Dei,
918 2582 1106 2622 verum
1135 2571 1297 2623 etiam
1322 2569 1452 2625 inde
1483 2571 1773 2640 recipimus
1810 2574 2152 2642 splendorem

587 2657 900 2724 quemdam,
933 2673 1040 2712 non
1082 2659 1242 2718 aliter
1265 2675 1432 2729 quam
1463 2662 1510 2715 si
1553 2673 1839 2733 argentum
1887 2664 2152 2719 mundum

587 2749 654 2801 ad
692 2750 869 2804 radios
896 2751 1030 2804 solis
1060 2752 1367 2820 expositum
1406 2753 1620 2808 emittat
1643 2763 1696 2810 et
1734 2755 1910 2824 ipsum
1950 2757 2152 2821 radios,

591 2855 699 2893 non
727 2856 790 2892 ex
823 2851 1011 2909 suapte
1038 2851 1231 2896 natura
1271 2833 1671 2909 tantummodo,
1703 2861 1889 2902 verum
1931 2847 2156 2916 insuper

590 2947 654 2986 ex
702 2932 907 3001 fulgore
931 2933 1084 2988 solis.
1135 2932 1402 2990 Similiter
1448 2946 1503 2992 et
1536 2937 1716 2991 anima
1756 2949 2067 3009 repurgata,
2103 2949 2158 2994 et

591 3032 818 3093 argento
853 3023 992 3078 facta
1029 3023 1285 3090 lucidior,
1312 3027 1512 3098 accipit
1534 3028 1747 3083 radium
1778 3043 1806 3082 a
1837 3030 2009 3099 gloria
2043 3029 2157 3098 Spia

597 3115 753 3168 ritus.
786 3123 839 3167 et
875 3115 1020 3169 hunc
1045 3116 1281 3170 vicissim
1315 3131 1379 3171 ex
1412 3132 1472 3172 se
1505 3118 1956 3190 renlitlit.quue
1985 3121 2154 3176 dicit:

2257 2206 2355 2274 μὲν
2394 2207 2552 2258 τοῦτο
2604 2204 2900 2268 ἐδείκνυτο,
2927 2253 2930 2256 ,
2959 2201 3124 2271 ἡνίκα
3175 2201 3285 2254 τῶν
3337 2199 3580 2268 σημείων
3619 2197 3687 2250 τά
3725 2213 3819 2265 χα·

2257 2297 2496 2368 ρίσματα
2560 2294 2990 2368 ἐνήργειοπλὴν
3043 2294 3166 2346 οὐδὲ
3222 2291 3318 2345 νῦν
3375 2290 3633 2343 δύσκολον
3688 2287 3828 2340 αὐτὸ

2254 2389 2496 2442 κατιδεῖν
2546 2388 2625 2455 τῷ
2683 2387 2914 2449 πιστοὺς
2965 2385 3276 2455 ὀφθαλμοὺς
3316 2381 3514 2453 ἔχοντι.
3564 2379 3730 2448 Ὀμοῦ
3763 2396 3826 2432 τε

2254 2481 2362 2550 γὰρ
2389 2477 2791 2550 βαπτιζόμεοα,
2825 2477 2919 2530 καὶ
2942 2475 3084 2545 ὑπὲρ
3111 2473 3202 2528 τὸν
3226 2471 3422 2544 ἧλιονή
3451 2469 3830 2542 ψυχὴ-λάμπει

2257 2575 2335 2645 τῷ
2369 2574 2658 2644 Πνεύματι
2703 2571 3108 2642 καθαιρομένη.
3156 2569 3266 2623 Καὶ
3299 2567 3360 2621 οὐ
3395 2566 3553 2635 μόνον
3603 2565 3832 2635 ὁρῶμεν

2256 2667 2335 2729 εἰς
2367 2667 2464 2736 τὴν
2489 2665 2648 2732 δόξαν
2675 2663 2768 2718 τοῦ
2789 2662 2948 2727 Θεοῦ,
2978 2661 3113 2715 ἀλλά
3159 2660 3254 2712 καὶ
3299 2657 3510 2712 ἐκεῖθεν
3552 2656 3832 2726 δεχόμεθα

2256 2759 2355 2830 τὴν
2399 2760 2628 2828 αἴγλην·
2662 2758 2849 2828 ὥσπερ
2882 2757 2949 2811 ἂν
3003 2757 3053 2808 εί
3106 2754 3346 2824 ἄργυρος
3387 2751 3627 2820 καθαρὸς
3685 2751 3831 2822 πρὸς

2259 2851 2357 2913 τὰς
2383 2850 2609 2912 ἀκτῖνας
2635 2849 2890 2917 κείμενος
2911 2847 3006 2901 καὶ
3028 2846 3192 2909 αὐτὸς
3218 2846 3442 2906 ἀκτῖνας
3463 2843 3830 2911 εκπέμποιεν,

2259 2944 2358 2997 οὐκ
2390 2942 2499 2996 ἀπὸ
2545 2941 2643 3009 τῆς
2697 2939 2906 3002 οίκείας
2941 2938 3156 3008 φύσεως
3188 2935 3369 3006 μόνον,
3417 2931 3554 2987 ἀλλά
3587 2934 3680 2986 καὶ
3715 2932 3834 2986 ἀπὸ

2257 3034 2359 3102 τῆς
2389 3031 2736 3100 λαμπηδόνος
2780 3029 2885 3098 τῆς
2912 3028 3167 3099 ἡλιακῆς,
3208 3025 3352 3079 οῦτω
3393 3023 3458 3094 δὴ
3487 3026 3582 3078 καὶ
3617 3024 3652 3094 ἡ
3677 3023 3835 3093 ψυχὴ

2262 3125 2641 3194 καθαιρομένη
2703 3123 2799 3176 καὶ
2870 3121 3118 3191 ἀργύγου
3200 3117 3407 3188 παντὸς
3465 3117 3834 3186 λαμπροτέρα

599 3225 617 3256 ι
659 3205 1014 3276 Speculantes
1047 3208 1344 3263 secundum
1387 3212 1630 3265 eamdem
1672 3210 1959 3283 imaginem
1996 3222 2159 3270 trans.

2271 3216 2530 3284 γινομένη
2579 3213 2793 3282 δέχεται
2837 3213 3032 3266 ἀκτῖνα
3061 3209 3168 3262 ἀπὸ
3191 3209 3292 3279 τῆς
3335 3207 3492 3275 δόξης
3534 3205 3629 3258 τοῦ
3661 3206 3838 3258 Πνεύο

595 3295 915 3360 formamur,
959 3316 980 3349 ›
1015 3312 1044 3350 a
1072 3299 1246 3367 gloria
1281 3297 1517 3368 Spiritus
1546 3301 1600 3354 in
1628 3301 1854 3371 gloriam
1891 3311 2156 3367 nostram,

593 3404 714 3457 qua:
749 3389 801 3443 in
853 3390 1010 3444 nobis
1060 3393 1335 3460 gignitur;
1372 3402 1428 3447 et
1480 3391 1696 3461 quidem
1753 3393 1901 3456 talis,
1946 3393 2160 3462 qualem

594 3482 850 3536 convenit
873 3482 1018 3552 gigni
1053 3497 1084 3536 a
1126 3483 1341 3537 Domini
1367 3483 1594 3552 Spiritu.
1628 3501 1647 3533 ι
1691 3482 1755 3536 Et
1786 3493 1907 3552 post
1945 3499 2158 3554 pauca:

602 3591 622 3625 ι
655 3573 748 3628 Vis
771 3575 873 3628 hoc
900 3574 995 3628 tibi
1018 3574 1382 3630 demonstrem
1421 3575 1731 3630 evidentius
1768 3576 1836 3628 ab
1868 3576 2165 3645 apostolis}?

597 3657 784 3728 Cogita
800 3658 1025 3715 Paulum
1048 3679 1064 3726 ;
1087 3677 1270 3716 nonne
1293 3672 1474 3718 vestes
1504 3663 1650 3717 illius
1668 3665 1776 3718 vim
1797 3665 2121 3720 cxserebaut
2143 3665 2167 3718 ‘.’

598 3749 788 3819 Cogita
841 3752 1100 3819 Petrum;
1142 3770 1324 3808 nonne
1373 3765 1426 3808 et
1481 3756 1670 3810 umbra
1723 3756 1870 3812 illius
1929 3757 2166 3812 habebat

598 3842 746 3897 vim?
775 3841 960 3913 Neque
994 3845 1138 3898 enim
1184 3845 1289 3900 nisi
1327 3847 1469 3914 regis
1501 3846 1792 3915 imaginem
1844 3847 2162 3915 gessissent,

600 3945 654 3987 et
682 3934 944 4002 splendor.
973 3934 1189 3989 illorum
1239 3936 1608 3992 submovisset
1655 3937 1724 3992 ab
1769 3952 2015 4002 accessu,
2047 3948 2168 3992 tau-

602 4040 715 4084 tum
750 4027 1138 4083 miraculorum
1165 4039 1344 4084 vestes
1395 4037 1448 4084 et
1479 4029 1689 4084 umbrae
1717 4029 1932 4086 illorum
1963 4029 2166 4084 edidis-

601 4131 745 4179 sent.
782 4119 917 4174 Nam
964 4121 1111 4190 regis
1143 4129 1325 4176 vestes
1357 4121 1522 4176 etiam
1553 4109 1861 4176 latronibus
1887 4131 2015 4176 sunt
2059 4121 2168 4175 for—

602 4211 912 4266 tuidabiles.
964 4211 1130 4264 Visne
1181 4211 1367 4265 videre
1411 4211 1643 4278 gloriam
1682 4211 1823 4264 hanc
1856 4211 2021 4264 etiam
2072 4226 2168 4280 per

602 4317 804 4370 corpus
836 4302 1210 4355 relucentem?
1244 4320 1263 4352 ι
1301 4301 1604 4366 lntuentes,
1635 4302 1834 4369 inquit,
1887 4303 1938 4356 in
1971 4300 2166 4357 faciem

605 4391 892 4461 Stephani,
943 4393 1196 4446 viderunt
1254 4401 1537 4470 lanqnaln
1570 4393 1772 4446 vultum
1823 4395 1996 4464 angeli
2037 4397 2107 4451 ⁸³.
2142 4415 2160 4447 ι

606 4483 806 4538 Verum
861 4485 994 4538 nihil
1046 4485 1149 4538 hoc
1194 4486 1259 4537 ad
1311 4486 1459 4538 intus
1496 4471 1859 4555 fulgur-antem
1915 4487 2163 4558 gloriam.

605 4769 724 4814 erat
756 4759 1097 4828 impositum,
1127 4761 1230 4814 hoc
1259 4769 1442 4824 autem
1493 4759 1856 4829 incorporale.
1892 4760 2168 4826 Quemad-

610 4850 830 4903 modum
861 4849 1149 4919 ignescunt
1172 4864 1210 4903 a
1235 4849 1556 4919 corporibus
1588 4849 1884 4916 splendidis
1917 4865 2169 4926 corpora,

609 4943 782 4998 lucem
841 4958 994 4997 suam
1055 4942 1107 4995 in
1151 4941 1326 4996 vicina
1385 4942 1841 5004 lrausfundentia,
1897 4953 2057 5010 atque
2103 4943 2171 4997 de

608 5038 826 5106 propria
860 5039 982 5092 luce
1003 5038 1409 5094 communicant
1443 5053 1457 5088 :
1490 5038 1571 5092 sic
1593 5037 1792 5092 accidit
1815 5046 1869 5091 et
1891 5035 2167 5090 ﬁdelibus.

609 5128 760 5184 lianc
806 5129 876 5183 ob
905 5145 1126 5184 causam
1168 5131 1422 5186 videlicet
1469 5130 1854 5184 subducuntur
1904 5145 1932 5180 a
1984 5129 2168 5194 terris,

612 5222 813 5290 quibus
860 5221 960 5275 hoc
1006 5222 1254 5290 contigit,
1307 5237 1405 5276 nec
1451 5221 1747 5288 quidquam
1786 5221 1889 5274 nisi
1928 5222 2170 5275 coelestia

609 5311 866 5380 cogitant.
905 5309 1015 5365 Heu
1045 5310 1208 5364 mihi!
1239 5326 1360 5363 nam
1394 5310 1482 5364 hic
1511 5324 1608 5377 par
1637 5318 1718 5364 cst
1748 5310 1909 5363 etiam
1957 5325 2172 5364 amaros

609 5407 770 5458 elere
790 5401 1050 5471 gemitus,
1070 5403 1214 5471 quod
1235 5417 1359 5456 cum
1385 5412 1534 5455 tanta
1563 5437 1574 5451 ν
1595 5401 1842 5454 fruamur
1865 5401 2166 5462 nobilitate,

611 5511 711 5549 nec
737 5511 799 5548 ea
828 5494 1047 5563 quidem
1078 5495 1284 5548 scimus
1315 5507 1438 5562 quae
1481 5493 1758 5552 dicuntur,
1803 5505 1868 5546 eo
1898 5490 2040 5556 quod
2081 5503 2168 5543 res

610 5585 864 5639 celeriter
892 5584 1045 5640 nobis
1073 5591 1318 5651 pereant,
1341 5589 1396 5636 et
1420 5578 1486 5637 ad
1509 5582 1790 5636 sensihiiia
1817 5581 2164 5646 obstupesca-
2203 5590 2208 5596 '

682 5701 724 5731 ”
755 5699 912 5752 Joau.
947 5713 1102 5762 xvnt,
1136 5699 1224 5752 37.
1337 5701 1382 5731 ³⁸
1411 5699 1566 5751 .Ioan.
1611 5715 1717 5757 κεν,
1752 5699 1840 5752 22.

613 5768 659 5800 ’³
679 5773 800 5824 Act.
826 5779 896 5833 vi,
929 5771 1013 5823 15.
1091 5771 1137 5800 9"
1157 5769 1326 5822 Exod.
1355 5784 1536 5834 xutv,
1566 5769 1653 5831 29,
1687 5768 1774 5821 50.

1951 5698 1991 5728 ⁹¹
2025 5696 2098 5748 Ex
2141 5697 2286 5748 hom.
2330 5696 2382 5754 7,
2429 5698 2478 5747 iu
2527 5693 2569 5747 ll
2627 5694 2793 5762 Epist.
2840 5692 2904 5744 ad
2974 5689 3101 5742 Cor.
3138 5703 3195 5740 ιι.

2265 3325 2434 3377 ματος
2464 3308 2544 3368 είς
2573 3306 2732 3370 δόξαν
2761 3303 2859 3374 τὴν
2886 3302 3247 3370 ἐγγινομένην
3275 3298 3368 3352 καὶ
3389 3297 3665 3367 τοιαύτην,
3703 3297 3836 3348 οἵαν

2261 3398 2404 3460 εἰκὸς
2431 3397 2538 3449 ἀπὸ
2562 3396 2763 3466 Κυρίου
2783 3395 3149 3462 Πνεύματος,»
3180 3391 3289 3444 Καὶ
3316 3388 3433 3459 μετ’
3453 3387 3626 3454 ὀλίγαο
3655 3405 3671 3438 ι
3698 3387 3841 3438 Βού-

2256 3488 2338 3540 λει
2396 3504 2479 3540 σοι
2508 3487 2670 3552 δείξω
2703 3485 2862 3538 τοῦτο
2887 3484 2981 3537 καὶ
3003 3481 3110 3536 ἀπὸ
3129 3480 3238 3533 τῶν
3257 3479 3568 3533 ἀποστόλων
3584 3476 3846 3545 αίσθητι.

2263 3578 2536 3646 κώτερον;
2583 3576 2866 3645 Ἐννόησον
2900 3573 3130 3637 Παῦλον,
3163 3567 3223 3624 οῦ
3255 3572 3322 3624 τὰ
3355 3569 3541 3640 ἱμάτια
3569 3570 3796 3638 ἐνήργει
3819 3606 3838 3628 ,

2266 3671 2490 3740 Πέτρον,
2521 3661 2582 3722 οῦ
2614 3667 2708 3720 καὶ
2742 3667 2798 3720 αί
2827 3667 2975 3718 σκιαὶ
3025 3667 3231 3734 ίσχυον.
3294 3664 3371 3716 Οὐ
3406 3663 3515 3728 γάρ
3547 3660 3633 3722 ἂν,
3665 3661 3714 3712 εἰ
3759 3661 3841 3728 μὴ

2267 3760 2530 3830 βασιλέως
2562 3759 2756 3827 ἔφερον
2786 3757 2970 3810 εἰκόνα
3005 3755 3100 3808 καὶ
3140 3754 3428 3823 ἀπρόσιτοι
3464 3749 3605 3822 ἦσαν
3652 3752 3844 3804 αὐτῶν

2266 3852 2324 3905 αἱ
2369 3850 2747 3920 μαρμαρυγαὶ,
2804 3846 3056 3901 τοσοῦτον
3085 3843 3154 3898 τά
3185 3844 3379 3913 ιμάτια
3428 3843 3608 3896 αὐτῶν
3647 3845 3744 3896 καὶ
3779 3845 3843 3894 αῖ

2269 3942 2424 3996 σκιαὶ
2457 3943 2802 4011 ὲνήργησαν·
2855 3940 3118 4010 βασιλέως
3166 3938 3277 4009 γὰρ
3330 3936 3521 4004 ἱμάτια
3572 3936 3664 3990 καὶ
3720 3937 3844 3996 τοῖς

2266 4032 2494 4103 λῃσταῖς
2525 4031 2756 4101 φοϐερά.
2787 4030 2976 4090 Θέλεις
3028 4028 3157 4081 ίδείν
3209 4029 3302 4081 καὶ
3332 4027 3423 4080 διὰ
3449 4026 3545 4078 τοῦ
3575 4026 3844 4093 σώματος

2267 4124 2592 4196 λάμπουσαν
2641 4123 2885 4191 ταύτην;
2949 4120 3342 4182 Ἀτενίσαντες,
3403 4120 3587 4188 φησὶν,
3635 4116 3714 4177 εἰς
3779 4116 3848 4168 τὸ

2269 4220 2560 4288 πρόσωπον
2616 4215 2910 4281 Στεφάνου,
2957 4208 3096 4265 εἶδον
3126 4211 3199 4274 ὡς
3233 4212 3522 4280 πρόσωπον
3574 4206 3846 4274 ἀγγέλου.

2282 4307 2426 4361 Ἀλλ’
2450 4305 2606 4358 οὐδὲν
2634 4303 2791 4356 τοῦτο
2819 4302 2956 4370 πρὸς
2999 4299 3102 4369 τὴν
3144 4298 3357 4351 ἔνδοθεν
3413 4296 3848 4364 ἀστράπτουσαν

2269 4398 2428 4462 δόξαν
2453 4411 2467 4427 ο
2498 4397 2633 4464 ὅπερ
2660 4393 2770 4462 γὰρ
2803 4393 2831 4444 ὁ
2859 4391 3100 4452 Μωῦσῆς
3138 4388 3232 4441 ἐπὶ
3258 4385 3350 4439 τοῦ
3380 4385 3672 4455 προσώπου
3707 4383 3850 4434 τότε

2272 4487 2412 4558 εἶχε,
2435 4487 2593 4539 τοῦτο
2619 4479 2766 4538 οὗτοι
2799 4483 2892 4537 ἐπὶ
2915 4483 3011 4548 τῆς
3038 4480 3220 4550 ψυχῆς
3250 4478 3603 4547 περιέφερον,
3629 4471 3858 4542 μᾶλλον,

494 4635 516 4652 γ’
606 4577 759 4632 Sicut
781 4577 923 4631 enim
953 4577 1133 4631 Moses
1155 4576 1210 4630 in
1239 4577 1380 4632 facie
1406 4577 1650 4633 velamen
1673 4579 2159 4636 circumferebant:

2273 4578 2330 4632 δὲ
2359 4577 2452 4631 καὶ
2487 4576 2667 4646 πολλῷ
2704 4574 2891 4628 πλέον.
2928 4571 3000 4624 Τὸ
3035 4571 3133 4640 μὲν
3165 4571 3272 4637 γὰρ
3312 4566 3582 4626 Μωῦσὲως
3637 4560 3853 4629 αἰσθη-

605 4671 716 4722 imo
746 4668 916 4722 multo
949 4669 1204 4736 amplius.
1252 4667 1406 4733 Quod
1437 4668 1578 4722 enim
1624 4669 1680 4723 in
1719 4668 1886 4733 Mose,
1915 4672 2169 4727 sensibus

2271 4669 2566 4738 τικὼτερον
2594 4663 2684 4738 ἦν,
2705 4664 2862 4719 τοῦτο
2887 4665 2944 4717 δὲ
2967 4663 3259 4730 ἀσώματον
3282 4675 3296 4688 ’
3325 4659 3418 4712 καὶ
3443 4655 3689 4722 καθάπερ
3718 4653 3851 4722 πῦρ

2274 4763 2415 4830 αὐγῇ
2470 4760 2696 4828 σώματα
2742 4756 2850 4810 ἀπὸ
2877 4755 2987 4808 τῶν
3027 4752 3296 4822 λαμπρῶν
3331 4748 3601 4818 σωμάτων
3651 4746 3751 4797 ἐπὶ
3778 4746 3853 4799 τό

2275 4850 2504 4918 πλήσιον
2537 4847 2877 4917 ἀπορρέοντα
2923 4846 3018 4898 καὶ
3064 4844 3292 4904 ἐκείνοις
3353 4840 3674 4910 μεταδίδωσι
3737 4841 3854 4905 τῆς
3916 4840 3927 4861 ³

2274 4940 2482 5003 οἰκείας
2517 4939 2714 5006 αὐγῆς,
2743 4937 2883 4991 οὕτω
2917 4936 2982 5006 δὴ
3015 4938 3110 4989 καὶ
3159 4935 3256 4988 ἐπὶ
3293 4933 3402 4985 τῶν
3439 4930 3649 4984 πιστῶν
3697 4946 3858 4997 συμ-

2277 5033 2474 5085 ϐαίνει.
2536 5029 2635 5082 Διὰ
2677 5029 2742 5098 δὴ
2793 5027 2953 5081 τοῦτο
3011 5028 3113 5095 τῆς
3148 5029 3250 5093 γῆς
3307 5023 3748 5078 ἀπαλλάττονται
3800 5022 3854 5072 oi

2275 5123 2432 5176 τοῦτο
2463 5122 2786 5190 πάσχοντες,
2811 5120 2904 5173 καὶ
2935 5120 3004 5172 τά
3034 5120 3090 5170 ὲν
3128 5118 3239 5178 τοῖς
3269 5114 3517 5184 οὐρανοῖς
3561 5111 3862 5179 ὀνειροπο-

2275 5212 2476 5266 λοῦσιν.
2532 5211 2725 5280 Οἴμοιί
2781 5209 2961 5264 Καλὸν
3003 5209 3114 5276 γὰρ
3170 5203 3406 5259 ἐνταῦθα
3456 5203 3552 5256 καὶ
3582 5201 3860 5264 στενάξαι

2275 5305 2494 5374 πικρὸν,
2523 5305 2602 5356 ὅτι
2632 5302 2898 5370 τοσαύτης
2926 5298 3294 5359 ἀπολαύοντες
3316 5293 3595 5362 εὐγενείας
3619 5290 3751 5343 οὐδὲ
3782 5292 3861 5344 τὰ

2274 5397 2540 5465 λεγόμενα
2573 5395 2730 5464 τσμεν
2781 5394 2867 5447 διά
2895 5395 2952 5446 τὸ
2975 5391 3185 5460 ταχέως
3221 5387 3520 5442 ἀπολλύναι
3547 5385 3616 5436 τὰ
3647 5384 3864 5452 πράγ-

2282 5507 2427 5555 ματα
2461 5490 2555 5540 καὶ
2582 5491 2716 5556 πρὸς
2739 5488 2806 5540 τά
2835 5470 3070 5554 αἰσθητὰ
3104 5479 3426 5548 ἐπτοῆσθαι.
3474 5477 3620 5544 Αὕτη
3656 5474 3786 5542 γὰρ
3827 5477 3866 5544 ἠ

2279 5579 2406 5641 δόξα
2440 5580 2471 5647 ή
2505 5581 2818 5648 dat-634nm;
2846 5576 2941 5629 καὶ
2963 5575 3240 5644 φρικώδης
3274 5571 3439 5640 μέχρι
3464 5568 3564 5637 μὲν
3587 5566 3724 5635 μιᾶς
3757 5567 3873 5620 καὶ

3301 5685 3346 5716 θ’
3392 5681 3569 5736 lCor.
3618 5692 3705 5742 ut,
3765 5682 3870 5737 18.
