4158 6306
286 403 392 468 565

1330 417 1427 478 DE
1464 417 1643 480 VITA
1684 418 1764 480 lN
1807 419 2137 480 CHRISTO
2178 421 2324 483 LIB.
2361 421 2441 481 ll.

3417 421 3522 487 bliti

288 514 548 585 δευτέρας
573 515 786 590 ἡμέρας
810 521 870 574 ἐν
904 523 1034 592 ἡμῖν
1092 525 1244 595 μένει
1274 546 1288 560 ο
1318 529 1504 602 λοιπὸν
1561 533 1619 586 δὲ
1678 533 1849 604 αὐτὴν
1876 589 1880 598 ,

1980 550 2091 590 rius.
2126 535 2408 604 Siquidem
2436 535 2549 588 haec
2603 531 2890 588 iuell‘abilis
2921 548 2985 589 ac
3039 534 3314 588 tremenda
3354 535 3520 604 gloria

294 604 761 676 κατασϐέννυμεν,
822 610 915 663 τὸν
975 615 1220 683 χειμῶνα
1251 619 1546 687 ἐπάγοντες
1578 623 1688 676 τῶν
1719 623 1848 693 βιω-

1957 627 2024 680 ad
2051 641 2220 682 unum
2248 625 2757 695 usque‘alterumvc
2805 624 2949 679 diem
3000 625 3054 679 in
3103 624 3263 680 nobis
3316 617 3530 682 manet.

289 697 460 750 τικῶν
503 700 849 769 πραγμάτων
894 705 988 757 καὶ
1043 708 1111 776 τῇ
1164 710 1460 780 πυκνότητι
1516 713 1627 766 τῶν
1676 712 1855 782 νεφῶν

1980 715 2074 771 iam
2114 704 2260 772 ’νει-ο
2308 717 2475 773 etiam
2515 717 2663 770 illam
2713 715 3143 786 exstinguimus,
3203 715 3526 773 inducentes

291 787 724 860 ἀποκοουόμενοι
745 793 845 857 τάς
873 795 1116 860 ἀκτῖνας.
1166 817 1186 850 ι

361 966 575 1022 ούκοῦν
602 968 665 1022 ού
695 970 858 1041 μέχρι
885 971 981 1027 τοῦ
1010 973 1360 1048 διανοηθῆναι
1401 979 1498 1032 καὶ
1533 979 1859 1048 λογίσασθαι

1959 809 2306 878 negotiorum
2347 809 2690 864 saecularium
2719 807 2982 875 hiemem,
3011 808 3351 879 nubiumque
3389 810 3522 864 den-

1957 897 2121 954 sitate
2156 897 2487 967 depellentes
2518 898 2720 954 radios.
2759 917 2778 951 ι

2033 990 2155 1046 Νοη
2205 991 2372 1061 igitur
2395 1007 2567 1061 usque
2589 991 2654 1046 ad
2691 990 3097 1061 cogitationem,
3125 999 3182 1047 et
3211 971 3532 1049 aestimatio-

293 1061 389 1112 καὶ
417 1059 712 1114 πιστεῦσαι.
749 1062 841 1117 τὸν
872 1063 1008 1120 Θεὸν
1031 1068 1160 1132 τοὺς
1211 1068 1646 1140 βαπτιζομένους
1681 1072 1859 1139 ἔξεστι

1980 1095 2110 1145 tem,
2137 1089 2192 1136 et
2223 1059 2380 1137 iidem
2423 1059 2639 1137 tantum
2701 1059 2990 1153 baptizatis
3049 1081 3176 1138 licet
3219 1083 3386 1138 Deum
3441 1099 3530 1139 eo.

296 1149 520 1216 γνῶναι,
575 1151 712 1206 ἀλλά
771 1171 826 1206 τι
869 1155 963 1208 καὶ
1027 1152 1213 1226 μεῖζον
1256 1160 1350 1212 καὶ
1411 1162 1506 1214 τοῦ
1540 1163 1862 1232 πράγματος

295 1240 484 1310 ἔγγιον
511 1243 572 1295 ἐν
608 1244 722 1304 τοῖς
757 1244 913 1300 ὕδασι
939 1246 1152 1312 τούτοις
1187 1249 1334 1302 ἐστιν
1369 1251 1568 1318 εύρεῖν.
1605 1254 1717 1322 Τὴν
1754 1255 1863 1324 γάρ

297 1333 588 1404 ἀστραπὴν
642 1336 858 1404 ἐκείνην
883 1336 1020 1390 Θεοῦ
1051 1340 1254 1394 τιθέναι
1293 1341 1496 1409 γνῶσιν
1543 1345 1602 1397 ἐν
1631 1344 1861 1415 διανοίᾳ,

299 1427 392 1475 καὶ
419 1424 580 1492 λόγου
613 1425 735 1480 τινά
766 1427 1052 1498 δᾳδουχίαν
1080 1426 1223 1484 εἶναι
1253 1432 1518 1500 νομίζειν,
1543 1435 1643 1487 οὐκ
1687 1435 1753 1489 ἂν
1777 1435 1862 1505 εἴη

298 1514 457 1582 λόγον
491 1515 684 1581 σῶζον,
740 1518 831 1571 ὅτε
879 1519 976 1588 τὴν
1039 1520 1140 1588 μὲν
1183 1521 1543 1590 ἀφανίζεσθαι
1578 1525 1864 1594 συμϐαίνει

304 1606 440 1673 μετά
469 1605 601 1674 μίαν
625 1607 721 1660 καὶ
749 1607 1008 1681 δευτέραν
1031 1612 1244 1681 ἡμέραν
1271 1612 1446 1682 ὄχλων
1481 1614 1578 1668 καὶ
1617 1614 1864 1683 θορύϐων

299 1697 414 1758 τοῖς
467 1698 842 1770 μεμνημένοις
923 1701 1347 1772 περιχεοέντων,
1407 1705 1508 1773 τὴν
1559 1705 1745 1759 πίστιν
1805 1706 1864 1759 δὲ

301 1786 479 1850 οὐδείς
513 1790 661 1844 ἔστιν
709 1789 768 1854 ὃς
819 1793 1080 1861 ἠγνόησε,
1146 1796 1486 1865 μεριμνήσας
1512 1798 1571 1849 ὲν
1592 1795 1732 1850 οὕτω
1772 1799 1866 1850 καὶ

1963 1185 2256 1238 gnoscere:
2288 1173 2382 1226 sed
2422 1169 2496 1226 et'
2525 1172 2704 1240 majus
2744 1173 3000 1242 quiddam
3047 1175 3102 1227 el.
3164 1174 3241 1228 rei
3297 1174 3531 1229 vicinius

1963 1260 2016 1313 in
2055 1259 2212 1328 aquis
2240 1260 2360 1316 istis
2387 1269 2468 1314 est
2515 1261 2780 1315 invenire.
2834 1259 3121 1332 Fulgorem
3181 1263 3326 1316 enim
3379 1263 3528 1316 illum

1964 1347 2058 1404 Dei
2081 1349 2442 1418 cognitionem
2471 1350 2522 1404 in
2555 1351 2738 1406 animo
2766 1350 3058 1417 collocare,
3094 1357 3148 1406 et
3173 1351 3369 1407 mentis
3399 1353 3536 1406 lam-

1965 1437 2156 1505 padem
2189 1451 2309 1493 esse
2337 1437 2672 1505 existimare,
2723 1427 3078 1495 non‘videtur
3110 1441 3297 1511 aliqua
3325 1443 3535 1498 ratione

1965 1527 2087 1582 niti.
2121 1526 2275 1582 llunc
2306 1529 2453 1584 enim
2482 1535 2606 1597 poSt
2637 1546 2807 1585 unum
2858 1531 3168 1586 alterumve
3211 1533 3381 1598 diem,
3421 1543 3535 1587 tur-

1965 1621 2052 1676 bis
2086 1629 2136 1675 et
2170 1621 2495 1676 tumultibus
2517 1621 2764 1677 initiatos
2797 1622 3180 1678 invadentibus
3207 1637 3536 1678 evanescere

1967 1711 2264 1780 contingit:
2302 1721 2387 1767 ast
2407 1711 2564 1766 ﬁdem
2602 1713 2694 1782 qui
2718 1713 3089 1790 sollicitudine
3115 1714 3355 1770 adhibita
3387 1716 3539 1786 igno-

1967 1803 2189 1868 raverit,
2220 1811 2274 1858 et
2307 1813 2416 1857 tam
2449 1803 2598 1858 brevi
2645 1813 2909 1872 tempore,
2942 1818 3103 1860 nemo
3134 1813 3240 1864 est.
3277 1806 3382 1860 Sed
3413 1807 3538 1860 licet

301 1877 474 1932 ταῦτα
503 1878 682 1950 χρόνῳ
709 1879 900 1952 βραχεῖ
924 1898 938 1914 ⁶
967 1883 1082 1938 ἀλλ’
1112 1883 1230 1938 εστι
1256 1887 1351 1940 καὶ
1401 1887 1702 1958 πράγματα
1721 1888 1866 1958 ἔχειν

1980 1905 2023 1950 et
2079 1895 2349 1952 molestiis
2407 1894 2734 1964 conﬂictari,
2792 1905 2845 1950 et
2897 1895 2967 1950 de
3018 1896 3216 1952 divinis
3268 1896 3540 1952 disserere

303 1972 400 2026 καὶ
429 1972 702 2041 θεολογεῖν
740 1973 944 2027 ειδέναι
979 1975 1181 2039 καλῶς,
1219 1979 1314 2030 καὶ
1347 1977 1408 2031 τὸ
1435 1978 1622 2047 μεῖζον
1666 1979 1868 2034 πάθεσι

304 2062 736 2132 προσκειμένους
762 2061 900 2118 εῖναι
928 2070 1206 2136 πονηροῖς,
1226 2069 1320 2121 καὶ
1347 2070 1439 2122 τὸν
1468 2071 1567 2137 τῆς
1597 2070 1870 2139 σωτηρίας

305 2154 399 2205 καὶ
437 2152 539 2222 τῆς
592 2155 825 2225 ἀληθοῦς
885 2157 1207 2228 φιλοσοφίας
1266 2161 1426 2228 λόγον
1477 2162 1579 2214 οὐκ
1630 2162 1870 2230 ἀγνοεῖν.

309 2245 475 2298 Ὅθεν
501 2245 659 2316 δῆλον
689 2248 946 2320 αίσθησιν
969 2249 1177 2320 άμεσον
1222 2249 1367 2307 εἷναί
1409 2271 1534 2306 τινα
1563 2252 1736 2308 ταῦτα
1771 2255 1869 2308 τοῦ

306 2336 464 2402 θεοῦ,
494 2340 590 2408 τῆς
613 2339 829 2394 ἐκεῖθεν
857 2343 1076 2407 ἀκτῖνος
1111 2344 1209 2414 τῆς
1237 2345 1417 2416 ψυχῆς
1448 2345 1622 2415 αὐτῆς
1648 2347 1873 2416 ἀφανῶς

308 2427 643 2498 ἁπτομένης.
672 2429 888 2502 Ταύτης
920 2432 1166 2504 σύμϐολα
1187 2435 1288 2506 τῆς
1303 2438 1554 2503 -ἀκτῖνος,
1602 2438 1640 2494 ἃ
1667 2440 1728 2493 τὸ
1750 2441 1874 2494 λουσ-

307 2517 432 2588 τρδν
463 2517 768 2587 ἐκδέχεται.
821 2521 1005 2576 Πάντα
1067 2523 1178 2594 γὰρ
1237 2525 1629 2599 λαμπρότητος
1689 2530 1872 2601 γέμει,

307 2605 610 2674 λαμπάδες,
655 2608 812 2679 ᾠδαὶ,
873 2615 1107 2683 χορεῖαι,
1136 2615 1418 2686 θρίαμϐοι,
1473 2618 1677 2674 οὐδὲνὸ
1710 2637 1762 2674 τι
1799 2622 1874 2692 μὴ

311 2697 556 2766 φαιδρὸν,
588 2700 752 2768 ἐσθὴς
788 2704 937 2757 πᾶσα
970 2704 1072 2775 μὲν
1092 2705 1387 2777 λάμπουσα
1413 2711 1506 2762 καὶ
1535 2713 1670 2781 πρὸς
1695 2714 1877 2782 φωτὸς

310 2788 438 2842 θέαν
489 2792 947 2865 ἐσκευασμένηοὴ
979 2797 1036 2851 δὲ
1064 2800 1198 2870 πρὸς
1230 2803 1298 2871 τῇ
1336 2802 1544 2874 κεφαλῇ
1600 2805 1694 2858 καὶ
1742 2805 1876 2859 αὐτὸ

309 2878 510 2949 γράφει
533 2880 595 2934 τὸ
622 2883 843 2953 πνεῦμα
871 2887 1089 2958 καὶτῆς
1113 2889 1278 2943 αὑτοῦ
1308 2894 1612 2963 παρουσίας
1645 2897 1877 2966 αίνιγμα

312 2970 467 3040 φέρει
494 2971 556 3024 τὺ
595 2975 804 3044 σχῆμα.
850 2977 960 3030 Καὶ
1003 2979 1111 3049 γὰρ
1141 2982 1222 3044 είς
1262 2984 1446 3037 είκόνα
1485 2985 1736 3055 γλώσσης
1783 3004 1878 3040 πε-

309 3062 556 3129 ποίηται,
626 3063 882 3136 καθάπερ
933 3063 1045 3122 οἷόν
1087 3087 1147 3124 τε
1178 3073 1274 3125 καὶ
1306 3075 1523 3144 ἱμάτιον
1569 3080 1634 3145 τῇ
1664 3079 1876 3150 κεφαλῇ

312 3153 510 3216 σώζειν
535 3154 632 3207 καὶ
652 3156 711 3209 τὸ
731 3157 921 3228 σχῆμα
955 3160 1113 3214 τοῦτο
1137 3164 1406 3232 κομίζειν,
1433 3168 1490 3219 ἐν
1515 3161 1558 3236 ᾧ
1574 3168 1636 3220 τὸ
1660 3168 1878 3239 πνεῦμα

307 3246 436 3308 τοὺς
489 3226 909 3314 ἀποστόλουςέξ
941 3253 1116 3323 ἀρχῆς
1161 3226 1333 3327 ἐφάνη
1392 3226 1685 3326 γβαπτίξον.
1725 3226 1876 3316 Ἐπεὶ
1904 3226 1948 3283 C

315 3337 406 3390 καὶ
433 3338 594 3391 τοῦτο
625 3340 720 3393 τοῦ
754 3340 1006 3412 σώματος
1050 3345 1234 3398 αὐτῶν
1287 3348 1595 3418 τηνικαῦτα
1648 3351 1879 3422 κατέσχε

309 3431 372 3481 τὸ
420 3432 612 3500 μέρος,
663 3435 760 3486 καὶ
808 3431 878 3504 ἦν
913 3437 1006 3487 ἐπὶ
1045 3437 1146 3504 τῆς
1189 3439 1432 3510 κεφαλῆς
1473 3442 1706 3496 ἑκάστου
1771 3444 1882 3516 πῦρ

312 3521 442 3574 ξδεῖν
463 3525 523 3577 ὲν
553 3525 794 3596 σχήματι
822 3526 1093 3598 γλώττης.
1122 3529 1211 3595 ἵν’,
1229 3527 1402 3601 οἶμαι,
1429 3533 1588 3606 -τῷτῆ
1637 3535 1884 3604 γλώττης

311 3615 443 3668 εῖδει
494 3617 596 3686 τῆς
633 3617 863 3673 καθόδου
921 3620 1141 3692 μηνύσῃ
1173 3623 1273 3692 τὴν
1306 3627 1603 3694 πρόφασιν,
1661 3628 1747 3681 ὅτι
1791 3628 1883 3682 τὸν

313 3707 556 3776 συγγενῆ
604 3708 762 3776 λόγον
818 3712 1164 3781 ἑρμηνεῦσον
1220 3713 1446 3784 ἐλήλυθε
1521 3719 1616 3771 καὶ⁹
1669 3719 1884 3784 διδάξον

309 3800 592 3865 ἀγνοοῦσι.
613 3799 784 3854 Τοῦτο
815 3803 920 3871 γάρ
941 3804 1058 3856 ὲστι
1077 3803 1344 3875 γλώττης,
1369 3807 1403 3876 ἦ
1425 3807 1617 3861 τᾶνδον
1638 3810 1881 3879 ἐκφέρει,

310 3891 420 3948 τῶν
452 3893 677 3964 ἀφανῶν
709 3894 802 3948 τοῦ
824 3895 916 3949 νοῦ
958 3897 1274 3964 κινημάτων
1299 3899 1528 3966 ἄγγελος
1569 3900 1722 3954 οὖσα.
1777 3905 1887 3956 Καὶ

309 3985 422 4054 γὰρ
448 3988 476 4038 ὁ
500 3987 603 4054 μὲν
627 3986 717 4038 τὸν
731 3987 1118 4057 γεγεννηκότα,
1139 3987 1231 4040 τὸν
1248 3988 1304 4040 δὲ
1334 3990 1396 4041 τὸ
1429 3989 1655 4058 Πνεῦμα
1687 3992 1888 4062 κηρύτ-

313 4090 422 4128 τει.
487 4073 676 4142 «Ἐγὼ
715 4080 846 4144 γὰρ,
899 4077 1084 4147 φησὶν,
1132 4077 1362 4141 ὲδόξασά
1408 4095 1492 4144 σε,
1524 4097 1542 4129 ι
1605 4080 1740 4150 πρὸς
1795 4082 1888 4135 τὸν

313 4164 558 4234 Πατέρα,
597 4182 617 4216 ι
646 4163 742 4218 καὶ
773 4160 928 4229 οὗτος
949 4168 1050 4236 ἐμὲ
1079 4167 1312 4234 δοξάσει,
1352 4188 1371 4221 ι
1410 4170 1500 4222 τὸν
1529 4171 1889 4242 Παράκλητον

311 4255 491 4323 λέγων
513 4271 528 4286 ⁸
566 4255 688 4308 ἀντὶ
713 4255 919 4309 τούτων
967 4259 1068 4324 μὲν
1103 4258 1332 4324 ἐκείνοις
1375 4261 1432 4313 ἐν
1494 4261 1671 4331 τούτῳ
1706 4264 1891 4331 φαίνε-

309 4363 406 4398 ται
434 4346 513 4414 τῷ
545 4346 716 4414 τόπῳ.
755 4347 829 4400 Τὸ
863 4347 1130 4417 σύμϐολον
1156 4349 1213 4402 δὲ
1241 4351 1373 4420 ἡμῖν
1405 4352 1484 4415 είς
1513 4353 1690 4406 ἐκεῖνο
1731 4355 1889 4425 φέρει

309 4439 377 4489 τὸ
400 4437 612 4506 θαῦμα,
640 4439 731 4490 τὸν
765 4439 1023 4509 λογισμὸν
1047 4441 1142 4494 καὶ
1170 4441 1267 4510 τὴν
1296 4443 1512 4510 ἡμέραν
1540 4445 1762 4517 ἐκείνην
1792 4446 1890 4518 τὴν

1969 1984 2141 2054 probe
2174 1999 2369 2051 nosse,
2397 1994 2452 2041 et
2479 1987 2626 2055 quod
2664 1983 2843 2054 majus
2868 1991 2970 2050 est,
3029 1984 3538 2056 perturbationibus

1970 2075 2247 2131 addictum
2275 2091 2396 2132 esse
2425 2077 2659 2141 vitiosis,
2681 2083 2736 2131 et
2761 2075 2953 2132 salinis
2985 2089 3051 2130 ac
3104 2090 3245 2130 verae
3301 2075 3545 2145 pltiiOsn-

1971 2167 2114 2236 phiae
2136 2167 2404 2223 rationem
2435 2182 2545 2223 non
2579 2167 2814 2222 nescire.
2851 2164 3011 2221 Unde
3056 2166 3248 2237 liquet,
3284 2167 3400 2222 haec
3449 2165 3539 2220 Dei

1972 2273 2195 2315 sensum
2225 2272 2346 2314 esse
2383 2258 2660 2325 quondam
2692 2257 2825 2311 citra
2855 2247 3092 2311 medium
3119 2257 3274 2312 radio
3295 2259 3386 2328 qui
3418 2258 3542 2312 imle

1971 2348 2220 2418 procedit
2239 2348 2477 2402 animam
2521 2348 2694 2416 ipsam
2746 2345 3017 2402 occultius
3061 2345 3314 2402 feriente.
3364 2347 3541 2416 Hujus

1975 2439 2112 2493 radii
2143 2438 2390 2509 symbols
2417 2447 2567 2504 sunt,
2617 2451 2738 2508 quae
2780 2436 2836 2492 in
2894 2436 3164 2507 baptismo
3214 2449 3540 2494 cernuntur.

1974 2527 2169 2584 Omnia
2205 2527 2348 2582 enim
2381 2527 2540 2596 plena
2565 2535 2695 2581 sunt
2723 2526 3039 2594 splendore,
3090 2527 3388 2598 lampades,
3415 2544 3546 2583 can-

1975 2629 2084 2684 tus,
2122 2618 2300 2681 chori,
2327 2617 2616 2686 triumphi,
2681 2617 2817 2672 nihil
2875 2616 3021 2687 quod
3071 2632 3177 2673 non
3213 2619 3288 2674 sit
3352 2619 3544 2675 hilare.

1975 2706 2156 2763 Vestis
2191 2716 2302 2761 tota
2326 2706 2562 2777 fulgens,
2587 2714 2644 2761 et
2690 2706 2758 2761 ad
2826 2705 3067 2774 speciem
3134 2703 3275 2761 lucis
3333 2716 3544 2776 parata.

1975 2799 2106 2866 Quae
2132 2809 2293 2868 caput
2315 2799 2465 2867 tegit,
2492 2807 2546 2853 et
2565 2798 2742 2867 ipsum
2773 2797 3022 2867 spiritum
3051 2797 3212 2854 habet
3252 2799 3545 2868 depictum,

1975 2899 2030 2944 et
2059 2889 2284 2961 figuram
2312 2887 2438 2954 fert,
2472 2901 2579 2956 qua
2611 2887 2880 2942 adventus
2937 2886 3056 2958 ejus
3087 2888 3382 2943 obscurius
3405 2889 3549 2943 indi-

1977 2987 2156 3038 catur.
2195 2980 2406 3035 Etenim
2463 2979 2661 3048 linguae
2693 2978 2890 3034 similis
2961 2987 3066 3045 est,
3126 2987 3289 3048 prout
3345 2988 3548 3033 vestem

1977 3080 2189 3142 gestare
2222 3079 2410 3140 caput,
2433 3079 2486 3124 et
2512 3070 2731 3124 schema
2793 3077 3013 3139 portare
3050 3077 3253 3138 potest,
3283 3084 3395 3139 quo
3430 3068 3552 3138 Spi-

1978 3164 2119 3219 ritus
2143 3165 2421 3232 apostolos
2449 3177 2477 3216 a
2519 3160 2790 3231 principio
2819 3161 3102 3230 baptizans
3141 3161 3290 3218 visus
3320 3171 3423 3229 est,
3456 3177 3551 3216 ex-

1982 3255 2256 3326 primitur.
2295 3253 2565 3319 Quoniam
2598 3260 2652 3307 et
2685 3252 2774 3306 hic
2822 3259 3036 3320 partem
3098 3253 3345 3322 corporis
3404 3253 3554 3322 ipso-

1985 3363 2103 3402 rum
2135 3355 2264 3400 tunc
2289 3344 2507 3408 insedit,
2541 3352 2594 3396 et
2625 3350 2739 3398 erat
2783 3355 2947 3412 super
2987 3351 3152 3410 caput
3178 3342 3446 3411 cujusque
3478 3337 3556 3396 ὖίο

1982 3439 2112 3493 dere
2140 3438 2320 3508 ignem
2357 3435 2412 3489 in
2441 3433 2869 3504 ﬁguralinguae;
2913 3440 2992 3500 ut,
3035 3433 3090 3486 ni
3134 3432 3312 3496 fallor,
3372 3436 3556 3500 specie

1983 3531 2181 3600 linguae
2209 3528 2550 3584 occasionem
2571 3541 2908 3596 causamque
2937 3527 3236 3581 descensus
3263 3525 3551 3589 indicaret,

1985 3623 2132 3694 quod
2163 3622 2402 3677 Verbum
2425 3621 2526 3676 sibi
2557 3635 2799 3694 coaevum
2825 3620 3286 3688 interpretaturus
3319 3619 3553 3682 veniret,

1985 3723 2038 3770 et
2068 3715 2330 3770 docturus
2375 3714 2724 3783 ignorantes;
2759 3712 2863 3766 hoc
2917 3711 3062 3766 enim
3118 3710 3316 3782 lingua:
3358 3725 3557 3765 munus

1987 3817 2089 3872 est,
2123 3821 2243 3876 quae
2286 3807 2435 3860 intus
2490 3805 2722 3874 cogitata
2781 3803 2958 3866 ell‘ert,
3018 3817 3126 3856 non
3181 3803 3556 3871 apparentinm

1987 3898 2152 3952 animi
2185 3897 2485 3952 motionum
2509 3897 2719 3950 nuntia.
2743 3894 2948 3950 Etenim
2971 3895 3060 3948 hic
3091 3893 3308 3962 quidem
3343 3893 3559 3962 (Λόγος)

1988 4003 2112 4043 cum
2144 3989 2236 4056 qui
2271 3986 2572 4055 generavit,
2609 3995 2927 4054 generatum
2974 3983 3208 4051 Spiritus
3271 3985 3557 4050 praedicnt:

1993 4096 2012 4130 ι
2040 4079 2172 4146 Ego,
2205 4094 2222 4128 ι
2251 4073 2759 4142 inquitadl’atrem,
2781 4090 2800 4124 ι
2820 4071 3114 4140 glorillcavi
3139 4060 3245 4125 te"
3271 4087 3287 4132 ;
3327 4079 3407 4124 iet
3429 4089 3448 4122 ι
3473 4072 3563 4127 ille

1991 4183 2076 4223 me
2109 4167 2432 4238 glorillcabit
2459 4165 2524 4228 “,
2563 4181 2583 4216 ι
2609 4163 2920 4218 Paracletus
2954 4161 3232 4215 nimirum.
3259 4161 3548 4230 Propterea

1991 4259 2154 4329 igitur
2185 4257 2238 4312 in
2269 4259 2370 4311 hac
2409 4257 2578 4325 ﬁgura
2609 4254 2718 4310 illis
2745 4268 2806 4309 se
2857 4252 3078 4321 objecit.
3114 4252 3428 4322 Symbolum
3460 4267 3562 4307 au-

1991 4361 2100 4405 tem
2140 4349 2529 4420 cogitationem
2567 4354 2814 4402 nostram
2856 4345 2921 4400 ad
2971 4344 3103 4400 illud
3130 4344 3478 4406 miraculum,
3509 4353 3564 4400 et

1991 4445 2135 4498 diem
2165 4443 2317 4496 illum
2351 4441 2558 4496 felicem
2585 4437 2826 4504 deducit,
2872 4451 2996 4507 qua
3035 4438 3210 4506 prima
3271 4436 3562 4507 baptisma-

289 4528 516 4596 .καλὴν,
555 4528 591 4597 ἡ
615 4528 711 4580 τοῦ
742 4529 1127 4599 βαπτίσματος
1153 4531 1252 4601 τὴν
1292 4531 1515 4602 πρώτην
1559 4530 1669 4588 εῐδε
1717 4553 1880 4591 κατα-

1995 4535 2062 4589 tis
2089 4533 2343 4604 promissi
2390 4533 2712 4602 pensionem
2758 4528 2923 4584 vidit:
2977 4536 3036 4583 ut
3069 4528 3308 4600 sciamus
3366 4543 3482 4593 eos,
3508 4528 3560 4581 in

313 4619 505 4688 σολὴν,
540 4619 609 4670 ἶν’
643 4619 892 4688 εἰδῶμεν,
927 4620 1000 4684 ὠς
1021 4621 1068 4674 οἱ
1101 4621 1225 4693 μὲν,
1258 4614 1338 4684 οἷς
1387 4624 1590 4690 ἐπῆλθε
1643 4626 1884 4696 πρώτοις

311 4713 377 4763 τὸ
395 4711 645 4780 Πνεῦμα,
673 4713 786 4772 τοῖς
807 4712 936 4780 ἑξῆς
971 4714 1284 4782 μετέδοσαν,
1321 4715 1414 4766 καὶ
1442 4709 1588 4768 οὗτοι
1615 4720 1729 4782 τοῖς
1763 4723 1886 4788 μετ’

241 4843 251 4845 ν-
312 4805 586 4868 ἐκείνους,
615 4806 708 4857 καὶ
735 4805 928 4875 μέχρις
976 4805 1131 4875 ἡμῶν
1151 4805 1325 4871 οὕτως
1355 4803 1485 4877 ἦλθε
1518 4809 1732 4878 βαδίζον
1753 4827 1767 4840 ·
1794 4813 1887 4866 καὶ

311 4895 420 4946 οὐκ
468 4893 736 4962 ἐπιλείψει
762 4894 822 4946 τὸ
847 4893 1040 4963 δῶρον,
1091 4895 1194 4957 ἕως
1248 4896 1316 4948 ἂν
1346 4898 1481 4968 ἡμῖν
1507 4898 1670 4960 αὐτὸς
1728 4901 1887 4970 ἐναρ-

311 4984 483 5050 γῶςό
521 4984 756 5053 χορηγὸς
802 4985 1020 5054 ἐπιστῇ.
1079 4986 1212 5038 Τότε
1249 4988 1348 5052 μὲν
1395 4983 1488 5041 οὗν
1543 4990 1656 5052 τοῖς
1709 5007 1889 5059 μακα⁹

316 5075 462 5145 ρίοις
492 5076 521 5126 ὁ
552 5075 829 5144 Δεσπότης
859 5074 1108 5143 καθαρὰν
1142 5075 1391 5146 αἴσθησιν
1421 5079 1613 5131 ἑαυτοῦ
1661 5079 1888 5148 παρέξει

312 5167 431 5218 τῶν
480 5166 956 5236 ἑπιπροσθούντων
999 5167 1382 5238 ἀνῃρημένων,
1445 5169 1540 5222 νῦν
1590 5169 1648 5222 δὲ
1699 5157 1888 5241 ῶσπερ

315 5257 504 5323 ἔξεστι
555 5258 669 5317 τοῖς
734 5257 900 5327 σαρκὶ
920 5256 1125 5325 παχείᾳ
1170 5257 1620 5326 καλυπτομένοις.
1671 5259 1889 5329 Ταύτης

311 5348 423 5414 τῆς
463 5346 836 5415 αἰσθήσεωςὴ
870 5344 1109 5418 άρῤητος
1166 5348 1311 5414 χαρὰ
1361 5351 1454 5399 καὶ
1507 5350 1539 5416 ἡ
1602 5349 1890 5419 ὑπερφυὴς

313 5439 517 5508 ἀγάπη
535 5439 744 5506 καρπός
763 5453 778 5468 ·
797 5438 1002 5490 τούτων
1018 5438 1072 5489 δὲ
1093 5438 1149 5488 τὸ
1169 5437 1396 5505 μέγεθος
1411 5439 1518 5492 τῶν
1539 5440 1895 5510 κατορθωμά-

312 5545 456 5592 των,
479 5527 576 5579 καὶ
601 5529 633 5595 ἡ
656 5527 942 5596 θαυμαστὴ
965 5527 1070 5577 τῶν
1085 5525 1266 5594 ἔργων
1288 5526 1568 5592 ἐπίδειξις,
1607 5529 1699 5580 καὶ
1730 5531 1792 5582 τὸ
1807 5530 1895 5584 διά

317 5619 546 5672 πάντων
580 5617 845 5681 νικῶντας
880 5621 974 5671 καὶ
1009 5617 1729 5687 στεφανηφοροῦνταςίέναι.
1757 5621 1895 5674 Τού-

316 5724 441 5768 τοις
454 5707 559 5773 γάρ
575 5707 950 5780 ὡπλισμένους
968 5711 1078 5770 τοῖς
1096 5708 1276 5768 ὅπλοις
1295 5705 1415 5758 οὕτε
1438 5707 1539 5760 τῶν
1571 5711 1755 5763 δεινῶν
1770 5710 1894 5765 οὔτε

407 5822 453 5871 ’.⁸
482 5822 637 5877 Joan.
679 5839 803 5885 xvn,
836 5825 888 5877 4.
969 5823 1014 5855 ⁸⁸
1053 5821 1206 5877 .loan.
1243 5838 1349 5876 sit.
1396 5822 1476 5874 Η.

1989 4641 2127 4696 quos
2164 4626 2398 4695 primunt
2457 4624 2697 4691 Spiritus
2745 4623 2915 4688 venit,
2963 4621 3196 4690 posteris
3257 4620 3552 4674 communi-

1991 4732 2168 4779 casse,
2198 4726 2253 4770 et
2284 4717 2408 4770 illos
2437 4715 2557 4771 suis
2613 4714 2956 4780 nosteris,et
2999 4712 3076 4766 ita
3120 4711 3557 4780 progredientem

1993 4805 2060 4860 ad
2090 4821 2187 4860 nos
2221 4805 2456 4866 venisse,
2483 4817 2585 4858 nec
2630 4841 2654 4856 ς.
2675 4802 2972 4857 eiecturum
2996 4801 3218 4862 donum,
3261 4798 3435 4852 donec
3461 4814 3557 4852 uo-

1993 4898 2076 4951 bis
2101 4895 2152 4950 id
2176 4895 2290 4963 ipse
2310 4893 2680 4965 suppeditator
2708 4893 3008 4948 contrahat.
3031 4889 3185 4943 Tunc
3218 4889 3381 4958 igitur
3410 4889 3542 4944 bea-

1994 4994 2064 5048 tis
2126 4989 2390 5044 Dominus
2445 5004 2636 5058 purum
2670 5000 2889 5042 sensum
2944 4983 3028 5038 sui
3069 4981 3239 5052 ipsius
3274 4982 3554 5051 praebebit,

1993 5097 2116 5138 cum
2147 5081 2428 5151 interjecta
2475 5089 2528 5134 et
2557 5077 2851 5136 luminibus
2895 5072 3183 5129 olﬁcientia
3228 5072 3441 5128 sublata
3474 5072 3564 5128 fu—

1995 5174 2158 5228 erint.
2180 5169 2335 5225 Nunc
2360 5178 2561 5232 autem,
2593 5176 2653 5222 ut
2679 5167 2822 5228 licet,
2840 5165 3022 5219 carnis
3048 5163 3297 5219 crassitie
3324 5162 3564 5233 coeperti

2001 5262 2162 5331 hujus
2191 5274 2386 5315 sensus
2441 5256 2872 5328 inexplicabilem
2914 5253 3176 5316 laetitiam,
3203 5263 3256 5307 et
3295 5251 3562 5319 insignem

1997 5351 2278 5406 charitatis
2299 5351 2536 5404 fructum
2593 5345 2920 5416 percipiunt,
2970 5358 3136 5413 penes
3164 5358 3303 5414 quos
3334 5352 3418 5398 est
3455 5359 3568 5396 mar

1997 5441 2218 5511 gnitudo
2266 5449 2410 5494 recte
2465 5437 2751 5497 factorum,
2795 5443 2849 5489 et
2887 5434 3290 5488 admirabilium
3341 5446 3562 5498 Operum

1999 5529 2415 5591 demonstratio,
2441 5527 2643 5594 quique
2672 5539 2796 5580 cum
2821 5523 3067 5579 victoriis
3121 5533 3170 5576 et
3202 5521 3418 5577 coronis
3446 5535 3562 5588 per-

1999 5629 2189 5688 agrant
2228 5619 2429 5673 omnia.
2465 5616 2562 5672 His
2587 5617 2732 5670 enim
2763 5615 2930 5670 armis
2977 5610 3254 5672 instructi,
3287 5623 3384 5662 nec
3417 5617 3562 5661 atro-

2000 5712 2177 5772 cibus,
2227 5725 2323 5764 nec
2375 5707 2630 5777 iucundis
2689 5707 3000 5761 vincuntur.
3047 5701 3252 5754 Etenim
3308 5698 3562 5767 gaudium
