4132 6308
520 402 624 466 «567
1725 404 2032 463 NlCOLAl
2074 400 2460 462 CABASILE
3658 390 3768 451 568

518 509 772 567 tristibus
804 511 1146 566 dominatur:
1177 511 1418 582 jucunda
1473 523 1652 568 autem
1705 529 1804 567 nec
1857 512 2094 574 trahere,

2235 510 2309 563 ὦν
2331 511 2500 580 ἡδέων
2527 507 2818 576 ἡττηθῆναι
2846 505 3070 558 δυνατὸν
3093 499 3180 574 ἦν’
3211 502 3303 555 καὶ
3320 499 3475 570 γὰρὴ
3499 498 3597 569 μὲν
3625 506 3764 568 χαρὰ

517 618 618 658 nec
663 604 964 660 dissolvere
1021 614 1173 659 tanta
1234 604 1283 658 vi
1333 605 1534 660 amoris
1586 614 1998 674 coagmentatos
2045 611 2098 656 et

518 696 852 750 constrictos
885 705 1137 765 possunt.
1194 694 1306 751 Hoc
1359 705 1444 750 est
1480 697 1823 766 baptismatis
1877 711 2035 766 Opus,
2068 711 2098 749 a

518 788 759 855 peccatis
821 772 1122 854 absolv‘Ere,
1196 789 1404 844 homini
1488 787 1657 842 Deum
1719 787 2098 853 reconciliare,

526 880 636 932 Deo
660 880 934 935 hominem
976 881 1254 948 adoptare,
1287 881 1506 935 oculum
1536 879 1826 934 animabus
1862 877 2102 946 aperire,

520 970 766 1025 divinum
792 971 1002 1026 radium
1037 973 1351 1042 degustare,
1383 983 1460 1034 et,
1494 982 1551 1025 ut
1600 971 1763 1026 simul
1809 970 2011 1030 dicam,
2036 968 2103 1020 ad

525 1061 763 1116 futuram
801 1063 967 1117 vitam
1017 1079 1348 1134 prwparare.
1411 1064 1601 1135 itaque
1652 1073 1796 1118 recte
1849 1060 2102 1124 iacimus,

523 1155 650 1207 dum
683 1155 730 1208 ei
762 1154 1133 1224 generationis
1173 1169 1396 1216 nomen,
1425 1163 1478 1207 et
1533 1153 1782 1207 eamdem
1827 1152 2106 1213 notionem

524 1246 774 1299 habentia
821 1245 1177 1314 imponimus.
1222 1245 1287 1299 Et
1314 1245 1532 1299 demum
1597 1243 1689 1298 Dei
1740 1242 2106 1312 cognitionem

525 1337 576 1388 in
609 1336 898 1391 animabus
926 1336 1264 1391 initiatorum
1293 1338 1494 1391 exoriri
1532 1336 1684 1397 facit,
1720 1351 1842 1406 quze
1870 1345 1952 1391 est
1976 1335 2109 1398 vita,

525 1424 692 1490 l-asis,
717 1425 870 1479 radix
903 1423 1057 1480 vitae:
1085 1427 1283 1495 partim
1323 1427 1444 1494 ipso
1476 1427 1761 1480 Salvatore
1787 1424 2110 1486 afﬁrmante,

521 1524 783 1570 aeternam
839 1516 1028 1579 vitam,
1113 1520 1166 1570 in
1239 1517 1622 1587 cognoscendo
1693 1517 1866 1571 solum
1927 1529 2114 1568 verum

529 1608 722 1673 Deum,
753 1616 983 1675 etquem
1015 1606 1362 1662 misithsum
1389 1608 1670 1661 Christum
1693 1607 1761 1669 ⁵⁷,
1781 1606 1940 1660 sitam
1967 1617 2113 1670 esse;

529 1697 725 1767 partim
749 1697 814 1750 ad
855 1697 1021 1750 Deum
1066 1696 1361 1752 Salomone
1403 1699 1654 1752 dicente:
1714 1697 1899 1753 «Scire
1930 1706 2003 1761 te,
2030 1711 2119 1751 ra.

520 1789 623 1844 'dix
645 1788 1073 1843 immortalitatis
1094 1788 1198 1842 ³⁸.»
1243 1788 1396 1854 Quod
1427 1789 1472 1844 si
1511 1797 1565 1842 et
1589 1789 1727 1843 ratio
1777 1787 2118 1858 adiungenda

2199 600 2308 654 τῶν
2333 598 2572 668 ἀνιαρῶν
2593 597 2942 668 κατεκράτει,
2970 595 3038 648 τὰ
3057 595 3112 647 δὲ
3133 594 3266 665 ἡδέα
3286 591 3409 644 οὔτε
3431 588 3659 646 ἑλκῦσαι
3688 584 3763 641 εἷ-

2202 711 2295 763 χεν
2328 693 2450 746 οὔτε
2477 691 2703 745 ἐκλῦσαι
2724 689 2962 762 τοσαύτῃ
2983 688 3209 757 δυνάμει
3225 685 3333 739 τῶν
3351 683 3590 754 φίλτρων
3620 699 3758 734 συνε-

2205 785 2418 848 στῶτας
2450 785 2541 838 καὶ
2565 783 2904 852 δεδεμένους.
2927 780 3102 834 Τοῦτο
3153 778 3250 833 τοῦ
3300 775 3679 848 βαπτίσματος
3709 773 3770 824 τὸ

2204 877 2404 946 ἔργονο
2443 875 2732 946 ἁμαρτιῶν
2787 873 3083 935 ἀπολῦσαι,
3124 869 3402 940 ἀνθρώπῳ
3458 868 3591 920 Θεὸν
3647 883 3779 918 κατ-

2207 968 2457 1035 αλλάεαι,
2491 966 2612 1034 Θεῷ
2660 966 2753 1019 τὸν
2781 963 3072 1034 ἄνθρωπον
3126 961 3466 1028 είσποιῆσαι,
3495 955 3783 1026 ὀφθαλμὸν

2212 1063 2330 1122 ταῖς
2357 1059 2560 1129 ψυχαῖς
2592 1057 2820 1122 ἀνοῖξαι,
2856 1057 2956 1125 τῆς
3003 1053 3154 1113 θείας
3183 1052 3422 1113 ἀκτῖνος,
3458 1048 3516 1101 τὸ
3556 1046 3783 1114 σύμπαν

2209 1153 2406 1214 εἰπεῖν,
2431 1149 2564 1219 πρὸς
2583 1151 2672 1201 τὸν
2691 1147 2953 1216 μέλλοντα
2976 1145 3090 1213 βίον
3109 1140 3548 1212 παρασκευάσαι.
3573 1137 3785 1190 υύκοῦν

2209 1243 2396 1298 εἰκότα
2424 1240 2710 1310 ποιοῦμεν,
2732 1238 2904 1308 ὃνομα
2930 1237 3078 1304 αὐτῷ
3104 1235 3384 1302 τιθέμενοι
3409 1232 3666 1298 γέννησιν
3692 1229 3786 1278 καὶ

2212 1336 2248 1391 ἃ
2283 1336 2374 1388 τὸν
2406 1335 2520 1388 ῑσον
2551 1331 2774 1386 δύναται
2819 1330 2999 1397 λόγον,
3027 1329 3097 1381 τά
3130 1344 3190 1380 τε
3217 1325 3349 1382 ἄλλα
3402 1324 3497 1377 καὶ
3537 1323 3618 1375 ὅτι
3647 1319 3786 1372 Θεοῦ

2214 1428 2416 1495 γνῶσιν
2444 1427 2565 1488 ταῖς
2589 1423 2792 1492 ψυχαῖς
2824 1419 3111 1474 ἀνατέλλει
3163 1417 3273 1470 τῶν
3305 1412 3678 1481 τελουμένων.
3714 1411 3790 1462 Τὸ

2216 1519 2274 1572 δέ
2323 1519 2443 1571 ἐστι
2488 1515 2606 1584 ζωὴ
2653 1514 2748 1567 καὶ
2777 1513 2988 1583 κρηπὶς
3041 1511 3135 1563 καὶ
3185 1505 3310 1578 ῥίζα
3351 1503 3520 1572 ζωῆς,
3580 1501 3644 1554 τὺ
3690 1500 3792 1569 μὲν

2218 1611 2384 1664 αὐτοῦ
2441 1608 2538 1662 τοῦ
2595 1609 2847 1675 Σωτῆρος
2877 1601 3208 1673 ὁρισαμένου
3244 1599 3340 1665 τὴν
3388 1595 3609 1647 αἰώνιον
3643 1591 3792 1658 ζωὴν

2219 1705 2278 1756 ὲν
2306 1701 2383 1769 τῷ
2411 1699 2700 1768 γινώσκειν
2730 1697 2822 1750 τὸν
2874 1695 3034 1764 μόνον
3097 1689 3352 1760 ἀληθινὸν
3407 1685 3542 1740 Θεὸν
3593 1684 3686 1737 καὶ
3733 1682 3796 1735 ὃν

2221 1788 2544 1845 ἀπέστειλεν
2587 1785 2796 1856 Ἰησοῦν
2852 1778 3110 1854 Χριστὸν,
3163 1779 3225 1832 τὸ
3255 1779 3313 1830 δὲ
3345 1776 3485 1844 πρὸς
3525 1774 3618 1826 τὸν
3650 1773 3792 1825 Θεὸν

531 1889 638 1950 est,
669 1885 791 1949 quis
840 1879 1034 1946 nescit,
1076 1894 1258 1934 veram
1299 1879 1590 1934 essentiam
1632 1878 2122 1947 excellentiamque

2229 1884 2317 1937 τοῦ
2357 1879 2706 1952 Σολομῶντος
2733 1878 3000 1938 εἰπόντος,
3041 1893 3059 1925 ι
3092 1872 3167 1925 Τὸ
3201 1867 3507 1923 ὲπίστασθα
3547 1868 3627 1932 σὲ,
3669 1867 3800 1936 ῥίζα

534 1975 816 2028 hominum
863 1974 916 2028 in
987 1975 1089 2028 hoc
1139 1972 1294 2041 ipso,
1379 1972 1432 2026 in
1491 1971 1865 2027 ratiocinando
1917 1970 2122 2024 scilicet

536 2075 585 2118 rt
618 2067 1004 2134 cognoscendo
1039 2065 1274 2136 positam
1315 2064 1476 2119 esse?
1509 2063 1667 2130 Quod
1695 2063 1740 2117 si
1795 2063 1866 2116 ita
1923 2074 2028 2127 est,
2063 2064 2118 2116 in

537 2157 776 2211 omnium
805 2157 1009 2226 optima
1045 2157 1357 2225 cognitione
1410 2155 1621 2224 utique,
1683 2163 1738 2210 et
1767 2169 1796 2206 a
1831 2153 2120 2208 mendacio

539 2251 708 2304 libera
737 2252 911 2320 posita
971 2251 1154 2306 fuerit.
1210 2250 1300 2304 Dei
1325 2258 1504 2303 autem
1549 2246 1743 2301 notitia
1803 2246 1944 2316 (ipso
1989 2261 2121 2300 oeu-

539 2341 650 2396 lnm
690 2341 887 2397 anima:
913 2343 1191 2411 aperiente
1238 2352 1293 2394 et
1347 2340 1415 2394 ad
1462 2354 1522 2395 se
1577 2338 1957 2402 convertente)
1995 2353 2117 2407 qua:

539 2435 779 2504 cognitio
802 2435 1014 2502 melior,
1039 2447 1094 2490 et
1119 2434 1186 2490 ab
1243 2433 1391 2490 oumi
1422 2446 1609 2489 errore
1655 2430 1844 2500 purior
1862 2429 1888 2483 ‘l
1911 2427 2010 2485 Hic
2040 2439 2124 2484 est

543 2528 756 2584 fructus
777 2529 1141 2598 baptismatis.

2223 1970 2538 2034 ἀθανασίας.
2573 1988 2591 2022 ι
2634 1969 2698 2022 Ei
2724 1967 2781 2020 δὲ
2809 1966 2890 2019 δεῖ
2921 1962 3240 2033 προσθεῖναι
3275 1959 3372 2010 καὶ
3395 1955 3678 2024 λογισμὸν,
3710 1953 3800 2016 τίς

2223 2064 2323 2117 οὐκ
2344 2057 2474 2126 οἶδε,
2510 2063 2570 2113 τδ
2598 2058 2850 2128 ἀληθινὸν
2867 2055 3024 2121 ξεῖναι
3049 2053 3160 2106 τῶν
3188 2049 3493 2119 ἀνθρώπων
3517 2047 3604 2098 καὶ
3634 2062 3800 2113 περι-

2223 2157 2366 2208 εἶναι
2393 2151 2555 2206 τοῦτο
2586 2151 2720 2204 αὐτὸ
2760 2145 2904 2202 εἶναι
2932 2146 2992 2198 τὸ
3016 2141 3328 2214 λογίζεσθαι
3360 2141 3453 2193 καὶ
3481 2137 3796 2204 γινώσκειν;

2228 2251 2289 2306 Εί
2324 2251 2382 2304 δὲ
2421 2251 2480 2302 ὲν
2521 2247 2596 2318 τῷ
2624 2245 2938 2313 λογίζεσθαι
2965 2244 3061 2295 καὶ
3121 2239 3415 2308 γινώσκειν
3447 2235 3556 2289 τοῖς
3582 2225 3796 2296 ἀνθρώ-

2231 2361 2356 2405 ποις
2396 2340 2516 2394 ὲστὶ
2566 2339 2626 2392 τὸ
2668 2332 2832 2403 εἶναι,
2880 2335 2966 2402 εἴη
3001 2333 3068 2386 ἂν
3091 2335 3149 2385 ὲν
3197 2333 3265 2400 τῇ
3322 2325 3515 2382 πασῶν
3547 2322 3800 2393 βελτίστῃ

2231 2432 2430 2505 γνώσει
2483 2431 2577 2484 xui.
2631 2429 2860 2500 ψεύδους
2917 2423 3352 2494 ἀπηλλαγμένῃ·
3411 2417 3506 2471 τοῦ
3576 2415 3649 2505 δι
3704 2411 3802 2505 τίὲν
3851 2411 3856 2414 ’

2231 2501 2365 2580 θεὸν
2417 2522 2730 2592 γινώσκειν,
2783 2516 2947 2572 αὑτοῦ
2995 2518 3088 2569 τδν
3150 2511 3431 2582 ὀφθαλμὸν
3473 2507 3574 2575 τῆς
3624 2501 3838 2573 ψυχῆς,

544 2619 704 2683 Θεοῦ,
729 2620 814 2679 τίς
844 2596 915 2673 ἂν
940 2620 1176 2673 καλλίων
1225 2619 1436 2686 γένοιτο
1464 2635 1665 2687 γνωσις
1698 2620 1793 2671 καὶ
1837 2617 2202 2688 καθαρωτέρα
2243 2618 2552 2685 ἀνοίγοντος
2615 2613 2711 2668 καὶ
2761 2610 2898 2681 πρὸς
2956 2610 3148 2663 ἑαυτὸν
3221 2600 3644 2673 ἐπιστρέφοντος
3711 2596 3812 2650 τοῦ

561 2712 773 2780 πλάνης
820 2713 1083 2779 ἁπάσης;
1127 2711 1192 2764 Ἥ
1231 2710 1288 2764 δέ
1349 2713 1464 2766 ἐστι
1517 2711 1614 2766 τοῦ
1666 2710 2040 2782 βαπτίσματος
2075 2711 2306 2778 καρπός.

551 2879 556 2882 _
619 2806 913 2860 Ostensum
970 2816 1053 2859 est
1083 2819 1249 2872 porro
1299 2806 1570 2860 hactenus
1608 2847 1624 2871 ,
1654 2805 1780 2860 vita:
1809 2805 1866 2858 in
1905 2803 2130 2858 Christo

552 2898 880 2970 principium
901 2939 914 2963 ,
951 2897 1310 2967 essentiteque
1343 2906 1398 2951 et
1429 2897 1556 2950 vitae
1585 2896 1890 2961 hominum,
1917 2905 1970 2950 et
1993 2911 2132 2964 pra)-

553 2991 770 3044 stantiae
815 2987 1119 3044 secundum
1181 3002 1366 3042 veram
1387 2987 1577 3053 vitam,
1605 2988 1921 3058 mysterium
1949 2987 2129 3056 bapti-

555 3083 657 3136 smi
705 3095 930 3134 causam
989 3095 1134 3135 esse.
1176 3079 1330 3145 Quod
1394 3079 1438 3134 si
1479 3080 1595 3134 haec
1627 3095 1736 3135 non
1768 3080 1824 3134 in
1870 3079 2126 3135 omnibus

554 3171 844 3242 baptizatis
891 3179 1210 3237 cernuntur,
1290 3187 1399 3226 non
1472 3172 1729 3227 continuo
1798 3171 2130 3227 inﬁrmitatis

559 3265 929 3318 damnandum
957 3271 1040 3318 est
1073 3263 1415 3333 mysterium:
1443 3264 1537 3318 sed
1563 3261 1788 3318 initiatis
1823 3261 1944 3334 ejus
1971 3263 2132 3331 culpa

558 3356 743 3410 damni
775 3356 1063 3410 tribuenda
1112 3365 1217 3419 est,
1246 3356 1338 3426 qui
1366 3364 1458 3410 aut
1487 3370 1594 3410 non
1632 3357 1771 3411 bene
1803 3356 1869 3410 ad
1901 3354 2132 3424 gratiam

559 3449 731 3518 parati
794 3449 924 3511 sint,
963 3456 1056 3502 aut
1121 3448 1437 3503 thesaurum
1501 3446 1860 3516 prodiderint.
1919 3446 2137 3510 Quanto

559 3543 706 3599 enim
760 3541 963 3609 justius
1013 3550 1118 3605 est,
1171 3541 1466 3595 discrimen
1506 3540 1607 3593 hoc
1637 3539 1704 3592 ad
1751 3539 1900 3607 ipsos
1934 3538 2139 3593 referre

561 3636 827 3699 initiatos,
888 3633 1142 3688 dissimili
1203 3634 1365 3688 modo
1418 3633 1740 3699 baptismate
1796 3646 1949 3696 usos,
1974 3646 2138 3701 quam

564 3728 924 3780 initiationem
971 3740 1136 3777 unam
1189 3723 1545 3792 eamdemque
1578 3723 1630 3776 in
1664 3723 1921 3777 omnibus
1949 3731 2140 3775 contra

565 3820 865 3872 accusare?
894 3817 1115 3871 Certum
1172 3829 1254 3870 est
1307 3817 1475 3881 enim,
1501 3831 1677 3884 neque
1703 3824 1932 3890 naturae,
1967 3830 2144 3883 neque

567 3907 971 3962 exercitationis
1001 3907 1271 3960 dictorum
1294 3907 1559 3960 bonorum
1591 3906 1896 3968 cumulum,
1927 3906 2018 3959 sed
2051 3905 2147 3958 ba-

568 4001 843 4068 ptismatis
906 4016 1042 4068 opus
1069 4015 1212 4053 esse.
1269 3998 1386 4052 Jam
1447 3998 1581 4054 siet
1636 3999 1969 4052 contrarium
2021 3997 2146 4050 inde

571 4098 771 4162 evenit,
833 4099 1108 4165 quomodo
1168 4110 1276 4149 non
1345 4103 1429 4150 est
1495 4095 1816 4159 absurdum,
1855 4094 1907 4148 itl
1969 4092 2145 4162 ipsum

571 4203 733 4257 posse
795 4187 1124 4248 illuminare,
1148 4195 1201 4240 ct
1233 4203 1342 4241 non
1369 4185 1561 4255 posse?
1590 4195 1642 4239 et
1663 4185 1916 4239 caelestes
1943 4183 2147 4246 facere,

571 4292 624 4333 et
655 4282 824 4334 nihilo
888 4282 1124 4336 terrenis
1185 4280 1535 4334 sublimiores
1564 4278 1588 4331 ?
1621 4277 1727 4330 Sed
1757 4291 1931 4344 neque
1977 4275 2148 4328 solent

573 4374 1057 4439 reprehendemus,
1115 4386 1216 4423 uec
1283 4386 1381 4439 pro
1437 4371 1673 4423 obscuro
1743 4350 2165 4428 damnahiuuts,'

2311 2802 2716 2856 Ἀποδέδεικται
2751 2799 2858 2867 ἄρα
2921 2796 3009 2848 διὰ
3037 2794 3148 2847 τῶν
3179 2790 3487 2859 εἰρημένων
3519 2782 3812 2841 ἁπάντων,

2229 2899 2326 2966 τῆς
2357 2899 2414 2948 ὲν
2436 2893 2652 2965 Χριστῷ
2672 2891 2816 2960 ζωῆς
2834 2889 3006 2958 ἀρχὴν
3022 2889 3112 2940 καὶ
3128 2885 3223 2937 τοῦ
3245 2879 3385 2935 εἶναι
3409 2881 3503 2932 καὶ
3531 2879 3633 2946 ζῇν
3672 2875 3812 2966 τοὺς

2229 2964 2550 3059 ἀνθρώπους
2573 2987 2665 3038 καὶ
2696 2986 2962 3050 περιεῖναι
2995 2980 3092 3049 τὴν
3117 2977 3289 3047 ἀληθῆ
3325 2973 3480 3041 ζωὴν
3500 2971 3594 3023 καὶ
3616 2964 3812 3059 οὐσίαν

2233 3082 2294 3134 τὸ
2320 3057 2620 3148 μυστήριον
2651 3075 2822 3128 αἴτιον
2858 3068 3020 3124 εἶναι.
3045 3070 3105 3121 Ei
3131 3069 3186 3120 δὲ
3223 3065 3298 3136 μὴ
3328 3065 3464 3116 πᾶσι
3494 3060 3663 3112 ταῦτα
3694 3057 3812 3117 τοῖς

2239 3170 2653 3244 βαπτιζομένοις
2675 3166 2978 3227 ἀκολουθεῖ,
3005 3163 3288 3216 ἀσθένειαν
3342 3158 3402 3208 οὐ
3433 3153 3675 3221 προσῆκε
3705 3167 3810 3200 κα-

2236 3243 2510 3332 ταγνῶναι
2540 3261 2634 3315 τοῦ
2673 3259 2978 3329 μυστηρίου
2998 3274 3012 3288 ·
3041 3257 3153 3316 τοῖς
3191 3253 3246 3304 δὲ
3281 3247 3635 3315 τελουμένοις
3658 3243 3816 3332 lori:

2243 3328 2400 3410 στίον
2445 3355 2563 3408 ἐστὶ
2625 3328 2687 3406 to
2753 3351 2946 3413 πάθος,
2984 3348 3014 3418 ἢ
3058 3348 3131 3416 μὴ
3161 3338 3709 3411 παρεσκευασμένοις
3750 3328 3814 3384 εὗ

2241 3449 2379 3518 πρὸς
2429 3446 2528 3514 τὴν
2569 3444 2749 3515 χάριν,
2800 3439 3129 3511 ἢπροδοῦσι
3179 3437 3270 3488 τον
3323 3430 3622 3501 θησαυρίν.
3653 3425 3818 3518 ίῖόσῳ

2239 3517 2352 3606 γὰρ
2401 3533 2698 3604 ἀξιώτερον
2745 3533 2842 3600 τὴν
2895 3530 3160 3598 διαφορὰν
3222 3524 3425 3592 ταύτην
3481 3521 3560 3580 εἰς
3614 3517 3819 3578 αὐτοὺς

2241 3631 2466 3697 ἀνάγειν
2518 3628 2643 3687 τοὺς
2691 3625 3047 3688 τελουμένους
3089 3620 3350 3688 διάφορον
3392 3614 3592 3682 τρόπον
3617 3609 3693 3675 τῷ
3721 3608 3823 3677 βα-

2243 3723 2508 3789 πτίσματι
2581 3711 3182 3788 χρησαμένους,ἢτὴν
3244 3706 3490 3772 τελετὴν,
3551 3701 3682 3768 μίαν
3756 3700 3819 3747 ὲν

2247 3815 2422 3868 ἅπασι
2450 3813 2540 3863 καὶ
2567 3810 2663 3879 τὴν
2683 3809 2854 3876 αὐτὴν
2875 3805 3059 3866 οὖσαν,
3083 3803 3192 3856 τῶν
3215 3797 3474 3852 ἐναντίων
3498 3790 3777 3846 αἱτιᾶτθαι
3803 3829 3822 3853 ,

2249 3906 2522 3977 Πρόδηλον
2557 3905 2652 3972 μὲν
2679 3902 2809 3971 γὰρ,
2833 3900 2907 3962 ὡς
2935 3897 3060 3950 οὔτε
3113 3894 3329 3962 φύσεως
3374 3889 3501 3942 οὗτε
3528 3885 3826 3952 ἀσκήσεως

2257 4003 2285 4054 ὁ
2315 4000 2422 4053 τῶν
2451 3999 2758 4068 εἰρημένων
2802 3995 3023 4060 ἀγαθῶν
3051 3989 3245 4058 σωρὸς,
3304 3984 3442 4038 ἀλλὰ
3485 3981 3578 4036 τοῦ
3629 3978 3831 4048 βαπτίο

2249 4109 2457 4161 σματος
2505 4090 2664 4157 ἔργον
2691 4106 2704 4120 ο
2749 4088 2798 4138 εἰ
2849 4085 2907 4138 δὲ
2977 4080 3071 4134 καὶ
3109 4076 3417 4131 τούναντίον
3453 4068 3834 4130 ἐκεῖθεν.·πῶς

2250 4185 2354 4238 οὐκ
2376 4184 2575 4237 ἄτοπον
2610 4181 2671 4232 τὸ
2708 4177 2838 4230 αὐτὸ
2873 4175 2971 4228 καὶ
2999 4171 3258 4225 δύνασθαι
3296 4165 3560 4237 φωτίζειν
3592 4163 3687 4215 καὶ
3726 4160 3831 4229 μὴ,

2250 4277 2345 4330 καὶ
2378 4273 2664 4342 οὐρανίους
2702 4269 2877 4321 ποιεῖν
2900 4268 2994 4320 καὶ
3025 4264 3178 4318 οὐδὲν
3211 4260 3318 4312 τῶν
3372 4259 3580 4327 γηΐνων
3616 4253 3832 4322 Oti/nlo-

2251 4371 2442 4437 τέρους
2465 4382 2478 4430 ;
2499 4363 2636 4417 Ἀλλ’
2663 4361 2786 4414 οὔτε
2823 4359 2916 4411 τὸν
2939 4359 3093 4427 ἥλιον
3127 4350 3483 4424 μεμψόμεθα,
3517 4346 3626 4400 οὐδ’
3660 4345 3727 4437 αν
3753 4344 3838 4406 ὡς

574 4466 700 4533 quia
768 4464 977 4517 radium
1017 4463 1133 4531 ejus
1157 4476 1262 4514 non
1319 4475 1508 4514 omnes
1554 4457 1827 4524 aspiciunt
1861 4474 1875 4520 ;
1913 4456 1981 4508 ab
2012 4454 2126 4524 aspi

2229 4457 2504 4524 ’ἀφανοῦς
2537 4453 2921 4520 γαταγνοϊμεν,
2962 4450 3044 4500 ὅτι
3099 4444 3204 4513 μὴν
3229 4443 3326 4510 τὴν
3375 4441 3568 4493 ἀκτῖνα
3626 4435 3841 4493 πάντες

576 4555 846 4610 cientibus
875 4557 1054 4625 potius
1109 4553 1367 4622 sum-agia
1430 4552 1768 4619 colligemus.
1829 4549 1939 4603 Nec
2002 4559 2148 4602 recte

577 4649 892 4711 fecerimus,
944 4647 991 4702 si
1070 4643 1526 4698 illuminationent
1613 4642 1759 4695 aliud
1824 4657 1982 4711 posse
2055 4655 2145 4693 ar-

580 4741 924 4807 bitrabimur,
987 4754 1151 4809 quam
1222 4738 1272 4792 id
1327 4737 1529 4807 ipsum,
1607 4735 1750 4790 unde
1833 4733 2156 4804 appellatur.

653 4923 696 4956 ’τ
721 4922 878 4977 Joau.
913 4938 1044 4988 xvn,
1080 4922 1132 4975 5.
1245 4920 1293 4952 ’⁸
1330 4919 1457 4987 Sap.
1491 4933 1579 4977 xv,
1606 4916 1656 4968 5.

2259 4549 2482 4620 ὁρῶσιν,
2510 4545 2618 4598 ἀπὸ
2650 4544 2706 4596 δὲ
2736 4542 2846 4595 τῶν
2895 4541 3150 4610 ὁρώντων
3204 4535 3303 4596 τὰς
3333 4533 3548 4601 ψήφους
3577 4525 3839 4620 οτσομεν,

2255 4640 2379 4692 οὒτε
2408 4636 2468 4690 τὸ
2499 4635 2756 4703 φώτισμα
2790 4629 2977 4683 εἰκότα
3007 4627 3073 4680 ἂν
3107 4629 3377 4692 ποιοῖμεν,
3425 4622 3547 4675 ἄλλο
3580 4633 3630 4666 τι
3655 4613 3838 4666 δύνα-

2271 4733 2396 4785 σθαι
2426 4728 2748 4799 νομίσαντες
2780 4724 2813 4794 ἦ
2845 4723 2978 4777 αὐτὸ
3012 4719 3169 4773 τοῦτο
3193 4718 3316 4771 ὅθεν
3349 4714 3612 4768 modum
