4158 6306
464 306 564 370 571

1673 314 1977 373 NicoLAI
2021 280 2407 376 CABASILE

3589 306 3699 376 572

463 443 658 486 omnes
688 437 894 482 natura!
919 443 1031 484 suae
1057 429 1272 485 divitias
1303 429 1355 483 in
1381 445 1498 482 eam
1521 429 1773 492 contulit,
1809 440 1938 482 tunc
1973 430 2026 484 in

2140 430 2222 483 θὲν
2248 431 2350 500 ἤδη
2376 431 2438 484 τὸ
2471 430 2644 502 μύρον
2673 430 2896 492 είκότως
2927 398 3140 500 χρίσμα
3173 425 3266 481 καὶ
3293 424 3408 479 ἔστι
3431 425 3526 478 καὶ
3548 423 3707 490 λέγε-

466 532 639 587 tpsam
670 518 897 573 eli‘usum
925 522 1037 590 jam
1059 523 1416 590 unguentum,
1434 523 1555 590 jure
1580 522 1817 578 chrisma
1840 532 1895 577 et
1923 531 2028 588 est,

467 621 521 666 et
576 592 909 670 nominatan
940 615 1072 668 Nam
1098 615 1517 681 communicari,
1545 616 1648 671 hoc
1681 615 1780 685 ipsi
1812 623 1866 671 et
1887 617 2032 671 chri-

469 717 609 766 sma,
665 718 760 758 seu
814 716 1146 772 unguentum
1206 721 1329 761 esse
1364 744 1380 770 ,
1415 716 1469 761 et
1511 706 1711 762 eﬂ‘undi
1767 709 1890 763 fuit.
1922 709 2031 766 Nec

467 795 612 848 enim
639 796 867 848 mutavit
916 796 1114 859 locum,
1148 811 1246 851 nec
1274 798 1457 852 divisit
1489 814 1726 864 murum,
1758 815 1856 855 nec
1884 808 2033 855 tran-

469 887 700 940 scendit:
729 888 820 943 sed
853 889 997 956 quod
1035 889 1210 957 ipsum
1239 905 1266 942 a
1322 890 1479 946 nobis
1512 892 1752 959 arcebat,
1780 893 2033 963 quodque

471 977 701 1043 ipsemet
729 978 945 1040 fecerat,
973 981 1026 1034 id
1084 982 1289 1036 nullum
1326 982 1380 1036 in
1406 984 1586 1038 medio
1619 984 1855 1054 reliquit.
1892 983 2033 1040 Deus

470 1067 617 1120 enim
653 1069 720 1121 ab
747 1070 1056 1125 hominibus
1098 1087 1203 1126 non
1268 1073 1386 1128 loco
1433 1074 1689 1142 distabat,
1721 1076 1815 1145 qui
1847 1075 2034 1146 implet

471 1172 688 1210 omnem
727 1159 926 1222 locum,
975 1161 1066 1216 sed
1097 1161 1399 1218 differentia
1460 1165 1715 1229 distabat,
1759 1174 1814 1222 et
1841 1175 2032 1220 natura

473 1262 533 1300 se
587 1249 754 1316 ipsam
807 1249 910 1304 sibi
969 1265 999 1304 a
1041 1251 1154 1306 Deo
1181 1256 1418 1318 arcebat,
1456 1255 1751 1310 differendo
1778 1258 2035 1311 omnibus

474 1353 596 1406 quae
629 1339 884 1407 habebat,
916 1349 970 1394 et
1003 1343 1148 1396 nulla
1175 1359 1298 1398 cum
1330 1360 1395 1400 eo
1421 1347 1812 1400 communitate
1835 1363 2034 1403 conso-

475 1432 634 1484 ciata.
661 1429 796 1485 Nam
830 1433 944 1501 ipse
1001 1434 1216 1501 quidem
1254 1435 1394 1490 Deus
1423 1438 1597 1490 solum
1640 1436 1805 1502 Deus,
1840 1449 2034 1494 natura

474 1530 660 1574 nostra
706 1522 867 1576 homo
905 1531 1114 1576 tantum
1149 1535 1287 1580 erat.
1327 1525 1422 1580 Ubi
1450 1541 1579 1580 vero
1607 1542 1735 1581 caro
1765 1528 2036 1594 dcilicata,

475 1619 529 1666 ct
567 1622 758 1668 natura
807 1615 1045 1668 humana
1069 1616 1243 1685 ipsum
1280 1617 1446 1672 Deum
1480 1618 1815 1688 hypostatice
1845 1620 2035 1674 sortita

475 1713 579 1766 est,
633 1719 822 1760 murus
845 1721 939 1761 seu
987 1706 1162 1774 paries
1193 1709 1304 1776 jam
1354 1719 1686 1778 unguentum
1727 1709 1955 1774 exstitit,
1986 1719 2040 1764 et

2135 539 2246 576 ται.
2279 522 2352 574 Τὸ
2383 522 2490 592 γὰρ
2522 521 2884 591 μεταδοθῆναι
2930 519 3092 574 τοῦτο
3118 514 3187 589 ἦν
3222 516 3373 586 αὐτῷ
3403 515 3613 585 χρίσμα
3643 529 3704 564 τε

2135 612 2389 682 γενέσθαι
2419 617 2515 667 καὶ
2541 611 2842 682 κενωθῆναι
2861 612 2952 665 ὀὗ
2981 611 3088 680 γὰρ
3121 608 3326 680 ἧμειψε
3353 606 3539 666 τόπον,
3581 603 3704 656 οὐδὲ

2135 704 2296 758 διεῖλε
2317 706 2520 773 τεῖχος,
2552 701 2662 757 οὐδ’
2689 702 2954 774 ὑπερέϐη,
2975 700 3113 754 ἀλλὰ
3123 700 3182 752 τὸ
3200 700 3433 767 διεῖργον
3454 695 3708 763 τῶνὴμε-

2136 793 2312 861 τέρων
2363 792 2546 856 αὐτὸν,
2599 793 2735 863 ὅπερ
2790 791 2954 854 αὐτὸς
3003 787 3296 852 ἀποδείξας
3346 786 3497 838 οὐδὲν
3525 786 3706 852 ἀφῆκε

2126 881 2322 953 μέσον.
2339 882 2663 952 Ἀνθρώπων
2683 883 2791 951 γὰρ
2811 885 2838 936 ὁ
2860 883 2992 946 Θεὸς
3020 882 3079 934 ού
3106 880 3254 947 τόπῳ
3281 878 3559 947 διέφερεν,
3587 875 3615 928 ὅ
3639 891 3703 940 γε

2141 977 2324 1028 πάντα
2352 976 2520 1028 τόπον
2554 975 2821 1044 κατέχων,
2854 972 2987 1026 ἀλλὰ
3036 971 3271 1040 διαφορᾷ
3313 969 3577 1029 διΐστατο,
3611 964 3706 1018 καὶ

2138 1069 2172 1138 ἡ
2209 1067 2369 1136 φύσις
2395 1067 2566 1136 αὐτὴν
2595 1065 2733 1136 αὐτὴ
2766 1063 2860 1118 τοῦ
2886 1063 3022 1117 Θεοῦ
3056 1064 3265 1131 διεῖργε
3303 1058 3381 1129 τῷ
3424 1061 3590 1112 πᾶσιν
3623 1053 3709 1120 οἷς

2091 1194 2096 1200 -
2141 1157 2251 1229 εἶχε
2277 1158 2555 1228 διαφέρειν
2586 1159 2679 1209 καὶ
2707 1157 2845 1225 πρὸς
2892 1157 3055 1209 αὑτὸν
3111 1138 3290 1221 μηδὲν
3307 1150 3487 1204 κοινὸν
3519 1149 3662 1218 ἔχειν
3689 1165 3704 1180 ·

2139 1251 2223 1304 ὅτι
2273 1250 2406 1313 Θεὸς
2464 1248 2564 1318 μὲν
2620 1248 2780 1311 αύτδς
2837 1248 3022 1317 μόνον,
3071 1247 3106 1316 ἡ
3136 1246 3190 1297 δὲ
3226 1243 3384 1311 φύσις
3423 1241 3709 1310 ἄνθρωπος

2145 1343 2328 1412 μόνον.
2362 1342 2518 1395 Ἐπεὶ
2563 1342 2619 1394 δὲ
2646 1340 2782 1410 σὰρξ
2817 1338 3047 1408 ὲθεώθη,
3080 1337 3173 1391 καὶ
3200 1335 3359 1406 φύσις
3404 1333 3710 1403 ἀνθρώπων

2145 1435 2442 1488 ὑπόστασιν
2483 1431 2647 1486 αὑτὸν
2689 1432 2851 1501 ἔλαχε
2885 1429 2976 1483 τὸν
3025 1429 3179 1491 Θεὸν,
3206 1427 3268 1480 τὸ
3299 1425 3502 1495 τειχίον
3536 1424 3710 1494 μύρον

2145 1523 2386 1594 ὑπῆρξεν
2415 1522 2518 1593 ἥδη
2545 1539 2559 1553 ο
2590 1522 2686 1575 καὶ
2710 1523 2743 1591 ἡ
2773 1520 3009 1590 διαφορά
3034 1519 3218 1588 εκείνη
3255 1516 3441 1588 χώραν
3472 1517 3570 1568 οὐκ
3594 1516 3710 1582 ἔχει

2144 1615 2242 1684 τῆς
2295 1615 2423 1682 μιᾶς
2479 1613 2828 1674 ὑποστάσεως
2884 1612 3040 1664 τοῦτο
3082 1610 3182 1680 μὲν
3224 1608 3416 1676 οῠσης,
3450 1609 3627 1660 έκεῖνο
3652 1607 3710 1659 δὲ

2146 1703 2465 1773 γενομένης,
2497 1705 2532 1773 ἠ
2559 1704 2657 1772 τὴν
2706 1703 2992 1756 διάστασιν
3022 1700 3121 1770 τῆς
3175 1699 3433 1769 θεότητος
3467 1699 3562 1749 καὶ
3619 1697 3714 1748 ἀν-

476 1799 770 1855 discrimen
808 1800 938 1854 illud
963 1801 1142 1854 locum
1169 1800 1234 1854 de
1253 1809 1446 1854 cmtero
1481 1816 1586 1854 non
1621 1802 1799 1864 habet,
1822 1800 2040 1870 quando

2142 1796 2492 1866 θρωπότητος
2538 1796 2775 1865 ἀναιρεῖ,
2808 1793 2986 1855 κοινὸς
3021 1793 3146 1863 ὅρος
3193 1792 3463 1862 ἑκατέρας
3494 1788 3713 1858 φύσεως

477 1906 583 1944 una
619 1893 944 1961 hypostasis,
975 1894 1091 1946 sive
1112 1893 1492 1957 subsistentia,
1518 1908 1642 1947 cum
1665 1891 1798 1946 illud
1820 1891 2039 1962 quidem

478 1992 646 2046 esset,
678 1983 780 2038 hoc
837 1984 979 2039 facta
1037 1993 1120 2040 est
1149 2001 1162 2038 :
1193 2000 1312 2054 qua:
1345 1985 1650 2054 hypostasis
1691 1984 2039 2038 intervallum

477 2074 1005 2146 diremptionemque
1063 2076 1204 2131 inter
1225 2077 1464 2132 divinam
1497 2078 1905 2147 humanamque
1939 2084 2189 2130 naturam
2214 2074 2371 2137 tollit.
2437 2075 2744 2128 communis
2801 2080 3008 2126 natura:
3067 2079 3356 2139 utriusque
3426 2071 3713 2126 terminus:
3789 2137 3798 2144 ο

2145 1885 2304 1955 οὖσα,
2360 1887 2484 1940 ἐπεὶ
2539 1887 2648 1941 τῶν
2703 1886 3008 1944 διεστώτων
3056 1885 3157 1938 οὐκ
3198 1883 3266 1937 ἂν
3290 1884 3500 1952 γένοιτο
3535 1882 3715 1941 κοινὸς

2147 1981 2293 2052 ὅρος.

479 2169 746 2237 siquidem
790 2169 1102 2225 distantium
1142 2171 1284 2223 haud
1327 2170 2114 2238 possitcommunisterminus
2144 2166 2391 2236 reperiri.

549 2258 704 2314 Sicut
724 2273 874 2328 ergo,
909 2261 954 2313 si
1013 2259 1350 2315 alabastrum
1402 2261 1587 2328 aliquo
1619 2261 1850 2314 artiﬁcio
1879 2267 2045 2331 queat

479 2350 532 2402 in
570 2357 903 2418 unguentum
935 2349 1157 2414 mutari,
1199 2358 1255 2406 et
1303 2350 1357 2404 in
1386 2350 1558 2420 ipsum
1595 2350 1899 2416 transferri,
1934 2366 2040 2405 non

480 2440 620 2494 ultra
646 2440 748 2493 erit
774 2440 896 2493 aliis
941 2439 1481 2504 incommunicabile,
1539 2459 1637 2495 nec
1663 2442 1825 2504 intra,
1851 2455 1952 2494 nec
1985 2443 2039 2495 in

480 2546 538 2586 se
563 2533 681 2600 ipso
707 2546 953 2597 infractis,
1005 2534 1195 2586 eodem
1243 2533 1409 2585 modo
1433 2541 1618 2587 nostra
1653 2542 1846 2586 natura
1869 2531 1923 2584 in
1956 2531 2040 2585 di-

480 2625 607 2677 vino
640 2639 865 2691 corpore
895 2624 1233 2678 divinitatem
1270 2625 1478 2689 induta,
1507 2627 1650 2692 quod
1673 2641 1700 2677 a
1730 2625 1837 2679 Deo
1871 2639 2042 2694 genus

483 2717 780 2770 humanum
810 2717 1162 2782 intercludat,
1185 2717 1329 2771 nihil
1374 2727 1480 2771 est.
1512 2715 1666 2772 Unde
1721 2732 1832 2787 quo
1862 2717 2043 2771 minus

483 2806 865 2860 beneﬁciorum
922 2806 1041 2876 ejus
1098 2807 1394 2877 participes
1444 2808 1642 2873 simus,
1666 2823 1726 2862 re
1759 2809 1903 2862 nulla
1937 2808 2039 2862 nisi

481 2906 702 2966 peccato
742 2898 1087 2966 impedimur.
1120 2898 1388 2964 Quoniam
1417 2908 1597 2953 autem
1628 2913 1820 2953 murus
1844 2899 2042 2968 duplex

479 2999 616 3054 erat,
671 3001 877 3044 natura:
930 2999 984 3044 et
1028 2989 1327 3045 voluntatis
1361 2991 1714 3058 perversitate
1747 3001 2042 3060 corruptas,

482 3081 632 3134 illum
673 3078 924 3133 Salvator
986 3080 1325 3140 incarnatus.
1375 3080 1519 3134 hunc
1559 3080 1613 3133 in
1637 3095 1854 3135 crucem
1887 3089 2044 3135 actus

480 3169 723 3222 sustulit.
783 3167 1074 3224 Peccatum
1129 3168 1276 3223 enim
1338 3183 1473 3223 crux
1505 3169 1723 3224 delevit.
1761 3168 1900 3224 Hinc
1924 3177 2044 3239 post

481 3257 828 3327 baptismum,
864 3259 958 3327 qui
987 3259 1168 3314 crucis
1223 3259 1370 3315 illius
1421 3268 1475 3315 et
1505 3260 1696 3315 mortis
1723 3260 1829 3313 vim
1858 3260 2042 3324 habet,

2218 2258 2487 2327 Καθάπερ
2519 2257 2721 2319 τοίνυν,
2777 2256 2828 2309 εί
2882 2255 2943 2308 τὸ
2974 2254 3318 2324 ἀλάϐαστρον
3363 2257 3575 2324 μηχανῇ
3608 2271 3716 2306 τινι

2143 2353 2355 2419 γένοιτο
2385 2352 2556 2421 μύρον
2583 2351 2677 2404 καὶ
2703 2348 2838 2418 πρὸς
2870 2349 3001 2402 αὐτὸ
3044 2346 3375 2417 μετασταίη,
3412 2343 3714 2409 ἀκοινώνη-

2141 2461 2236 2498 τον
2281 2443 2468 2497 οὐκέτι
2522 2445 2639 2502 τοῖς
2696 2441 2801 2506 ἔξω
2847 2440 2907 2494 τὸ
2941 2440 3140 2509 μύρον,
3178 2439 3288 2491 οὐδ’
3315 2437 3462 2489 ἔνδον
3489 2435 3596 2487 οὐδ’
3625 2435 3715 2500 ἐφ’

2143 2534 2338 2590 ἑαυτοῦ
2363 2537 2540 2603 μένον,
2573 2533 2666 2586 τὸν
2696 2533 2814 2584 ῐσον
2834 2530 3039 2602 τρόπον
3068 2528 3169 2597 τῆς
3197 2526 3472 2597 ἡμετέρας
3491 2525 3709 2594 φύσεως

2149 2628 2242 2680 ἐπὶ
2289 2625 2384 2678 τοῦ
2422 2625 2692 2695 σωτηρίου
2743 2622 2997 2692 σώματος
3029 2619 3330 2681 θεωθείσης
3359 2617 3421 2670 τὸ
3470 2617 3710 2684 διεῖργον

2149 2720 2256 2773 ἀπὸ
2285 2718 2381 2772 τοῦ
2409 2716 2546 2771 Θεοῦ
2583 2716 2646 2770 τδ
2694 2715 2803 2770 τῶν
2856 2713 3161 2784 ἀνθρώπων
3199 2713 3353 2780 γένος
3379 2709 3554 2773 οὐδὲν,
3587 2710 3712 2762 ὅθεν

2149 2811 2244 2864 καὶ
2265 2809 2371 2863 τῶν
2396 2809 2560 2862 αὑτοῦ
2584 2808 2837 2878 μετέχειν
2868 2806 3106 2877 χαρίτων
3135 2801 3388 2874 ἐμποδὼν
3409 2805 3539 2871 ἡμῖν
3559 2801 3713 2853 οὐδὲν

2146 2899 2214 2974 ἦν
2240 2901 2377 2974 πλὴν
2406 2901 2506 2970 τῆς
2532 2900 2826 2970 ἁμαρτίας.
2874 2898 3028 2951 Ἐπεὶ
3055 2897 3112 2950 δὲ
3131 2895 3303 2949 διττὸν
3329 2890 3398 2964 ἦν
3429 2895 3489 2947 τὺ
3510 2895 3710 2960 τεῖχος,

2147 2993 2209 3046 τὸ
2237 2993 2335 3063 μὲν
2356 2993 2455 3061 τῆς
2488 2992 2724 3060 φύσεως,
2763 2992 2823 3042 τὸ
2848 2990 2903 3042 δὲ
2934 2989 3034 3058 τῆς
3062 2987 3288 3056 γνώμης
3338 2986 3568 3056 πονηρίᾳ
3595 2985 3712 3036 δια-

2151 3085 2476 3154 φθαρείσης,
2509 3083 2570 3136 τὺ
2598 3083 2698 3152 μὲν
2721 3083 2900 3135 ἀνεῖλε
2928 3079 3238 3150 σαρκωθεὶς
3274 3079 3301 3129 ὁ
3331 3078 3545 3147 Σωτὴρ,
3571 3077 3631 3128 τὸ
3655 3076 3713 3128 δὲ

2072 3200 2114 3258 ο
2149 3174 2507 3244 σταυρωθείς.
2564 3173 2676 3244 Τὴν
2708 3173 2816 3241 γὰρ
2869 3171 3145 3241 ἁμαρτίαν
3193 3171 3221 3222 ὀ
3255 3169 3486 3239 σταυρδς
3521 3168 3674 3220 ἔλυσε
3697 3182 3712 3197 °

2145 3268 2234 3320 διὰ
2255 3265 2410 3319 τοῦτο
2435 3265 2572 3334 μετὰ
2601 3264 2663 3317 τὸ
2710 3264 2994 3332 βάπτισμα
3050 3263 3119 3315 τὰ
3155 3260 3250 3314 τοῦ
3284 3259 3521 3329 σταυροῦ
3555 3259 3717 3312 δυνά-

480 3347 546 3401 ad
578 3360 909 3417 unguentum
967 3352 1518 3420 communionemque
1549 3347 1787 3419 Spiritus
1835 3352 2040 3406 accedi-

2149 3373 2308 3425 μενον
2337 3357 2548 3409 ἐκείνου
2580 3357 2676 3408 καὶ
2704 3353 2798 3407 τοῦ
2831 3353 3086 3418 θανάτου,
3105 3354 3198 3406 ἐπὶ
3220 3353 3279 3405 τδ
3310 3351 3484 3421 μύρον
3509 3349 3718 3420 χωροῦ-

481 3453 624 3493 mus.
657 3439 967 3494 Obstaculis
993 3441 1138 3494 enim
1191 3440 1458 3494 ainbobus
1486 3441 1739 3504 sublatis,
1779 3440 2040 3509 Spiritum

2148 3463 2248 3516 μεν
2278 3446 2375 3514 τὴν
2404 3445 2498 3498 τοῦ
2527 3443 2847 3512 Πνιύματος
2897 3442 3203 3496 κοινωνίαν.
3251 3441 3376 3494 Τῶν
3404 3440 3508 3508 γὰρ
3536 3439 3714 3490 κωλυ-

481 3539 728 3584 sanctum
789 3546 955 3600 super
988 3546 1203 3585 omnem
1228 3545 1447 3584 carnem
1474 3529 1882 3584 efll'undendum
1910 3531 2040 3584 nihil

2149 3539 2334 3609 μάτων
2363 3537 2692 3606 ἀμφοτέρων
2727 3535 3090 3607 ἀνῃρημένων
3123 3533 3183 3586 τὸ
3208 3532 3511 3603 ὲπισχῆσον
3533 3531 3714 3595 οὐδὲν,

480 3623 868 3685 remorabitur,
924 3618 1214 3691 quantum,
1273 3623 1520 3692 inquam,
1559 3624 1611 3676 in
1642 3623 1895 3692 prmseuti
1935 3623 2043 3687 vita

480 3712 818 3766 conceditur.
844 3713 1006 3765 -Nam
1031 3712 1100 3766 ad
1123 3715 1495 3768 continentem
1529 3729 1651 3768 cum
1691 3714 1800 3768 Deo
1824 3714 2047 3769 cohabi-

483 3804 759 3864 tationem,
818 3804 1119 3858 mortalitas
1182 3806 1402 3859 tertium
1458 3815 1544 3860 est
1574 3805 2043 3875 impedimentum,

479 3905 533 3950 et
560 3895 789 3948 mortale
819 3894 994 3948 adhuc
1025 3910 1224 3964 corpus
1259 3904 1534 3966 gestantes
1582 3898 1810 3964 miiigma
1838 3909 1892 3951 et
1916 3912 2042 3965 spe-

478 3988 660 4042 culum
721 3988 1104 4043 transcendere
1155 4003 1262 4043 non
1313 3986 2024 4058 sinit.ltaque.homiuibus

479 4079 768 4148 tripliciter
822 4094 852 4134 a
885 4079 995 4134 Deo
1043 4080 1392 4146 distantibus,
1428 4097 1523 4150 per
1557 4093 1807 4137 naturam
1842 4085 2051 4154 simpli-

478 4171 632 4235 ciler,
667 4186 760 4240 per
790 4181 1097 4241 peccatum,
1160 4187 1258 4241 per
1286 4173 1695 4237 mortalitatem,
1725 4181 1785 4228 ut
1813 4189 1882 4228 eo
1913 4191 2047 4244 pure

479 4261 774 4327 potiantur,
809 4271 862 4316 et
893 4261 1011 4318 sine
1063 4262 1245 4316 medio
1280 4277 1407 4318 cum
1442 4263 1536 4318 illo
1565 4264 1768 4328 vivant,
1800 4265 2050 4320 Salvator

476 4351 628 4416 fecit,
669 4365 790 4418 quae
839 4351 1268 4408 adversabantur
1294 4395 1310 4418 ,
1345 4354 1530 4407 omnia
1579 4355 1838 4423 deinceps
1867 4373 2047 4413 remo-

476 4458 634 4498 vens.
680 4441 945 4507 Primum,
999 4442 1148 4512 quod
1205 4451 1414 4497 naturae
1441 4444 1692 4499 humana:
1719 4444 1893 4502 factus
1919 4463 2050 4504 con-

2145 3629 2371 3700 χεθῆναι
2395 3630 2486 3681 ἐπὶ
2516 3630 2698 3682 πᾶσαν
2725 3629 2906 3697 σάρκα
2929 3627 2990 3678 τὸ
3011 3625 3238 3693 Πνεῦμα
3263 3625 3324 3677 τὸ
3353 3623 3533 3692 ἅγιον.
3555 3623 3715 3690 Λέγω

2144 3721 2201 3774 δὲ
2227 3722 2351 3773 ὅσον
2377 3721 2468 3772 ἐπὶ
2493 3719 2587 3772 τοῦ
2617 3719 2884 3787 παρόντος
2913 3716 3052 3786 βίου.
3081 3716 3224 3786 Πρὸς
3250 3715 3358 3785 γὰρ
3379 3714 3478 3784 τὴν
3506 3713 3714 3783 ἀμεσον

2150 3809 2291 3880 μετά
2318 3807 2452 3861 Θεοῦ
2477 3806 2771 3860 συναυλίαν
2805 3808 2900 3859 καὶ
2929 3807 3111 3875 τρίτον
3136 3807 3164 3858 ὁ
3196 3804 3425 3867 θάνατος
3457 3803 3709 3872 κώλυμα.

2147 3901 2242 3953 καὶ
2271 3900 2396 3962 τοὺς
2424 3898 2619 3968 θνητὸν
2646 3897 2918 3967 φέροντας
2950 3897 3032 3949 ἔτι
3083 3896 3147 3950 τὸ
3202 3895 3362 3966 σῶμα
3393 3896 3456 3948 τὺ
3483 3893 3715 3963 αἴνιγμα

2111 4051 2114 4055 _
2147 3990 2244 4042 καὶ
2297 3990 2358 4042 τὸ
2390 3987 2656 4060 ἔσοπτρον
2713 3986 3068 4056 ὑπερϐαίνειν
3101 3987 3161 4039 οὐ
3200 3989 3517 4057 συγχωρεῖ·
3573 3985 3712 4037 ὥστε

2145 4081 2348 4151 τριχῶς
2384 4080 2478 4134 τοῦ
2507 4081 2641 4134 Θεοῦ
2663 4082 2788 4143 τοὺς
2831 4078 3152 4150 ἀνθρώπους
3187 4079 3596 4147 διῖσταμένους,
3627 4078 3717 4132 διὰ

2146 4175 2245 4240 τὴν
2267 4173 2452 4242 φύσιν,
2483 4172 2572 4225 διὰ
2601 4171 2701 4242 τὴν
2737 4172 3041 4242 ἁμαρτίαν,
3092 4171 3183 4225 διὰ
3211 4170 3301 4224 τδν
3339 4171 3590 4233 θάνατον,
3615 4188 3716 4223 καο

2148 4265 2327 4334 θαρῶς
2363 4252 2547 4334 τυχεῖν
2579 4265 2673 4316 καὶ
2715 4263 2938 4332 ἁμέσως
2971 4263 3120 4333 αύτῷ
3144 4263 3416 4316 συνελθεῖν
3455 4263 3716 4332 ἐποίησεν

2146 4359 2174 4410 ὁ
2201 4357 2409 4426 Σωτὴρ,
2437 4355 2474 4409 ἃ
2495 4355 2829 4425 προσίστατο
2857 4357 3034 4408 πάντα
3069 4357 3268 4426 ἑφεξῆς
3302 4355 3531 4418 ἀνελὼν,
3552 4355 3715 4408 τοῦτο

2151 4448 2249 4517 μὲν
2306 4447 2726 4518 ἀνθρωπότητος
2766 4448 3075 4521 μετασχὼν,
3141 4449 3320 4500 ἐκεῖνο
3375 4447 3432 4500 δὲ
3501 4463 3703 4515 νεκρω-

477 4549 621 4600 sors;
657 4533 909 4596 alterum,
937 4533 993 4587 in
1042 4546 1205 4588 cruce
1257 4545 1507 4592 mortuus
1535 4545 1875 4604 ;extremum
1917 4555 2040 4594 vero

2148 4537 2263 4599 θεὶς
2325 4538 2416 4590 ἐπὶ
2481 4537 2576 4590 τοῦ
2617 4537 2874 4610 σταυροῦ,
2937 4537 2998 4590 τὸ
3043 4538 3100 4591 δὲ
3141 4538 3451 4591 τελευταῖον
3507 4539 3704 4606 τεῖχος,

481 4640 695 4678 tuurum
742 4623 977 4692 (mortis
1029 4623 1373 4694 tyrannidem
1409 4634 1534 4694 puta
1565 4625 1585 4672 l
1635 4627 1860 4683 omnino
1884 4643 1914 4683 e
1947 4644 2044 4682 na-

481 4725 615 4768 turae
653 4715 852 4770 ﬁnibus
906 4731 1001 4784 per
1036 4717 1489 4772 resurrectionem
1539 4717 1864 4788 proﬂigavit.
1916 4719 2043 4775 Ideo

477 4803 682 4860 Paulus
718 4805 816 4872 ait,
847 4824 866 4858 ι
895 4803 1200 4862 Novissime
1227 4807 1446 4862 inimica
1469 4808 1777 4864 destruetur
1800 4825 1946 4864 mors
1965 4809 2038 4864 ³.»

479 4895 596 4951 Non
631 4913 750 4953 eam
782 4899 1059 4953 inimicam
1090 4899 1419 4967 appellasset
1471 4901 1574 4956 nisi
1627 4902 1788 4956 nobis
1841 4903 1906 4955 ad
1957 4917 2048 4956 ve-

479 4999 594 5037 ram
625 4984 932 5040 felicitatem
946 4987 1208 5042 obstaret.
1224 4987 1474 5044 llaeredes
1495 4991 1695 5060 quippe
1719 4989 2044 5047 immortalis

481 5076 596 5139 Dei,
626 5091 654 5128 a
677 5078 1021 5146 corruptione
1042 5078 1263 5134 liberari
1298 5096 1521 5136 necesse
1546 5091 1628 5136 est
1654 5098 1670 5135 :
1705 5099 1724 5132 ι
1757 5081 1870 5136 Non
1895 5083 2041 5137 enim

481 5167 781 5236 corruptio,
840 5169 1052 5238 inquit,
1107 5155 1534 5240 incorruptelam
1605 5173 1976 5242 possidebit‘.
2015 5195 2034 5228 ι

482 5259 611 5314 Post
633 5273 973 5315 communem
994 5277 1229 5332 namque
1253 5265 1534 5320 hominum
1563 5269 2040 5330 resurrectionem,

483 5351 643 5419 cujus
703 5366 866 5406 causa
934 5352 1182 5410 Salvator
1252 5357 1566 5420 resurrexit,
1638 5361 1919 5426 speculum
1987 5372 2042 5416 et

485 5442 711 5511 sartigina
744 5444 1014 5509 recedent,
1067 5445 1344 5516 Deumque
1373 5446 1512 5501 l‘acie
1572 5447 1637 5501 ad
1670 5448 1860 5504 faciem
1895 5451 2042 5506 vide-

487 5531 637 5599 bunt,
677 5534 770 5604 qui
803 5536 1020 5607 quidem
1042 5546 1198 5592 erunt
1239 5539 1440 5593 mundo
1464 5541 1648 5596 corde.

563 5739 581 5767 ³
616 5738 631 5790 Ι
671 5739 794 5795 Cor.
837 5760 918 5808 ἵν,
968 5743 1052 5797 ‘26.
1196 5743 1321 5796 ibid.
1358 5742 1444 5793 δι).

2145 4627 2244 4697 τὴν
2271 4626 2366 4680 τοῦ
2398 4627 2632 4681 Θανάτου
2662 4628 2977 4698 τυραννίδα,
3013 4629 3332 4682 παντάπασι
3357 4628 3459 4696 τῆς
3495 4625 3709 4695 φύσεως

2148 4718 2400 4782 ἐξέϐαλεν
2455 4719 2720 4782 ἀναστάς.
2777 4719 2878 4773 Διά
2922 4719 3082 4772 τοῦτο
3115 4720 3352 4785 Παῦλος,
3392 4738 3412 4772 ι
3445 4721 3710 4790 Ἔσχατος

2149 4811 2363 4880 ἐχθρὸς,
2423 4809 2574 4879 φησὶ,
2633 4813 2999 4880 καταργεῖται
3050 4813 3079 4864 ὁ
3131 4811 3383 4878 θάνατος,
3427 4830 3446 4864 ι
3501 4813 3601 4864 οὐκ
3647 4813 3714 4866 ἂν

2151 4901 2345 4970 ἐχθρὸν
2374 4900 2536 4954 αὐτὸν
2584 4902 2921 4969 προσειπὼν,
2971 4903 3019 4954 εί
3047 4903 3124 4972 μὴ
3154 4903 3292 4972 πρὸς
3332 4904 3430 4973 τὴν
3453 4903 3712 4974 ἀληθινὴν

2147 4993 2280 5062 ἡμῖν
2309 4992 2655 5062 εὐδαιμονίαν
2681 4995 2930 5062 ἐμποδὼν
2957 4989 3024 5063 ἦν
3045 5012 3057 5026 ·
3082 4994 3211 5058 τοὺς
3240 4995 3352 5064 γὰρ
3381 4994 3476 5047 τοῦ
3510 4995 3711 5048 ἀθανάε

2147 5099 2242 5135 του
2291 5080 2426 5134 Θεοῦ
2481 5083 2860 5152 κληρονόμους
2888 5084 3104 5154 ἀνάγκη
3135 5083 3199 5151 δὴ
3231 5084 3438 5153 φθορᾶς
3468 5085 3715 5153 ἀπηλλά-

2147 5173 2294 5244 χθαι.
2321 5193 2339 5226 ι
2375 5173 2451 5226 Οὐ
2476 5172 2582 5242 γὰρ
2610 5173 2643 5242 ἡ
2667 5173 2863 5242 φθορὰ,
2908 5174 3064 5242 φησὶ,
3111 5176 3211 5242 τὴν
3235 5173 3548 5242 ἀφθαρσίαν
3575 5173 3712 5240 κλη-

2152 5265 2404 5334 ρονομεῖ·
2443 5281 2462 5314 ι
2505 5264 2643 5332 μετά
2694 5265 2804 5333 γὰρ
2856 5265 2956 5334 τὴν
3004 5265 3190 5333 κοινὴν
3244 5264 3353 5316 τῶν
3405 5264 3710 5332 ἀνθρώπων

2147 5357 2465 5422 ἀνάστασιν,
2507 5351 2575 5427 ἧς
2606 5357 2780 5409 αἴτιον
2815 5358 2846 5424 ἠ
2879 5357 2974 5411 τοῦ
3022 5359 3273 5427 Σωτῆρος
3303 5357 3619 5420 ἀνάστασις,
3650 5356 3711 5409 τὸ

2152 5447 2252 5516 μὲν
2284 5447 2547 5516 ἔσοπτρον
2581 5448 2857 5517 ὑποχωρεῖ
2881 5451 2975 5500 καὶ
3016 5449 3076 5500 τὸ
3099 5447 3352 5516 αἴνιγμα,
3374 5448 3598 5517 ⁵ίψονται
3650 5449 3712 5502 δὲ

2152 5537 2442 5604 πρόσωπον
2477 5537 2613 5606 πρὸς
2643 5538 2937 5606 πρόσωπον
2960 5538 3049 5591 τὸν
3101 5537 3233 5592 Θεὸν
3271 5539 3327 5592 οἵ
3351 5555 3414 5608 γε
3447 5540 3544 5608 τὴν
3577 5553 3707 5608 καρ-

2152 5628 2267 5682 δίαν
2302 5630 2723 5698 κεκαθαρμένοι.
