4132 6308
454 347 560 410 575

1657 347 1962 407 NlCOLAl
1998 348 2395 407 CABASILE

3595 352 3701 412 Ξ.τῦ

451 470 574 523 dem
596 468 771 524 virtus
785 481 877 536 per
902 465 1083 522 omnia
1104 473 1435 535 operatur,et
1457 449 1562 518 una
1585 464 1747 518 unius
1769 465 1892 533 agni
1935 465 2028 516 im-

2135 463 2229 515 καὶ
2256 464 2383 530 μιᾶς
2407 459 2621 530 σφαγῆς
2649 462 2766 525 ἐνὸς
2787 462 2956 531 ἀμνοῦ
2993 465 3084 516 καὶ
3109 463 3308 517 ταύτοῦ
3342 465 3576 519 θανάτου
3602 466 3696 520 καὶ

453 562 699 625 tnolatio,
717 563 833 629 eius
860 577 1024 618 mors.
1047 571 1101 616 et
1118 561 1338 631 sanguis
1359 560 1741 629 perfectionem
1769 561 2025 615 omnibus

453 652 682 708 confert.
717 654 880 706 Datus
899 662 980 706 est
1009 652 1172 721 igitur
1195 667 1316 706 vere
1334 651 1567 719 Spiritus
1615 661 1859 713 sanctus,
1893 651 2022 716 illis,

455 745 655 800 utaliis
682 756 881 815 queant
912 743 1248 806 benefacere,
1275 751 1329 796 et
1375 751 1432 796 ut
1475 742 1674 798 Paulus
1719 744 2022 811 loquitur’,

455 835 755 890 Eeclesiam
775 835 1332 897 aedificare,eventura
1352 834 1703 902 prmdicentes
1719 845 1812 887 aut
1828 845 2028 905 myste-

456 929 534 982 ria
568 928 972 990 tradentes,aut
999 927 1215 980 morbos
1235 925 1400 980 verbo
1420 927 1767 993 proﬂiganles
1789 944 1804 980 :
1828 928 1936 991 itis,
1965 941 2026 984 ut

456 1020 556 1087 ipsi
582 1020 712 1072 fiant
744 1016 1249 1084 meliores,pietate,
1285 1024 1379 1070 aut
1405 1018 1674 1078 castitate,
1702 1027 1796 1070 aut
1839 1016 2024 1070 chari-

455 1119 590 1172 tate,
622 1115 715 1162 aut
762 1106 1034 1177 praestanti
1084 1105 1391 1159 humilitate
1419 1105 1676 1160 illustres.
1721 1105 2022 1160 Possumus

455 1202 596 1254 enim
624 1201 804 1254 animo
847 1209 900 1254 et
927 1199 1172 1253 morihzts
1195 1199 1508 1267 pudicitiam
1537 1198 1735 1261 colere,
1754 1206 1807 1250 ct
1829 1212 1929 1252 nos
1956 1198 2025 1252 ad

452 1293 720 1364 justitiam
749 1307 1024 1354 exercere,
1045 1300 1100 1345 et
1125 1290 1193 1344 ad
1231 1305 1418 1359 pret-es
1457 1290 1886 1354 charitatemque
1941 1289 2028 1341 in-

456 1386 732 1440 cumbere.
767 1385 897 1438 Alia:
945 1383 1075 1437 item
1117 1383 1413 1450 probitates
1461 1381 1833 1435 consectand-e
1876 1389 2022 1434 sunt.

455 1473 722 1529 Praeterea
754 1487 1044 1542 possumus
1075 1488 1103 1525 a
1139 1472 1246 1525 Deo
1285 1471 1500 1525 excitati
1531 1467 2026 1538 perturbationibus

455 1565 812 1634 imperare,et
833 1563 1222 1622 humanitatem
1243 1560 1661 1628 aequitatemque
1681 1558 1878 1620 colere,
1895 1564 1946 1608 et
1970 1556 2024 1609 in

459 1653 666 1720 reliqua
695 1651 1032 1720 philosophia
1056 1650 1364 1703 Christiana
1395 1647 1626 1702 versari.
1650 1646 2025 1712 Quemadmo-

455 1743 584 1796 dum
614 1757 753 1794 enim
785 1742 909 1794 vitia
946 1743 1190 1808 quaedam
1223 1739 1405 1792 feralia
1435 1747 1561 1792 suat
1596 1738 1650 1791 iu
1690 1739 2023 1802 hominibus,

456 1832 549 1900 qui
575 1847 603 1884 a
628 1831 903 1900 spiritibus
924 1829 1176 1894 malignis
1201 1828 1570 1898 exagitantur:
1594 1829 1675 1882 sic
1697 1836 1882 1882 contra
1908 1828 2028 1896 ipso

460 1923 571 1976 Deo
612 1931 882 1983 movente,
911 1920 1110 1973 divinas
1144 1921 1374 1972 virtutes
1430 1927 1485 1973 et
1532 1934 1692 1986 supra
1729 1905 2026 1971 humanum

459 2022 674 2080 captum
705 2011 1065 2080 reperiuntur.
1092 2013 1206 2074 Qua
1239 2011 1446 2063 ratione
1466 2009 1655 2063 dilexit
1680 2010 1866 2063 beatus
1894 2007 2032 2061 Pau-

459 2103 568 2164 lus,
618 2109 934 2155 ntansuctus
961 2101 1064 2153 fuit
1091 2101 1278 2165 David,
1315 2111 1364 2154 et
1389 2101 1527 2154 alius
1567 2100 1713 2154 aliud
1763 2099 2026 2152 eximium

464 2208 530 2247 ac
555 2192 846 2253 laudabile,
899 2201 952 2247 et
984 2192 1124 2246 ttltra
1168 2192 1444 2247 modulum
1511 2192 1805 2245 humanum
1839 2191 2028 2245 habuit

463 2299 527 2337 ac
558 2284 969 2338 demonstravit.
1034 2283 1290 2338 Scriberis
1347 2283 1492 2337 enim
1561 2281 2024 2350 Philippettsibus,

458 2379 534 2428 ait
561 2390 618 2429 se
650 2376 773 2430 illos
813 2375 1036 2444 diligere
1079 2394 1095 2425 ι
1135 2375 1188 2428 in
1214 2375 1512 2429 visceribus
1534 2373 1657 2428 Jesu
1685 2374 1890 2428 Christi
1925 2375 2023 2426 ὀ.»

461 2466 533 2520 De
565 2465 764 2520 Davide
791 2465 949 2529 Deus,
979 2486 996 2518 ι
1034 2467 1217 2520 Inveni
1249 2467 1420 2519 virum
1457 2466 1747 2520 secundum
1774 2480 1868 2518 cor
1913 2479 2027 2517 me-

461 2574 550 2611 um
589 2561 681 2613 ¹¹.›
721 2558 828 2611 lmo
864 2559 1023 2612 etiam
1046 2558 1175 2610 fides
1209 2557 1409 2610 donum
1437 2568 1515 2610 est
1547 2557 1850 2624 spirituale,
1882 2558 2024 2625 quod

461 2653 690 2720 apostoli
728 2651 1064 2704 Salvatorem
1099 2657 1348 2716 poscunt.
1393 2667 1410 2699 ι
1439 2649 1682 2718 Adauge,
1744 2648 2023 2716 inquiunt,

459 2741 617 2794 nobis
682 2739 836 2790 (idem
865 2739 929 2790 ¹².
979 2757 997 2788 ι
1061 2737 1120 2789 Et
1158 2737 1384 2803 ipSetttct
1425 2737 1672 2790 Salvator
1722 2737 2027 2791 sanctifica-

459 2833 662 2885 tionem
690 2845 716 2880 a
759 2829 914 2882 Patre
968 2828 1072 2882 illis
1103 2838 1387 2896 precatur:
1427 2827 1748 2882 «Sanctifica
1782 2844 1897 2892 cos,
1936 2830 2025 2881 in»

464 2913 600 2991 quit,
635 2925 685 2974 in
727 2921 954 2974 veritate
980 2921 1054 2984 ¹³;
1095 2939 1112 2971 ι
1142 2919 1393 2986 deditque
1418 2920 1561 2974 Deus
1613 2919 1696 2971 illi
1721 2921 1862 2986 quod
1905 2935 2026 2985 pre-

463 3012 728 3065 cabatur:
764 3029 781 3060 ι
821 3012 882 3064 Et
907 3013 1021 3078 ipse
1062 3009 1300 3076 Spiritus
1336 3009 1568 3078 postslat
1595 3024 1690 3077 pro
1721 3008 1879 3062 nobis
1930 3023 2027 3074 ge-

2129 553 2369 620 αἰματος
2401 553 2499 620 τὴν
2523 552 2805 605 τελείωσιν
2838 553 3080 615 ἀπάσαις
3112 556 3526 624 παρεχομένων.
3553 559 3699 612 Δεδο-

2125 662 2214 697 ται
2237 645 2419 697 τοίνυν
2447 643 2659 714 ἀληθῶς
2689 645 2748 696 τὸ
2772 645 2949 711 ἅγιον,
2968 648 3081 708 τοῖς
3115 646 3214 710 μὲν
3237 647 3322 700 ἵνα
3350 649 3476 710 τοὺς
3501 649 3697 714 ἄλλους

2127 731 2188 788 εὖ
2212 735 2432 802 ποιῆσαι
2459 735 2724 798 δυνηθῶσι
2759 736 2874 798 καὶ,
2903 731 3086 804 ᾗφησι
3112 737 3344 800 Παῦλος,
3367 739 3699 808 Ἐκκλησίαν

2125 825 2506 893 οἰκοδομῆσαι,
2543 828 2670 894 περὶ
2689 826 2782 878 τοῦ
2822 827 3108 894 μέλλοντος
3136 829 3400 892 εἰπόντες,
3488 836 3699 898 μυστή-

2129 933 2218 983 ρια
2238 915 2566 979 διδάξαντες,
2590 915 2621 984 ἢ
2645 916 2815 967 νόσων
2842 915 3250 979 ἀπαλλάξαντες
3303 917 3464 986 λόγῳ,
3498 921 3610 981 τοῖς
3640 920 3698 973 δὲ

2125 1007 2272 1068 ὅπως
2294 1007 2447 1060 αὐτοὶ
2489 1007 2754 1073 γένωνται
2797 1007 3065 1075 βελτίους,
3099 1009 3345 1075 εὐσεϐείᾳ
3381 1010 3698 1078 λάμψαντες

2125 1097 2536 1166 ἢσωφροσύνης
2590 1098 2619 1165 ἢ
2658 1098 2877 1165 ἀγάπης
2914 1097 2946 1166 ἢ
2992 1100 3496 1170 ταπεινοφροσύνης
3531 1103 3700 1168 ὑπερ-

2127 1186 2278 1256 ϐολῇ.
2319 1188 2426 1240 Καὶ
2478 1188 2587 1257 γὰρ
2633 1188 2751 1240 ἐστι
2807 1191 2907 1252 μὲν
2939 1193 3290 1257 σωφρονῆσαι
3326 1191 3572 1261 λογισμῷ
3603 1196 3700 1246 καὶ

2127 1279 2238 1332 ἔθει
2260 1281 2628 1348 χρησάμενον,
2665 1284 2760 1332 καὶ
2792 1280 2854 1331 τὸ
2876 1275 3006 1347 ἦθος
3033 1281 3114 1341 είς
3146 1281 3495 1348 δικαιοσύνην
3522 1285 3698 1351 ἀσκῆο

2128 1388 2218 1423 σαι
2250 1372 2344 1424 καὶ
2375 1371 2633 1436 εὔξασθαι
2667 1373 2760 1425 καὶ
2788 1374 3076 1440 ἀγαπῆσαι
3126 1375 3219 1428 καὶ
3253 1375 3425 1428 τάλλα
3450 1377 3513 1446 δὴ
3541 1379 3694 1444 γενέ-

2128 1462 2252 1513 σθαι
2285 1461 2604 1514 σπουδαῖον·
2659 1462 2856 1514 ἔστιδὲ
2892 1463 2988 1515 καὶ
3026 1465 3176 1532 παρά
3201 1464 3337 1517 Θεοῦ
3371 1467 3700 1535 κινούμενον

2126 1553 2224 1620 τὴν
2275 1551 2499 1622 γνώμην
2543 1553 2732 1606 παθῶν
2761 1555 3032 1623 κρατῆσαι
3065 1557 3157 1607 καὶ¹
3215 1556 3701 1627 φιλανθρωπεύσα-

2129 1643 2254 1698 σθαι
2303 1645 2396 1698 καὶ
2445 1645 2937 1713 δικαιοπραγῆσαι,
2972 1646 3066 1697 καὶ
3100 1647 3196 1715 τὴν
3231 1647 3400 1717 ἀλλην
3443 1649 3702 1702 ἐπιδεδεῖο

2131 1736 2256 1804 χθαι
2306 1736 2648 1803 φιλοσοφίαν.
2703 1736 2974 1804 Καθάπερ
3023 1736 3130 1806 γάρ
3187 1739 3378 1790 κακίαι
3413 1739 3700 1809 θηριώδεις

2133 1828 2269 1880 εἰσὶν
2300 1825 2357 1876 ὲν
2388 1825 2695 1894 ἀνθρώποις
2726 1827 2831 1879 ὑπὸ
2862 1825 2971 1880 τῶν
2993 1829 3248 1898 πονηρῶν
3281 1831 3699 1899 ὲνεργουμένοις

2132 1917 2478 1987 πνευμάτων,
2520 1916 2661 1970 οὕτω
2709 1917 2805 1971 καὶ
2841 1919 3156 1972 τούναντίον
3191 1922 3383 1989 ἀρεταὶ
3421 1921 3562 1975 θεῖαι
3602 1927 3699 1976 καὶ

2130 2008 2269 2077 ὑπὲρ
2326 2009 2415 2061 τὸν
2460 2009 2806 2080 ἀνθρώπινον
2837 2012 3000 2079 νόμον
3059 2012 3223 2064 αὑτοῦ
3269 2013 3547 2075 κινοῦντος
3599 2016 3694 2069 τοῦ

2129 2099 2291 2151 Θεοῦ“
2327 2099 2387 2152 ὃν
2427 2101 2634 2170 τρόπον
2668 2101 2925 2170 ἠγάπησε
2951 2101 3048 2168 μὲν
3072 2101 3100 2152 ό
3137 2103 3413 2172 μακάριος
3459 2104 3688 2167 Παῦλος,

2129 2191 2302 2259 πρᾶος
2329 2190 2386 2243 δὲ
2419 2185 2487 2261 ἦν
2513 2192 2540 2244 ό
2563 2191 2753 2254 Δαϐὶδ,
2776 2193 2871 2243 καὶ
2894 2192 3051 2254 ἀλλος
3086 2192 3270 2245 ἀλλοτι
3300 2193 3410 2246 τῶν
3447 2195 3690 2247 ἐπαινου-

2134 2282 2314 2349 μένων
2345 2283 2486 2351 ὑπὲρ
2536 2282 2627 2336 τὸν
2681 2283 2868 2336 είκότα
2901 2286 3012 2345 τοῖς
3041 2283 3350 2354 ἀνθρώποις
3387 2285 3692 2350 ἐπεδείξατο

2127 2373 2305 2438 λόγον.
2347 2375 2406 2426 ’0
2443 2374 2538 2441 μὲν
2571 2375 2678 2444 γὰρ
2713 2375 2890 2442 φιλεῖν
2922 2375 3126 2446 ἔγραψε
3154 2378 3541 2448 Φιλιππησίοις
3579 2397 3598 2429 ι
3640 2381 3699 2432 ὲν
3772 2374 3775 2377 ’

2131 2463 2463 2532 σπλάγχνοις
2509 2465 2686 2533 Ἰησοῦ
2744 2467 3005 2535 Χριστοῦ,
3045 2487 3063 2520 ι
3125 2471 3248 2539 περὶ
3271 2470 3327 2522 δὲ
3375 2471 3469 2524 τοῦ
3505 2471 3697 2536 Δαϐἲδ,

2135 2573 2151 2604 ι
2194 2548 2386 2623 Εὗρον,
2436 2556 2658 2624 φησὶνό
2713 2555 2866 2621 Θεὸς,
2917 2557 3086 2628 ἀνδρα
3138 2559 3280 2612 κατά
3310 2560 3407 2628 τὴν
3462 2562 3698 2631 καρδίαν

2131 2661 2254 2712 μου.
2291 2666 2306 2693 ο
2350 2647 2460 2698 Καὶ
2489 2647 2594 2715 μὴν
2631 2647 2724 2699 καὶ
2748 2648 2930 2711 πίστις
2954 2649 3128 2717 δῶρόν
3157 2652 3274 2704 ἐστι
3303 2653 3696 2719 πνευματικὸν,

2125 2735 2154 2788 δ
2183 2735 2390 2789 δέονται
2438 2738 2622 2792 λαϐεῖν
2653 2739 2700 2791 οἱ
2725 2739 3011 2794 ἀπόστολοι
3033 2741 3127 2794 τοῦ
3159 2741 3435 2810 Σωτῆρος,
3460 2761 3477 2791 ι
3521 2743 3703 2812 Πρόσ-

2128 2827 2217 2890 θες
2236 2828 2384 2903 ἡμῖν,
2415 2848 2431 2878 ι
2455 2829 2725 2895 λέγοντες,
2751 2849 2771 2882 ι
2803 2831 3006 2896 πίστιν,
3037 2850 3055 2883 ι
3074 2833 3166 2886 καὶ
3185 2833 3344 2894 αὐτὸς
3365 2833 3582 2902 εὔχεται
3607 2835 3707 2886 αὐ.-

2125 2920 2238 2982 τοῖς
2267 2919 2537 2988 ἀγιασμὸν
2558 2921 2813 2992 παράτοῦ
2840 2923 3070 2994 Πατρδς,
3098 2943 3117 2977 ι
3139 2926 3394 2992 ’Δγὶασον
3413 2927 3632 2990 αὐτοὺς,
3667 2945 3687 2977 ι

2126 3010 2319 3076 λέγων,
2345 3031 2362 3061 ι
2394 3013 2449 3062 ὲν
2467 3015 2531 3081 τῇ
2554 3012 2775 3083 ἀληθείᾳ
2798 3030 2890 3066 σου
2906 3031 2920 3046 ⁶
2945 3033 2962 3064 ι
2983 3017 3073 3068 καὶ
3096 3015 3309 3069 δίδωσιν
3337 3019 3363 3068 ὁ
3379 3017 3508 3078 Θεὸς
3534 3019 3701 3086 εὐχὴν

462 3106 684 3159 milibus
758 3101 1302 3173 ineuarrabilibus“,
1342 3119 1359 3150 ι
1440 3100 1690 3153 virtutem
1756 3089 2023 3169 'precandi

2131 3101 2204 3171 τῷ
2234 3103 2534 3172 εὐχομένω,
2565 3105 2657 3156 καὶ
2681 3105 2812 3166 αὐτὸ
2841 3123 2858 3155 ι
2884 3106 2944 3158 τὸ
2969 3107 3188 3176 Πνεῦμα
3219 3108 3536 3176 ἐντυγχάνει
3557 3109 3702 3178 ὑπὲρ

460 3196 837 3264 sttppe-litans.
891 3195 969 3246 uti
1015 3207 1154 3246 reor.
1197 3190 1262 3243 Et
1305 3205 1528 3260 prorsus
1564 3189 1714 3258 juxta
1762 3189 1903 3242 hanc
1943 3177 2032 3241 ra-

461 3286 499 3341 ti
539 3301 660 3340 nem
695 3284 927 3352 Spiritus
965 3293 1187 3339 sanctus
1238 3294 1320 3336 est
1377 3282 1599 3348 Spir-itus
1647 3281 1950 3348 sapientiae,
1980 3289 2032 3334 et

459 3378 684 3447 spiritus
713 3377 1036 3439 intellectus,
1089 3384 1142 3430 et
1189 3375 1396 3429 consilii
1457 3384 1510 3426 et
1541 3371 1919 3447 fortitudinis,
1979 3380 2034 3425 et

459 3471 696 3537 pictatis,
729 3477 782 3523 et
807 3469 1116 3532 aliorum,a
1168 3467 1372 3535 quibus
1420 3444 1637 3517 nomina
1704 3463 2031 3529 sortiuntur,

457 3562 782 3631 quibuscum
814 3576 910 3615 sua
947 3560 1312 3614 communicat
1339 3561 1402 3610 ¹⁵.

537 3653 816 3709 Universis
855 3652 1015 3719 igitur
1045 3651 1294 3712 initiatis,
1338 3651 1654 3719 mysterium
1697 3649 1842 3718 quod
1874 3663 2031 3701 suum

461 3751 543 3795 est
574 3742 736 3803 facit;
770 3756 1084 3809 quanquam
1131 3741 1366 3808 cognitio
1392 3742 1681 3806 donorum,
1711 3749 1763 3792 et
1793 3739 2030 3792 stmlium

459 3831 770 3884 divitiarum
808 3830 1034 3883 istarum
1057 3829 1258 3883 utiliter
1283 3829 1756 3892 collocandarum,
1782 3843 1888 3881 non
1918 3842 2035 3881 om-

463 3923 626 3978 nibus
694 3925 870 3987 inest;
934 3922 1056 3976 aliis
1115 3921 1332 3990 quidem
1388 3931 1606 3994 propter
1683 3921 2031 3976 immaturam

459 4023 672 4070 aetatem
735 4013 972 4067 nondum
1044 4013 1096 4067 id
1156 4012 1504 4082 intelligentia
1575 4012 2030 4081 assequentibus;

460 4111 586 4166 aliis
615 4109 742 4177 quia
786 4105 1068 4176 pra'parati
1109 4121 1214 4159 non
1244 4117 1392 4170 sunt,
1426 4121 1522 4160 nec
1557 4105 1794 4160 debitam
1832 4106 2033 4161 alacri-

461 4211 621 4255 tatem
654 4216 765 4269 prae
799 4214 857 4254 se
881 4197 1202 4253 ferentibus.
1229 4195 1470 4262 Quorum
1493 4197 1816 4266 quibusdam
1846 4207 2030 4266 postea

459 4293 772 4345 delictorum
800 4290 1116 4357 paenitentia
1143 4300 1196 4342 et
1231 4290 1502 4360 lacrymae,
1537 4297 1590 4341 et
1621 4289 1732 4342 vita
1768 4287 1834 4341 ad
1867 4289 2036 4340 virtu-

460 4381 531 4436 tis
567 4380 825 4434 a:nussim
878 4379 1079 4450 directa
1157 4380 1394 4430 infusam
1461 4378 1748 4431 animabus
1803 4377 2029 4446 gratiam

461 4470 800 4523 nmns‘ravit.
835 4465 984 4519 Unde
1011 4478 1063 4518 ct
1098 4465 1298 4518 l‘aulus
1330 4469 1394 4519 ad
1421 4467 1795 4525 Timotheum,
1843 4485 1860 4517 ι
1901 4467 2024 4521 Noli
2063 4465 2080 4492 ³

460 4560 729 4626 negligere
757 4556 1006 4623 gratiam,
1048 4556 1100 4607 in
1125 4555 1242 4622 luit,
1285 4572 1403 4623 qua:
1436 4557 1487 4607 in
1516 4565 1565 4607 lc
1597 4564 1680 4608 est
1705 4556 1797 4619 '5';
1839 4573 1857 4605 ι
1885 4557 2026 4624 quod

461 4650 592 4704 nihil
651 4646 1024 4716 proficiamus,
1084 4645 1333 4711 quamvis
1393 4646 1594 4698 donum
1633 4647 2026 4714 acceperimus,

461 4740 506 4794 si
535 4736 791 4794 socordes
832 4729 1091 4803 et‘iguavi
1143 4734 1336 4798 simus,
1391 4745 1437 4788 et
1489 4735 1632 4802 quod
1674 4736 1856 4790 labore
1890 4737 2024 4806 vigi»

462 4831 659 4900 liisque
688 4844 824 4899 opus
854 4813 923 4883 sit
951 4828 1057 4892 Itis,
1098 4825 1187 4896 qui
1219 4827 1454 4881 animam
1503 4829 1726 4882 istorqu
1768 4833 2023 4886 actricem

465 4925 661 4977 habere
691 4925 1106 4991 concupiscunt.
1147 4921 1409 4984 Quocirca
1435 4919 1477 4973 si
1513 4921 1634 4988 quis
1703 4921 1876 4976 bonus
1903 4923 2050 4987 clla--

461 5015 535 5066 rit
553 5022 643 5075 tte,
667 5022 761 5066 aut
785 5012 1015 5080 puritate
1033 5009 1326 5071 castitatis,
1349 5019 1438 5063 aut
1465 5009 1767 5062 humilitate
1792 5026 2025 5076 summa,

462 5113 557 5157 aut
601 5104 799 5171 pietate
860 5103 1080 5164 eximia,
1115 5111 1209 5156 aut
1232 5103 1414 5174 aliquo
1445 5102 1662 5156 domum
1713 5102 1905 5155 borum
1932 5117 2024 5154 ex-

461 5195 632 5251 cellit,
667 5210 789 5261 qua:
829 5194 1067 5247 hominis
1101 5194 1412 5249 facultatem
1453 5202 1803 5258 exsuperant,
1861 5209 2030 5248 causa

463 5294 740 5349 unguento
766 5285 1144 5339 sacratissimo
1205 5285 1488 5338 tribuenda
1550 5285 2031 5345 cst,credcndutn-

462 5391 570 5444 que
604 5375 706 5443 ipsi
748 5373 966 5442 quidem
1011 5376 1134 5428 data
1177 5390 1318 5436 esse,
1353 5375 1566 5444 quando
1596 5374 1868 5426 unctionis
1917 5391 2031 5444 my-

466 5469 634 5522 sterio
667 5465 901 5519 donatus
927 5473 1044 5518 est:
1083 5474 1268 5532 postea
1293 5481 1420 5520 vero
1443 5466 1594 5520 illutn
1632 5465 1698 5519 ad
1761 5465 2029 5519 actionem

466 5573 526 5613 se
548 5555 806 5613 .tledisse.
831 5554 974 5608 Idem
1003 5555 1070 5608 de.
1107 5555 1172 5608 iis
1208 5557 1573 5618 sentiendum,
1615 5556 1707 5624 qui
1757 5556 2029 5625 exquisite

536 5650 760 5724 'ten}.
796 5659 986 5733 nhs.
1087 5670 1128 5700 ιο
1183 5669 1414 5735 Philipp.
1449 5686 1484 5726 ι.
1537 5669 1755 5732 8;Αι·ι.
1795 5687 1913 5733 xm,
1946 5671 2037 5723 as.

473 5756 598 5795 tht.
641 5743 720 5796 l7.
801 5742 842 5773 ¹”
875 5742 1031 5796 liotu.
1060 5754 1176 5796 xm.
1217 5740 1304 5791 ‘26.
1388 5741 1428 5770 ιδ
1461 5738 1541 5793 lsa
1586 5755 1656 5792 χι.
1701 5741 1750 5791 ‘2.

2134 3193 2290 3262 ήμῶν
2326 3197 2648 3264 στεναγμοῖς
2679 3196 2990 3264 ἀλαλήτοις,
3036 3219 3054 3250 ι
3093 3199 3323 3268 δύναμιν
3357 3201 3517 3269 εὐχῆς
3543 3197 3701 3269 οἶμαι

2136 3285 2396 3353 παρέχον.
2427 3285 2538 3337 Καὶ
2573 3285 2708 3348 ὅλως
2731 3288 2821 3340 τὸν
2853 3287 3010 3354 λόγον
3039 3290 3227 3342 τοῦτον
3254 3291 3472 3360 πνεῦμα
3507 3293 3702 3357 σοφίας

2133 3377 2252 3428 ἐστὶ
2277 3376 2337 3428 τὸ
2375 3375 2596 3445 Πνεῦμα
2628 3377 2685 3430 τὸ
2720 3379 2872 3444 ἅγιον
2913 3381 3006 3436 καὶ
3056 3379 3272 3450 πνεῦμα
3309 3383 3572 3443 συνέσεως
3605 3384 3703 3433 καὶ

2136 3465 2332 3535 βουλῆς
2367 3469 2463 3520 καὶ
2499 3469 2681 3536 ίσχύος
2716 3471 2808 3522 καὶ
2840 3469 3126 3531 εὐσεϐείας
3159 3470 3381 3521 καὶτῶν
3402 3469 3594 3532 ἄλλων,
3623 3464 3704 3523 ὧν

2135 3556 2456 3624 ἐπωνύμους
2486 3557 2786 3622 δείκνυσιν,
2821 3553 2900 3620 οἷς
2931 3559 3260 3627 μεταδίδωσι
3297 3558 3402 3611 τῶν
3440 3559 3626 3612 αὑτοῦ.

2209 3649 2427 3710 Πάντας
2487 3649 2583 3716 μὲν
2635 3644 2727 3701 οὖν
2779 3650 2902 3711 τοὺς
2961 3649 3351 3718 μεμυημένους
3391 3650 3456 3702 τὰ
3506 3648 3701 3702 ἑαυτοῦ

2135 3744 2282 3791 ποιεῖ
2335 3740 2398 3790 τὸ
2451 3742 2754 3810 μυστήριον
2780 3755 2794 3770 ο
2841 3739 3098 3808 αἴσθησις
3150 3741 3208 3792 δὲ
3243 3741 3352 3792 τῶν
3389 3741 3576 3808 δώρων
3605 3741 3704 3793 καὶ

2137 3831 2339 3897 σπουδὴ
2372 3849 2434 3883 πε
2445 3832 2499 3900 pl.
2524 3832 2613 3883 τὸν
2635 3832 2886 3897 πλοῦτον,
2912 3832 3051 3885 ὥστε
3082 3832 3392 3901 χρήσασθαι
3415 3835 3526 3895 τοῖς
3555 3833 3701 3885 δεδο-

2138 3921 2345 3990 μένοις,
2399 3920 2460 3974 οὐ
2516 3921 2673 3982 πᾶσι,
2733 3923 2847 3983 τοῖς
2901 3921 3000 3988 μὲν
3031 3919 3118 3972 διά
3155 3922 3254 3988 τὴν
3304 3918 3520 3987 ἡλικίαν
3547 3917 3703 3970 οὔπω

2133 4012 2316 4066 λαϐεῖν
2345 4011 2473 4068 νοῦν
2507 4011 2804 4080 δυνηθεῖσι,
2833 4013 2940 4074 τοῖς
2961 4011 3018 4063 δὲ
3045 4009 3121 4078 τῷ
3149 4008 3225 4080 μὴ
3252 4008 3699 4078 παρεσκευάσθαι

2137 4103 2272 4172 μηδὲ
2303 4106 2401 4174 τὴν
2447 4102 2777 4172 γιγνομένην
2835 4101 3210 4165 ἐπιδείξασθαι
3253 4099 3584 4170 προθυμίαν,
3624 4092 3701 4152 ὧν

2137 4196 2300 4257 ἐνίοις
2334 4195 2562 4264 ὕστερον
2617 4191 2692 4248 ὧν
2744 4194 2998 4263 ἥμαρτον
3051 4193 3313 4262 μετάνοια
3369 4195 3464 4245 καὶ
3487 4192 3701 4261 δάκρυα

2135 4287 2230 4339 καὶ
2255 4285 2365 4355 βίος
2397 4285 2539 4338 κατά
2569 4285 2659 4338 τὸν
2689 4284 2850 4354 ὀρθὸν
2905 4284 3064 4352 λόγον
3095 4283 3194 4350 τὴν
3229 4283 3540 4336 ἐντεθεῖσαν
3579 4285 3699 4345 ταῖς

2133 4375 2331 4444 ψυχαῖς
2367 4376 2612 4438 ὑπέδειξε
2640 4375 2825 4444 χάριν.
2870 4375 3034 4428 Ὅθεν
3076 4376 3172 4428 καὶ
3205 4373 3416 4434 Παῦλος
3451 4373 3698 4442 Τιμοθέῳ

2133 4471 2381 4538 γράφων,
2406 4485 2423 4516 ι
2449 4467 2537 4536 Μὴ
2560 4466 2772 4535 ἀμέλει,
2797 4468 2950 4535 φησὶ,
2971 4465 3066 4518 τοῦ
3085 4467 3141 4518 ὲν
3171 4468 3252 4519 σοι
3271 4465 3625 4534 χαρίσματος,
3670 4483 3688 4513 ι

2133 4558 2208 4621 ὡς
2241 4559 2391 4611 οὐδὲν
2421 4557 2481 4610 ὃν
2509 4559 2673 4610 πλέον
2701 4558 2834 4628 ἡμῖν
2872 4560 2964 4610 καὶ
2998 4558 3057 4610 τὸ
3089 4558 3264 4625 δῶρον
3293 4557 3595 4624 δεξαμένοις
3625 4557 3694 4606 ἂν

2135 4649 2490 4720 ῥαθυμῶμεν,
2524 4652 2620 4704 καὶ
2669 4653 2751 4703 ὅτι
2782 4649 2864 4702 δεῖ
2910 4649 3073 4702 πόνου
3105 4650 3202 4702 καὶ
3241 4649 3547 4720 ἀγρυπνίας
3581 4649 3696 4709 τοῖς

2135 4739 2480 4810 βουλομένοις
2503 4741 2725 4812 ἐνεργὸν
2777 4741 2844 4793 τὰ
2902 4741 3128 4793 τοιαῦτα
3176 4740 3274 4809 τὴν
3306 4741 3482 4808 ψυχὴν
3510 4739 3654 4806 ἔχειν
3685 4755 3698 4768 ·

2132 4833 2272 4886 ὥστε
2301 4834 2352 4885 εί
2379 4851 2460 4895 τις
2504 4833 2611 4884 τῶν
2642 4832 2940 4885 σπουδαίων
2973 4832 3160 4902 ἀγάπῃ
3200 4833 3450 4900 φαίνεται
3485 4833 3694 4898 διενεγ-

2134 4925 2244 4977 κὼν
2277 4924 2308 4993 ἢ
2339 4924 2674 4994 καθαρότητι
2709 4926 3067 4994 σωφροσύνης
3103 4925 3134 4994 ἢ
3187 4916 3698 4992 ταπεινοφροσύνης

2135 5018 2237 5070 ύπε
2251 5015 2412 5085 ρϐολῇ
2447 5017 2478 5085 ἢ
2513 5015 2792 5077 εὐσεϐείας
2817 5016 2848 5084 ἢ
2876 5017 2982 5068 τῶν
3010 5016 3266 5068 τοιούτων
3292 5015 3436 5076 τινὸς
3471 5017 3612 5084 ὑπὲρ
3642 5018 3701 5066 τὸ

2135 5110 2279 5171 εἰκὸς
2315 5109 2421 5159 τῶν
2455 5107 2762 5177 ἀνθρώπων
2795 5108 3023 5175 τούτων,
3051 5109 3333 5162 αἰτιᾶσθαι
3362 5109 3443 5160 δεῖ
3466 5109 3524 5160 τὸ
3557 5111 3700 5160 θειό-

2134 5218 2296 5254 τατον
2333 5200 2502 5269 μύρον
2533 5199 2628 5252 καὶ
2660 5199 2942 5252 πιστεύειν
2989 5201 3138 5270 αὐτῷ
3167 5201 3418 5252 δεδόσθαι
3455 5200 3576 5267 μὲν,
3611 5201 3700 5250 ὅτε

2134 5289 2228 5341 τοῦ
2261 5289 2562 5359 μυστηρίου
2601 5291 2844 5358 μετεῖχε,
2877 5289 2936 5340 τὸ
2967 5289 3158 5357 δῶρον,
3191 5287 3441 5354 γενέσθαι
3469 5286 3526 5337 δὲ
3549 5287 3703 5350 ὲνερ-

2135 5378 2230 5445 γὸν
2258 5378 2485 5446 ὕστερον
2511 5392 2524 5406 ⁶
2559 5377 2647 5430 τὸν
2673 5377 2785 5429 ἴσον
2818 5377 3016 5445 τρόπον
3049 5377 3139 5427 καὶ
3169 5373 3426 5442 περὶτῶν
3457 5370 3700 5438 ἀκριϐῶς

2133 5468 2440 5534 μελλόντων
2501 5467 2685 5534 λέγειν
2735 5467 2957 5527 εἰδέναι,
3014 5465 3109 5517 καὶ
3165 5465 3279 5526 τοῖς
3329 5461 3425 5530 τὴν
3472 5462 3700 5528 γνώμην

2129 5555 2512 5625 ἐλαυνομένοις
2568 5558 2663 5608 καὶ
2724 5556 2900 5617 ἄλλως
2949 5553 3236 5608 ἀσθενοῦσι
3271 5552 3521 5621 σωτῆρας
3556 5545 3699 5602 εἶναι

3298 5670 3351 5721 5.
3456 5666 3500 5696 ⁸⁸
3535 5663 3694 5716 ,Ιοαιιο

2141 5671 2184 5701 ¹¹
2228 5669 2242 5721 l
2275 5668 2405 5740 Heg.
2439 5687 2548 5733 xvr,
2576 5671 2658 5734 l2,
2696 5671 2779 5725 l3.
2885 5673 2926 5703 ¹²
2955 5669 3084 5724 Luc.
3113 5686 3245 5734 tvtt,

1834 5741 1896 5772 ’⁵⁵
1932 5741 1944 5792 1
1976 5738 2114 5793 Tim.
2143 5755 2212 5794 tv.
2254 5741 2329 5794 l-l.
