4158 6306
337 405 404 467 5⁹ῖ
409 405 439 468 7

1356 407 1452 467 DE
1480 408 1653 468 VlTA
1702 407 1779 468 lN
1819 407 2153 468 CIIRISTO
2194 408 2337 471 LIB.
2380 411 2498 470 Ili.

3466 417 3571 480 578

337 519 483 587 πέρι
514 517 764 587 μηχανῆς
799 518 1037 583 ἀπάσης,
1071 518 1165 570 καὶ
1193 517 1362 572 τᾶλλα
1410 520 1536 581 τοὺς
1563 518 1894 586 ἐπιδειξαμέ-

2002 518 2226 581 dicturi,
2266 529 2318 573 et
2354 520 2563 575 animos
2603 520 2908 589 impulsuri.
2941 531 2993 576 et
3020 523 3220 592 alioqui
3257 540 3430 589 aegros
3454 533 3575 581 sin"

334 627 461 671 vou;
488 609 596 661 ἀπὸ
620 609 712 661 τοῦ
744 609 1044 679 μυστηρίου
1065 610 1329 672 λαϐόντας
1347 609 1507 679 ἔχειν.
1536 612 1598 663 Ei
1630 609 1734 678 γὰρ
1757 610 1896 678 μήτε

334 697 465 767 παρ’
510 699 642 751 αὐτὸ
669 698 730 750 τὸ
774 697 1048 751 τελεῖσθαι
1082 699 1139 751 τὸ
1175 701 1472 769 μυστήριον
1505 701 1759 768 ἐνεργοὺς
1792 700 1899 751 δεί-

331 805 492 841 κνυσι
515 791 639 849 τοὺς
672 790 1030 857 τελουμένους
1059 790 1158 851 τὰς
1191 792 1569 857 πνευματικὰς
1596 789 1894 859 ἐνεργείας,

334 881 478 948 μήτε
507 872 581 932 ὧν
612 883 790 950 χρόνῳ
821 881 1048 949 ὕστερον
1093 882 1246 935 αὐτοὶ
1302 882 1687 949 πνευματικῶς
1743 883 1899 949 ἐνερ-

331 969 514 1037 γοῦσι.
556 971 648 1039 τὴν
681 972 903 1040 τελετὴν
962 972 1245 1025 αἰτιᾶσθαι
1302 974 1572 1041 προσῆκε,
1603 974 1655 1024 τί
1686 974 1767 1025 δεῖ
1803 975 1896 1024 καὶ

335 1060 617 1129 μυηθῆναι
642 1079 655 1124 ;
677 1062 811 1132 πρὸς
844 1063 894 1114 τί
927 1062 971 1115 δ’
1002 1064 1217 1131 ἃνήμῖν
1245 1065 1275 1132 ἡ
1311 1063 1402 1116 τοῦ
1432 1064 1601 1133 μύρου
1624 1064 1717 1117 τοῦ
1748 1065 1896 1116 θείου

336 1153 540 1222 μύησις
572 1152 652 1204 ἔτι
712 1154 1192 1222 φέροι,,χορηγεῖν
1247 1155 1386 1221 ὑπὲρ
1422 1151 1481 1209 οὗ
1537 1156 1779 1224 ζητεῖται
1820 1155 1894 1224 μὴ

332 1248 645 1316 δυναμένη;
678 1249 784 1301 Καὶ
814 1250 931 1301 οὐδὲ
974 1251 1145 1302 ἐκεῖνο
1177 1251 1398 1312 εἰκότως
1432 1251 1573 1302 ἔστιν
1607 1251 1894 1315 εἰπεῖν,ὡς

330 1343 380 1393 εί
414 1341 489 1408 μὴ
547 1341 717 1393 ταῦτα
773 1340 1151 1409 ἀπολαύσομεν
1183 1342 1276 1393 τοῦ
1326 1342 1649 1411 χρίσματος,
1680 1342 1806 1395 ἄλλο
1839 1359 1891 1393 τι

334 1428 542 1482 δύναιτ’
565 1428 629 1482 ἂν
648 1431 774 1497 ἡμῖν
796 1431 829 1498 ἡ
855 1430 1043 1501 τελετὴ
1073 1429 1306 1498 βοηθεῖν.
1335 1429 1396 1483 El
1422 1431 1530 1499 γὰρ
1560 1432 1699 1499 ειπερ
1726 1431 1897 1496 ἐπαγ-

335 1522 609 1587 γέλλεται,
644 1522 739 1574 καὶ
770 1521 901 1590 πρὸς
935 1521 970 1574 ἃ
1006 1523 1156 1574 πᾶσα
1194 1523 1439 1591 φέρεται,
1482 1524 1578 1575 καὶ
1607 1521 1735 1592 περὶ
1760 1515 1833 1575 ὧν
1865 1523 1892 1574 ὁ

334 1611 589 1681 τελεστὴς
632 1611 871 1681 εῦχεται,
922 1614 1013 1664 καὶ
1046 1612 1082 1666 ὃ.
1119 1612 1293 1666 πείθει
1343 1612 1432 1665 τὸν
1462 1613 1781 1681 τελούμενον
1818 1613 1893 1674 ὡς

334 1704 534 1758 αὐτίκα
582 1704 834 1772 λήψεται,
871 1710 1074 1757 τούτων
1111 1706 1290 1773 τυχεῖν
1316 1705 1374 1756 οὐ
1411 1704 1647 1765 δίδωσιν,
1680 1704 1807 1756 ἄλλο
1839 1720 1892 1755 τι

330 1800 439 1850 τῶν
470 1797 693 1864 ἀγαθῶν
724 1798 935 1850 ἐκεῖθεν
966 1797 1128 1868 σχολῇ
1162 1815 1224 1864 γε
1273 1797 1353 1849 δεῖ
1385 1798 1686 1866 προσδοκᾷν
1708 1812 1720 1824 ·
1760 1798 1808 1849 εί
1841 1796 1888 1847 δ’

2001 610 2111 662 ullo
2144 611 2423 665 molimine
2470 614 2714 665 sanaturi
2766 623 2913 675 sunt,
2951 624 3001 668 et
3025 615 3115 682 qui
3145 614 3248 669 alia
3288 617 3428 679 dona
3479 634 3575 673 ac»

1998 711 2278 769 ceperunt,
2302 717 2398 756 eos
2426 702 2676 757 videlicet
2699 704 2787 757 illa
2822 720 2851 758 a
2883 706 3144 775 mySterio
3201 718 3423 777 accepta
3473 713 3575 766 ha-

1999 792 2145 846 bere.
2178 793 2235 846 Si
2263 794 2405 846 enim
2439 809 2537 847 nec
2582 793 2699 860 ipsa
2756 796 2995 863 mysterii
3048 796 3269 851 collatio
3329 800 3571 856 initiatos

1997 884 2359 952 spiritualium
2407 898 2630 952 operum
2671 894 3020 939 exsecutores
3055 888 3250 950 red-tit.
3299 905 3397 942 H00
3452 906 3570 954 (ιυίθ

1998 982 2241 1044 tempore
2271 977 2604 1044 procedente
2658 975 2759 1044 ipsi
2823 977 3180 1044 spit'ituaiiti-r
3246 992 3562 1048 ope-rantur,

1998 1069 2288 1124 iuitiationi
2320 1071 2371 1122 iu
2391 1069 2633 1138 acceptis
2677 1069 2959 1124 referenda
3007 1082 3155 1133 sunt,
3192 1074 3317 1139 quid
3346 1090 3569 1128 necesse

1996 1168 2080 1213 est
2122 1158 2665 1224 initiari?Quor.~,um
2725 1175 2889 1229 porro
2939 1163 3299 1216 nobisdiviua
3336 1165 3452 1219 lure
3482 1164 3565 1218 in-

1999 1251 2184 1304 unctio
2230 1256 2519 1314 couducet,
2582 1267 2727 1315 cum,
2802 1262 3021 1320 propter
3085 1254 3229 1320 quod
3272 1257 3561 1320 expetitur,

1997 1343 2341 1411 Suppeditare
2372 1358 2482 1396 nou
2515 1344 2727 1412 possit?
2760 1342 2867 1398 Nec
2920 1345 3048 1397 iilud
3094 1348 3287 1400 merito
3344 1363 3569 1415 respon-

1998 1431 2114 1483 deri
2165 1440 2348 1498 queat,
2380 1446 2687 1500 quanquam
2735 1435 2919 1486 unctio
2966 1434 3110 1486 hunc
3139 1435 3295 1489 nobis
3330 1435 3590 1492 fruetum

1998 1535 2104 1573 non
2148 1522 2341 1589 pariat,
2420 1537 2577 1589 pesse
2632 1532 2812 1576 tamen
2845 1538 2942 1577 nos
2987 1526 3266 1590 adjuvare.
3312 1524 3365 1580 Si
3424 1532 3567 1582 enim

1996 1628 2118 1679 quin
2150 1611 2438 1680 promittit,
2466 1621 2518 1666 et
2557 1613 2620 1665 ad
2678 1628 2797 1680 qua:
2831 1623 2940 1665 tota
2977 1617 3166 1677 tendit,
3224 1631 3340 1683 quae
3386 1617 3569 1671 initia-

1999 1713 2082 1756 tor
2117 1714 2257 1766 orat,
2284 1712 2338 1755 ei.
2377 1719 2495 1771 qua:
2523 1703 2788 1756 iuitiamlo
2818 1706 3103 1772 persuadet
3166 1722 3286 1759 mox
3313 1718 3570 1777 acettptu-

1999 1806 2137 1855 rum,
2167 1791 2211 1844 si
2237 1791 2352 1843 htec
2379 1792 2640 1859 consequi
2676 1808 2778 1845 non
2830 1794 2943 1855 dat,
2986 1793 3132 1846 aliud
3178 1794 3302 1847 inde
3366 1797 3564 1849 bonum

342 1843 433 1850 ’“”’
472 1843 685 1864 ”ὀ⁷“”“””
726 1843 929 1850 ’⁷”““”⁷
968 1843 1074 1868 vlo"
1102 1843 1128 1866 ἱΙ
1172 1843 1223 1864 1⁷
1278 1843 1349 1849 ’“’
1391 1843 1680 1866 ”“Γ⁷“⁷”’Τ’
1762 1843 1807 1849 ⁷⁷
1849 1843 1865 1847 ⁷

332 1893 393 1944 ού
428 1892 605 1963 μάτην
628 1894 686 1944 τὸ
712 1895 1025 1961 μυστήριον,
1057 1893 1139 1945 ὅτι
1174 1892 1306 1964 μηδὲ
1344 1891 1471 1948 ἄλλο
1494 1891 1599 1944 τῶν
1631 1892 1890 1961 Χριστια-

1997 1882 2416 1948 haudquaquam
2453 1880 2883 1950 exspectandum
2945 1893 3047 1936 est.
3087 1883 3242 1947 Quod
3278 1884 3321 1937 si
3355 1901 3457 1938 non
3485 1896 3569 1939 est

333 1987 498 2038 νικῶν
550 1985 721 2046 οὐδὲν,
764 2005 781 2036 ι
817 1986 889 2037 Οὐ
925 1985 1033 2055 γὰρ
1090 1986 1261 2048 κενὸν,
1309 1985 1462 2054 φησὶ,
1518 1983 1577 2035 τὺ
1630 1987 1891 2053 κήρυγμα

333 2077 519 2146 ἡμῶν,
554 2076 673 2129 οὐδὲ
706 2077 905 2146 ματαία
934 2078 966 2145 ἡ
995 2076 1174 2138 πίστις
1226 2076 1403 2143 ἡμῶν,
1435 2095 1453 2125 ι
1494 2076 1545 2127 εί
1572 2091 1691 2126 τινα
1730 2091 1893 2127 πνευ-

335 2168 571 2239 ματικὴν
622 2168 902 2238 ἐνέργειαν
948 2169 1124 2237 εὑρεῖν
1180 2167 1327 2220 ἐστιν
1367 2169 1423 2219 ἐν
1457 2166 1760 2234 ἀνθρώποις
1795 2166 1892 2217 καὶ

330 2258 423 2312 τοῦ
482 2260 681 2313 κύκλου
738 2260 846 2311 τῶν
880 2259 1089 2311 ἐκεῖθεν
1122 2260 1381 2328 χαρίτων,
1442 2261 1521 2314 είς
1575 2258 1682 2320 τὰς
1722 2257 1889 2326 εὐχὰς

329 2349 623 2418 ἀναφέρειν
656 2349 869 2419 ἀνάγκη
900 2347 1101 2413 ταύτας
1140 2350 1233 2403 καὶ
1261 2351 1320 2402 τ’)
1353 2352 1562 2420 χρίσμα
1596 2349 1656 2402 τὸ
1685 2350 1872 2430 ἱερόν..

407 2619 584 2677 "03w:
620 2617 727 2685 γὰρ
757 2617 880 2672 οὔτε
926 2618 1093 2686 ἔστιν,
1124 2618 1225 2671 οῦκ
1254 2619 1399 2671 ἔστιν
1432 2619 1583 2673 οὐδὲν
1609 2619 1831 2686 ἀγαθὸν,
1862 2617 1891 2672 ὃ

333 2712 408 2781 τῷ
437 2711 555 2780 Θεῷ
584 2712 947 2779 διαλλαγεῖσιν
973 2711 1180 2764 ἐκεῖθεν
1211 2712 1451 2783 ὑπῆρξεν
1496 2713 1829 2783 ἀνθρώποις,
1861 2712 1890 2766 ὃ

334 2804 408 2873 μὴ
437 2803 525 2857 διὰ
568 2800 661 2855 τοῦ
697 2802 1066 2865 καταστάντος
1117 2803 1251 2856 θεοῦ
1296 2805 1390 2856 καὶ
1412 2804 1717 2872 ἀνθρώπων
1748 2823 1890 2876 παρ’

330 2892 527 2961 εσιέθη
563 2893 809 2961 μεσίτου,
844 2892 967 2946 οὔτε
1001 2893 1091 2947 τὸν
1126 2894 1351 2964 μεσίτην
1376 2894 1555 2963 εὑρεῖν
1583 2896 1676 2950 καὶ
1703 2896 1890 2950 λαϐεῖν

332 2985 423 3035 καὶ
457 2984 564 3035 τῶν
615 2982 822 3035 ἐκείνου
882 2987 1063 3053 τυχεῖν
1093 2983 1223 3036 ἄλλο
1256 3002 1310 3038 τι
1371 2984 1585 3037 δίδωσιν
1624 2985 1758 3054 ἡμῖν
1782 2985 1889 3037 τῶν

332 3076 583 3129 ἁπάντων
611 3070 643 3139 ἢ
668 3073 731 3125 τὰ
765 3076 1039 3142 μυστήρια
1059 3091 1075 3106 ο
1103 3074 1274 3129 ταῦτα
1300 3077 1408 3144 γὰρ
1436 3077 1716 3144 συγγενεῖς
1741 3076 1889 3145 ἡμᾶς

1996 1976 2159 2027 inane
2225 1971 2566 2041 mystrtium,
2646 1973 2770 2039 quia
2831 1987 2930 2026 nec
2984 1973 3127 2027 aliud
3195 1964 3563 2028 Christianum

1996 2064 2191 2129 ullum,
2233 2081 2249 2111 ι
2282 2061 2399 2115 Νοη
2424 2063 2565 2115 enim
2591 2063 2769 2118 inanis
2791 2073 2890 2127 est,
2919 2065 3112 2129 inquit,
3133 2066 3446 2135 pr:rdicatio
3470 2084 3569 2120 no-

1991 2167 2126 2215 stra,
2164 2169 2338 2223 neque
2378 2154 2559 2208 inanis
2597 2153 2728 2207 ﬁdes
2791 2158 3062 2221 vestra”;
3106 2178 3122 2207 ι
3161 2158 3204 2211 si
3237 2173 3395 2226 quam
3437 2174 3567 2225 ope-

1991 2247 2258 2299 rationem
2296 2246 2636 2315 spiritualem
2695 2248 2937 2301 iureuire
2973 2261 3053 2303 est
3104 2252 3241 2304 inter
3293 2252 3562 2315 homines,

1990 2348 2045 2390 et
2086 2352 2152 2390 ex
2213 2337 2342 2390 orbe
2398 2336 2489 2389 illo
2544 2337 2907 2404 spiritualium
2960 2340 3278 2408 gratiarum,
3321 2356 3440 2396 eam
3496 2343 3562 2398 ad

1993 2427 2155 2481 hasce
2193 2443 2379 2496 preces
2420 2436 2472 2480 et
2512 2429 2822 2482 unctionem
2875 2444 3084 2484 san-am
3119 2432 3321 2488 referre
3388 2450 3564 2489 neces-

1991 2519 2136 2572 sario
2162 2518 2442 2571 debemus.

2058 2608 2225 2663 Plane
2268 2610 2410 2663 cnim
2471 2626 2576 2663 non
2627 2619 2731 2676 est,
2786 2627 2890 2666 nou
2963 2620 3064 2672 est,
3101 2613 3355 2682 inquam,
3392 2615 3561 2669 ullum

1988 2703 2215 2767 bOuum,
2252 2704 2377 2758 inde
2424 2703 2891 2775 hominibusllieo
2924 2703 3293 2759 reconciliatis
3348 2708 3561 2775 priesti-

1993 2802 2130 2857 tum,
2168 2794 2311 2862 quod
2346 2811 2449 2847 non
2484 2808 2580 2864 per
2612 2774 2964 2846 mediatoretn
3001 2794 3141 2848 inter
3172 2774 3426 2849 Deumet
3462 2798 3559 2849 bo-

1989 2888 2166 2940 mines
2203 2887 2563 2940 constitutum
2611 2885 2773 2940 nobis
2809 2887 2881 2941 sit
2929 2886 3221 2950 collatum;
3274 2902 3452 2956 neque
3502 2896 3561 2942 ut

1995 2979 2351 3034 mediatorum
2399 2979 2761 3040 inveniamus,
2808 2987 2861 3031 et
2889 2979 3376 3047 apprehendamus,
3407 2990 3461 3034 et
3491 2980 3561 3033 il-

1989 3070 2096 3123 lius
2133 3071 2272 3123 bona
2305 3084 2693 3138 assequamur,
2721 3071 2787 3122 ab
2818 3068 2925 3123 alio
2964 3084 3027 3124 ex
3061 3070 3316 3124 omnibus
3341 3109 3356 3129 .
3393 3087 3555 3141 quam

332 3171 476 3221 ποιεῖ
509 3168 619 3223 τῶν
649 3169 895 3238 αἱμάτων
927 3167 1176 3233 ἐκείνων,
1211 3169 1306 3222 καὶ
1355 3161 1431 3222 ὧν
1465 3169 1655 3240 εἱληφε
1676 3169 1764 3223 διὰ
1794 3169 1889 3239 τὴν

1992 3176 2024 3216 a
2053 3161 2412 3217 sacramentis
2444 3161 2812 3231 ad’piscimur.
2848 3159 2984 3216 Nam
3018 3163 3129 3217 haec
3159 3178 3258 3217 nos
3287 3163 3361 3217 illi
3397 3164 3550 3229 quasi

337 3260 513 3325 σὲιρκα⁴
546 3260 784 3329 χαρίτων
816 3258 909 3311 καὶ
949 3254 1024 3311 ὧν
1055 3260 1248 3309 παθεῖν
1279 3258 1539 3328 ἠνέσχετο
1575 3258 1887 3321 κοινωνούς.

345 3351 498 3402 Ἐπεὶ
530 3351 638 3419 γὰρ
672 3351 818 3403 δυοῖν
847 3348 1039 3409 ὄντοιν,
1070 3348 1106 3402 ἃ
1134 3348 1209 3419 τῷ
1234 3349 1349 3418 Θεῷ
1394 3349 1672 3417 συνίστησι
1705 3349 1799 3402 καὶ
1833 3351 1890 3401 ὲν

333 3435 412 3501 οἷς
439 3443 589 3494 πᾶσα
618 3439 725 3493 τῶν
757 3438 1060 3510 ἀνθρώπων
1086 3440 1117 3508 ἡ
1143 3438 1407 3510 σωτηρία,
1433 3439 1527 3493 τοῦ
1557 3456 1614 3490 τε
1634 3440 1701 3492 τὰ
1732 3438 1890 3508 ἱερώ-

328 3550 465 3585 τατα
533 3533 806 3603 μυττήρια
856 3529 1151 3601 μυηθῆναι,
1212 3532 1304 3583 καὶ
1352 3528 1445 3583 τοῦ
1498 3531 1633 3599 πρὸς
1685 3530 1886 3601 ἀρετὴν

329 3626 565 3691 ἀσκῆσαι
608 3623 709 3692 τὴν
757 3621 1007 3691 γνώμην,
1066 3620 1159 3673 τοῦ
1189 3620 1466 3691 δευτέρου,
1523 3621 1665 3686 λέγω
1698 3620 1762 3689 δὴ
1789 3622 1888 3686 τῆς

329 3712 671 3781 ἀνθρωπείας
702 3710 962 3778 σπουδῆς,
997 3710 1150 3762 οὐδὲν
1175 3709 1303 3762 ἄλλο
1340 3709 1536 3777 γένοιτ’
1562 3708 1628 3763 ἂν
1658 3709 1816 3778 ἔργον
1852 3708 1884 3779 ἢ

330 3804 395 3853 τὰ
426 3801 644 3854 δοθέντα
679 3800 851 3853 σῶσαι
888 3802 981 3855 καὶ
1018 3799 1091 3869 μὴ
1122 3798 1409 3868 προδοῦναι
1455 3800 1545 3852 τὸν
1577 3800 1847 3870 θησαυρόν
1867 3815 1883 3833 ο

326 3893 572 3944 λείπεται
604 3893 669 3961 δὴ
700 3893 867 3962 μόνην
889 3893 1125 3961 χορηγὸν
1160 3892 1294 3961 ἡμῖν
1328 3891 1431 3943 τῶν
1457 3891 1678 3958 ἀγαθῶν
1715 3892 1890 3945 ἀπάν-

324 4002 435 4037 των
460 3985 557 4053 τὴν
579 3984 690 4035 τῶν
718 3985 1034 4054 μυστηρίων
1061 3982 1291 4050 δύναμιν
1320 3978 1478 4035 εῖναι.
1510 3983 1615 4035 Καὶ
1651 3983 1757 4053 μὴν
1777 3983 1888 4035 τῶν

325 4075 560 4129 τελετῶν
614 4074 780 4143 ἄλλης
829 4074 927 4144 μὲν
989 4072 1149 4143 ἔργον
1187 4072 1314 4127 ἄλλο
1372 4089 1447 4138 τι,
1483 4072 1801 4144 Πνεύματος
1828 4072 1886 4125 δὲ

328 4167 559 4220 καὶτῶν
596 4165 804 4219 ἑκείνου
861 4166 1246 4236 μετειληφέναι
1266 4164 1456 4236 δώρων
1477 4167 1570 4219 τοῦ
1605 4165 1887 4233 παναγοῦς

326 4257 627 4328 ἐξήρτηται
666 4256 835 4326 μύρου
857 4273 872 4288 ο
901 4256 990 4309 διὰ
1017 4256 1191 4309 ταῦτα
1220 4255 1321 4309 κᾶν
1350 4256 1426 4325 μὴ
1455 4256 1585 4326 παρ’
1611 4257 1772 4311 αὐτὸν
1792 4256 1884 4311 τὸν

326 4348 429 4417 τῆς
456 4346 678 4416 τελετῆς
707 4346 919 4416 χρόνον,
954 4344 1176 4415 ὕστερον
1202 4346 1258 4399 δὲ
1299 4346 1479 4417 πολλῷ
1509 4334 1886 4417 πνευματικὴν

328 4437 529 4508 δυνηθῇ
582 4454 665 4498 τις
720 4436 1089 4501 ἐπιδείξασθαι
1121 4436 1350 4506 δωρεὰν,
1382 4438 1444 4491 οὐ
1473 4437 1552 4490 δεῖ
1579 4439 1677 4506 τὴν
1705 4439 1884 4493 αἰτίαν

330 4531 421 4582 καὶ
601 4529 635 4597 ἡ
660 4528 893 4597 δύναμις
918 4530 1155 4597 ἀγνοεῖν.
1201 4505 1356 4595 Ἕπεὶ
1388 4531 1486 4584 καὶ
1512 4533 1539 4583 ὁ
1571 4505 1664 4585 τού
1692 4529 1883 4601 βαπτίο
1916 4505 1957 4559 D

329 4636 538 4688 σματος
597 4620 876 4689 φωτισμὸς
924 4621 1147 4675 ὲνίεται,
1178 4622 1277 4690 μὲν
1339 4621 1501 4684 εὐθὺς
1535 4623 1889 4692 λουσαμένων

325 4714 448 4773 ταῖς
483 4709 593 4761 τῶν
645 4709 985 4777 τελουμένων
1028 4709 1249 4780 ψυχαῖς,
1302 4711 1422 4763 ἔστι
1479 4712 1536 4764 δὲ
1587 4711 1889 4780 τηνικαῦτα

327 4802 479 4864 δῆλος
504 4802 564 4854 οὺ
597 4802 783 4865 πᾶσιν,
808 4801 972 4862 ἐνίοις
1001 4801 1058 4854 δὲ
1091 4802 1200 4856 τῶν
1232 4802 1538 4856 σπουδαίων
1582 4803 1669 4856 διὰ
1696 4805 1888 4875 χρόνου

329 4890 579 4958 φαίνεται
608 4888 794 4959 ἱδρῶσι
827 4889 1041 4954 πολλοῖς
1064 4892 1160 4944 καὶ
1193 4891 1377 4953 πόνοις
1405 4891 1502 4945 καὶ
1543 4893 1611 4963 τῇ
1636 4891 1769 4963 περὶ
1800 4892 1890 4945 τὸν

332 4981 564 5049 Χριστὸν
593 4980 782 5054 ἀγάπῃ
806 4981 896 5032 τὸν
923 4979 1023 5047 τῆς
1042 4979 1221 5049 ψυχῆς
1252 4979 1559 5050 καθάρασιν
1586 4980 1884 5050 ὀφθαλμὸν,

327 5071 415 5123 διὰ
447 5070 607 5123 τοῦτο
655 5070 731 5123 τὸ.
772 5069 946 5140 μύρον
974 5070 1280 5139 προσευχῆς
1335 5070 1431 5140 μὲν
1461 5066 1599 5124 οἴκοι
1630 5071 1766 5143 πρὸς
1788 5072 1886 5134 τὰς

330 5160 495 5230 εὐχὰς
527 5161 659 5231 ἡμῖν
683 5159 963 5230 βοηθοῦσι.
990 5159 1283 5229 Χριόμενοι
1313 5161 1422 5230 γὰρ
1459 5161 1536 5229 τῷ
1565 5163 1724 5232 μύρῳ
1740 5163 1886 5216 τοῦτ’

328 5249 463 5302 αὐτὸ
508 5249 754 5317 γίνονται
790 5250 922 5319 ἡμῖν
965 5249 994 5301 ὃ
1036 5247 1346 5313 καλοῦνται,
1376 5251 1512 5304 διότι
1558 5253 1619 5303 τὸ
1649 5251 1886 5306 κενωθὲν

333 5340 503 5411 μύρον
559 5342 907 5410 παράκλητος
961 5343 1094 5412 ἡμῖν
1147 5343 1263 5394 ἐστι
1317 5343 1452 5411 πρὸς
1480 5344 1571 5395 τὶν
1626 5342 1757 5395 Θεὸν
1790 5344 1885 5396 καὶ

333 5433 550 5500 Πατέρα
581 5432 650 5484 δι’
703 5430 833 5483 αὐτὸ
867 5429 1044 5494 τοῦτο,
1081 5432 1163 5484 ὅτι
1197 5432 1495 5484 κεκένωται
1528 5432 1625 5483 καὶ
1672 5431 1883 5500 χρίσμα

330 5527 545 5590 γέγονε,
584 5527 677 5576 καὶ
714 5523 873 5593 μέχρι
897 5523 996 5593 τῆς
1021 5523 1234 5590 φύσεως
1263 5512 1424 5591 alio»,
1457 5523 1554 5588 τῆς
1588 5523 1884 5592 ἡμετέρας.

328 5612 410 5664 Τὰ
432 5613 796 5683 θυσιαστήρια
819 5613 875 5665 δὲ
910 5613 1005 5682 τὴν
1029 5611 1121 5666 τοῦ
1149 5613 1395 5682 Σωτῆρος
1420 5613 1670 5681 μιμεῖται
1700 5614 1879 5681 χεῖρα,

407 5797 448 5827 ³⁸
480 5797 494 5848 Ι
528 5796 653 5849 Cur.
683 5811 772 5855 ιτ,
814 5794 898 5845 Η.

1997 3252 2462 3322 consanguineos,
2502 3262 2557 3306 et
2605 3252 2945 3305 cruciatuum
2994 3268 3131 3322 quos
3182 3254 3466 3317 sustinuit,
3503 3265 3560 3309 et

1987 3347 2308 3413 gratiarum.
2335 3359 2470 3411 quas
2502 3352 2727 3413 propter
2753 3359 2976 3399 carnem
3002 3346 3236 3413 accepit,
3265 3348 3559 3414 pantici;:es

1986 3435 2250 3490 eﬂiciunt.
2293 3435 2428 3490 Cum
2470 3435 2618 3489 enim
2653 3437 2759 3490 duo
2794 3436 2928 3500 sint,
2968 3451 3088 3504 qute
3145 3437 3392 3491 homines
3447 3440 3558 3498 Deo

1981 3530 2383 3595 commendent,
2404 3540 2458 3584 et
2480 3530 2679 3601 quibus
2713 3540 2821 3587 tota
2855 3531 3000 3586 salus
3031 3531 3269 3586 humana
3302 3532 3552 3595 fulcitur,

1984 3620 2213 3676 altermu
2245 3630 2304 3674 ut
2338 3623 2613 3692 mysteriis
2645 3623 3037 3678 sacratissimis
3066 3623 3346 3677 initiemur
3370 3665 3387 3689 ,
3419 3624 3555 3677 alte-

1987 3727 2128 3776 rum,
2163 3721 2218 3766 ut
2247 3713 2490 3766 animum
2515 3712 2581 3766 ad
2614 3715 2865 3769 virtutem
2902 3714 3262 3785 appellamus,
3290 3716 3553 3777 humana,

1996 3802 2217 3872 inquam
2250 3843 2264 3865 ,
2297 3805 2603 3874 diligentia,
2639 3806 2779 3860 nihil
2808 3807 2952 3861 aliud
2990 3822 3129 3878 opus
3175 3808 3357 3873 fuerit,
3389 3822 3553 3876 quam

1986 3894 2111 3947 data
2139 3910 2391 3959 servare,
2421 3904 2477 3951 et
2517 3897 2834 3951 tbeSaurum
2898 3913 3003 3950 non
3065 3894 3313 3966 prodere.
3370 3896 3549 3951 Relin-

1985 3980 2171 4052 quitur
2204 3999 2361 4054 crgo,
2403 3987 2578 4040 solam
2608 3988 2987 4058 mysteriorum
3020 3989 3274 4043 virtutem
3307 3989 3550 4042 omnium

1985 4073 2254 4127 bonorum
2287 4074 2443 4127 nobis
2478 4074 2806 4142 largitricem
2839 4090 2983 4128 esse.
3008 4075 3167 4142 Atqui
3194 4076 3386 4129 horum
3412 4077 3552 4131 alius

1983 4163 2205 4220 etii-ctus
2242 4172 2296 4218 et
2354 4178 2493 4232 opus
2550 4172 2653 4229 est,
2689 4163 2924 4233 Spiritus
2986 4164 3238 4233 illiusque
3285 4166 3551 4219 donorum

1985 4255 2302 4310 communio
2331 4268 2358 4307 a
2389 4254 2739 4308 sanctissima
2771 4254 3025 4309 unctione
3057 4258 3273 4324 pendet.
3322 4255 3552 4317 idcirco,

1989 4346 2209 4401 tametsi
2240 4360 2350 4399 non
2388 4347 2505 4414 ipso
2544 4344 2873 4399 initiatiouis
2917 4353 3181 4417 tempore,
3237 4349 3331 4402 ενι]
3382 4349 3554 4402 multo

1985 4445 2130 4507 post,
2163 4436 2449 4505 Spirituale
2483 4436 2688 4490 donum
2719 4436 2783 4490 ad
2817 4452 2929 4490 rem
2960 4437 3212 4493 conferre
3243 4441 3366 4506 quis
3398 4450 3556 4509 potc-
3605 4494 3614 4500 _

1988 4531 2076 4595 rit,
2106 4527 2457 4582 nihilominus
2480 4542 2729 4590 causam,
2753 4535 2809 4583 et
2842 4528 2984 4582 unde
3015 4529 3184 4585 robur
3212 4531 3366 4595 illud,
3401 4532 3555 4601 igno-

1990 4633 2112 4671 rare
2151 4632 2258 4670 non
2300 4617 2574 4672 convenit.
2621 4616 2756 4672 Nam
2810 4629 2863 4671 et
2917 4619 3171 4689 baptismi
3222 4621 3552 4675 illumiua‘in

1993 4724 2116 4761 mox
2153 4707 2373 4776 quidem
2424 4708 2733 4761 ablutorum
2771 4708 3060 4763 animabus
3109 4711 3464 4774 immittitur;
3501 4722 3556 4766 at

1993 4816 2097 4852 nou
2138 4811 2266 4853 tunc
2301 4799 2369 4851 ab
2400 4798 2656 4852 omnibus
2704 4798 2971 4863 cernitur,
3017 4799 3112 4854 sed
3157 4814 3187 4853 a
3226 4801 3551 4868 quibusdam

1995 4895 2177 4964 probis
2227 4900 2350 4962 post
2402 4891 2746 4946 intervallum
2797 4893 3166 4959 cognoscitur,
3217 4893 3306 4959 qui
3370 4895 3553 4950 multis

1992 4986 2285 5040 sudoribus
2315 4992 2369 5038 et
2396 4982 2693 5051 laboribus,
2727 4991 2784 5036 et
2816 4982 3086 5036 charitate
3118 4997 3241 5048 erga
3280 4982 3550 5040 Cbristun

1992 5075 2211 5130 oculum
2236 5073 2431 5127 anima:
2456 5081 2872 5143 perpurgarunt.
2907 5071 3134 5140 Propter
3160 5070 3317 5125 istam
3346 5077 3555 5129 unctio-

1996 5183 2117 5223 npm
2177 5169 2373 5221 domus
2413 5166 2673 5220 orationis
2704 5165 2771 5220 ad
2798 5180 2988 5233 preces
3012 5165 3167 5220 nobis
3197 5168 3551 5225 auxiliantur.

1996 5257 2182 5315 Unctae
2213 5258 2357 5311 enim
2383 5265 2658 5327 unguento
2700 5254 2804 5309 hoc
2834 5256 3009 5316 ipsum
3041 5255 3201 5310 nobis
3228 5256 3385 5317 liuut,
3408 5261 3550 5327 quod

1994 5355 2280 5410 vocantur,
2343 5345 2604 5414 quoniam
2652 5343 2883 5399 eﬂ'usum
2936 5352 3289 5415 unguentum,
3321 5347 3553 5402 advoca-

1994 5447 2105 5493 tum
2136 5448 2220 5492 est
2248 5436 2405 5490 nobis
2428 5436 2567 5504 apud
2602 5434 2767 5488 Deum
2801 5443 2855 5490 et
2886 5433 3123 5499 Patrem,
3155 5446 3207 5490 et
3235 5437 3306 5492 ob
3332 5437 3433 5491 hoc
3473 5438 3552 5501 ip—

1992 5543 2132 5586 sum.
2174 5524 2316 5593 quod
2346 5524 2576 5577 cll‘usutu
2618 5531 2718 5586 est,
2753 5532 2808 5576 et
2836 5523 3073 5578 chrisma
3112 5524 3334 5584 factum,
3363 5533 3416 5577 et
3457 5540 3554 5577 us-

1991 5633 2092 5687 que
2125 5617 2187 5669 azl
2221 5613 2454 5667 animam
2478 5625 2718 5667 nostram
2743 5614 2974 5668 t-llusum
3010 5624 3111 5668 est.
3140 5613 3343 5667 Alturia
3368 5622 3551 5667 autem
