4132 6308
548 406 654 473 579

1769 402 2077 463 NICOLM
2120 403 2509 466 CABASILE

3681 418 3788 481 580

559 525 678 581 8ι1ι
693 526 865 581 atnris
891 524 1176 580 imitantur
1202 539 1420 586 manus,
1442 530 1493 576 ct
1517 537 1708 592 panem
1733 538 1762 576 a
1788 539 1974 579 mensa
1995 522 2131 578 deli-

2233 524 2434 576 καὶτὸν
2461 525 2626 594 ἄρτον
2647 526 2754 578 άπὸ
2780 526 2872 594 τῆς
2899 528 3280 598 ἀληλιμμένης
3299 531 3584 602 τραπέζης
3602 531 3791 603 ὥσπερ

556 616 877 683 buta,velut
900 616 968 669 ab
991 615 1302 682 incorrupta
1343 613 1430 666 illa
1451 627 1638 675 manu,
1679 612 1884 667 Christi
1925 626 2125 681 corpus

2233 613 2338 666 ἀπὸ
2367 615 2466 684 τῆς
2522 617 2803 685 ἀκηράτου
2831 619 3010 685 χειρὸς
3047 620 3262 689 ἐκείνης
3293 621 3792 692 Χριστοῦ-κομιξόο

558 711 880 778 accipimus,
893 715 948 761 et
966 705 1281 773 sanguinem
1298 704 1687 774 ejus,bibimus,
1713 703 1800 758 vel
1816 713 1874 758 ut
1898 704 1971 758 illi
1989 718 2128 772 quos

560 798 1040 868 Dominuslprimos
1061 797 1415 851 taliconvivio
1445 795 1670 866 accepit,
1694 795 1951 866 poculum
1973 796 2128 864 plane

563 895 907 950 tremendum
946 893 1258 964 propinans.
1285 892 1552 958 Quoniam
1593 893 1738 947 enim
1765 893 1879 962 ipse
1898 892 2039 947 idem
2075 902 2128 946 et

559 987 819 1042 sacerdos
887 993 989 1049 est,
1039 993 1092 1038 et
1141 985 1332 1048 altare,
1391 992 1445 1037 et
1507 981 1708 1048 hostia,
1765 990 1818 1037 et
1871 980 2125 1053 offerens,

559 1089 614 1133 et
662 1093 770 1146 quo
823 1075 1009 1142 offert,
1052 1075 1305 1144 et'quod
1332 1074 1520 1136 offert;
1578 1073 1849 1145 mysteriis
1891 1089 2002 1128 rem
2043 1073 2128 1127 di-

561 1169 705 1233 visit,
729 1177 784 1222 et
813 1166 945 1220 illud
981 1165 1106 1235 pani
1133 1165 1556 1232 benedictionis,
1585 1165 1689 1220 hoc
1723 1176 2002 1235 unguento
2029 1166 2129 1220 tri-

561 1264 697 1316 buit.
736 1261 950 1315 Etenim
984 1259 1159 1314 altare
1192 1261 1411 1327 quidem
1461 1269 1544 1312 est
1583 1256 1854 1322 Salvator,
1909 1259 2126 1314 sacrill-

559 1367 692 1407 cans
721 1361 941 1421 propter
964 1349 1225 1404 chrisma.
1248 1349 1432 1403 Altare
1459 1349 1604 1403 enim
1636 1350 1760 1405 inde
1783 1349 1851 1404 ab
1871 1351 2025 1406 initio
2055 1351 2133 1404 in-

559 1453 811 1496 st.tutum
837 1450 943 1504 est,
972 1447 1030 1494 ut
1054 1449 1376 1510 ungeretur;
1412 1449 1466 1492 et
1494 1439 1869 1496 sacerdmibns
1894 1441 1998 1496 hoc
2017 1452 2134 1496 erat

556 1533 870 1589 sacerdotes
901 1545 1022 1585 esse
1047 1569 1062 1592 .
1096 1531 1348 1586 inunctos
1381 1545 1523 1585 esse.
1557 1529 1901 1586 Sacriﬁcium
1951 1542 2128 1586 autem

561 1633 784 1692 propter
813 1635 1032 1676 crucem
1071 1629 1127 1674 et
1156 1629 1412 1686 mortem,
1468 1635 1574 1689 qua
1609 1635 1708 1690 pro
1739 1620 1831 1676 Dei
1867 1630 1921 1677 et
1954 1620 2132 1677 Patris

533 1715 733 1784 gloria
763 1724 1012 1766 mortuus
1049 1719 1133 1766 est
1166 1727 1182 1768 :
1213 1720 1440 1765 mortem
1473 1725 1636 1778 porro
1692 1721 1747 1768 et
1788 1711 2134 1769 immolatio—

560 1821 685 1861 nem
735 1805 880 1859 illam
915 1803 1329 1868 annuntiamus,
1361 1805 1601 1874 quoties,
1638 1804 1812 1875 inquit
1838 1805 1905 1871 ",
1938 1820 2129 1874 panem

563 1898 711 1952 hunc
747 1894 1111 1964 comedimus.
1143 1894 1368 1964 Insuper
1394 1906 1448 1951 et
1479 1905 1838 1968 unguentum,
1869 1906 1924 1954 et
1946 1900 2132 1952 unctio

559 1996 647 2043 est
703 1987 968 2042 Dominus
1022 1995 1242 2057 propter
1286 1988 1548 2058 Spiritum
1599 1999 1872 2045 sanctum.
1920 1989 2132 2044 Idcirco

561 2079 742 2134 facere
768 2079 987 2148 quidem
1014 2079 1363 2135 sanctissima
1383 2079 1664 2146 omnium,
1683 2089 1738 2135 et
1766 2081 2129 2147 sanetilicare,

561 2162 618 2225 at
648 2170 1002 2236 sanctiﬁcari,
1030 2181 1084 2226 et
1109 2171 1326 2240 quidvis
1355 2172 1572 2225 tandem
1617 2171 1728 2242 pati
1763 2187 1868 2226 non
1898 2179 2128 2242 poterat.

563 2262 690 2320 Haec
735 2274 918 2320 autem
953 2263 1162 2327 altaris.
1202 2273 1256 2318 et
1300 2240 1687 2332 saeriﬂcantis,
1733 2273 1790 2318 et
1828 2240 2130 2328 ederentis,

559 2371 668 2410 non
697 2355 864 2411 oblati
899 2365 952 2411 et
998 2355 1293 2411 sacriﬁcati
1323 2364 1501 2412 erant.
1529 2353 1665 2410 Nam
1697 2365 1752 2410 et
1791 2357 1960 2411 altare
1999 2372 2132 2411 san-

555 2449 800 2504 ctilicare
832 2446 1034 2503 dicitur
1062 2461 1079 2500 :
1113 2464 1132 2499 ‹
1165 2446 1377 2512 Altare,
1407 2448 1612 2517 inquit,
1647 2447 1794 2517 quod
1829 2447 2134 2503 sanctiﬁcat

559 2542 765 2595 donum
798 2540 865 2598 ".
904 2558 923 2592 ι
961 2539 1126 2596 Panis
1157 2554 1287 2594 vero
1317 2549 1538 2610 propter
1566 2554 1787 2594 carnem
1819 2539 2130 2596 sanctiﬁca-

562 2641 672 2686 tain
707 2640 762 2686 et
821 2630 1148 2694 deiﬁcatam,
1182 2641 1238 2686 et
1268 2647 1389 2701 quae
1415 2633 1576 2687 ambo
1611 2632 1746 2696 haec,
1780 2641 1895 2688 tum
1926 2633 2132 2687 unctio-

562 2738 708 2786 nem,
749 2732 862 2775 tum
905 2721 1090 2791 plagas
1139 2724 1370 2792 accepit.
1420 2722 1604 2793 lnquit
1647 2723 1790 2778 enim
1819 2762 1836 2789 ,
1889 2741 1909 2776 ι
1964 2723 2131 2779 Panis

557 2829 720 2884 quem
745 2828 846 2883 ego
875 2813 1037 2880 dabo,
1068 2828 1198 2869 caro
1227 2829 1347 2869 mea
1381 2825 1484 2881 est,
1513 2831 1677 2885 quam
1708 2831 1808 2884 ego
1853 2814 1994 2871 daho
2026 2816 2131 2887 (vi-

558 2907 756 2961 delicet
780 2903 1121 2976 sacriﬁcans)
1155 2921 1253 2976 pro
1291 2906 1477 2961 mundi
1512 2907 1622 2961 vita
1653 2908 1723 2963 ".
1762 2926 1780 2960 ι
1819 2909 1942 2964 ldeo
1971 2909 2129 2965 olIer-

563 3011 656 3055 tur
681 2999 902 3070 quidem
936 3007 996 3052 ut
1019 2999 1198 3066 panis,
1225 2996 1385 3054 oﬂert
1413 3009 1596 3055 autem
1643 3009 1703 3055 ut
1745 3009 2084 3070 unguentum
2110 3041 2127 3068 ,

559 3104 614 3147 et
649 3100 822 3146 semet
859 3106 1078 3146 carnem
1110 3090 1390 3157 deiﬁcans,
1462 3101 1517 3147 et
1559 3107 1658 3148 nos
1692 3095 1968 3152 unctionis
1999 3111 2130 3151 con-

2159 1848 2207 1909 B

2231 703 2369 771 μεθα
2403 706 2582 772 σῶμα,
2614 705 2708 758 καὶ
2735 707 2963 775 πίνομεν
2992 708 3087 761 τοῦ
3125 710 3356 778 αἵματος
3396 711 3587 778 αὐτοῦ,
3621 715 3792 769 καθά-

2230 813 2333 864 περ
2357 791 2438 860 οἷς
2475 797 2709 867 πρώτοις
2744 801 2771 852 6
2797 801 3075 868 Δεσπότης
3117 801 3214 870 τῆς
3268 804 3422 870 ίερᾶς
3463 806 3792 875 ἐκοινώνησε

2228 887 2530 959 τραπέζης,
2557 889 2652 958 τὴν
2682 891 2884 960 φρίκης
2911 891 3190 960 γέμουσαν
3239 895 3562 964 φιλοτησίαν
3593 900 3794 966 προπίο

2229 999 2355 1034 νων.
2399 982 2550 1033 Ἐπεὶ
2573 983 2680 1050 γὰρ
2720 984 2746 1034 6
2772 984 2933 1046 αὐτὸς
2965 985 3062 1038 καὶ
3096 984 3281 1054 ίίερεύς
3325 987 3443 1039 ἐστι
3482 989 3578 1041 καὶ
3609 988 3797 1043 θυσιαο

2231 1073 2472 1142 στήριον,
2508 1074 2599 1124 καὶ
2627 1073 2788 1126 θυσία
2824 1074 2919 1127 καὶ
2952 1077 3269 1146 προσάγων,
3320 1079 3419 1130 καὶ
3439 1080 3508 1132 δι’
3534 1072 3597 1132 οῦ
3631 1098 3798 1150 προσ-

2229 1162 2352 1230 άγει
2387 1163 2528 1216 καὶὸ
2559 1165 2848 1233 προσάγει,
2874 1167 2985 1229 τοῖς
3019 1168 3341 1238 μυστηρίοις
3375 1170 3592 1235 διεῖλεν,
3621 1173 3797 1224 ἐκεῖνο

2232 1253 2334 1321 μὲν
2364 1255 2441 1326 τῷ
2489 1256 2590 1326 τῆς
2633 1255 2885 1324 εὐλογίας
2919 1259 3090 1329 ἄρτῳ.
3125 1259 3300 1313 ταῦτα
3322 1260 3379 1314 δὲ
3427 1261 3506 1331 τῷ
3542 1263 3696 1332 μύρῳ
3719 1264 3797 1316 δι-

2229 1343 2375 1406 δούς.
2407 1345 2514 1397 Καὶ
2539 1346 2647 1414 γὰρ
2673 1346 3053 1418 θυσιαστήριον
3084 1349 3181 1419 μέν
3202 1353 3349 1404 ἐστιν
3377 1355 3404 1404 6
3443 1353 3659 1423 Σωτὴρ,
3696 1358 3794 1409 καὶ

2233 1433 2374 1488 θύων
2397 1434 2485 1489 διὰ
2507 1436 2566 1487 τὸ
2591 1438 2800 1506 χρίσμα
2817 1453 2832 1468 ’
2864 1440 2924 1490 τό
2952 1456 3011 1491 τε
3039 1439 3148 1511 γὰρ
3180 1441 3565 1513 θυσιαστήριον
3588 1445 3796 1499 ἄνωθεν

2230 1525 2373 1579 οὕτω
2399 1527 2693 1580 καθίστατο
2722 1530 3032 1599 χριόμενον,
3075 1533 3188 1596 τοῖς
3212 1550 3271 1586 τε
3297 1533 3503 1604 ἱερεῦσι
3544 1536 3703 1590 τοῦτο
3729 1533 3798 1607 ἦν
3843 1533 3854 1550 ’

2235 1617 2472 1686 ἱερεῦσιν
2531 1614 2671 1671 εῖναι
2724 1619 2783 1672 τὸ
2816 1622 3055 1690 χριστοτς
3097 1619 3260 1688 εἶναι,
3306 1624 3466 1679 θυσία
3498 1626 3554 1680 δὲ
3579 1627 3668 1680 διὰ
3703 1629 3798 1680 τὸν

2238 1708 2473 1778 σταυρὸν
2494 1712 2586 1765 καὶ
2612 1711 2701 1764 τὸν
2731 1712 2980 1773 θάνατον,
3013 1712 3131 1766 ἀνθ’
3151 1706 3226 1768 ὧν
3257 1715 3397 1785 ὑπὲρ
3417 1716 3518 1787 τῆς
3545 1718 3643 1773 τοῦ
3661 1718 3796 1772 Θεοῦ

2236 1799 2330 1853 καὶ
2366 1800 2574 1870 Πατρὸς
2625 1802 2865 1856 ἀπέθανε
2903 1799 3095 1874 δόξηςθ
3133 1804 3223 1856 τὸν
3247 1803 3475 1859 θάνατον
3501 1807 3558 1860 δὲ
3592 1825 3799 1875 καταγ-

2233 1891 2494 1961 γέλλομεν
2521 1894 2616 1946 καὶ
2643 1895 2742 1962 τὴν
2801 1895 3038 1965 σφαγὴν,
3071 1895 3287 1958 ὁσάκις,
3337 1899 3493 1966 φησὶ,
3519 1900 3611 1952 τὸν
3634 1900 3799 1969 ἄρτον

2231 1984 2419 2036 τοῦτον
2445 1983 2719 2054 ἐσθίομεν.
2755 1987 2876 2040 Ἔτι
2908 1986 2966 2040 δὲ
3005 1986 3175 2058 μύρον
3202 1987 3306 2054 μέν
3336 1991 3485 2042 ἐστιν
3507 1993 3534 2042 6
3560 1991 3796 2060 Χριστὸς

2233 2075 2330 2127 καὶ
2381 2075 2592 2145 χρίσμα
2647 2075 2738 2129 διὰ
2768 2077 2830 2129 τὸ
2864 2077 3088 2148 Πνεῦμα
3139 2079 3200 2130 τὸ
3228 2078 3408 2146 ἅγιον,
3440 2081 3504 2133 δι’
3533 2081 3560 2132 ὃ
3591 2082 3796 2149 δρᾶσαι

2235 2166 2335 2234 μὲν
2387 2168 2455 2218 τὰ
2492 2163 2763 2236 ίερώτατα
2802 2168 3020 2221 πάντων
3049 2169 3144 2221 καὶ
3179 2169 3428 2237 ἁγιάσαι,
3455 2171 3788 2240 ἀγιασθῆναι

2230 2259 2288 2311 δὲ
2312 2258 2402 2310 καὶ
2427 2258 2606 2312 ὁτιοῦν
2639 2258 2833 2312 παθεῖν
2859 2259 3012 2312 οὐδὲν
3043 2255 3180 2330 εἶχε.
3208 2260 3396 2315 Ταῦτα
3413 2263 3470 2314 δὲ
3500 2263 3785 2333 θυσιαστη-

2235 2349 2356 2419 ρίου
2385 2367 2443 2401 τε
2491 2345 2560 2420 ἦν
2595 2352 2692 2404 καὶ
2721 2350 2940 2414 θύοντος
2993 2350 3088 2404 καὶ
3123 2354 3517 2422 προσάγοντος,
3546 2353 3607 2406 ού
3631 2371 3796 2421 προσ-

2233 2441 2504 2508 αγομένου
2539 2442 2634 2494 κα)⁸
2665 2440 2966 2510 θυομένου’
3001 2443 3096 2495 καὶ
3139 2443 3249 2513 γὰρ
3283 2445 3375 2497 καὶ
3404 2445 3466 2497 τὸ
3507 2446 3803 2514 θυσιαστή-
3917 2430 3920 2432 ⁷

2237 2550 2350 2604 ριον
2377 2534 2622 2600 ἁγιάζειν
2647 2534 2892 2603 λέγεται,
2935 2554 2955 2588 ι
2991 2537 3066 2590 Τὸ
3090 2536 3462 2606 θυσιαστήριον
3486 2538 3619 2605 γὰρ,
3640 2539 3801 2608 φησὶ,

2231 2625 2292 2679 τὸ
2323 2623 2553 2696 άγίαξον
2591 2625 2652 2680 τὸ
2703 2626 2899 2698 δῶρον,
2936 2645 2956 2680 ι
2989 2628 3152 2698 ἄρτος
3178 2629 3235 2682 δὲ
3268 2629 3362 2698 τῆς
3401 2629 3600 2698 σαρκὸς
3632 2627 3800 2682 ἕνεκα

2233 2718 2331 2787 τῆς
2362 2719 2716 2790 άγιασθείσης
2744 2720 2841 2774 καὶ
2875 2719 3178 2791 θεωθείσης
3209 2721 3303 2775 καὶ
3331 2721 3495 2791 ἄμφω
3519 2721 3718 2786 ταῦτα,
3739 2724 3805 2774 τό

2231 2823 2290 2860 τε
2351 2809 2559 2880 χρίσμα
2597 2808 2902 2880 δεξαμένης
2954 2815 3051 2864 καὶ
3087 2812 3187 2881 τήν
3233 2812 3469 2883 πληγήν.
3523 2828 3545 2863 ο
3595 2813 3656 2866 '0
3690 2812 3803 2882 γὰρ

2231 2899 2420 2969 ἄρτος,
2474 2901 2661 2970 φησὶν,
2698 2901 2758 2954 ὃν
2789 2901 2900 2969 ἐγὼ
2933 2902 3111 2969 δώσω,
3144 2903 3178 2973 ή
3213 2903 3351 2973 σάρξ
3386 2904 3486 2972 μού
3537 2904 3706 2966 ἐστιν,
3733 2903 3802 2973 ἦν

2233 2993 2344 3060 ἐγὼ
2371 2991 2528 3048 δώσω
2551 3033 2568 3060 ,
2603 3012 2624 3047 δ
2677 2994 2923 3066 δηλονότι
2956 2994 3101 3050 θύων
3155 2996 3294 3066 ὑπὲρ
3322 2996 3426 3065 τῆς
3459 2995 3554 3049 τοῦ
3591 2997 3802 3064 κόσμου

2233 3079 2399 3150 ζωῆς.
2427 3083 2527 3135 Διὰ
2547 3082 2721 3137 ταῦτα
2747 3086 3086 3154 προσάγεται
3111 3087 3212 3156 μὲν
3235 3088 3309 3151 ὼς
3324 3088 3509 3157 ἄρτος,
3531 3089 3804 3158 προσάγει

559 3195 742 3238 sortes
777 3183 1075 3253 accipiens.
1115 3181 1359 3250 Quorum
1392 3191 1576 3255 typum
1625 3183 1795 3242 Jacob
1839 3186 2130 3244 subosten-

2233 3169 2290 3224 δὲ
2318 3171 2392 3236 ὡς
2426 3172 2621 3244 μύρον,
2669 3175 2765 3228 καὶ
2820 3177 3014 3231 ἑαυτὸν
3042 3177 3144 3248 τήν
3197 3180 3379 3250 σάρκα
3434 3180 3644 3242 θεὼσας
3705 3183 3804 3234 καὶ

558 3275 720 3341 dens,
753 3289 878 3328 cum
911 3274 1146 3344 lapidem
1185 3275 1307 3331 oleo
1343 3277 1615 3344 unxisset,
1653 3276 1885 3334 Domino
1917 3279 2134 3334 dedica-

561 3365 640 3419 vit
665 3363 735 3429 ”,
768 3366 818 3419 ei
853 3365 1108 3435 ungendo
1138 3363 1374 3422 otl‘erens
1399 3381 1413 3418 :
1439 3366 1556 3422 sive
1578 3382 1801 3423 carnem
1831 3352 2135 3426 Salvatoris

557 3471 832 3510 summum
863 3456 1190 3526 angularem
1232 3456 1468 3527 lapidem
1509 3459 1820 3522 insinuans,
1862 3471 2134 3528 quatenus

555 3547 855 3603 divinitatis
907 3547 1098 3602 ell'ndit
1153 3559 1493 3618 unguentum
1547 3564 1712 3606 verus
1747 3549 1938 3615 Israel,
1981 3564 2134 3608 mens

557 3653 682 3708 qna‘
712 3639 826 3693 sola
859 3639 1279 3707 novit'Patrem;
1312 3642 1428 3695 sive
1458 3656 1579 3708 nos,
1611 3657 1751 3711 quos
1781 3659 1844 3696 ex
1866 3643 2135 3713 lapidibus

557 3725 817 3779 excitavit
843 3725 985 3781 ﬁlios
1008 3727 1260 3793 Abrahae,
1295 3730 1592 3799 participes
1614 3731 1874 3786 unctione
1900 3732 2134 3788 faciens.

563 3814 802 3884 Spiritus
837 3817 982 3871 enim
1017 3828 1242 3874 sanctus
1271 3835 1435 3889 super
1471 3832 1664 3878 unctos
1694 3822 1924 3890 elfusus,
1951 3834 2006 3880 et
2031 3824 2136 3880 alia

561 3906 740 3974 nobis,
765 3917 823 3962 et
847 3907 1084 3978 Spiritus
1117 3909 1431 3982 adoptionis
1465 3913 1700 3969 Iiliorum
1731 3923 1856 3970 est:
1895 3933 1914 3968 ι
1957 3916 2025 3971 Ει
2055 3926 2138 3972 te-

559 4000 904 4064 stimonium,
942 4002 1142 4071 inquit,
1168 4006 1350 4060 reddit
1377 4007 1593 4076 spiritui
1625 4018 1835 4074 nostro,
1866 4010 2011 4080 quod
2041 4009 2136 4064 [itii

561 4089 651 4143 Dei
692 4105 908 4156 sumus,
941 4094 993 4147 in
1024 4095 1282 4150 cordibus
1311 4099 1515 4154 nostris
1553 4099 1822 4165 clamans,
1845 4101 1996 4156 Abba
2031 4099 2132 4156 Pa-

561 4192 644 4231 ter
673 4179 744 4234 ".
787 4198 806 4232 ι
839 4182 920 4234 Ad
965 4182 1079 4237 haec
1114 4184 1337 4253 prodest
1368 4188 1772 4244 sanctissimum
1800 4197 2136 4260 unguentum

562 4267 873 4325 volentibus
900 4270 954 4324 in
982 4271 1204 4328 Christo
1237 4275 1399 4330 vitam
1435 4277 1675 4349 exigere.

2234 3264 2384 3334 ἡμᾶς
2439 3264 2730 3335 λαμϐάνων
2763 3265 2856 3319 τοῦ
2889 3269 3188 3339 χρίσματος
3229 3275 3542 3336 κοινωνοὺς,
3573 3266 3649 3326 ὧν
3696 3273 3803 3326 Ἰα-

2237 3355 2353 3409 κὼό
2383 3357 2706 3425 ὑποφαίνων
2730 3357 2823 3413 τὸν
2852 3361 3025 3415 τύπον
3074 3361 3241 3432 ὲλαίῳ
3278 3363 3428 3417 λίθον
3449 3365 3674 3434 ἀλείψας
3704 3366 3801 3417 ἀν-

2235 3449 2402 3520 έθηκε
2448 3449 2527 3520 τῷ
2581 3450 2722 3520 Θεῷ,
2757 3452 2932 3523 τούτῳ
2959 3454 3022 3524 δή
3073 3455 3150 3521 τῷ
3178 3460 3362 3525 χρῖσαι
3397 3459 3800 3528 προσαγαγών

2235 3542 2345 3595 εἴτε
2371 3541 2471 3608 τήν
2497 3543 2676 3617 σάρκα
2697 3545 2791 3597 τοῦ
2819 3547 3073 3616 Σωτῆρος
3095 3548 3187 3602 τὸν
3215 3549 3614 3620 ἀκρογωνιαῖον
3635 3554 3805 3605 αἰνιτ-

2234 3631 2459 3702 τόμενος
2501 3632 2666 3700 λίθον,
2703 3629 2736 3708 ἦ
2769 3635 2830 3688 τὸ
2876 3638 2974 3705 τῆς
3030 3638 3286 3707 θεότητος
3334 3642 3530 3712 ὲπέχεε
3571 3643 3744 3712 μύρον
3773 3646 3806 3697 6

2235 3721 2488 3793 ἀληθινὸς
2533 3722 2770 3796 Ἰσραὴλ,
2800 3725 2830 3779 6
2859 3727 2984 3791 νοῦς
3012 3730 3040 3782 6
3072 3729 3237 3800 μόνος
3261 3731 3422 3796 είδὼς
3443 3733 3534 3786 τὸν
3559 3733 3800 3803 Πατέρα,

2237 3816 2346 3868 εἴτε
2377 3818 2550 3886 ήμᾶς,
2583 3816 2677 3881 οὓς
2726 3819 2792 3872 ὲκ
2840 3820 2949 3876 τῶν
2980 3820 3142 3875 λίθων
3180 3822 3348 3887 αὐτὸς
3401 3825 3606 3893 ἐγείρει
3636 3826 3804 3877 τέκνα

2237 3908 2320 3979 τῷ
2349 3909 2606 3980 Ἀϐραὰμ
2636 3909 2714 3982 τῷ
2747 3912 3074 3982 μεταδοῦναι
3104 3914 3198 3966 τοῦ
3228 3915 3556 3984 χρίσματος.
3591 3917 3665 3969 T6
3693 3918 3805 3988 γὰρ

2241 3999 2468 4072 Πνεῦμα
2498 4003 2561 4056 τὸ
2593 4004 2750 4072 ἅγιον
2779 4007 3136 4077 ἐπιχεόμενον
3158 4009 3471 4078 χριομένοις
3490 4011 3559 4064 τά
3581 4027 3644 4064 τε
3667 4011 3808 4066 ἀλλα

2241 4095 2375 4165 ἡμῖν
2409 4098 2506 4150 καὶ
2541 4097 2759 4168 πνεῦμα
2794 4099 3068 4166 υἱοθεσίας
3097 4103 3219 4156 ἐστῖΙ
3258 4105 3353 4158 καὶ
3388 4121 3407 4156 t
3444 4109 3740 4176 μαρτυρεῖ,
3781 4126 3800 4159 ι

2239 4185 2396 4254 φησὶ,
2419 4202 2439 4236 ‹
2463 4185 2542 4256 τῷ
2566 4187 2840 4258 πνεύματι
2871 4190 3050 4260 ήμῶν,
3075 4193 3158 4245 ὅτι
3187 4195 3352 4263 ἐσμὲν
3377 4195 3543 4250 τέκνα
3561 4195 3718 4262 Θεοῦ,
3745 4201 3806 4251 ὲν

2237 4278 2362 4337 ταῖς
2420 4277 2669 4346 καρδίαις
2723 4279 2881 4350 ήμῶν
2938 4284 3174 4353 κράζον·
3221 4285 3390 4339 ’Λὸὁᾶ
3440 4290 3468 4341 ὁ
3526 4290 3736 4360 Πατήρ.
3784 4309 3803 4340 ι

2241 4364 2480 4418 Τοιαῦτα
2514 4367 2703 4436 βοηθεῖ
2723 4368 2786 4421 τὸ
2817 4370 3092 4426 θειότατον
3127 4374 3432 4460 μύροοτθοῖς
3458 4376 3558 4449 ζῇν
3589 4380 3649 4430 ἐν
3667 4380 3811 4447 Χρι-

2243 4457 2354 4529 στῷ
2381 4457 2749 4530 βουλομένοις.

639 4614 683 4645 ⁸³
716 4613 885 4670 lCor.
911 4630 990 4682 xx,
1029 4617 1121 4673 26.
1199 4619 1240 4651 ¹⁸
1277 4620 1462 4678 Matth.
1511 4641 1664 4696 χχιιι,
1699 4629 1785 4686 l9.
1866 4633 1907 4665 "
1944 4629 2105 4691 Joan.

2263 4639 2462 4695 τιὸ-55.
2540 4642 2587 4673 ⁸⁸
2619 4641 2757 4699 Gen.
2789 4661 2982 4715 xxvnt,
3015 4653 3102 4707 l9.
3177 4655 3222 4686 "
3266 4657 3425 4712 Rom.
3456 4670 3578 4723 vnt,
3604 4655 3696 4713 15.
