4132 6308
299 385 399 450 581
1344 387 1439 445 DE
1484 388 1652 444 Vi‘i‘A
1695 387 1769 446 ΙΝ
1813 387 2146 446 CHlilST‘)
2183 386 2328 448 LIB.
2389 386 2483 445 IV-

2522 543 2772 556 H.—

778 701 1171 828 IIEPI
1243 627 1588 826 ΤΗΣ
1666 700 1961 826 EN:

2020 698 2546 826 LPIETQ
2619 693 3062 821 ΖΩΗΣ

1397 941 1760 1027 ΛΟΓΟΣ
1849 941 2434 1026 ΤΕΤΑΡΤΟΣ.

1141 1112 1276 1165 Τίνα
1309 1114 1668 1164 συντέλειαν
1699 1107 1852 1176 αὐτῇ
1887 1107 2137 1162 δίδωσιν
2172 1111 2206 1177 ἡ
2246 1111 2372 1178 ἱερὰ
2399 1109 2696 1162 κοινωνία.

1112 1367 1306 1489 DE
1370 1367 1760 1494 VITA
1839 1366 2001 1487 IN
2062 1361 2754 1489 CHRISTO

1426 1619 1770 1705 LIBER
1849 1615 2438 1723 QUARTUS.

958 1801 1154 1876 Quam
1189 1802 1244 1860 ei
1275 1799 1766 1860 commoditatem
1791 1797 2004 1876 pariat
2056 1805 2458 1857 sacrosancta
2505 1796 2889 1858 Communia.

401 2044 553 2099 Μετὰ
575 2043 592 2050 ”
604 2043 658 2096 δὲ
697 2042 757 2093 τὸ
786 2043 955 2111 μύρον
979 2041 1069 2092 ἐπὶ
1091 2040 1189 2110 τὴν
1212 2040 1488 2113 τράπεζαν
1517 2035 1690 2110 εἶμεν,
1725 2041 1882 2093 τοῦτο
1910 2046 1954 2099 Δ

2073 2037 2203 2092 Ροει
2257 2051 2471 2091 sacram
2506 2035 2818 2090 unctionem
2875 2033 2942 2088 ad
3003 2041 3247 2089 sanetam
3310 2049 3553 2090 mensam

327 2135 423 2203 τῆς
457 2133 601 2200 ζωῆς
629 2132 688 2184 τὺ
731 2133 924 2200 πέρας,
946 2124 1009 2184 οὗ
1064 2131 1374 2198 γενομένοις
1404 2129 1615 2192 οὐδενὸς
1639 2130 1742 2200 ἤδη
1769 2130 1892 2197 δεή-

2020 2130 2393 2199 ινοεεεαίιηυιε,
2425 2141 2546 2196 qua)
2581 2128 2704 2182 vita:
2736 2126 2920 2195 hujus,
2943 2125 3010 2181 de
3036 2141 3142 2196 qua
3169 2125 3402 2196 agimus,
3434 2126 3556 2180 finis

333 2240 414 2274 σει
451 2224 584 2289 πρὸς
612 2220 711 2288 τὴν
763 2220 1099 2288 ζητουμένην
1150 2219 1512 2288 εὐδαιμονίαν.
1547 2220 1742 2272 Οὐκέτι
1787 2219 1896 2288 γὰρ

2020 2235 2055 2274 ιε
2084 2227 2222 2272 meta
2273 2227 2406 2283 est;
2465 2233 2627 2286 quam
2676 2233 2804 2270 eum
2859 2217 3220 2282 attigerimus,
3271 2217 3402 2271 nihil
3443 2219 3555 2287 jam

331 2313 558 2366 θάνατον
593 2315 682 2363 καὶ
715 2312 882 2378 τάφον
913 2311 1009 2363 καὶ
1057 2309 1202 2377 ζωῆς
1253 2311 1536 2379 ἀμείνονος
1591 2309 1893 2374 κοινωνίαν,

332 2404 446 2456 ἀλλ’
475 2403 636 2456 αὐτὸν
656 2400 902 2454 ἐντεῦθεν
937 2399 1272 2470 κομιζόμεθα
1300 2399 1413 2468 τὸν⁴
1445 2399 1772 2465 ἀναστάντα,
1804 2399 1897 2452 οὐ*

333 2492 390 2544 δὲ
418 2491 525 2544 τῶν
557 2489 652 2543 τοῦ
689 2489 1004 2559 Πνεύματος
1037 2489 1244 2560 δώρων,
1289 2490 1390 2542 ὅσα
1431 2488 1612 2542 λαδεῖν
1662 2487 1896 2554 ἔξεστιν,

334 2585 448 2638 ἀλλ’
485 2583 645 2636 αὐτδν
669 2583 761 2635 τδν
792 2582 1109 2650 εὐεργέτην,
1138 2581 1230 2633 τὸν
1263 2581 1402 2633 νεὼν
1450 2581 1632 2642 αὐτὸν,
1662 2575 1706 2648 ᾧ
1731 2584 1837 2644 πᾶς
1871 2583 1900 2653 ὁ

337 2673 445 2726 τῶν
465 2673 704 2741 χαρίτων
733 2670 940 2738 ἵδρυται
969 2668 1188 2731 κύκλος.
1220 2669 1377 2721 Ἔστι
1409 2669 1506 2737 μὲν
1527 2669 1634 2738 γὰρ
1663 2670 1746 2736 ἐφ’
1773 2670 1902 2723 ἑκά.

341 2781 453 2831 στῳ
493 2761 601 2816 τῶν
632 2759 964 2831 μυστηρίων,
999 2761 1096 2812 καὶ
1123 2757 1309 2814 τοῦτον
1338 2758 1498 2812 αὐτὸν
1547 2761 1639 2812 καὶ
1676 2761 1899 2830 χριόμε-

343 2852 414 2905 θα
447 2851 541 2904 καὶ
571 2847 835 2920 λοῦμεθα,
867 2851 961 2902 καὶ
988 2842 1143 2912 οὗτος
1172 2850 1301 2918 ἡμῖν
1333 2849 1393 2902 τὸ
1421 2850 1630 2902 δεῖπνον
1651 2867 1666 2884 ο
1688 2851 1901 2905 σύνεστι

345 2943 402 2997 δὲ
430 2945 540 3004 τοῖς
569 2943 934 3010 τελουμένοις,
964 2941 1056 2994 καὶ
1081 2943 1186 2996 τῶν
1217 2941 1382 2994 αὐτοῦ
1438 2943 1806 3011 μεταδίδωσιν,
1841 2944 1902 2998 οὐ

345 3034 436 3086 τὸν
462 3034 622 3086 αὐτὸν
653 3034 710 3086 ἐν
733 3032 905 3087 ἅπασι
954 3035 1174 3104 τρόπον,
1198 3033 1334 3088 ἀλλὰ
1367 3034 1536 3088 λούων
1561 3035 1661 3103 μὲν
1709 3042 1905 3099 κακίας

345 3126 442 3178 τὸν
471 3124 640 3194 πηλὸν
666 3123 996 3180 ἀπαλλάττει
1057 3125 1149 3180 καὶ
1211 3127 1310 3196 τὴν
1363 3125 1576 3196 μορφὴν
1634 3127 1905 3197 ἐντίθησιν

346 3217 496 3287 αὐτῷ
525 3219 624 3288 τὴν
653 3217 838 3282 αὐτοῦ,
873 3217 1042 3287 χρίων
1067 3217 1124 3269 δὲ
1151 3217 1371 3287 ἐνεργὸν
1401 3219 1634 3271 ποιεῖται
1685 3219 1784 3282 τὰς
1811 3219 1904 3272 τοῦ

349 3311 664 3380 Πνεύματος
689 3310 987 3379 ἐνεργείας,
1022 3305 1098 3362 ὧν
1127 3309 1288 3371 αὐτὸς
1311 3310 1528 3376 ἐγένετο
1557 3311 1654 3379 τῆς
1709 3312 1908 3382 σαρκὸς

1997 2310 2154 2365 nobis
2183 2309 2249 2362 ad
2279 2306 2563 2376 quaesitam
2604 2315 2656 2359 et
2699 2314 2938 2373 Optatam
2997 2305 3310 2360 felicitatem
3363 2307 3555 2360 deerit.

1997 2401 2113 2455 Non
2146 2398 2382 2468 amplius
2405 2399 2602 2466 quippe
2627 2405 2880 2460 mortem,
2913 2404 2965 2450 et
2995 2395 3331 2464 sepulcrum.
3365 2406 3419 2450 ct
3447 2412 3561 2451 me-

1997 2488 2149 2544 lioris
2180 2489 2302 2542 vita:
2329 2485 2803 2547 communitatem,
2855 2484 2950 2538 sed
2988 2483 3170 2552 ipsum
3221 2483 3316 2552 qui
3377 2498 3560 2537 resur-

1999 2581 2171 2646 rexit;
2197 2594 2370 2649 neque
2390 2578 2655 2632 donorum
2682 2575 2914 2646 Spiritus
2939 2584 3197 2646 quantum
3223 2577 3339 2647 capi
3367 2585 3564 2646 potest,

1999 2673 2092 2727 sed
2124 2672 2300 2737 ipsum
2339 2669 2767 2734 benefactorem,
2822 2671 3082 2739 templum
3117 2670 3320 2739 ipsum,
3368 2672 3421 2724 in
3452 2686 3564 2740 quo
3601 2729 3610 2738 ,

2004 2772 2149 2817 totus
2197 2762 2496 2832 gratiarum
2555 2761 2706 2816 orbis
2746 2761 2885 2816 situs
2909 2771 3014 2828 est,
3068 2761 3194 2817 inde
3243 2763 3565 2833 accipimus.

2004 2855 2096 2909 Est
2122 2855 2266 2908 enim
2300 2853 2352 2907 in
2383 2869 2710 2923 unoquoque
2737 2855 3013 2923 mysterio,
3037 2864 3090 2909 et
3125 2855 3176 2908 in
3204 2856 3343 2909 hunc
3363 2856 3565 2925 ipsum,

2005 2955 2066 3001 ut
2103 2947 2177 3001 ita
2220 2948 2421 3012 dicam,
2456 2948 2710 3014 ungimur
2759 2955 2816 3003 et
2858 2946 3132 3001 abluimur
3167 2963 3181 3000 :
3224 2962 3344 3010 seu,
3387 2947 3572 3000 unctio

2004 3046 2058 3092 et
2082 3037 2288 3092 ablutio
2313 3046 2501 3092 nostra
2536 3038 2652 3106 ipse
2683 3045 2786 3103 est,
2819 3045 2870 3090 et
2903 3036 3045 3091 idem
3088 3037 3203 3106 ipse
3234 3036 3392 3091 nobis
3415 3050 3571 3092 ctena

2006 3139 2114 3186 est.
2148 3129 2315 3184 Adest
2347 3139 2528 3184 autem
2561 3130 2645 3183 his
2672 3129 2764 3197 qui
2801 3129 3113 3192 initiantur,
3150 3144 3358 3198 suaque
3394 3129 3446 3183 in
3476 3143 3573 3183 eos

2018 3222 2129 3276 illis
2176 3235 2403 3275 munera
2451 3219 2689 3285 confert;
2732 3233 2839 3272 non
2892 3235 3024 3272 sane
3073 3221 3258 3274 eodem
3301 3221 3466 3274 modo
3516 3220 3571 3274 in

2011 3326 2228 3376 onines,
2262 3311 2354 3364 sed
2384 3310 2610 3362 abluens
2635 3308 2806 3361 lutum
2843 3308 3099 3362 vitiorum
3131 3309 3291 3374 tollit,
3325 3324 3378 3363 et
3413 3310 3572 3363 ablu-

349 3401 510 3454 ἕνεκα
539 3400 831 3470 θησαυρός.
870 3400 1118 3473 Ἐπειδὰν
1143 3400 1200 3454 δὲ
1223 3402 1316 3454 ἐπὶ
1342 3401 1438 3471 τὴν
1467 3402 1745 3472 τράπεζαν
1771 3405 1904 3472 ἀγά-
1935 3389 1961 3450 Ῑ

2020 3414 2066 3456 to
2113 3402 2341 3455 formam
2399 3415 2554 3456 suam
2589 3400 2838 3471 imponit;
2880 3415 3090 3472 ungcns
3139 3402 3418 3463 nutem,in
3449 3418 3576 3472 ope-

352 3510 426 3564 γη
450 3492 545 3546 καὶ
592 3493 669 3562 δῷ
703 3494 896 3562 φαγεῖν
941 3491 1036 3545 τοῦ
1091 3491 1363 3562 σώματος,
1405 3493 1524 3547 ὅλον
1575 3495 1790 3563 ἀμείῦει
1823 3495 1914 3549 τὸν

351 3584 672 3639 τελεσθέντα
699 3585 794 3637 καὶ
826 3583 965 3654 πρὸς
995 3583 1094 3654 τὴν
1123 3583 1330 3637 οἰκείαν
1383 3585 1736 3655 μετατίθησιν
1779 3586 1914 3652 ἕξιν,

355 3678 447 3729 καὶ
473 3675 691 3746 ὁπηλδς
723 3675 906 3728 οὐκέτι
947 3674 1136 3746 πηλὸς,
1194 3677 1256 3729 τὸ
1304 3675 1581 3744 βασιλικὸν
1630 3677 1918 3747 δεχόμενος

356 3763 516 3831 εἶδος,
547 3766 662 3820 ἀλλ’
714 3767 876 3830 αὐτὸς
907 3767 1009 3839 ήδη
1043 3766 1200 3837 σῶμα
1259 3765 1354 3820 τοῦ
1389 3767 1674 3836 βασιλέως,
1728 3770 1917 3823 τούτου

361 3857 771 3928 μακαριώτερον
822 3858 943 3911 οὐδὲ
1002 3857 1148 3912 ἐστιν
1199 3859 1592 3930 ἐνθυμηθῆναι.
1641 3863 1737 3915 Διὰ
1793 3863 1918 3915 τοῦς

359 3965 420 4001 το
443 3950 536 4003 καὶ
567 3949 876 4004 τελευταῖον
901 3949 962 4002 τὸ
1013 3950 1327 4020 μυστήριον,
1349 3951 1432 4004 ὅτι
1461 3953 1768 4020 περαιτέρω
1790 3971 1922 4022 προ⁹

359 4041 533 4095 ελθεῖν
567 4041 668 4094 οὐκ
699 4040 846 4094 ἐστιν
873 4041 994 4094 οὐδὲ
1027 4040 1345 4110 προσθεῖναι
1370 4058 1384 4071 ⁸
1413 4041 1474 4096 τὸ
1519 4042 1618 4112 μὲν
1641 4045 1748 4114 γὰρ
1774 4045 1926 4114 πρῶ-

361 4149 452 4184 τον
483 4130 640 4200 δῆλόν
672 4131 788 4184 ἐστι
815 4130 909 4183 τοῦ
937 4129 1102 4201 μέσον
1132 4131 1386 4200 δεόμενον
1410 4132 1502 4186 καὶ
1532 4132 1689 4187 τοῦτο
1714 4135 1808 4188 τοῦ
1841 4153 1929 4188 τε-

361 4222 633 4276 λευταίου.
666 4223 818 4276 Μετὰ
856 4221 913 4274 δὲ
939 4222 1035 4291 τὴν
1073 4223 1422 4291 εὐχαριστιαν
1485 4223 1585 4276 οὐκ
1639 4224 1784 4278 ἔστιν
1838 4231 1924 4298 ἐφ’

362 4313 392 4366 δ
416 4312 719 4385 χωροῦμεν,
750 4312 867 4364 ἀλλ’
896 4313 1127 4367 ἐνταῦθα
1153 4315 1233 4367 δεῖ
1265 4316 1496 4378 στάντας
1529 4321 1710 4373 ὲκεῖνα
1740 4324 1931 4393 πειρᾶ-

366 4407 492 4460 σθαι
535 4409 780 4470 σκοπεῖν,
813 4405 882 4460 δι’
913 4400 988 4460 ὧν
1039 4406 1106 4462 ἂν
1156 4408 1366 4475 γένοιτο
1411 4409 1581 4466 σῶσαι
1611 4412 1702 4467 διὰ
1746 4416 1932 4480 τέλους

365 4497 456 4549 τὸν
492 4497 786 4566 θησαυρόν.
821 4497 932 4549 Καὶ
954 4499 1137 4550 τοίνυν
1163 4499 1600 4570 βαπτισαμένους
1631 4505 1690 4556 τὸ
1725 4506 1931 4575 μυστή-

373 4603 485 4656 ριον
514 4587 614 4656 μὲν
645 4587 711 4640 τὰ
737 4588 903 4641 αὐτοῦ
944 4589 1091 4657 ἡμᾶς
1123 4590 1418 4658 εἰργάσατο
1443 4593 1619 4646 πάντα
1639 4611 1656 4626 ο
1683 4597 1845 4664 ἡμεῖς
1877 4595 1934 4647 δὲ

368 4678 587 4740 τελείως
627 4677 706 4729 ἔτι
734 4678 925 4747 δέομεν
970 4678 1133 4747 ἔχειν.
1159 4681 1324 4733 Οὔπω
1357 4682 1464 4750 γὰρ
1516 4684 1583 4736 τὰ
1631 4683 1781 4754 δῶρα
1835 4687 1929 4740 τοῦ

371 4768 524 4836 ἁγίου
549 4769 884 4834 Πνεῦματος,
917 4768 954 4822 ἃ.
985 4769 1077 4822 τοῦ
1104 4771 1381 4839 παναγοῦς
1413 4773 1702 4844 ἐξήρτηται
1731 4775 1924 4846 μύρου.

370 4857 493 4918 Τοῖς
522 4857 631 4926 γὰρ
667 4857 772 4909 ὑπὸ
802 4857 894 4909 τοῦ
925 4857 1189 4912 Φιλίππου
1214 4858 1638 4930 βαπτισαμένοις
1665 4864 1726 4917 οὐ
1757 4881 1927 4933 προσ⁶

372 4948 439 5017 ἧν
474 4947 683 5001 οὐδέπω
708 4948 767 5002 τὸ
791 4948 1012 5016 Πνεῦμα
1049 4949 1110 5002 τὸ
1140 4949 1296 5017 ἅγιον
1342 4951 1449 5006 τῶν
1498 4953 1735 5023 χαρίτων
1771 4956 1932 5009 ἕνεκα

372 5035 601 5101 τούτων,
629 5036 746 5089 ἀλλ’
778 5038 998 5107 ἐδέησεν
1029 5037 1173 5108 ὑπὲρ
1210 5039 1398 5094 τούτου
1420 5041 1530 5094 τῶν
1569 5042 1815 5098 Ἰωάννου
1841 5047 1934 5098 καὶ

376 5126 582 5196 Πέτρου
606 5130 803 5197 χειρῶν
823 5167 840 5184 .
877 5147 896 5181 ι
924 5127 1093 5183 Οὔπω
1129 5130 1238 5198 γὰρ
1277 5127 1368 5201 ἦν,
1417 5135 1604 5203 φησὶν.
1637 5137 1725 5188 ἐπ’
1758 5137 1934 5190 οὐδενὶ

377 5217 557 5269 αὐτῶν
586 5218 992 5286 ἔπιπεπτωκὸς,
1019 5217 1178 5289 μόνον
1203 5219 1260 5274 δὲ
1313 5221 1733 5292 βεϐαπτισμένοι
1797 5221 1937 5296 ἦσαν

377 5309 454 5370 είς
488 5309 548 5360 τὸ
574 5309 745 5377 δνομα
766 5310 858 5362 τοῦ
890 5310 1095 5379 Κυρίου
1139 5311 1338 5382 Ἰησοῦ.
1361 5314 1493 5368 Τότε
1525 5316 1809 5370 ἰπετίθουν
1834 5319 1937 5380 τὰς

377 5403 563 5470 χεῖρας
598 5400 684 5451 ἐπ’
717 5401 916 5463 αὐτοὺς
954 5404 1049 5456 καὶ
1081 5403 1386 5482 ὲλάμξανον
1433 5406 1654 5476 Πνεῦμα
1697 5408 1875 5476 ἅγιον.
1915 5427 1935 5459 ι

2015 3491 2167 3546 ribus
2204 3488 2453 3564 .Spiritus
2504 3489 2676 3544 sancti
2709 3499 2994 3546 actuosum
3022 3506 3086 3546 ac
3121 3499 3403 3546 strenuum
3427 3490 3578 3556 facit,

2016 3597 2249 3652 quorum
2287 3583 2402 3651 ipse
2431 3593 2651 3650 prapter
2679 3595 2897 3636 carnem
2948 3582 3123 3636 factus
3149 3590 3232 3638 est
3266 3582 3582 3636 thesaurus.

2018 3672 2313 3742 l’OSLquam
2352 3686 2480 3726 vero
2527 3672 2798 3738 lnitiatum
2869 3671 2938 3727 ad
2976 3687 3242 3736 mensam,
3279 3673 3346 3727 ad
3381 3687 3582 3742 corpo-

2019 3766 2096 3819 ris
2129 3762 2382 3817 videlicet
2409 3764 2492 3818 sui
2525 3763 2665 3816 dona
2701 3763 3033 3817 comedenda
3065 3761 3377 3827 adduxerit,
3410 3771 3581 3816 totum

2022 3853 2296 3916 immutat,
2323 3859 2380 3906 ει
2411 3852 2469 3906 in
2498 3852 2748 3907 habitum
2790 3867 2950 3907 suum
2991 3852 3279 3918 transfert,
3310 3869 3374 3906 ac
3406 3854 3580 3906 lutum

2022 3943 2090 3998 de
2121 3951 2319 3996 extero
2350 3957 2458 3996 non
2494 3943 2668 3996 lutum
2718 3943 2907 4012 (regali
2942 3941 3197 3996 nimirum
3255 3943 3426 4011 chigie
3461 3958 3584 3996 sus-

2023 4033 2224 4101 cepta),
2282 4031 2378 4100 sed
2415 4033 2527 4101 jam
2568 4032 2743 4101 ipsius
2773 4031 2917 4102 regis
2943 4045 3142 4099 corpus
3168 4041 3270 4098 est,
3305 4049 3412 4101 quo
3454 4033 3585 4086 ben-

2028 4125 2136 4180 tius
2167 4126 2397 4194 c0gitari
2448 4124 2584 4178 nihil
2624 4129 2823 4193 potest.
2875 4123 3244 4188 Quamobrem
3285 4134 3340 4178 et
3386 4132 3588 4194 myste-

2028 4216 2236 4271 riorum
2267 4224 2570 4271 extremum
2612 4223 2718 4277 est,
2759 4214 3024 4284 quoniam
3075 4214 3216 4266 ultra
3254 4229 3359 4268 non
3408 4230 3591 4283 procc-

2030 4311 2220 4363 ditur:
2279 4323 2380 4363 nec
2430 4300 2628 4377 apponi
2674 4309 2971 4377 quidquam
3025 4316 3220 4377 potest.
3247 4307 3466 4363 Clarum
3508 4320 3590 4364 est

2031 4402 2198 4463 enim,
2237 4399 2474 4468 primum
2509 4413 2666 4467 egere
2710 4399 2911 4463 medio,
2941 4407 2996 4453 et
3028 4399 3154 4465 hoc,
3204 4407 3468 4454 extremo.
3523 4400 3593 4452 At

2033 4505 2160 4545 vero
2187 4500 2307 4558 post
2337 4488 2742 4544 Eucharistiam
2777 4489 2924 4542 haud
2978 4499 3226 4556 superest
3271 4505 3379 4558 quo
3411 4491 3595 4543 tenda-

2038 4597 2160 4635 mus
2182 4621 2198 4648 ,
2229 4596 2422 4635 verum
2456 4581 2542 4634 hic
2575 4581 2959 4643 consistentes,
2993 4581 3080 4634 illa
3111 4579 3385 4649 dispicere
3428 4595 3593 4649 Opur-

2037 4684 2133 4737 tet,
2178 4689 2273 4744 per
2294 4688 2414 4743 quae
2447 4673 2764 4727 thesaurum
2788 4673 2852 4725 ad
2881 4673 3039 4728 linem
3073 4687 3245 4740 usque
3271 4687 3600 4734 conservare

1983 4761 2002 4781 ⁴
2037 4766 2336 4836 possimus.
2392 4763 2692 4834 Baptizatis
2743 4765 2907 4834 igitur
2978 4766 3134 4819 nobis
3191 4776 3599 4830 sacramentum

2039 4859 2170 4913 illud
2207 4872 2330 4928 quae
2359 4857 2521 4912 debet
2551 4866 2771 4926 praestat
2804 4858 2988 4910 omnia
3042 4874 3057 4910 :
3092 4872 3194 4911 nos
3239 4865 3418 4912 tamen
3473 4873 3594 4924 per-

2040 4949 2169 5005 fecti
2205 4950 2446 5004 nondum
2479 4963 2692 5004 sumus.
2724 4949 2975 5003 Nondum
3007 4949 3205 5016 quippe
3249 4947 3389 5002 dona
3421 4949 3593 5003 sancti

2036 5039 2276 5108 Spiritus
2308 5040 2601 5101 habemus.
2637 5054 2758 5108 quae
2810 5053 2839 5090 ε
2893 5037 3265 5092 sacratissimo
3321 5051 3600 5108 unguento

2038 5133 2292 5201 pendent.
2311 5130 2357 5184 A
2377 5129 2625 5200 Philippo
2649 5131 2794 5184 enim
2820 5128 3126 5198 baptizatis,
3151 5139 3371 5198 propter
3392 5130 3601 5186 benefi-

2037 5224 2182 5278 cium
2217 5225 2361 5277 istue
2383 5222 2622 5276 nondum
2642 5219 2874 5289 Spiritus
2898 5230 3120 5274 sanctus
3141 5223 3479 5290 contigerat;
3509 5223 3608 5276 sed.

2040 5313 2263 5382 insuper
2291 5313 2438 5367 Petri
2472 5321 2524 5366 et
2552 5311 2778 5366 Joannis
2803 5311 3056 5366 manibus
3078 5327 3216 5381 opus
3255 5326 3397 5369 erat.
3427 5312 3610 5366 «Non-

2036 5406 2164 5460 dum
2199 5405 2371 5470 enim,
2404 5403 2600 5472 inquit,
2629 5401 2873 5470 Spiritus
2888 5411 3107 5457 sanctus
3154 5405 3212 5458 in
3265 5417 3600 5472 quemquam

381 5493 491 5544 Καὶ
519 5492 708 5544 τούτου
736 5491 794 5544 δὲ
821 5491 1073 5561 τυχόντες
1102 5495 1198 5548 καὶ
1227 5497 1326 5566 τῆς
1353 5497 1576 5567 τελετῆς
1595 5499 1696 5567 τὴν
1746 5499 1945 5570 ἑαυτῆς

2040 5512 2232 5553 eorum
2263 5503 2503 5558 venerat,
2531 5493 2624 5547 sed
2655 5492 2909 5562 baptiznti
2937 5503 3152 5548 tantum
3198 5505 3352 5550 erant
3399 5495 3457 5546 in
3493 5509 3599 5546 nos

381 5583 611 5654 δύναμιν
643 5584 700 5635 ὲν
756 5585 887 5652 ἡμῖν
938 5584 1374 5657 ἐπιδειξαμένης,
1407 5589 1504 5657 τὴν
1537 5590 1634 5659 μὲν
1696 5590 1942 5643 δοθεῖσαν

384 5677 577 5744 ἔχομεν
601 5677 780 5746 χάριν,
811 5675 978 5729 τᾶλλα
1006 5677 1059 5730 δὲ
1088 5678 1149 5730 οὐ
1182 5680 1319 5732 πάνυ
1352 5681 1670 5750 conmissa:
1728 5683 1938 5752 ἀνάγκη

455 5794 499 5823 ²¹
538 5792 664 5846 Act.
691 5805 808 5856 vm,
851 5790 1028 5846 46-17.

2049 5590 2194 5642 mine
2227 5586 2436 5642 Domini
2462 5583 2613 5640 Jesu.
2646 5582 2801 5639 Tunc
2827 5586 3178 5655 imponebant
3217 5599 3605 5647 manussuper

2050 5683 2191 5745 illos,
2212 5678 2605 5746 etaceipiebant
2624 5675 2880 5744 Spiritum
2909 5677 3236 5731 sani-tum".
3265 5695 3284 5725 ι
3310 5675 3390 5727 Eo
3409 5675 3612 5743 advpmi
