4132 6308
591 389 623 448 5
637 388 706 446 8Ἱ

1837 390 2141 450 NICOLH
2189 331 2576 458 CABASIL

3751 398 3845 461 5%

590 512 644 556 et
681 500 991 557 initiatione
1044 515 1199 555 suam
1250 502 1304 555 in
1362 502 1515 555 nobis
1571 487 1822 557 virtutem
1871 512 2166 558 cxscrente.

2283 503 2358 572 τῷ
2396 505 2676 574 εὐεργέτῃ,
2702 503 2813 557 ἀλλ’
2838 505 3094 558 ἀδύνατον
3125 506 3278 559 οὐδέν
3299 523 3311 538 ⁶
3351 507 3496 560 ἔστιν
3531 503 3610 562 ὧν
3660 511 3752 564 καὶ
3777 513 3846 566 δίο

593 591 826 660 gratiam
896 589 1113 660 quidem
1177 591 1357 642 datam
1415 601 1682 654 trneans,
1729 599 1927 646 caetera
1987 604 2168 647 autem

593 682 839 751 prmstari
867 697 895 735 a
922 682 1263 736 benefactore
1296 697 1401 736 non
1461 683 1751 736 admodum
1809 700 2034 740 necesse
2067 697 2168 740 est.

595 774 742 828 Fieri
774 774 918 827 enim
962 782 1160 840 potest,
1195 789 1296 827 nos
1327 776 1690 842 quorumdam
1721 790 1911 844 paruas
1939 777 2167 842 debere;

596 880 697 918 nec
734 866 982 932 prohibet
1018 865 1341 934 quidquam,
1376 876 1422 918 ct
1467 867 1590 919 data
1642 882 1741 920 nos
1793 881 2169 934 corrumpere,

594 967 647 1012 et
681 957 839 1012 otlicii
873 971 1132 1010 numeros
1161 971 1267 1009 non
1302 957 1538 1024 exalet-«3.

665 1048 836 1117 Cujus
870 1048 941 1100 rei
976 1047 1128 1100 multi
1158 1055 1285 1102 sunt
1315 1057 1505 1112 testes,
1557 1061 1611 1102 et
1637 1049 1939 1106 Corinthiis
1967 1053 2018 1106 id
2045 1069 2174 1122 apo-

597 1141 756 1194 stol‘s
785 1139 1078 1193 etiamnum
1108 1139 1506 1200 vi-vis,accidit.
1540 1139 1673 1192 Nam
1706 1157 1768 1194 ex
1808 1143 1889 1195 his
1921 1143 2012 1213 qui
2044 1144 2168 1211 Spi-

602 1233 709 1284 ritu
767 1241 920 1284 erant
971 1229 1133 1298 pleni,
1185 1230 1276 1298 qui
1355 1231 1778 1299 prophciabant,
1827 1235 1918 1302 qui
1969 1235 2170 1302 linguis

601 1322 988 1390 loquebantur,
1043 1320 1274 1389 aliisque
1307 1323 1646 1377 ornamentis
1680 1325 1956 1390 conspicui
1989 1337 2168 1388 erant,

599 1421 810 1465 tantum
848 1420 1028 1464 tamen
1061 1411 1272 1471 aberat,
1311 1421 1370 1462 ut
1417 1427 1647 1480 prorsus
1694 1413 1861 1465 divini
1905 1423 1960 1467 et
2012 1416 2171 1483 spiti-

595 1506 734 1558 tales
760 1511 964 1566 essent,
997 1512 1053 1553 nt
1088 1501 1312 1560 invidia,
1345 1502 1642 1555 ambitione
1669 1503 2000 1571 importuna,
2039 1522 2170 1558 ron-

599 1598 862 1654 tcntinne.
897 1602 951 1646 et
975 1592 1352 1660 hujuscemodi
1395 1593 1540 1647 vitiis
1575 1593 1907 1648 laborarent.
1944 1595 2008 1649 Et
2051 1597 2165 1649 lucc

594 1686 703 1740 illis
729 1683 1068 1752 exprobrans
1102 1681 1325 1746 Paulus,
1367 1701 1385 1734 ι
1423 1684 1614 1737 Adhuc
1667 1685 1935 1749 carnales,
1976 1687 2169 1754 inquit,

2275 613 2377 658 κας
2407 597 2664 664 ὀφείλειν,
2695 600 2790 650 καὶ
2815 597 2966 650 οὐδὲν
2994 598 3193 651 κωλύει
3247 599 3307 650 τό
3339 617 3397 650 τε
3435 602 3738 672 μυστήριον
3766 620 3846 655 τε·

2274 687 2528 755 λεσθῆναι
2577 688 2670 740 καὶ
2700 689 2765 740 τὰ
2812 687 3035 742 δοθέντα
3091 691 3166 758 μὴ
3217 688 3528 760 διαφθεῖραι
3593 693 3688 745 καὶ
3747 693 3848 747 τῶν

2274 779 2501 833 δεόντων
2536 780 2800 843 ἐλλειπεῖς
2837 777 2996 836 εἶναι.

2347 1038 2560 1092 Τούτων
2585 1037 2772 1090 πολλοὶ
2810 1040 3114 1109 μάρτυρες,
3157 1043 3251 1094 καὶ
3293 1043 3600 1110 Κορινθίοις
3653 1044 3707 1098 δὲ
3761 1049 3847 1100 ἔτι

2271 1129 2377 1180 τῶν
2400 1129 2712 1181 ἀποστόλων
2742 1130 2938 1200 συνέϐη
2963 1146 2976 1160 ·
3009 1130 3118 1183 τῶν
3151 1132 3258 1201 γὰρ
3287 1132 3379 1184 τοῦ
3416 1133 3732 1199 Πνεύματος
3753 1138 3842 1200 γέ-

2275 1237 2464 1288 μοντες
2492 1223 2582 1272 καὶ
2617 1221 3077 1289 προφητεύοντες,
3115 1225 3204 1274 καὶ
3245 1222 3518 1289 γλώσσαις
3540 1223 3842 1288 λαλοῦντες,

2274 1313 2371 1364 καὶ
2395 1313 2564 1365 τᾶλλα
2595 1313 3031 1378 ἐπιδεικνύμενοι
3064 1314 3313 1368 τοσοῦτον
3367 1317 3593 1386 ἀπεῖχον
3635 1319 3841 1387 ἀμέλει,

2273 1403 2430 1466 θείως
2483 1403 2738 1468 καθάπαξ
2798 1405 2888 1456 καὶ
2926 1407 3315 1472 πνευματικῶς
3367 1407 3530 1474 ἔχειν,
3573 1408 3714 1462 ὥστε
3773 1410 3842 1481 μὴ

2274 1496 2460 1567 πόρρω
2495 1495 2796 1566 βασκανίας
2837 1498 2928 1549 καὶ
2957 1498 3265 1567 φιλοτιμίας
3321 1500 3554 1570 ἀκαίρου
3596 1502 3692 1555 καὶ
3734 1503 3840 1572 ἔρι-

2270 1587 2359 1648 δος
2409 1588 2502 1640 καὶ
2543 1587 2653 1640 τῶν
2702 1588 2958 1640 τοιούτων
3010 1589 3231 1641 ἑστάναι
3286 1592 3491 1644 κακῶν.
3540 1592 3649 1647 Καὶ
3676 1593 3839 1646 ταῦτα

2271 1681 2454 1742 αὐτοῖς
2485 1681 2776 1750 προφέρων
2818 1685 2844 1733 ὁ
2881 1681 3112 1746 Παῦλος,
3145 1701 3162 1732 ι
3192 1683 3474 1752 Σαρκικοὶ,
3509 1687 3698 1755 φησὶν,
3730 1687 3843 1740 ἐστὶ

594 1776 750 1838 esus,
814 1783 868 1829 et
927 1774 1227 1827 secundum
1264 1773 1538 1828 hominem
1601 1775 1893 1829 ambulatis
1943 1778 2041 1831 ⁸³.»
2080 1779 2166 1830 Λι-

2281 1773 2374 1822 καλ.
2405 1775 2545 1824 κατὰ
2574 1772 2862 1840 ἄνθρωπον
2911 1776 3260 1842 περιπατεῖτε
3283 1791 3296 1804 ο
3335 1793 3351 1824 ι
3388 1775 3566 1827 καίτοι
3603 1794 3843 1847 πνευμαο

593 1867 688 1934 qui
722 1865 1036 1933 spirituales
1058 1876 1233 1927 erant,
1265 1865 1408 1932 quod
1437 1866 1504 1918 ad
1536 1877 1740 1936 partem
1771 1869 2010 1938 aliquam
2042 1887 2163 1940 gra-

596 1959 795 2011 tiarum
835 1958 1076 2022 attinet;
1108 1957 1201 2010 sed
1236 1957 1339 2011 hoc
1370 1957 1449 2013 eis
1489 1960 1555 2012 ad
1601 1974 1816 2013 omnem
1867 1961 2163 2029 nequitiam

594 2067 658 2104 ex
689 2051 871 2104 anima
903 2048 1227 2118 ejiciendam
1261 2051 1485 2109 minime
1523 2050 1842 2106 suﬂiciebat.
1871 2052 1927 2105 ln
1958 2053 2169 2107 Eucha-

595 2143 748 2196 ristia
797 2155 925 2196 vero
955 2141 1062 2195 tale
1113 2140 1249 2193 nihil
1286 2150 1388 2194 est.
1446 2142 1502 2195 In
1560 2142 1759 2210 quibus
1817 2144 1982 2197 enim-
2014 2145 2167 2212 panis

597 2233 718 2284 vita:
748 2247 811 2284 ea
855 2239 1115 2298 operatus
1144 2238 1246 2295 est,
1286 2245 1381 2297 per
1419 2246 1540 2300 quae
1587 2241 1816 2285 mortem
1867 2233 2165 2298 cvitarnnt,

596 2332 650 2376 et
677 2336 851 2390 neque
872 2331 1149 2376 etenantes
1174 2321 1280 2374 ullo
1307 2322 1509 2375 scelere
1537 2322 1784 2377 obstricti
1813 2333 1961 2387 sunt,
1993 2341 2168 2394 neque

597 2415 764 2469 ullum
784 2414 1298 2483 superinduxernnt,
1325 2431 1482 2468 nemo
1508 2417 1640 2469 tales
1672 2420 2023 2472 accusaret-it.
2051 2419 2166 2473 Non

595 2507 739 2561 cnim
766 2517 960 2576 petest,
982 2521 1090 2560 non
1115 2515 1312 2575 potest,
1338 2508 1582 2576 inquam,
1606 2509 1705 2563 hoc
1727 2511 2042 2578 mysterium
2077 2526 2170 2578 per
2209 2556 2217 2563 .

599 2599 783 2654 omnia
820 2599 1058 2667 operari,
1091 2607 1146 2652 et
1193 2597 1436 2652 initiatos
1469 2613 1500 2652 a
1553 2601 1922 2669 qualicunque
1974 2603 2170 2670 imper-

601 2691 840 2744 lectione
875 2687 1174 2741 vindicare.
1208 2687 1284 2740 Cu
1307 2703 1330 2738 r
1367 2687 1436 2739 ita
1465 2688 1487 2740 ?
1518 2688 1783 2755 Quoniam
1818 2691 1918 2746 hoc
1947 2701 2030 2746 est
2061 2709 2170 2762 my-

599 2781 824 2835 sterium
848 2777 1085 2846 operari,
1118 2778 1338 2846 quando
1363 2794 1425 2832 eo
1447 2777 1665 2834 allectos
1691 2781 2026 2837 nihileorum
2052 2800 2171 2852 quae

593 2869 790 2924 adesse
850 2877 1104 2938 possunt,
1170 2868 1392 2926 defecit.
1440 2868 1637 2924 Mensa}
1670 2874 1815 2927 enim
1876 2877 2170 2943 promissio

596 2962 651 3015 in
716 2961 938 3017 Christo
999 2976 1121 3026 nos,
1166 2969 1222 3013 et
1288 2960 1342 3013 in
1399 2961 1555 3016 nobis
1597 2963 1872 3017 Christum
1926 2967 2170 3022 habitare

595 3053 750 3106 facit.
795 3051 885 3104 Ait
924 3049 1069 3104 enim
1121 3067 1134 3104 :
1173 3048 1258 3104 iln
1289 3066 1374 3104 me
1414 3061 1616 3119 manet,
1667 3063 1720 3108 et
1750 3069 1850 3123 ego
1880 3055 1931 3108 in
1955 3072 2021 3112 eo
2068 3061 2164 3114 ³⁸.»

594 3144 823 3199 Christo
858 3144 912 3197 in
942 3143 1101 3198 nobis
1149 3155 1427 3208 manente,
1468 3146 1598 3213 quid
1648 3148 1884 3230 amplius
1923 3153 2164 3220 requira-

597 3235 728 3289 tur?
769 3244 862 3288 aut
913 3233 1058 3303 quod
1111 3233 1310 3288 bonum
1368 3251 1468 3290 nos
1508 3236 1787 3307 rﬂ'ugiat?
1841 3240 1899 3294 In
1949 3242 2166 3298 Christo

597 3336 880 3382 manentes
907 3326 1036 3396 quid
1077 3325 1225 3382 aliud
1257 3327 1732 3400 desidet-abimus?
1765 3329 1858 3386 llle
1889 3333 2166 3389 habitator

596 3430 802 3483 noster,
835 3429 889 3474 et
914 3419 1028 3489 ipse
1059 3418 1321 3497 habitatio
1371 3429 1554 3474 nostra
1578 3432 1683 3476 est.
1725 3421 1768 3476 Ο
1799 3439 1899 3479 nos
1939 3428 2028 3479 tali
2079 3428 2167 3481 ha-

599 3513 864 3568 bitatione
894 3499 1088 3565 beatos
1119 3525 1134 3562 :
1166 3519 1221 3564 et
1255 3510 1440 3563 beatos
1471 3510 1686 3576 iterum,
1723 3518 1851 3581 quia
1894 3514 2161 3583 ejusmodi

593 3604 791 3658 domus
824 3601 1015 3656 incolae
1038 3600 1161 3654 facti
1185 3616 1402 3654 sumus.
1433 3601 1553 3666 Quo
1576 3618 1809 3673 namque
1839 3604 1983 3659 bono
2005 3624 2166 3677 egere

594 3702 854 3761 poterunt
881 3693 962 3746 sic
988 3689 1166 3744 aﬂ‘ecti
1201 3698 1254 3743 et
1289 3691 1620 3745 constituti?
1675 3691 1818 3758 Quid
1856 3696 2158 3758 vitiositati,

597 3794 652 3838 et
705 3785 760 3837 in
814 3791 962 3836 tanta
1021 3779 1295 3835 charitate
1337 3783 1680 3838 versantibus
1721 3799 2010 3841 commune
2051 3791 2164 3857 sit}

594 3878 736 3944 Quid
783 3875 998 3930 tandem
1071 3873 1199 3928 mali
1275 3883 1427 3928 tanto
1486 3875 1753 3932 honorum
1821 3881 2040 3936 cumulo
2105 3898 2165 3937 se

593 3969 867 4043 opponat?
910 3967 1049 4033 Quid
1089 3965 1232 4028 enim
1289 3967 1372 4022 vel
1419 3983 1659 4037 praesens
1723 3971 2039 4034 subsistere,
2079 3975 2163 4029 vel

597 4065 798 4118 absens
823 4061 1080 4131 ingruere
1107 4067 1293 4128 queat,
1323 4061 1542 4129 quando
1562 4060 1815 4118 Christus
1836 4064 1972 4118 adeo
2008 4064 2166 4119 fami-

602 4157 806 4210 liariter
829 4153 1116 4226 nobiseum
1148 4159 1254 4214 est,
1280 4159 1335 4204 et
1369 4166 1468 4206 nos
1505 4160 1650 4207 totos
1683 4163 1948 4219 penetrat,
1980 4155 2162 4222 omnia

596 4246 858 4301 interiora
901 4243 1165 4314 possidet,
1197 4250 1252 4296 et
1281 4257 1382 4296 nos
1430 4242 1599 4312 cingit
1627 4259 1690 4296 ac
1717 4245 1991 4313 protegit?
2030 4245 2160 4298 Nam

598 4338 701 4392 tela
729 4336 1072 4390 extrinsecus
1111 4333 1314 4401 iactata
1383 4348 1450 4386 ne
1491 4335 1540 4385 in
1591 4349 1691 4387 nos
1753 4336 1994 4390 incidant
2035 4352 2162 4408 pro-

2268 1865 2407 1914 two‘:
2450 1859 2612 1934 ἦσαν,
2654 1865 2714 1916 τό
2765 1881 2826 1932 γε
2877 1865 2988 1917 τῶν
3029 1867 3267 1937 χαρίτων
3315 1868 3501 1936 μέρος,
3535 1869 3650 1922 ἀλλ’
3700 1873 3847 1925 οὐδὲν

2269 1957 2498 2024 ἦρκεσεν
2533 1956 2712 2018 αὐτοῖς
2753 1956 2887 2026 πρὸς
2921 1957 2980 2008 τὸ
3006 1959 3110 2009 πᾶν
3137 1957 3341 2024 φαῦλον
3380 1961 3484 2011 ἀπὸ
3531 1959 3630 2028 τῆς
3673 1961 3848 2030 ψυχῆς

2268 2048 2538 2100 ἐκϐαλεῖν.
2578 2049 2632 2100 Ἐ
2645 2047 2701 2099 πὶ
2729 2048 2784 2100 δὲ
2817 2052 2913 2116 τῆς
2941 2048 3301 2117 Εὐχαριστίας
3324 2049 3526 2102 τούτων
3549 2052 3698 2103 οἰδέν
3717 2068 3733 2083 ο
3765 2047 3846 2115 οἷς

2269 2140 2376 2207 γὰρ
2403 2142 2428 2191 ό
2449 2140 2545 2208 τῆς
2580 2138 2724 2208 ζωῆς
2749 2139 2910 2207 ἄρτος
2957 2139 3176 2208 ἐνεργὸς
3227 2140 3470 2207 ἐγένετο,
3489 2140 3552 2193 δι’
3580 2135 3656 2193 ὧν
3702 2143 3832 2210 ἐφυ-

2270 2231 2498 2294 λάξαντο
2528 2230 2616 2283 τὸν
2648 2231 2896 2293 θάνατον,
2923 2232 3017 2282 καὶ
3040 2232 3163 2283 οὔτε
3215 2232 3556 2297 δειπνοῦντες
3599 2236 3832 2303 πονηρὸν

2269 2322 2422 2374 οὐδὲν
2453 2317 2620 2389 εἶχον,
2642 2320 2754 2374 οὔτ’
2786 2323 3171 2390 ἐπεισήγαγον.
3198 2323 3298 2375 οὐκ
3319 2323 3383 2376 ἄν
3412 2341 3495 2386 τις
3516 2325 3662 2378 οὐδὲν
3683 2326 3839 2392 ἐγκα-

2271 2415 2421 2467 λέσαι
2452 2415 2710 2467 τοιοῦτον.
2745 2415 2818 2465 Οὐ
2846 2415 2952 2482 γὰρ
2987 2414 3153 2478 ἔστιν,
3188 2415 3289 2469 ούκ
3315 2415 3451 2481 ἔστι,
3480 2417 3578 2487 τὴν
3625 2418 3844 2488 τελετὴν

2271 2507 2493 2574 ἐνεργὸν
2549 2505 2898 2558 παντάπασιν
2955 2503 3094 2558 εἶναι
3149 2507 3245 2558 καὶ
3297 2509 3404 2568 τοίς
3464 2511 3847 2579 μεμνημένοις

2271 2597 2586 2665 ἡστινοσοῦν
2623 2598 2863 2664 μετεῖναι
2918 2595 3282 2663 φαυλότητος·
3311 2596 3395 2648 διὰ
3425 2597 3652 2662 τίςὍτι
3680 2599 3846 2652 τοῦτό

2271 2689 2386 2739 ἐστι
2417 2687 2514 2758 τὴν
2545 2686 2765 2756 τελετὴν
2796 2686 3017 2756 ἐνεργὸν
3045 2683 3208 2750 εῖναι,
3249 2687 3307 2740 τὺ
3333 2688 3457 2749 τοὺς
3483 2689 3846 2758 τελουμένους

2270 2779 2481 2840 οὐδενὸς
2510 2779 2620 2832 τῶν
2652 2780 2990 2848 γιγνομένων
3019 2778 3303 2833 ἐλλείπειν.
3342 2780 3414 2831 Ἥ
3453 2779 3560 2848 γὰρ
3591 2781 3690 2852 τῆς
3712 2800 3840 2852 τρσ.⁴

2271 2870 2440 2940 πέζης
2474 2872 2772 2938 ἐπαγγελία
2801 2871 2878 2939 τῷ
2912 2870 3133 2940 Χριστῷ
3161 2872 3258 2939 μὲν
3288 2873 3456 2941 ἡμᾶς,
3489 2874 3622 2942 ἡμῖν
3643 2872 3700 2926 δὲ
3754 2874 3845 2926 τὸν

2273 2964 2506 3033 Χριστὸν
2559 2964 2831 3026 ὲνοικίζει.
2874 2982 2891 3014 ι
2934 2965 3022 3016 Ἐν
3077 2965 3200 3032 ἐμοὶ
3285 2964 3418 3034 γὰρ,
3465 2963 3619 3036 φησὶ,
3669 2964 3843 3033 μένει,

2276 3053 2432 3119 κάγὼ
2459 3055 2516 3105 ἐν
2542 3053 2690 3123 αὐτῷ
2710 3070 2722 3083 ·
2754 3074 2773 3105 ι
2815 3053 2908 3106 τοῦ
2933 3054 3168 3122 Χριστοῦ
3214 3054 3270 3107 δὲ
3303 3056 3360 3106 ὲν
3418 3057 3551 3124 ἡμῖν
3592 3057 3843 3127 μένοντος

2273 3149 2414 3207 τίνος
2445 3145 2525 3197 ἔτι
2553 3143 2753 3215 δεήσει,
2781 3146 2834 3198 τί
2859 3144 2902 3199 δ’
2938 3145 3003 3199 ἂν
3035 3147 3143 3199 τῶν
3175 3148 3396 3213 ἀγαθῶν
3426 3150 3712 3219 διαφύγοι;
3753 3152 3838 3205 Ἐν

2267 3239 2344 3306 τῷ
2380 3237 2598 3306 Χριστῷ
2627 3237 2683 3291 δὲ
2716 3238 2966 3306 μένοντες
2997 3239 3140 3302 τίνος
3166 3241 3583 3312 ἐπιθυμήσομεν
3635 3243 3836 3308 inoo;

2268 3331 2361 3382 καὶ
2399 3328 2604 3392 ἔνοικός
2633 3331 2780 3381 ἐστιν
2814 3330 2946 3399 ἡμῖν
2975 3330 3068 3383 καὶ
3105 3331 3275 3395 οἰκία,
3305 3332 3382 3394 ὡς
3421 3334 3684 3404 μακάριοι
3743 3335 3840 3403 μὲν

2267 3423 2363 3488 τῆς
2441 3422 2637 3484 οἰκίας,
2666 3423 2954 3491 ,μακάριοι
3007 3421 3064 3475 δὲ
3100 3424 3180 3477 ὅτι
3245 3424 3469 3495 τοιούτῳ
3543 3427 3842 3497 γεγόναμεν

2265 3515 2432 3567 οἰκία.
2466 3515 2531 3565 Τί
2565 3515 2673 3582 γὰρ
2711 3513 2820 3567 τῶν
2850 3513 3071 3580 ἀγαθῶν
3122 3515 3183 3566 οὐ
3249 3517 3482 3587 πάρεστι
3539 3519 3653 3574 τοῖς
3703 3517 3841 3572 οὕτω

2264 3605 2590 3669 διατεθεῖσις
2651 3605 2702 3658 τί
2729 3605 2905 3658 κοινὸν
2943 3606 3031 3658 καὶ
3069 3607 3366 3677 φαυλότητι
3438 3613 3550 3673 τοῖς
3607 3610 3838 3663 ἐνταῦθα

2265 3699 2578 3768 γενομένοις
2621 3698 3007 3768 λαμπρότητος
3033 3717 3049 3762 ;
3080 3699 3132 3750 τί
3173 3701 3290 3752 ποτ’
3316 3700 3384 3754 ἂν
3409 3703 3567 3771 σταίη
3609 3705 3840 3774 πονηρδν

2266 3791 2401 3860 πρὸς
2439 3787 2692 3841 τοσοῦτον
2721 3787 2896 3854 σωρὸν
2927 3787 3180 3854 ἀγαθῶν;
3211 3788 3264 3840 τί
3297 3788 3396 3858 μὲν
3426 3789 3600 3860 παρδν
3638 3791 3839 3845 δύναιτ’

2267 3882 2334 3934 ἂν
2374 3880 2578 3950 μένειν,
2608 3877 2742 3930 τίδὲ
2771 3877 2910 3931 ἀπὸν
2967 3877 3185 3946 ῑσνύσαι
3241 3883 3633 3948 προσαγαγεῖν,
3661 3883 3788 3935 ὅταν
3812 3883 3840 3934 ὁ

2264 3970 2495 4041 Χριστὸς
2519 3969 2692 4032 οὕτως
2721 3967 2966 4038 ἀκριϐῶς
2995 3970 3125 4036 ἡμῖν
3151 3972 3280 4039 συνῇ
3309 3969 3402 4022 καὶ
3429 3971 3498 4024 δι’
3521 3971 3656 4025 ὅλων
3684 3971 3840 4042 ἡμῶν

2265 4066 2414 4133 χωρῇ
2445 4063 2538 4115 καὶ
2569 4062 2754 4115 τᾶνδον
2798 4066 2974 4114 πάντα
3015 4063 3262 4131 κατέχων
3292 4065 3383 4115 καὶ
3410 4065 3542 4133 περὶ
3587 4057 3734 4133 ἡμᾶς
3765 4059 3838 4140 ᾖ,

2265 4157 2348 4208 Τὰ
2379 4155 2476 4224 μὲν
2506 4156 2617 4222 γὰρ
2667 4153 2866 4216 ἔξωθεν
2913 4154 3132 4206 ἐπιόντα
3189 4153 3319 4222 βέλη
3381 4143 3582 4208 κωλύει
3643 4154 3838 4224 ψαύειν

2264 4245 2420 4312 ἡμῶν
2448 4244 2786 4314 πανταχόθεν
2823 4242 3288 4313 προὸεὸλημένος,
3323 4242 3476 4296 οίκία
3501 4245 3611 4312 γάρ
3656 4247 3836 4298 ἔστιν’

2265 4332 2394 4398 sign
2430 4332 2476 4383 δ’
2507 4332 2658 4384 ἐστιν
2691 4330 2908 4400 (ἔνδον)
2934 4329 3157 4398 φαῦλον,
3181 4330 3542 4400 διωθούμενος
3593 4332 3840 4385 ἁπελαύ·

600 4425 768 4487 hibet,
805 4424 1167 4489 undecunque
1213 4434 1274 4474 se
1323 4419 1621 4486 objicieus;
1674 4425 1930 4478 estenim
1959 4428 2166 4495 domus,

2282 4444 2381 4491 νει,
2425 4425 2632 4485 ἕνοικος
2658 4424 2764 4492 γάρ
2793 4425 2908 4476 ὲστι
2938 4423 3117 4476 πᾶσαν
3147 4421 3341 4476 ἑαυτοῦ
3373 4423 3598 4494 πληρῶν
3635 4424 3733 4491 τὴν
3759 4425 3838 4476 oi.

595 4527 652 4572 et
703 4517 747 4571 si
781 4516 915 4584 quid
956 4515 1102 4568 intus
1126 4513 1378 4567 vitiosum
1430 4525 1533 4579 est,
1586 4515 1785 4582 disjicit
1821 4528 1875 4572 et
1904 4520 2166 4587 expellit;

595 4619 681 4666 est
709 4611 856 4665 enim
890 4609 1091 4669 incola,
1158 4617 1213 4663 et
1278 4608 1498 4662 domum
1547 4623 1702 4663 suam
1753 4617 1919 4664 totam
1959 4610 2163 4680 implet.

601 4702 720 4756 Non
741 4701 886 4755 enim
917 4697 1122 4768 aliquid
1150 4697 1291 4767 ejus,
1321 4699 1416 4752 sed
1446 4713 1569 4750 eum
1600 4698 1774 4766 ipsum
1800 4701 2162 4765 continemus,

599 4809 700 4849 nec
729 4791 940 4846 radium
972 4791 1204 4859 aliquem
1255 4803 1319 4843 ac
1375 4789 1578 4854 lumen,
1632 4789 1726 4844 sed
1761 4790 1930 4844 solem
1983 4792 2162 4860 ipsum

602 4887 656 4939 in
687 4885 902 4938 animas
953 4883 1269 4952 recipimus,
1312 4892 1370 4935 ut
1425 4881 1790 4937 inbabitemus
1818 4892 1870 4936 et
1895 4883 2164 4939 inhabite-

605 4992 746 5040 mur,
784 4985 842 5027 ut
885 4973 1174 5027 induamur
1200 4979 1253 5026 et
1287 4971 1575 5024 induamus
1613 4980 1668 5023 et
1711 4975 2160 5038 permisceantur,

601 5078 658 5122 et
691 5082 832 5121 unus
862 5066 1088 5136 spiritus
1118 5081 1241 5117 cum
1268 5081 1332 5118 eo
1369 5061 1683 5117 evadamus.
1717 5061 1927 5116 Etenim
1980 5064 2161 5117 anima

605 5171 661 5214 ct
699 5173 920 5223 carpus,
949 5170 1002 5212 et
1035 5158 1321 5212 facultates
1355 5171 1547 5212 omnes
1586 5165 1806 5225 repente
1852 5155 2166 5225 spirituales

614 5250 912 5310 exsistunt,
943 5252 1202 5316 quoniam
1229 5250 1407 5301 anima
1455 5247 1671 5308 animat,
1711 5260 1907 5315 corpus
1927 5247 2165 5315 corpori,

603 5353 655 5396 et
689 5341 910 5407 sanguis
939 5339 1186 5406 sanguini
1215 5339 1491 5392 coalescit.
1533 5337 1671 5403 Quid
1696 5336 1862 5391 inde?
1896 5345 2158 5406 praestan-

601 5436 740 5486 tiora
775 5427 1073 5498 pra'valent
1107 5427 1510 5496 humilioribus,
1549 5443 1601 5480 et
1631 5442 1658 5478 a
1690 5425 1890 5480 divinis
1920 5427 2157 5480 humana

599 5530 956 5592 superantur,
1045 5517 1295 5586 quodque
1363 5519 1430 5571 de
1483 5517 1885 5574 resurrectione
1953 5514 2154 5570 Paulus

2275 4523 2420 4576 κίαν.
2453 4521 2528 4571 Οὐ
2595 4520 2700 4588 γάρ
2735 4537 2786 4571 τι
2809 4519 2919 4570 τῶν
2945 4518 3132 4582 αὑτοῦ,
3163 4517 3282 4571 ἀλλ’
3328 4518 3489 4571 αὐτὸν
3516 4518 3833 4587 μετέχομεν,

2270 4611 2392 4663 οὐδὲ
2423 4610 2619 4664 ἀκτῖνά
2651 4627 2770 4662 τινα
2803 4612 2895 4662 καὶ
2930 4609 3065 4680 φῶς,
3120 4609 3256 4664 ἀλλὰ
3309 4611 3402 4662 τὶν
3439 4609 3614 4662 δίσκον
3673 4610 3837 4662 αὐτὸν

2271 4704 2390 4764 ταῖς
2420 4701 2618 4770 ψυχαῖς
2646 4697 2936 4768 δεχόμεθα,
2965 4698 3107 4752 ὥστε
3138 4701 3232 4753 καὶ
3257 4699 3476 4767 οίκῆσαι
3523 4700 3618 4750 καί
3677 4701 3841 4751 εἰσοι-

2273 4792 2526 4845 κίσασθαι
2581 4794 2675 4844 καὶ
2710 4790 2768 4842 ἓν
2808 4790 3023 4859 πνεῦμα
3049 4790 3320 4857 γενέσθαι.
3367 4791 3472 4844 Καὶ
3522 4790 3631 4860 γὰρ
3693 4791 3839 4861 ψυχὴ

2273 4882 2551 4951 καὶσῶμα
2593 4881 2685 4932 καὶ
2721 4881 2889 4933 πᾶσαι
2938 4880 3200 4949 δυνάμεις
3228 4881 3425 4934 αὐτίκα
3472 4885 3834 4952 πνευματικὰ,
3879 4955 3882 4958 γ

2271 4975 2351 5027 ὂ·ι
2389 4974 2534 5043 ψυχὴ
2571 4974 2666 5042 μὲν
2693 4972 2859 5042 ψυχῇ,
2899 4971 3058 5040 σῶμα
3089 4971 3146 5024 δὲ
3184 4971 3416 5040 σώματι,
3451 4973 3544 5026 καὶ
3581 4966 3722 5039 αἷμα
3750 4972 3832 5026 ατ-

2275 5082 2404 5134 ματι
2463 5063 2879 5132 μίγνυται²καὶ
2937 5063 2988 5115 τί
3051 5062 3112 5114 τὺ
3171 5060 3456 5126 ὲντεῦθενς
3525 5061 3596 5114 τὰ
3646 5062 3835 5132 βελτίω

2273 5155 2507 5226 κρείττω
2537 5155 2646 5206 τῶν
2680 5153 2977 5206 ἐλαττόνων
3005 5153 3101 5207 καὶ
3129 5154 3199 5206 τὰ
3248 5152 3369 5208 θεία
3409 5152 3518 5206 τῶν
3565 5153 3836 5224 ἀνθρωπί·

2273 5265 2379 5299 νων
2434 5245 2760 5314 ἐπικρατείο
2792 5244 2884 5297 καί
2921 5245 2950 5298 ὅ
2987 5261 3118 5314 φησι
3161 5247 3290 5314 περὶ
3343 5246 3439 5307 τῆς
3490 5245 3837 5308 ἀναστάσεως

2274 5336 2502 5395 Παῦλος,
2539 5353 2557 5386 ι
2587 5336 2660 5386 Τὸ
2722 5335 2915 5404 θνητὸν
2951 5337 3057 5388 ὑπὸ
3110 5336 3206 5406 τῆς
3253 5337 3400 5404 ζωῆς
3421 5337 3830 5399 καταπίνεται,ι

2267 5429 2324 5479 τὸ
2362 5427 2416 5479 δὲ
2452 5427 2604 5495 ὲξῆςο
2639 5447 2652 5476 ι
2683 5425 2769 5479 Ζῶ
2798 5426 2854 5478 δὲ
2885 5427 3065 5480 οὐκέτι
3100 5430 3229 5494 ἐγὼ,
3257 5427 3411 5497 φησὶ,
3449 5428 3515 5498 ζῇ
3543 5427 3598 5480 δὲ
3623 5430 3681 5480 ὲν
3711 5428 3836 5498 ἐμοὶ

2265 5517 2518 5585 Χριστός.
2551 5537 2570 5568 ι

597 5618 842 5688 εει-ιρεὶιι
873 5633 890 5665 ι
918 5612 1514 5667 Mortaleabsorbelura
1535 5613 1722 5668 vita".
1749 5632 1767 5663 ι
1799 5612 1870 5666 De
1895 5624 2126 5665 caetero:
2156 5631 2173 5662 ι
2199 5613 2329 5667 Vivo
2353 5612 2462 5680 jam
2492 5629 2594 5664 non
2617 5628 2737 5680 ego,
2761 5613 2953 5681 inquit,
2979 5611 3109 5673 flvit
3131 5628 3254 5668 vero
3277 5615 3326 5666 in
3355 5629 3438 5668 me
3453 5612 3704 5669 Christus
3727 5616 3827 5667 ⁸⁸.»

670 5797 714 5826 ’³
745 5797 760 5848 ι
799 5797 920 5849 Cor.
949 5809 1030 5859 ιιι,
1062 5791 1114 5844 3.

1191 5792 1234 5821 ”
1267 5787 1422 5844 .loan.
1450 5805 1523 5852 νι,
1553 5790 1639 5842 37.
1716 5792 1760 5821 "
1791 5791 1830 5844 ll
1873 5791 1996 5844 Cor.
2039 5807 2086 5854 ν,
2117 5793 2164 5845 4.
2243 5793 2288 5824 ¹⁶
2321 5790 2496 5844 Galat.
2540 5808 2597 5856 ιι,
2622 5792 2711 5845 20.
