4196 6308
409 341 520 407 585

1441 353 1540 412 DE
1582 353 1755 413 VlTA
1790 352 1870 412 IN
1899 351 2231 414 CHRISTO
2271 353 2414 415 LIB.
2466 354 2565 415 IV.

3547 356 3652 418 586

484 461 550 513 Ὦ
601 459 694 514 τοῦ
773 462 1038 532 μεγέθους
1091 464 1200 518 τῶν
1281 467 1633 536 μυστηρίωνῐ
1691 461 1814 520 Οἷον
1870 467 1976 537 γάρ

1916 467 1976 537 ip
2006 471 2052 529 Λ
2149 466 2194 521 Ο
2223 469 2606 537 mysteriorum
2636 466 3086 536 magnitudinem!
3114 467 3384 534 Quantum
3401 480 3480 525 est
3503 475 3647 528 enim

411 555 530 608 ἐστι
581 553 673 607 τὸν
733 557 827 609 τοῦ
887 558 1123 626 Χριστοῦ
1191 559 1314 612 νοῦν
1364 559 1442 627 τῷ
1470 560 1724 631 ἡμετέρῳ
1783 561 1983 630 συμμί-

412 647 503 712 ξαι
537 645 636 716 νῷ,
677 649 771 700 καὶ
829 647 1046 719 θελήσει
1075 651 1294 712 θέλησιν
1317 652 1530 723 ἐκείνην
1562 653 1653 706 καὶ
1683 653 1842 722 σῶμα
1881 653 1983 705 σώ-

413 756 544 808 ματι
578 741 674 792 καὶ
711 737 850 809 αἷμα
877 741 1067 810 αἵματι
1101 744 1464 814 κερασθῆναιο
1495 737 1606 806 οἷος
1669 745 1768 812 μὲν
1807 747 1833 796 ὁ
1855 745 1979 806 νοῦς

412 831 545 899 ἡμῖν
575 830 669 883 τοῦ
695 830 840 884 θείου
877 835 1397 904 κατακρατήσαντος
1426 836 1538 901 νοῦ,
1571 834 1662 889 οἵα
1715 837 1769 889 δὲ
1805 837 1834 906 ή
1894 835 1983 888 θέ-

411 921 566 989 λησις
604 921 702 991 τῆς
734 923 1010 991 μακαρίας
1037 924 1315 994 θελήσεως
1360 925 1818 996 περιγενομένης,
1871 920 1983 987 οἷος

411 1010 468 1063 δὲ
504 1010 632 1079 χοῦς
686 1011 780 1064 τοῦ
817 1013 989 1081 πυρὸς
1041 1014 1534 1086 ὑπερνενικηκότος
1592 1017 1834 1069 ὲκείνουί
1878 1016 1984 1068 Καὶ

414 1102 523 1173 μὴν
555 1103 638 1155 ὅτι
682 1103 852 1156 ταῦτα
892 1103 1038 1159 οὕτω
1096 1107 1384 1174 συμϐαίνει
1445 1107 1688 1160 δείκνυσι
1753 1107 1982 1172 Παῦλος,

413 1192 538 1246 οὔτε
572 1193 698 1245 νοῦν
721 1194 880 1257 αὐτὸς
914 1194 1057 1265 ἔχειν
1095 1195 1186 1250 τὸν
1210 1197 1410 1251 ἑαυτοῦ
1457 1197 1582 1252 οὔτε
1613 1198 1828 1268 θέλησιν
1886 1200 1986 1268 φά-

417 1302 562 1339 σκων
585 1285 706 1339 οὗτε
740 1286 910 1357 ζωὴν,
939 1288 1073 1343 ἀλλά
1115 1291 1291 1354 πάντα
1335 1289 1507 1344 ταῦτα
1531 1291 1680 1360 αὐτῷ
1731 1291 1984 1359 γενέσθαι

414 1377 671 1446 Χριστόν⁶
699 1379 793 1431 καὶ
864 1379 993 1448 γὰρ,
1050 1399 1067 1430 ι
1091 1381 1235 1433 Νοῦν
1271 1380 1507 1449 Χριστοῦ
1573 1382 1790 1453 ἔχομεν,
1817 1401 1835 1434 ι
1871 1384 1982 1446 καὶ,

423 1469 715 1538 «Δοκιμήν
769 1469 1005 1537 ζητεῖτε,
1066 1471 1222 1548 φησὶ,
1289 1471 1384 1524 τοῦ
1422 1474 1479 1525 ὲν
1531 1473 1656 1542 ἐμοὶ
1703 1473 1988 1536 λαλοῦντος

416 1559 681 1627 Χριστοῦ,
697 1582 716 1612 ο
758 1562 876 1623 καὶ,
903 1561 1085 1613 «Δοκῶ
1105 1561 1327 1632 Πνεῦμα
1345 1563 1477 1617 Θεοῦ
1497 1564 1662 1634 ἔχειν.
1691 1585 1708 1616 ι
1734 1566 1846 1631 καὶ,
1869 1567 1989 1617 «Φι-

415 1650 492 1702 λῶ
523 1652 664 1719 ὑμᾶς
698 1652 755 1703 ὲν
792 1653 1083 1719 σπλάγνοις
1125 1654 1299 1724 Ἰησοῦ
1332 1656 1591 1726 Χριστοῦο
1627 1656 1800 1709 νὸθεν
1831 1657 1987 1723 δῆλος

415 1738 480 1810 ἦν
502 1742 609 1814 (ὴν
642 1743 807 1813 αὐτὴν
837 1745 1032 1814 ἐκείνῳ
1059 1746 1272 1815 θέλησιν
1311 1745 1448 1816 ἔχων
1468 1765 1482 1780 ο
1515 1749 1609 1802 καὶ
1630 1747 1805 1802 πάντα
1864 1763 1988 1799 σ’..ν-

2087 558 2290 614 Christi
2324 569 2559 614 mentem
2593 573 2656 613 ac
2685 573 2909 615 sensum
2956 571 3155 615 nostrae
3187 563 3354 616 menti
3387 567 3650 633 copulari,

2088 641 2143 704 et
2189 650 2450 704 voluntati
2500 659 2702 706 nostr:e
2752 651 2901 706 illius
2959 654 3317 716 voluntatem,
3352 664 3405 708 et
3452 673 3652 726 corpus

2085 737 2229 791 illius
2250 747 2440 794 nostro
2463 738 2677 806 corpori
2710 738 2996 793 admisceri
3019 741 3031 793 !
3055 740 3240 805 Qualis
3258 751 3444 797 nostra
3475 760 3651 811 mens,

2085 829 2266 882 diuna
2297 838 2472 883 mente
2510 830 3130 900 obtinenteimperinm!
3163 832 3350 899 Qualis
3383 837 3654 907 voluntas,

2085 921 2242 975 beata
2289 920 2379 975 illa
2423 922 2702 976 voluntate
2756 935 3073 997 superante.
3141 925 3526 995 Qualisterra,
3587 935 3655 986 ab

2087 1014 2209 1082 igne
2235 1013 2327 1068 illo
2362 1015 2518 1083 longe
2547 1015 2711 1068 victa.
2744 1013 2868 1068 llzec
2891 1029 3054 1083 porro
3084 1018 3155 1070 ita
3190 1021 3409 1075 evenire
3436 1022 3653 1077 ‘Paulns

2085 1103 2426 1168 testificatur,
2477 1103 2605 1156 dum
2660 1117 2719 1156 se
2755 1118 2856 1158 nec
2901 1115 3135 1159 mentem
3185 1123 3247 1159 ac
3281 1123 3526 1176 sensum,
3556 1127 3655 1167 nec

2085 1196 2440 1262 voluntatem,
2476 1210 2575 1251 nec
2603 1195 2766 1248 vitam
2809 1210 2961 1250 suam
2999 1197 3217 1263 habere,
3260 1201 3353 1255 sed
3386 1203 3501 1258 lucc
3532 1220 3654 1257 om-

2086 1287 2175 1340 nia
2194 1287 2470 1343 Christum
2491 1287 2592 1343 sibi
2629 1287 2832 1344 factum
2863 1304 2983 1344 esse
3017 1292 3324 1349 confirmat.
3352 1296 3438 1350 Ait
3467 1298 3610 1352 enim
3637 1315 3650 1350 :

2093 1378 2231 1433 «Nos
2267 1394 2486 1435 sensum
2520 1379 2720 1434 Christi
2753 1382 3073 1436 habemus"
3098 1399 3112 1447 ;
3142 1401 3160 1434 ι
3190 1392 3262 1450 et,
3295 1403 3313 1436 ι
3341 1387 3421 1441 An
3451 1393 3658 1459 experi-

2089 1478 2328 1524 mentum
2370 1469 2614 1539 quaeritis
2644 1471 2787 1539 ejus,
2817 1472 2910 1540 qui
2969 1473 3024 1527 in
3074 1488 3160 1527 me
3211 1473 3455 1544 loquitur
3495 1480 3658 1534 Chri-

2087 1571 2206 1615 stus
2230 1561 2274 1591 ¹⁸
2297 1561 2319 1614 ?
2339 1560 2402 1614 Et
2431 1579 2446 1614 :
2479 1561 2646 1616 «Puto
2675 1571 2858 1617 autem
2880 1565 3024 1631 quod
3065 1572 3121 1618 et
3149 1579 3248 1633 ego
3279 1564 3540 1634 Spiritum
3563 1570 3654 1625 Dei

2089 1653 2314 1706 habeam
2341 1653 2430 1718 ";
2468 1672 2486 1702 ι
2543 1662 2599 1706 et
2634 1670 2647 1706 :
2681 1671 2699 1703 ι
2724 1652 2893 1722 Diligo
2929 1669 3024 1709 vos
3077 1655 3129 1708 in
3178 1655 3478 1714 visceribus
3525 1661 3654 1716 Jesu

2089 1741 2288 1796 Christi
2317 1743 2404 1808 '°;
2441 1761 2458 1794 ι
2499 1757 2566 1798 ex
2612 1757 2723 1812 quo
2755 1751 2922 1812 patet,
2981 1745 3030 1798 ei
3070 1760 3338 1799 summam
3386 1764 3510 1802 cum
3564 1750 3657 1805 illo

414 1833 572 1900 ελὼν,
614 1853 632 1886 ι
671 1836 757 1888 Ζῶ
788 1835 845 1888 δὲ
870 1836 1052 1890 οὐκέτι
1083 1837 1212 1906 ἐγὼ,
1241 1840 1395 1909 φησὶ,
1427 1837 1492 1909 ζῇ
1535 1839 1589 1893 δὲ
1621 1841 1677 1892 ἓν
1705 1839 1826 1910 ἐμοὶ
1854 1838 1987 1906 Χρι-

1916 1855 1987 1905 ρι-
2019 1827 2059 1881 Β
2094 1833 2427 1888 voluntatem
2490 1837 3023 1905 consensionemque
3055 1835 3222 1892 fuisse
3263 1839 3314 1892 in
3350 1843 3607 1898 omnibus
3639 1860 3654 1897 :

416 1926 562 1989 στός.
589 1944 608 1977 ι
637 1925 794 1981 Οὕτω
831 1928 1038 1982 τέλειόν
1065 1930 1179 1983 ἐστι
1218 1933 1518 2000 μυστήριον
1561 1931 1781 2001 τελετῆς
1839 1931 1984 1985 ἁπά-

417 2034 518 2086 σης
549 2017 918 2087 διαφερόντως
956 2022 1053 2074 καὶ
1096 2021 1204 2075 τῶν
1251 2020 1473 2090 ἀγαθῶν
1521 2023 1607 2076 ἐπ’
1653 2022 1823 2093 αὐτὴν
1862 2023 1986 2088 ἄγει

415 2108 514 2177 τὴν
555 2108 819 2179 κορυφὴν,
858 2111 980 2164 ἐπεὶ
1004 2113 1099 2165 καὶ
1134 2112 1314 2185 πάσης
1371 2111 1718 2183 ἀνθρωπείας
1751 2113 1987 2182 σπουδῆς

414 2199 648 2252 ἐνταῦθα
677 2199 740 2272 δὴ
774 2201 1088 2281 τὸιέσχατον
1116 2203 1288 2264 τέλος.
1322 2202 1460 2257 Θεοῦ
1497 2201 1604 2271 γὰρ
1634 2202 1800 2256 αὐτοῦ
1859 2219 1988 2269 τυγ-

414 2291 651 2360 χάνομεν
682 2294 738 2345 ὲν
768 2293 914 2364 αὐτῷ
947 2294 1042 2347 καὶ
1077 2294 1210 2357 Θεὸς
1231 2296 1363 2364 ήμῖν
1397 2293 1612 2348 ἑνοῦται
1661 2293 1759 2364 τὴν
1790 2293 1987 2345 ἕνωσιν

415 2381 514 2451 τὴν
541 2381 876 2453 τελεωτάτην
903 2401 919 2417 ο
947 2385 1042 2438 τοῦ
1078 2385 1186 2456 γὰρ
1218 2384 1276 2439 ἓν
1308 2386 1522 2455 πνεῦμα
1551 2385 1690 2454 μετά
1722 2383 1815 2436 τοῦ
1849 2383 1986 2436 Θεοῦ

416 2473 690 2540 γενέσθαι,
712 2475 795 2540 τίς
828 2476 896 2530 ἂν
935 2477 1304 2548 ἀκριϐεστέρα
1335 2478 1542 2545 γένοιτο
1575 2478 1818 2547 συναφή;

488 2748 587 2799 Διά
611 2747 788 2801 ταῦτα
830 2748 1060 2810 καὶτοῖς
1088 2747 1266 2812 ἄλλοις
1300 2748 1624 2817 μυστηρίοις
1661 2747 1719 2800 τὸ
1762 2745 1989 2808 τελείοις

421 2833 558 2892 εῖναι
583 2840 881 2909 παρέχεται
941 2839 1074 2909 μόνη
1116 2839 1348 2894 τελετῶν
1387 2841 1422 2912 ή
1481 2839 1852 2910 Εὐχαριστία·
1899 2838 1991 2892 καὶ

422 2928 607 3000 βοηθεῖ
643 2929 742 2998 μὲν
795 2929 977 2993 αὐτοῖς
1001 2931 1131 3000 παρ’
1157 2930 1286 2984 αὐτὸ
1335 2931 1394 2984 τὸ
1450 2929 1725 2986 τελεῖσθαι
1774 2927 1992 2981 τελέσαι

423 3023 498 3091 μὴ
534 3021 856 3090 δυναμένοις
896 3022 1067 3093 χωρὶς
1113 3022 1301 3091 αὐτῆς,
1359 3021 1547 3092 βοηθεῖ
1598 3021 1654 3074 δὲ
1707 3020 1846 3091 μετά
1894 3021 1992 3089 τὴν

421 3114 700 3172 τελείωσιν
761 3115 820 3168 ὲν
873 3117 986 3177 τοῖς
1024 3113 1380 3178 τελεσθεῖσιν,
1430 3113 1648 3166 ἐπειδὰν
1703 3111 1992 3182 ἁμαρτιῶν

423 3209 604 3262 σκότει
643 3207 742 3276 τὴν
769 3205 877 3258 ἀπὸ
907 3205 1016 3258 τῶν
1053 3204 1374 3275 μυστηρίων
1404 3205 1602 3257 ἀκτῖνα
1635 3201 1992 3273 συγχεθεῖσαν

420 3297 810 3353 ἀνακαλεῖσθαι
898 3296 1091 3368 δεήσῃ.
1148 3296 1222 3348 Τὸ
1275 3293 1385 3364 γὰρ
1467 3293 1818 3354 ἐκλείποντας
1896 3292 1991 3344 καὶ

421 3390 821 3461 νεκρουμένους
843 3387 1146 3458 ἀμαρτίαις
1176 3385 1332 3449 αὖθις
1375 3383 1836 3447 ἀναϐιῶσκετθαι,
1891 3383 1989 3453 μόο

420 3499 517 3554 νης
538 3483 638 3552 τῆς
663 3481 942 3552 τραπέζης
972 3478 1134 3549 ἔργον
1149 3478 1247 3547 τῆς
1281 3479 1456 3546 ἱερᾶς.
1485 3478 1560 3530 Οὐ
1584 3476 1692 3547 γάρ
1727 3477 1872 3530 ἐστιν
1900 3477 1991 3530 ἀν-

420 3575 672 3646 θρωπεία
701 3574 929 3642 δυνάμει
958 3572 1052 3624 τὸν
1078 3571 1363 3640 ἄνθρωπον
1393 3569 1690 3638 ἀναστῆναι
1732 3569 1988 3634 πεσόντα,

421 3665 543 3719 οὐδὲ
588 3664 790 3718 κακίαν
823 3661 1131 3732 ἀνθρώπων
1165 3660 1480 3730 ἀνθρωπεία
1513 3659 1741 3729 λυθῆναι
1789 3659 1992 3713 δικαιο-

425 3757 557 3826 σύνῃ
576 3771 592 3784 ·
620 3753 683 3806 τδ
715 3753 824 3826 γὰρ
857 3753 1193 3824 ἁμαρτάνειν
1223 3753 1302 3812 είς
1335 3751 1496 3804 αὐτὸν
1551 3752 1643 3804 τὸν
1673 3750 1806 3803 Θεὸν
1834 3752 1990 3820 φέρει

423 3835 518 3914 τὴν
569 3842 728 3914 ὕϐριν
751 3861 763 3874 ο
797 3861 813 3894 ι
840 3841 939 3895 Διά
970 3841 1072 3910 τῆς
1105 3839 1474 3910 παραϐάσεως
1507 3839 1635 3909 γὰρ,
1691 3841 1844 3908 φησὶ,
1895 3839 1990 3892 τοῦ

427 3939 595 4006 νόμου
647 3935 741 3987 τδν
805 3935 937 3988 Θεὸν
991 3932 1300 4002 ἀτιμάζεις,
1339 3949 1356 3983 ι
1391 3931 1485 3983 καὶ
1542 3931 1625 3983 δεῖ
1685 3931 1988 3999 μείζονοςῆ

429 4027 569 4078 κατά
628 4025 914 4094 ἄνθρωπον
944 4024 1170 4094 ἀρετῆς,
1207 4025 1240 4094 ἢ
1283 4023 1344 4074 τὸ
1399 4021 1652 4091 ἔγκλημα
1703 4020 1991 4089 δυνήσεται

425 4119 605 4172 λῦσαι.
637 4118 740 4170 Τὸν
771 4116 880 4186 γὰρ
906 4115 1185 4185 ἐλάχιστον
1221 4115 1302 4176 εἰς
1328 4113 1418 4166 τὸν
1466 4111 1726 4181 μέγιστον
1773 4108 1992 4178 ὑϐρίσαι

430 4210 528 4279 μὲν
561 4209 796 4278 μάλιστα
847 4209 942 4262 καὶ
971 4191 1338 4276 διαφερόντως
1397 4204 1641 4274 εὐχερὲς,
1683 4200 1992 4271 ἀντισηκῶ-

427 4319 516 4354 σαι
551 4302 608 4354 δὲ
641 4303 776 4370 τιμῇ
813 4299 912 4366 τὴν
946 4298 1102 4369 ὓϐριν
1136 4298 1444 4367 ἀμήχανον,
1471 4296 1566 4348 καὶ
1620 4291 1833 4362 μάλισθ’
1865 4292 1993 4344 ὅταν

427 4396 630 4457 ἐκεῖνος
661 4392 873 4446 πολλῶν
909 4391 1009 4462 μὲν
1056 4392 1338 4458 ὀφειλέτην
1389 4388 1488 4459 ἔχῃ
1553 4385 1642 4438 τὸν
1707 4382 1990 4453 ὑϐρικότα,

2101 1924 2268 1982 «Vivo
2292 1937 2471 1982 autem
2499 1927 2611 1996 jam
2642 1942 2750 1982 non
2778 1943 2898 1997 ego,
2928 1929 3125 1997 inquit,
3162 1931 3297 1985 vivit
3328 1947 3458 1988 vero
3489 1935 3542 1990 in
3571 1951 3659 1992 me

2092 2018 2395 2074 bbristus.»
2432 2019 2582 2075 Adeo
2621 2019 2923 2090 perfectum
2968 2031 3051 2076 est
3092 2022 3197 2076 hoc
3249 2035 3656 2081 sacramentum

2093 2121 2147 2163 et
2176 2110 2324 2164 omni
2373 2119 2720 2165 sacramento
2762 2112 3141 2177 excellentius,
3197 2114 3466 2170 bonorum
3511 2116 3661 2173 fasti-

2094 2199 2246 2270 gium
2295 2209 2350 2255 et
2382 2200 2593 2270 apicem
2627 2202 2994 2269 complectens
3027 2220 3041 2269 ;
3098 2204 3365 2273 siquidem
3402 2216 3454 2261 et
3479 2208 3658 2264 omnis

2097 2291 2346 2345 humanae
2377 2291 2658 2346 industriae
2691 2291 2816 2346 finis
2848 2293 3076 2348 ultimus
3110 2292 3196 2350 hic
3227 2299 3516 2366 reperitur.
3552 2302 3658 2357 Deo

2095 2383 2239 2438 enim
2274 2383 2392 2452 ipso
2425 2386 2478 2437 in
2505 2385 2688 2453 seipso
2751 2385 3012 2452 potimur,
3047 2394 3104 2440 et
3136 2387 3282 2444 Deus
3327 2392 3486 2447 nobis
3529 2408 3659 2448 con-

2089 2473 2376 2545 junctione
2430 2474 2844 2530 absolutissima
2895 2477 3270 2548 conjungitur.
3310 2482 3485 2536 Unum
3512 2486 3658 2540 enim

2095 2579 2220 2618 cum
2274 2563 2385 2619 Deo
2433 2565 2686 2633 spiritum
2731 2564 2890 2630 efﬁci,
2934 2568 3066 2637 quid
3115 2570 3218 2626 hac
3255 2575 3661 2632 consociatione

2099 2655 2272 2724 possit
2291 2669 2414 2710 esse
2434 2654 2726 2725 perfectius
2751 2657 2773 2709 ?

2167 2746 2347 2814 Quare
2372 2755 2426 2802 ct
2451 2749 2572 2802 aliis
2604 2751 2964 2806 sacramentis
2997 2754 3382 2820 perfectionem
3413 2765 3528 2814 sola
3552 2759 3663 2817 Eu-

2099 2837 2355 2891 charistia
2405 2837 2677 2905 impertit,
2710 2852 2882 2909 eaque
2917 2841 3178 2910 adjuvat,
3218 2845 3346 2898 dum
3401 2848 3620 2903 initiant
3645 2889 3660 2914 ,

2098 2927 2541 2998 quandoquidem
2583 2928 2702 2984 sine
2734 2945 2797 2985 ea
2831 2931 3070 3000 perferte
3097 2949 3204 2987 non
3235 2936 3473 2992 initiant.
3503 2939 3664 2996 Juvat

2099 3018 2262 3072 etiam
2294 3019 2592 3073 secundum
2622 3020 2975 3077 initiationem
3003 3025 3054 3077 in
3088 3025 3221 3094 ipsis
3251 3027 3495 3096 initiatis,
3534 3046 3660 3086 cum

2103 3108 2314 3163 radium
2345 3123 2374 3164 e
2406 3111 2764 3166 sacramentis
2794 3123 3138 3168 emanantem
3165 3156 3179 3177 ,
3227 3125 3279 3170 et
3311 3128 3659 3186 peccatorum

2097 3201 2334 3256 tenebris
2367 3215 2699 3271 oppressum
2745 3219 3069 3273 recuperare
3097 3207 3235 3275 opus
3260 3219 3364 3263 est.
3394 3209 3530 3266 Nam
3560 3214 3659 3268 de-

2092 3291 2336 3349 ﬁcientes
2381 3301 2436 3349 et
2479 3293 2776 3348 sceleribus
2837 3296 3135 3352 exstinctos
3172 3299 3238 3353 ad
3281 3301 3444 3356 vitam
3501 3319 3665 3358 revo-

2093 3397 2236 3450 care,
2267 3385 2428 3439 unius
2462 3400 2628 3440 sacrae
2660 3401 2860 3442 mensae
2897 3402 3095 3442 munus
3125 3399 3225 3442 est.
3262 3388 3438 3445 Homo
3464 3395 3665 3464 quippe

2094 3476 2280 3547 lapsus
2315 3492 2419 3532 non
2451 3485 2632 3548 potest
2680 3478 2936 3532 humanis
2966 3480 3174 3533 viribus
3223 3483 3378 3550 erigi,
3413 3498 3514 3538 nec
3564 3487 3668 3538 im-‘
3719 3506 3724 3510 ·

2095 3567 2356 3636 ριόὺίιιιέ
2387 3566 2671 3623 hominum
2722 3568 2960 3622 humana
3002 3569 3212 3636 justitia
3264 3572 3492 3641 expiari.
3527 3573 3661 3629 Nam

2093 3673 2342 3728 peccare,
2403 3673 2493 3713 res
2539 3658 2595 3711 in
2639 3657 2817 3728 ipsum
2855 3659 3028 3714 Deum
3081 3663 3479 3718 contumeliosa
3532 3673 3663 3718 est:

2099 3769 2118 3800 ι
2159 3749 2260 3804 Per
2291 3748 2796 3818 praevaricationem
2832 3751 2981 3804 enim
3038 3751 3188 3820 legis,
3247 3751 3440 3822 inquit,
3494 3755 3662 3810 Deum

2095 3840 2397 3894 inhonoras
2430 3841 2496 3893 ".
2536 3858 2554 3892 ›
2595 3841 2661 3894 Ει
2692 3843 2868 3910 major
2912 3842 3184 3912 quaedam,
3220 3859 3383 3912 quam
3431 3860 3528 3914 pro
3567 3849 3668 3902 bo-

2096 3933 2239 3986 mine
2268 3933 2440 3987 virtus
2489 3933 2746 4003 exigitur,
2778 3950 2901 4002 quae
2945 3936 3152 3990 crimen
3209 3938 3448 3994 aboleat.
3491 3941 3658 3994 Mini-

2094 4038 2244 4076 mum
2280 4023 2423 4076 enim
2448 4023 2711 4078 adversus
2777 4025 3073 4078 maximum
3103 4043 3162 4081 se
3193 4028 3455 4096 injuriose
3483 4045 3547 4083 ac
3579 4047 3665 4097 pc-

2095 4114 2332 4168 tulanter
2379 4129 2588 4182 gerere.
2626 4114 2864 4168 immane
2914 4125 3174 4184 quantum
3215 4127 3299 4174 est
3333 4119 3508 4173 facile.
3553 4121 3659 4174 Sed

2094 4206 2448 4275 petulantiam
2481 4207 2622 4260 hanc
2671 4215 2724 4259 et
2747 4205 3003 4275 injuriam
3035 4211 3146 4276 pari
3176 4209 3381 4265 honore
3413 4226 3667 4281 compen-

2093 4309 2238 4359 sare,
2275 4297 2378 4350 hoc
2407 4310 2535 4350 vero
2563 4309 2725 4349 nemo
2752 4307 2946 4364 potest,
2973 4300 3273 4365 praesertim
3296 4301 3340 4356 si
3367 4303 3664 4372 injuriosus

2095 4387 2328 4456 plurium
2379 4387 2454 4441 illi
2522 4387 2732 4441 debitor
2775 4386 2960 4452 fuerit,
2989 4400 3043 4444 et
3105 4391 3329 4460 quidem
3379 4403 3487 4448 tam
3530 4395 3666 4451 insi-

428 4484 679 4537 τοσοῦτον
710 4482 766 4534 δὲ
820 4482 1091 4553 ὑπερέχῃ,
1126 4482 1201 4543 ὡς
1263 4480 1398 4550 μηδὲ
1457 4479 1656 4548 μέτρον
1703 4472 1843 4530 εἶναι
1895 4475 1990 4528 τοῦ

1916 4475 1990 4528 ;οῦ
2029 4501 2070 4555 υ
2100 4480 2308 4549 gnium,
2338 4487 2392 4533 ut
2421 4494 2488 4534 ne
2517 4479 2730 4534 dimidii
2763 4480 2983 4550 quidem
3015 4481 3124 4536 ulla
3155 4499 3408 4540 mensura
3442 4487 3534 4542 sit.
3560 4487 3666 4543 Ne-

433 4577 622 4645 μέσου.
679 4576 789 4632 Καὶ
819 4575 929 4643 γὰρ
981 4575 1221 4643 ἀνάγκη,
1261 4573 1322 4625 τὸ
1349 4573 1603 4640 ἔγκλημα
1641 4570 1836 4623 λύοντα
1899 4571 1995 4623 καὶ

430 4671 526 4739 τὴν
567 4669 960 4739 ἀπενεχθεῖσαν
1050 4668 1220 4737 τιμὴν
1276 4665 1729 4734 ἀποκαταστῆσαι
1765 4664 1843 4735 τῷ
1903 4679 1998 4716 πε-

436 4762 816 4831 παρῳνημένῳ
835 4758 1100 4828 ζητοῦντα
1141 4759 1311 4811 πλείω
1333 4757 1442 4810 τῶν
1494 4755 1858 4825 ὀφειλομένων
1887 4753 1997 4805 eic-

436 4853 710 4919 ενεγκεῖν,
735 4851 804 4904 τά
839 4850 938 4920 μὲν
967 4850 1306 4914 ἀποδιδόντα,
1356 4849 1425 4902 τὰ
1473 4849 1518 4901 δ’
1560 4847 1618 4914 ὲξ
1663 4845 1993 4916 ἀντιρρόπου

436 4947 563 5016 περὶ
593 4941 668 5000 ὧν
699 4946 924 5015 ἠδίκησε
977 4944 1338 5014 προστιθέντα
1361 4957 1375 4971 ⁸
1407 4935 1450 5009 ᾧ
1475 4941 1532 4996 δὲ
1560 4943 1662 4994 οὐκ
1697 4939 1844 4992 ἐστιν
1885 4935 1995 4989 οὐδ’

436 5039 598 5106 ἐγγὺς
631 5038 916 5107 ἐφικέσθαι
943 5036 1050 5090 τῶν
1082 5035 1404 5104 γινομένων,
1433 5033 1512 5094 τίς
1558 5033 1624 5085 ἂν
1676 5031 1884 5099 γένοιτο
1929 5027 1996 5079 τὰ

439 5130 606 5198 μείζω
642 5129 855 5182 διώκων
881 5143 897 5193 ;

505 5223 604 5275 Διά
634 5222 811 5276 ταῦτα
838 5219 938 5272 οὐκ
972 5213 1041 5288 ἦν
1073 5216 1263 5270 οὐδένα
1319 5212 1624 5283 ἀνθρώπων
1675 5211 1853 5280 ἑαυτῷ
1908 5210 1998 5262 τὸν

413 5298 568 5363 ’Θεὸν
602 5311 938 5374 καταλλάξαι
973 5308 1072 5378 τὴν
1118 5304 1310 5360 ἑαυτοῦ
1363 5303 1710 5371 δικαιοσύνην
1759 5303 1997 5368 εἰσενεγ-

439 5402 768 5465 κόντα,ὄθεν
799 5401 975 5454 οῦτεό
1031 5397 1258 5458 παλαιὸς
1321 5396 1484 5464 νόμος
1547 5392 1782 5463 ἐδυνήθη
1844 5390 1999 5442 λῦσαι

438 5491 534 5562 τὴν
572 5490 793 5561 ἔχθραν,
821 5491 945 5542 οὒτε
971 5491 1082 5550 τοῖς
1124 5488 1183 5538 ὲν
1212 5485 1396 5555 χάριτι
1433 5483 1566 5545 ζῶσι
1601 5482 1737 5552 πρὸς
1766 5479 1864 5548 τὴν
1919 5481 1996 5530 εἰ·

2098 4583 2253 4624 cesse
2280 4577 2360 4623 est
2389 4570 2559 4634 enim,
2586 4570 2680 4638 qui
2711 4571 2920 4624 crimen
2950 4573 3100 4642 piare
3139 4576 3340 4642 studet,
3373 4579 3534 4631 etiam
3564 4579 3660 4632 de-

2101 4667 2329 4713 tractum
2363 4661 2620 4714 honorem
2651 4660 2780 4716 lasso
2810 4678 3085 4731 reparare,
3112 4672 3166 4717 et
3195 4667 3318 4734 plus
3346 4667 3546 4723 debitis
3581 4685 3665 4722 re-

2099 4748 2334 4818 pendere
2379 4748 2972 4818 aliaqne.restituere,
3022 4753 3125 4805 alia
3177 4753 3375 4819 quibus
3424 4755 3664 4824 iniquior

2100 4838 2223 4902 fuit,
2261 4839 2406 4894 velut
2445 4841 2639 4910 aequali
2693 4842 2933 4910 pondere
2980 4842 3362 4910 superaddere.
3409 4844 3562 4908 Quod
3613 4848 3658 4900 si

2099 4931 2416 5002 neutiquam
2451 4933 2601 5001 paria
2655 4933 3065 5003 consequimur,
3113 4933 3318 5002 majora
3364 4935 3488 5003 quis
3533 4951 3661 4991 con-

2097 5025 2360 5080 sectetur?

2171 5201 2510 5272 Quapropter
2535 5201 2817 5255 hominum
2849 5198 3028 5254 nullus
3053 5198 3275 5255 sibimet
3298 5201 3487 5270 Deum,
3509 5219 3661 5258 suam

2104 5293 2450 5348 retribuendo
2477 5293 2740 5360 justitiam
2771 5290 3130 5346 reconciliare
3174 5301 3366 5363 potest.
3397 5293 3507 5350 Nec
3541 5311 3665 5348 vero

2104 5394 2258 5439 vetus
2277 5385 2360 5438 lex
2389 5384 2706 5439 inimicitias
2737 5383 2868 5438 istas
2887 5399 3212 5453 componere
3245 5388 3448 5452 valuit;
3483 5401 3583 5439 nec
3612 5389 3664 5438 in

2107 5475 2295 5544 gratiae
2319 5474 2434 5544 lege
2461 5471 2783 5538 viventibus,
2821 5471 2887 5524 ad
2933 5487 3120 5539 pacem
3154 5475 3295 5528 hanc
3323 5490 3666 5541 consequen-

445 5559 611 5646 ρήνην
639 5559 844 5646 ταύτην
865 5575 1152 5645 ἀρκέσειεν
1181 5572 1246 5625 ἂν
1272 5574 1304 5640 ή
1329 5570 1553 5640 σπουδή’
1583 5569 1677 5622 καὶ
1707 5569 1814 5637 γὰρ
1847 5565 1992 5620 τοῦτο

1916 5565 2002 5618 ῦτο
2104 5559 2228 5620 dam
2259 5565 2500 5621 studium
2534 5573 2587 5617 et
2616 5563 2893 5631 diligentia
2933 5562 3228 5618 suffecerit.
3288 5566 3421 5617 Nam
3467 5575 3520 5618 et
3563 5565 3665 5618 hoc

518 5757 562 5788 "
599 5755 640 5808 ll
673 5754 802 5808 Cor.
841 5767 902 5817 ιι,
941 5749 1032 5804 16.
1107 5750 1152 5781 ’⁸
1189 5749 1234 5802 ll
1273 5747 1401 5802 Cor.
1447 5760 1564 5810 xm,
1607 5745 1657 5798 5.

769 5851 852 5909 PA
869 5863 1056 5907 Tn0L.
1087 5846 1201 5905 Gn.
1234 5843 1323 5903 Cl.
1341 5883 1355 5900 .

1739 5745 1782 5778 "
1823 5743 1844 5798 l
1884 5743 2012 5798 Cor.
2051 5755 2145 5808 vn,
2181 5742 2270 5798 40.
2347 5742 2392 5775 ³⁸
2427 5741 2664 5813 Philipp.
2699 5759 2739 5809 ι,
2785 5742 2836 5797 8.
2919 5744 2960 5775 ³¹
3006 5742 3166 5796 Rom.
3204 5758 3264 5811 ιι,
3290 5744 3381 5800 23.

3197 5841 3270 5898 10
