4196 6308
547 360 651 435 587

1779 359 2088 420 NICOLAI
2131 359 2518 421 CABASILJE

3680 362 3789 424 598

543 488 598 534 et
640 477 772 532 illud
803 473 1022 529 virtutis
1067 474 1323 528 humanae
1349 487 1513 539 opera
1543 481 1596 526 et
1660 473 1893 527 humana
1913 472 2122 543 justitia

2230 480 2452 529 κάκεῖνο
2480 473 2766 542 δυνάμεως
2797 472 3098 544 ἀνθρώπων
3143 460 3278 544 ἔργά
3336 475 3430 528 καὶ
3472 473 3793 544 ἀνθρωπεία

545 581 705 631 sunt;
728 567 997 636 siquidem
1027 575 1082 620 et
1107 566 1282 636 legem
1316 565 1488 630 ipsam
1521 564 1579 618 Β.
1608 563 1814 619 Paulus
1838 566 2122 622 hominum

542 661 802 729 justitiam
853 659 1135 728 appellat:
1170 677 1187 708 ι
1235 657 1471 711 Iustitiae
1513 658 1657 711 enim
1715 657 1804 712 Dei
1832 695 1847 719 ,
1903 658 2122 727 inquit,

527 766 654 804 vnon
687 759 812 804 sunt
845 747 1098 814 subjecti,
1132 762 1284 801 suam
1316 747 1588 816 justitiam
1619 749 1954 803 constituere
1979 763 2124 818 quae.

549 849 728 892 rentes
755 838 820 891 ³³.
859 855 876 888 ι
913 837 991 891 De
1019 836 1183 891 veteri
1214 835 1328 904 lege
1361 835 1622 904 loquitur.
1657 836 1890 892 Tantum
1920 838 2123 908 quippe

531 929 812 983 duntaxat
839 937 1024 982 contra
1055 927 1188 980 vitia
1230 935 1423 980 nostra
1455 926 1706 993 valebat,
1741 939 2007 998 quantum
2036 937 2124 984 est

553 1022 621 1074 ad
664 1021 950 1074 sanitatem
988 1032 1318 1088 prteparare,
1367 1016 1678 1087 medicique
1715 1034 1877 1074 manu
1924 1020 2123 1090 dignos

529 1113 758 1167 edicere
791 1128 804 1164 :
837 1130 854 1161 ι
885 1110 994 1164 Lex
1027 1110 1195 1172 enim,
1236 1109 1432 1178 inquit,
1465 1110 1788 1182 paedagogus
1813 1122 1996 1166 noster
2018 1110 2123 1166 fuit

548 1205 602 1258 in
633 1204 849 1257 Christo
880 1201 1009 1256 Jesu
1043 1203 1108 1254 ³³.
1151 1220 1167 1252 ι
1198 1200 1271 1254 Et
1318 1212 1544 1255 sanctus
1593 1203 1835 1258 Joannes
1887 1204 1941 1258 in
1992 1219 2118 1258 eum

542 1293 643 1361 qui
695 1300 960 1346 venturus
1009 1301 1128 1346 erat
1169 1303 1294 1361 post
1351 1292 1527 1359 ipsum
1591 1291 1900 1361 baptizabat
1945 1293 2013 1359 “,
2067 1302 2122 1350 et

547 1385 805 1440 universa
847 1384 1189 1454 philosophia
1237 1386 1495 1449 humana,
1534 1391 1823 1455 omnisque
1858 1387 2014 1441 labor
2052 1388 2118 1441 ad

545 1493 856 1548 germanam
883 1476 1151 1546 justitiam
1182 1478 1337 1543 quasi
1371 1477 1713 1531 initiamenta
1765 1486 1822 1532 et
1852 1492 2124 1548 praepara-

548 1571 724 1623 tiones
764 1569 1011 1633 quaedam
1043 1577 1188 1622 sunt.
1217 1566 1398 1634 Quare
1424 1569 1682 1638 quoniam
1729 1583 1824 1636 per
1857 1584 1957 1624 nos
2010 1578 2065 1625 et
2088 1583 2120 1625 a

541 1662 712 1716 nobis
730 1661 874 1730 ipsis
906 1658 1174 1728 justitiam
1219 1660 1362 1713 hanc
1390 1671 1654 1728 praestare
1703 1659 2068 1728 nequibamus
2101 1700 2117 1725 ,

553 1771 574 1804 ι
605 1752 856 1806 Christus
892 1752 1006 1819 ipse
1050 1750 1206 1805 nobis
1231 1751 1443 1820 justilia
1485 1750 1663 1805 factus
1691 1763 1772 1805 est
1805 1767 1835 1804 a
1872 1750 1980 1806 Deo
2012 1750 2118 1804 Pa-

551 1852 652 1908 tre,
679 1853 732 1897 et
764 1841 1123 1897 sanctiﬁcatio
1149 1883 1163 1907 ,
1195 1819 1250 1896 et
1293 1843 1596 1913 redemptio
1624 1843 1691 1908 ³⁸,
1734 1862 1752 1895 ι
1787 1851 1841 1898 et
1874 1843 2110 1898 inimici-
2147 1819 2192 1879 Β

547 1929 655 1983 tias
701 1931 755 1983 in
808 1944 976 1983 carne
1005 1945 1101 1983 sua
1131 1930 1376 1985 dissolvit
1411 1932 1476 1997 ",
1508 1942 1561 1984 et
1597 1932 1765 1986 Deum
1798 1933 1956 1988 nobis
1997 1933 2112 2003 pla-

547 2033 661 2087 cat;
707 2039 815 2076 non
859 2023 1033 2076 solum
1073 2036 1194 2076 cum
1246 2033 1454 2077 naturae
1499 2025 1889 2090 communicat,
1936 2036 2114 2091 neque

548 2115 724 2169 solum
769 2116 992 2182 quando
1037 2125 1211 2169 morte
1260 2115 1557 2180 occubuit,
1606 2116 1703 2170 sed
1767 2130 2005 2185 seraper,
2060 2124 2115 2171 et

545 2205 848 2272 unicuique
897 2205 1222 2259 hominum:
1258 2217 1367 2259 tum
1415 2215 1472 2260 nt
1512 2207 1661 2263 cruci
1707 2205 1920 2272 afﬁxus,
1967 2222 2115 2263 nunc

543 2306 610 2350 ut
651 2297 870 2364 epulum
919 2296 1076 2359 dans,
1127 2296 1174 2351 si
1220 2297 1603 2366 resipisi-entes
1653 2301 1866 2353 veniam
1911 2301 2115 2371 rogite-

547 2405 694 2443 mus.
738 2387 906 2443 Solus
943 2388 1088 2442 enim
1129 2397 1183 2442 et
1223 2389 1537 2444 universum
1583 2389 1854 2446 honorem
1895 2390 2114 2446 Parenti

550 2481 840 2536 rcfundere
867 2522 881 2545 ,
913 2491 969 2533 et
1013 2481 1081 2534 de
1123 2479 1301 2534 ablato
1347 2481 1666 2535 satisfacere
1711 2483 1926 2550 potuit;
1983 2483 2114 2538 illud

547 2575 680 2637 vita,
734 2575 834 2626 hoc
879 2586 1017 2625 nece
1059 2586 1177 2624 Sua.
1216 2572 1440 2624 Mortem
1471 2571 1765 2640 siquidem,
1802 2588 1967 2642 quam
2015 2588 2118 2644 pro

546 2665 715 2733 gloria
762 2660 941 2714 Patris
987 2661 1038 2713 in
1099 2674 1265 2714 cruce
1324 2661 1585 2728 pertulit,
1644 2662 2034 2717 contumeliam
2085 2677 2114 2717 a

551 2753 710 2807 nobis
770 2751 974 2804 illatam
1017 2759 1360 2819 aequantem,
1411 2750 1624 2820 majore
1668 2753 1892 2808 cumulo
1954 2767 2117 2823 repo-

543 2858 704 2906 nens,
739 2841 1025 2904 honorem,
1069 2856 1230 2909 quem
1274 2841 1321 2894 ei
1352 2844 1632 2910 peccando
1673 2856 1774 2897 nos
1813 2843 2118 2897 abstulera-

543 2951 671 2988 mus
712 2937 1004 3004 reparavit.
1049 2931 1304 3002 Magnum
1347 2934 1536 3002 utique
1568 2934 1827 3002 pretium.
1868 2935 1988 2988 Vita
2019 2949 2118 2988 au-

543 3037 654 3082 tem
704 3043 917 3080 omnem
965 3026 1229 3080 honorem
1270 3023 1526 3090 reddidit,
1570 3034 1624 3080 et
1666 3039 1775 3094 quo
1819 3026 1971 3080 illum
2022 3027 2120 3081 liO-

2223 563 2562 633 δικαιοσύνη.
2602 562 2712 617 Καὶ
2738 563 2847 634 γὰρ
2878 562 3096 617 καὶτὸν
3146 565 3310 632 νόμον
3357 563 3520 622 αὑτὸν
3579 564 3795 634 ἀνθρώ-

2224 669 2343 706 πων
2390 653 2741 721 δικαιοσύνην
2789 654 2819 706 ὁ
2859 653 3130 722 μακάριος
3183 653 3342 706 καλεῖ
3390 652 3634 716 Παῦλος⁹
3669 671 3687 703 ι
3717 653 3794 706 Ού

2222 743 2332 812 γὰρ
2369 746 2744 814 ὑπετάγησαν,
2777 742 2936 812 φησὶ,
2967 745 3033 813 τῇ
3064 742 3376 813 δικαιοσύνῃ
3402 743 3495 795 τοῦ
3527 741 3663 795 Θεοῦ
3694 743 3797 814 τὴν

2226 836 2364 887 ἰδίαν
2421 834 2771 903 δικαιοσύνην
2831 837 3026 904 στῆσαι
3081 833 3392 905 ζητοῦντες,
3425 852 3444 886 ι
3482 833 3575 886 τδν
3630 834 3796 903 νόμον

2223 923 2396 992 λέγων
2447 925 2540 978 τὸν
2590 925 2856 980 παλαιόν⁸
2902 923 3158 978 τοσοῦτον
3199 925 3307 996 γάρ
3352 926 3586 996 ἐδυνήθη
3633 928 3794 995 μόνον

2224 1014 2366 1068 κατὰ
2417 1015 2526 1068 τῶν
2584 1015 2874 1085 ἡμετέρων
2932 1013 3146 1081 κακῶν,
3199 1015 3327 1068 ὅσον
3376 1018 3798 1086 παρασκευάσαι

2222 1113 2360 1184 πρὸς
2393 1113 2492 1185 τὴν
2519 1113 2709 1182 ὑγείαν
2737 1114 2834 1167 καὶ
2872 1112 3058 1180 ἀξίους
3093 1114 3317 1184 ποιῆσαι
3348 1114 3448 1182 τῆς
3472 1113 3564 1167 τοῦ
3609 1115 3796 1186 ἰατροῦ

2221 1207 2425 1275 χειρός.
2472 1225 2491 1257 ι
2525 1207 2584 1258 '0
2621 1207 2731 1276 γάρ
2766 1207 2931 1275 νόμος
2980 1205 3330 1274 παιδαγωγὸς
3387 1205 3545 1275 ἡμῶν
3583 1208 3792 1272 γέγονε.

2223 1299 2407 1369 φησιν,
2439 1301 2518 1362 εἰς
2543 1298 2782 1368 Χριστὸν
2822 1299 3049 1370 Ἰησοῦν,
3080 1317 3097 1351 ι
3133 1300 3228 1353 καὶ
3251 1302 3278 1352 6
3311 1300 3580 1368 μακάριος
3618 1298 3797 1352 Ἰωάν-

2221 1405 2320 1460 νης
2356 1390 2436 1452 είς
2463 1389 2553 1443 τὸν
2581 1390 2875 1460 ἐρχόμενον
2905 1390 3189 1456 ἐὸάπτιζε,
3217 1391 3313 1443 καὶ
3365 1391 3515 1443 πᾶσα
3578 1390 3796 1457 φιλοσοο

2223 1484 2322 1550 φία
2344 1481 2649 1553 ἀνθρώπων
2677 1483 2772 1535 καὶ
2802 1483 2963 1545 πόνος
2993 1482 3139 1545 ἄπας
3173 1482 3307 1552 πρὸς
3349 1485 3446 1552 τὴν
3497 1481 3669 1551 ἀληθῆ
3715 1482 3795 1532 (St--

2223 1575 2516 1644 καιοσύνην
2567 1575 2874 1644 προτέλειαί
2927 1575 3072 1638 τινές
3123 1575 3230 1628 εἰσι
3279 1575 3372 1628 καὶ
3422 1576 3793 1643 παρασκευαί.

2219 1666 2388 1721 Ταῦτ’
2420 1667 2529 1735 ἄρα
2545 1669 2640 1721 καὶ
2686 1668 2760 1729 ὡς
2787 1668 2853 1721 ἂν
2883 1667 3096 1721 οῑκοθεν
3122 1667 3216 1720 καὶ
3246 1667 3377 1734 παρ’
3411 1668 3436 1734 ἡ
3448 1666 3564 1736 μῶν
3615 1666 3794 1719 αὐτῶν

2221 1761 2590 1826 ἐπιδείξασθαι
2673 1761 2747 1832 μὴ
2812 1760 3136 1829 δυναμένοις
3207 1759 3559 1828 δικαιοσύνην
3633 1756 3796 1819 uite;

2219 1853 2351 1923 ἡμῖν
2402 1851 2687 1920 όΧριστὸς
2739 1849 2958 1918 ἐγένετο
2987 1848 3301 1918 δικαιοσύνη
3356 1849 3464 1902 ἀπὸ
3506 1847 3641 1900 Θεοῦ
3699 1864 3794 1900 και

2217 1942 2486 2012 ἁγιασμὸς
2515 1941 2608 1994 καὶ
2638 1940 3035 2010 ἀπολύτρωσις,
3075 1941 3172 1993 καὶ
3210 1939 3326 1992 λύει
3359 1939 3458 2008 τὴν
3508 1938 3708 2008 ἔχθρα-ι
3740 1939 3796 1990 ὲν

2215 2036 2282 2105 τῇ
2315 2033 2478 2103 σαρκὶ
2507 2033 2599 2085 καὶ
2625 2033 2714 2082 τὸν
2739 2031 2870 2084 Θεδν
2899 2032 3034 2099 ἡμῖν
3076 2027 3461 2091 καταλλάττει,
3497 2028 3559 2080 οὐ
3583 2030 3647 2098 τῇ
3697 2028 3796 2094 φύ-

2219 2141 2302 2178 σει
2331 2124 2526 2185 κοινῶς
2555 2121 2666 2176 οὐδ’
2691 2124 2779 2176 ὅτε
2811 2123 3112 2194 ὲπέθνησκε
3163 2122 3347 2190 μόνον,
3374 2119 3490 2173 ἀλλ’
3535 2120 3791 2173 ἑκάστοτε

2219 2217 2316 2270 καὶ¹
2346 2216 2564 2286 ἑκάστῳ
2592 2215 2702 2268 τῶν
2753 2213 3078 2284 ἀνθρώπων,
3121 2214 3310 2285 ὥσπερ
3330 2262 3342 2276 ,
3380 2212 3787 2282 σταυρούμενος

2216 2311 2360 2376 τότε,
2438 2308 2535 2362 νῦν
2611 2306 2851 2377 εύωχῶν,
2937 2305 3157 2360 ἐπειδὰν
3231 2307 3594 2377 μεταγνόντες
3659 2307 3791 2372 περί

2219 2395 2296 2456 ὧν
2328 2399 2651 2471 ἡμάρτομεν
2701 2397 3119 2467 παραιτώμεθα.
3175 2398 3357 2458 Μόνος
3408 2397 3518 2466 γὰρ
3557 2396 3787 2464 ἐδυνήθη

2219 2491 2312 2545 καὶ
2335 2489 2432 2558 τὴν
2461 2487 2824 2557 ὀφειλομένην
2873 2484 3096 2539 ἃπασαν
3158 2484 3452 2538 ἀποδοῦναι
3494 2483 3659 2554 τιμὴν
3714 2483 3792 2552 τῷ

2217 2581 2570 2652 γεγεννηκότι
2603 2581 2698 2632 καὶ
2724 2578 2852 2649 περὶ
2884 2579 2984 2648 τῆς
3012 2577 3404 2647 ἀπενεχθείσης
3448 2575 3791 2645 ἀπολογήσα-

2220 2675 2367 2734 σθαι,
2395 2670 2457 2721 τὸ
2483 2669 2582 2740 μὲν
2608 2669 2686 2739 τῷ
2726 2668 2847 2738 βίῳ,
2878 2667 2939 2719 τὸ
2989 2665 3048 2719 δὲ
3105 2668 3170 2736 τῇ
3229 2665 3474 2735 τελευτῇ.
3519 2664 3623 2719 Τὸν
3679 2662 3790 2733 γάρ

2218 2763 2466 2828 θάνατον,
2492 2760 2551 2814 δν
2575 2761 2716 2826 ὑπὲρ
2736 2759 2837 2829 τῆς
2855 2758 3010 2828 δόξης
3039 2756 3132 2810 τοῦ
3161 2757 3373 2828 Πατρδς
3403 2755 3669 2810 ἀπέθανεν
3696 2757 3790 2807 ἐπι

2217 2855 2311 2910 τοῦ
2340 2852 2602 2922 σταυροῦ,
2635 2851 2733 2922 τῆς
2789 2851 2918 2920 παρ’
2950 2849 3106 2922 ἡμῶν
3176 2848 3388 2919 ὕϐρεως
3461 2849 3792 2919 ἀντίρροπον

2218 2944 2548 3014 εἰσενεγκὼν
2607 2944 2748 3014 μετὰ
2806 2944 3053 3014 μείζονος
3114 2943 3212 3012 τῆς
3280 2941 3656 3011 παρασκευῆς,
3723 2939 3793 3010 ην

2220 3040 2382 3110 ἡμεῖς
2415 3036 2743 3106 όφειλόμεθα
2775 3037 2944 3106 τιμὴν
2985 3035 3052 3088 δι’
3082 3029 3158 3088 ὧν
3206 3033 3627 3104 ὲξημάρτομεν,
3663 3032 3795 3085 ἀνα-

548 3134 745 3174 norare
817 3129 869 3172 et
941 3117 1154 3172 Patrem
1206 3117 1467 3172 honorari
1516 3125 1945 3174 consentaneum
1996 3119 2117 3177 fuit.

2223 3123 2468 3185 καλεῖται
2517 3128 2700 3198 πολλῷ
2724 3127 2802 3198 τῷ
2830 3128 2946 3182 δντι
2970 3145 2983 3160 ·
3015 3127 3095 3198 τῷ
3126 3127 3185 3180 δὲ
3221 3126 3319 3197 βίῳ
3368 3129 3551 3180 πᾶσαν
3585 3123 3794 3178 ἀπέδω-

551 3211 759 3265 Etcnim
795 3219 992 3280 praeter
1026 3210 1194 3263 multa
1229 3223 1533 3280 magnaque
1579 3225 1746 3280 opera
1793 3225 1916 3280 quae
1958 3211 2119 3266 exhi-

549 3302 686 3367 buit,
730 3317 851 3368 quze
889 3300 1035 3355 Patri
1084 3300 1271 3370 gloriae
1315 3303 1563 3356 maxima:
1607 3302 1849 3369 fnetunt,
1880 3312 1994 3359 tum
2038 3303 2119 3360 vi-

541 3403 659 3449 tam
712 3406 880 3447 totam
930 3393 1000 3446 ab
1054 3393 1200 3446 omni
1244 3401 1468 3461 peccato
1508 3407 1700 3462 puram
1758 3394 1959 3462 gessit;
2005 3401 2119 3448 tum

548 3487 964 3543 accuratissime
1013 3494 1068 3538 et
1127 3485 1523 3553 perfectissime
1571 3484 1715 3554 leges
1762 3484 1866 3538 sibi
1936 3485 2005 3538 ab
2051 3499 2118 3540 eo

535 3581 704 3635 datas
747 3587 1043 3633 exsecutus
1085 3586 1214 3640 est,
1263 3591 1368 3630 non
1425 3584 1636 3630 tantum
1690 3575 1759 3629 iis
1819 3569 1956 3646 quas
2000 3575 2119 3644 ipse

549 3671 784 3727 servavit
832 3669 1060 3738 (etenim
1117 3683 1135 3716 ι
1175 3665 1350 3719 Patris
1393 3665 1496 3719 mei
1533 3673 1796 3733 praecepta
1838 3664 2073 3728 servavi,
2098 3683 2115 3714 ι

544 3764 729 3832 inquit
761 3762 854 3829 ³⁷),
884 3761 978 3815 sed
1024 3760 1186 3812 etiam
1228 3771 1369 3826 quas
1409 3755 1690 3810 hominum
1718 3756 1841 3810 vita:
1869 3757 2122 3825 praescri-

548 3856 672 3924 psit,
706 3854 859 3908 solus
889 3850 1165 3906 caelestem
1195 3846 1599 3916 philosophiam
1653 3854 1810 3900 terra:
1846 3860 2120 3916 praemon-

547 3956 728 3998 strans
772 3949 826 3996 et
871 3941 1135 4004 inserens,
1161 3945 1420 4007 praeterea
1465 3935 1747 3992 miraculis
1788 3935 1946 4005 ipsis,
1987 3951 2122 4006 quo-

543 4051 668 4090 rum
705 4046 926 4089 causam
950 4039 1024 4085 et
1055 4037 1336 4083 auctorem
1369 4025 1584 4082 Patrem
1617 4026 1950 4096 praedicavit.

613 4305 818 4357 Praeter
849 4301 965 4353 haec
988 4295 1193 4360 omnia,
1219 4294 1343 4362 quis
1373 4309 1480 4348 non
1507 4293 1674 4358 videt,
1706 4295 1809 4348 hoc
1840 4309 1948 4349 uno
2005 4296 2120 4351 solo

549 4408 673 4448 cum
730 4388 1044 4444 hominibus
1094 4391 1371 4438 versatum
1415 4398 1558 4447 esse,
1613 4392 1669 4437 et
1721 4383 1859 4437 adeo
1916 4386 2121 4456 integre

551 4481 705 4537 carni
739 4477 1060 4543 implicitum
1098 4473 1266 4527 fuisse
1286 4508 1302 4536 ,
1343 4488 1453 4542 quo
1489 4473 1828 4529 clementiam
1857 4485 1910 4530 et
1938 4477 2127 4549 benig-
2153 4471 2206 4530 D

552 4575 773 4628 nitatem
811 4567 1076 4623 mittentis
1131 4580 1191 4619 se
1223 4565 1540 4634 plenissime
1588 4575 1644 4620 et
1685 4568 2126 4627 manifestissime

547 4660 975 4730 demonstravit,
1009 4657 1260 4726 gloriam,
1290 4670 1456 4724 quam
1487 4671 1680 4711 omnes
1707 4658 1755 4712 ei
1789 4661 2122 4715 convenien-

545 4769 629 4810 tes
670 4755 914 4808 tribuere
959 4749 1252 4810 debebant,
1288 4746 1634 4801 conciliatam
1680 4749 1840 4802 esse?
1871 4747 1927 4803 Si
1976 4751 2119 4805 enim

548 4848 765 4900 bonitas
794 4845 915 4911 ejus
955 4838 1252 4896 benefactis
1276 4838 1550 4892 metienda
1583 4848 1686 4905 est,
1721 4849 1774 4896 et
1809 4843 1992 4908 generi
2023 4842 2126 4896 hu-

552 4953 711 4992 manu
746 4951 838 5004 per
865 4930 1225 4989 (Bconomiam
1272 4931 1416 4984 Deus
1464 4929 1602 4985 adeo
1650 4931 1937 4999 benefecit,
1971 4941 2028 4986 ut
2057 4950 2122 4990 co

547 5027 937 5098 pertinentium
970 5024 1103 5079 nulli
1128 5033 1394 5093 parceret,
1418 5023 1512 5077 sed
1535 5038 1726 5078 onmes
1747 5024 1967 5079 divitias
1989 5041 2120 5082 suas

551 5129 755 5170 natura:
788 5117 1038 5168 humana:
1092 5113 1396 5167 includeret
1424 5111 1670 5181 (etenim,
1703 5113 1788 5165 cln
1822 5114 1938 5182 ipso
1969 5115 2121 5170 1ι.ιι›ἰ⁴

540 5217 645 5270 tat,
680 5206 871 5274 inquit,
920 5203 1099 5257 omnis
1148 5202 1428 5266 plenitudo
1475 5202 1778 5256 divinitatis
1819 5206 2119 5272 corporali-

2220 3238 2284 3276 κε
2314 3220 2499 3290 τιμὴν,
2523 3219 2616 3272 κοιλ⁸
2650 3217 2714 3290 ἢν
2749 3217 2893 3280 εἰκὸς
2920 3211 2987 3288 ἦν
3013 3216 3239 3286 τιμῆσαι
3270 3217 3370 3284 μὲν
3434 3215 3660 3279 ἐκεῖνον,
3711 3231 3795 3267 τι·

2225 3311 2460 3383 μηθῆναι
2485 3310 2543 3362 δὲ
2586 3310 2675 3362 τὸν
2728 3307 2974 3378 Πατέρα.
3007 3308 3170 3360 Ἀνευ
3205 3307 3311 3378 γάρ
3371 3302 3446 3360 ὢν
3484 3305 3792 3370 ἐπεδείξατο

2222 3403 2432 3456 πολλῶν
2478 3403 2573 3455 καὶ
2606 3400 2856 3470 μεγάλων
2884 3399 3086 3468 ἔργων,
3125 3399 3162 3453 ἃ
3193 3399 3270 3468 τῷ
3305 3400 3476 3467 Πατρὶ
3504 3398 3601 3468 τὴν
3635 3397 3788 3468 μεγί-

2223 3510 2356 3563 στην
2383 3487 2496 3562 εἶχε
2526 3492 2710 3562 τιμὴν,
2749 3489 2906 3542 τοῦτο
2935 3490 3032 3558 μὲν
3065 3491 3339 3561 ἁμαρτίας
3373 3491 3590 3558 ἀπάσης
3615 3490 3788 3542 καθα·-

2228 3584 2318 3654 ρδν
2345 3580 2759 3653 παρασχόμενος
2791 3581 2880 3633 τὸν
2915 3581 3047 3651 βίον,
3078 3581 3232 3634 τοῦτο
3262 3581 3318 3633 δὲ
3361 3581 3428 3634 δι’
3464 3575 3540 3635 ὧν
3568 3581 3792 3652 ἀκριϐέ-

2222 3688 2394 3724 στατα
2424 3671 2517 3724 καὶ
2547 3670 2852 3724 τελεώτατα
2905 3671 3030 3731 τοὺς
3084 3671 3291 3724 ἐκεῖθεν
3341 3671 3508 3724 ἔσωσε
3572 3673 3788 3742 νόμους,

2221 3763 2319 3833 οὐχ
2355 3758 2435 3826 οἷς
2460 3761 2618 3824 αὐτὸς
2639 3761 2929 3832 εἰργάσατο
2961 3762 3118 3831 μόνον
3173 3764 3221 3832 (ι
3246 3765 3358 3820 Καὶ
3383 3765 3491 3832 γὰρ
3523 3765 3618 3826 τὰς
3649 3767 3794 3818 ιντο-

2223 3851 2321 3914 λάς
2349 3851 2442 3904 τοῦ
2475 3849 2687 3920 Πατρός
2732 3866 2859 3919 μου,
2889 3853 3042 3921 φησὶ,
3102 3854 3378 3923 τετήρηκα
3413 3855 3485 3921 ι),
3518 3855 3652 3908 ἀλλά
3698 3856 3791 3908 καὶ

2223 3938 2303 4006 οἷς
2323 3941 2401 4012 τῷ
2448 3940 2549 4013 βίῳ
2607 3942 2717 3995 τῶν
2778 3941 3080 4011 ἀνθρώπων
3122 3943 3450 4011 ἐνομοθέτει,
3491 3945 3648 4014 μόνος
3691 3945 3790 4015 τὴν

2222 4033 2470 4102 οὐράνιον
2488 4035 2554 4103 τῇ
2589 4034 2661 4102 γῇ
2694 4030 2978 4102 προδείξας
3012 4032 3106 4085 καὶ
3137 4033 3407 4100 φυτεύσας
3447 4034 3786 4104 φιλοσοφίαν,

2223 4122 2306 4177 ετι
2329 4122 2384 4176 δὲ
2415 4123 2593 4177 αὐτῶν
2620 4123 2728 4176 τῶν
2753 4123 3068 4193 θαυμάτων,
3093 4118 3168 4179 ὧν
3199 4126 3370 4180 αἴτιον
3398 4126 3660 4197 ἐκήρυττε
3699 4126 3790 4178 τὸν

2222 4215 2613 4287 γεγεννηκότα,

2295 4307 2454 4378 Παρά
2473 4314 2652 4361 πάντα
2681 4305 2747 4376 δὴ
2769 4305 2942 4360 ταῦτα
2971 4306 3054 4370 τίς
3079 4307 3179 4360 οὐκ
3199 4301 3361 4374 οἶδεν,
3387 4308 3465 4371 ὡς
3479 4309 3612 4362 αὐτὸ
3634 4308 3793 4362 τοῦτο

2233 4397 2393 4468 μόνον
2425 4398 2483 4451 τὸ
2515 4399 2654 4469 μετά
2678 4398 2982 4470 ἀνθρώπων
3009 4399 3262 4468 γενέσθαι
3297 4402 3388 4453 καὶ
3419 4399 3592 4464 οὕτως
3628 4403 3788 4469 ἀκρι-

2232 4489 2340 4552 ϐῶς
2384 4489 2548 4559 σαρκὶ
2583 4488 2952 4559 συναφθῆναι,
2998 4491 3100 4558 τὴν
3146 4490 3242 4543 τοῦ
3279 4492 3595 4560 πέμψαντος
3653 4509 3788 4561 χρη-

2228 4582 2461 4652 στότητα
2509 4582 2603 4634 καὶ
2649 4582 3064 4651 φιλανθρωπίαν
3101 4581 3477 4653 ἀκριϐέστατα
3507 4585 3599 4635 καὶ
3627 4599 3789 4649 φανε-

2229 4671 2451 4743 ρώτατα
2515 4672 2785 4736 διαδείξας
2835 4674 2935 4742 τὴν
2995 4674 3125 4742 περὶ
3187 4672 3355 4727 αὑτοῦ
3407 4675 3789 4744 προσήκουσαν

2224 4763 2450 4832 ἐνέθηκε
2475 4763 2633 4828 δόξαν
2655 4778 2672 4830 ;
2711 4763 2774 4816 Εἰ
2801 4764 2908 4832 γὰρ
2936 4763 3013 4833 τῷ
3037 4759 3095 4817 εὖ
3122 4767 3299 4817 ποιεῖν
3321 4765 3420 4836 τὴν
3443 4765 3791 4834 χρησ;ότητα

2223 4854 2305 4908 δεῖ
2337 4857 2581 4925 μετρεῖν,
2610 4855 2757 4908 οὕτω
2785 4855 2841 4909 δὲ
2875 4856 2934 4908 τὺ
2965 4855 3120 4924 γένος
3150 4857 3242 4909 ἐπὶ
3261 4856 3360 4925 τῆς
3391 4858 3704 4926 οἰκονομίας
3731 4853 3790 4910 εὖ

2229 4943 2529 5012 πεποίηκεν
2568 4945 2597 4996 ό
2650 4946 2806 5011 Θεὸς,
2836 4946 2911 5010 ῶς
2946 4947 3173 5018 μηδενὸς
3227 4947 3517 5017 φείσασθαι
3561 4951 3672 5002 τῶν
3710 4951 3791 5012 είς

2225 5033 2385 5086 τοῦτο
2428 5035 2724 5105 φερόντων,
2761 5035 2897 5090 ἀλλά
2931 5038 3110 5092 πάντα
3156 5038 3247 5090 τὸν
3294 5036 3526 5091 πλοῦτον
3550 5039 3784 5092 ἐνθεῖναι

2224 5128 2291 5196 τῇ
2320 5125 2483 5193 φύσει
2512 5126 2603 5177 τὸν
2632 5125 2849 5190 ἑαυτοῦ,
2881 5129 2974 5180 καί
3000 5127 3106 5198 γὰρ
3139 5147 3159 5180 ι
3207 5129 3295 5180 Ἐν
3327 5129 3475 5198 αύτῷ
3518 5132 3782 5190 κατοικεῖ,

2227 5219 2385 5288 φησὶ,
2420 5218 2526 5270 πᾶν
2553 5217 2614 5270 τὺ
2641 5217 2918 5288 πλήρωμα
2952 5220 3051 5288 τῆς
3091 5219 3344 5287 θεότητος
3377 5221 3728 5288 σωματικῶς,
3760 5238 3776 5267 ι

547 5310 627 5351 ter
644 5297 770 5367 ³⁸)),
797 5295 1138 5364 perspicuum
1161 5303 1264 5359 est,
1286 5307 1387 5346 nos
1428 5290 1776 5346 inSalvatore
1807 5309 2115 5363 supremam

2225 5307 2492 5378 πρόδηλον
2521 5307 2601 5360 ὅτι
2645 5307 2736 5360 τὸν
2763 5307 2988 5378 ἔσχατον
3019 5307 3120 5377 τῆς
3163 5309 3316 5370 θείας
3371 5308 3784 5379 φιλανθρωπίας

543 5400 598 5444 et
629 5388 888 5441 extimam
945 5383 1334 5452 benignitatem
1369 5383 1492 5450 ejus
1524 5383 1890 5451 cognovisse;
1927 5395 1981 5441 et
2021 5406 2116 5456 per

2219 5398 2344 5468 ὅρον
2373 5400 2460 5451 ἐπὶ
2513 5396 2609 5452 τοῦ
2645 5399 2898 5469 Σωτῆρος
2945 5398 3214 5470 ἔγνωμεν,
3252 5402 3346 5453 καὶ
3386 5399 3456 5452 δι’
3483 5394 3561 5451 ὧν
3598 5401 3787 5469 εἰργά-

542 5495 606 5531 ea
635 5495 756 5548 quae
783 5477 1057 5547 praestitit,
1105 5475 1254 5528 solus
1285 5472 1536 5524 homines
1582 5473 1836 5539 erudivit,
1885 5490 2113 5546 quam”.

2222 5505 2355 5540 σατο
2389 5488 2550 5558 μόνος
2595 5488 2831 5553 ἐδίδαξεν
2875 5491 3218 5562 ἀνθρώπους,
3259 5493 3408 5552 ὅπως
3445 5489 3736 5558 ἠγάπησεν
3761 5492 3789 5542 ό

541 5587 671 5638 pere
700 5570 870 5623 Deus.
899 5568 1160 5620 tnundum
1213 5560 1489 5624 dilexerit,
1519 5572 1834 5633 quantaque
1877 5571 1946 5620 sit
1997 5569 2114 5636 ejus

2219 5577 2350 5638 Θεὸς
2385 5578 2478 5630 τὸν
2533 5577 2736 5648 κόσμον
2762 5582 2856 5632 καὶ
2903 5560 3001 5652 ὅση
3048 5582 3131 5644 τίς
3170 5585 3318 5634 ἐστιν
3369 5581 3520 5649 αὺτῴ
3571 5583 3700 5648 περὶ
3723 5581 3786 5634 τὸ

615 5682 943 5760 alim":ng
1111 5678 1154 5710 ³³
1201 5675 1376 5760 Callet.
1411 5687 1494 5737 Ill,
1559 5675 1646 5728 24.
1725 5679 1769 5710 ³⁵
1790 5681 1909 5736 Act.
1952 5699 2062 5749 XIX,
2093 5686 2127 5739 4

2227 5687 2470 5744 "Hier.
2533 5690 2692 5754 1,50.
2770 5691 3024 5760 “Ephes
3107 5709 3162 5757 ll,
3234 5695 3313 5754 14,
3379 5690 3467 5744 16.
3549 5689 3786 5744 “Joan.

549 5767 638 5813 xv,
673 5752 756 5805 10.
837 5750 881 5784 ⁸⁸
903 5751 1117 5804 Coloss.
1157 5747 1328 5810 ",19.
2051 5747 2058 5749 “

2559 5747 2571 5754 ι
2890 5747 2906 5760 ι
3151 5747 3161 5757 ι
