4196 6308
400 337 509 402 58’)

1474 339 1566 399 DE
1605 338 1785 400 VITA
1817 336 1896 397 IN
1939 337 2272 399 CIIRISTO
2308 341 2456 401 LIB.
2482 343 2582 402 IV.

3425 293 3433 302 ’
3537 344 3642 409 590

401 454 555 521 γένος
601 449 920 523 κηδεμονία.
944 449 1105 507 Ὅθεν
1155 448 1248 502 καὶ
1296 446 1386 499 τὸν
1436 446 1748 518 Νικόδημον
1779 445 1871 507 ἐπὶ
1914 446 1974 500 τὸ

2077 437 2200 520 erga
2247 465 2418 520 genus
2451 457 2697 506 nostrum
2731 465 2863 507 cura
2907 461 2964 507 et
3008 453 3340 510 sollicitudo.
3394 453 3550 510 Unde
3593 461 3645 510 et

399 545 607 614 γνῶναι
636 543 733 613 τὴν
762 541 1176 612 φιλανθρωπίαν
1224 539 1319 594 τοῦ
1350 540 1561 609 Πατρὸς
1605 538 1857 593 ἐντεῦθεν
1889 541 1974 594 ὲν-

399 641 545 708 άγει,
580 638 674 693 καὶ
706 635 866 688 τοῦτο
891 634 1114 704 σημεῖον
1137 630 1322 684 ἱκανὸν
1344 633 1578 683 ποιεῖται
1612 630 1708 699 τῆς
1739 617 1968 701 ἀπείρου

396 730 783 801 χρηστότητος,
813 727 908 778 καὶ
937 743 955 776 ι
991 722 1171 788 υῦτω,
1213 725 1396 794 φησιν,
1429 723 1458 775 6
1483 722 1616 786 Θεὸς
1646 720 1738 774 τὸν
1766 721 1969 793 κόσμον

395 824 710 892 ἠγάπησεν,
742 818 884 872 ὥστε
921 817 1015 871 τὸν
1057 816 1185 869 Υῐδν
1211 814 1375 868 αὐτοῦ
1412 815 1502 869 τὸν
1540 815 1806 884 μονογενῆ
1833 815 1965 867 ἕδωο

399 931 515 976 κεν,
547 912 637 966 ἵνα
686 912 793 973 πᾶς
826 912 854 960 6
905 905 1178 962 πιστεύων
1211 908 1295 969 εἰς
1352 905 1513 960 αὑτὸν
1562 909 1639 976 μὴ
1675 906 1966 975 ἀπόληται,

397 1005 513 1058 ἀλλ’
544 1003 642 1074 ἔχῃ
688 1002 836 1071 ζωὴν
883 999 1123 1054 αἰώνιον.
1165 1016 1183 1048 ι
1221 999 1281 1050 Εἰ
1338 997 1446 1067 γὰρ
1473 990 1548 1051 ὧν
1591 997 1853 1050 κατέθετο
1899 999 1964 1067 τῇ

320 1155 323 1157 ,
401 1097 561 1166 φύσει
599 1095 841 1165 χαρίτων
866 1092 960 1145 ἐπὶ
982 1094 1048 1161 τῇ
1081 1089 1295 1159 καθόδῳ
1330 1089 1420 1150 τοῦ
1455 1088 1773 1158 μονογενοῦς
1799 1091 1826 1141 6
1853 1092 1967 1142 Παο

395 1190 522 1256 τὴρ,
561 1187 780 1255 μείζους
823 1184 856 1253 ἢ
895 1184 1146 1247 καλλίους
1183 1183 1282 1234 οὐκ
1315 1181 1426 1252 ἔχει
1455 1180 1659 1244 δοῦναι,
1701 1180 1864 1249 δῆλον
1892 1179 1967 1234 ὼς

395 1277 516 1330 οὐδὲ
571 1276 742 1344 μείζω
793 1275 951 1340 δόξαν
1008 1275 1074 1327 ἂν
1122 1274 1398 1342 παράσχοι
1460 1273 1830 1344 χρηστότητος
1874 1272 1968 1329 καὶ

397 1369 829 1438 φιλανθρωπίας,
854 1363 921 1438 ἦς
959 1366 1170 1420 ἐκεῖθεν
1204 1364 1414 1436 ὑπῆρξε
1455 1365 1676 1417 λαϐεῖν’
1721 1365 1818 1418 καὶ
1843 1365 1966 1418 τού-

394 1480 490 1514 του
545 1461 703 1532 χάριν
732 1461 822 1514 τὸν
871 1460 1074 1531 τρόπον
1110 1457 1299 1510 τοῦτον
1351 1461 1379 1511 6
1421 1457 1614 1528 Σωτὴρ
1658 1457 1725 1515 δι’
1771 1455 1964 1510 ἑαυτοῦ

299 1617 304 1622 ,
396 1554 562 1620 ἀξίως
622 1551 818 1606 ἑαυτοῦ
865 1553 958 1617 καὶ
1019 1549 1113 1603 τοῦ
1172 1551 1570 1619 γεγεννηκότος
1621 1549 1712 1605 τὸν
1747 1549 1966 1618 Πατέρα

395 1644 549 1713 τιμᾷ.
590 1643 738 1711 Τιμὴ
765 1643 872 1711 γὰρ
916 1640 1050 1694 Θεοῦ
1091 1642 1143 1694 τί
1170 1638 1372 1708 γένοιτ’
1400 1639 1466 1694 ἂν
1495 1638 1643 1702 ἄλλο,
1675 1639 1707 1708 ἢ
1757 1638 1816 1694 τὸ
1847 1639 1965 1693 δια-

2080 540 2437 596 Nicodemum
2476 541 2545 596 ad
2591 541 2767 600 Patris
2802 545 3195 599 humanitatem
3238 547 3641 614 agnoscendam

2073 631 2200 690 hinc
2235 632 2466 698 inducit,
2496 642 2549 686 et
2575 633 2715 688 istuc
2749 634 3012 689 bonitatis
3045 635 3164 704 ejus
3205 634 3478 690 suiliciens
3507 638 3644 699 indi-

2071 723 2214 778 cium
2245 738 2366 778 esse
2389 725 2544 779 vult:
2574 742 2593 776 ι
2630 725 2722 780 Sic
2750 725 2890 780 Deus
2921 727 3108 781 dilexit
3134 727 3419 792 mundum,
3447 729 3643 798 inquit,

2071 827 2131 870 ut
2163 815 2358 869 Filium
2393 833 2552 872 suum
2604 818 2944 888 unigenitum
2991 818 3164 892 daret,
3220 827 3280 874 ut
3325 819 3506 873 omnis
3549 818 3642 886 qui

2071 906 2246 960 credit
2269 908 2320 960 in
2351 906 2527 976 ipsum
2558 924 2666 962 non
2699 918 2907 978 pereat,
2943 907 3036 964 sed
3067 909 3265 962 habeat
3292 908 3459 962 vitatn
3485 917 3643 962 mter-

2069 1011 2193 1050 nam
2228 995 2295 1050 '9.
2335 1014 2352 1048 ι
2401 997 2456 1050 Si
2485 979 2628 1056 enim
2663 996 2824 1051 Pater
2851 997 3061 1066 majora
3095 1005 3150 1052 et
3179 998 3404 1052 meliora
3445 997 3648 1052 beueti-

2068 1086 2152 1141 cia
2204 1087 2260 1140 in
2309 1095 2564 1141 naturam
2613 1087 2889 1143 collocare
2949 1103 3058 1140 non
3116 1087 3326 1156 potuit,
3376 1102 3540 1158 quam
3591 1087 3642 1140 in

2069 1176 2190 1232 Filii
2222 1177 2290 1230 ad
2317 1192 2416 1231 nos
2443 1176 2710 1232 descensu
2735 1177 3043 1243 collocavit,
3071 1177 3291 1246 planum
3323 1187 3427 1244 est,
3448 1175 3644 1231 Filiam

2066 1272 2114 1322 ei
2161 1268 2422 1337 majorem
2459 1268 2684 1338 gloriam
2742 1269 3002 1322 bonitatis
3045 1276 3094 1322 et
3149 1268 3505 1323 humanitatis
3554 1283 3648 1337 pa-

2068 1375 2187 1415 rere
2215 1376 2324 1415 non
2358 1361 2625 1431 potuisse,
2661 1375 2824 1430 quam
2855 1360 2985 1416 hinc
3019 1368 3104 1414 est
3137 1368 3488 1414 consecutus.
3531 1356 3643 1411 llac

2067 1451 2132 1505 de
2157 1466 2322 1506 causa
2352 1452 2461 1506 isto
2495 1453 2657 1506 modo
2694 1450 2944 1506 Salvator
3003 1464 3101 1520 per
3154 1450 3397 1515 seipsum
3423 1491 3438 1514 ,
3474 1459 3531 1502 ut
3585 1462 3645 1502 se

2065 1549 2119 1594 et
2165 1541 2411 1608 genitore
2455 1541 2676 1612 dignum
2724 1549 2826 1605 est,
2877 1554 3002 1594 eum
3038 1538 3292 1591 honorat.
3322 1537 3464 1601 Quid
3494 1536 3642 1592 enim

2066 1631 2213 1684 aliud
2248 1631 2336 1686 Dei
2379 1633 2557 1687 honor
2591 1632 2680 1694 sit,
2717 1647 2886 1700 quam
2929 1630 3282 1684 excellentem
3316 1629 3435 1696 ejus
3477 1627 3638 1680 boni-

397 1737 671 1805 δειχθῆναι
694 1735 1061 1803 διαφερόντως
1091 1733 1294 1801 ἀγαθὸν
1318 1733 1484 1795 linat;
1519 1731 1627 1789 Καὶ
1656 1730 1794 1802 αῦτη
1819 1733 1965 1786 ἐστὶν

2069 1731 2232 1778 tatem
2263 1722 2658 1779 demonstrari?
2684 1724 2864 1793 Atque
2902 1721 3016 1805 hate
3043 1729 3130 1776 est
3156 1720 3350 1790 gloria,
3383 1734 3504 1787 qua:
3531 1718 3642 1788 jam

397 1828 431 1896 ἡ
700 1797 985 1896 πόρρωθεν
1014 1797 1278 1892 ὠφείλετο
1311 1823 1434 1892 μὲν,
1462 1822 1564 1882 οὐκ
1589 1823 1716 1891 ἐνῆν
1743 1797 1801 1876 δέ
1833 1824 1967 1893 παρ’

2070 1813 2276 1882 pridem
2325 1812 2373 1866 ei
2414 1812 2714 1868 debebatur
2737 1852 2752 1878 ,
2783 1821 2836 1865 et
2873 1827 2904 1865 a
2935 1797 3246 1865 mortalium
3278 1806 3499 1861 nemine
3527 1821 3646 1875 per-

396 1919 613 1982 οὐδενὸς
641 1918 736 1972 ἀνθ
749 1917 945 1987 ρώπων
972 1915 1368 1986 εἰσενεχθῆναι,
1389 1916 1482 1970 καὶ
1513 1915 1599 1970 διὰ
1624 1914 1781 1968 τοῦτο
1799 1956 1816 1982 ,
1847 1932 1866 1967 ι
1893 1915 1956 1970 El

398 2011 611 2081 Πατὴρ,
645 2013 832 2081 φησὶν,
862 2011 980 2080 εἰμὶ
1008 2009 1142 2078 ἐγὼ,
1195 2007 1299 2062 ποῦ
1324 2011 1470 2062 ἐστιν
1507 2010 1540 2078 ἡ
1583 2008 1713 2081 δόξα
1753 2025 1892 2077 μους
1933 2027 1950 2060 ι

395 2106 558 2174 Μόνῳ
609 2103 720 2174 γὰρ
769 2103 894 2175 ἐξῆν
948 2101 1027 2172 τῷ
1078 2102 1377 2172 Μονογενεί
1417 2101 1487 2155 τὰ
1542 2101 1726 2157 εἰκότα
1785 2102 1960 2156 πάντα

395 2195 663 2250 διασῶσαι
697 2194 832 2268 πρὸς
859 2193 948 2248 τὸν
988 2177 1251 2262 Πατέραί
1282 2195 1376 2249 καὶ
1415 2193 1594 2246 τοίνυν
1642 2193 1775 2247 αὐτὸ
1803 2193 1963 2247 τοῦτο

392 2287 632 2352 δεικνὺς,
680 2285 756 2350 ὡς
797 2285 906 2356 ἄρα
959 2284 1121 2354 μόνος
1166 2282 1393 2354 ἐδυνήθη
1437 2283 1652 2338 τουτονὶ
1680 2283 1772 2338 τὸν
1799 2278 1960 2342 ἆθλον

393 2378 614 2442 ἀνῦσαι,
672 2377 797 2432 ἐπεὶ
827 2375 887 2430 τὸ
924 2378 1028 2434 πᾶν
1055 2376 1298 2431 ἐτέλεσεν
1339 2375 1499 2446 ἔργον
1529 2377 1664 2446 πρὸς
1697 2376 1788 2430 τὸν
1813 2393 1960 2429 τετι-

395 2471 641 2541 μημένον
693 2451 936 2537 Πατέρα,
967 2487 986 2521 ι
1034 2466 1194 2535 Ἐγὼ,
1247 2467 1431 2539 φησὶν,
1488 2467 1715 2534 ὲδόξασά
1754 2484 1813 2520 σε
1866 2467 1961 2520 ἐπὶ

393 2567 492 2634 τῆς
527 2565 650 2634 γῆς,
688 2563 1008 2634 ὲφανέρωσά
1036 2579 1128 2616 σου
1161 2563 1222 2616 τὸ
1245 2563 1417 2632 δνομα
1440 2565 1554 2626 τοῖς
1573 2562 1902 2634 ἀνθρώποις.
1932 2582 1952 2616 ι

393 2657 652 2718 Εἰκότως.
679 2655 875 2722 ,Λόγος
919 2655 1028 2724 γάρ
1077 2656 1225 2708 ἐστιν
1271 2654 1496 2725 ἀκριϐὲς
1539 2654 1634 2708 τοῦ
1690 2670 1956 2724 γεγεννη-

392 2751 549 2814 κότος
595 2749 779 2818 φέρων
825 2745 887 2800 τὸ
929 2742 1088 2810 εἶδος,
1126 2746 1470 2818 ἀπαύγασμα
1504 2745 1605 2815 τῆς
1651 2746 1810 2816 δόξης
1859 2747 1958 2800 κα).

395 2842 682 2915 χαρακτὴρ
717 2841 817 2910 τῆς
871 2839 1224 2900 ὑποστάσεως
1247 2838 1413 2893 αὑτοῦ
1435 2853 1449 2869 ⁸
1490 2840 1586 2894 καὶ
1628 2838 1752 2890 ἐπεὶ
1781 2837 1848 2892 δι’
1877 2832 1955 2894 ὧν

398 2935 564 3004 σαρκὶ
595 2934 860 3004 συνήφθη,
889 2934 1004 2996 τοῖς
1035 2934 1093 2986 ὲν
1131 2930 1381 3000 αἰσθήσει
1417 2927 1554 2994 ζῶσι
1589 2929 1806 2991 συνετὸς
1837 2927 1964 2997 ἐγέ-

394 3041 536 3089 νετο,
569 3025 747 3077 πᾶσαν
774 3023 866 3076 τοῦ
897 3019 1321 3094 προενεγκόντος
1341 3019 1435 3074 νοῦ
1463 3020 1562 3090 τὴν
1586 3018 1798 3088 ἀγαθὴν
1824 3017 1964 3088 ἐμή-

2071 1905 2211 1962 solvi
2241 1916 2474 1976 poterat.
2508 1905 2663 1970 llinc,
2707 1924 2725 1958 ι
2764 1906 2821 1960 Si
2853 1904 3032 1969 Pater,
3065 1902 3238 1973 inquit
3269 1943 3284 1967 ,
3330 1915 3434 1970 ego
3480 1913 3599 1954 sum
3627 1935 3646 1963 ,

2071 1996 2163 2051 ubi
2196 2003 2279 2051 est
2303 1996 2478 2050 hmnor
2513 2011 2666 2051 metts
2690 1995 2775 2049 δοῖ
2815 2014 2833 2047 ι
2866 1995 2978 2049 Soli
3025 2008 3260 2064 namque
3289 1991 3426 2046 Filio
3463 1989 3644 2044 omnia

2071 2095 2437 2142 consentanea
2478 2103 2606 2158 erga
2655 2087 2868 2144 Patrem
2917 2096 3176 2156 praestare
3232 2084 3410 2138 licuit.
3459 2080 3647 2148 Itaque

2071 2182 2172 2236 hoc
2200 2180 2375 2253 ipsum
2413 2181 2727 2244 ostendens,
2761 2195 2819 2235 se
2852 2182 3031 2235 solum
3065 2177 3310 2247 potuisse
3343 2175 3447 2228 hoc
3477 2186 3643 2240 uego-

2073 2271 2206 2327 tium
2235 2271 2506 2327 coniicere
2527 2312 2544 2338 ,
2573 2281 2862 2342 postquam
2900 2286 3039 2340 opus
3068 2282 3229 2324 omne
3260 2265 3512 2329 absolvit,
3541 2263 3644 2317 Pa—

2071 2374 2206 2422 trem
2241 2365 2451 2423 honore
2478 2363 2733 2419 ati'ectum
2765 2362 2852 2418 bis
2892 2361 3072 2416 verbis
3105 2359 3446 2428 alloquitur:
3481 2374 3499 2407 ι
3533 2353 3644 2424 Ego

2073 2468 2126 2512 te
2178 2456 2472 2512 elariﬁcavi
2515 2471 2680 2525 super
2740 2464 2980 2521 terram,
3037 2449 3385 2508 mattil‘estavi
3442 2461 3644 2505 nomen

2068 2560 2221 2606 tuum
2261 2549 2576 2611 hominibus
2601 2548 2669 2605 δ’.
2700 2565 2720 2601 ›
2754 2546 2940 2606 Recte.
2975 2546 3072 2602 Est
3109 2546 3255 2600 enim
3283 2542 3560 2607 Verbum,
3589 2547 3647 2596 et

2068 2640 2342 2697 Genitoris
2372 2654 2684 2710 expressam
2712 2638 2818 2698 fert
2842 2637 3156 2710 imaginem,
3189 2653 3207 2687 ι
3241 2632 3514 2704 Splendor
3533 2629 3646 2701 glo-

2067 2732 2184 2799 riae,
2213 2740 2268 2786 et
2293 2715 2464 2801 ﬁgura
2495 2729 2813 2788 substantiae
2832 2729 2954 2800 ejus
2977 2729 3076 2783 δ’.»
3107 2727 3173 2783 Ει
3197 2725 3479 2798 quoniam,
3513 2723 3641 2792 quia

2070 2822 2222 2887 carni
2257 2822 2577 2894 copulatum
2614 2829 2700 2880 est
2722 2859 2739 2888 ,
2773 2837 2898 2878 eum
2932 2835 3099 2877 sensu
3129 2818 3438 2874 viventibus
3472 2813 3646 2876 evasit

2043 2913 2430 2986 .intelligibile,
2461 2929 2684 2969 omnem
2721 2915 2918 2978 mentis
2945 2929 3066 2984 quae
3099 2914 3273 2984 ipsum
3303 2912 3514 2983 genuit,
3551 2910 3647 2966 bo-

2072 3023 2196 3062 nam
2234 3008 2565 3064 voluntatem
2603 3007 2901 3062 nuntiavit.
2945 3006 3026 3060 Ad
3057 3006 3206 3075 quod
3251 3014 3307 3060 et
3344 3004 3478 3059 illud
3527 3017 3652 3072 spe-

395 3135 523 3172 νυσε
571 3117 830 3184 θέλησιν·
865 3114 1000 3184 πρὸς
1045 3113 1075 3168 ὃ
1108 3113 1330 3168 κάκεῖνο
1379 3111 1566 3180 φέρειν
1619 3109 1885 3181 ἡγοῦμαι,
1931 3106 1964 3162 6

2067 3109 2216 3156 ctare
2244 3102 2458 3168 opinor,
2483 3099 2627 3169 quod
2659 3097 2910 3168 Philippo
2937 3096 3156 3156 Patrem
3191 3096 3373 3150 videre
3401 3094 3645 3162 cupienti

397 3210 535 3280 πρὸς
580 3208 672 3262 τὸν
729 3207 1016 3270 Φίλιππον,
1056 3204 1184 3258 ἰδεῖν
1227 3203 1319 3257 τὸν
1377 3201 1602 3275 Πατέρα
1664 3198 1958 3272 ζητοῦντα,

396 3301 559 3370 φησὶν
582 3299 610 3351 6
643 3298 856 3370 Σωτὴρ,
891 3316 911 3350 ‹
959 3296 1020 3350 '0
1059 3293 1322 3364 ἑωρακὼς
1354 3293 1455 3364 ιμὲ
1483 3293 1702 3364 ἑώρακε
1729 3291 1821 3344 τὸν
1849 3292 1962 3344 Πα-

396 3395 551 3464 τέρα,
593 3411 612 3443 ι
650 3394 742 3444 καὶ
773 3391 862 3444 διὰ
885 3387 1043 3443 τοῦτό
1069 3404 1236 3458 φησιν
1274 3385 1526 3452 Ἦσαιας,
1552 3401 1572 3436 ι
1610 3384 1870 3438 Καλεῖται
1901 3383 1964 3437 τὸ

395 3484 565 3551 δνομα
594 3482 760 3537 αὑτοῦ
793 3480 1034 3551 μεγάλης
1064 3476 1550 3549 βουλῆςἊγγελος.
1591 3493 1612 3528 ι

465 3575 623 3628 Οὕτω
654 3574 833 3627 τοίνυν
895 3573 1035 3642 πρὸς
1079 3571 1179 3641 τὴν
1213 3569 1374 3634 δόξαν
1413 3569 1508 3622 τοῦ
1546 3567 1758 3640 Πατρὺς
1811 3566 1966 3621 οὐδὲν

402 3666 727 3740 παραλιπὼν
767 3666 794 3718 ὁ
844 3663 1162 3736 Μονογενῆς
1204 3663 1368 3733 μόνος
1413 3659 1673 3731 καθαιρεῖ
1709 3660 1771 3712 τὸ
1806 3659 1968 3730 μεσό-
2004 3672 2013 3680 ·

398 3778 576 3830 τοιχον
621 3759 718 3829 τῆς
768 3756 992 3827 ἔχθρας,
1040 3754 1137 3809 καὶ
1170 3753 1288 3806 λύει
1336 3751 1445 3806 τῶν
1469 3752 1828 3822 ὲγκλημάτων
1879 3751 1968 3806 τὸν

401 3851 708 3919 ἄνθρωπον.
765 3846 918 3900 Ἐπεὶ
947 3845 1004 3898 δὲ
1047 3842 1192 3896 κατὰ
1215 3841 1317 3912 τὴν
1360 3841 1557 3910 ἑτέραν
1581 3839 1691 3894 τῶν
1730 3839 1967 3909 φύσεων,
1999 3913 2004 3915 _

402 3944 498 4011 τὴν
528 3941 802 4012 ἡμετέραν
846 3938 991 4004 λέγω
1021 3936 1118 4004 τὴν
1145 3933 1511 4004 ἀνθρωπείαν,
1545 3933 1573 3986 6
1607 3931 1826 3993 διπλοῦς
1867 3929 1972 4003 ἰη-

403 4034 527 4096 σοῦς
556 4034 646 4087 τὸν
679 4031 900 4100 Πατέρα
930 4027 1163 4098 ἐτίμησε
1195 4025 1288 4080 καὶ
1318 4023 1426 4078 ἀπὸ
1456 4022 1549 4078 τοῦ
1586 4022 1838 4090 σώματος
1867 4020 1972 4073 αὑ-

400 4126 493 4178 τοῦ
527 4126 623 4178 καὶ
653 4117 746 4176 τοῦ
778 4122 1012 4189 αἵματος
1042 4119 1132 4171 τὸν
1168 4113 1484 4186 θαυμαστὸν
1529 4113 1737 4166 εκεϊνον
1766 4109 1969 4178 στέφα-

404 4234 492 4269 νον
526 4216 625 4285 τῆς
654 4212 812 4281 δόξης
848 4208 1039 4274 ἔπλεξε
1090 4208 1169 4277 τῷ
1207 4205 1416 4276 Πατρί⁶
1471 4201 1560 4256 διὰ
1595 4199 1768 4255 ταῦτα
1813 4198 1973 4268 μόνον

407 4308 505 4376 μέν
529 4307 649 4358 ἐστι
674 4303 818 4357 κατὰ
846 4301 945 4368 τῆς
976 4299 1254 4369 ἁμαρτίας
1298 4299 1586 4367 φάρμακον
1625 4290 1685 4345 τὸ
1713 4289 1806 4343 τοῦ
1841 4290 1974 4361 Χρι·

405 4399 533 4452 στοῦ
570 4397 752 4465 σῶμα,
787 4396 927 4465 μόνη
954 4395 1012 4448 δὲ.
1043 4394 1076 4464 ὴ
1103 4391 1257 4452 λύσις
1283 4386 1699 4459 ἁμαρτημάτων
1722 4385 1783 4436 τὸ
1808 4377 1968 4452 αἷμα.

406 4491 511 4543 Καὶ
541 4487 648 4556 γὰρ
678 4487 767 4539 διὰ
804 4484 963 4538 τοῦτο
995 4483 1223 4552 συνέστη
1255 4481 1354 4550 τὴν
1387 4477 1584 4548 ἀρχὴν,
1618 4476 1710 4529 ἶνα
1740 4474 1830 4528 τὸν
1860 4473 1970 4526 Πα-

2065 3193 2144 3246 ait
2175 3207 2188 3244 :
2225 3210 2244 3244 ι
2281 3191 2386 3262 Qui
2421 3191 2578 3252 videt
2605 3203 2712 3256 me,
2743 3189 2892 3245 videt
2923 3199 2978 3246 et
3011 3189 3222 3248 Patrem
3252 3187 3320 3242 “.
3351 3206 3370 3240 ι
3413 3185 3480 3240 Ει
3517 3185 3648 3240 hinc

2066 3293 2150 3338 est
2185 3283 2327 3353 apud
2360 3283 2558 3338 Isaiam
2614 3298 2630 3336 :
2673 3299 2692 3332 ι
2743 3279 3044 3337 Vocabitur
3076 3295 3276 3334 nomen
3309 3279 3430 3347 ejus
3465 3278 3646 3346 magni

2065 3373 2281 3432 consilii
2307 3373 2542 3445 Angelus
2566 3372 2667 3428 ⁸⁸.»
3587 3375 3591 3380 ‘

2139 3552 2231 3608 Sic
2263 3551 2424 3622 igitur
2454 3550 2591 3605 nihil
2621 3548 2684 3604 ad
2712 3548 2938 3619 gloriam
2973 3547 3156 3602 Patris
3185 3552 3635 3616 praetermittens,

2067 3644 2247 3700 solum
2289 3643 2530 3698 medium
2563 3641 2825 3711 parietem
2859 3637 3276 3696 inimicitiarum
3304 3635 3561 3700 destruit,
3587 3645 3643 3690 et

2071 3737 2347 3798 hominem
2363 3734 2692 3790 criminibus
2715 3731 2974 3788 absolvit.
2993 3730 3266 3798 Quoniam
3296 3741 3424 3784 vero
3449 3742 3648 3783 secun-

2070 3829 2197 3884 dum
2235 3827 2466 3888 alteram
2511 3834 2792 3892 naturam,
2848 3836 3117 3889 nostram,
3179 3825 3403 3892 inquam
3457 3830 3510 3876 et
3539 3821 3646 3877 hu-

2073 3934 2318 3985 manam,
2347 3918 2555 3988 duplici
2592 3926 2789 3973 natura
2823 3925 3081 3972 constans
3112 3912 3272 3970 Jesus
3303 3909 3518 3968 Patrem
3551 3912 3648 3967 ho-

2072 4010 2307 4072 noravit,
2339 4018 2394 4064 et
2420 4010 2490 4064 de
2534 4021 2766 4076 corpore
2795 4008 2864 4075 iet
2905 4006 3174 4071 sanguine
3200 4018 3304 4060 suo
3352 4004 3648 4058 admirabi-

2074 4100 2179 4154 lem
2210 4097 2358 4152 illam
2395 4110 2658 4150 coronam
2687 4095 2737 4147 ei
2762 4091 2974 4157 nexuit,
3001 4091 3206 4144 idcirco
3240 4091 3418 4144 solum
3440 4089 3645 4147 Christi

2073 4200 2276 4256 corpus
2311 4183 2618 4240 remedium
2647 4182 2916 4237 adversus
2942 4187 3224 4248 peccatum
3271 4185 3373 4242 est,
3401 4186 3453 4231 et
3482 4177 3646 4231 unica

2077 4284 2430 4349 peccatorum
2461 4272 2692 4329 abolitio
2718 4270 2947 4341 sanguis
2971 4270 3111 4338 ejus.
3147 4265 3354 4346 Nempe
3395 4268 3467 4322 ob
3508 4269 3648 4322 hanc

2075 4383 2294 4441 quoque
2326 4379 2548 4422 causam
2581 4380 2612 4417 a
2643 4361 2916 4434 principio
2936 4360 3190 4424 conditus
3209 4367 3314 4426 est,
3347 4367 3406 4416 ut
3431 4357 3647 4414 Patrem

2001 4485 2046 4540 ι)
2078 4462 2435 4532 gloriticaret,
2464 4457 2610 4511 sicut
2655 4457 2772 4524 ipse
2804 4455 3118 4516 conﬁtetur,
3139 4467 3199 4507 se
3228 4449 3425 4510 adhoc
3458 4461 3647 4511 natum

401 4544 793 4651 1691.665661].
821 4577 915 4629 καὶ
941 4575 969 4628 ὃ
1009 4589 1173 4642 φησιν
1201 4544 1360 4632 αύτδς
1387 4544 1657 4636 ὁ-Σωτὴρ,
1685 4566 1764 4628 εἰς
1804 4563 1967 4616 τοῦτο

2069 4569 2214 4618 esse,
2237 4563 2291 4609 et
2321 4553 2390 4606 ad
2447 4550 2550 4603 hoc
2573 4546 2792 4602 venisse
2823 4547 2876 4601 in
2913 4544 3173 4604 mundum
3208 4558 3222 4596 :
3256 4551 3308 4596 et
3348 4557 3444 4609 per
3486 4556 3651 4593 omne

2319 4640 2382 4651 ι.
2597 4645 2608 4651 -
2694 4643 2705 4651 .
3040 4631 3644 4651 νειμ--..μΛι-,ηη

405 4631 850 4742 γεγέννηταιζιαὶ
883 4669 964 4728 εἰς
988 4631 1146 4718 τοῦτο
1195 4661 1453 4732 ἐλήλυθεν
1501 4631 1715 4719 εἰς-’τὸν
1763 4655 1968 4724 κόσμον

2069 4656 2284 4712 tempus
2302 4635 2975 4708 deinceps,tantummodo
3000 4632 3262 4702 quidquid
3301 4633 3406 4685 huc
3439 4631 3650 4684 faceret

401 4721 640 4818 »ἒᾷιῖτδᾷ
680 4758 805 4828 ἑξῆς
837 4721 1051 4811 ἅπαντα
1092 4721 1304 4824 χρόνον,
1364 4751 1524 4820 μόνον
1570 4748 1670 4820 μὲν
1722 4745 1782 4798 τὸ
1831 4721 1968 4815 πρὸς

2065 4734 2198 4805 egit,
2223 4733 2386 4808 pujus
2421 4731 2580 4788 unius
2607 4729 2683 4784 rei
2706 4727 2882 4798 gratia
2912 4725 3076 4788 etiam
3109 4732 3271 4790 atque
3294 4740 3308 4775 ι
3328 4721 3454 4775 tiam
3479 4721 3654 4788 majo-

401 4811 648 4921 :r'ot'itovtps
659 4811 921 4922 ρονιάπαν
945 4811 1193 4899 ἐτέλεσεν
1224 4811 1407 4914 ἔργον,
1447 4811 1606 4912 μόνον
1631 4837 1688 4892 δὲ
1717 4839 1805 4890 τὸν
1830 4811 1967 4906 ὑπὲρ

2067 4839 2290 4896 remque
2309 4824 2362 4878 in
2387 4821 2604 4877 modum
2629 4818 2914 4875 laboravit.
2932 4816 3043 4871 Hoc
3063 4828 3300 4880 namque
3341 4826 3543 4880 corpus
3567 4811 3654 4879 ple

403 4902 609 4999 ’τούτου⁸
632 4902 1009 5010 διαφερόντως
1056 4902 1460 5007 ὑπομεμένηκε
1497 4931 1681 4984 πόνον.
1714 4926 1825 4981 Καὶ
1854 4902 1963 4996 γὰρ

2072 4919 2332 4978 nitudinis
2357 4913 2660 4973 divinitatis
2681 4914 2972 4966 thesaurus
3011 4908 3132 4971 fuit,
3157 4914 3212 4960 et
3241 4905 3419 4958 omnis
3446 4902 3652 4972 peccati

697 4995 858 5097 σιῦιλα
907 4995 1005 5079 τοῦ
1045 4995 1416 5096 πληρώματος
1448 5020 1549 5087 τῆς
1586 5018 1837 5086 θεότητος
1856 4995 1973 5088 ὲγέ-

2073 5024 2282 5081 expers
2325 5017 2465 5072 erat,
2511 5019 2730 5062 omnem
2770 5000 3040 5071 justitiam
3101 4995 3383 5068 implebat,
3439 5009 3654 5064 generis

561 5083 832 5188 θησαυρός
855 5118 950 5170 καὶ
976 5083 1280 5185 πάσηῖμέν
1308 5110 1374 5183 ἦν
1392 5083 1654 5181 άγευστον
1677 5083 1973 5182 ἁμαρτίας,

2081 5099 2431 5160 consortibus
2464 5091 2827 5165 (hominibus)
2861 5091 3077 5146 Patrem
3111 5101 3268 5156 quem
3304 5083 3653 5154 ignorabant,

411 5177 700 5283 ἐπλήρωσε
732 5177 789 5264 δὲ
815 5177 1011 5263 πᾶσαν
1063 5177 1452 5271 δικαιοσύνην,⁷
1480 5177 1725 5269 ἐκήρυξε,
1759 5198 1815 5250 δὲ
1867 5197 1981 5260 τοῖς

2087 5188 2489 5268 promulgabat,
2525 5195 2639 5244 tum
2665 5197 2760 5249 per
2794 5197 2855 5235 ea
2885 5195 3006 5248 qua:
3033 5177 3382 5246 loquebatur,
3413 5183 3530 5230 tum
3558 5187 3656 5242 per

410 5266 701 5374 ὁμογενέσι
741 5299 1108 5370 ἀγνοούμενον
1157 5295 1249 5349 τὸν
1287 5266 1527 5362 Πατέρα,
1573 5266 1681 5344 καὶ.
1718 5283 1798 5351 οἷς
1829 5287 1983 5355 ἔλεγε

2091 5297 2153 5337 ea
2189 5266 2309 5350 Quae
2333 5278 2658 5348 patiebatur.
2693 5271 3037 5326 lmmolatnm
3064 5267 3426 5324 estnimirum
3451 5266 3502 5320 in
3526 5278 3654 5323 cru.

527 5354 638 5457 ὀἷς
659 5354 1031 5446 Ῠὲ-πεδείκνυτο.
1080 5385 1251 5441 Τοῦτό
1287 5387 1403 5436 ὲστι
1433 5354 1495 5434 τὸ
1528 5380 1734 5449 σφαγὲν
1771 5380 1862 5431 ἐπὶ
1891 5354 1984 5429 τοῦ

2092 5390 2177 5439 ee,
2205 5354 2414 5441 etquae.
2451 5365 2878 5422 immolationem
2913 5367 3332 5423 ormcesserunt,
3380 5356 3654 5427 pavidum,

414 5452 680 5549 σταυροῦ’
713 5485 809 5537 καὶ
839 5481 868 5535 ὃ
923 5482 990 5550 τῇ
1046 5478 1227 5545 σφαγῇ
1282 5473 1580 5542 προσάγον,
1631 5468 1834 5522 ὲδειλία
1893 5466 1984 5518 καὶ

2091 5464 2320 5522 anxium
2381 5458 2507 5526 fuit,
2564 5457 2766 5510 sudore
2813 5453 3044 5512 dimuxit
3088 5452 3660 5522 proditum.compre-

415 5537 754 5648 ἠγωνίακαὶ
793 5537 990 5646 ἱδρῶσι.
1029 5537 1376 5644 περιερρεῖτο
1421 5537 1515 5619 καὶ
1567 5561 1843 5635 προύδόθη
1893 5560 1984 5613 καὶ

2095 5558 2327 5612 hensum
2377 5559 2480 5618 est,
2508 5549 2773 5618 judicium
2810 5547 3058 5616 iniquum
3095 5544 3285 5604 subiit,
3313 5540 3416 5594 sub
3461 5537 3655 5594 Pontio

504 5757 552 5788 ³⁹
588 5753 743 5809 Joan.
772 5767 854 5817 ιιι,
895 5749 981 5804 16.
1056 5749 1104 5781 ⁸⁸
1135 5742 1368 5798 ὶῐθιτιειι.
1397 5758 1434 5806 ι,
1469 5741 1522 5794 6.
1600 5738 1641 5770 “
1670 5736 1826 5792 Joan.
1865 5751 1984 5801 xvn,

2069 5775 2082 5790 ,
2156 5731 2201 5762 ⁸⁸
2241 5728 2408 5782 Hebr.
2440 5740 2480 5790 I,
2507 5725 2562 5778 3.
2641 5722 2686 5753 ”
2708 5721 2868 5776 Joan.
2895 5735 3007 5790 xlv,
3034 5717 3086 5772 9.
3163 5716 3210 5748 “
3243 5713 3435 5780 158.",
3460 5715 3512 5769 6.
