4196 6308
500 326 626 392 '59!

1748 320 2060 400 NlCOLAI
2103 318 2487 382 CABASILAE

3656 305 3760 370 592’.

523 442 702 494 Pilato
727 434 1102 491 Icstimonium
1128 431 1418 503 perhibuit,
1446 433 1640 486 bonam
1671 432 2098 496 confessionem,
2127 436 2176 492 Α

2127 436 2176 492 Δ
2205 429 2515 499 συνελήφθη
2577 428 2671 481 καὶ
2723 425 2928 499 κριτῶν
2974 423 3233 496 ἠνέσχετο
3283 417 3617 488 παρανόμων
3666 419 3763 471 καὶ

522 542 584 586 ιιι
635 529 834 583 Paulus
862 526 1154 596 inquitW,
1189 538 1490 594 pcenasque
1534 521 1898 578 confessionis
1930 522 2091 591 hujus
2146 515 2156 522 ’

2201 520 2551 590 ἐμαρτύρησε
2594 519 2695 590 μὲν
2751 519 2844 572 ἐπὶ
2890 516 3114 571 Ποντίου
3166 513 3401 566 Πιλάτου
3446 509 3546 580 τὴν
3590 508 3764 579 καλὴν

526 625 580 679 iu
615 635 776 676 cruce
806 619 1047 672 moriens
1089 615 1239 671 dedit
1267 632 1281 680 ;
1317 624 1373 670 et
1407 613 1611 683 ﬂagella
1643 623 1815 683 tergo,
1842 613 2096 672 manibus

2195 613 2505 683 ὁμολογίαν,
2604 628 2736 681 φησι
2766 607 3004 672 Παῦλος,
3034 606 3201 659 ἔδωκε
3233 603 3290 656 δὲ
3315 603 3474 672 δίκην
3498 601 3600 667 τῆς
3631 601 3762 667 ὁμο-

523 723 579 768 et
614 713 842 781 pedibus
867 711 1080 773 clavos,
1116 709 1284 762 latere
1343 706 1590 761 lanceam
1619 706 1854 776 excepit.
1886 704 2099 776 Flagris

523 814 839 873 coopertum
869 801 1062 864 doluit,
1091 807 1145 853 et
1165 799 1438 853 conﬁxum
1472 799 1639 854 clavis
1661 798 1964 853 cruciatum
1993 807 2096 854 est.

507 893 627 947 "Hic
657 891 882 962 sanguis
932 906 962 944 e
1011 889 1332 943 vulneribus
1386 902 1684 956 erumpens
1737 885 1868 942 solis
1915 887 2098 941 lumen

527 983 872 1044 obscuravit,
897 989 952 1034 et
981 989 1182 1033 terram
1229 977 1532 1041 concussit,
1562 985 1614 1030 et
1650 991 1832 1030 aerem
1860 974 2103 1030 sanctiﬁ-

527 1073 692 1133 cav'rt.
733 1079 787 1125 et
821 1069 1086 1124 mundum
1141 1069 1459 1122 universum
1515 1081 1546 1121 a
1603 1066 1809 1133 peccati
1845 1066 2102 1122 sordibus

527 1164 681 1219 lavit.
720 1162 907 1229 Itaque
937 1158 1079 1213 sicut
1132 1158 1350 1228 scriptm
1401 1157 1504 1225 legi
1557 1157 1782 1210 omnino
1831 1155 2102 1225 spirituali

532 1256 648 1321 lege
698 1267 836 1320 opus
879 1250 1001 1314 fuit,
1061 1247 1397 1318 imperfectae
1448 1246 1708 1315 perfecta,
1743 1247 1793 1300 ei
1841 1262 1962 1316 qua:
1995 1261 2101 1300 non

531 1346 709 1416 potuit
742 1343 1040 1414 perfectum
1067 1342 1245 1396 facere
1280 1341 1628 1404 servientem,
1653 1354 1715 1393 ea
1740 1354 1860 1408 qua:
1889 1347 2098 1406 potest:

531 1438 720 1490 eodem
755 1440 916 1488 modo
944 1434 1033 1503 qui
1066 1443 1189 1502 post
1213 1432 1542 1502 baptismum
1571 1431 1624 1484 in
1654 1430 1884 1500 gratiam
1917 1444 2106 1498 pecca—

516 1537 750 1590 verunt,
803 1525 1249 1594 suppliciumque
1285 1526 1672 1592 deprecantur,
1703 1521 1918 1574 illorum
1955 1520 2108 1573 labo-

2196 705 2388 770 λογίας
2409 705 2657 768 θάνατον,
2689 702 2785 756 καλ⁵
2815 701 3004 754 τοῦτον
3024 700 3116 751 ἐπί
3145 696 3408 765 σταυροῦ,
3438 694 3531 746 καὶ
3565 693 3766 762 μάστι-

2198 815 2302 866 γας
2339 801 2436 866 μὲν
2464 797 2556 849 ἐπὶ
2601 795 2710 848 τῶν
2749 792 3132 864 μεταφρένων,
3167 789 3260 841 ἐπὶ
3311 788 3368 840 δὲ
3418 787 3526 839 τῶν
3565 785 3768 855 χειρῶν

2199 890 2295 942 καὶ
2341 888 2446 940 τῶν
2491 887 2669 940 ποδῶν
2724 885 2910 956 ἥλους,
2955 886 3022 953 τῇ
3075 881 3288 950 πλευρᾷ
3337 879 3392 932 δὲ
3432 877 3530 948 τὴν
3568 877 3770 948 λόγχην

2201 979 2416 1047 ἐδέξατο
2474 979 2568 1032 καὶ
2621 977 2829 1046 ἧλγησε
2882 973 3320 1044 μαστιγούμενον
3371 971 3466 1022 καὶ
3518 968 3769 1038 ὼδυνήθη

2203 1070 2670 1141 προσηλούμενον,
2712 1067 2872 1122 τοῦτο
2902 1066 2962 1120 τὸ
3013 1059 3150 1135 αἷμα.
3186 1062 3296 1116 τῶν
3345 1059 3570 1132 πληγῶν
3602 1060 3776 1129 ἐκπη-

2203 1163 2374 1231 δῆσαν
2407 1161 2499 1215 τὸν
2525 1161 2677 1231 ἥλιον
2703 1158 2894 1212 ἔσϐεσε
2927 1156 3021 1210 καὶ
3047 1155 3147 1225 τὴν
3188 1154 3297 1222 γῆν
3330 1152 3508 1205 ἔσεισε
3545 1151 3640 1204 καὶ
3679 1152 3771 1202 τὸν

2205 1254 2346 1326 ἀέρα
2402 1253 2596 1323 ήγίασε
2668 1251 2790 1305 καὶ·
2825 1249 3004 1302 πάντα
3077 1249 3168 1301 τὸν
3227 1247 3432 1316 κόσμον
3496 1245 3771 1298 άπέκλυσε

2204 1345 2298 1397 τοῦ
2347 1343 2517 1414 ῥύπου
2572 1343 2668 1413 τῆς
2698 1341 3005 1411 ἁμαρτίας.
3035 1339 3199 1392 Ὅθεν
3248 1338 3501 1405 καθάπερ
3547 1337 3768 1404 ἐδέησεν

2207 1435 2394 1498 ἁπλῶς
2433 1435 2507 1504 τῷ
2558 1434 2789 1506 γραπτῷ
2835 1433 2984 1503 νόμῳ
3019 1429 3113 1485 τοῦ
3161 1427 3536 1499 πνευματικοῦ
3582 1427 3771 1496 νόμου,

2205 1527 2284 1597 τῷ
2316 1525 2524 1589 ἀτελῶς
2555 1525 2734 1596 ἔχοντι
2764 1523 2859 1576 τοῦ
2891 1523 3122 1588 τελείου,
3153 1521 3232 1591 τῷ
3262 1519 3472 1573 τέλειον
3501 1518 3774 1586 ἀποφῆναι

530 1615 1036 1682 ῐί1)118,“·ειιιίοῐ’ἰῦυ8
1072 1623 1127 1668 ct
1174 1613 1430 1685 lacrymis
1458 1613 1722 1682 sanguine
1759 1611 1891 1663 Novi
1915 1611 2108 1665 Testa-

2208 1617 2300 1670 τὸν
2333 1616 2706 1686 κατορθοῦντα
2743 1614 2817 1686 μὴ
2865 1613 3147 1683 δυναμένῳ
3172 1611 3267 1664 τοῦ
3308 1610 3610 1679 δυναμένου
3638 1621 3651 1637 ·
3684 1608 3774 1660 τὸν

520 1708 731 1773 menti,
765 1718 816 1760 et
884 1704 1238 1759 immaculato
1286 1719 1516 1772 corpore
1586 1719 1723 1773 opus
1767 1712 1870 1767 cst,
1923 1711 2110 1771 utpote

2213 1708 2326 1760 ἴσον
2355 1708 2558 1778 τρόπον
2590 1709 2681 1761 καὶ
2728 1707 2833 1760 τῶν
2861 1706 3001 1776 μετά
3037 1704 3099 1757 τὸ
3125 1703 3369 1773 λουτρὸν,
3400 1702 3529 1771 περὶ
3563 1695 3636 1753 ὧν
3684 1697 3774 1762 ἐξ-

533 1801 669 1854 citra
706 1799 822 1852 haec
856 1797 964 1850 illis
991 1795 1125 1849 nihil
1159 1794 1488 1851 valentibus.
1793 1801 1798 1808 ‘
2135 1780 2181 1836 Β

2135 1780 2181 1836 Β
2209 1799 2480 1870 ήμαρτον,
2519 1799 2601 1861 είς
2634 1798 2732 1868 τὴν
2785 1798 2945 1868 χάριν
2981 1793 3431 1866 παραιτουμένων
3459 1794 3568 1852 τοῖς
3597 1790 3778 1848 πόνοις

513 1893 628 1944 ’καὶ
659 1894 772 1954 τοῖς
797 1890 1028 1958 δάκρυσι
1061 1887 1159 1940 τοῦ
1190 1885 1421 1950 αἵματος
1436 1884 1526 1938 δεῖ
1547 1886 1647 1955 τῆς
1673 1885 1860 1957 κοινῆς
1893 1884 2171 1960 Διαθήκης
2201 1893 2296 1944 καὶ
2326 1888 2420 1943 τοῦ
2451 1889 2754 1959 σφαγέντος
2777 1886 3050 1959 σώματος,
3112 1886 3188 1949 ὼς
3248 1885 3402 1939 οὐδὲν
3467 1881 3661 1952 διρελος
3719 1878 3780 1931 δν

515 1983 758 2037 ’ἐκείνων
789 1981 993 2034 τούτων
1024 1979 1215 2049 χωρίς.

609 2078 831 2132 Divinus
863 2091 1026 2146 porro
1065 2074 1351 2146 Dionysius
1381 2082 1436 2128 et
1467 2074 1611 2143 ipsas
1641 2073 2110 2148 initiati-onesrite

519 2173 816 2242 pirragi,et
862 2183 1058 2222 munus
1106 2183 1270 2224 suum
1294 2168 1475 2223 facere
1492 2180 1650 2235 posse
1687 2173 1862 2234 negat,
1893 2166 1935 2219 si
1956 2180 2110 2220 sacra

541 2276 696 2316 caena
727 2275 833 2314 non
866 2257 1154 2315 accesserit
1179 2257 1386 2313 :multo
1440 2258 1622 2312 minus
1652 2257 1891 2311 laborem
1927 2265 1981 2310 et
2019 2256 2112 2324 ju-

539 2353 738 2406 stitiam
773 2351 1316 2416 hominum,peccata
1340 2347 1650 2402 emaculare
1701 2353 1756 2399 et
1793 2345 1899 2399 alia
1928 2343 2112 2400 efﬁce-

540 2457 600 2496 re
621 2455 784 2511 posse
819 2439 1145 2495 credendum
1187 2448 1290 2493 est.
1357 2436 1560 2490 Deinde
1608 2444 1663 2489 et
1698 2435 1801 2490 hoc
1833 2450 1999 2490 unum
2029 2444 2113 2490 est

541 2532 614 2588 de
649 2532 1026 2599 sacramentis,
1054 2533 1118 2584 de
1139 2529 1379 2599 peccatis
1399 2529 1745 2598 pmuitentes,
1797 2536 1850 2582 et
1899 2527 2110 2597 seipsos

2287 2074 2565 2136 Διονύσιος
2587 2075 2642 2126 δὲ
2676 2075 2702 2128 ὁ
2732 2073 2876 2137 θεῖος
2905 2071 3005 2128 καὶ
3030 2069 3131 2134 τὰς
3175 2067 3328 2139 ἱερὰς
3359 2066 3531 2128 αὑτὰς
3558 2062 3782 2125 τελετάς

2220 2165 2297 2236 μὴ
2324 2167 2391 2220 ἂν
2416 2166 2634 2219 τελέσαι
2673 2164 2829 2234 φησὶ,
2862 2165 2994 2234 μηδέ
3036 2163 3104 2217 τὰ
3136 2160 3314 2214 αὐτῶν
3366 2157 3660 2228 δυνηθῆναι
3704 2156 3780 2226 μὴ

2216 2257 2312 2312 τοῦ
2365 2258 2582 2311 δείπνου
2618 2255 3011 2328 προστεθέντος
3053 2253 3146 2307 τοῦ
3201 2250 3374 2323 ἱεροῦ,
3413 2249 3576 2320 σχολῇ
3625 2265 3687 2316 γε
3716 2249 3782 2314 δὴ

2218 2350 2381 2404 πόνον
2426 2351 2520 2403 καὶ
2547 2349 2898 2416 δικαιοσύνην
2946 2345 3248 2416 ἀνθρώπων
3294 2341 3566 2411 ἁμαρτίας
3619 2339 3782 2393 δύνα-

2220 2440 2344 2494 σθαι
2381 2439 2529 2493 λύειν
2568 2440 2661 2492 καὶ
2704 2438 2772 2491 τὰ
2818 2436 3041 2490 τοιαῦτα
3095 2438 3378 2504 περαίνειν
3435 2433 3578 2504 ἔχειν
3619 2431 3785 2502 ⁵εἰκός·

2216 2533 2364 2584 ἐστιν
2387 2547 2401 2563 ο
2437 2531 2611 2594 ἄλλως
2643 2547 2700 2582 τε
2734 2529 2840 2582 τῶν
2877 2527 3046 2598 ἱερῶν
3078 2526 3137 2580 ἓν
3162 2527 3255 2581 καὶ
3285 2526 3441 2579 τοῦτο
3468 2525 3784 2595 μυστηρίων

544 2623 918 2676 sacerdotibus
950 2620 1272 2689 aperientes,
1305 2620 1374 2673 ab
1409 2618 1555 2672 omni
1589 2633 1745 2688 pecua
1771 2618 1910 2686 apud
1946 2619 2110 2673 Deum

533 2711 783 2781 iudicem
820 2709 1083 2773 eximere,
1105 2723 1211 2778 qua
1235 2707 1524 2762 eihcientia
1558 2706 1810 2761 similiter
1835 2709 1992 2776 potiri
2026 2723 2117 2763 ne-

533 2804 806 2871 -quibunt,
838 2803 928 2870 qui
959 2801 1138 2856 sacris
1165 2800 1338 2868 epulis
1373 2814 1478 2853 non
1535 2797 1906 2852 accubuerint.
1966 2799 2118 2863 Quo-

548 2893 700 2945 circa
731 2904 1035 2959 quanquam
1086 2888 1255 2943 semel
1282 2888 1594 2952 invitamur,
1624 2889 1820 2956 saepius
1845 2899 2022 2941 tamen
2054 2886 2124 2942 ad

545 2983 698 3037 =hanc
743 2996 985 3036 mensam
1008 2979 1354 3035 accedimus:
1388 2978 1828 3049 quandoquidem
1881 2980 2127 3032 homines

533 3085 713 3128 'natos
729 3088 942 3142 semper
961 3072 1125 3126 Deum
1144 3071 1418 3125 offendere
1445 3072 1729 3140 contingit,
1764 3070 1920 3124 noxis
1944 3079 2126 3124 autem

536 3167 704 3220 vexire
745 3173 1022 3228 cooantes,
1051 3164 1389 3233 poenitentia,
1422 3163 1703 3217 laboribus
1763 3171 1817 3217 et
1849 3163 2125 3232 triumpho

2221 3172 2341 3243 Θεῷ
2377 3175 2743 3243 προσκρούειν
2775 3173 3094 3244 ἀνθρώπους
3119 3173 3296 3237 ὂντας,
3341 3173 3490 3226 λύειν
3527 3173 3582 3226 δὲ
3617 3171 3675 3224 τδ
3698 3171 3787 3238 ἐγ-

545 3257 788 3328 quodam
810 3257 877 3310 de
915 3263 1138 3324 peccato
1163 3255 1428 3325 indigent.
1447 3255 1625 3324 Atque
1649 3255 1751 3310 hoc
1773 3263 1962 3308 contra
1993 3268 2122 3322 pec-
2150 3318 2188 3334 Α

2150 3318 2188 3334 Α
2224 3265 2409 3332 κλημα
2438 3265 2804 3334 πειρωμένοις
2835 3265 3126 3333 μετανοίας
3153 3265 3311 3334 χρείᾳ
3363 3266 3457 3316 καὶ
3488 3264 3666 3316 πόνων
3696 3263 3789 3316 καὶ

555 3359 736 3404 calum
770 3349 994 3413 facient,
1034 3348 1103 3414 si,
1148 3349 1290 3417 quod
1323 3349 1498 3402 solum
1534 3357 1618 3402 est
1650 3347 1911 3402 adversus
1947 3348 2121 3401 homi-
2145 3318 2190 3382 Ο

2145 3318 2190 3382 C
2221 3318 2718 3422 reuueptapéaﬁoat
2891 3318 3202 3422 ἁμαρτίάνιἼ
3239 3321 3410 3406 ταῦτα
3439 3353 3494 3406 δὲ
3539 3353 3788 3421 δράσειεν

546 3456 684 3494 num
715 3447 936 3508 peccata
967 3437 1447 3504 medicamentum,
1489 3436 1790 3491 adhibitum
1834 3434 2013 3490 fuerit.

2223 3441 2300 3495 ἂν.
2316 3442 2458 3494 κατὰ
2503 3443 2604 3511 τῆς
2639 3443 2938 3513 ἁμαρτίας,
2976 3444 3040 3508 ἣν
3065 3443 3124 3496 τὸ
3160 3444 3321 3513 μόνον
3367 3444 3476 3497 τῶν
3509 3443 3789 3512 ἀνθρωπί-

2223 3552 2330 3590 νων
2367 3535 2554 3588 κακῶν
2582 3535 2868 3604 φάρμακον
2895 3536 3190 3605 προστεθῇ.

2297 3625 2560 3697 Καθάπερ
2587 3625 2696 3696 γὰρ
2725 3627 2826 3695 τὴν
2852 3626 3168 3695 άγριέλαιον
3191 3627 3224 3696 ἡ
3251 3627 3612 3692 καλλιέλαιος,
3643 3629 3791 3680 ἐπει-

2225 3715 2322 3768 δὰν
2343 3715 2728 3788 ἐγκεντρισθῇ,
2757 3717 2894 3787 πρὸς
2925 3717 3128 3784 ἑαυτὴν
3162 3717 3418 3784 καθάπαξ
3444 3718 3664 3786 ἀμείϐει
3696 3721 3792 3772 καὶ

2227 3810 2256 3861 ὁ
2293 3808 2502 3879 καρπὸς
2551 3807 2846 3878 οὐδαμόθεν
2897 3810 3094 3880 κοτίνῳ
3140 3810 3465 3880 προσήκων·
3528 3813 3618 3864 τὸν
3678 3813 3790 3866 ἴσον

2228 3900 2426 3970 τρόπον
2462 3901 2557 3954 καὶ
2593 3903 2630 3964 ἡ
2662 3903 2769 3956 τῶν
2811 3900 3110 3970 ἀνθρώπιον
3161 3903 3480 3972 δικαιοσύνη
3523 3905 3659 3970 αὐτὴ
3694 3904 3792 3974 μὲν

2231 3988 2366 4059 πρὸς
2389 3989 2538 4042 οὖδέν
2559 3990 2716 4060 φέρει
2738 3991 2807 4043 δι’
2835 3991 3055 4060 ἑαυτὴν,
3075 3989 3153 4061 τῷ
3179 3991 3235 4044 δὲ
3255 3992 3476 4062 Χριστῷ
3500 3994 3793 4061 συναφθέν-

2232 4097 2342 4135 των
2386 4082 2482 4133 καὶ
2514 4081 2714 4152 σαρκὸς
2753 4083 2849 4135 καὶ
2890 4082 3121 4149 αἵματος
3177 4086 3674 4152 κεκοινωνηκότων,
3723 4085 3794 4135 τὰ

2237 4171 2471 4241 μέγιστα
2495 4172 2604 4224 τῶν
2634 4172 2854 4239 ἀγαθῶν
2887 4171 3046 4234 εὐθὺς
3069 4173 3319 4242 ἐδυνήθη.
3352 4174 3638 4243 ἁμαρτιῶν
3664 4175 3795 4242 ἄφεο

2236 4277 2320 4314 σιν
2351 4265 2444 4315 καὶ
2485 4262 2763 4332 βασιλείας
2790 4264 3178 4335 κληρονομίαν,
3219 4264 3256 4319 ἃ
3282 4267 3378 4336 τῆς
3429 4267 3525 4318 τοῦ
3557 4266 3792 4335 Χριστοῦ

2233 4351 2578 4423 δικαιοσύνης
2607 4353 2726 4407 ἐστὶ
2750 4356 2984 4426 καρπός.
3019 4357 3231 4427 Ὠσπερ
3257 4359 3364 4426 γὰρ
3390 4358 3497 4410 ἀπὸ
3530 4359 3625 4425 τῆς
3647 4359 3796 4426 ἱερᾶς

995 4443 1034 4528 ξι
1060 4443 1262 4528 cf?“
1281 4443 1714 4528 θέειιῖιξιηῖοκξξῖξθ
1740 4443 1930 4528 vile":
1952 4443 2134 4528 “il-53‘
2233 4443 2514 4515 τράπεζης
2547 4446 2608 4497 τὸ
2645 4445 2802 4517 σῶμα
2839 4447 3077 4519 Χριστοῦ
3114 4448 3456 4518 κομιζόμεθα
3502 4448 3659 4518 σῶμα
3687 4448 3794 4500 τῶν

551 4519 749 4588 quitur
768 4517 878 4581 hic,
909 4524 970 4570 ut
990 4516 1200 4584 iustitia
1223 4525 1407 4569 nostra
1428 4516 1630 4570 Christi
1651 4516 1875 4587 justitiaa
1897 4521 2130 4587 speciem

2238 4537 2565 4604 κρειττόνων
2589 4516 3027 4609 ὑπερνικώντων,
3051 4516 3226 4604 οὕτως
3251 4516 3540 4594 ἀκόλουθον
3563 4516 3796 4593 ἐνταῦθα

521 4608 881 4680 jvultumque
899 4606 952 4658 in
968 4619 1026 4658 se
1040 4611 1307 4672 capessat.
1332 4605 1458 4657 Haec
1472 4604 1641 4670 enim,
1667 4623 1684 4656 ι
1702 4603 1915 4675 Corpus
1932 4607 2130 4663 Christi
2159 4629 2178 4690 l

2159 4629 2211 4690 D
2237 4603 2332 4679 καὶ
2359 4627 2460 4698 τὴν
2511 4603 2862 4700 δικαιοσύνην
2897 4603 3055 4700 ἡμῶν
3081 4631 3388 4701 χριστοειδῆ
3437 4631 3686 4699 γενέσθαι
3717 4631 3799 4683 δι·

540 4714 778 4766 ‘sumus,
800 4706 856 4751 et
874 4696 1116 4750 membra
1134 4711 1198 4749 cx
1221 4704 1373 4764 parte
1390 4696 1439 4727 ⁸³
1456 4735 1472 4761 ,
1498 4713 1516 4746 ι
1544 4711 1655 4751 non
1681 4696 1750 4752 de
1779 4713 2010 4770 corpore
2028 4701 2132 4756 dici

2241 4696 2553 4787 καιοσύνην.
2585 4720 2658 4772 Τὸ
2686 4721 2794 4789 γὰρ
2816 4696 2846 4771 “«
2879 4696 3044 4790 Σῶμα
3070 4696 3308 4791 Χριστοῦ
3340 4696 3508 4790 ἐσμεν
3537 4721 3633 4773 καὶ
3662 4721 3797 4791 μέλη

545 4790 740 4844 solum
761 4785 1136 4841 existimemus
1167 4784 1502 4849 licet,-multo
1521 4796 1701 4841 autem
1723 4788 1924 4856 justius
1943 4791 2136 4846 anima:

2238 4808 2304 4859 ἐκ
2355 4775 2572 4878 μέρους,
2623 4828 2642 4861 ι
2697 4775 2934 4865 buxeta
2970 4775 3040 4864 ⁵τὸ
3095 4775 3254 4882 σῶμα
3309 4775 3468 4882 μόνον
3519 4775 3802 4880 νομιστέον

541 4887 619 4932 -et
665 4878 867 4931 actioni
912 4876 1033 4946 ejus
1085 4876 1223 4930 hanc
1279 4877 1716 4932 communionem
1759 4880 2134 4948 tribuendam;

2238 4876 2511 4967 εἰρῆσθαι,
2545 4899 2679 4953 ἀλλὰ
2727 4901 2910 4972 πολλῴ
2938 4876 3278 4974 δικαιότερον
3309 4876 3387 4975 ’τῇ
3420 4902 3564 4972 ψυχῇ
3583 4876 3710 4961 ,καὶ
3739 4906 3803 4972 τῇ
3829 4913 3835 4930 ‘

550 4966 1016 5038 quandoquidem
1055 4983 1074 5016 ι
1115 4965 1216 5030 Qui
1255 4967 1493 5022 adheret
1524 4967 1767 5032 Chr-isto,
1801 4986 1941 5024 unus
1972 4971 2135 5039 spiri-

2239 4985 2361 5038 κατ’
2390 4987 2560 5058 αὐτὴν
2589 4989 2840 5061 ἐνεργείᾳ
2867 4991 2968 5060 τὴν
2991 4993 3278 5046 κοινωνίαν
3314 4993 3603 5044 ἀποδοτέον
3635 4993 3802 5044 ἐστίν·

566 5063 902 5110 ιυε-οδι-ουιιι
933 5071 997 5109 eo
1027 5055 1169 5132 ⁸³⁸.)
1202 5056 1414 5121 Quibus
1439 5058 1617 5120 verbis
1647 5059 2133 5124 declaratur,hauc

2235 5074 2359 5128 ἐπεὶ
2385 5079 2481 5132 καὶ
2565 5083 2590 5132 ὁ
2613 5055 2951 5151 κολλώμενος
2981 5083 3056 5153 τῷ
3079 5085 3270 5153 Κυρίῳ
3297 5084 3353 5136 ἓν
3378 5084 3596 5149 πνεῦμά
3616 5087 3750 5148 ἐστι,
3781 5103 3799 5136 ι

551 5153 1009 5203 communionem
1042 5149 1536 5205 et-coalescentiam
1574 5150 1626 5202 in
1663 5152 1842 5204 anima
1891 5161 1948 5206 et
1985 5168 2136 5206 men-

2238 5166 2395 5220 τοῦτό
2433 5169 2549 5221 ἐστι
2595 5171 2926 5234 δεικνύντος,
2975 5175 3071 5242 τὴν
3119 5176 3406 5227 κοινωνίαν
3460 5174 3668 5241 ταύτην
3715 5176 3805 5227 καὶ

570 5254 623 5299 te
650 5242 826 5312 potius
850 5241 1178 5294 consistere.
1228 5241 1354 5296 Ideo
1419 5258 1522 5295 non
1581 5245 2010 5334 corpus.solum,
2041 5246 2136 5301 sed

2243 5259 2522 5324 συμφυΐαν
2563 5261 2656 5312 ἐπὶ
2693 5261 2788 5313 τοῦ
2829 5263 2919 5314 νοῦ
2955 5264 3188 5333 μάλιστα
3221 5266 3543 5317 συνεστάναι
3578 5265 3672 5316 καὶ
3708 5267 3804 5331 τῆς

554 5336 808 5388 animam
841 5340 1134 5400 quoque,et
1169 5345 1419 5394 mentem,
1446 5342 1498 5387 et
1533 5335 1883 5399 voluntatem,
1910 5346 1962 5390 et
1989 5354 2138 5407 quae-

2237 5344 2436 5415 ψυχῆς.
2483 5349 2582 5402 Διά
2626 5351 2781 5402 τοῦτο
2817 5353 2923 5424 γάρ
2967 5355 3028 5407 οὑ
3080 5355 3236 5422 σῶμα
3287 5354 3568 5424 περιέθετο
3626 5355 3803 5420 μόνον,

573 5438 791 5492 cunque
813 5423 1044 5475 humana
1077 5425 1394 5489 assumpsit,
1425 5425 1654 5478 utnobis
1686 5428 1814 5481 totis
1841 5431 1983 5483 uniri
2007 5446 2134 5498 pos-

2241 5436 2377 5488 άλλὰ
2403 5437 2498 5490 καὶ
2525 5439 2700 5509 ψυχὴν
2735 5423 2901 5494 ἐλαϐεν
2922 5445 3015 5496 καὶ
3045 5443 3170 5497 νοῦν
3191 5446 3283 5497 καὶ
3316 5423 3536 5511 θέλησιν
3569 5444 3663 5495 καὶ
3695 5443 3805 5494 πᾶν

560 5521 678 5580 set,
704 5526 910 5582 nosque
932 5518 1074 5564 totos
1091 5511 1430 5578 pervaderet,
1481 5523 1533 5566 et
1555 5513 1606 5567 iu
1632 5516 1870 5585 seipsum
1890 5521 2140 5576 resolue-

2243 5527 2427 5581 ὁτιοῦν
2463 5531 2824 5600 ἀνθρώπειον,
2871 5534 2938 5587 ἵν’
2969 5536 3110 5599 ὅλοις
3141 5537 3272 5606 ἡμῖν
3303 5535 3568 5604 ᾓωθῆναι
3599 5533 3807 5605 δυνηθῇ

643 5693 760 5748 σιοι
786 5692 929 5747 Tim.
972 5705 1054 5756 VI,
1086 5688 1140 5742 2.
1215 5689 1303 5743 ’⁸-1
1331 5690 1460 5745 Cor.
1493 5707 1587 5758 λιι,
1622 5695 1711 5748 27.
1789 5695 1859 5728 δ”
1893 5698 2059 5754 l-Cor.
2090 5717 2162 5770 VI,
2199 5635 2287 5755 (ς.

2217 2623 2344 2684 τοὺς
2379 2622 2508 2692 περὶ
2541 2614 2616 2674 ὧν
2648 2620 2956 2690 ἐξήμαρτον
3001 2617 3370 2687 μεταγνόντας
3410 2617 3505 2668 καὶ
3533 2631 3783 2682 προσαγ-

2220 2712 2508 2781 γείλαντας
2553 2713 2776 2774 ἑαυτοὺς
2807 2712 2920 2774 τοῖς
2967 2708 3173 2780 ἱερεῦσι
3219 2710 3400 2777 πάσης
3449 2705 3786 2762 ἀπολύεσθαι

2223 2803 2382 2871 δίκης
2414 2807 2563 2873 παρὰ
2611 2805 2730 2873 Θεῷ
2759 2804 3011 2874 δικαστῇ.
3042 2801 3255 2855 Οὐκοῦν
3300 2801 3422 2855 ούδέ
3459 2801 3647 2854 τούτου
3689 2800 3786 2868 γέ-

2224 2898 2354 2948 νοιτ’
2387 2895 2454 2948 ἂν
2486 2897 2669 2964 τυχεῖν
2711 2894 2959 2966 ἐνεργοῦ,
3001 2896 3072 2964 μὴ
3105 2894 3165 2946 τὸ
3213 2894 3360 2964 ἱερὸν
3390 2893 3788 2960 δειπνήσαντας

2227 2987 2464 3041 δεῖπνον.
2496 2990 2592 3040 Διὰ
2619 2988 2774 3042 τοῦτο
2800 2991 2893 3041 καὶ
2913 2988 3154 3057 λούμεθα
3189 2990 3286 3056 μὲν
3315 2985 3480 3052 suae.
3517 2987 3786 3054 πρόσιμεν

2223 3079 2280 3133 δὲ
2312 3082 2378 3149 τῇ
2401 3081 2650 3152 τραπέζῃ
2679 3079 2955 3146 πολλάκις,
2983 3082 3062 3134 ὅτι
3092 3079 3376 3150 συμϐαίνει
3404 3078 3500 3148 μὲν
3527 3079 3786 3132 ἑκάστοτε

626 3616 780 3668 Sicut
803 3613 946 3668 enim
975 3611 1274 3667 oleastrum
1302 3611 1404 3665 sibi
1427 3612 1696 3663 insertum
1722 3609 1865 3663 oliva
1896 3608 2122 3662 horten-

538 3707 634 3760 εἰς
655 3721 782 3759 mox
803 3706 856 3758 in
874 3718 945 3757 ‘se
961 3706 1252 3768 convertit,
1282 3716 1336 3757 et
1353 3703 1378 3756 Γ
1379 3711 1564 3756 ructus
1597 3711 1782 3769 postea
1802 3700 2120 3770 neutiquam

555 3797 794 3850 oleastro
810 3797 1085 3860 convenit,
1117 3794 1189 3848 ita
1211 3803 1263 3848 et
1285 3791 1744 3860 humanajustitia
1765 3789 1880 3861 ipsa
1905 3791 2122 3861 quidem

559 3903 654 3957 per
686 3903 744 3942 se
789 3881 959 3955 ipsam
1025 3886 1090 3940 ad
1144 3885 1278 3944 niln.
1327 3883 1606 3948 conducit;
1671 3883 1765 3938 sed
1797 3883 1852 3936 in
1918 3883 2002 3937 his
2030 3881 2127 3952 qui

557 3980 775 4034 Christo
826 3977 1061 4047 copulati
1092 3975 1314 4038 fuerint,
1364 3975 1625 4044 carnique
1652 3984 1704 4030 et
1737 3974 1983 4044 sanguini
2010 3971 2127 4039 eius

557 4069 1100 4134 communicavcriut,
1155 4069 1413 4123 continuo
1443 4067 1582 4121 bona
1637 4065 1970 4136 amplissima
2000 4079 2128 4135 pro-

535 4169 800 4230 rgeuerat,
853 4156 1196 4228 peccatorum
1244 4156 1624 4212 remissionem
1657 4164 1711 4211 et
1757 4155 2126 4209 haereditatem

561 4253 731 4320 regni,
760 4249 1108 4319 quiajustitia»
1147 4248 1350 4303 Christi
1407 4247 1617 4303 fructus
1684 4257 1830 4302 sunt.
1879 4244 1952 4302 Ut
1981 4249 2127 4303 enim

539 4358 588 4394 τι
620 4355 778 4396 sacra
809 4355 996 4393 mensa
1023 4337 1235 4393 Christi
1272 4351 1472 4407 corpus
1527 4339 1846 4407 accipimus,
1878 4345 1931 4391 et
1986 4338 2132 4406 quod

542 4428 907 4500 praestantius
930 4436 1034 4490 est,
1060 4439 1262 4494 corpus
1281 4438 1532 4479 nostrum
1559 4427 1714 4495 longe
1740 4427 1930 4480 vincit:
1952 4428 2028 4482 ita
2046 4443 2134 4483 se-
