4196 6308
399 419 505 482 593

1422 437 1516 495 DE
1559 439 1730 497 Vl'l’A
1779 440 1858 499 IN
1899 441 2231 502 CllltlS'l‘O
2294 445 2435 502 LIB.
2478 445 2578 505 IV.

3525 449 3629 513 591

399 534 493 587 καὶ
517 534 584 587 δι’
616 535 753 589 ὅλων
797 538 958 608 ἡμῶν
985 544 1240 615 χωρήσῃ,
1269 548 1362 597 καὶ
1397 548 1538 617 πρὸς.
1578 550 1778 604 ἑαυτὸν
1807 552 1955 622 ἡμᾶς
1987 558 2030 612 Α

2077 561 2163 614 'et,
2196 568 2319 607 cum
2354 557 2610 610 munibus
2640 556 2842 623 omnia,
2876 558 3078 614 nostris
3112 573 3210 614 sua
3263 567 3631 630 conglutinas-

400 627 665 698 ἀναλύσῃ,
696 631 832 683 πᾶσι
882 633 1062 686 πάντα
1111 637 1356 706 συνάψας
1397 642 1509 702 τοῖς
1554 642 1846 712 ἡμετέροις
1890 643 1966 697 τὰ

398 717 618 785 ἑαυτοῦ,
671 720 793 773 ὅθεν
846 723 1254 792 ἁμαρτάνουσιν
1308 730 1652 799 ἀνάρμοστός
1701 735 1817 786 ἐστι
1866 735 1961 787 καὶ

389 808 721 882 ἀκόλλητος,
749 813 830 865 ὅτι
862 815 1036 886 ταύτῃ
1073 817 1233 886 μόνον
1278 795 1466 873 κοῖνδν-
1488 823 1616 891 ἡμῖν
1645 825 1782 892 πρὸς
1821 827 1962 878 εκεῖ-

401 913 511 950 νον.
547 898 589 950 Τ
595 900 626 952 J‘t
654 901 765 972 7&9
798 901 930 955 ἄλλα
955 904 1134 958 πάντα
1164 909 1257 960 καὶ
1293 909 1510 976 ἐδέξατο
1539 914 1664 981 παρ’
1691 914 1845 983 ἡμῶν
1878 931 1967 982 φι-

397 989 737 1060 λανθρώπως
786 995 882 1047 καὶ
933 998 1066 1066 ἡμῖν
1114 997 1379 1054 συνάπτει
1428 987 1957 1074 φιλανθρωπότερον.

400 1081 472 1130 Ί⁹δ
513 1081 614 1147 μὲν
645 1085 752 1153 γὰρ
780 1081 847 1152 ἦν
889 1087 984 1139 τὸν
1007 1088 1140 1141 Θεὸν
1187 1089 1266 1151 είς
1291 1091 1393 1158 τὴν
1431 1092 1534 1160 γῆν
1573 1093 1874 1156 κατελθεῖν,
1903 1093 1964 1146 τὸ

401 1169 456 1222 δὲ
479 1172 628 1240 ἡμᾶς
662 1173 872 1228 ἐνθένδε
897 1177 1198 1246 ἀναγαγεῖν
1221 1199 1235 1214 ο
1274 1179 1372 1232 καὶ
1401 1181 1461 1233 τὸ
1488 1181 1588 1250 μὲν
1621 1183 1782 1236 αὑτὸν
1815 1185 1969 1238 ἔναν-

401 1264 716 1334 θρωπῆσαι,
753 1268 814 1321 τὺ
853 1268 912 1322 δὲ
958 1271 1049 1324 τὸν
1096 1273 1384 1342 ἄνθρωπον
1427 1275 1729 1345 θεωθῆναι·
1768 1276 1865 1330 καὶ
1905 1276 1969 1329 τὸ

406 1357 506 1427 μὲν
541 1359 640 1428 τὴν
670 1359 832 1429 φύσιν
864 1361 1054 1425 ἁπλῶς
1096 1363 1207 1417 τῶν
1242 1364 1458 1420 ὀνειδῶν
1500 1367 1855 1434 ἀπαλλάττει,
1878 1369 1969 1438 ἐφ’

399 1451 485 1502 ἐνὶ
520 1448 734 1521 σώματι
771 1454 866 1506 καὶ
901 1455 1002 1524 μιᾷ
1026 1453 1172 1526 ψυχῇ
1210 1456 1308 1526 τὴν
1336 1457 1615 1528 ἁμαρτίαν
1641 1460 1970 1529 νικήσασαν,

400 1541 462 1591 τὺ
490 1540 546 1594 δὲ
583 1541 814 1596 ἕκαστον
834 1545 944 1598 τῶν
977 1547 1280 1614 ἀνθρώπων
1306 1551 1592 1618 ἁμαρτιῶν
1621 1551 1847 1605 ἀπολύει
1873 1552 1970 1605 καὶ

400 1630 522 1700 Θεῷ
553 1632 834 1703 συνίστησι
859 1651 873 1666 ·
910 1635 1084 1690 ταῦτα
1108 1638 1166 1691 δὲ
1193 1639 1418 1693 ἐκείνων
1457 1640 1966 1712 φιλανθρωπότερα.

414 1724 569 1776 Ἐπεὶ
610 1726 720 1794 7&9
775 1726 878 1780 οὐκ
912 1729 1040 1798 ἐνῆν
1083 1731 1230 1799 ἡμᾶς
1273 1731 1599 1795 ἀνελθόντας
1651 1734 1758 1786 τῶν
1802 1735 1966 1788 αὐτοῦ

407 1817 722 1886 μετασχεῖν,
759 1818 918 1882 αὐτὸς
950 1821 1231 1876 κατελθὼν
1265 1825 1344 1886 είς
1366 1826 1512 1893 ἡμᾶς
1539 1825 1648 1878 τῶν
1673 1827 1966 1897 ἡμετέρων

406 1909 842 1977 μεταλαμόάνει,
877 1915 971 1964 καὶ
1001 1913 1176 1976 οὕτως
1219 1917 1467 1986 ἀκριϐῶς
1498 1916 1579 1978 οἷς
1615 1919 1776 1972 ἔλαϐε
1835 1937 1961 1974 συν-

404 2001 568 2070 εφύη,
596 2001 736 2054 ὥστε
765 2004 832 2056 δι’
855 1997 930 2058 ὧν
949 2007 1102 2076 ἡμῖν,
1125 2006 1162 2062 ἃ
1183 2007 1314 2078 παρ’
1344 2008 1500 2077 ἡμῶν
1530 2008 1744 2076 ἔλαὸεν,
1785 2013 1968 2065 {utrobi-

405 2093 592 2157 δωσιν,
622 2094 815 2148 ἑαυτοῦ
863 2098 1208 2164 μεταδίδωσι,
1234 2100 1326 2152 καὶ
1367 2101 1568 2170 σαρκὸς
1603 2103 1695 2155 καὶ
1736 2103 1967 2171 αἵματος

411 2185 729 2254 μετέχοντες
761 2188 1109 2256 ἀνθρωπείου
1142 2190 1233 2243 τὸν
1265 2191 1397 2244 Θεὸν
1433 2194 1596 2247 αὐτὸν
1627 2197 1746 2256 ταῖς
1768 2197 1969 2264 ψυχαῖς

404 2274 819 2343 δεχόμεθα,γκαὶ
850 2279 1010 2349 σῶμα
1035 2279 1172 2332 Θεοῦ
1198 2281 1296 2336 καὶ
1328 2279 1468 2350 αἷμα
1496 2287 1589 2339 καὶ
1629 2285 1806 2356 ψυχὴν
1834 2285 1970 2340 Θεοῦ

409 2372 506 2421 καὶ
535 2371 659 2424 νοῦν
689 2371 782 2424 καὶ
835 2371 1052 2442 θέλησιν
1083 2373 1236 2426 οὐδὲν
1276 2375 1499 2430 ἔλαττον
1545 2380 1577 2447 ἢ
1632 2380 1969 2450 ἀνθρώπινα.

415 2460 564 2513 "seu
595 2461 700 2532 7&9
750 2464 844 2516 καὶ
871 2461 1028 2516 τοῦτο
1059 2459 1197 2518 εἶναι
1242 2469 1461 2520 κάκεῖνο
1492 2470 1742 2535 γενέσθαι
1783 2471 1844 2524 τὸ
1875 2473 1974 2541 τῆς

415 2553 554 2620 ἐμῆς
583 2553 865 2615 ἀσθενείας
891 2556 1182 2624 φάρμακον
1210 2574 1224 2588 ο
1250 2561 1300 2612 εί
1341 2560 1441 2624 μὲν
1470 2561 1578 2631 γὰρ
1620 2562 1750 2623 Θεὸς
1782 2559 1850 2634 ἦν
1879 2564 1974 2634 μό-

412 2660 524 2706 νον,
555 2645 653 2697 οὐκ
676 2646 740 2698 ἂν
767 2645 937 2708 οὕτως
972 2648 1152 2720 quasi;
1179 2667 1192 2680 ·
1214 2650 1330 2713 πῶς
1360 2652 1468 2720 γὰρ
1497 2655 1562 2706 ἂν
1601 2657 1733 2724 ἡμῖν
1759 2659 1976 2723 ἐγένετο

411 2735 659 2800 δεῖπνονς
698 2738 760 2790 Et
804 2738 849 2791 δ’
899 2739 1036 2809 ὅπερ
1087 2742 1248 2810 ἡμεῖς
1303 2744 1482 2812 μόνον,
1547 2745 1646 2798 οὐκ
1697 2747 1761 2799 ἂν
1803 2749 1976 2813 οὕτως

416 2828 629 2897 ἔδρασε.
660 2829 775 2882 Νῦν
807 2830 864 2885 δὲ
894 2830 953 2883 τὸ
985 2831 1392 2900 συναμφότερον
1413 2848 1426 2862 ·
1453 2835 1595 2887 οὕτω
1622 2836 1720 2904 μὲν
1749 2837 1824 2900 ὡς
1849 2839 1983 2906 ὀμο-

413 2925 630 2989 γενέσιν
681 2923 895 2976 ἑνοῦται
949 2926 1041 2977 καὶ
1101 2926 1409 2994 συμφύεται
1466 2931 1577 2991 τοῖς
1629 2929 1976 2999 ἀνθρώποις,

2061 655 2163 699 set.
2192 645 2348 701 Unde
2371 649 2716 715 peccantibus
2739 650 2982 720 adaptari
3025 661 3079 705 et
3103 653 3376 708 cohaerere
3408 670 3510 708 non
3529 672 3630 725 po-
3686 643 3691 648 ’

2066 745 2206 802 test,
2227 739 2484 806 quoniam
2511 741 2612 794 hac
2643 733 2852 794 tantum
2881 742 3091 795 ratione
3127 743 3274 796 nulla
3312 745 3473 799 nobis
3501 764 3626 800 cum

2063 828 2156 881 illo
2182 831 2535 884 consociatio.
2555 829 2686 885 Nam
2716 841 2908 886 caetera
2951 833 3132 887 omnia
3166 845 3221 888 et
3250 835 3557 890 humaniter
3601 854 3630 891 a

2065 918 2223 973 nobis
2245 921 2504 989 suscepit,
2529 931 2581 975 et
2599 937 2695 976 sua
2714 922 3630 993 nobiscumhumaniusconjunxit.

2067 1009 2202 1063 Illud
2240 1019 2356 1064 erat
2391 1009 2558 1065 Deum
2605 1013 2658 1064 in
2711 1020 2887 1068 terras
2916 1013 3282 1078 descendisse,
3317 1015 3462 1070 istud
3528 1033 3628 1072 nos

2067 1101 2190 1154 hinc
2217 1101 2272 1154 in
2309 1101 2507 1156 coelum
2541 1103 2901 1168 subvexisse;
2940 1104 3068 1157 illud
3093 1104 3272 1173 ipsum
3340 1107 3622 1160 hominem

2065 1194 2266 1249 factum
2296 1210 2438 1261 esse,
2465 1197 2566 1251 hoc
2602 1197 2876 1251 hominem
2912 1196 3080 1251 Deum
3105 1199 3386 1264 evasisse;
3409 1209 3462 1253 et
3500 1185 3633 1254 illitd

2066 1284 2286 1349 quidem
2333 1294 2587 1340 naturam
2621 1287 2833 1355 probris
2863 1301 2926 1341 ac
2956 1287 3222 1343 dedecore
3248 1289 3467 1357 penitus
3505 1291 3631 1343 lihe-

2068 1385 2171 1439 rat,
2203 1377 2328 1446 quia
2363 1378 2416 1431 in
2452 1393 2560 1432 uno
2614 1393 2842 1448 corpore
2874 1387 2929 1432 et
2983 1394 3086 1433 una
3132 1381 3308 1434 anima
3355 1392 3634 1449 peccatum

2068 1469 2290 1530 devicit;
2317 1470 2417 1524 hoc
2441 1486 2884 1541 unumquemque
2913 1471 3184 1526 hominem
3214 1487 3240 1523 a
3265 1479 3492 1539 peccato
3514 1473 3638 1524 vin-

2067 1559 2213 1614 dicat
2271 1559 2487 1628 Deoque
2510 1561 2878 1616 commendat.
2935 1560 3060 1615 Haec
3114 1576 3274 1629 porro
3302 1561 3410 1615 illis
3444 1562 3638 1614 huma-

2067 1648 2234 1701 nitate
2263 1655 2544 1716 praastant.
2577 1647 2843 1713 Quoniam
2905 1648 3049 1702 enim
3106 1663 3204 1702 nos
3235 1649 3550 1709 ascendere,
3587 1656 3639 1701 et

2067 1738 2334 1797 honorum
2367 1739 2488 1806 ejus
2527 1738 2822 1807 participes
2859 1739 2973 1792 fieri
3007 1754 3111 1792 non
3149 1739 3482 1800 valebamus,
3527 1739 3640 1805 ipse

2067 1831 2134 1883 ad
2167 1845 2264 1884 nos
2299 1829 2603 1894 descendit,
2638 1839 2988 1899 nostramque
3027 1829 3395 1883 conditionem
3451 1829 3639 1893 subiit,

2069 1922 2312 1992 adeoque
2331 1922 2576 1992 perfecte
2605 1923 2671 1978 iis
2691 1937 2814 1991 quae
2837 1924 3157 1991 assumpsit,
3189 1922 3415 1987 coaluit,
3453 1931 3512 1976 ut
3547 1936 3641 1990 per

2069 2028 2191 2083 quae
2204 2013 2383 2077 nobis,
2396 2029 2559 2083 quina
2578 2013 2732 2068 nobis
2745 2011 3302 2083 sumpsit,reddit,per
3317 2029 3378 2069 ea
3397 2013 3635 2081 seipsum

2069 2104 2454 2167 communicet,
2482 2113 2533 2157 et
2553 2119 2714 2159 carne
2731 2106 3359 2175 sanguineque-humano
3387 2112 3646 2158 constan-

2070 2187 2180 2260 tes,
2210 2195 2376 2249 Deum
2407 2195 2583 2264 ipsum
2613 2196 2902 2250 animabus
2925 2196 3310 2265 suscipiamus,
3345 2202 3413 2249 et.
3437 2209 3653 2262 corpus.

2046 2297 2128 2358 et
2151 2289 2491 2358 sanguinem,
2517 2297 2574 2340 et-
2599 2285 2835 2340 animam
2861 2296 2916 2340 et
2947 2293 3179 2339 mentem
3205 2301 3268 2339 ac
3304 2286 3660 2339 voluntatem-

2075 2375 2168 2430 Dei
2206 2389 2359 2444 atque
2404 2374 2737 2429 uthominis.
2773 2373 3071 2442 Oportebat
3099 2374 3368 2442 siquidem
3423 2383 3473 2427 et
3497 2373 3643 2426 aliud

2073 2484 2219 2532 esse,
2249 2478 2301 2522 et
2333 2467 2626 2522 aliudiieri
2666 2466 2970 2538 aegritudini
3017 2482 3152 2520 mea:
3206 2465 3651 2520 medicinam..Si

2075 2560 2217 2614 enim
2239 2558 2378 2611 Deus
2403 2566 2545 2612 esset
2568 2564 2798 2618 tantum,
2829 2571 2934 2610 non
2957 2555 3030 2608 ita
3063 2554 3326 2608 uniretur.
3355 2552 3458 2617 Qui
3489 2554 3635 2605 enim

2076 2649 2234 2703 nobis
2265 2662 2418 2702 omna
2443 2647 2629 2702 ﬁeret?
2644 2646 2700 2700 Si
2729 2653 2910 2700 autem
2932 2655 3080 2700 esset
3111 2651 3324 2698 tantum
3357 2642 3504 2711 quod
3541 2657 3644 2696 nos

2078 2725 2291 2803 sumus,
2317 2741 2600 2794 nobiscum
2631 2755 2735 2794 non
2755 2738 2836 2792 sic
2851 2738 3072 2805 egisset.
3097 2723 3254 2790 Nunc
3285 2751 3407 2789 cum
3427 2745 3642 2788 utrum.

2078 2848 2182 2903 que
2199 2833 2289 2895 sit,
2312 2833 2416 2885 hoc
2445 2831 2667 2900 quidem
2719 2829 3058 2892 hominibus,
3095 2836 3152 2881 ut
3183 2827 3347 2881 homo
3373 2826 3650 2896 jungitur,

2077 2932 2132 2977 et
2160 2921 2431 2975 coalescit:
2465 2921 2554 2975 illo
2578 2929 2824 2975 naturam
2843 2919 3103 2974 extollere
3131 2929 3184 2972 et
3212 2917 3470 2978 excitare,
3501 2925 3554 2969 et
3587 2917 3639 2968 in

417 3012 640 3073 ἐκείνως
671 3013 727 3066 δὲ
754 3015 852 3084 τὴν
878 3014 1042 3083 φύσιν
1081 3012 1212 3086 ἆραι
1245 3016 1468 3070 δύναται
1505 3017 1600 3072 καὶ
1635 3020 1858 3088 νικῆσαι
1885 3025 1980 3075 καὶ

2080 3013 2318 3081 seipsum
2351 3011 2648 3063 transferre
2679 3017 2876 3078 potest.
2932 3006 3241 3062 Facultates
3271 3006 3414 3059 enim
3450 3014 3646 3072 potet»

419 3105 555 3170 πρὸς
603 3105 796 3157 ἑαυτὸν
857 3108 1216 3176 μεταστῆσαι.
1252 3109 1372 3162 Τῶν
1415 3111 1525 3182 γάρ
1565 3113 1850 3182 δυνάμεων
1881 3115 1984 3177 τάς

2087 3103 2281 3166 tiores,
2311 3101 2358 3155 si
2384 3102 2449 3155 in.
2473 3097 3156 3161 infirmioresinciderint,
3196 3097 3499 3150 consistere
3551 3109 3647 3148 eas

414 3197 672 3260 ἐλάττους
704 3199 760 3252 αί
789 3199 1011 3269 μείζους
1039 3202 1134 3254 ἐπὶ
1175 3202 1283 3255 τῶν
1313 3203 1498 3256 αὐτῶν
1531 3206 1734 3274 μένειν,
1760 3207 1978 3263 ἐπειδὰν
2004 3217 2034 3276 ί

2083 3195 2350 3250 iniisdem
2381 3209 2502 3248 non
2525 3188 3150 3260 patiuntur..Et,fcrtum
3177 3189 3284 3259 igni
3334 3187 3645 3257 impositum

416 3291 611 3353 αὑταῖς
646 3291 1062 3360 συνενεχθῶσιν,
1093 3294 1154 3345 οὐ
1202 3294 1566 3364 συγχωροῦσι,
1618 3300 1710 3351 καὶ
1758 3299 1974 3368 σίδηρος

415 3383 568 3436 οὐδὲν
606 3383 828 3453 σιδήρου
883 3384 1036 3453 φέρει
1092 3385 1224 3456 πυρὶ⁵
1281 3386 1572 3451 συνελθὼν,
1635 3389 1728 3440 καὶ
1761 3391 1831 3455 γῆ
1883 3391 1977 3443 καὶ

415 3473 562 3542 ὕδωρ
589 3474 698 3526 τῶν
732 3475 946 3528 οίκείων
972 3478 1036 3528 τὰ
1071 3477 1163 3529 τοῦ
1206 3477 1378 3545 πυρὸς
1413 3478 1762 3534 ἀλλάττονται
1809 3484 1978 3555 πυρὸς

417 3565 871 3619 ἀπολελαυκότα·
903 3567 952 3618 εί
1004 3567 1062 3618 δὲ
1108 3567 1216 3619 τῶν
1267 3568 1540 3636 ὁμογενῶν
1586 3570 1869 3638 δυνάμεων
1920 3574 1978 3627 αῑ

419 3657 702 3726 κρείττους
725 3656 868 3709 οὕτω
891 3655 1090 3724 δρῶσιν
1119 3659 1198 3719 είς
1224 3657 1322 3720 τάς
1367 3659 1641 3723 ἐλάττους,
1671 3662 1724 3714 τί
1747 3663 1827 3715 δεῖ
1854 3663 1980 3733 περὶ

419 3748 516 3815 τῆς
543 3746 862 3817 ὑπερφυοῦς
892 3748 1109 3814 ἐκείνης
1134 3747 1388 3816 νομίσαι;
1417 3750 1657 3820 Φανερδν
1679 3753 1879 3815 τοίνυν,
1907 3755 1979 3816 ὼς

419 3843 661 3910 ἐγχεῖται
705 3840 803 3906 μὲν
843 3840 975 3907 ἡμῖν
1002 3840 1030 3890 ὀ
1070 3839 1304 3904 Χριστὸς
1332 3841 1428 3893 καὶ
1465 3841 1822 3909 ἀναμίγνυσιν
1855 3847 1982 3898 ἑαυο

417 3931 528 3996 τὸν,
558 3930 776 4000 ἀμεέὄει
817 3931 872 3982 δὲ
909 3932 1000 3983 καὶ
1035 3929 1168 4001 πρὸς
1205 3930 1395 3983 ἑαυτὸν
1440 3931 1764 4001 μεταϐάλλει
1815 3936 1988 3989 καθά-

421 4037 527 4089 περ
559 4018 750 4088 ῥανίδα
782 4018 983 4088 μικρὰν
1009 4018 1200 4081 ὕδατος
1227 4019 1545 4088 ἑγχεθεῖσαν
1566 4021 1782 4091 ἀπείρῳ
1811 4023 1983 4095 μύρου

425 4111 672 4178 πελά-(ει.
722 4109 970 4163 Τοσαῦτα
1005 4111 1114 4179 γὰρ
1145 4109 1368 4162 δύναται
1391 4111 1502 4172 τοῖς
1546 4110 1846 4179 ἐμπεσοῦσι
1869 4113 1986 4164 τόδε

422 4202 480 4254 τὸ
531 4202 724 4270 μύρον,
781 4199 920 4252 ὥστε
960 4201 1060 4252 οὐκ
1105 4199 1325 4262 εὐώδεις
1374 4199 1754 4253 ἀποδείκνυσιν
1802 4202 1986 4265 ἁπλῶς

422 4289 542 4344 οὐδὲ
575 4291 748 4359 μύρου
785 4289 1048 4350 πνέοντας
1080 4287 1261 4357 μόνον,
1295 4286 1410 4342 ἀλλ’
1441 4288 1670 4342 εὐωδίαν
1697 4289 1867 4358 αὐτὴν
1891 4289 1988 4360 τὴν

424 4385 535 4446 ἕξιν
568 4381 733 4434 αὑτοῦ
761 4380 856 4433 τοῦ
889 4379 1218 4441 κενωθέντος
1253 4380 1318 4432 δι’
1346 4381 1494 4450 ἡμᾶς
1551 4381 1754 4452 μύρου·
1797 4400 1816 4432 ι
1851 4383 1991 4451 Χρι-

429 4475 557 4531 στοῦ
587 4476 718 4544 γὰρ,
753 4477 938 4544 φησὶν,
969 4474 1168 4528 εὐωδία
1196 4473 1382 4540 ἐσμέν.
1417 4492 1436 4524 ι

2084 3288 2226 3344 nihil
2250 3287 2378 3341 ferri
2402 3284 2617 3340 retinet.
2634 3283 2800 3337 Terra
2824 3283 2951 3336 item
2977 3291 3029 3336 et
3045 3297 3186 3351 aqua
3216 3283 3268 3334 in
3293 3282 3468 3350 ignem
3505 3294 3645 3332 eone-

2075 3381 2219 3451 jecta
2263 3377 2372 3448 igni
2426 3383 2724 3432 mutantur.
2757 3375 2910 3440 Quod
2940 3373 2986 3428 si
3022 3373 3334 3426 facultatum
3389 3378 3649 3439 cognata-

2080 3487 2200 3528 rum
2237 3469 2528 3525 validiores
2557 3459 2640 3523 si'c
2695 3466 2750 3520 in
2782 3463 3164 3520 imbecilliores
3195 3470 3382 3531 agunt,
3423 3459 3552 3528 quid
3583 3461 3651 3514 de

2081 3565 2170 3620 illa
2188 3563 2452 3634 singulari
2495 3569 2552 3616 et
2573 3557 2882 3614 admirabili
2907 3555 3168 3610 facultate
3197 3551 3653 3608 existimabimus?

2080 3657 2309 3712 Constat
2342 3655 2500 3725 igitur
2551 3650 2825 3707 Christum
2881 3645 3167 3701 infundere
3227 3655 3282 3698 et
3327 3644 3558 3698 miscere
3593 3659 3651 3695 se

2083 3747 2265 3810 nobis,
2301 3753 2512 3799 mutare
2543 3757 2663 3808 nos,
2691 3749 2745 3794 et
2775 3739 2828 3793 in
2857 3754 2916 3794 se
2967 3743 3356 3798 transmutare,
3389 3741 3652 3801 tanquam

2084 3853 2238 3908 aquae
2273 3846 2480 3907 guttam
2508 3834 2776 3888 modicam
2809 3829 3046 3885 infusam
3097 3828 3362 3882 immenso
3393 3825 3654 3894 unguenti

2087 3931 2292 4000 pelago.
2330 3929 2561 3982 Tantum
2597 3925 2794 3994 quippe
2833 3919 3203 3976 incidentibus
3242 3918 3295 3971 in
3321 3932 3378 3973 se
3405 3930 3650 3985 unguen-

2088 4028 2227 4084 tum,
2255 4019 2395 4072 istuc
2437 4023 2678 4085 prastat,
2723 4022 2784 4067 ut
2808 4028 2915 4068 non
2943 4011 3122 4068 solum
3175 4011 3330 4079 plane
3365 4008 3651 4070 odoratos,

2088 4125 2189 4166 nec
2248 4089 2598 4175 unguentum
2657 4105 2932 4173 spirantes
2988 4099 3387 4158 tantummodo.
3416 4098 3510 4152 sed
3546 4097 3656 4151 fra-

2089 4198 2362 4272 grantiam
2389 4198 2565 4267 ipsam
2599 4195 2810 4257 habitu,
2855 4201 2910 4246 et
2941 4193 3143 4246 bonum
3203 4191 3426 4244 odorem
3488 4188 3660 4257 ipsius

2093 4292 2352 4361 unguenti
2380 4295 2599 4359 propter
2631 4303 2732 4341 nos
2771 4284 2935 4341 effusi
2969 4284 3189 4338 reddat:
3235 4298 3253 4332 ι
3286 4279 3493 4336 Christi
3513 4279 3656 4356 enim
3765 4324 3770 4328 .

2091 4384 2267 4440 bonus
2288 4385 2422 4438 odor
2451 4395 2638 4436 sumus
2669 4379 2734 4448 “,
2769 4397 2788 4431 ι
2817 4377 3012 4448 inquit.

499 4540 775 4636 Τοιαύτη-νή
797 4540 908 4634 έχει
939 4565 1170 4634 δύναμιν
1203 4567 1297 4617 καὶ
1319 4565 1477 4634 χάριν
1503 4567 1615 4627 τοῖς
1665 4565 1988 4636 τετελεσμὲ-
2015 4540 2034 4601 1

2166 4556 2316 4611 lianc
2361 4555 2466 4609 vim
2489 4562 2542 4608 et
2568 4553 2794 4623 gratiam
2826 4552 2968 4622 apud
3003 4552 3471 4606 communicantes
3508 4562 3665 4603 caena

429 4678 538 4721 νοις
573 4660 634 4710 τὸ
671 4659 907 4716 δεῖπνον.
951 4657 1045 4709 ἐάν
1075 4673 1139 4724 γε
1183 4656 1413 4724 καθαροὶ
1459 4654 1848 4724 προσελθόντες
1887 4674 1990 4710 κα-

429 4752 552 4813 κίας
577 4748 797 4817 ἀπάσης
826 4746 989 4817 μηδὲν
1016 4747 1473 4814 ἑπεισαγάγωμεν
1500 4746 1689 4799 ἔπειτα
1721 4748 1952 4818 πονηρόν
1970 4764 1984 4778 ο

428 4841 572 4894 οὕτω
609 4839 717 4910 γὰρ
741 4838 924 4906 ἔχουσι
973 4840 1066 4891 καὶ
1102 4837 1644 4907 παρεσκευασμένοις
1691 4837 1841 4889 οὐδὲν
1875 4855 1986 4892 κω-

431 4933 583 4986 λύσει
612 4930 702 4982 τὺν
751 4928 986 4996 Χριστὸν
1014 4926 1187 4988 οὕτως
1228 4926 1471 4996 ἀκριϐῶς
1504 4927 1634 4996 ἡμῖν
1680 4928 1947 4996 ἑνωθῆναι
1969 4943 1982 4958 ’

438 5041 457 5073 ι
489 5023 562 5074 Τὸ
598 5019 900 5089 μυστήριον
925 5014 1084 5068 τοῦτο
1109 5016 1251 5084 μέγα
1281 5016 1417 5076 ἐστὶ,
1459 5033 1478 5068 ι
1516 5014 1617 5084 τὴν
1645 5015 1836 5068 ἕνωσιν
1865 5016 1994 5068 ταύ-

432 5130 531 5184 την
578 5111 808 5179 ἐξαίρων
840 5110 868 5161 ὀ
909 5107 1175 5176 μακάριος
1223 5105 1326 5174 ἔφη
1388 5105 1632 5168 Παῦλος⁶
1678 5107 1835 5160 τοῦτο
1885 5106 1994 5177 γάρ
2031 5113 2034 5117 ’

435 5205 582 5256 ἐστιν
612 5203 641 5254 ὀ
673 5200 848 5268 γάμος
899 5201 926 5249 ὀ
959 5195 1356 5266 πολυύμνητος,
1409 5196 1530 5248 καθ’
1569 5196 1628 5248 ὃν
1674 5197 1702 5248 ὀ
1729 5198 1994 5264 πανάγιος

437 5293 662 5361 νυμφίος
682 5295 783 5360 τὴν
818 5288 1142 5358 Ἐκκλησίαν
1162 5286 1236 5348 ὡς
1261 5285 1528 5354 παρθένον
1546 5287 1736 5350 ἄγεται
1754 5287 1992 5356 νύμφην.

440 5385 548 5436 Καὶ
579 5383 688 5450 γὰρ
735 5379 969 5432 ἐνταῦθα
1000 5377 1097 5446 μὲν
1135 5377 1162 5428 ὀ
1192 5373 1422 5443 Χριστὸς
1463 5372 1718 5441 ἐκτρέφει
1749 5374 1840 5425 τὸν
1871 5374 1999 5442 περὶ

439 5473 599 5525 αὑτὸν
624 5471 804 5540 χορὸν,
825 5471 998 5537 τούτῳ
1019 5469 1074 5520 δὲ
1106 5466 1249 5536 μόνῳ
1279 5467 1386 5519 τῶν
1409 5466 1721 5534 μυστηρίων
1750 5483 1769 5516 t
1799 5465 2001 5531 σάρκες

442 5543 606 5631 ἐσμὲν
635 5564 699 5612 ἐκ
728 5559 836 5613 τῶν
863 5558 1079 5628 σαρκῶν
1104 5557 1292 5624 αὐτοῦ,
1318 5557 1412 5609 καὶ
1428 5556 1561 5608 ὀστᾶ
1584 5557 1649 5608 ἐκ
1687 5557 1795 5607 τῶν
1824 5555 2002 5610 ὀστῶν

445 5653 630 5708 αὑτοῦ.
663 5672 680 5704 ι
713 5651 901 5704 Ταῦτα
919 5651 974 5702 δέ
1001 5652 1170 5716 ἐστιν,
1200 5642 1282 5713 οἷς
1311 5649 1340 5702 ὀ
1369 5647 1663 5710 ἀπόστολος
1686 5647 2003 5718 ὁριζόμενος

2093 4645 2548 4716 habet,siquidem
2561 4643 2707 4697 omni
2724 4643 2843 4698 labe
2853 4653 3099 4698 carentes
3111 4659 3231 4696 cum
3247 4639 3661 4717 accesserimus,

2093 4738 2230 4793 nihil
2262 4746 2446 4806 postea
2468 4735 2590 4791 novi
2611 4735 2836 4790 sceleris
2851 4733 3297 4789 consciverimus.
3319 4730 3409 4786 Sic
3427 4730 3572 4784 enim
3594 4730 3669 4784 af-

2093 4830 2271 4894 fectis,
2293 4837 2348 4881 et
2374 4826 2580 4898 paratis
2600 4826 2776 4892 nobis,
2805 4824 3256 4894 nihilperfectam
3290 4820 3495 4875 Christi
3527 4835 3670 4874 cou-

2085 4919 2421 4998 junctionem
2447 4916 2732 4971 nobiscum
2757 4912 3074 4969 retardabit:
3101 4910 3542 4971 «Sacramentum
3562 4909 3670 4962 hoc

2101 5022 2356 5078 magnum
2373 5006 2565 5070 est",a
2584 5006 2835 5072 copulam
2856 5005 3014 5057 istam
3038 4999 3294 5064 efferens,
3317 4999 3508 5053 beatus
3529 4999 3668 5052 Pau-

2101 5101 2188 5156 lus
2219 5099 2318 5154 ait.
2347 5097 2438 5152 Hte
2475 5096 2603 5150 Sunt
2634 5096 2780 5150 enim
2813 5094 3015 5163 nuptiae
3033 5091 3445 5154 laudatissima,
3470 5090 3672 5160 quibus

2103 5190 2444 5246 castissimus
2462 5189 2552 5242 ille
2569 5201 2802 5257 sponsus
2821 5184 3120 5238 Eeclesiam
3145 5192 3204 5237 ut
3221 5183 3484 5252 virginem
3509 5196 3674 5250 spon-

2081 5297 2222 5353 ‘sam
2253 5279 2424 5335 ducit.
2455 5277 2556 5332 Hic
2585 5277 2729 5332 enim
2749 5275 2995 5328 Christus
3045 5275 3269 5328 chorum
3305 5273 3409 5329 sibi
3451 5273 3668 5326 all‘mtm

2107 5370 2224 5426 alit.
2246 5369 2358 5424 Hoc
2378 5353 2495 5424 s'olo
2515 5367 2770 5438 mysterio
2792 5381 2950 5421 (caro
2967 5381 3166 5422 sumus
3178 5367 3244 5420 de
3273 5380 3436 5420 carne
3463 5365 3603 5430 ejus,
3620 5371 3676 5416 et

2110 5478 2230 5517 ossa
2262 5462 2328 5518 de
2355 5461 2574 5517 ossibus
2593 5459 2712 5528 ejus
2745 5460 2810 5514 “'.
2859 5458 3038 5514 LHiDC
3066 5467 3195 5514 sunt
3219 5498 3234 5525 ,
3261 5457 3462 5526 quibus
3522 5454 3644 5522 Apo
3664 5482 3676 5493 -

2109 5553 2288 5608 slolus
2310 5553 2527 5622 nuptias
2542 5553 2813 5609 definiens
2837 5552 3112 5607 Christum
3142 5564 3265 5606 esse
3290 5560 3551 5616 sponsum
3575 5540 3674 5602 do-

2092 5632 2218 5712 Icet,
2249 5651 2308 5700 et
2332 5658 2456 5700 eum
2485 5658 2742 5715 sponsam
2775 5644 2970 5700 habere
2997 5643 3255 5708 Joannes,
3285 5638 3448 5708 hujus
3464 5651 3676 5694 conuu-

527 5834 572 5866 “
607 5835 646 5889 ll
679 5832 807 5890 Cor.
843 5846 904 5899 tt,
941 5831 1026 5888 i5.
1105 5831 1146 5863 ’⁵⁷
1173 5828 1372 5902 Εριιεει
1410 5844 1464 5895 v,
1499 5825 1588 5880 52.
1668 5823 1710 5855 "
1737 5823 1870 5878 Gen.
1916 5839 1976 5891 tt,
2007 5823 2095 5878 21.
