4134 6314
521 431 626 496 595

1722 439 2034 500 NICOLAl
2070 439 2461 499 CABASILAZ

3649 435 3749 498 596

525 548 602 603 bii
631 562 831 618 auspex
861 557 916 603 ct
940 548 1264 603 conciliator
1293 549 1368 602 ait
1398 549 1464 602 ι’,
1514 549 1625 604 Hoc
1681 558 2075 605 sacramentum

2184 552 2274 605 τὸν
2309 553 2511 620 γάμον,
2559 549 2790 619 νυμφίον
2837 547 3182 600 ἀποδείκνυσι
3225 547 3318 599 τὸν
3347 545 3582 616 Χριστὸν
3616 543 3749 600 εἶναι

521 639 704 695 lumen
742 651 825 695 est
854 640 970 708 jam
1037 641 1299 709 purgatis;
1329 640 1382 694 in
1416 640 1500 696 his
1529 649 1734 699 autem.
1771 642 1861 709 qui
1887 641 2082 694 etiam-

524 747 652 784 num
687 741 1006 802 purgantur,
1039 731 1298 800 purgandi
1325 730 1641 786 facultatem
1672 732 1833 787 habet
1863 743 2084 786 contra-

521 841 627 894 que
649 825 943 895 malignum
969 833 1023 878 et
1054 824 1390 878 turbulentas
1412 824 1578 878 animi
1602 825 1871 880 motiones
1892 825 2084 878 decer-

523 926 719 979 tantes,
755 916 900 970 sicut
927 915 1162 969 athletas
1198 915 1250 968 in
1285 916 1641 986 gymnasticis
1691 915 2083 969 certaminibus

523 1004 694 1072 ungit.
727 1004 837 1059 Illis
873 1019 1107 1072 namque
1146 1004 1274 1057 nihil
1317 1012 1485 1059 restat
1529 1004 1698 1067 aliud,
1740 1019 1902 1073 quam
1936 1003 2084 1056 velut

523 1095 678 1160 pulso
713 1095 782 1149 ab
827 1095 1001 1150 oculis
1052 1096 1184 1149 vitio
1218 1139 1232 1161 ,
1288 1096 1472 1150 lumen
1527 1095 1711 1150 mundi
1775 1095 2080 1149 admittere.

522 1188 624 1251 Qui
665 1198 840 1241 autem
886 1191 1028 1241 unde
1089 1189 1302 1256 purgari
1334 1195 1557 1258 queant,
1595 1189 1772 1244 adhuc
1813 1189 2077 1260 indigent,

519 1295 616 1332 eos
649 1279 906 1348 quidnam
935 1279 1106 1339 aliud,
1132 1295 1342 1348 quaeso,
1361 1281 1596 1350 purget?
1635 1299 1652 1331 ι
1681 1279 1914 1348 Sanguis
1936 1283 2078 1335 enim

519 1370 642 1424 Filii
689 1370 781 1424 Dei
813 1371 1072 1425 emundat
1127 1387 1227 1426 nos
1259 1372 1327 1426 ab
1374 1374 1521 1426 omni
1570 1385 1812 1441 peccato,
1860 1391 1877 1424 ι
1905 1374 2085 1442 inquit

514 1460 754 1516 Joannes
782 1462 828 1494 '°
866 1461 1084 1516 Christo
1141 1461 1516 1517 charissimus.
1573 1463 1866 1517 Victuriam
1926 1478 2084 1532 porro

513 1563 704 1606 contra
763 1553 1078 1621 malignum,
1109 1568 1139 1606 a
1193 1553 1416 1608 Christo
1451 1556 1569 1609 solo
1605 1555 1905 1624 dependere
1963 1557 2083 1626 quis

521 1642 738 1696 nescit?
795 1643 954 1711 cujus
1023 1643 1194 1698 solius
1245 1658 1444 1712 corpus
1501 1654 1759 1714 troparum
1825 1646 2085 1702 adverSus

517 1742 797 1800 peccatum
857 1733 1048 1795 erexit,
1111 1742 1166 1786 et
1231 1749 1325 1799 per
1379 1735 1482 1789 hoc
1534 1736 1854 1806 oppugnatis
1891 1739 2087 1793 afferre

518 1825 779 1877 auxilium
831 1833 1046 1892 potest,
1084 1825 1140 1879 in
1171 1840 1280 1895 quo
1332 1826 1450 1894 ipso
1493 1843 1684 1896 passus
1741 1837 1842 1893 est,
1879 1839 1931 1883 et
1969 1839 2085 1883 tcu-

519 1922 662 1969 tatus
721 1915 870 1970 vicit.
909 1916 1176 1980 Quoniam
1227 1918 1368 1970 enim
1423 1920 1571 1973 carni
1629 1934 1751 1974 cum
1807 1922 1914 1975 vita
1970 1922 2052 1989 spi

519 2002 697 2056 ritu:in
749 2003 882 2057 nihil
923 2003 1000 2058 rei
1060 2013 1144 2058 est
1179 2021 1339 2074 quam
1385 2008 1550 2061 etiam
1603 2009 1872 2064 hostiliter
1915 2011 2028 2065 odit
2069 2028 2082 2064 :

521 2111 542 2144 ι
589 2092 938 2163 Concupiscit
985 2097 1151 2159 enim,
1194 2097 1392 2167 inquit,
1435 2114 1563 2155 caro
1612 2102 1872 2156 adversus
1918 2104 2084 2172 spiri-

520 2194 633 2238 tqu
662 2185 730 2248 ";
770 2203 790 2238 ι
824 2187 894 2241 ob
919 2186 970 2241 id
1003 2190 1304 2258 excogitata
1339 2200 1391 2245 et
1425 2192 1643 2246 inventa
1676 2202 1759 2248 est
1788 2209 1915 2249 caro
1947 2179 2083 2249 con-

517 2285 598 2331 ira
669 2292 913 2342 carnem,
967 2290 1153 2335 contra
1212 2291 1480 2338 terrenam
1521 2288 1820 2355 spiritualis
1857 2307 1870 2344 :
1907 2298 1960 2343 et
1999 2289 2083 2344 lex

514 2371 697 2426 carnis
727 2371 1036 2442 abrogatur,
1065 2380 1120 2427 et
1139 2389 1266 2430 caro
1289 2376 1432 2431 cedit
1481 2379 1712 2446 spiritui,
1737 2390 1791 2433 ct
1811 2378 2083 2437 adversus

517 2460 684 2530 legem
712 2463 912 2530 peccati
938 2463 1042 2518 fert
1071 2464 1555 2532 subsidium.Quia
1586 2479 1816 2538 namque
1852 2486 1978 2526 caro
2010 2473 2084 2528 is-

517 2556 570 2603 ta
611 2549 768 2602 beata
822 2550 1064 2603 nondum
1110 2561 1396 2620 compacta
1425 2562 1481 2607 et
1513 2568 1886 2624 coagmentata
1944 2572 2079 2624 erat,

515 2639 678 2695 vitam
713 2642 1048 2710 spiritnaiem
1087 2642 1269 2696 vivere
1313 2643 1521 2700 nemini
1555 2649 1798 2703 omnium
1820 2653 2084 2707 concede-

515 2732 714 2785 batur:
747 2734 966 2802 quando
988 2750 1088 2789 nec
1114 2735 1230 2804 ipsa
1263 2737 1348 2791 lex
1370 2739 1709 2803 servabatur,
1734 2743 1948 2798 tametsi
1972 2759 2078 2798 non

514 2821 805 2892 admodum
831 2825 1109 2878 recondita
1130 2827 1449 2882 etabstrusa
1483 2844 1499 2894 ;
1529 2829 2081 2901 necelliciebatquid-

513 2928 677 2980 quam
715 2913 767 2966 in
785 2914 1130 2978 hominibus,
1158 2932 1283 3006 cum
1334 2929 1530 2974 natura
1569 2932 1755 2977 nostra
1811 2925 2078 2980 deteriora

511 3015 853 3075 sequeretur.
900 3006 1287 3063 lnlirmabatur
1335 3011 1481 3065 enim
1511 3013 1596 3067 lex
1631 3028 1727 3082 per
1753 3029 1994 3078 carnem,
2025 3026 2080 3072 et

513 3099 620 3152 alia
652 3114 816 3155 carne
842 3115 978 3169 opus
1009 3100 1268 3169 habebat,
1292 3119 1414 3174 qua:
1446 3106 1612 3160 robur
1628 3121 1745 3174 ejus
1777 3109 1912 3162 tueri
1955 3123 2080 3178 pos-

2185 646 2280 698 καὶ
2309 645 2406 712 τὴν
2436 642 2652 711 νύμφην
2678 640 2846 711 ἔχειν,
2882 641 2911 693 6
2950 640 3326 708 νυμφαγωγός
3375 654 3542 707 φησιν
3579 639 3751 693 Ἰωάν-

2183 751 2301 804 νης.
2337 733 2509 788 Τοῦτο
2547 733 2606 785 τδ
2637 733 2942 802 μυστήριον
2973 729 3088 796 φῶς
3120 729 3220 797 μέν
3247 730 3362 780 ἐστι
3391 730 3507 790 τοῖς
3530 729 3630 798 ἤδη
3663 746 3750 781 κε-

2185 826 2571 895 καθαρμένοις,
2620 823 2914 892 καθάρσιον
2943 823 3000 875 δὲ
3027 823 3138 882 τοῖς
3183 819 3262 872 ἔτι
3307 818 3751 888 καθαιρομένοις,

2184 916 2449 984 ἀλείπτης
2477 915 2536 968 δὲ
2565 912 2706 966 κατά
2732 909 2827 964 τοῦ
2859 909 3100 980 πονηροῦ
3129 907 3354 960 καὶτῶν
3383 906 3578 958 παθῶν
3613 908 3753 972 ἀγω-

2183 1005 2521 1075 νιζομένοις·
2570 1003 2680 1065 τοῖς
2717 1002 2816 1071 μὲν
2845 1001 2954 1070 γὰρ
2999 999 3152 1051 οὐδὲν
3185 997 3313 1052 ἄλλο
3341 997 3530 1048 λοιπὸν
3562 996 3594 1064 ἢ
3622 997 3753 1049 καθ’⁸

2182 1099 2324 1168 άπερ
2379 1095 2646 1164 ὀφθαλμῷ
2694 1093 2793 1160 τὴν
2829 1092 3008 1159 λύμην
3054 1088 3376 1157 ἀποθεμένῳ
3417 1088 3480 1140 τὸ
3505 1088 3621 1154 φῶς
3659 1088 3750 1138 τοῦ

2183 1191 2387 1257 κόσμου
2415 1186 2695 1252 δέξασθαι,
2717 1187 2831 1245 τοῖς
2862 1183 2919 1235 δὲ
2945 1181 3223 1250 δεομένοις
3256 1179 3336 1231 ἔτι
3377 1178 3473 1231 τοῦ
3511 1177 3747 1247 καθᾶραι

2182 1280 2503 1348 δυναμένου,
2547 1277 2840 1345 καθάρσιον
2866 1274 2918 1326 τί
2958 1272 3155 1340 γένοιτ’
3179 1269 3245 1322 ἂν
3289 1269 3458 1334 alio;
3493 1287 3509 1318 ι
3549 1269 3622 1319 Τὸ
3645 1269 3750 1336 γὰρ

2183 1365 2320 1440 αἷμα
2347 1363 2437 1422 τοῦ
2475 1363 2605 1420 Υίοῦ
2636 1365 2729 1418 τοῦ
2755 1358 2892 1417 Θεοῢ
2923 1361 3209 1430 καθαρίζει
3235 1355 3402 1428 ἡμᾶς,
3431 1357 3618 1428 φησὶν,
3643 1360 3748 1411 ἀπὸ

2185 1465 2364 1532 πάσης
2388 1460 2680 1529 ἁμαρτίας,
2714 1477 2733 1511 ι
2763 1460 2792 1511 6
2821 1457 3188 1524 διαφερόντως
3214 1453 3290 1522 τῷ
3314 1451 3536 1518 Χριστῷ
3562 1448 3746 1515 φιλού-

2188 1566 2347 1626 μενος
2389 1552 2677 1620 Ἰωάννης-ο
2731 1549 2828 1620 τὴν
2883 1547 2939 1600 δὲ
2979 1549 3120 1600 κατά
3157 1544 3248 1598 τοῦ
3303 1538 3543 1610 πονηροῦ
3593 1541 3747 1626 νίκην

2184 1625 2268 1709 τίς
2297 1646 2398 1698 οὐκ
2422 1639 2586 1704 οἶδεν,
2614 1641 2690 1704 ὡς
2721 1642 2750 1693 6
2781 1637 3014 1708 Χριστὸς
3045 1633 3316 1705 ἀνῄρηται
3349 1634 3530 1702 μόνος,
3559 1625 3621 1684 οὗ
3656 1630 3744 1698 μό-

2183 1755 2274 1790 νον
2308 1735 2436 1804 ἔστη
2467 1733 2729 1804 τρόπαιον
2750 1731 2890 1782 κατὰ
2911 1727 3013 1796 τῆς
3044 1724 3319 1795 ἁμαρτίας
3343 1723 3404 1775 τὸ
3438 1721 3616 1790 σῶμα,
3657 1721 3749 1772 καὶ

2188 1829 2359 1898 τούτῳ
2404 1826 2630 1880 δύναται
2671 1821 2938 1894 βοηθῆσαι
2997 1816 3443 1885 πολεμουμένοις,
3486 1815 3542 1864 δν
3574 1808 3618 1877 ᾧ
3652 1813 3747 1865 πέ-

2187 1921 2382 1974 πονθεν
2426 1917 2588 1978 αὐτὸς
2627 1916 2721 1968 καὶ
2751 1913 3004 1980 νενίκηκε
3051 1905 3402 1977 πειρασθείςς
3449 1903 3604 1954 Ἐπεὶ
3641 1903 3747 1969 γὰρ

2185 2016 2252 2084 τῇ
2279 2011 2444 2081 σαρκὶ
2476 2007 2613 2078 πρὸς
2658 2005 2758 2075 τὴν
2785 2000 3163 2072 πνευματικὴν
3205 1997 3352 2066 ζωὴν
3387 1994 3566 2047 κοινὸν
3595 1994 3745 2046 οὐδὲν

2185 2101 2274 2176 ἦν,
2323 2103 2358 2173 ἦ
2421 2119 2484 2168 γε
2522 2101 2615 2154 καὶ
2659 2099 2781 2152 λίαν
2830 2092 3088 2162 ἀπεχθῶς
3141 2089 3254 2158 ἔχει
3305 2089 3402 2140 καὶ
3448 2085 3740 2153 πολεμίως.

2191 2214 2211 2248 ι
2233 2193 2528 2262 Ἐπιθυμεῖ
2554 2192 2682 2261 γὰρ,
2724 2187 2878 2258 φησὶ,
2913 2182 3055 2238 κατά
3088 2185 3181 2235 τοῦ
3232 2179 3566 2248 πνεύματος,
3607 2199 3625 2227 ι
3654 2176 3738 2228 διὰ

2183 2287 2358 2342 ταῦτα
2385 2284 2522 2352 σάρξ
2543 2278 2812 2344 ἐπενοήθη
2839 2277 2981 2332 κατά
3005 2277 3102 2345 τῆς
3133 2273 3358 2337 σαρκὸς,
3391 2269 3492 2338 τῆς
3525 2265 3733 2336 χοῖκῆς,

2183 2382 2217 2451 ἡ
2252 2373 2618 2446 πνευματικὴ,
2658 2372 2754 2425 καὶ
2798 2369 2984 2422 λύεται
3036 2365 3236 2434 σαρκὸς
3284 2363 3434 2431 νόμῳ
3486 2357 3741 2451 σαρκικδς

2182 2447 2368 2537 νόμος,
2403 2467 2498 2520 καὶ
2548 2462 2687 2533 σάρξ
2731 2461 2869 2513 εῐκει
2908 2455 3183 2523 πνεύματι
3239 2454 3332 2506 καὶ
3373 2451 3563 2521 βοηθετ
3606 2447 3744 2501 κατᾶ

2180 2561 2276 2616 τοῦ
2317 2562 2484 2629 νόμου
2513 2555 2614 2624 τῆς
2640 2551 2940 2622 ἁμαρτίας.
2977 2550 3074 2602 Διά
3107 2545 3280 2601 ταῦτα
3299 2543 3406 2612 γὰρ
3445 2542 3546 2610 τὴν
3574 2556 3741 2592 πνευ-

2183 2651 2418 2726 ματικὴν
2451 2650 2612 2720 ζῆσαι
2654 2646 2801 2714 ζωὴν
2832 2642 3010 2697 οὐδενὶ
3045 2639 3154 2692 τῶν
3201 2636 3414 2726 πάντιυν
3454 2630 3602 2726 ἐξῆν,
3635 2629 3738 2726 sic

2183 2717 2460 2817 μακαρίας
2506 2717 2714 2808 σαρκὸς
2758 2732 2963 2801 ταύτης
3012 2730 3178 2800 μήπω
3229 2720 3518 2817 παγείσης,
3573 2717 3734 2817 ὁπότε

2161 2810 2305 2906 μηδ’
2332 2810 2496 2894 αὐτὸς
2531 2831 2560 2883 6
2609 2829 2774 2894 νόμος
2806 2823 3064 2887 δσὼζετο.
3117 2817 3295 2872 καίτοι
3532 2810 3736 2906 σφόδρα

2180 2902 2500 2996 ῲιλοσοφίας
2532 2916 2948 2986 ἐπειλημμένος,
2995 2913 3107 2966 οὐδ’
3135 2912 3318 2980 ῐσχυεν
3364 2902 3517 2958 οὐδὲν
3561 2906 3617 2957 ὲν
3643 2903 3738 2996 ἀν-

2179 2994 2439 3087 θριίιποις.
2472 3010 2568 3064 τοῦ
2600 3006 2724 3063 καθ’
2753 3007 2898 3076 ἡμᾶς
2927 3002 3191 3070 πεφυκότι
3225 3003 3291 3068 τῇ
3333 2999 3538 3068 χείρονι
3574 2994 3736 3087 μοίρᾳ

2179 3085 2519 3180 βοηθοῦντος.
2553 3120 2572 3155 ι
2615 3098 2865 3155 Ἢσθένει
2891 3095 3021 3164 γὰρ,
3051 3093 3239 3162 φησὶν,
3267 3092 3296 3144 6
3320 3090 3484 3157 νόμος
3513 3088 3601 3180 διὰ
3638 3085 3736 3180 της

510 3195 614 3243 set.
657 3203 677 3241 ι
705 3189 839 3245 Nam
869 3193 1012 3261 quod
1045 3193 1376 3262 impossibile
1409 3206 1528 3251 erat
1553 3196 1680 3268 legi,
1708 3217 1727 3251 ι
1752 3177 1991 3270 ἰηιιυίῐά
2021 3201 2075 3256 in

2181 3177 2406 3273 σαρκὸς,
2438 3215 2458 3250 ι
2489 3195 2585 3250 καὶ
2617 3189 2820 3263 σαρκὸς
2863 3187 3059 3256 ἑτέρας
3093 3185 3263 3238 ἐδεῖτο
3307 3181 3480 3234 σῶσαι
3508 3177 3738 3273 δυναμὲῖ

516 3292 628 3348 quo
655 3280 1038 3338 inlirmabatur
1068 3299 1164 3355 per
1183 3299 1428 3354 carnem,
1452 3278 1596 3344 Deus
1638 3291 1855 3346 mittens
1873 3288 2067 3346 Filium

507 3383 668 3426 suum
699 3373 755 3428 in
785 3369 1190 3433 sinﬁiitudinem
1214 3381 1394 3447 carnis
1413 3382 1719 3449 peccati,et
1744 3384 1812 3438 de
1845 3393 2072 3454 peccato

509 3462 787 3520 damnavit
809 3477 1091 3536 peccatum
1124 3469 1179 3524 in
1209 3485 1428 3527 carnem
1459 3473 1529 3527 ".
1567 3491 1584 3519 ι
1623 3477 1798 3539 Quam
1835 3477 1904 3531 ob
1933 3491 2070 3531 cau-

507 3567 622 3608 sam
657 3569 827 3612 carne
858 3555 960 3613 hac
988 3573 1203 3629 semper
1230 3577 1475 3631 egemus,
1506 3571 1560 3617 et
1576 3565 1767 3618 crebro
1808 3564 1895 3620 his
1921 3567 2072 3632 dspic-

511 3643 615 3698 bus
656 3661 753 3700 nos
805 3648 1102 3713 reﬁcimus,
1143 3659 1204 3704 ut
1244 3652 1338 3708 lex
1357 3654 1582 3722 spiritus
1612 3657 1664 3709 in
1691 3656 1846 3710 nobis
1879 3671 2072 3727 opere-

511 3742 618 3799 tur,
650 3743 704 3789 et
755 3736 878 3791 vitae
906 3741 1088 3794 carnis
1115 3740 1270 3799 locus
1295 3744 1476 3801 nullus
1501 3747 1860 3817 relinquatur,
1895 3765 2070 3820 neque

509 3826 852 3882 occasionem
907 3828 1154 3886 inveniat
1215 3832 1270 3887 in
1316 3843 1518 3889 terram
1561 3838 1906 3908 devergeudi,
1931 3841 2072 3896 sicut

509 3917 694 3986 gravia
723 3933 973 3988 corpora,
1018 3922 1364 3980 adminiculis
1397 3935 1450 3981 et
1480 3931 1869 3990 sustentaculis
1903 3932 2074 3987 desti.

511 4017 642 4062 tuta.
681 4007 778 4065 Est
809 4011 956 4066 enim
988 4025 1388 4072 sacramentum
1435 4019 1729 4086 perfectum
1768 4026 2068 4079 secundum

507 4096 710 4164 omnia,
743 4114 920 4171 neque
969 4106 1256 4175 requirunt
1275 4106 1478 4178 aliquid
1515 4110 1607 4180 qui
1650 4125 1718 4165 eo
1750 4111 2072 4184 impertiun-

509 4201 615 4258 tur,
646 4194 789 4262 quod
814 4208 922 4250 non
952 4197 1150 4252 eximie
1179 4201 1504 4270 suppeditet.

580 4369 716 4433 Quia
742 4385 870 4424 vero
895 4373 1133 4427 materize
1179 4386 1379 4430 nostrae
1402 4379 1666 4434 vitiositas
1694 4381 1928 4450 sigillum
1961 4387 2070 4438 imo

511 4468 719 4512 motum
748 4474 966 4512 manere
991 4476 1094 4515 non
1118 4463 1247 4517 sinit
1277 4478 1290 4517 :
1328 4465 1632 4522 «Habemus
1670 4471 1812 4523 enim
1849 4473 2066 4530 thesau-

2180 3267 2279 3364 νης
2307 3289 2457 3360 αὐτῷ
2479 3286 2576 3357 τὴν
2609 3283 2762 3354 ίσχύν
2783 3297 2798 3312 ο
2837 3298 2856 3332 ι
2891 3279 2965 3332 Τὸ
2993 3278 3104 3346 γάρ
3152 3276 3434 3336 ἀδύνατον,
3466 3272 3630 3364 φησι,
3646 3267 3735 3321 τοῦ

2178 3363 2367 3454 νόμου,
2395 3381 2454 3432 ὲν
2476 3369 2521 3447 ᾧ
2546 3375 2764 3446 ἠσθένει
2790 3370 2880 3426 διὰ
2910 3370 3008 3436 τῆς
3037 3367 3260 3434 σαρκὸς,
3291 3367 3319 3418 6
3345 3365 3478 3426 Θεὸς
3500 3363 3590 3415 τὸν
3612 3363 3740 3454 ἑαυ-

2179 3451 2274 3528 τοῦ
2301 3472 2433 3525 Υίὸν
2486 3467 2710 3536 πέμψας
2747 3465 2805 3516 ἒν
2843 3460 3152 3530 ὁμοιώματι
3210 3454 3410 3526 σαρκὸς
3465 3451 3739 3518 ἁμαρτίας

2180 3564 2466 3632 κατέκρινε
2515 3557 2614 3628 τὴν
2669 3553 2944 3623 ἁμαρτίαν
2995 3552 3052 3602 ὲν
3101 3551 3166 3620 τῇ
3222 3546 3409 3620 σαρκί.
3448 3562 3467 3596 ι
3515 3541 3736 3632 Τούτῳν

2176 3631 2478 3722 ἓνεκαῗτῆς
2511 3647 2711 3718 σαρκὸς
2739 3646 2944 3712 ταύτης
2973 3642 3060 3696 ἀεὶ
3089 3639 3320 3708 δεόμεθα
3350 3637 3446 3692 καὶ
3477 3631 3735 3702 συνεχοῦς

2179 3743 2532 3811 ἀπολαύομεν
2553 3739 2652 3808 τῆς
2678 3736 2979 3807 τραπέζης,
3009 3733 3082 3796 ὡς
3106 3735 3172 3785 ἀν
3204 3733 3230 3783 6
3252 3731 3416 3797 νόμος
3444 3725 3538 3780 τοῦ
3569 3723 3737 3778 πνεύ-

2182 3854 2352 3910 ματος
2383 3837 2440 3888 ὲν
2470 3835 2604 3905 ἡμῖν
2648 3828 2868 3897 ἐνεργὸς
2897 3825 2953 3899 ᾗ,
2985 3826 3078 3879 καὶ
3116 3826 3180 3892 τῇ
3235 3822 3348 3890 ζωῇ
3382 3821 3478 3890 τῆς
3535 3816 3736 3910 capiti);

2184 3906 2424 4000 μηδεμία
2463 3925 2687 3994 γένηται
2723 3923 2900 3992 χώρα,
2954 3917 3087 3988 μηδὲ
3119 3915 3259 3984 λάϐῃ
3281 3911 3472 3978 καιρὸν
3503 3911 3584 4000 εἰς
3633 3906 3737 4000 γῆν

2177 3997 2487 4090 ἐνεχθῆναι,
2535 4015 2791 4080 καθάπερ
2812 4011 2882 4065 τά
2911 4008 3083 4078 βαρέα
3114 4007 3223 4059 τῶν
3253 4002 3524 4072 σωμάτων
3565 3997 3735 4090 διαλι-

2178 4089 2372 4174 πόντος
2405 4109 2500 4164 τοῦ
2541 4107 2928 4176 ύπανέχοντος.
2959 4103 3118 4154 Ἐστι
3159 4097 3257 4168 μὲν
3285 4095 3396 4162 γὰρ
3432 4091 3494 4144 τὸ
3527 4089 3738 4159 μυστή-

2181 4221 2298 4276 ριον
2319 4202 2522 4258 τέλειον
2555 4201 2716 4253 ἕνεκα
2761 4199 2980 4250 πάντων
3009 4200 3100 4248 καὶ
3131 4196 3230 4247 οὐκ
3259 4193 3404 4244 ἐστιν
3433 4196 3478 4259 ᾧ
3517 4189 3596 4241 δεῖ
3623 4188 3738 4249 τοῖς

2179 4291 2543 4360 τελουμένοις,
2572 4288 2601 4340 6
2631 4287 2706 4357 μὴ
2740 4285 2970 4355 παρέχει
3004 4283 3392 4353 διαφερόντως.

2185 4412 2188 4414 ~
2263 4381 2421 4435 Ἐπεὶ
2449 4380 2506 4432 δὲ
2530 4381 2563 4448 ἡ
2593 4379 2693 4446 τῆς
2722 4377 2856 4446 ὕλης
2892 4375 3167 4443 φαυλότης
3206 4375 3308 4426 οὐκ
3339 4374 3405 4442 ἑᾷ
3429 4371 3527 4439 τὴν
3559 4386 3737 4437 σφρα-

2181 4473 2304 4541 γῖδα
2332 4471 2513 4539 μένειν
2544 4467 2804 4535 ἀκίνητον
2851 4465 2907 4535 (ι
2940 4465 3178 4534 Ἐχομεν
3211 4463 3319 4532 γὰρ
3349 4460 3440 4514 τὸν
3461 4457 3733 4527 θησαυρὸν

511 4563 628 4602 rum
658 4548 821 4602 istum
856 4547 909 4602 in
951 4551 1092 4606 vasis
1152 4553 1403 4610 ﬁctilibus
1436 4558 1504 4623 ⁸³;
1544 4577 1564 4610 ι
1595 4561 1726 4614 obid
1753 4577 1858 4617 non
1884 4569 2072 4634 semel,

2179 4563 2367 4616 τοῦτον
2407 4563 2464 4615 ἐν
2503 4559 2845 4630 ὀστρακίνοις
2897 4558 3140 4621 σκεύεσι,
3186 4556 3269 4626 ι),
3314 4555 3400 4609 διὰ
3425 4553 3575 4606 τοῦτο
3624 4550 3724 4618 οὐχ

510 4638 604 4694 sed
635 4639 859 4694 assiduo
891 4640 1211 4694 medicinam
1234 4648 1589 4713 capessimus,
1619 4649 1951 4721 ﬁgulumque
1984 4657 2067 4710 lu-

509 4743 564 4786 tu
596 4743 812 4802 semper
859 4733 1104 4788 assidere
1143 4745 1374 4805 Oportet,
1415 4751 1468 4794 et
1506 4742 1786 4811 confusam
1841 4745 2066 4817 eﬂigiem

445 4835 454 4847 '
508 4824 701 4876 iterum
751 4823 1055 4896 iterumque
1109 4837 1379 4894 reparare,
1410 4839 1463 4885 et
1513 4831 1822 4904 lrequenter
1868 4835 2070 4894 sentire

507 4930 607 4968 nos
632 4927 851 4970 manum
883 4918 1102 4986 medici,
1139 4919 1228 4986 qui
1287 4923 1568 4978 materiam
1617 4925 1956 4982 fatiscentem
1985 4945 2066 4984 re-

505 5005 790 5075 dintegret,
823 5014 874 5060 et
894 5008 1166 5063 labantem
1201 5010 1534 5066 voluntatem
1569 5015 1763 5084 erigat,
1817 5031 1885 5071 ne
1917 5031 2064 5073 mors

507 5095 936 5164 imprudentibus
962 5101 1206 5170 obrepat.
1244 5119 1264 5154 ι
1289 5100 1422 5157 Nam
1452 5119 1575 5158 cum
1607 5120 1849 5160 essemus
1865 5111 2062 5162 mortui

509 5185 768 5254 peccatis,
823 5189 1225 5246 convivilicavit
1295 5206 1394 5248 nos
1458 5194 1510 5248 in
1555 5193 1770 5250 Christo
1825 5197 1892 5262 ⁵³,
1933 5217 1952 5251 ι
2010 5208 2065 5253 et

514 5292 534 5327 ι
571 5273 802 5366 Sanguis
848 5277 1048 5334 Christi
1103 5271 1360 5339 emundat
1436 5287 1798 5366 conscientias
1847 5300 2063 5346 nostras

503 5368 573 5421 ab
631 5365 882 5435 operibus
963 5373 1211 5438 mortuis,
1291 5375 1358 5429 ad
1409 5380 1754 5434 serviendum
1814 5381 1924 5437 Deo
1978 5383 2066 5438 vi-

505 5459 650 5513 venti
681 5457 752 5513 ⁸⁸.
815 5476 834 5510 ι
891 5457 1084 5514 Veram
1143 5477 1377 5535 namque
1435 5469 1604 5524 vitam
1634 5483 1805 5533 sacrae
1864 5487 2065 5528 mensze

504 5553 678 5608 virtus
702 5567 730 5606 a
775 5563 935 5607 sacro
972 5551 1066 5607 illo
1087 5555 1249 5610 corde
1295 5557 1349 5611 in
1387 5573 1483 5615 nos
1514 5561 1747 5629 derivat;
1779 5571 1835 5616 et
1872 5562 2065 5619 utDeo

507 5644 707 5712 pariter
754 5642 1078 5709 serviamus,
1115 5643 1239 5700 inde
1262 5646 1418 5703 nobis
1450 5651 1785 5706 conceditur.
1824 5648 1880 5706 Si
1917 5653 2060 5707 cnitn

2173 4655 2319 4722 ἀπαξ
2355 4653 2494 4708 ἀλλά
2543 4650 2824 4722 διηνεκοῦς
2876 4649 3226 4718 ἀπολαύομεν
3275 4646 3367 4700 τοῦ
3411 4643 3727 4713 φαρμάκου,

2174 4749 2270 4801 καὶ
2315 4746 2405 4799 τὸν
2435 4745 2681 4812 πλάστην
2721 4741 2809 4795 ἀεὶ
2851 4739 2970 4793 δέον
2995 4739 3074 4807 τῷ
3115 4738 3272 4808 πηλῷ
3311 4732 3736 4807 παρακαθῆσθαι

2175 4841 2269 4894 καὶ
2302 4839 2669 4910 συγχεόμενον
2700 4836 2761 4890 τὸ
2806 4832 2946 4894 εῐδος
2981 4833 3140 4897 αὖθις
3188 4831 3596 4890 ἀνακαλεῖσθαι,
3640 4827 3739 4879 καὶ

2177 4929 2434 4998 συνεχοῦς
2471 4929 2618 4997 ἡμᾶς
2668 4926 2962 4979 ἀπολαύειν
3007 4927 3106 4992 τῆς
3150 4921 3244 4976 τοῦ
3295 4920 3478 4987 ἰατροῦ
3531 4916 3731 4987 χειρὸς,

2172 5021 2548 5094 χαυνουμένην
2604 5019 2840 5088 ἰωμένου
2908 5016 3009 5086 τὴν
3061 5015 3196 5085 ὕλην
3249 5013 3347 5066 καὶ
3409 5009 3735 5080 κλινομένην

2171 5109 2643 5183 ἐπανορθουμένου
2674 5109 2774 5178 τὴν
2807 5106 3054 5176 γνώμην,
3085 5105 3160 5175 μὴ
3194 5104 3289 5158 καὶ
3338 5102 3479 5174 λάθῃ
3508 5101 3734 5162 θάνατος

2175 5201 2487 5274 παρελθών.
2521 5219 2540 5253 ι
2581 5200 2829 5268 Νεκροὺς
2881 5201 2992 5268 γὰρ
3023 5197 3207 5261 ὄντας,
3251 5197 3404 5266 φησι,
3461 5195 3576 5255 τοῖς
3633 5207 3740 5243 πα-

2172 5289 2937 5365 ραπτώμασισυνεζωοποίησε
2953 5289 3031 5360 τῷ
3046 5288 3284 5360 Χριστῷ,
3297 5304 3316 5339 ι
3335 5286 3450 5339 καί·
3477 5286 3580 5338 ιΤὸ
3597 5277 3736 5351 αἷμα
3820 5355 3830 5366 1

2169 5384 2267 5438 τοῦ
2296 5383 2535 5456 Χριστοῦ
2584 5381 2874 5451 καθαρὲζει
2918 5381 3016 5452 τὴν
3069 5379 3375 5450 συνείδησιν
3421 5376 3578 5449 ἡμῶν
3623 5374 3735 5428 ἀπὸ

2170 5474 2380 5544 νεκρῶν
2409 5474 2586 5544 ἔργων
2609 5471 2687 5533 si;
2716 5471 2777 5524 τὸ
2809 5470 3094 5540 λατρεύειν
3116 5469 3236 5540 Θεῷ
3259 5469 3442 5534 ζῶντι.
3481 5485 3500 5519 ι
3535 5467 3646 5534 Τήν
3675 5480 3735 5516 τε

2170 5567 2278 5634 γὰρ
2301 5562 2562 5635 ἀληθινὴν
2593 5562 2740 5633 ζωὴν
2769 5563 2848 5625 είς
2885 5562 3035 5631 ἡμᾶς
3063 5561 3098 5631 ἡ
3129 5561 3232 5631 τῆς
3268 5562 3419 5632 ἱερᾶς
3451 5558 3738 5628 τραπέζης

2168 5656 2399 5725 δύναμις
2429 5657 2536 5710 ἀπὺ
2563 5657 2663 5724 τῆς
2713 5655 2992 5725 μακαρίας
3023 5654 3238 5724 ἐκείνης
3285 5654 3434 5706 li.st
3481 5649 3733 5717 καρδίας,

573 5756 622 5836 ξξ
647 5755 804 5836 J_oan.
853 5759 1060 5836 nt,_29.
1136 5759 1228 5814 σοι
1269 5760 1426 5820 Juan.
1463 5778 1500 5826 ι,
1539 5764 1591 5818 7.
1663 5766 1705 5798 ⁸³
1733 5764 1908 5822 Gaiat.
1947 5783 1999 5831 ν,
2035 5768 2123 5823 i7.
2197 5771 2242 5803 ³³
2277 5771 2435 5827 Rom.
2459 5786 2580 5836 νιιι,
2608 5770 2662 5826 3.
2739 5767 2784 5800 "
2824 5765 2867 5822 ll
2896 5767 3024 5823 Cor.
3060 5782 3137 5834 iv,
3157 5767 3210 5822 7.
3285 5768 3333 5804 “
3381 5764 3580 5836 Ephes.
3609 5778 3647 5819 ιι
3671 5763 3727 5820 5.

505 5825 550 5856 "
583 5825 743 5880 llebr.
781 5841 855 5891 Ix,
893 5827 979 5883 Η.
