4196 6308
438 411 546 475 597

1420 415 1519 474 DE
1563 413 1737 475 VlTA
1773 412 1860 504 1N~
1896 411 2225 470 CIIRISTO
2291 409 2541 471 [ΑΒΝ.

3561 400 3666 465 598

425 543 495 582 το
521 546 582 581 τε
604 529 886 599 λατρεύειν
909 531 1026 600 Θεῷ
1053 531 1312 602 καθαρῶς
1335 531 1586 586 εντεῦθεν
1615 532 1764 600 ἡμῖν,
1797 530 1860 582 Ei
1885 529 1994 598 γᾲρ

2125 542 2212 582 nec
2258 537 2342 582 est
2395 532 2606 582 sincera
2643 526 2736 582 Dei
2767 525 3024 591 servitus,
3098 524 3316 595 subjici,
3383 523 3665 592 obtempe-

425 616 585 672 τοῦτό
606 619 733 670 ιὲστι
771 619 990 688 καθαρά
1031 619 1258 691 λατρεία
1286 619 1447 686 Θεοῦ,
1491 621 1554 674 τὸ
1601 617 1990 688 ὑποτετάχθαι,

428 715 492 767 τὸ
522 712 844 779 ὑπακούειν,
871 713 932 767 τὸ
971 714 1138 768 αὑτοῦ
1165 715 1440 778 κινοῦντος
1465 715 1642 767 πάντα
1667 714 1867 778 ποιεῖν,
1892 711 1990 765 οὐκ

427 800 550 858 οἶδα
577 804 698 857 πότ’
719 803 787 858 ἂν
820 805 1392 875 μᾶλλονύποταγῆναι
1425 804 1544 876 Θεῷ
1567 803 1915 874 δυνηθεῖμεν,
1956 800 1989 870 ἢ

429 895 654 950 ἐπειδάν
685 896 850 972 αὑτοῦ
901 897 1190 968 γενώμεθα
1220 898 1379 969 μέλη.
1413 898 1531 951 Τίνι
1562 896 1670 967 γὰρ
1714 896 1780 950 ἂν
1813 894 1996 948 ὁτιοῦν

433 987 740 1041 ιπιτάττειν
763 988 978 1043 δύναιτο
1009 990 1232 1059 μᾶλλον,
1258 990 1292 1061 ἢ
1313 992 1423 1052 τοῖς
1443 990 1661 1059 μέλεσιν
1686 990 1720 1059 ἠ
1748 986 1994 1056 κεφαλῆς

431 1079 587 1148 Μέλη
617 1080 727 1150 γάρ
754 1083 994 1151 Χριστοῦ
1026 1083 1152 1145 τοὺς
1197 1083 1548 1151 τελουμένους
1579 1081 1672 1134 καὶ
1695 1079 1877 1150 πάσης
1902 1079 1998 1132 ἄλ-

431 1173 530 1240 λης
564 1174 717 1241 ίερᾶς
745 1173 970 1243 τελετῆς
1015 1173 1471 1243 ἀπεργαζομένης
1500 1172 1830 1242 τελεώτερον
1868 1171 1999 1241 ἡμῖν

427 1266 457 1316 ὁ
483 1264 583 1334 τῆς
611 1264 756 1335 ζωῆς
788 1265 947 1318 τοῦτο
979 1265 1200 1319 δίδωσιν
1243 1265 1430 1334 ἄρτος.
1462 1263 1731 1332 Καθάπερ
1775 1261 1884 1332 γὰρ
1912 1262 2001 1316 διά

432 1357 532 1428 τὴν
564 1357 810 1428 κεφαλὴν
844 1357 939 1410 καὶ
963 1359 1066 1426 τὴν
1093 1357 1326 1428 καρδίαν
1360 1356 1429 1411 τά
1460 1357 1594 1428 μέλη
1623 1395 1640 1422 ,
1670 1356 1844 1420 οὕτως
1877 1374 1896 1408 ι
1941 1355 2001 1410 Ὀ

432 1446 665 1518 τρώγων
697 1465 791 1518 με,
834 1451 1024 1518 φησιν,
1059 1449 1313 1512 κάκεῖνος
1345 1449 1572 1520 ζήσεται
1615 1447 1685 1503 δι’
1713 1448 1838 1518 ἐμέ.
1869 1465 1889 1499 ι
1926 1448 1999 1516 Ζῇ

353 1618 356 1622 '
436 1542 541 1610 μὲν
580 1540 690 1609 γὰρ
721 1541 818 1594 καὶ
848 1540 938 1596 διά
971 1540 1070 1611 τὴν
1109 1541 1340 1611 τροφήν.
1381 1540 1447 1594 Ἦ
1479 1540 1673 1611 τελετὴ
1706 1538 1763 1593 δὲ
1797 1540 1857 1594 οὐ
1880 1539 2004 1592 τοῦ·

432 1648 526 1684 τον
546 1633 657 1702 ἔχει
683 1631 776 1684 τὸν
803 1631 1005 1702 τρόπον
1024 1648 1038 1662 ·
1067 1633 1100 1701 η
1123 1631 1301 1704 τροφὴ
1324 1631 1424 1700 μὶν
1450 1632 1558 1702 γάρ
1582 1631 1677 1684 ἅτε
1709 1631 1842 1701 μηδὲ
1865 1629 2002 1700 αὑτὴ

435 1721 603 1789 ζῶσα,
633 1721 782 1793 ζωὴν
822 1726 922 1794 μὲν
969 1724 1100 1796 ἡμῖν
1139 1721 1270 1792 παρ’
1289 1724 1492 1794 ἑαυτῆς
1523 1723 1622 1777 οὐκ
1656 1721 1723 1775 ἂν
1756 1723 2004 1791 είσενέγυ

2101 634 2243 680 rare,
2298 619 2416 687 ipso
2473 628 2723 674 movente
2775 627 2829 673 et
2879 616 3186 686 impellente
3239 615 3416 668 facere
3461 614 3668 679 omnia,

2103 725 2209 764 non
2261 710 2418 764 video
2473 711 2744 778 quomodo
2763 709 2947 774 magis
2981 707 3089 761 Deo
3143 704 3339 774 subjici
3369 705 3670 774 possimus,

2103 818 2263 872 quam
2316 805 2358 858 si
2394 802 2513 872 ejus
2548 797 2790 858 membra
2827 801 3042 856 fiamus.
3079 798 3217 865 Quid
3257 799 3402 851 enim
3451 795 3670 849 tandem

2105 895 2279 964 magis
2325 895 2562 964 cuipiam
2622 894 2872 963 imperet,
2925 904 3088 961 quam
3154 897 3320 956 caput
3374 885 3674 941 membris?

2108 985 2252 1042 Sane
2275 989 2520 1058 quidem,
2575 994 2633 1040 ut
2667 987 2904 1040 membra
2966 982 3170 1038 Christi
3211 982 3403 1046 simus,
3463 979 3516 1032 in
3572 979 3676 1032 hoc

2108 1081 2369 1149 mysterio
2391 1077 2706 1146 perfectius,
2735 1090 2898 1145 quam
2925 1074 2976 1128 in
3010 1071 3202 1143 quovis
3223 1071 3353 1133 alio,
3377 1070 3492 1138 ipse
3520 1068 3682 1138 panis

2109 1171 2231 1226 vita:
2268 1170 2425 1226 nobis
2459 1169 2710 1240 largitur.
2744 1165 3214 1232 Quemadmodum
3272 1163 3416 1216 enim
3461 1169 3680 1231 propter

2108 1273 2271 1333 caput
2299 1272 2354 1317 et
2383 1276 2476 1316 cor
2523 1259 2764 1316 membra
2795 1257 3006 1324 vivunt,
3057 1256 3134 1310 sic
3197 1274 3214 1307 ι
3253 1253 3355 1322 Qui
3389 1253 3683 1306 manducet

2109 1354 2438 1424 me,inquit,
2469 1364 2520 1407 et
2551 1353 2664 1421 ipse
2689 1352 2832 1405 vivet
2858 1362 3074 1418 propter
3097 1363 3181 1402 me
3198 1349 3269 1399 ⁵³.
3307 1366 3323 1396 ο
3356 1345 3497 1398 Vivit
3517 1346 3676 1398 etiam

2111 1455 2330 1516 propter
2361 1445 2714 1508 alimentum;
2750 1451 2806 1496 at
2864 1455 2994 1495 vero
3046 1448 3448 1494 sacramentum
3515 1437 3678 1491 aliam

2112 1538 2379 1592 rationem
2415 1535 2596 1590 habet.
2629 1533 2762 1589 Nam
2823 1532 3244 1602 nutrimentum,
3307 1538 3494 1596 utpote
3533 1525 3681 1597 quod

2112 1629 2290 1698 ipsum
2320 1629 2424 1683 vita
2449 1635 2618 1690 caret,
2659 1628 2828 1680 vitam
2853 1625 3011 1679 nobis
3041 1638 3070 1675 a
3104 1623 3284 1691 seipse
3312 1622 3550 1674 inserere
3572 1634 3684 1672 non

2112 1730 2276 1790 queat
2295 1735 2310 1776 :
2327 1720 2416 1774 sed
2437 1719 2528 1787 qui
2549 1719 2712 1771 vitam
2725 1717 2971 1786 corporis
2989 1729 3151 1784 quam
3171 1711 3680 1774 invenitsus'tentat,

435 1833 521 1869 κοι
568 1831 583 1848 ⁸
613 1816 692 1885 τῷ
723 1815 780 1868 δὲ
821 1817 885 1886 τῇ
919 1815 1196 1886 προσούση
1239 1813 1315 1886 τῷ
1359 1815 1572 1884 σώματι
1613 1815 1827 1884 βοηθεῖν
1855 1815 2002 1868 αίτία

2125 1811 2524 1868 :omedéntibus
2538 1811 2660 1864 vita:
2676 1807 3096 1875 causajvidetur.
3114 1805 3212 1858 Ast
3232 1804 3386 1873 panis
3404 1803 3526 1855 vitae
3546 1802 3686 1869 ipse-

439 1903 586 1974 ζωῆς
616 1878 726 1968 τοῖς
753 1878 1134 1976 προσιεμένοις
1167 1878 1307 1958 ἔῑναὶ
1337 1878 1504 1959 δοκεῖ.
1555 1878 1625 1958 '0'
1645 1878 1708 1958 δὲ.
1727 1907 1827 1976 τῆς
1857 1907 2002 1976 ζωῆς

2125 1911 2218 1958 net
2247 1905 2394 1967 vivit,
2429 1913 2482 1958 et
2507 1911 2728 1972 propter
2767 1899 2914 1953 illtnn
2939 1911 3064 1952 vere
3087 1895 3295 1956 vivunt,
3315 1893 3515 1962 quibus
3536 1891 3686 1945 illum

439 1997 603 2064 ἄρτος
631 1997 790 2059 αὐτός
818 1998 879 2050 τέ
912 1999 1030 2050 ὲστι
1061 1995 1192 2062 ζῶν,
1223 1997 1315 2050 καὶ
1337 1995 1407 2048 δι’
1436 1997 1647 2050 ἐκεῖνον
1683 1994 1759 2057 ὡς
1785 1996 2002 2066 ἀληθῶς

2125 1993 2552 2052 :ommunicarit.
2596 1991 2749 2048 Unde
2771 1989 3091 2058 alimentum
3123 1986 3176 2039 in
3219 2000 3344 2039 eum
3378 1983 3470 2052 qui
3499 1981 3686 2042 alitur,

440 2086 626 2154 ζῶσιν,
679 2080 758 2150 οἷς
792 2086 861 2141 ἄν
900 2086 1066 2140 αὑτοῦ
1127 2087 1416 2157 μεταδοίηο
1443 2085 1566 2140 ὅθεν
1606 2087 1638 2156 ἡ
1699 2086 1800 2156 μὲν
1825 2085 2002 2157 τροφὴ

2125 2087 2528 2150 iransmutatur,
2563 2091 2612 2137 et
2647 2083 2834 2152 piscis,
2860 2089 2914 2134 et
2959 2079 3137 2150 panis,
3161 2085 3215 2130 et
3245 2073 3513 2144 quidquid
3538 2072 3700 2126 aliud

443 2178 579 2247 πρὸς
599 2177 689 2232 τὸν
713 2178 1033 2247 σιτούμενον
1066 2178 1393 2247 μεταϐάλλει
1421 2176 1516 2231 καὶ
1545 2176 1698 2246 ἰχθὺς
1728 2180 1823 2232 καὶ
1841 2179 2002 2250 ἄρτος

2125 2178 2447 2234 cibariorum
2478 2184 2580 2238 est,
2615 2173 2671 2228 in
2709 2172 3026 2242 sanguinem
3062 2167 3300 2222 hominis
3327 2164 3688 2220 convertitur.

445 2269 540 2322 καὶ
577 2268 758 2324 ὁτιοῦν
796 2269 926 2324 ἄλλο
969 2271 1138 2324 σιτίον
1183 2266 1324 2340 αἷμα
1360 2271 1718 2340 ἀνθρώπειον,
1771 2272 2002 2327 ἐνταῦθα

2125 2270 2210 2327 llis
2240 2285 2466 2340 prorsus
2509 2269 2568 2322 fit
2597 2264 2954 2322 contrarium.
2989 2260 3155 2316 Panis
3207 2261 3353 2314 enim
3402 2257 3528 2312 vitae
3575 2257 3704 2324 ipse-

443 2361 500 2413 δὲ
534 2361 839 2415 τούναντίον
891 2362 1058 2416 ἅπαν.
1110 2361 1169 2414 Ὀ
1198 2361 1307 2432 γὰρ
1334 2363 1433 2432 τῆς
1466 2363 1614 2432 ζωῆς
1654 2365 1815 2434 ἄρτος
1845 2364 2002 2430 αὐτὸς

2125 2370 2298 2416 movet
2323 2374 2448 2414 eum
2480 2358 2569 2427 qui
2601 2355 2868 2426 pascitur,
2899 2365 2954 2407 et
2988 2350 3268 2412 transfert,
3300 2359 3465 2418 atque
3514 2349 3568 2402 in
3606 2362 3680 2404 se-

448 2453 590 2506 κινξῖ
625 2453 717 2506 τδν
763 2456 1082 2524 σιτούμενον
1119 2454 1214 2510 καὶ
1256 2455 1544 2525 μεθίστησι
1590 2458 1684 2510 καὶ
1715 2457 1851 2526 πρὸς
1883 2459 2002 2511 εαυ-

2125 2454 2298 2522 ipsum
2343 2459 2560 2514 mutat;
2616 2449 2872 2519 quodque
2907 2444 3102 2498 merito
3160 2442 3342 2497 cordis
3398 2451 3452 2496 et
3498 2439 3703 2510 capitis

444 2545 536 2597 τὸν
589 2544 938 2611 μεταϐάλλει,
975 2549 1069 2600 καὶ
1114 2545 1143 2599 ὃ
1178 2547 1276 2617 τῆς
1330 2548 1558 2616 καρδίας
1601 2549 1859 2612 ἐπιεικῶς
1894 2553 2002 2604 ἐστι

2125 2557 2223 2610 est,
2265 2557 2548 2598 movemur
2571 2549 2625 2595 et
2654 2540 2912 2600 vivimus,
2961 2544 3224 2604 quantum
3265 2533 3317 2586 in
3348 2533 3467 2602 ipso
3494 2542 3600 2591 est.
3637 2540 3696 2584 ut

448 2639 541 2690 καὶ
579 2639 676 2706 τῆς
725 2639 995 2708 κεφαλῆς,
1047 2639 1352 2707 κινούμεθα
1403 2640 1494 2693 καὶ
1533 2641 1720 2710 ζῶμεν
1746 2642 1807 2695 τό
1837 2659 1900 2711 γε
1933 2647 2002 2708 είς

2125 2639 2239 2709 ipse
2268 2645 2516 2691 movetur
2560 2641 2614 2688 et
2635 2630 2793 2685 vivit.
2844 2628 2960 2684 Hoc
2995 2628 3133 2681 idem
3178 2625 3449 2690 indicans,
3503 2623 3698 2678 videli-

447 2729 607 2782 αὑτὸν
641 2725 794 2801 ἧκον,
832 2731 908 2793 ὡς
933 2730 1044 2801 ἔχει
1077 2730 1224 2801 ζωῆς
1257 2732 1467 2794 ἐκεῖνος
1487 2747 1501 2763 ·
1529 2731 1557 2783 ὃ
1588 2732 1683 2786 καὶ
1705 2733 1883 2804 δηλῶν
1911 2737 2011 2790 αύ-

451 2822 543 2885 τὸς
572 2823 600 2874 ὀ
630 2822 852 2900 Σωτὴρ,
876 2823 953 2886 ῶς
983 2823 1044 2875 ού
1074 2824 1168 2876 τὶν
1193 2824 1380 2877 σιτίων
1409 2823 1613 2893 τρόπον
1658 2825 1791 2895 ἡμῖν
1832 2826 2016 2897 ἀνέχει

448 2915 540 2966 τὸν
570 2913 705 2984 βίον,
737 2915 854 2968 ἀλλ’
899 2916 1056 2976 αὐτὸς
1088 2913 1225 2985 ἔχων
1253 2914 1465 2968 οἷκοθεν
1510 2916 1727 2984 ὲμπνεῖ,
1761 2917 1854 2970 καὶ
1885 2917 2020 2971 καθ-

451 3007 594 3077 άπερ
617 3007 814 3076 καρδία
847 3007 1068 3076 μέλεσιν
1114 3007 1146 3080 ἢ
1176 3008 1385 3078 κεφαλὴ
1427 3007 1699 3062 διαδίδωσι
1725 3008 1825 3080 τὴν
1848 3011 2017 3081 ζωὴν,

453 3099 628 3161 ζῶντα
652 3100 710 3153 δὲ
741 3099 933 3153 ἑαυτὸν
958 3098 1215 3154 ἐκάλεσεν
1246 3099 1425 3170 ἄρτον,
1467 3101 1580 3163 καὶ,
1612 3119 1630 3152 ι
1678 3100 1736 3155 '0
1793 3099 2022 3171 τρώγων

460 3208 548 3261 με,
581 3191 736 3261 φησι,
773 3192 1026 3255 κάκεῖνος
1055 3189 1282 3262 ζήσεται
1310 3192 1380 3245 δι’
1407 3192 1529 3261 ἐμέ.
1571 3209 1590 3242 ι

524 3285 781 3338 Φαίνεται
803 3285 984 3337 τοίνυν
1012 3283 1104 3336 τόν
1143 3283 1280 3336 Θεὸν
1313 3286 1640 3353 προσκυνεῖν
1663 3288 1722 3340 ἐν
1745 3285 2020 3356 πνεύματι

458 3377 552 3430 καὶ
579 3375 808 3446 ἀληθείᾳ
831 3376 925 3429 καὶ⁵
947 3375 1229 3446 λατρεύειν
1254 3375 1532 3447 καθαρῶς,
1563 3379 1662 3449 τῆς
1689 3379 1838 3449 ἱερᾶς
1862 3378 2023 3450 ἔργον

459 3462 599 3522 εἶναι
647 3466 968 3536 τραπέζης·
997 3467 1058 3518 ού
1111 3465 1272 3534 μόνον
1310 3465 1549 3535 Χριστοῦ
1605 3466 1827 3536 μέλεσιν
1883 3463 2023 3519 εἶναι

466 3561 557 3613 καὶ.
585 3558 775 3612 τοῦτον
805 3560 976 3614 είκειν
995 3556 1145 3626 αύτῷ
1173 3555 1264 3609 τὸν
1303 3555 1519 3625 τρόπον,
1551 3557 1659 3610 ἀπὸ
1679 3557 1790 3611 τῶν
1818 3575 2023 3628 μυστηι⁸

466 3653 596 3722 ρίων
647 3649 988 3720 περιγίνεται
1039 3647 1250 3701 τούτων
1286 3649 1441 3719 ἡμῖν,
1489 3647 1604 3703 ἀλλ’
1663 3649 1744 3702 δτι
1795 3649 2025 3720 νεκροὺς

468 3743 567 3812 μὲν
621 3741 782 3805 δντας
813 3741 915 3794 οὐκ
964 3737 1033 3793 ἄν
1074 3739 1286 3807 γένοιτο
1339 3737 1504 3802 ζῶντι
1553 3738 1838 3810 λατρεύειν
1883 3737 2026 3808 Θεῷ,

465 3836 672 3898 ζῶντας
700 3833 758 3887 δὲ
805 3828 944 3887 εῖναι
973 3832 1067 3886 καὶ
1105 3830 1282 3899 ἔργων
1311 3829 1656 3901 ἀπηλλάχθαι
1697 3832 1911 3900 νεκρῶν
1953 3833 2028 3904 μὴ

464 3926 623 3980 τοῦτο
672 3925 761 3978 ἀεὶ
812 3923 1163 3987 δειπνοῦντας
1207 3924 1268 3978 τὺ
1319 3924 1555 3978 δεῖπνον.
1597 3924 1867 3992 Καθάπερ
1920 3929 2030 3998 γὰρ

472 4038 491 4071 ι
527 4019 753 4088 Πνεῦμα
798 4016 890 4070 τὸν
928 4015 1064 4069 Θεὸν
1092 4013 1224 4069 δντα
1274 4014 1370 4070 καὶ
1411 4015 1541 4077 τοὺς
1587 4017 2030 4083 προσκυνοῦντας

466 4111 626 4162 αὐτὸν
678 4110 736 4163 ὲν
767 4106 1038 4176 πνεύματι
1071 4104 1168 4158 καὶ
1211 4101 1439 4174 ἀληθείᾳ
1484 4101 1569 4156 δεῖ
1615 4105 1962 4172 προσκυνεῖν,
2006 4123 2025 4156 ι

465 4202 608 4256 οὕτω
653 4201 748 4256 καὶ
796 4199 959 4266 ζῶντι
1012 4197 1220 4262 ζῶντας
1255 4192 1397 4250 εἶναι
1442 4196 1711 4266 προσήκει
1760 4196 1890 4259 τοὺς
1920 4197 2033 4250 λα-

471 4293 685 4365 τρεύειν
745 4291 1206 4364 προῃρημένους·
1247 4307 1267 4343 ι
1319 4288 1394 4342 Οὐ
1445 4288 1556 4359 γάρ
1596 4290 1746 4342 ἐστιν
1807 4289 1836 4342 ό
1875 4289 2033 4357 Θεδς,

470 4388 624 4458 φησι,
652 4385 784 4444 Θεὸς
811 4382 1043 4452 νεκρῶν,
1072 4379 1209 4434 ἀλλὰ
1237 4378 1476 4443 ζώντων.
1516 4399 1534 4432 ι

546 4477 706 4532 Ἐστι
737 4477 835 4547 μὲν
865 4470 956 4528 οὖν
1011 4475 1105 4528 καὶ
1153 4473 1214 4526 τὸ
1249 4472 1350 4542 ζῇν
1375 4472 1521 4526 κατὰ
1546 4473 1641 4527 τὸν
1683 4473 1846 4544 ὀρθὸν
1876 4473 2036 4540 λόγον

2121 2737 2227 2793 cet.
2255 2742 2362 2783 non
2397 2728 2572 2781 instar
2597 2736 2850 2778 escarum
2904 2734 2963 2775 se
3013 2719 3178 2774 vitam
3210 2726 3456 2772 nostram
3511 2719 3693 2781 alere;

2124 2820 2219 2877 sed
2253 2834 2418 2889 quam
2449 2817 2567 2888 ipse
2620 2813 2843 2878 habeat,
2869 2826 2988 2866 eam
3024 2810 3168 2863 ultro
3211 2807 3368 2862 nobis
3404 2806 3697 2876 inspirare,

2125 2924 2178 2969 et
2210 2911 2376 2967 veluti
2409 2924 2507 2965 cor
2558 2916 2653 2962 aut
2695 2914 2862 2975 caput
2896 2901 3156 2957 membris
3207 2900 3374 2954 vitam
3402 2897 3696 2969 impertiri,

2126 3016 2177 3062 et
2209 3006 2392 3060 vivum
2418 3016 2612 3072 panem
2645 3013 2767 3054 sese
2791 2995 3098 3068 appellat-it,
3128 3004 3182 3049 et
3210 3011 3223 3049 :
3268 3011 3285 3044 ι
3325 2993 3426 3058 Qui
3470 2993 3700 3047 mandu-

2130 3106 2219 3152 cat
2249 3109 2358 3158 me,
2394 3091 2592 3162 inquit,
2624 3098 2679 3145 et
2704 3089 2818 3158 ipse
2854 3089 2998 3140 vivet
3026 3093 3248 3155 propter
3276 3096 3360 3136 me
3381 3081 3450 3133 ".
3496 3098 3515 3131 ι

2195 3274 2423 3331 Planum
2470 3279 2555 3327 est
2585 3267 2774 3338 igitur,
2813 3264 2980 3320 Deum
3023 3263 3080 3318 in
3132 3261 3335 3333 spiritu.
3368 3270 3422 3316 et
3472 3260 3702 3316 veritate

2125 3367 2377 3428 adorare,
2445 3370 2500 3416 et
2562 3358 2639 3415 illi
2701 3357 2912 3413 sincere
2968 3353 3197 3418 servire,
3262 3367 3433 3408 sacrae
3503 3366 3703 3406 mensa:

2126 3458 2347 3523 deberi;
2399 3469 2509 3508 non
2571 3450 2746 3506 solum
2773 3448 2902 3517 quia
2949 3454 3004 3501 ut
3045 3444 3250 3499 Christi
3317 3444 3561 3499 membra
3628 3443 3703 3497 si-

2131 3566 2286 3616 mus,
2355 3531 2414 3602 et
2471 3545 2572 3600 bac
2644 3540 2856 3595 ratione
2929 3535 3345 3592 similitudinem
3404 3534 3700 3604 quamdam

2130 3643 2276 3698 illius
2334 3648 2753 3706 consequamur,
2792 3631 2860 3686 ab
2897 3629 3046 3686 hisce
3094 3626 3364 3697 mysteriis
3415 3625 3705 3691 habemus,

2127 3747 2317 3789 verum
2367 3730 2574 3792 etiam,
2634 3725 2762 3794 quia
2814 3721 3017 3777 mortui
3076 3719 3282 3776 servire
3343 3717 3541 3772 viventi
3595 3733 3704 3771 non

2131 3838 2439 3896 possemus.
2495 3822 2766 3877 Caeterum
2793 3819 2996 3883 vivere,
3047 3825 3102 3871 et
3151 3815 3220 3870 ab
3265 3813 3704 3895 operibnsmor-

2133 3917 2242 3972 tuis
2311 3917 2609 3971 immunem
2665 3926 2787 3968 esse
2847 3908 3187 3980 impossibile
3238 3915 3365 3972 est,
3415 3889 3708 3974 nisi'quis

2135 4011 2275 4063 hanc
2321 4023 2531 4064 ccenam
2583 4002 3025 4072 frequentissime
3101 4001 3271 4054 ineat.
3337 3997 3492 4052 Sicut
3557 3995 3706 4050 enim
3765 4025 3780 4032 -

2137 4100 2329 4163 Deum,
2388 4116 2409 4151 ι
2450 4113 2574 4152 cum
2629 4095 2700 4150 sit
2758 4095 3007 4163 spiritus,
3067 4091 3123 4145 in
3176 4089 3371 4157 spiritu
3399 4095 3454 4142 et
3482 4087 3710 4140 veritate

2135 4197 2350 4258 oportet
2395 4189 2626 4244 adorare
2655 4185 2728 4250 ⁸⁸,
2793 4201 2813 4235 ι
2853 4183 2929 4237 ita
2973 4181 3126 4237 vivos
3158 4194 3280 4236 esse
3305 4179 3478 4240 decet,
3503 4176 3599 4247 qui
3633 4178 3712 4228 vi—

2140 4301 2268 4339 vum
2328 4283 2511 4338 colere
2534 4285 2847 4334 statuerunt
2886 4293 2900 4330 :
2943 4291 2962 4326 ι
2993 4272 3112 4328 Non
3161 4280 3247 4328 est
3299 4271 3474 4334 enim,
3508 4269 3708 4337 inquit,

2143 4378 2286 4432 Deus
2324 4383 2687 4434 mortuorum,
2729 4367 2824 4424 sed
2846 4367 3095 4422 vivorum
3135 4365 3204 4419 ι’.
3243 4381 3264 4415 ι

2212 4469 2520 4528 Secundum
2554 4470 2759 4520 rectam
2789 4459 3054 4515 rationem
3087 4471 3250 4527 porro
3273 4455 3477 4519 vivere,
3513 4461 3712 4508 etcum

475 4571 568 4626 καὶ
598 4544 968 4640 πρὸς-ἀρετὴν
998 4565 1164 4636 ἔχειν,
1193 4563 1313 4636 Θεῷ
1347 4565 1635 4636 λατρεύειν
1659 4579 1673 4595 ⁸
1705 4565 1820 4619 ἀλλ’
1863 4566 2002 4619 ἐκεῖν

2150 4563 2350 4615 virtute
2378 4554 2768 4613 commercium
2800 4551 3024 4612 habere,
3050 4549 3214 4602 etiam
3243 4547 3351 4601 Deo
3381 4544 3585 4600 servire
3607 4550 3712 4596 est.

475 4661 572 4728 μὲν
600 4660 696 4712 καὶ
724 4658 926 4712 δούλων
953 4655 1149 4725 γένοιτ’
1174 4655 1240 4710 ἂν
1262 4654 1422 4730 ἔργον
1443 4669 1459 4687 ·
1487 4674 1505 4707 ι
1539 4654 1712 4708 Ὀταν
1734 4655 1842 4726 γὰρ
1865 4655 2038 4710 ταῦτα

474 4750 654 4804 πάντα
705 4749 991 4816 ποιήσητε,
1030 4745 1188 4814 φησι,
1244 4744 1434 4813 λέγετε
1461 4744 1546 4798 ὅτι
1583 4744 1820 4815 ’Ᾱχρεῖοι
1857 4744 2037 4799 δοῦλοί

471 4845 655 4912 ἐσμεν.
685 4859 706 4893 ›
742 4838 890 4910 Αὕτη
925 4837 984 4890 δὲ
1031 4839 1064 4908 ή
1097 4835 1323 4906 λατρεία
1351 4835 1492 4906 πρὸς
1524 4834 1634 4889 τῶν
1661 4834 1792 4889 υἱῶν
1829 4836 2040 4900 γίνεται

477 4937 671 5005 μόνων,
709 4933 871 5004 ἡμεῖς
903 4929 960 4985 δὲ
992 4929 1053 4984 οὐ
1102 4928 1210 4983 τῶν
1234 4927 1479 4993 ’δούλων,
1533 4927 1650 4982 ἀλλ’
1698 4929 1778 4991 είς
1803 4926 1897 4981 τὸν
1929 4928 2042 4982 τῶν

483 5027 687 5080 παίδων
713 5021 1026 5093 καλούμεθα
1059 5021 1240 5090 χορόν.
1276 5019 1376 5073 Διὰ
1400 5019 1559 5074 τοῦτο
1591 5020 1797 5089 σαρκὸς
1824 5013 1920 5072 καὶ
1952 5019 2039 5071 αῖο

483 5138 651 5192 ματος
700 5117 847 5190 αὒτῷ
888 5103 1294 5186 κοινωνοῦμενο
1335 5133 1353 5167 ι
1391 5115 1474 5169 Τὰ
1499 5115 1608 5184 γὰρ
1638 5112 1849 5176 παιδία,
1886 5111 2040 5180 φησι,

483 5208 850 5279 κεκοινώνηκε
900 5207 1105 5276 σαρκὸς
1140 5207 1233 5259 καὶ⁸
1269 5205 1522 5273 αἵματος.
1563 5223 1581 5254 ι
1636 5203 1901 5271 Καθάπερ
1933 5201 2044 5271 γὰρ

487 5302 712 5366 ἐκεῖνος,
747 5301 834 5354 ἵνα
863 5299 1045 5368 πατὴρ
1077 5295 1341 5367 ἡμέτερος
1381 5295 1602 5364 γένηται
1629 5293 1722 5348 καὶ
1759 5294 1850 5346 τὸν
1887 5293 2045 5358 λόγον

486 5396 694 5448 ἐκεῖνον
735 5392 936 5464 δυνηθῇ
979 5384 1183 5458 mea,
1223 5406 1241 5442 ι
1293 5388 1425 5442 Ἰδοὺ
1457 5387 1568 5454 ἐγὼ
1597 5389 1690 5440 καὶ
1732 5386 1801 5437 τὰ
1830 5386 2044 5450 παιδία,

2145 4653 2249 4708 Sed
2272 4651 2377 4706 hoc
2409 4661 2688 4704 servorum
2708 4657 2931 4715 quoque
2968 4640 3202 4696 oﬂicium
3235 4648 3394 4707 atque
3426 4651 3562 4705 opus
3584 4649 3716 4689 cen-

2148 4754 2334 4802 seatur
2372 4763 2385 4796 ;
2425 4757 2444 4791 t
2480 4739 2616 4794 Cum
2664 4735 2812 4792 enim
2846 4732 3082 4790 feceritis
3115 4730 3231 4784 haec
3283 4727 3486 4792 omnia,
3518 4725 3714 4793 inquit,

2149 4835 2329 4890 adhuc
2358 4830 2544 4893 dicite,
2587 4826 2714 4898 quia
2747 4825 2884 4879 servi
2912 4823 3132 4878 inutiles
3167 4833 3358 4874 sumus
3415 4815 3482 4870 °°.
3543 4835 3560 4866 ι
3592 4815 3718 4868 llaec

2152 4935 2332 4980 autem
2361 4922 2521 4976 latria
2555 4918 2819 4990 (servitus
2850 4915 2964 4971 sive
2992 4911 3196 4979 cultus)
3231 4923 3263 4963 a
3296 4907 3423 4962 ﬁliis
3451 4909 3716 4961 duntaxat

2153 5023 2471 5085 praestatur;
2499 5019 2552 5066 et
2583 5023 2684 5066 nos
2712 5023 2819 5062 non
2851 5007 2905 5060 in
2935 5017 3239 5064 servorum,
3269 4999 3363 5055 sed
3397 4998 3450 5053 in
3481 4999 3715 5053 filiorum

2151 5107 2400 5161 ordinem
2451 5113 2503 5158 et
2548 5103 2730 5158 locum
2755 5110 3048 5160 vocamur;
3072 5094 3144 5149 ob
3177 5093 3230 5148 id
3260 5107 3481 5148 carnem
3519 5100 3571 5146 et
3594 5104 3719 5145 san-

2152 5198 2372 5267 guinem
2409 5195 2529 5266 eius
2582 5192 2976 5265 participamus
3017 5207 3029 5244 :
3075 5207 3093 5240 ι
3126 5185 3290 5241 Pueri
3318 5185 3488 5250 enim,
3517 5183 3714 5252 inquit,

2152 5290 2306 5346 carni
2327 5298 2382 5343 et
2407 5286 2662 5358 sanguini
2703 5280 3178 5340 eommunicarunt
3198 5280 3264 5333 σί.
3302 5297 3321 5331 ο
3351 5276 3719 5344 Quemadmo-

2153 5381 2282 5436 dum
2335 5356 2574 5447 namque
2613 5376 2755 5446 ipse,
2803 5383 2863 5427 ut
2897 5381 3052 5442 pater
3097 5379 3280 5425 noster
3311 5367 3424 5432 fiat,
3460 5377 3514 5420 et
3559 5363 3717 5417 verba

484 5487 519 5541 ἆ
555 5505 647 5559 μοι
677 5455 878 5540 ἔδωκεν
993 5455 1152 5549 θεὸς,
1185 5501 1202 5534 ι
1243 5480 1448 5552 σαρκὸς
1502 5479 1593 5533 καὶ
1640 5479 1870 5548 αἵματος
1912 5479 2002 5548 iw.“

2157 5475 2248 5531 illa
2271 5486 2522 5542 promere
2542 5476 2730 5539 queat,
2759 5485 2778 5519 t
2818 5463 2955 5519 Ecce
2986 5477 3088 5532 ego
3117 5469 3172 5515 et
3213 5458 3362 5530 pueri
3421 5455 3548 5519 mei,
3581 5468 3719 5520 quos

484 5580 699 5648 ἐγένετο
728 5576 1006 5640 κοινωνὸς,
1046 5573 1190 5628 οὕτω
1219 5571 1314 5626 καὶ
1354 5572 1524 5641 ἡμᾶς,
1556 5570 1624 5621 ἶν’
1653 5568 1846 5638 ἐκείνῳ
1875 5567 2046 5635 γενώ-

490 5676 629 5744 μεθα
667 5670 878 5734 παῖδες,
925 5668 1140 5737 ἀνάγκη
1174 5665 1283 5719 τῶν
1317 5663 1528 5717 ἐκείνου
1585 5659 2048 5731 μεταλαμϐάνειν,

2157 5566 2306 5620 dedit
2337 5561 2468 5617 mihi
2497 5561 2639 5615 Deus
2677 5559 2746 5625 θ’,
2787 5575 2806 5611 ι
2841 5555 3028 5612 carnis
3057 5561 3112 5608 et
3153 5548 3434 5619 sanguinis
3489 5559 3721 5599 consors

2160 5655 2315 5711 nobis
2343 5652 2520 5708 factus
2545 5659 2631 5707 est
2665 5667 2680 5706 :
2709 5649 2788 5706 sic
2808 5656 2863 5704 et
2887 5662 3010 5714 nos,
3035 5652 3094 5698 ut
3123 5642 3268 5697 illius
3295 5636 3385 5691 lilii
3407 5635 3722 5698 evadamus,

556 5786 603 5818 '°
634 5784 791 5839 Joan.
827 5800 900 5845 vt,
930 5781 1019 5835 57.
1095 5781 1137 5812 "
1164 5778 1323 5834 Joan.
1370 5792 1446 5844 vt,
1469 5777 1557 5832 58.
1631 5775 1677 5807 "
1713 5771 1871 5826 Joan.
1905 5786 1977 5838 tv,

2173 5771 2217 5804 ι’
2249 5767 2439 5822 Matth.
2475 5781 2608 5825 χιιι.
2662 5765 2770 5820 52.
2850 5759 3062 5832 “_Lu(..
3127 5768 3260 5818 xvtt,
3316 5749 3401 5803 10.
3479 5747 3520 5779 ⁶¹
3553 5747 3719 5805 llebr.

493 5870 552 5922 tt,
582 5855 668 5912 M.
742 5856 787 5888 “
823 5856 931 5909 lsa.
966 5865 1079 5918 vut,
1116 5849 1202 5907 18.
