4196 6308
504 380 612 444 599

1685 381 1992 441 NICOLAI
2036 379 2420 440 CABASILE

3627 369 3733 431 6C0

507 480 731 544 necesse
755 487 843 544 est
869 489 1108 546 viciSsim
1140 508 1326 547 carnis
1344 504 1395 546 et
1436 492 1719 562 sanguinis
1746 491 1865 556 ejus
1895 490 2064 559 parti—

2175 491 2259 542 καὶ
2294 489 2483 542 τοῦτον
2512 490 2603 546 τὸν
2628 496 2827 561 τρόπον
2853 492 2912 543 οὑ
2943 487 3079 560 μέλη
3103 487 3190 540 διὰ
3213 477 3311 556 τὴν
3338 481 3559 553 τελετὴν
3582 484 3732 550 αὐτῷ

502 582 654 647 cipes
689 595 831 634 esse.
868 581 1046 651 Atque
1069 583 1173 637 isto
1227 582 1386 636 modo
1421 598 1528 635 non
1565 581 1740 635 solum
1772 581 1823 635 ei
1854 596 1946 648 per
1972 595 2064 635 sa-

502 681 840 724 cramentum
907 671 1008 725 hoc
1061 674 1303 726 membra
1361 673 1657 736 reddimur,
1706 674 1800 725 sed
1845 672 2066 740 insuper

507 759 624 823 ﬁlii,
657 771 714 813 ut
747 761 974 814 libentes
1001 761 1078 819 ei.
1106 769 1158 816 et
1185 762 1366 816 animo
1398 762 1806 817 volente'instar
1831 761 2062 814 ﬁliorum

503 865 812 918 pareamus.
849 849 1140 922 Diligenter
1167 854 1315 919 item,
1345 853 1800 922 quemadmodum
1821 851 2064 905 membra

503 941 734 996 scilicet.
774 941 864 997 Sic
887 944 1028 997 enim
1055 944 1291 1000 servitus
1317 944 1374 1000 ﬁt
1403 945 1760 1006 admirabilis,
1792 952 1841 998 et
1866 944 2063 996 eximia

504 1044 749 1096 prorsus.
789 1031 1057 1097 Quocirca
1087 1043 1140 1088 et
1171 1033 1284 1087 haec
1307 1042 1360 1087 et
1384 1034 1496 1098 illa,
1533 1035 1790 1099 ﬁliorum,
1820 1035 2064 1102 inquam,

503 1127 556 1171 et
580 1122 950 1175 membrorum
981 1124 1162 1193 imago
1219 1125 1526 1180 inducenda
1575 1133 1676 1188 est,
1714 1125 1931 1195 quando
1961 1139 2068 1179 una

502 1211 568 1263 ad
599 1225 711 1264 rem
751 1220 875 1266 ante
906 1217 1090 1270 oculos
1122 1215 1424 1283 ponendam
1481 1214 1616 1268 satis
1647 1231 1756 1269 non
1793 1224 1892 1268 est.
1926 1211 2066 1279 Quid

504 1303 649 1356 enim
684 1303 1066 1359 admirationis
1100 1307 1282 1370 habet,
1316 1307 1464 1362 nullo
1490 1323 1588 1376 per
1631 1322 1688 1360 se
1741 1317 1891 1360 motu
1932 1322 2065 1375 prae-

501 1392 668 1458 ditos,
704 1397 853 1448 velut
882 1397 1147 1457 membra.
1183 1413 1212 1451 a
1240 1398 1348 1452 Deo
1385 1413 1534 1452 ceua
1577 1395 1756 1467 capite
1790 1398 1992 1451 moveri
2015 1403 2069 1450 et

504 1483 718 1538 incitari
747 1486 772 1538 ?
799 1486 936 1550 Quid
964 1489 1263 1554 singulare,
1288 1489 1433 1542 velut
1459 1490 1704 1558 patribus
1722 1490 1904 1543 carnis
1923 1487 2066 1542 Patri

501 1576 792 1643 spirituum
826 1578 1018 1646 subiici
1047 1579 1070 1631 ?
1101 1579 1199 1633 Ast
1255 1589 1552 1650 utrumque
1603 1579 1764 1634 simul
1817 1587 2068 1634 naturam

501 1666 737 1730 excedit,
763 1681 888 1720 cum
925 1668 1136 1721 arbitrii
1171 1668 1416 1724 libertate
1470 1677 1676 1726 retenta
1723 1679 1782 1724 ut
1833 1669 1948 1732 ﬁlii,
1977 1683 2065 1722 su-

503 1755 662 1810 besse
699 1771 995 1823 possumus
1020 1769 1276 1828 tanquam
1321 1761 1585 1816 membra.

577 1847 643 1900 Et
672 1847 787 1902 haec
817 1857 900 1902 est
921 1849 1010 1902 illa
1043 1851 1386 1918 praedicanda
1418 1851 1651 1906 ﬁliorum
1680 1850 1928 1918 adoptio,
1959 1865 2068 1904 non

504 1937 558 1988 in
588 1951 720 1992 voce
742 1945 793 1990 et
816 1937 1526 2006 appellationeronsistens,
1547 1946 1606 1992 ut
1623 1940 1676 1993 in
1699 1939 1858 1991 rebus
1880 1937 2070 1988 huma-

504 2029 610 2094 nis,
650 2045 749 2084 nec
779 2046 952 2101 usque
973 2047 1038 2086 eo
1063 2025 1415 2087 honorabilis.
1439 2032 1572 2087 Nam
1602 2031 1743 2085 inter
1766 2045 1885 2088 nos.
1908 2028 2075 2097 adop-

503 2121 600 2173 tati
631 2137 754 2175 cum
811 2121 1200 2192 adoptantibus
1227 2124 1444 2178 nomine
1475 2123 1592 2178 solo
1639 2122 2070 2185 communicant,

503 2222 557 2267 et
597 2229 662 2267 eo
687 2229 857 2284 usque
910 2216 1016 2270 illis
1061 2217 1368 2272 communis
1403 2225 1488 2272 est
1526 2225 1700 2286 pater,
1735 2214 2073 2270 uullainter-

503 2304 962 2376 ceditgeneratio,
1002 2309 1130 2361 nulli
1173 2317 1394 2377 partus;
1428 2308 1516 2364 hic
1546 2317 1723 2364 autem
1750 2316 1803 2362 et
1843 2320 2070 2376 genera-

506 2397 580 2452 tio
597 2407 682 2453 est
702 2414 908 2466 revera,
928 2409 980 2454 et
998 2401 1313 2455 communio
1339 2415 1462 2455 cum
1485 2400 1796 2469 Unigenito,
1825 2413 1930 2452 non
1952 2407 2069 2451 tan.

505 2498 618 2544 tum
634 2490 894 2556 nominis,
914 2493 1009 2548 sed
1032 2509 1210 2547 rerum
1237 2507 1455 2563 quoque
1474 2493 1737 2562 ipsarum,
1762 2490 2066 2560 sanguinis,

504 2581 777 2649 corporis,
810 2582 954 2636 vitae.
982 2581 1119 2648 Quid
1153 2582 1296 2636 enim
1330 2581 1701 2652 praestantius,
1749 2595 1912 2650 quam
1944 2594 2065 2634 cum

501 2674 620 2740 ipse
643 2673 800 2726 Pater
825 2671 1096 2740 Unigeniti
1125 2674 1210 2728 sui
1242 2675 1485 2728 membra
1513 2673 1565 2726 in
1601 2673 1756 2727 nobis
1781 2671 2068 2740 agnoscit?

502 2780 625 2818 cum
651 2763 821 2833 ipsam
842 2763 1216 2831 Filiiformam
1233 2765 1286 2820 in
1302 2767 1545 2821 vultibus
1567 2769 1771 2822 nostris
1790 2765 2070 2822 intuetur?

508 2871 530 2904 ι
567 2855 716 2921 Quos
753 2854 1179 2924 praedestinavit,
1219 2856 1414 2925 inquit,
1441 2856 1750 2911 confortncs
1789 2857 1902 2910 ﬁeri
1934 2842 2070 2910 ima-

503 2943 645 3012 ginis
678 2941 799 2998 Filii
847 2945 932 2998 sui
966 2944 1032 2999 “.
1084 2963 1101 2995 ι
1143 2944 1206 2998 Ει
1243 2945 1370 3016 quid
1423 2961 1522 3015 ego
1546 2946 1705 3000 istam
1773 2945 2064 2999 humanam

496 3033 844 3103 adoptionem
867 3047 1124 3088 euumero
1142 3033 1167 3087 ?
1186 3049 1305 3088 cum
1326 3034 1413 3090 hic
1441 3035 1556 3103 ipsa
1587 3034 1818 3088 naturali
1844 3047 2067 3103 genera-

2165 579 2428 650 γινόμεθα
2466 581 2646 656 μόνον,
2697 581 2832 634 ἀλλὰ
2865 580 2960 634 καὶ
2999 580 3206 642 παῖδες,
3266 575 3409 629 ὥστε
3446 573 3733 643 λατρεύειν

2169 672 2642 740 ὑποταττομένους
2695 673 2916 734 ἑκόντας
2969 672 3065 742 μὲν
3106 670 3203 724 καὶ
3257 668 3376 738 μετ’
3424 666 3732 720 ἐθελουσίου

2167 760 2410 830 γνώμης,
2466 761 2654 830 ὥσπερ
2687 762 2735 812 oi
2768 761 2977 823 παῖδες.
3035 757 3303 828 ’Δκριὸῶς
3361 755 3419 808 δὲ
3481 755 3736 818 καθάπερ

2167 851 2235 904 τὰ
2267 851 2400 920 μέλη
2425 868 2439 880 θ
2469 851 2612 903 οὕτω
2637 850 2745 922 γὰρ
2851 850 3079 920 λατρεία
3110 846 3412 934 Θαυμαστη
3433 847 3528 900 καὶ
3559 845 3735 907 οὕτως

2169 943 2473 1012 ὑπερφυὴς,
2502 943 2644 995 ὥστε
2673 944 2764 995 καὶ
2785 941 2990 1012 ταύτης
3018 941 3280 1007 κάκείνης
3303 940 3382 992 δεῖ
3405 939 3502 1007 τῆς
3525 937 3733 1000 εἰκόνος

2171 1032 2263 1086 καὶ
2300 1033 2398 1100 τῆς
2428 1033 2537 1084 τῶν
2567 1033 2699 1084 υίῶν
2732 1033 2827 1084 καὶ
2856 1033 2955 1094 τῆς
3001 1031 3110 1082 τῶν
3148 1028 3346 1098 μελῶν,
3379 1026 3453 1089 ὡς
3482 1025 3583 1077 οὐκ
3627 1027 3729 1093 ἀρά

2169 1124 2372 1194 κούσης
2423 1124 2520 1192 τῆς
2556 1125 2748 1194 ἑτέρας
2789 1123 2852 1176 τὸ
2888 1121 2947 1174 ὃν
2986 1119 3344 1186 ἐνδείξασθαι.
3377 1117 3443 1168 Τί
3491 1115 3588 1186 μὲν
3621 1113 3732 1182 γὰρ

2170 1214 2329 1268 τοῦτο
2361 1213 2692 1282 θαυμαστὸν,
2731 1214 3000 1284 μηδεμίαν
3035 1211 3247 1281 κίνησιν
3276 1209 3484 1262 οίκοθεν
3531 1207 3728 1267 αὐτοὺς

2171 1305 2565 1376 κεκτημένους,
2597 1306 2787 1376 ὥσπερ
2826 1305 2894 1356 τὰ
2923 1303 3060 1374 μέλη
3102 1303 3176 1362 ὼς
3223 1299 3328 1353 ὑπὸ
3359 1297 3601 1365 κεφαλῆς
3634 1296 3728 1348 τοῦ

2171 1397 2306 1449 Θεοῦ
2353 1396 2640 1466 κινηθῆναι
2661 1413 2677 1462 ;
2713 1397 2780 1448 Τί
2823 1394 2880 1447 δὲ
2913 1397 3090 1446 ἐκεῖνο
3121 1393 3283 1461 μέγα,
3317 1389 3568 1458 καθάπερ
3615 1391 3730 1449 τοῖς

2173 1489 2418 1558 πατράσι
2444 1490 2542 1558 τῆς
2571 1488 2771 1560 σαρκὸς
2806 1487 2883 1556 τῷ
2909 1484 3083 1555 πατρὶ
3109 1484 3215 1536 τῶν
3247 1483 3572 1551 πνευμάτων
3602 1479 3736 1533 ὑπο-

2170 1582 2439 1649 ταγῆναις
2484 1582 2557 1635 Τὸ
2595 1581 2652 1634 δὲ
2685 1579 3094 1650 συναμφότερον
3143 1573 3439 1645 ὑπερφυὲς,
3469 1575 3596 1626 ὅταν
3634 1569 3728 1622 τοῦ

2170 1672 2334 1740 λόγου
2368 1672 2465 1742 τὴν
2513 1670 2840 1740 αὐτονομίαν
2891 1667 3155 1734 σώζοντες
3189 1665 3378 1734 ὥσπερ
3416 1664 3465 1714 οἱ
3519 1660 3732 1722 παῖδες,

2173 1765 2511 1833 ὑποταγῆναι
2542 1762 2858 1832 δυνηθῶμεν
2881 1760 3066 1829 ὥσπερ
3093 1760 3162 1812 τὰ
3198 1757 3353 1826 μέλη.

2245 1857 2354 1908 Καὶ
2388 1853 2544 1921 τοῦτό
2575 1856 2690 1906 ἐστι
2730 1853 2791 1905 τὸ
2822 1851 3014 1922 χρῆμα
3039 1852 3136 1913 τῆς
3163 1846 3506 1917 ὑμνουμένης
3553 1841 3730 1895 υίοθευ

2176 1948 2318 2013 σίας,
2346 1949 2447 2001 οὑκ
2481 1949 2573 2000 ἐπὶ
2597 1947 2695 2016 τῆς
2720 1946 2900 2014 φωνῆς
2941 1941 3252 2011 ἱσταμένης,
3278 1939 3465 2006 ὥσπερ
3502 1936 3592 1989 ἐπὶ
3625 1935 3734 1987 τῶν

2175 2040 2551 2110 ἀνθρωπίνων,
2577 2039 2698 2092 οὑδὲ
2729 2038 2890 2108 μέχρι
2912 2036 3101 2090 τούτου
3128 2033 3396 2103 τιμώσης.
3429 2029 3547 2098 Ἐφ’
3579 2026 3737 2097 ἡμῶν

2179 2132 2280 2200 μὲν
2317 2131 2428 2200 γάρ
2475 2132 2524 2183 oi
2583 2130 2796 2200 ποιητοί
2851 2130 2965 2192 τοῖς
3001 2125 3420 2196 γεγεννημένοις
3473 2121 3738 2190 ὀνόματος

2175 2223 2493 2277 κοινωνοῦσι
2525 2223 2706 2292 μόνον,
2746 2221 2841 2276 καὶ
2875 2217 3244 2292 μέχριτούτου
3273 2214 3451 2278 κοινὸς
3485 2213 3668 2272 αὐτοῖς
3709 2211 3738 2260 ὁ

2175 2313 2379 2384 πατὴρ,
2413 2314 2667 2383 γέννησις
2695 2311 2751 2365 δὲ
2776 2310 3002 2378 οὐδεμία
3024 2307 3144 2360 οὑδὲ
3163 2306 3350 2366 ὠδῖνες
3370 2319 3385 2335 ο
3419 2299 3652 2354 ἐνταῦθα
3679 2296 3736 2348 δὲ

2175 2404 2270 2458 καὶ
2310 2403 2558 2474 γέννησίς
2590 2404 2736 2456 ἐστιν
2797 2401 3013 2470 ἀληθῶς
3047 2399 3140 2453 καὶ
3185 2393 3437 2449 κοινωνία
3481 2391 3616 2461 πρὸς
3640 2390 3734 2442 τὸν

2172 2491 2472 2566 Μονογενῆ,
2508 2497 2568 2548 οὑ
2608 2497 2707 2566 τῆς
2737 2493 3053 2563 ἐπωνυμίας
3083 2491 3262 2561 μόνον,
3295 2487 3431 2542 ἀλλὰ
3467 2485 3560 2537 καὶ
3595 2497 3736 2550 πρα-

2173 2593 2398 2660 γμάτων
2417 2587 2728 2654 αὐτῶν,.τοῦ
2752 2588 3007 2656 αἵματος,
3025 2584 3118 2638 τοῦ
3143 2583 3412 2652 σώματος,
3429 2577 3527 2645 τῆς
3562 2575 3729 2642 ζωῆς.

2171 2684 2279 2738 Ka‘:
2308 2683 2361 2735 τί
2390 2681 2495 2752 γάρ
2536 2681 2721 2752 μεῖζον
2754 2679 2786 2748 ἢ
2812 2681 2939 2732 ὅταν
2965 2676 3127 2738 αὑτὸς
3153 2678 3181 2728 ὁ
3205 2673 3395 2741 Πατὴρ
3423 2669 3516 2723 τοῦ
3563 2669 3732 2721 Μονο-

2171 2775 2360 2844 γενοῦς
2414 2777 2470 2826 ἒν
2498 2775 2628 2843 ἡμῖν
2682 2771 3027 2841 ἑπιγινώσκῃ
3069 2769 3136 2821 τὰ
3191 2766 3349 2837 μέλῃ,
3384 2766 3511 2818 ὅταν
3557 2757 3728 2829 αὐτὴν

2171 2866 2403 2938 εὑρίσκῃ
2432 2867 2530 2932 τὴν
2574 2861 2784 2932 μορφὴν
2805 2860 2899 2914 τοῦ
2933 2859 3120 2921 παιδὸς
3151 2859 3245 2911 ἐπὶ
3285 2856 3393 2909 τῶν
3424 2850 3732 2924 προσώπων

2168 2957 2276 3008 τῶν
2308 2954 2612 3024 ἡμετέρων.
2664 2972 2682 3004 ι
2716 2951 3084 3021 Συμμόρφους
3116 2948 3244 3017 γὰρ,
3279 2945 3432 3016 φησὶ,
3457 2942 3734 3014 προῶρισε

2169 3045 2268 3115 τῆς
2323 3045 2528 3106 εἰκόνος
2565 3043 2659 3095 τοῦ
2716 3042 2842 3096 Υίοῦ
2893 3040 3080 3095 αὐτοῦ.
3141 3058 3158 3091 ι
3195 3039 3304 3090 Καὶ
3347 3037 3399 3089 τί
3446 3036 3592 3100 λέγω
3633 3032 3733 3102 τὴν

497 3127 647 3180 tione
679 3125 962 3181 astrictius
994 3125 1246 3192 quiddam
1283 3126 1566 3195 magisque
1613 3134 1900 3195 cognatum
1963 3125 2057 3190 sit,

2175 3139 2393 3206 υίὸτητα
2441 3136 2538 3206 τὴν
2567 3135 2962 3204 πεποιημένην,
3009 3134 3139 3187 ὃται⁸
3167 3131 3265 3200 τῆς
3307 3128 3545 3199 φυσικῆς
3566 3141 3734 3192 προσ-

496 3225 550 3272 et
579 3217 650 3270 ita
670 3217 782 3270 nati
807 3217 978 3286 magis
1005 3215 1095 3269 Dei
1117 3216 1209 3270 ﬁlii
1240 3217 1369 3283 sint,
1395 3232 1556 3286 quam
1587 3231 1776 3271 eorum
1807 3217 1896 3287 qui
1920 3214 2066 3286 ipsos

497 3310 794 3366 secundum
851 3324 1053 3379 corpus
1082 3320 1441 3381 procrearunt
1470 3327 1483 3364 :
1519 3308 1682 3378 idque
1711 3323 1774 3364 eo
1809 3308 2065 3378 amplius,

497 3411 701 3472 quanto
745 3402 976 3470 amplius
1012 3402 1252 3465 illorum,
1288 3415 1450 3471 quam
1481 3403 1720 3455 materiae
1743 3400 1809 3454 ad
1842 3415 2073 3469 concep-

501 3505 614 3550 tutn
670 3495 963 3563 supposita:
994 3503 1140 3548 sunt.
1159 3492 1300 3559 Quid
1354 3493 1498 3548 enim
1521 3482 1628 3558 est,
1644 3493 1785 3561 quod
1807 3506 1963 3547 veros
1980 3506 2073 3561 pa-

497 3592 605 3636 tres
634 3581 790 3636 nobis
808 3581 1135 3646 facit?Quod
1161 3597 1224 3635 ex
1259 3582 1500 3651 ipsorum
1519 3595 1681 3634 carne
1699 3594 1914 3635 carnem
1932 3581 2071 3634 hanc

499 3674 781 3738 habemus,
812 3685 916 3727 ete
942 3673 1203 3743 sanguine
1224 3673 1436 3727 illorum
1462 3675 1568 3726 vita
1626 3675 1786 3728 nobis
1835 3674 2068 3728 conﬂata

497 3773 603 3819 est.
649 3763 761 3817 l-loc
788 3778 916 3817 vero
965 3764 1096 3817 etin
1158 3762 1440 3818 Salvatore
1499 3765 1857 3834 acquirimus.
1925 3765 2068 3821 Caro

498 3855 643 3909 enim
678 3868 744 3908 ex
772 3852 894 3922 ejus
925 3867 1091 3908 carne
1118 3863 1172 3907 et
1205 3868 1329 3908 ossa
1362 3869 1425 3908 ex
1455 3854 1575 3923 eius
1606 3856 1822 3912 ossibus
1848 3871 2063 3912 sumus.

501 3943 606 3998 Sed
637 3943 924 4013 utriusque
957 3945 1359 3999 communionis
1391 3945 1536 3999 haud
1574 3947 1851 4008 mediocre
1902 3948 2071 4002 inter-

499 4037 698 4091 vallum
732 4045 836 4090 est.
876 4036 1011 4091 Nam
1041 4036 1095 4090 in
1141 4037 1480 4092 naturalibus
1517 4037 1609 4108 qui
1633 4053 1779 4092 nunc
1810 4045 1894 4094 est
1943 4055 2072 4095 san-

501 4131 621 4195 guis
646 4127 903 4192 ﬁliorum,
938 4137 1222 4196 parentum
1253 4128 1366 4199 jam
1400 4147 1505 4184 non
1557 4139 1661 4197 est,
1694 4131 1788 4187 sed
1840 4131 2066 4187 illorum

499 4221 600 4276 fuit
654 4221 969 4292 priusquam
1006 4220 1242 4276 ﬁliorum
1270 4232 1433 4277 esset.
1466 4225 1643 4292 Atque
1665 4225 1778 4287 haec
1803 4233 1888 4280 est
1916 4225 2070 4293 origo

499 4313 733 4383 generis,
820 4312 948 4381 quia
1031 4313 1125 4381 qui
1193 4315 1416 4381 sanguis
1497 4330 1642 4368 nunc
1690 4323 1773 4368 est
1851 4316 2066 4382 horum,

499 4415 625 4459 ante
676 4404 894 4458 illorum
958 4414 1096 4458 erat.
1142 4403 1222 4458 Ex
1281 4416 1623 4458 sacramento
1673 4415 1852 4460 autem
1908 4407 2066 4471 istoc,

2173 3231 2466 3298 φυέστερον
2515 3228 2611 3281 καὶ
2667 3227 3092 3295 συγγενέστερον
3142 3223 3279 3296 ἔχῃ,
3349 3221 3442 3274 καὶ
3489 3220 3538 3272 οί
3593 3218 3735 3270 οῦτω

2172 3319 2517 3390 γεννηθέντες
2547 3319 2652 3371 υἱοὶ
2681 3318 2816 3372 Θεοῦ
2871 3317 3072 3387 μᾶλλον
3122 3315 3155 3386 ἢ
3187 3315 3298 3368 τῶν
3327 3312 3734 3381 γεγεννηκότων

2172 3413 2376 3476 αὐτῶν,
2404 3412 2497 3465 καὶ
2521 3411 2740 3464 τοσοῦτο
2783 3410 3016 3479 μᾶλλον,’
3057 3410 3180 3463 ὅσον
3209 3407 3436 3460 ἐκείνων
3469 3404 3672 3474 μᾶλλον
3699 3403 3731 3473 ἢ

2174 3504 2282 3556 τῶν
2339 3502 2789 3571 ὑποϐαλλομένων
2843 3501 2982 3564 είσί;
3045 3499 3110 3551 Τί
3156 3499 3262 3568 γάρ
3317 3501 3490 3560 ὲστιν,
3537 3495 3565 3548 δ
3607 3495 3734 3553 τοὺς

2170 3595 2390 3666 ἀληθεῖς
2411 3595 2544 3663 ἡμῖν
2588 3594 2830 3661 πατέρας
2854 3591 3143 3656 ποιεῖςἘκ
3169 3591 3274 3644 τῶν
3309 3588 3527 3658 σαρκῶν
3560 3585 3737 3639 αὐτῶν

2171 3689 2376 3757 ταύτην
2399 3686 2598 3757 ἔχομεν
2609 3687 2707 3756 τὴν
2730 3687 2928 3754 σάρκα,
2953 3683 3050 3738 καὶ
3070 3684 3132 3736 ὲκ
3153 3683 3262 3735 τῶν
3285 3682 3532 3749 αἱμάτων
3557 3678 3738 3732 αὐτῶν

2172 3781 2502 3848 συνέστηκεν
2527 3780 2657 3849 ἡμῖν
2684 3779 2718 3847 ἡ
2745 3779 2881 3845 ζωή.
2909 3775 3079 3830 Τοῦτο
3103 3775 3196 3828 καὶ
3222 3776 3313 3827 ἐπὶ
3333 3773 3427 3827 τοῦ
3460 3771 3735 3841 Σωτῆροςο

2173 3871 2374 3938 σάρκες
2395 3868 2563 3936 ἐσμὲν
2589 3869 2651 3921 ἐκ
2670 3868 2778 3932 τῶν
2797 3866 3018 3938 σαρκῶν
3044 3865 3236 3930 αὑτοῦ,
3267 3862 3363 3919 καὶ
3382 3864 3516 3916 ὀστᾶ
3543 3865 3606 3915 έκ
3634 3860 3738 3913 τῶν

2171 3957 2346 4012 ὀστῶν
2376 3956 2566 4022 αὑτοῦ,
2596 3957 2735 4011 ἀλλὰ
2763 3958 2863 4026 τῆς
2892 3957 3178 4017 κοινωνίας
3207 3956 3477 4024 ἑκατέρας
3514 3951 3650 4004 πολὺ
3680 3951 3741 4028 τὸ

2173 4051 2358 4121 μέσον.
2398 4047 2523 4101 Ἐπὶ
2557 4049 2656 4118 μὲν
2690 4048 2799 4119 γάρ
2830 4047 2940 4100 τῶν
2967 4045 3216 4116 φυσικῶν
3248 4047 3309 4098 τὸ
3338 4045 3431 4097 νῦν
3458 4039 3598 4112 αἷμα
3631 4041 3739 4094 τῶν
3775 4111 3778 4114 γ

2172 4141 2378 4194 παίδων
2398 4139 2580 4194 οὐκέτι
2607 4140 2699 4192 καὶ
2734 4139 2841 4192 τῶν
2874 4138 3288 4207 γεγεννηκότων
3325 4135 3494 4198 ἐστὶν,
3527 4133 3641 4186 ἀλλ’
3672 4127 3740 4202 ἦν

2170 4231 2394 4284 ἑκείνων
2417 4229 2583 4301 πρινὴ
2613 4230 2720 4282 τῶν
2750 4229 2954 4282 παίδων
2987 4223 3150 4290 εἶναι,
3182 4227 3274 4279 καὶ
3302 4223 3459 4278 τοῦτο
3502 4227 3649 4277 ποιεῖ
3680 4224 3741 4275 τὸ

2170 4323 2346 4389 γένος,
2385 4321 2467 4373 ὅτι
2497 4319 2523 4371 ὂ
2545 4317 2640 4371 νῦν
2669 4317 2896 4381 τούτων,
2921 4316 3145 4369 ἐκείνων
3173 4315 3436 4394 πρᾷτερον
3460 4309 3528 4384 ἦν
3550 4329 3564 4343 ·
3602 4315 3657 4367 τὸ
3683 4314 3741 4365 δὲ

2170 4413 2270 4480 τῆς
2302 4411 2521 4477 τελετῆς
2547 4409 2730 4480 ἔργον,
2757 4409 2817 4462 τὸ
2845 4403 2983 4472 αἷμα
3008 4401 3053 4474 ᾧ
3079 4406 3280 4474 ζῶμεν,
3309 4405 3403 4458 νῦν
3428 4406 3576 4456 ἐστιν
3602 4398 3739 4472 αἷμα

498 4494 720 4564 sanguis
784 4507 893 4562 quo
923 4491 1176 4558 vivimus,
1207 4493 1369 4547 etiam
1401 4508 1546 4547 nunc
1598 4495 1820 4564 sanguis
1867 4493 2067 4551 Christi

2175 4502 2433 4573 Χριστοῦ,
2456 4501 2552 4555 καὶ
2569 4502 2602 4570 ἡ
2622 4500 2780 4576 σάρξ,
2807 4501 2872 4571 ἢν
2896 4500 3160 4569 πήγνυσιν
3180 4500 3310 4568 ἡμῖν
3331 4499 3392 4550 τὸ
3419 4497 3730 4566 μυστήριον,

498 4593 600 4640 est.
655 4583 721 4636 Et
783 4597 932 4646 caro,
999 4596 1162 4650 quam
1219 4582 1400 4651 nobis!
1431 4594 1793 4654 coagmentat,
1873 4602 2075 4658 corpus

498 4675 696 4731 Christi
726 4683 824 4741 est,
844 4683 896 4730 et
912 4674 1220 4729 communia
1244 4675 1463 4745 insuper
1481 4677 1742 4744 membra,
1766 4681 2067 4734 communis

501 4773 628 4823 vita.
716 4752 718 4754 ν

566 4863 741 4922 Atque
807 4861 925 4916 haec
996 4871 1082 4917 est
1137 4875 1258 4915 vera
1314 4863 1650 4927 communio,
1692 4877 1818 4918 cum
1879 4865 2070 4919 ambo-

501 4955 601 5007 bus
636 4953 776 5008 idem
803 4955 993 5009 eodem
1021 4966 1268 5025 tempore
1313 4953 1486 5008 adest.
1537 4953 1670 5009 Nam
1737 4960 1783 5010 si
1839 4964 2066 5024 uterque

501 5045 685 5110 habet,
726 5047 838 5116 jam
905 5047 1018 5111 hic,
1049 5047 1160 5115 jam
1198 5048 1310 5113 ille,
1370 5049 1470 5102 hoc
1509 5062 1617 5102 non
1648 5047 1850 5117 potius
1903 5048 2068 5103 fuerit

498 5137 922 5199 communicare,
957 5153 1115 5206 quam
1144 5137 1408 5193 dis>idere
1454 5154 1519 5192 ac
1575 5139 1903 5206 discrepare.
1947 5138 2064 5194 Non

496 5235 582 5282 est
614 5227 755 5280 enim
791 5230 934 5296 quod
966 5229 1277 5300 coniungat,
1307 5229 1563 5299 quoniam
1601 5244 1708 5282 non
1745 5228 1942 5283 habent
1976 5246 2062 5285 se—

497 5319 736 5372 cundum
769 5318 912 5373 idem
959 5321 1144 5385 ambo,
1208 5321 1353 5389 quod
1391 5321 1598 5375 utervis
1666 5321 1816 5375 solus
1880 5322 2060 5377 habet.

499 5412 764 5474 Quocirca
793 5425 891 5465 nec
920 5425 1048 5465 vere
1084 5421 1333 5466 mutuum
1373 5413 1426 5465 in
1468 5412 1577 5464 ullo
1635 5411 2060 5476 communicant,

502 5515 598 5554 nec
630 5500 1133 5558 communicarunt.
1159 5501 1263 5557 Sed
1276 5502 1413 5572 “quia
1442 5501 1583 5556 idem
1613 5509 1716 5567 est,
1741 5501 1887 5572 quod
1913 5502 2064 5572 prius

499 5601 616 5645 erat
645 5593 824 5662 hujus,
860 5609 1008 5656 nunc
1054 5603 1137 5649 est
1187 5595 1356 5657 illius,
1387 5594 1598 5662 species
1628 5594 1874 5663 quaedam
1909 5609 2061 5650 com-

469 5789 472 5791 ‘
571 5776 617 5852 ξ’
665 5776 829 5832 licbr.
859 5794 918 5843 tt,
958 5778 1041 5831 13.

2178 4594 2338 4662 σῶμά
2369 4596 2486 4646 έστι
2519 4593 2611 4646 τοῦ
2642 4592 2906 4663 Χριστοῦ,
2934 4590 3026 4643 καὶ
3058 4589 3214 4643 κοινὰ
3251 4588 3333 4641 ἔτι
3368 4589 3436 4640 τὰ
3472 4587 3608 4656 μέλη
3640 4585 3734 4638 καὶ
3789 4575 3796 4582 ’

2177 4687 2332 4758 κοινὴ
2363 4687 2396 4756 ἡ
2427 4686 2563 4756 zona.

2247 4866 2417 4918 Τοῦτο
2445 4864 2500 4917 δέ
2524 4864 2672 4914 ἐστιν
2700 4864 2732 4932 ἠ
2755 4859 2962 4929 ἀληθὴς
2991 4857 3270 4923 κοινωνία,
3295 4857 3423 4910 ὅταν
3446 4856 3648 4926 ἀμφοῖν
3677 4853 3740 4906 τὸ

2175 4941 2308 5011 αὑτὸ
2357 4954 2501 5007 κατὰ
2548 4953 2638 5004 τὸν
2697 4951 2857 5005 αὑτὸν
2905 4951 3096 5019 χρόνον
3153 4952 3326 5019 παρῇ,
3377 4947 3458 5009 ὡς
3515 4945 3738 4999 ἐπειδάν

2174 5049 2430 5116 ἑκάτερος
2463 5043 2582 5113 ἔχῃ,
2614 5042 2707 5095 καὶ
2736 5040 2829 5094 νῦν
2863 5043 2962 5110 μὲν
2991 5033 3167 5105 οὗτος,
3201 5039 3294 5092 νῦν
3324 5040 3380 5092 δὲ
3419 5040 3646 5099 ἐκεῖνος,
3672 5039 3734 5090 οὑ

2173 5139 2447 5192 κοινωνεῖν
2477 5135 2543 5188 ἂν
2574 5134 2658 5202 εἴη
2685 5134 2882 5200 μᾶλλον
2910 5134 2941 5202 ἥ
2971 5133 3264 5187 διεστάναι.
3293 5133 3367 5184 Οὑ
3401 5129 3508 5199 γάρ
3538 5131 3655 5181 ἐστι
3676 5130 3734 5181 τὸ

2173 5231 2463 5293 συνάπτον,
2492 5231 2572 5282 ὅτι
2611 5227 2685 5297 μὴ
2715 5227 2948 5295 πάρεστι
2978 5225 3119 5278 κατὰ
3144 5225 3338 5276 ταὺτὺν
3373 5222 3730 5292 ἀμφοτέροις,

2169 5326 2197 5378 ὃ
2227 5326 2290 5390 γε
2330 5323 2486 5392 μόνος
2535 5321 2797 5390 ἑκάτερος
2837 5319 2984 5388 ἔχει’
3027 5318 3150 5372 ὅθεν
3203 5315 3328 5368 οὔτε
3385 5315 3734 5368 κοινωνοῦσιν

2171 5414 2444 5484 ἀλλήλοις,
2484 5409 2795 5464 οὑτινοσοῦν
2837 5409 3052 5476 άληθῶς
3090 5406 3213 5460 οὔτε
3257 5407 3739 5476 κεκοινωνήκασιν,

2171 5503 2285 5558 ἀλλ’
2315 5505 2342 5556 ὃ
2371 5520 2424 5555 τι
2451 5504 2510 5555 τὸ
2541 5503 2675 5555 αὑτὸ
2698 5505 2862 5566 ἐστιν,
2886 5501 2914 5553 δ
2943 5500 3206 5570 πρότερον
3231 5493 3300 5569 ἦν
3320 5498 3532 5560 τούτου,
3557 5497 3650 5549 νῦν
3677 5494 3736 5547 δὲ

2171 5594 2403 5658 ἐκείνου,
2432 5594 2615 5647 εἰκόνα
2650 5593 2769 5646 τινὰ
2821 5592 3107 5656 κοινωνίας
3151 5590 3288 5660 ἔχει.
3324 5588 3592 5657 Καθάπερ
3626 5586 3736 5655 γὰρ
