  <div class='ocr_page' id='page_1' title='image "/cluster/home/n/w/nwhite01/storage/ocr_20150623/150/mdp.39015078384743/308.png"; bbox 0 0 4134 6314; ppageno 0'>
   <div class='ocr_carea' id='block_1_1' title="bbox 302 429 396 494">
    <p class='ocr_par' dir='ltr' id='par_1_1' title="bbox 302 429 396 494">
     <span class='ocr_line' id='line_1_1' title="bbox 302 429 396 494; baseline -0.064 0"><span class='ocrx_word' id='word_1_1' title='bbox 302 429 396 494; x_wconf 70' lang='grc'><strong>503</strong></span> 
     </span>
    </p>
   </div>
   <div class='ocr_carea' id='block_1_2' title="bbox 1364 422 2507 486">
    <p class='ocr_par' dir='ltr' id='par_1_2' title="bbox 1364 422 2507 486">
     <span class='ocr_line' id='line_1_2' title="bbox 1364 422 2507 486; baseline -0.003 -2"><span class='ocrx_word' id='word_1_2' title='bbox 1364 426 1460 484; x_wconf 83' lang='lat' dir='ltr'><strong>DE</strong></span> <span class='ocrx_word' id='word_1_3' title='bbox 1488 425 1660 485; x_wconf 83' lang='lat' dir='ltr'><strong>VlTA</strong></span> <span class='ocrx_word' id='word_1_4' title='bbox 1703 425 1785 486; x_wconf 89' lang='lat' dir='ltr'><strong>IN</strong></span> <span class='ocrx_word' id='word_1_5' title='bbox 1825 424 2156 486; x_wconf 69' lang='grc' dir='ltr'><strong>ΕΗΒίὸΤο</strong></span> <span class='ocrx_word' id='word_1_6' title='bbox 2217 423 2360 482; x_wconf 83' lang='lat' dir='ltr'><strong>LIB.</strong></span> <span class='ocrx_word' id='word_1_7' title='bbox 2407 422 2507 484; x_wconf 83' lang='lat' dir='ltr'><strong>IV.</strong></span> 
     </span>
    </p>
   </div>
   <div class='ocr_carea' id='block_1_3' title="bbox 3423 421 3530 485">
    <p class='ocr_par' dir='ltr' id='par_1_3' title="bbox 3423 421 3530 485">
     <span class='ocr_line' id='line_1_3' title="bbox 3423 421 3530 485; baseline 0.009 -3"><span class='ocrx_word' id='word_1_8' title='bbox 3423 421 3530 485; x_wconf 66' lang='lat'><strong>(02</strong></span> 
     </span>
    </p>
   </div>
   <div class='ocr_carea' id='block_1_4' title="bbox 303 532 1889 611">
    <p class='ocr_par' dir='ltr' id='par_1_4' title="bbox 303 535 1864 611">
     <span class='ocr_line' id='line_1_4' title="bbox 303 535 1864 611; baseline -0.005 -12"><span class='ocrx_word' id='word_1_9' title='bbox 303 547 404 600; x_wconf 86' lang='grc' dir='ltr'><strong>οὐκ</strong></span> <span class='ocrx_word' id='word_1_10' title='bbox 424 544 492 597; x_wconf 75' lang='grc' dir='ltr'>ἄν</span> <span class='ocrx_word' id='word_1_11' title='bbox 518 561 600 604; x_wconf 80' lang='grc' dir='ltr'><strong>τις</strong></span> <span class='ocrx_word' id='word_1_12' title='bbox 625 544 711 611; x_wconf 75' lang='grc' dir='ltr'>εἵη</span> <span class='ocrx_word' id='word_1_13' title='bbox 743 542 1007 606; x_wconf 88' lang='grc' dir='ltr'>σύνοικος,</span> <span class='ocrx_word' id='word_1_14' title='bbox 1035 535 1080 606; x_wconf 80' lang='grc' dir='ltr'><strong>ᾧ</strong></span> <span class='ocrx_word' id='word_1_15' title='bbox 1103 539 1200 606; x_wconf 77' lang='grc' dir='ltr'>τὴν</span> <span class='ocrx_word' id='word_1_16' title='bbox 1227 537 1397 607; x_wconf 79' lang='grc' dir='ltr'>αὐτὴν</span> <span class='ocrx_word' id='word_1_17' title='bbox 1425 538 1642 608; x_wconf 74' lang='grc' dir='ltr'>ᾤκησεν</span> <span class='ocrx_word' id='word_1_18' title='bbox 1667 539 1864 601; x_wconf 86' lang='grc' dir='ltr'>οίκὶαν,</span> 
     </span>
    </p>
   </div>
   <div class='ocr_carea' id='block_1_5' title="bbox 1989 532 3527 611">
    <p class='ocr_par' dir='ltr' id='par_1_5' title="bbox 1989 532 3527 602">
     <span class='ocr_line' id='line_1_5' title="bbox 1989 532 3527 602; baseline -0.002 -12"><span class='ocrx_word' id='word_1_19' title='bbox 1989 537 2244 591; x_wconf 86' lang='lat' dir='ltr'><strong>minionis</strong></span> <span class='ocrx_word' id='word_1_20' title='bbox 2294 546 2347 590; x_wconf 86' lang='lat' dir='ltr'><strong>et</strong></span> <span class='ocrx_word' id='word_1_21' title='bbox 2379 539 2554 602; x_wconf 84' lang='lat' dir='ltr'><strong>imago</strong></span> <span class='ocrx_word' id='word_1_22' title='bbox 2581 532 2804 589; x_wconf 78' lang='lat' dir='ltr'><strong>dicenda</strong></span> <span class='ocrx_word' id='word_1_23' title='bbox 2860 541 2944 588; x_wconf 87' lang='lat' dir='ltr'><strong>est</strong></span> <span class='ocrx_word' id='word_1_24' title='bbox 2974 533 3164 602; x_wconf 84' lang='lat' dir='ltr'><strong>magis.</strong></span> <span class='ocrx_word' id='word_1_25' title='bbox 3188 549 3348 602; x_wconf 88' lang='lat' dir='ltr'><strong>quam</strong></span> <span class='ocrx_word' id='word_1_26' title='bbox 3373 549 3527 588; x_wconf 82' lang='lat' dir='ltr'><strong>eom-</strong></span> 
     </span>
    </p>
   </div>
   <div class='ocr_carea' id='block_1_6' title="bbox 307 629 1868 704">
    <p class='ocr_par' dir='ltr' id='par_1_6' title="bbox 307 629 1868 704">
     <span class='ocr_line' id='line_1_6' title="bbox 307 629 1868 704; baseline -0.005 -16"><span class='ocrx_word' id='word_1_27' title='bbox 307 638 354 689; x_wconf 91' lang='grc' dir='ltr'><strong>εἱ</strong></span> <span class='ocrx_word' id='word_1_28' title='bbox 406 636 528 704; x_wconf 84' lang='grc' dir='ltr'>μετ’</span> <span class='ocrx_word' id='word_1_29' title='bbox 562 631 1005 698; x_wconf 73' lang='grc' dir='ltr'>ὲκ-εἱνονοὶκοίη·</span> <span class='ocrx_word' id='word_1_30' title='bbox 1039 629 1146 682; x_wconf 82' lang='grc' dir='ltr'>οὐδ’</span> <span class='ocrx_word' id='word_1_31' title='bbox 1183 630 1357 698; x_wconf 83' lang='grc' dir='ltr'>ἀρχῆς</span> <span class='ocrx_word' id='word_1_32' title='bbox 1381 630 1474 688; x_wconf 75' lang='grc' dir='ltr'><strong>καὶ</strong></span> <span class='ocrx_word' id='word_1_33' title='bbox 1522 629 1868 697; x_wconf 76' lang='grc' dir='ltr'><strong>πραγμάτων</strong></span> 
     </span>
    </p>
   </div>
   <div class='ocr_carea' id='block_1_7' title="bbox 307 719 1869 792">
    <p class='ocr_par' dir='ltr' id='par_1_7' title="bbox 307 719 1869 792">
     <span class='ocr_line' id='line_1_7' title="bbox 307 719 1869 792; baseline -0.004 -13"><span class='ocrx_word' id='word_1_34' title='bbox 307 727 399 779; x_wconf 74' lang='grc' dir='ltr'><strong>καὶ</strong></span> <span class='ocrx_word' id='word_1_35' title='bbox 441 723 744 792; x_wconf 78' lang='grc' dir='ltr'><strong>φροντίδων</strong></span> <span class='ocrx_word' id='word_1_36' title='bbox 805 721 1060 782; x_wconf 86' lang='grc' dir='ltr'>κοινωνὸς</span> <span class='ocrx_word' id='word_1_37' title='bbox 1095 719 1320 791; x_wconf 82' lang='grc' dir='ltr'>ὁτῳοῦν,</span> <span class='ocrx_word' id='word_1_38' title='bbox 1347 721 1406 784; x_wconf 80' lang='grc' dir='ltr'>ὃς</span> <span class='ocrx_word' id='word_1_39' title='bbox 1457 721 1732 786; x_wconf 71' lang='grc' dir='ltr'><strong>ἐξεδέξατο</strong></span> <span class='ocrx_word' id='word_1_40' title='bbox 1769 721 1869 790; x_wconf 75' lang='grc' dir='ltr'>τὴν</span> 
     </span>
    </p>
   </div>
   <div class='ocr_carea' id='block_1_8' title="bbox 307 807 1870 882">
    <p class='ocr_par' dir='ltr' id='par_1_8' title="bbox 307 807 1870 882">
     <span class='ocr_line' id='line_1_8' title="bbox 307 807 1870 882; baseline -0.004 -15"><span class='ocrx_word' id='word_1_41' title='bbox 307 814 498 882; x_wconf 79' lang='grc' dir='ltr'>ἀρχὴν,</span> <span class='ocrx_word' id='word_1_42' title='bbox 535 813 658 864; x_wconf 79' lang='grc' dir='ltr'>ἀλλ’</span> <span class='ocrx_word' id='word_1_43' title='bbox 686 811 742 873; x_wconf 77' lang='lat'><strong>6;</strong></span> <span class='ocrx_word' id='word_1_44' title='bbox 771 812 837 864; x_wconf 78' lang='grc' dir='ltr'>ἂν</span> <span class='ocrx_word' id='word_1_45' title='bbox 884 810 1022 880; x_wconf 88' lang='grc' dir='ltr'>πρός</span> <span class='ocrx_word' id='word_1_46' title='bbox 1070 825 1136 876; x_wconf 86' lang='grc' dir='ltr'><strong>γε</strong></span> <span class='ocrx_word' id='word_1_47' title='bbox 1185 809 1265 876; x_wconf 80' lang='grc' dir='ltr'>τῷ</span> <span class='ocrx_word' id='word_1_48' title='bbox 1314 809 1405 860; x_wconf 82' lang='grc' dir='ltr'><strong>τὸν</strong></span> <span class='ocrx_word' id='word_1_49' title='bbox 1449 808 1612 862; x_wconf 77' lang='grc' dir='ltr'>αὐτὸν</span> <span class='ocrx_word' id='word_1_50' title='bbox 1651 807 1870 872; x_wconf 81' lang='grc' dir='ltr'>οἱκῆσαι</span> 
     </span>
    </p>
   </div>
   <div class='ocr_carea' id='block_1_9' title="bbox 307 897 1862 970">
    <p class='ocr_par' dir='ltr' id='par_1_9' title="bbox 307 897 1862 970">
     <span class='ocr_line' id='line_1_9' title="bbox 307 897 1862 970; baseline -0.004 -14"><span class='ocrx_word' id='word_1_51' title='bbox 307 906 471 958; x_wconf 84' lang='grc' dir='ltr'>τόπον</span> <span class='ocrx_word' id='word_1_52' title='bbox 511 904 612 956; x_wconf 75' lang='grc' dir='ltr'>καὶ</span> <span class='ocrx_word' id='word_1_53' title='bbox 643 903 751 956; x_wconf 83' lang='grc' dir='ltr'><strong>τῶν</strong></span> <span class='ocrx_word' id='word_1_54' title='bbox 804 904 986 956; x_wconf 84' lang='grc' dir='ltr'>αὐτῶν</span> <span class='ocrx_word' id='word_1_55' title='bbox 1022 900 1322 970; x_wconf 80' lang='grc' dir='ltr'>προστῆναι</span> <span class='ocrx_word' id='word_1_56' title='bbox 1381 899 1748 968; x_wconf 77' lang='grc' dir='ltr'><strong>πραγμάτων,</strong></span> <span class='ocrx_word' id='word_1_57' title='bbox 1783 897 1862 950; x_wconf 76' lang='grc' dir='ltr'>ἔτι</span> 
     </span>
    </p>
   </div>
   <div class='ocr_carea' id='block_1_10' title="bbox 308 989 1869 1064">
    <p class='ocr_par' dir='ltr' id='par_1_10' title="bbox 308 989 1869 1064">
     <span class='ocr_line' id='line_1_10' title="bbox 308 989 1869 1064; baseline -0.003 -18"><span class='ocrx_word' id='word_1_58' title='bbox 308 994 400 1046; x_wconf 77' lang='grc' dir='ltr'>καὶ</span> <span class='ocrx_word' id='word_1_59' title='bbox 423 993 644 1063; x_wconf 86' lang='grc' dir='ltr'>χρόνοις</span> <span class='ocrx_word' id='word_1_60' title='bbox 666 994 930 1064; x_wconf 83' lang='grc' dir='ltr'>χρήσαιτο</span> <span class='ocrx_word' id='word_1_61' title='bbox 951 993 1269 1056; x_wconf 73' lang='grc' dir='ltr'>τοῖςαύτοῖς</span> <span class='ocrx_word' id='word_1_62' title='bbox 1286 1007 1301 1021; x_wconf 85' lang='grc'>⁶</span> <span class='ocrx_word' id='word_1_63' title='bbox 1332 991 1424 1044; x_wconf 75' lang='grc' dir='ltr'>τὸν</span> <span class='ocrx_word' id='word_1_64' title='bbox 1453 992 1566 1044; x_wconf 73' lang='grc' dir='ltr'>ἴσον</span> <span class='ocrx_word' id='word_1_65' title='bbox 1590 989 1869 1045; x_wconf 78' lang='grc' dir='ltr'>κάνταῦθα</span> 
     </span>
    </p>
   </div>
   <div class='ocr_carea' id='block_1_11' title="bbox 307 1081 1870 1155">
    <p class='ocr_par' dir='ltr' id='par_1_11' title="bbox 307 1081 1870 1155">
     <span class='ocr_line' id='line_1_11' title="bbox 307 1081 1870 1155; baseline -0.002 -18"><span class='ocrx_word' id='word_1_66' title='bbox 307 1086 507 1154; x_wconf 85' lang='grc' dir='ltr'>τρόπον</span> <span class='ocrx_word' id='word_1_67' title='bbox 547 1084 620 1138; x_wconf 79' lang='grc' dir='ltr'>ἂν</span> <span class='ocrx_word' id='word_1_68' title='bbox 650 1087 800 1155; x_wconf 73' lang='grc' dir='ltr'>ἔχοιο</span> <span class='ocrx_word' id='word_1_69' title='bbox 839 1086 931 1139; x_wconf 80' lang='grc' dir='ltr'>καὶ</span> <span class='ocrx_word' id='word_1_70' title='bbox 971 1084 1175 1154; x_wconf 76' lang='grc' dir='ltr'>σαρκδς</span> <span class='ocrx_word' id='word_1_71' title='bbox 1213 1084 1308 1136; x_wconf 71' lang='grc' dir='ltr'>καὶ</span> <span class='ocrx_word' id='word_1_72' title='bbox 1346 1083 1575 1152; x_wconf 81' lang='grc' dir='ltr'>αἵματος</span> <span class='ocrx_word' id='word_1_73' title='bbox 1619 1083 1731 1146; x_wconf 79' lang='grc' dir='ltr'>τοῖς</span> <span class='ocrx_word' id='word_1_74' title='bbox 1771 1081 1870 1148; x_wconf 76' lang='grc' dir='ltr'>μὲν</span> 
     </span>
    </p>
   </div>
   <div class='ocr_carea' id='block_1_12' title="bbox 303 1172 1876 1245">
    <p class='ocr_par' dir='ltr' id='par_1_12' title="bbox 303 1172 1876 1245">
     <span class='ocr_line' id='line_1_12' title="bbox 303 1172 1876 1245; baseline -0.004 -16"><span class='ocrx_word' id='word_1_75' title='bbox 303 1177 698 1244; x_wconf 86' lang='grc' dir='ltr'>γεγεννηκόσιν</span> <span class='ocrx_word' id='word_1_76' title='bbox 741 1177 802 1230; x_wconf 83' lang='grc' dir='ltr'><strong>οὐ</strong></span> <span class='ocrx_word' id='word_1_77' title='bbox 856 1177 1020 1241; x_wconf 87' lang='grc' dir='ltr'>πάνυ,</span> <span class='ocrx_word' id='word_1_78' title='bbox 1073 1176 1148 1245; x_wconf 80' lang='grc' dir='ltr'>μὴ</span> <span class='ocrx_word' id='word_1_79' title='bbox 1197 1174 1289 1227; x_wconf 80' lang='grc' dir='ltr'><strong>τὸν</strong></span> <span class='ocrx_word' id='word_1_80' title='bbox 1335 1173 1496 1226; x_wconf 74' lang='grc' dir='ltr'>αὑτὸν</span> <span class='ocrx_word' id='word_1_81' title='bbox 1546 1173 1678 1241; x_wconf 80' lang='grc' dir='ltr'>ἡμῖν</span> <span class='ocrx_word' id='word_1_82' title='bbox 1733 1172 1876 1223; x_wconf 80' lang='grc' dir='ltr'>αὐτὰ</span> 
     </span>
    </p>
   </div>
   <div class='ocr_carea' id='block_1_13' title="bbox 306 1264 1876 1340">
    <p class='ocr_par' dir='ltr' id='par_1_13' title="bbox 306 1264 1876 1340">
     <span class='ocr_line' id='line_1_13' title="bbox 306 1264 1876 1340; baseline -0.004 -19"><span class='ocrx_word' id='word_1_83' title='bbox 306 1269 644 1340; x_wconf 77' lang='grc' dir='ltr'><strong>μετασχοῦσι</strong></span> <span class='ocrx_word' id='word_1_84' title='bbox 665 1269 879 1339; x_wconf 87' lang='grc' dir='ltr'>χρόνον,</span> <span class='ocrx_word' id='word_1_85' title='bbox 905 1269 984 1338; x_wconf 81' lang='grc' dir='ltr'>τῷ</span> <span class='ocrx_word' id='word_1_86' title='bbox 1004 1267 1226 1336; x_wconf 83' lang='grc' dir='ltr'>Χριστῷ</span> <span class='ocrx_word' id='word_1_87' title='bbox 1249 1267 1306 1320; x_wconf 81' lang='grc' dir='ltr'><strong>δὲ</strong></span> <span class='ocrx_word' id='word_1_88' title='bbox 1333 1266 1404 1328; x_wconf 88' lang='grc' dir='ltr'>ὡς</span> <span class='ocrx_word' id='word_1_89' title='bbox 1438 1264 1655 1334; x_wconf 83' lang='grc' dir='ltr'>άληθῶς</span> <span class='ocrx_word' id='word_1_90' title='bbox 1683 1279 1876 1316; x_wconf 88' lang='grc' dir='ltr'>κοινω-</span> 
     </span>
    </p>
   </div>
   <div class='ocr_carea' id='block_1_14' title="bbox 301 1352 1872 1429">
    <p class='ocr_par' dir='ltr' id='par_1_14' title="bbox 301 1352 1872 1429">
     <span class='ocr_line' id='line_1_14' title="bbox 301 1352 1872 1429; baseline -0.004 -18"><span class='ocrx_word' id='word_1_91' title='bbox 301 1361 522 1428; x_wconf 79' lang='grc' dir='ltr'>νοῦμεν,</span> <span class='ocrx_word' id='word_1_92' title='bbox 562 1361 706 1429; x_wconf 76' lang='grc' dir='ltr'>πρὸς</span> <span class='ocrx_word' id='word_1_93' title='bbox 735 1361 792 1413; x_wconf 83' lang='grc' dir='ltr'>ὃν</span> <span class='ocrx_word' id='word_1_94' title='bbox 818 1361 911 1414; x_wconf 79' lang='grc' dir='ltr'>καὶ</span> <span class='ocrx_word' id='word_1_95' title='bbox 959 1363 1044 1412; x_wconf 63' lang='grc' dir='ltr'><strong>ὁιεὶ⁸</strong></span> <span class='ocrx_word' id='word_1_96' title='bbox 1086 1359 1244 1426; x_wconf 79' lang='grc' dir='ltr'>σῶμα</span> <span class='ocrx_word' id='word_1_97' title='bbox 1284 1356 1378 1409; x_wconf 75' lang='grc' dir='ltr'>καὶ</span> <span class='ocrx_word' id='word_1_98' title='bbox 1423 1352 1561 1425; x_wconf 83' lang='grc' dir='ltr'>αἷμα</span> <span class='ocrx_word' id='word_1_99' title='bbox 1590 1355 1688 1408; x_wconf 77' lang='grc' dir='ltr'><strong>καὶ</strong></span> <span class='ocrx_word' id='word_1_100' title='bbox 1736 1354 1872 1424; x_wconf 86' lang='grc' dir='ltr'>μέλη</span> 
     </span>
    </p>
   </div>
   <div class='ocr_carea' id='block_1_15' title="bbox 301 1447 1872 1508">
    <p class='ocr_par' dir='ltr' id='par_1_15' title="bbox 301 1447 1872 1508">
     <span class='ocr_line' id='line_1_15' title="bbox 301 1447 1872 1508; baseline -0.004 -5"><span class='ocrx_word' id='word_1_101' title='bbox 301 1459 394 1503; x_wconf 86' lang='grc' dir='ltr'><strong>και</strong></span> <span class='ocrx_word' id='word_1_102' title='bbox 425 1451 614 1504; x_wconf 88' lang='grc' dir='ltr'>πάντα</span> <span class='ocrx_word' id='word_1_103' title='bbox 636 1451 807 1504; x_wconf 84' lang='grc' dir='ltr'>ταῦτα</span> <span class='ocrx_word' id='word_1_104' title='bbox 837 1451 1008 1504; x_wconf 81' lang='grc' dir='ltr'>καινά.</span> <span class='ocrx_word' id='word_1_105' title='bbox 1042 1449 1179 1502; x_wconf 84' lang='grc' dir='ltr'><strong>Εἱδὲ</strong></span> <span class='ocrx_word' id='word_1_106' title='bbox 1208 1448 1365 1501; x_wconf 83' lang='grc' dir='ltr'>τοῦτο</span> <span class='ocrx_word' id='word_1_107' title='bbox 1393 1449 1538 1500; x_wconf 83' lang='grc' dir='ltr'>ποιεῖ</span> <span class='ocrx_word' id='word_1_108' title='bbox 1563 1447 1634 1499; x_wconf 83' lang='grc' dir='ltr'>τὰ</span> <span class='ocrx_word' id='word_1_109' title='bbox 1663 1447 1872 1508; x_wconf 85' lang='grc' dir='ltr'>παιδία,</span> 
     </span>
    </p>
   </div>
   <div class='ocr_carea' id='block_1_16' title="bbox 293 1537 1876 1612">
    <p class='ocr_par' dir='ltr' id='par_1_16' title="bbox 293 1537 1876 1612">
     <span class='ocr_line' id='line_1_16' title="bbox 293 1537 1876 1612; baseline -0.005 -16"><span class='ocrx_word' id='word_1_110' title='bbox 293 1544 354 1596; x_wconf 71' lang='grc' dir='ltr'>τὸ</span> <span class='ocrx_word' id='word_1_111' title='bbox 393 1544 741 1611; x_wconf 80' lang='grc' dir='ltr'>κοινωνῆσαι</span> <span class='ocrx_word' id='word_1_112' title='bbox 772 1541 976 1612; x_wconf 79' lang='grc' dir='ltr'>σαρκὸς</span> <span class='ocrx_word' id='word_1_113' title='bbox 1006 1541 1100 1594; x_wconf 75' lang='grc' dir='ltr'>καὶ</span> <span class='ocrx_word' id='word_1_114' title='bbox 1135 1540 1390 1608; x_wconf 75' lang='grc' dir='ltr'>αἵματος,</span> <span class='ocrx_word' id='word_1_115' title='bbox 1417 1537 1576 1607; x_wconf 81' lang='grc' dir='ltr'>δῆλον</span> <span class='ocrx_word' id='word_1_116' title='bbox 1609 1537 1876 1590; x_wconf 79' lang='grc' dir='ltr'>καθέστα-</span> 
     </span>
    </p>
   </div>
   <div class='ocr_carea' id='block_1_17' title="bbox 299 1624 1878 1700">
    <p class='ocr_par' dir='ltr' id='par_1_17' title="bbox 299 1624 1878 1700">
     <span class='ocr_line' id='line_1_17' title="bbox 299 1624 1878 1700; baseline -0.003 -18"><span class='ocrx_word' id='word_1_117' title='bbox 299 1647 395 1699; x_wconf 88' lang='grc' dir='ltr'><strong>μεν</strong></span> <span class='ocrx_word' id='word_1_118' title='bbox 426 1630 584 1700; x_wconf 75' lang='grc' dir='ltr'>πρὸς</span> <span class='ocrx_word' id='word_1_119' title='bbox 604 1634 694 1682; x_wconf 66' lang='grc' dir='ltr'>τὸν</span> <span class='ocrx_word' id='word_1_120' title='bbox 719 1625 948 1698; x_wconf 79' lang='grc' dir='ltr'><strong>Σωτῆρα</strong></span> <span class='ocrx_word' id='word_1_121' title='bbox 976 1627 1400 1697; x_wconf 77' lang='grc' dir='ltr'>συγγενέστερον</span> <span class='ocrx_word' id='word_1_122' title='bbox 1421 1626 1635 1695; x_wconf 76' lang='grc' dir='ltr'>ἔχοντες</span> <span class='ocrx_word' id='word_1_123' title='bbox 1655 1625 1762 1680; x_wconf 80' lang='grc' dir='ltr'>ἀπὸ</span> <span class='ocrx_word' id='word_1_124' title='bbox 1781 1624 1878 1694; x_wconf 83' lang='grc' dir='ltr'>τῆς</span> 
     </span>
    </p>
   </div>
   <div class='ocr_carea' id='block_1_18' title="bbox 298 1717 1878 1793">
    <p class='ocr_par' dir='ltr' id='par_1_18' title="bbox 298 1717 1878 1793">
     <span class='ocr_line' id='line_1_18' title="bbox 298 1717 1878 1793; baseline -0.003 -19"><span class='ocrx_word' id='word_1_125' title='bbox 298 1722 595 1793; x_wconf 66' lang='grc' dir='ltr'>τραπέζης</span> <span class='ocrx_word' id='word_1_126' title='bbox 641 1722 674 1791; x_wconf 82' lang='grc' dir='ltr'><strong>ἢ</strong></span> <span class='ocrx_word' id='word_1_127' title='bbox 713 1723 816 1790; x_wconf 83' lang='grc' dir='ltr'><strong>τῆς</strong></span> <span class='ocrx_word' id='word_1_128' title='bbox 855 1721 1071 1789; x_wconf 85' lang='grc' dir='ltr'>φύσεως</span> <span class='ocrx_word' id='word_1_129' title='bbox 1122 1721 1256 1789; x_wconf 77' lang='grc' dir='ltr'>πρὸς</span> <span class='ocrx_word' id='word_1_130' title='bbox 1306 1721 1433 1782; x_wconf 79' lang='grc' dir='ltr'>τοὺς</span> <span class='ocrx_word' id='word_1_131' title='bbox 1472 1717 1878 1786; x_wconf 79' lang='grc' dir='ltr'><strong>γεγεννηκότας</strong></span> 
     </span>
    </p>
   </div>
   <div class='ocr_carea' id='block_1_19' title="bbox 1971 627 3525 695">
    <p class='ocr_par' dir='ltr' id='par_1_19' title="bbox 1971 627 3525 695">
     <span class='ocr_line' id='line_1_19' title="bbox 1971 627 3525 695; baseline -0.005 -10"><span class='ocrx_word' id='word_1_132' title='bbox 1971 631 2180 685; x_wconf 88' lang='lat' dir='ltr'><strong>munio.</strong></span> <span class='ocrx_word' id='word_1_133' title='bbox 2207 627 2361 682; x_wconf 90' lang='lat' dir='ltr'><strong>Sicut</strong></span> <span class='ocrx_word' id='word_1_134' title='bbox 2386 629 2528 681; x_wconf 90' lang='lat' dir='ltr'><strong>enim</strong></span> <span class='ocrx_word' id='word_1_135' title='bbox 2558 641 2662 680; x_wconf 91' lang='lat' dir='ltr'><strong>non</strong></span> <span class='ocrx_word' id='word_1_136' title='bbox 2690 634 2833 682; x_wconf 87' lang='lat' dir='ltr'><strong>esset</strong></span> <span class='ocrx_word' id='word_1_137' title='bbox 2861 629 2984 695; x_wconf 87' lang='lat' dir='ltr'><strong>quis</strong></span> <span class='ocrx_word' id='word_1_138' title='bbox 3019 627 3426 680; x_wconf 72' lang='lat' dir='ltr'><strong>contubernalis</strong></span> <span class='ocrx_word' id='word_1_139' title='bbox 3451 628 3525 692; x_wconf 90' lang='lat' dir='ltr'><strong>ei,</strong></span> 
     </span>
    </p>
   </div>
   <div class='ocr_carea' id='block_1_20' title="bbox 1971 716 3524 788">
    <p class='ocr_par' dir='ltr' id='par_1_20' title="bbox 1971 716 3524 788">
     <span class='ocr_line' id='line_1_20' title="bbox 1971 716 3524 788; baseline -0.003 -13"><span class='ocrx_word' id='word_1_140' title='bbox 1971 736 2092 776; x_wconf 90' lang='lat' dir='ltr'><strong>cum</strong></span> <span class='ocrx_word' id='word_1_141' title='bbox 2118 733 2225 788; x_wconf 88' lang='lat' dir='ltr'><strong>quo</strong></span> <span class='ocrx_word' id='word_1_142' title='bbox 2252 718 2497 772; x_wconf 85' lang='lat' dir='ltr'><strong>eamdem</strong></span> <span class='ocrx_word' id='word_1_143' title='bbox 2529 718 2748 770; x_wconf 91' lang='lat' dir='ltr'><strong>domum</strong></span> <span class='ocrx_word' id='word_1_144' title='bbox 2791 717 3076 775; x_wconf 78' lang='lat' dir='ltr'><strong>habitaret.</strong></span> <span class='ocrx_word' id='word_1_145' title='bbox 3129 717 3174 772; x_wconf 94' lang='lat' dir='ltr'><strong>si</strong></span> <span class='ocrx_word' id='word_1_146' title='bbox 3207 726 3326 784; x_wconf 85' lang='lat' dir='ltr'><strong>post</strong></span> <span class='ocrx_word' id='word_1_147' title='bbox 3376 716 3524 770; x_wconf 87' lang='lat' dir='ltr'><strong>illum</strong></span> 
     </span>
    </p>
   </div>
   <div class='ocr_carea' id='block_1_21' title="bbox 1973 807 3530 886">
    <p class='ocr_par' dir='ltr' id='par_1_21' title="bbox 1973 807 3530 886">
     <span class='ocr_line' id='line_1_21' title="bbox 1973 807 3530 886; baseline -0.003 -21"><span class='ocrx_word' id='word_1_148' title='bbox 1973 811 2260 886; x_wconf 72' lang='lat' dir='ltr'><strong>habitaret,</strong></span> <span class='ocrx_word' id='word_1_149' title='bbox 2296 824 2396 862; x_wconf 89' lang='lat' dir='ltr'><strong>nec</strong></span> <span class='ocrx_word' id='word_1_150' title='bbox 2455 808 2802 876; x_wconf 75' lang='lat' dir='ltr'><strong>magistratus</strong></span> <span class='ocrx_word' id='word_1_151' title='bbox 2822 818 2874 861; x_wconf 93' lang='lat' dir='ltr'><strong>et</strong></span> <span class='ocrx_word' id='word_1_152' title='bbox 2929 807 3238 876; x_wconf 74' lang='lat' dir='ltr'><strong>reipublicae</strong></span> <span class='ocrx_word' id='word_1_153' title='bbox 3275 808 3530 860; x_wconf 75' lang='lat' dir='ltr'><strong>curanda:</strong></span> 
     </span>
    </p>
   </div>
   <div class='ocr_carea' id='block_1_22' title="bbox 1970 896 3530 969">
    <p class='ocr_par' dir='ltr' id='par_1_22' title="bbox 1970 896 3530 969">
     <span class='ocr_line' id='line_1_22' title="bbox 1970 896 3530 969; baseline -0.006 -10"><span class='ocrx_word' id='word_1_154' title='bbox 1970 904 2158 959; x_wconf 89' lang='lat' dir='ltr'><strong>socius</strong></span> <span class='ocrx_word' id='word_1_155' title='bbox 2204 900 2385 964; x_wconf 88' lang='lat' dir='ltr'><strong>alicui,</strong></span> <span class='ocrx_word' id='word_1_156' title='bbox 2452 899 2548 969; x_wconf 86' lang='lat' dir='ltr'><strong>qui</strong></span> <span class='ocrx_word' id='word_1_157' title='bbox 2594 899 2967 968; x_wconf 75' lang='lat' dir='ltr'><strong>magistratum</strong></span> <span class='ocrx_word' id='word_1_158' title='bbox 2997 906 3120 966; x_wconf 89' lang='lat' dir='ltr'><strong>post</strong></span> <span class='ocrx_word' id='word_1_159' title='bbox 3181 896 3335 950; x_wconf 92' lang='lat' dir='ltr'><strong>illum</strong></span> <span class='ocrx_word' id='word_1_160' title='bbox 3369 910 3530 950; x_wconf 86' lang='lat' dir='ltr'><strong>ncce-</strong></span> 
     </span>
    </p>
   </div>
   <div class='ocr_carea' id='block_1_23' title="bbox 1972 987 3532 1064">
    <p class='ocr_par' dir='ltr' id='par_1_23' title="bbox 1972 987 3532 1064">
     <span class='ocr_line' id='line_1_23' title="bbox 1972 987 3532 1064; baseline -0.006 -15"><span class='ocrx_word' id='word_1_161' title='bbox 1972 997 2158 1064; x_wconf 81' lang='lat' dir='ltr'><strong>pisset,</strong></span> <span class='ocrx_word' id='word_1_162' title='bbox 2221 993 2318 1048; x_wconf 89' lang='lat' dir='ltr'><strong>sed</strong></span> <span class='ocrx_word' id='word_1_163' title='bbox 2371 991 2487 1061; x_wconf 88' lang='lat' dir='ltr'><strong>qui,</strong></span> <span class='ocrx_word' id='word_1_164' title='bbox 2542 1000 2898 1060; x_wconf 72' lang='lat' dir='ltr'><strong>praeterquam</strong></span> <span class='ocrx_word' id='word_1_165' title='bbox 2957 988 3101 1059; x_wconf 90' lang='lat' dir='ltr'><strong>quod</strong></span> <span class='ocrx_word' id='word_1_166' title='bbox 3145 990 3334 1042; x_wconf 88' lang='lat' dir='ltr'><strong>eodem</strong></span> <span class='ocrx_word' id='word_1_167' title='bbox 3369 987 3532 1041; x_wconf 91' lang='lat' dir='ltr'><strong>modo</strong></span> 
     </span>
    </p>
   </div>
   <div class='ocr_carea' id='block_1_24' title="bbox 1971 1066 3534 1148">
    <p class='ocr_par' dir='ltr' id='par_1_24' title="bbox 1971 1066 3534 1148">
     <span class='ocr_line' id='line_1_24' title="bbox 1971 1066 3534 1148; baseline -0.003 -9"><span class='ocrx_word' id='word_1_168' title='bbox 1971 1085 2115 1140; x_wconf 68' lang='lat' dir='ltr'><strong>aedes</strong></span> <span class='ocrx_word' id='word_1_169' title='bbox 2167 1083 2384 1138; x_wconf 87' lang='lat' dir='ltr'><strong>easdem</strong></span> <span class='ocrx_word' id='word_1_170' title='bbox 2423 1081 2708 1144; x_wconf 81' lang='lat' dir='ltr'><strong>incoleret,</strong></span> <span class='ocrx_word' id='word_1_171' title='bbox 2757 1089 2814 1134; x_wconf 87' lang='lat' dir='ltr'><strong>et</strong></span> <span class='ocrx_word' id='word_1_172' title='bbox 2859 1080 3050 1134; x_wconf 84' lang='lat' dir='ltr'><strong>iisdem</strong></span> <span class='ocrx_word' id='word_1_173' title='bbox 3106 1094 3324 1148; x_wconf 89' lang='lat' dir='ltr'><strong>quoque</strong></span> <span class='ocrx_word' id='word_1_174' title='bbox 3368 1066 3534 1134; x_wconf 81' lang='lat' dir='ltr'><strong>rebus</strong></span> 
     </span>
    </p>
   </div>
   <div class='ocr_carea' id='block_1_25' title="bbox 1973 1169 3534 1243">
    <p class='ocr_par' dir='ltr' id='par_1_25' title="bbox 1973 1169 3534 1243">
     <span class='ocr_line' id='line_1_25' title="bbox 1973 1169 3534 1243; baseline -0.005 -11"><span class='ocrx_word' id='word_1_175' title='bbox 1973 1191 2095 1232; x_wconf 90' lang='lat' dir='ltr'><strong>cum</strong></span> <span class='ocrx_word' id='word_1_176' title='bbox 2125 1175 2350 1243; x_wconf 87' lang='lat' dir='ltr'><strong>imperio</strong></span> <span class='ocrx_word' id='word_1_177' title='bbox 2385 1179 2662 1242; x_wconf 69' lang='lat' dir='ltr'><strong>praeesset,</strong></span> <span class='ocrx_word' id='word_1_178' title='bbox 2707 1173 2872 1226; x_wconf 85' lang='lat' dir='ltr'><strong>etiam</strong></span> <span class='ocrx_word' id='word_1_179' title='bbox 2902 1169 3091 1225; x_wconf 87' lang='lat' dir='ltr'><strong>eodem</strong></span> <span class='ocrx_word' id='word_1_180' title='bbox 3129 1180 3366 1238; x_wconf 89' lang='lat' dir='ltr'><strong>tempore</strong></span> <span class='ocrx_word' id='word_1_181' title='bbox 3393 1186 3534 1238; x_wconf 76' lang='lat' dir='ltr'><strong>pra:-</strong></span> 
     </span>
    </p>
   </div>
   <div class='ocr_carea' id='block_1_26' title="bbox 1973 1259 3537 1323">
    <p class='ocr_par' dir='ltr' id='par_1_26' title="bbox 1973 1259 3537 1323">
     <span class='ocr_line' id='line_1_26' title="bbox 1973 1259 3537 1323; baseline -0.006 0"><span class='ocrx_word' id='word_1_182' title='bbox 1973 1275 2151 1323; x_wconf 88' lang='lat' dir='ltr'><strong>esset:</strong></span> <span class='ocrx_word' id='word_1_183' title='bbox 2196 1264 2288 1318; x_wconf 89' lang='lat' dir='ltr'><strong>tali</strong></span> <span class='ocrx_word' id='word_1_184' title='bbox 2323 1265 2482 1318; x_wconf 90' lang='lat' dir='ltr'><strong>modo</strong></span> <span class='ocrx_word' id='word_1_185' title='bbox 2537 1279 2596 1319; x_wconf 90' lang='lat' dir='ltr'><strong>se</strong></span> <span class='ocrx_word' id='word_1_186' title='bbox 2624 1277 2712 1318; x_wconf 87' lang='lat' dir='ltr'><strong>res</strong></span> <span class='ocrx_word' id='word_1_187' title='bbox 2755 1263 2842 1316; x_wconf 92' lang='lat' dir='ltr'><strong>hic</strong></span> <span class='ocrx_word' id='word_1_188' title='bbox 2902 1261 3086 1315; x_wconf 83' lang='lat' dir='ltr'><strong>habet.</strong></span> <span class='ocrx_word' id='word_1_189' title='bbox 3121 1259 3253 1314; x_wconf 81' lang='lat' dir='ltr'><strong>Nam</strong></span> <span class='ocrx_word' id='word_1_190' title='bbox 3292 1276 3454 1314; x_wconf 88' lang='lat' dir='ltr'><strong>carne</strong></span> <span class='ocrx_word' id='word_1_191' title='bbox 3482 1271 3537 1316; x_wconf 92' lang='lat' dir='ltr'><strong>et</strong></span> 
     </span>
    </p>
   </div>
   <div class='ocr_carea' id='block_1_27' title="bbox 1973 1351 3537 1425">
    <p class='ocr_par' dir='ltr' id='par_1_27' title="bbox 1973 1351 3537 1425">
     <span class='ocr_line' id='line_1_27' title="bbox 1973 1351 3537 1425; baseline -0.006 -11"><span class='ocrx_word' id='word_1_192' title='bbox 1973 1357 2236 1425; x_wconf 79' lang='lat' dir='ltr'><strong>sanguine</strong></span> <span class='ocrx_word' id='word_1_193' title='bbox 2269 1370 2374 1408; x_wconf 91' lang='lat' dir='ltr'><strong>non</strong></span> <span class='ocrx_word' id='word_1_194' title='bbox 2405 1355 2695 1408; x_wconf 83' lang='lat' dir='ltr'><strong>admodum</strong></span> <span class='ocrx_word' id='word_1_195' title='bbox 2739 1368 2861 1408; x_wconf 90' lang='lat' dir='ltr'><strong>cum</strong></span> <span class='ocrx_word' id='word_1_196' title='bbox 2919 1351 3238 1420; x_wconf 84' lang='lat' dir='ltr'><strong>parentibus</strong></span> <span class='ocrx_word' id='word_1_197' title='bbox 3278 1366 3400 1416; x_wconf 90' lang='lat' dir='ltr'><strong>nos,</strong></span> <span class='ocrx_word' id='word_1_198' title='bbox 3435 1367 3537 1405; x_wconf 90' lang='lat' dir='ltr'><strong>nec</strong></span> 
     </span>
    </p>
   </div>
   <div class='ocr_carea' id='block_1_28' title="bbox 1974 1441 3533 1516">
    <p class='ocr_par' dir='ltr' id='par_1_28' title="bbox 1974 1441 3533 1516">
     <span class='ocr_line' id='line_1_28' title="bbox 1974 1441 3533 1516; baseline -0.006 -13"><span class='ocrx_word' id='word_1_199' title='bbox 1974 1451 2162 1504; x_wconf 88' lang='lat' dir='ltr'><strong>eodem</strong></span> <span class='ocrx_word' id='word_1_200' title='bbox 2193 1458 2434 1516; x_wconf 85' lang='lat' dir='ltr'><strong>tempore</strong></span> <span class='ocrx_word' id='word_1_201' title='bbox 2454 1446 2509 1499; x_wconf 90' lang='lat' dir='ltr'><strong>in</strong></span> <span class='ocrx_word' id='word_1_202' title='bbox 2536 1444 2620 1499; x_wconf 90' lang='lat' dir='ltr'><strong>his</strong></span> <span class='ocrx_word' id='word_1_203' title='bbox 2644 1444 2928 1498; x_wconf 81' lang='lat' dir='ltr'><strong>nobiscum</strong></span> <span class='ocrx_word' id='word_1_204' title='bbox 2964 1441 3062 1510; x_wconf 87' lang='lat' dir='ltr'><strong>ipsi</strong></span> <span class='ocrx_word' id='word_1_205' title='bbox 3099 1441 3533 1516; x_wconf 85' lang='lat' dir='ltr'><strong>communicant.</strong></span> 
     </span>
    </p>
   </div>
   <div class='ocr_carea' id='block_1_29' title="bbox 1976 1512 3538 1599">
    <p class='ocr_par' dir='ltr' id='par_1_29' title="bbox 1976 1512 3538 1599">
     <span class='ocr_line' id='line_1_29' title="bbox 1976 1512 3538 1599; baseline -0.005 -7"><span class='ocrx_word' id='word_1_206' title='bbox 1976 1539 2194 1592; x_wconf 84' lang='lat' dir='ltr'><strong>Christo</strong></span> <span class='ocrx_word' id='word_1_207' title='bbox 2231 1545 2411 1592; x_wconf 86' lang='lat' dir='ltr'><strong>autem</strong></span> <span class='ocrx_word' id='word_1_208' title='bbox 2453 1550 2641 1588; x_wconf 84' lang='lat' dir='ltr'><strong>revera</strong></span> <span class='ocrx_word' id='word_1_209' title='bbox 2689 1531 3181 1594; x_wconf 65' lang='lat' dir='ltr'><strong>communicaturus,</strong></span> <span class='ocrx_word' id='word_1_210' title='bbox 3205 1512 3218 1521; x_wconf 59' lang='grc'><em>’</em></span> <span class='ocrx_word' id='word_1_211' title='bbox 3247 1545 3370 1585; x_wconf 83' lang='grc' dir='ltr'>ευιιι</span> <span class='ocrx_word' id='word_1_212' title='bbox 3427 1546 3538 1599; x_wconf 87' lang='lat' dir='ltr'><strong>quo</strong></span> 
     </span>
    </p>
   </div>
   <div class='ocr_carea' id='block_1_30' title="bbox 1976 1622 3540 1699">
    <p class='ocr_par' dir='ltr' id='par_1_30' title="bbox 1976 1622 3540 1699">
     <span class='ocr_line' id='line_1_30' title="bbox 1976 1622 3540 1699; baseline -0.006 -14"><span class='ocrx_word' id='word_1_213' title='bbox 1976 1622 2195 1699; x_wconf 63' lang='lat' dir='ltr'><strong>semper</strong></span> <span class='ocrx_word' id='word_1_214' title='bbox 2219 1636 2274 1683; x_wconf 86' lang='lat' dir='ltr'><strong>et</strong></span> <span class='ocrx_word' id='word_1_215' title='bbox 2337 1642 2559 1695; x_wconf 88' lang='lat' dir='ltr'><strong>corpus.</strong></span> <span class='ocrx_word' id='word_1_216' title='bbox 2591 1635 2645 1680; x_wconf 74' lang='lat' dir='ltr'><strong>et</strong></span> <span class='ocrx_word' id='word_1_217' title='bbox 2677 1625 3019 1694; x_wconf 87' lang='lat' dir='ltr'><strong>sanguinem,</strong></span> <span class='ocrx_word' id='word_1_218' title='bbox 3051 1632 3105 1676; x_wconf 92' lang='lat' dir='ltr'><strong>et</strong></span> <span class='ocrx_word' id='word_1_219' title='bbox 3168 1623 3440 1684; x_wconf 90' lang='lat' dir='ltr'><strong>membra.</strong></span> <span class='ocrx_word' id='word_1_220' title='bbox 3486 1633 3540 1675; x_wconf 88' lang='lat' dir='ltr'><strong>et</strong></span> 
     </span>
    </p>
   </div>
   <div class='ocr_carea' id='block_1_31' title="bbox 1975 1711 3538 1778">
    <p class='ocr_par' dir='ltr' id='par_1_31' title="bbox 1975 1711 3538 1778">
     <span class='ocr_line' id='line_1_31' title="bbox 1975 1711 3538 1778; baseline -0.006 -2"><span class='ocrx_word' id='word_1_221' title='bbox 1975 1721 2156 1776; x_wconf 87' lang='lat' dir='ltr'><strong>omnia</strong></span> <span class='ocrx_word' id='word_1_222' title='bbox 2191 1720 2305 1773; x_wconf 67' lang='lat' dir='ltr'><strong>haec</strong></span> <span class='ocrx_word' id='word_1_223' title='bbox 2335 1717 2597 1771; x_wconf 84' lang='lat' dir='ltr'><strong>habemus</strong></span> <span class='ocrx_word' id='word_1_224' title='bbox 2628 1713 2965 1768; x_wconf 88' lang='lat' dir='ltr'><strong>communia.</strong></span> <span class='ocrx_word' id='word_1_225' title='bbox 2996 1711 3150 1778; x_wconf 86' lang='lat' dir='ltr'><strong>Quod</strong></span> <span class='ocrx_word' id='word_1_226' title='bbox 3179 1713 3226 1767; x_wconf 93' lang='lat' dir='ltr'><strong>si</strong></span> <span class='ocrx_word' id='word_1_227' title='bbox 3263 1712 3367 1765; x_wconf 92' lang='lat' dir='ltr'><strong>hoc</strong></span> <span class='ocrx_word' id='word_1_228' title='bbox 3400 1711 3538 1766; x_wconf 92' lang='lat' dir='ltr'><strong>ﬁlios</strong></span> 
     </span>
    </p>
   </div>
   <div class='ocr_carea' id='block_1_32' title="bbox 299 1803 1889 1882">
    <p class='ocr_par' dir='ltr' id='par_1_32' title="bbox 299 1810 1876 1882">
     <span class='ocr_line' id='line_1_32' title="bbox 299 1810 1876 1882; baseline -0.003 -18"><span class='ocrx_word' id='word_1_229' title='bbox 299 1814 496 1876; x_wconf 82' lang='grc' dir='ltr'>αὐτούς</span> <span class='ocrx_word' id='word_1_230' title='bbox 528 1831 548 1846; x_wconf 74' lang='grc' dir='ltr'><strong>ο</strong></span> <span class='ocrx_word' id='word_1_231' title='bbox 596 1815 676 1865; x_wconf 77' lang='grc' dir='ltr'>ἔτι</span> <span class='ocrx_word' id='word_1_232' title='bbox 705 1815 884 1866; x_wconf 83' lang='grc' dir='ltr'>τοίνυν</span> <span class='ocrx_word' id='word_1_233' title='bbox 907 1814 1004 1882; x_wconf 81' lang='grc' dir='ltr'>οὐχ</span> <span class='ocrx_word' id='word_1_234' title='bbox 1040 1810 1187 1875; x_wconf 74' lang='grc' dir='ltr'>ἅπαξ</span> <span class='ocrx_word' id='word_1_235' title='bbox 1211 1810 1435 1876; x_wconf 80' lang='grc' dir='ltr'>ζωὼσας</span> <span class='ocrx_word' id='word_1_236' title='bbox 1466 1810 1655 1880; x_wconf 75' lang='grc' dir='ltr'>ὥσπερ</span> <span class='ocrx_word' id='word_1_237' title='bbox 1679 1811 1876 1862; x_wconf 72' lang='grc' dir='ltr'>ἐκεῖνοι</span> 
     </span>
    </p>
   </div>
   <div class='ocr_carea' id='block_1_33' title="bbox 1989 1803 3539 1882">
    <p class='ocr_par' dir='ltr' id='par_1_33' title="bbox 1989 1803 3539 1876">
     <span class='ocr_line' id='line_1_33' title="bbox 1989 1803 3539 1876; baseline -0.008 -9"><span class='ocrx_word' id='word_1_238' title='bbox 1989 1813 2160 1876; x_wconf 68' lang='lat' dir='ltr'><strong>allicit,</strong></span> <span class='ocrx_word' id='word_1_239' title='bbox 2191 1809 2598 1865; x_wconf 87' lang='lat' dir='ltr'><strong>communicare</strong></span> <span class='ocrx_word' id='word_1_240' title='bbox 2653 1821 2817 1860; x_wconf 90' lang='lat' dir='ltr'><strong>carne</strong></span> <span class='ocrx_word' id='word_1_241' title='bbox 2844 1813 2899 1860; x_wconf 90' lang='lat' dir='ltr'><strong>et</strong></span> <span class='ocrx_word' id='word_1_242' title='bbox 2927 1803 3212 1873; x_wconf 81' lang='lat' dir='ltr'><strong>sanguine,</strong></span> <span class='ocrx_word' id='word_1_243' title='bbox 3257 1817 3358 1858; x_wconf 90' lang='lat' dir='ltr'><strong>nos</strong></span> <span class='ocrx_word' id='word_1_244' title='bbox 3417 1817 3539 1855; x_wconf 81' lang='lat' dir='ltr'><strong>ma-</strong></span> 
     </span>
    </p>
   </div>
   <div class='ocr_carea' id='block_1_34' title="bbox 303 1877 1889 1976">
    <p class='ocr_par' dir='ltr' id='par_1_34' title="bbox 303 1877 1873 1976">
     <span class='ocr_line' id='line_1_34' title="bbox 303 1877 1873 1976; baseline -0.002 -20"><span class='ocrx_word' id='word_1_245' title='bbox 303 1909 398 1958; x_wconf 71' lang='grc' dir='ltr'><strong>καὶ</strong></span> <span class='ocrx_word' id='word_1_246' title='bbox 438 1908 860 1976; x_wconf 74' lang='grc' dir='ltr'><strong>συστησάμενος</strong></span> <span class='ocrx_word' id='word_1_247' title='bbox 894 1877 1208 1974; x_wconf 70' lang='grc' dir='ltr'>ἀπηλλάγη,</span> <span class='ocrx_word' id='word_1_248' title='bbox 1243 1905 1358 1958; x_wconf 74' lang='grc' dir='ltr'>ἀλλ’</span> <span class='ocrx_word' id='word_1_249' title='bbox 1389 1905 1477 1956; x_wconf 78' lang='grc' dir='ltr'><strong>ἀεὶ</strong></span> <span class='ocrx_word' id='word_1_250' title='bbox 1516 1877 1748 1974; x_wconf 80' lang='grc' dir='ltr'>πάρεστι</span> <span class='ocrx_word' id='word_1_251' title='bbox 1780 1902 1873 1955; x_wconf 76' lang='grc' dir='ltr'>καὶ</span> 
     </span>
    </p>
   </div>
   <div class='ocr_carea' id='block_1_35' title="bbox 1989 1877 3596 1976">
    <p class='ocr_par' dir='ltr' id='par_1_35' title="bbox 1989 1895 3596 1968">
     <span class='ocr_line' id='line_1_35' title="bbox 1989 1895 3596 1968; baseline -0.007 -12"><span class='ocrx_word' id='word_1_252' title='bbox 1989 1904 2094 1967; x_wconf 84' lang='lat' dir='ltr'><strong>iore</strong></span> <span class='ocrx_word' id='word_1_253' title='bbox 2122 1899 2442 1968; x_wconf 77' lang='lat' dir='ltr'><strong>cognatione</strong></span> <span class='ocrx_word' id='word_1_254' title='bbox 2468 1911 2594 1951; x_wconf 91' lang='lat' dir='ltr'><strong>cum</strong></span> <span class='ocrx_word' id='word_1_255' title='bbox 2625 1895 2908 1950; x_wconf 85' lang='lat' dir='ltr'><strong>Salvatore</strong></span> <span class='ocrx_word' id='word_1_256' title='bbox 2939 1909 3032 1963; x_wconf 88' lang='lat' dir='ltr'><strong>per</strong></span> <span class='ocrx_word' id='word_1_257' title='bbox 3055 1907 3266 1947; x_wconf 88' lang='lat' dir='ltr'><strong>sacram</strong></span> <span class='ocrx_word' id='word_1_258' title='bbox 3296 1907 3538 1947; x_wconf 86' lang='lat' dir='ltr'><strong>mensam</strong></span> <span class='ocrx_word' id='word_1_259' title='bbox 3591 1903 3596 1908; x_wconf 89' lang='lat'><strong>&#39;</strong></span> 
     </span>
    </p>
   </div>
   <div class='ocr_carea' id='block_1_36' title="bbox 303 1994 1874 2068">
    <p class='ocr_par' dir='ltr' id='par_1_36' title="bbox 303 1994 1874 2068">
     <span class='ocr_line' id='line_1_36' title="bbox 303 1994 1874 2068; baseline -0.001 -18"><span class='ocrx_word' id='word_1_260' title='bbox 303 1999 537 2068; x_wconf 76' lang='grc' dir='ltr'>ἥνωται,</span> <span class='ocrx_word' id='word_1_261' title='bbox 576 2002 668 2053; x_wconf 78' lang='grc' dir='ltr'><strong>καὶ</strong></span> <span class='ocrx_word' id='word_1_262' title='bbox 720 1999 896 2068; x_wconf 88' lang='grc' dir='ltr'>τούτῳ</span> <span class='ocrx_word' id='word_1_263' title='bbox 951 1997 1099 2065; x_wconf 81' lang='grc' dir='ltr'>αὐτῷ</span> <span class='ocrx_word' id='word_1_264' title='bbox 1145 1999 1285 2061; x_wconf 70' lang='grc' dir='ltr'>ζωοί</span> <span class='ocrx_word' id='word_1_265' title='bbox 1325 1998 1420 2049; x_wconf 72' lang='grc' dir='ltr'>καὶ</span> <span class='ocrx_word' id='word_1_266' title='bbox 1467 1997 1747 2065; x_wconf 83' lang='grc' dir='ltr'>συνίστησι</span> <span class='ocrx_word' id='word_1_267' title='bbox 1796 1994 1874 2064; x_wconf 87' lang='grc' dir='ltr'>τῷ</span> 
     </span>
    </p>
   </div>
   <div class='ocr_carea' id='block_1_37' title="bbox 307 2086 1874 2160">
    <p class='ocr_par' dir='ltr' id='par_1_37' title="bbox 307 2086 1874 2160">
     <span class='ocr_line' id='line_1_37' title="bbox 307 2086 1874 2160; baseline -0.004 -18"><span class='ocrx_word' id='word_1_268' title='bbox 307 2095 586 2160; x_wconf 80' lang='grc' dir='ltr'>παρεῖναι.</span> <span class='ocrx_word' id='word_1_269' title='bbox 621 2091 727 2147; x_wconf 78' lang='grc' dir='ltr'>Καὶ</span> <span class='ocrx_word' id='word_1_270' title='bbox 779 2091 892 2142; x_wconf 83' lang='grc' dir='ltr'>τῶν</span> <span class='ocrx_word' id='word_1_271' title='bbox 932 2089 1030 2159; x_wconf 78' lang='grc' dir='ltr'>μὲν</span> <span class='ocrx_word' id='word_1_272' title='bbox 1061 2088 1468 2156; x_wconf 81' lang='grc' dir='ltr'>γεγεννηκότων</span> <span class='ocrx_word' id='word_1_273' title='bbox 1497 2086 1874 2155; x_wconf 79' lang='grc' dir='ltr'>ἀφεστηκότας</span> 
     </span>
    </p>
   </div>
   <div class='ocr_carea' id='block_1_38' title="bbox 307 2175 1876 2251">
    <p class='ocr_par' dir='ltr' id='par_1_38' title="bbox 307 2175 1876 2251">
     <span class='ocr_line' id='line_1_38' title="bbox 307 2175 1876 2251; baseline -0.003 -18"><span class='ocrx_word' id='word_1_274' title='bbox 307 2183 464 2236; x_wconf 78' lang='grc' dir='ltr'>οὐδὲν</span> <span class='ocrx_word' id='word_1_275' title='bbox 497 2183 694 2236; x_wconf 82' lang='grc' dir='ltr'>κωλύει</span> <span class='ocrx_word' id='word_1_276' title='bbox 722 2183 1019 2251; x_wconf 83' lang='grc' dir='ltr'>περιεῖναι,</span> <span class='ocrx_word' id='word_1_277' title='bbox 1047 2181 1171 2238; x_wconf 85' lang='grc' dir='ltr'>τοὺς</span> <span class='ocrx_word' id='word_1_278' title='bbox 1199 2179 1255 2230; x_wconf 67' lang='grc' dir='ltr'><strong>δὲ</strong></span> <span class='ocrx_word' id='word_1_279' title='bbox 1281 2177 1375 2229; x_wconf 80' lang='grc' dir='ltr'>τοῦ</span> <span class='ocrx_word' id='word_1_280' title='bbox 1406 2175 1643 2247; x_wconf 81' lang='grc' dir='ltr'>Χριστοῦ</span> <span class='ocrx_word' id='word_1_281' title='bbox 1669 2177 1876 2228; x_wconf 86' lang='grc' dir='ltr'>διϊστα-</span> 
     </span>
    </p>
   </div>
   <div class='ocr_carea' id='block_1_39' title="bbox 312 2265 1876 2342">
    <p class='ocr_par' dir='ltr' id='par_1_39' title="bbox 312 2265 1876 2342">
     <span class='ocr_line' id='line_1_39' title="bbox 312 2265 1876 2342; baseline -0.008 -15"><span class='ocrx_word' id='word_1_282' title='bbox 312 2275 510 2342; x_wconf 77' lang='grc' dir='ltr'>μένους</span> <span class='ocrx_word' id='word_1_283' title='bbox 565 2276 716 2328; x_wconf 74' lang='grc' dir='ltr'>οὐδὲν</span> <span class='ocrx_word' id='word_1_284' title='bbox 762 2274 889 2327; x_wconf 80' lang='grc' dir='ltr'>ἄλλο</span> <span class='ocrx_word' id='word_1_285' title='bbox 925 2271 1111 2324; x_wconf 76' lang='grc' dir='ltr'>λοιπὸν</span> <span class='ocrx_word' id='word_1_286' title='bbox 1154 2269 1187 2340; x_wconf 81' lang='grc' dir='ltr'>ἢ</span> <span class='ocrx_word' id='word_1_287' title='bbox 1225 2269 1499 2322; x_wconf 77' lang='grc' dir='ltr'>τεθνάναι.</span> <span class='ocrx_word' id='word_1_288' title='bbox 1538 2267 1645 2319; x_wconf 78' lang='grc' dir='ltr'>Καὶ</span> <span class='ocrx_word' id='word_1_289' title='bbox 1706 2267 1758 2317; x_wconf 87' lang='grc' dir='ltr'><strong>τί</strong></span> <span class='ocrx_word' id='word_1_290' title='bbox 1802 2265 1876 2334; x_wconf 78' lang='grc' dir='ltr'>μὴ</span> 
     </span>
    </p>
   </div>
   <div class='ocr_carea' id='block_1_40' title="bbox 308 2354 1879 2435">
    <p class='ocr_par' dir='ltr' id='par_1_40' title="bbox 308 2354 1879 2435">
     <span class='ocr_line' id='line_1_40' title="bbox 308 2354 1879 2435; baseline -0.008 -16"><span class='ocrx_word' id='word_1_291' title='bbox 308 2366 456 2435; x_wconf 82' lang='grc' dir='ltr'>λέγω</span> <span class='ocrx_word' id='word_1_292' title='bbox 511 2369 574 2421; x_wconf 82' lang='grc' dir='ltr'>τὸ</span> <span class='ocrx_word' id='word_1_293' title='bbox 636 2366 859 2435; x_wconf 76' lang='grc' dir='ltr'>μεῖζονς</span> <span class='ocrx_word' id='word_1_294' title='bbox 904 2364 1175 2431; x_wconf 84' lang='grc' dir='ltr'>Συστῆναι</span> <span class='ocrx_word' id='word_1_295' title='bbox 1233 2361 1332 2430; x_wconf 79' lang='grc' dir='ltr'><strong>μὲν</strong></span> <span class='ocrx_word' id='word_1_296' title='bbox 1383 2358 1491 2428; x_wconf 83' lang='grc' dir='ltr'>γὰρ</span> <span class='ocrx_word' id='word_1_297' title='bbox 1542 2357 1744 2419; x_wconf 80' lang='grc' dir='ltr'>αὐτοὺς</span> <span class='ocrx_word' id='word_1_298' title='bbox 1793 2354 1879 2423; x_wconf 71' lang='grc' dir='ltr'><strong>ἐφ’</strong></span> 
     </span>
    </p>
   </div>
   <div class='ocr_carea' id='block_1_41' title="bbox 307 2445 1880 2520">
    <p class='ocr_par' dir='ltr' id='par_1_41' title="bbox 307 2445 1880 2520">
     <span class='ocr_line' id='line_1_41' title="bbox 307 2445 1880 2520; baseline -0.008 -10"><span class='ocrx_word' id='word_1_299' title='bbox 307 2458 526 2511; x_wconf 78' lang='grc' dir='ltr'>ἑαυτῶν</span> <span class='ocrx_word' id='word_1_300' title='bbox 579 2459 704 2520; x_wconf 81' lang='grc' dir='ltr'>τοὺς</span> <span class='ocrx_word' id='word_1_301' title='bbox 758 2458 893 2519; x_wconf 80' lang='grc' dir='ltr'>υἱεῖς</span> <span class='ocrx_word' id='word_1_302' title='bbox 946 2455 1047 2508; x_wconf 83' lang='grc' dir='ltr'><strong>οὐκ</strong></span> <span class='ocrx_word' id='word_1_303' title='bbox 1098 2453 1215 2506; x_wconf 72' lang='grc' dir='ltr'>ἔστι</span> <span class='ocrx_word' id='word_1_304' title='bbox 1280 2451 1354 2520; x_wconf 80' lang='grc' dir='ltr'>μὴ</span> <span class='ocrx_word' id='word_1_305' title='bbox 1397 2449 1725 2509; x_wconf 83' lang='grc' dir='ltr'>διαστάντας</span> <span class='ocrx_word' id='word_1_306' title='bbox 1769 2445 1880 2498; x_wconf 84' lang='grc' dir='ltr'>τῶν</span> 
     </span>
    </p>
   </div>
   <div class='ocr_carea' id='block_1_42' title="bbox 308 2538 1880 2618">
    <p class='ocr_par' dir='ltr' id='par_1_42' title="bbox 308 2538 1880 2618">
     <span class='ocr_line' id='line_1_42' title="bbox 308 2538 1880 2618; baseline -0.007 -20"><span class='ocrx_word' id='word_1_307' title='bbox 308 2547 752 2618; x_wconf 83' lang='grc' dir='ltr'>γεγεννηκότων,</span> <span class='ocrx_word' id='word_1_308' title='bbox 793 2546 928 2599; x_wconf 80' lang='grc' dir='ltr'>ἀλλὰ</span> <span class='ocrx_word' id='word_1_309' title='bbox 964 2544 1121 2596; x_wconf 78' lang='grc' dir='ltr'>τοῦτο</span> <span class='ocrx_word' id='word_1_310' title='bbox 1150 2543 1296 2594; x_wconf 80' lang='grc' dir='ltr'>ποιεῖ</span> <span class='ocrx_word' id='word_1_311' title='bbox 1323 2539 1450 2601; x_wconf 76' lang='grc' dir='ltr'>τοὺς</span> <span class='ocrx_word' id='word_1_312' title='bbox 1485 2538 1583 2607; x_wconf 84' lang='grc' dir='ltr'>μὲν</span> <span class='ocrx_word' id='word_1_313' title='bbox 1620 2553 1880 2604; x_wconf 89' lang='grc' dir='ltr'>γεγεννη-</span> 
     </span>
    </p>
   </div>
   <div class='ocr_carea' id='block_1_43' title="bbox 307 2626 1881 2702">
    <p class='ocr_par' dir='ltr' id='par_1_43' title="bbox 307 2626 1881 2702">
     <span class='ocr_line' id='line_1_43' title="bbox 307 2626 1881 2702; baseline 0.006 -16"><span class='ocrx_word' id='word_1_314' title='bbox 307 2634 487 2692; x_wconf 82' lang='grc' dir='ltr'>κέναι,</span> <span class='ocrx_word' id='word_1_315' title='bbox 526 2639 652 2697; x_wconf 63' lang='lat' dir='ltr'><strong>tab;</strong></span> <span class='ocrx_word' id='word_1_316' title='bbox 679 2636 736 2687; x_wconf 75' lang='grc' dir='ltr'><strong>δὲ</strong></span> <span class='ocrx_word' id='word_1_317' title='bbox 768 2632 1129 2702; x_wconf 83' lang='grc' dir='ltr'>γεγεννῆσθαι</span> <span class='ocrx_word' id='word_1_318' title='bbox 1157 2631 1256 2698; x_wconf 83' lang='grc' dir='ltr'><strong>τὴν</strong></span> <span class='ocrx_word' id='word_1_319' title='bbox 1289 2629 1463 2698; x_wconf 78' lang='grc' dir='ltr'>ἀρχὴν</span> <span class='ocrx_word' id='word_1_320' title='bbox 1491 2627 1570 2694; x_wconf 75' lang='grc' dir='ltr'><strong>τῷ</strong></span> <span class='ocrx_word' id='word_1_321' title='bbox 1600 2626 1881 2695; x_wconf 72' lang='grc' dir='ltr'><strong>διαιρεθῆ-</strong></span> 
     </span>
    </p>
   </div>
   <div class='ocr_carea' id='block_1_44' title="bbox 305 2718 1883 2793">
    <p class='ocr_par' dir='ltr' id='par_1_44' title="bbox 305 2718 1883 2793">
     <span class='ocr_line' id='line_1_44' title="bbox 305 2718 1883 2793; baseline -0.006 -15"><span class='ocrx_word' id='word_1_322' title='bbox 305 2742 431 2778; x_wconf 84' lang='grc' dir='ltr'>ναι·</span> <span class='ocrx_word' id='word_1_323' title='bbox 469 2729 504 2793; x_wconf 82' lang='grc' dir='ltr'><strong>ἡ</strong></span> <span class='ocrx_word' id='word_1_324' title='bbox 547 2727 592 2780; x_wconf 84' lang='grc' dir='ltr'>δ’</span> <span class='ocrx_word' id='word_1_325' title='bbox 621 2727 714 2778; x_wconf 77' lang='grc' dir='ltr'>ἐπὶ</span> <span class='ocrx_word' id='word_1_326' title='bbox 741 2725 848 2781; x_wconf 80' lang='grc' dir='ltr'>τῶν</span> <span class='ocrx_word' id='word_1_327' title='bbox 883 2722 1199 2792; x_wconf 82' lang='grc' dir='ltr'>μυστηρίων</span> <span class='ocrx_word' id='word_1_328' title='bbox 1231 2721 1415 2788; x_wconf 85' lang='grc' dir='ltr'>υίότης</span> <span class='ocrx_word' id='word_1_329' title='bbox 1449 2720 1507 2771; x_wconf 76' lang='grc' dir='ltr'><strong>έν</strong></span> <span class='ocrx_word' id='word_1_330' title='bbox 1541 2718 1619 2787; x_wconf 85' lang='grc' dir='ltr'>τῷ</span> <span class='ocrx_word' id='word_1_331' title='bbox 1648 2719 1883 2770; x_wconf 78' lang='grc' dir='ltr'>συνεῖναι</span> 
     </span>
    </p>
   </div>
   <div class='ocr_carea' id='block_1_45' title="bbox 313 2808 1885 2880">
    <p class='ocr_par' dir='ltr' id='par_1_45' title="bbox 313 2808 1885 2880">
     <span class='ocr_line' id='line_1_45' title="bbox 313 2808 1885 2880; baseline -0.004 -12"><span class='ocrx_word' id='word_1_332' title='bbox 313 2815 416 2868; x_wconf 74' lang='grc' dir='ltr'>καὶ</span> <span class='ocrx_word' id='word_1_333' title='bbox 462 2817 747 2870; x_wconf 74' lang='grc' dir='ltr'>κτινωνεῖν</span> <span class='ocrx_word' id='word_1_334' title='bbox 779 2817 916 2880; x_wconf 74' lang='grc' dir='ltr'>ἐστι,</span> <span class='ocrx_word' id='word_1_335' title='bbox 947 2814 1040 2866; x_wconf 79' lang='grc' dir='ltr'>καὶ</span> <span class='ocrx_word' id='word_1_336' title='bbox 1069 2811 1230 2865; x_wconf 78' lang='grc' dir='ltr'>τοῦτό</span> <span class='ocrx_word' id='word_1_337' title='bbox 1265 2812 1382 2863; x_wconf 77' lang='grc' dir='ltr'>ἔστι</span> <span class='ocrx_word' id='word_1_338' title='bbox 1419 2808 1745 2879; x_wconf 79' lang='grc' dir='ltr'>διεφθάρθαι</span> <span class='ocrx_word' id='word_1_339' title='bbox 1794 2809 1885 2862; x_wconf 79' lang='grc' dir='ltr'><strong>καὶ</strong></span> 
     </span>
    </p>
   </div>
   <div class='ocr_carea' id='block_1_46' title="bbox 320 2905 712 2974">
    <p class='ocr_par' dir='ltr' id='par_1_46' title="bbox 320 2905 712 2974">
     <span class='ocr_line' id='line_1_46' title="bbox 320 2905 712 2974; baseline 0.008 -15"><span class='ocrx_word' id='word_1_340' title='bbox 320 2908 521 2974; x_wconf 76' lang='grc' dir='ltr'>μηκέτ’</span> <span class='ocrx_word' id='word_1_341' title='bbox 551 2905 712 2962; x_wconf 80' lang='grc' dir='ltr'>εῖναι.</span> 
     </span>
    </p>
   </div>
   <div class='ocr_carea' id='block_1_47' title="bbox 1979 1985 3543 2056">
    <p class='ocr_par' dir='ltr' id='par_1_47' title="bbox 1979 1985 3543 2056">
     <span class='ocr_line' id='line_1_47' title="bbox 1979 1985 3543 2056; baseline -0.005 -10"><span class='ocrx_word' id='word_1_342' title='bbox 1979 1992 2297 2052; x_wconf 83' lang='lat' dir='ltr'><strong>devinctos.</strong></span> <span class='ocrx_word' id='word_1_343' title='bbox 2356 2003 2516 2056; x_wconf 88' lang='lat' dir='ltr'><strong>quam</strong></span> <span class='ocrx_word' id='word_1_344' title='bbox 2574 2001 2670 2055; x_wconf 90' lang='lat' dir='ltr'><strong>per</strong></span> <span class='ocrx_word' id='word_1_345' title='bbox 2726 1996 2974 2039; x_wconf 87' lang='lat' dir='ltr'><strong>naturam</strong></span> <span class='ocrx_word' id='word_1_346' title='bbox 3035 1999 3158 2038; x_wconf 91' lang='lat' dir='ltr'><strong>cum</strong></span> <span class='ocrx_word' id='word_1_347' title='bbox 3223 1985 3543 2053; x_wconf 87' lang='lat' dir='ltr'><strong>parentibus</strong></span> 
     </span>
    </p>
   </div>
   <div class='ocr_carea' id='block_1_48' title="bbox 1981 2071 3546 2150">
    <p class='ocr_par' dir='ltr' id='par_1_48' title="bbox 1981 2071 3546 2150">
     <span class='ocr_line' id='line_1_48' title="bbox 1981 2071 3546 2150; baseline -0.006 -15"><span class='ocrx_word' id='word_1_348' title='bbox 1981 2083 2134 2150; x_wconf 82' lang='lat' dir='ltr'><strong>ipsis,</strong></span> <span class='ocrx_word' id='word_1_349' title='bbox 2177 2078 2521 2133; x_wconf 80' lang='lat' dir='ltr'><strong>manifestum</strong></span> <span class='ocrx_word' id='word_1_350' title='bbox 2548 2085 2652 2130; x_wconf 91' lang='lat' dir='ltr'><strong>est.</strong></span> <span class='ocrx_word' id='word_1_351' title='bbox 2685 2075 2803 2130; x_wconf 82' lang='lat' dir='ltr'><strong>Jam</strong></span> <span class='ocrx_word' id='word_1_352' title='bbox 2858 2089 2987 2130; x_wconf 90' lang='lat' dir='ltr'><strong>vero</strong></span> <span class='ocrx_word' id='word_1_353' title='bbox 3041 2090 3148 2128; x_wconf 88' lang='lat' dir='ltr'><strong>non</strong></span> <span class='ocrx_word' id='word_1_354' title='bbox 3195 2089 3318 2128; x_wconf 86' lang='lat' dir='ltr'><strong>cum</strong></span> <span class='ocrx_word' id='word_1_355' title='bbox 3377 2071 3546 2126; x_wconf 85' lang='lat' dir='ltr'><strong>semel</strong></span> 
     </span>
    </p>
   </div>
   <div class='ocr_carea' id='block_1_49' title="bbox 1983 2164 3545 2238">
    <p class='ocr_par' dir='ltr' id='par_1_49' title="bbox 1983 2164 3545 2238">
     <span class='ocr_line' id='line_1_49' title="bbox 1983 2164 3545 2238; baseline -0.006 -13"><span class='ocrx_word' id='word_1_356' title='bbox 1983 2187 2085 2226; x_wconf 87' lang='lat' dir='ltr'><strong>nos</strong></span> <span class='ocrx_word' id='word_1_357' title='bbox 2114 2171 2267 2224; x_wconf 89' lang='lat' dir='ltr'><strong>vivos</strong></span> <span class='ocrx_word' id='word_1_358' title='bbox 2295 2179 2635 2238; x_wconf 83' lang='lat' dir='ltr'><strong>procreasset</strong></span> <span class='ocrx_word' id='word_1_359' title='bbox 2666 2166 3082 2235; x_wconf 81' lang='lat' dir='ltr'><strong>foruiassetque,</strong></span> <span class='ocrx_word' id='word_1_360' title='bbox 3115 2173 3178 2218; x_wconf 88' lang='lat' dir='ltr'><strong>ut</strong></span> <span class='ocrx_word' id='word_1_361' title='bbox 3238 2164 3339 2228; x_wconf 89' lang='lat' dir='ltr'><strong>illi,</strong></span> <span class='ocrx_word' id='word_1_362' title='bbox 3369 2178 3428 2218; x_wconf 91' lang='lat' dir='ltr'><strong>se</strong></span> <span class='ocrx_word' id='word_1_363' title='bbox 3456 2176 3545 2216; x_wconf 88' lang='lat' dir='ltr'><strong>re-</strong></span> 
     </span>
    </p>
   </div>
   <div class='ocr_carea' id='block_1_50' title="bbox 1985 2256 3548 2325">
    <p class='ocr_par' dir='ltr' id='par_1_50' title="bbox 1985 2256 3548 2325">
     <span class='ocr_line' id='line_1_50' title="bbox 1985 2256 3548 2325; baseline -0.006 -10"><span class='ocrx_word' id='word_1_364' title='bbox 1985 2259 2195 2315; x_wconf 83' lang='lat' dir='ltr'><strong>movit:</strong></span> <span class='ocrx_word' id='word_1_365' title='bbox 2230 2260 2322 2314; x_wconf 88' lang='lat' dir='ltr'><strong>sed</strong></span> <span class='ocrx_word' id='word_1_366' title='bbox 2353 2271 2635 2325; x_wconf 88' lang='lat' dir='ltr'><strong>nunquam</strong></span> <span class='ocrx_word' id='word_1_367' title='bbox 2673 2272 2778 2309; x_wconf 89' lang='lat' dir='ltr'><strong>non</strong></span> <span class='ocrx_word' id='word_1_368' title='bbox 2820 2256 2993 2319; x_wconf 79' lang='lat' dir='ltr'><strong>adest,</strong></span> <span class='ocrx_word' id='word_1_369' title='bbox 3035 2265 3090 2310; x_wconf 90' lang='lat' dir='ltr'><strong>et</strong></span> <span class='ocrx_word' id='word_1_370' title='bbox 3118 2256 3306 2310; x_wconf 91' lang='lat' dir='ltr'><strong>unitus</strong></span> <span class='ocrx_word' id='word_1_371' title='bbox 3360 2263 3462 2316; x_wconf 91' lang='lat' dir='ltr'><strong>est,</strong></span> <span class='ocrx_word' id='word_1_372' title='bbox 3494 2262 3548 2307; x_wconf 88' lang='lat' dir='ltr'><strong>et</strong></span> 
     </span>
    </p>
   </div>
   <div class='ocr_carea' id='block_1_51' title="bbox 1985 2343 3550 2418">
    <p class='ocr_par' dir='ltr' id='par_1_51' title="bbox 1985 2343 3550 2418">
     <span class='ocr_line' id='line_1_51' title="bbox 1985 2343 3550 2418; baseline -0.006 -13"><span class='ocrx_word' id='word_1_373' title='bbox 1985 2351 2087 2406; x_wconf 91' lang='lat' dir='ltr'><strong>hoc</strong></span> <span class='ocrx_word' id='word_1_374' title='bbox 2112 2351 2231 2418; x_wconf 89' lang='lat' dir='ltr'><strong>ipso</strong></span> <span class='ocrx_word' id='word_1_375' title='bbox 2268 2348 2413 2417; x_wconf 90' lang='lat' dir='ltr'><strong>quod</strong></span> <span class='ocrx_word' id='word_1_376' title='bbox 2449 2347 2629 2408; x_wconf 83' lang='lat' dir='ltr'><strong>adest,</strong></span> <span class='ocrx_word' id='word_1_377' title='bbox 2683 2359 2787 2398; x_wconf 91' lang='lat' dir='ltr'><strong>nos</strong></span> <span class='ocrx_word' id='word_1_378' title='bbox 2837 2344 3074 2398; x_wconf 85' lang='lat' dir='ltr'><strong>viviﬁcat</strong></span> <span class='ocrx_word' id='word_1_379' title='bbox 3101 2354 3153 2398; x_wconf 88' lang='lat' dir='ltr'><strong>et</strong></span> <span class='ocrx_word' id='word_1_380' title='bbox 3207 2345 3424 2398; x_wconf 82' lang='lat' dir='ltr'><strong>format.</strong></span> <span class='ocrx_word' id='word_1_381' title='bbox 3483 2343 3550 2396; x_wconf 88' lang='lat' dir='ltr'><strong>Et</strong></span> 
     </span>
    </p>
   </div>
   <div class='ocr_carea' id='block_1_52' title="bbox 1984 2436 3548 2511">
    <p class='ocr_par' dir='ltr' id='par_1_52' title="bbox 1984 2436 3548 2511">
     <span class='ocr_line' id='line_1_52' title="bbox 1984 2436 3548 2511; baseline -0.01 -10"><span class='ocrx_word' id='word_1_382' title='bbox 1984 2445 2261 2511; x_wconf 81' lang='lat' dir='ltr'><strong>sejunctas</strong></span> <span class='ocrx_word' id='word_1_383' title='bbox 2289 2441 2508 2511; x_wconf 86' lang='lat' dir='ltr'><strong>quidem</strong></span> <span class='ocrx_word' id='word_1_384' title='bbox 2530 2454 2557 2492; x_wconf 90' lang='lat' dir='ltr'><strong>a</strong></span> <span class='ocrx_word' id='word_1_385' title='bbox 2584 2437 2894 2507; x_wconf 82' lang='lat' dir='ltr'><strong>parentibus</strong></span> <span class='ocrx_word' id='word_1_386' title='bbox 2916 2436 3049 2490; x_wconf 92' lang='lat' dir='ltr'><strong>nihil</strong></span> <span class='ocrx_word' id='word_1_387' title='bbox 3077 2445 3221 2490; x_wconf 80' lang='lat' dir='ltr'><strong>vetat</strong></span> <span class='ocrx_word' id='word_1_388' title='bbox 3241 2451 3548 2504; x_wconf 74' lang='lat' dir='ltr'><strong>superesse,</strong></span> 
     </span>
    </p>
   </div>
   <div class='ocr_carea' id='block_1_53' title="bbox 1986 2523 3553 2597">
    <p class='ocr_par' dir='ltr' id='par_1_53' title="bbox 1986 2523 3553 2597">
     <span class='ocr_line' id='line_1_53' title="bbox 1986 2523 3553 2597; baseline -0.01 -6"><span class='ocrx_word' id='word_1_389' title='bbox 1986 2534 2262 2591; x_wconf 90' lang='lat' dir='ltr'><strong>aChristo</strong></span> <span class='ocrx_word' id='word_1_390' title='bbox 2291 2541 2471 2586; x_wconf 89' lang='lat' dir='ltr'><strong>autem</strong></span> <span class='ocrx_word' id='word_1_391' title='bbox 2513 2528 2802 2597; x_wconf 75' lang='lat' dir='ltr'><strong>separatis,</strong></span> <span class='ocrx_word' id='word_1_392' title='bbox 2875 2533 3074 2597; x_wconf 66' lang='lat' dir='ltr'><strong>praeter</strong></span> <span class='ocrx_word' id='word_1_393' title='bbox 3134 2534 3360 2579; x_wconf 89' lang='lat' dir='ltr'><strong>mortem</strong></span> <span class='ocrx_word' id='word_1_394' title='bbox 3417 2523 3553 2577; x_wconf 91' lang='lat' dir='ltr'><strong>nihil</strong></span> 
     </span>
    </p>
   </div>
   <div class='ocr_carea' id='block_1_54' title="bbox 1987 2615 3551 2695">
    <p class='ocr_par' dir='ltr' id='par_1_54' title="bbox 1987 2615 3551 2695">
     <span class='ocr_line' id='line_1_54' title="bbox 1987 2615 3551 2695; baseline -0.01 -14"><span class='ocrx_word' id='word_1_395' title='bbox 1987 2623 2415 2695; x_wconf 77' lang='lat' dir='ltr'><strong>exspectandum</strong></span> <span class='ocrx_word' id='word_1_396' title='bbox 2471 2631 2572 2675; x_wconf 92' lang='lat' dir='ltr'><strong>est.</strong></span> <span class='ocrx_word' id='word_1_397' title='bbox 2629 2618 2733 2675; x_wconf 84' lang='lat' dir='ltr'><strong>Sed</strong></span> <span class='ocrx_word' id='word_1_398' title='bbox 2785 2634 2885 2673; x_wconf 89' lang='lat' dir='ltr'><strong>cur</strong></span> <span class='ocrx_word' id='word_1_399' title='bbox 2933 2618 3111 2687; x_wconf 89' lang='lat' dir='ltr'><strong>majus</strong></span> <span class='ocrx_word' id='word_1_400' title='bbox 3145 2615 3402 2686; x_wconf 86' lang='lat' dir='ltr'><strong>quiddam</strong></span> <span class='ocrx_word' id='word_1_401' title='bbox 3442 2629 3551 2668; x_wconf 93' lang='lat' dir='ltr'><strong>non</strong></span> 
     </span>
    </p>
   </div>
   <div class='ocr_carea' id='block_1_55' title="bbox 1989 2706 3555 2785">
    <p class='ocr_par' dir='ltr' id='par_1_55' title="bbox 1989 2706 3555 2785">
     <span class='ocr_line' id='line_1_55' title="bbox 1989 2706 3555 2785; baseline -0.01 -12"><span class='ocrx_word' id='word_1_402' title='bbox 1989 2718 2157 2773; x_wconf 76' lang='lat' dir='ltr'><strong>dico?</strong></span> <span class='ocrx_word' id='word_1_403' title='bbox 2193 2715 2419 2785; x_wconf 80' lang='lat' dir='ltr'><strong>Fingere</strong></span> <span class='ocrx_word' id='word_1_404' title='bbox 2450 2713 2581 2780; x_wconf 86' lang='lat' dir='ltr'><strong>ipsis</strong></span> <span class='ocrx_word' id='word_1_405' title='bbox 2611 2711 2664 2764; x_wconf 92' lang='lat' dir='ltr'><strong>in</strong></span> <span class='ocrx_word' id='word_1_406' title='bbox 2729 2708 3036 2778; x_wconf 85' lang='lat' dir='ltr'><strong>semetipsis</strong></span> <span class='ocrx_word' id='word_1_407' title='bbox 3066 2708 3229 2769; x_wconf 83' lang='lat' dir='ltr'><strong>ﬁlios,</strong></span> <span class='ocrx_word' id='word_1_408' title='bbox 3277 2706 3430 2774; x_wconf 67' lang='lat' dir='ltr'><strong>quia.</strong></span> <span class='ocrx_word' id='word_1_409' title='bbox 3462 2719 3555 2772; x_wconf 87' lang='lat' dir='ltr'><strong>pa-</strong></span> 
     </span>
    </p>
   </div>
   <div class='ocr_carea' id='block_1_56' title="bbox 1991 2795 3550 2863">
    <p class='ocr_par' dir='ltr' id='par_1_56' title="bbox 1991 2795 3550 2863">
     <span class='ocr_line' id='line_1_56' title="bbox 1991 2795 3550 2863; baseline -0.009 -1"><span class='ocrx_word' id='word_1_410' title='bbox 1991 2806 2237 2863; x_wconf 79' lang='lat' dir='ltr'><strong>rentibus</strong></span> <span class='ocrx_word' id='word_1_411' title='bbox 2264 2818 2370 2858; x_wconf 90' lang='lat' dir='ltr'><strong>non</strong></span> <span class='ocrx_word' id='word_1_412' title='bbox 2418 2801 2769 2860; x_wconf 75' lang='lat' dir='ltr'><strong>dirimentur.</strong></span> <span class='ocrx_word' id='word_1_413' title='bbox 2838 2798 2981 2852; x_wconf 87' lang='lat' dir='ltr'><strong>haud</strong></span> <span class='ocrx_word' id='word_1_414' title='bbox 3043 2797 3380 2853; x_wconf 86' lang='lat' dir='ltr'><strong>conceditur.</strong></span> <span class='ocrx_word' id='word_1_415' title='bbox 3442 2795 3550 2850; x_wconf 86' lang='lat' dir='ltr'><strong>Sed</strong></span> 
     </span>
    </p>
   </div>
   <div class='ocr_carea' id='block_1_57' title="bbox 1910 2888 3554 2968">
    <p class='ocr_par' dir='ltr' id='par_1_57' title="bbox 1910 2888 3554 2968">
     <span class='ocr_line' id='line_1_57' title="bbox 1910 2888 3554 2968; baseline -0.009 -14"><span class='ocrx_word' id='word_1_416' title='bbox 1910 2890 1956 2953; x_wconf 89' lang='lat' dir='ltr'><strong>C</strong></span> <span class='ocrx_word' id='word_1_417' title='bbox 1991 2899 2118 2968; x_wconf 86' lang='lat' dir='ltr'><strong>quia</strong></span> <span class='ocrx_word' id='word_1_418' title='bbox 2150 2896 2242 2951; x_wconf 88' lang='lat' dir='ltr'><strong>alii</strong></span> <span class='ocrx_word' id='word_1_419' title='bbox 2277 2901 2628 2965; x_wconf 88' lang='lat' dir='ltr'><strong>generarunt,</strong></span> <span class='ocrx_word' id='word_1_420' title='bbox 2684 2891 2776 2946; x_wconf 86' lang='lat' dir='ltr'><strong>alii</strong></span> <span class='ocrx_word' id='word_1_421' title='bbox 2829 2893 3069 2959; x_wconf 86' lang='lat' dir='ltr'><strong>generati</strong></span> <span class='ocrx_word' id='word_1_422' title='bbox 3117 2898 3264 2951; x_wconf 86' lang='lat' dir='ltr'><strong>sunt,</strong></span> <span class='ocrx_word' id='word_1_423' title='bbox 3303 2888 3406 2941; x_wconf 87' lang='lat' dir='ltr'><strong>hoc</strong></span> <span class='ocrx_word' id='word_1_424' title='bbox 3460 2901 3554 2940; x_wconf 89' lang='lat' dir='ltr'><strong>eos</strong></span> 
     </span>
    </p>
   </div>
   <div class='ocr_carea' id='block_1_58' title="bbox 319 2981 3550 3068">
    <p class='ocr_par' dir='ltr' id='par_1_58' title="bbox 319 2981 3550 3068">
     <span class='ocr_line' id='line_1_58' title="bbox 319 2981 3550 3068; baseline -0.005 -18"><span class='ocrx_word' id='word_1_425' title='bbox 319 3013 548 3068; x_wconf 90' lang='lat' dir='ltr'><strong>prorsus</strong></span> <span class='ocrx_word' id='word_1_426' title='bbox 575 2999 800 3058; x_wconf 84' lang='lat' dir='ltr'><strong>dirimit.</strong></span> <span class='ocrx_word' id='word_1_427' title='bbox 829 3013 893 3052; x_wconf 90' lang='lat' dir='ltr'><strong>ac</strong></span> <span class='ocrx_word' id='word_1_428' title='bbox 923 2996 1172 3066; x_wconf 84' lang='lat' dir='ltr'><strong>sejungit.</strong></span> <span class='ocrx_word' id='word_1_429' title='bbox 1203 2996 1335 3049; x_wconf 84' lang='lat' dir='ltr'><strong>Esse</strong></span> <span class='ocrx_word' id='word_1_430' title='bbox 1388 3004 1569 3048; x_wconf 90' lang='lat' dir='ltr'><strong>autem</strong></span> <span class='ocrx_word' id='word_1_431' title='bbox 1612 2993 1751 3046; x_wconf 84' lang='lat' dir='ltr'><strong>ﬁlios</strong></span> <span class='ocrx_word' id='word_1_432' title='bbox 1810 2993 1863 3045; x_wconf 91' lang='lat' dir='ltr'><strong>in</strong></span> <span class='ocrx_word' id='word_1_433' title='bbox 1913 2991 2208 3064; x_wconf 83' lang='lat' dir='ltr'><strong>mysteriis,</strong></span> <span class='ocrx_word' id='word_1_434' title='bbox 2243 2989 2295 3040; x_wconf 94' lang='lat' dir='ltr'><strong>in</strong></span> <span class='ocrx_word' id='word_1_435' title='bbox 2329 2985 2654 3040; x_wconf 84' lang='lat' dir='ltr'><strong>commercio</strong></span> <span class='ocrx_word' id='word_1_436' title='bbox 2691 2994 2743 3038; x_wconf 91' lang='lat' dir='ltr'><strong>et</strong></span> <span class='ocrx_word' id='word_1_437' title='bbox 2792 2981 3285 3038; x_wconf 86' lang='lat' dir='ltr'><strong>communicatione</strong></span> <span class='ocrx_word' id='word_1_438' title='bbox 3317 2981 3550 3050; x_wconf 88' lang='lat' dir='ltr'><strong>positum</strong></span> 
     </span>
    </p>
   </div>
   <div class='ocr_carea' id='block_1_59' title="bbox 318 3060 3448 3160">
    <p class='ocr_par' dir='ltr' id='par_1_59' title="bbox 318 3060 3448 3160">
     <span class='ocr_line' id='line_1_59' title="bbox 318 3060 3448 3160; baseline -0.007 -13"><span class='ocrx_word' id='word_1_439' title='bbox 318 3099 420 3155; x_wconf 83' lang='lat' dir='ltr'><strong>est,</strong></span> <span class='ocrx_word' id='word_1_440' title='bbox 452 3101 510 3146; x_wconf 92' lang='lat' dir='ltr'><strong>et</strong></span> <span class='ocrx_word' id='word_1_441' title='bbox 573 3089 916 3160; x_wconf 69' lang='lat' dir='ltr'><strong>separari&#39;ac</strong></span> <span class='ocrx_word' id='word_1_442' title='bbox 962 3087 1195 3158; x_wconf 89' lang='lat' dir='ltr'><strong>sejungi.</strong></span> <span class='ocrx_word' id='word_1_443' title='bbox 1250 3089 1353 3143; x_wconf 90' lang='lat' dir='ltr'><strong>hoc</strong></span> <span class='ocrx_word' id='word_1_444' title='bbox 1389 3097 1474 3143; x_wconf 90' lang='lat' dir='ltr'><strong>est</strong></span> <span class='ocrx_word' id='word_1_445' title='bbox 1528 3102 1638 3141; x_wconf 92' lang='lat' dir='ltr'><strong>non</strong></span> <span class='ocrx_word' id='word_1_446' title='bbox 1686 3060 2075 3155; x_wconf 81' lang='lat' dir='ltr'><strong>ampliusesse,</strong></span> <span class='ocrx_word' id='word_1_447' title='bbox 2129 3083 2223 3137; x_wconf 86' lang='lat' dir='ltr'><strong>sed</strong></span> <span class='ocrx_word' id='word_1_448' title='bbox 2272 3081 2497 3134; x_wconf 90' lang='lat' dir='ltr'><strong>omnino</strong></span> <span class='ocrx_word' id='word_1_449' title='bbox 2541 3078 2784 3146; x_wconf 85' lang='lat' dir='ltr'><strong>periisse.</strong></span> <span class='ocrx_word' id='word_1_450' title='bbox 3443 3060 3448 3066; x_wconf 74' lang='grc'><em>’</em></span> 
     </span>
    </p>
   </div>
   <div class='ocr_carea' id='block_1_60' title="bbox 395 3184 1894 3255">
    <p class='ocr_par' dir='ltr' id='par_1_60' title="bbox 395 3184 1894 3255">
     <span class='ocr_line' id='line_1_60' title="bbox 395 3184 1894 3255; baseline -0.007 -10"><span class='ocrx_word' id='word_1_451' title='bbox 395 3192 606 3246; x_wconf 72' lang='grc' dir='ltr'>Οὐκοῦν</span> <span class='ocrx_word' id='word_1_452' title='bbox 637 3191 685 3242; x_wconf 91' lang='grc' dir='ltr'><strong>εἱ</strong></span> <span class='ocrx_word' id='word_1_453' title='bbox 717 3187 1000 3240; x_wconf 79' lang='grc' dir='ltr'>κοινωνίαν</span> <span class='ocrx_word' id='word_1_454' title='bbox 1027 3185 1151 3238; x_wconf 79' lang='grc' dir='ltr'>τινὰ</span> <span class='ocrx_word' id='word_1_455' title='bbox 1186 3185 1433 3255; x_wconf 86' lang='grc' dir='ltr'>βούλεται</span> <span class='ocrx_word' id='word_1_456' title='bbox 1461 3185 1522 3236; x_wconf 80' lang='grc' dir='ltr'><strong>τὸ</strong></span> <span class='ocrx_word' id='word_1_457' title='bbox 1557 3184 1655 3252; x_wconf 85' lang='grc' dir='ltr'>τῆς</span> <span class='ocrx_word' id='word_1_458' title='bbox 1697 3199 1894 3250; x_wconf 85' lang='grc' dir='ltr'>συγγε-</span> 
     </span>
    </p>
   </div>
   <div class='ocr_carea' id='block_1_61' title="bbox 324 3273 1894 3352">
    <p class='ocr_par' dir='ltr' id='par_1_61' title="bbox 324 3273 1894 3352">
     <span class='ocr_line' id='line_1_61' title="bbox 324 3273 1894 3352; baseline -0.008 -15"><span class='ocrx_word' id='word_1_459' title='bbox 324 3285 479 3346; x_wconf 84' lang='grc' dir='ltr'><strong>νεὶας</strong></span> <span class='ocrx_word' id='word_1_460' title='bbox 510 3283 701 3352; x_wconf 77' lang='grc' dir='ltr'>ὄνομα,</span> <span class='ocrx_word' id='word_1_461' title='bbox 739 3282 834 3333; x_wconf 72' lang='grc' dir='ltr'>καὶ</span> <span class='ocrx_word' id='word_1_462' title='bbox 858 3278 1080 3338; x_wconf 82' lang='grc' dir='ltr'>τούτους</span> <span class='ocrx_word' id='word_1_463' title='bbox 1114 3273 1266 3346; x_wconf 72' lang='grc' dir='ltr'>οἶμαι</span> <span class='ocrx_word' id='word_1_464' title='bbox 1303 3274 1498 3346; x_wconf 83' lang='grc' dir='ltr'>μηνύει</span> <span class='ocrx_word' id='word_1_465' title='bbox 1532 3280 1658 3336; x_wconf 79' lang='grc' dir='ltr'>τοὺς</span> <span class='ocrx_word' id='word_1_466' title='bbox 1699 3273 1894 3343; x_wconf 80' lang='grc' dir='ltr'>αἵματι</span> 
     </span>
    </p>
   </div>
   <div class='ocr_carea' id='block_1_62' title="bbox 329 3364 1891 3446">
    <p class='ocr_par' dir='ltr' id='par_1_62' title="bbox 329 3364 1891 3446">
     <span class='ocr_line' id='line_1_62' title="bbox 329 3364 1891 3446; baseline -0.01 -16"><span class='ocrx_word' id='word_1_467' title='bbox 329 3375 496 3446; x_wconf 84' lang='grc' dir='ltr'>κοινῷ</span> <span class='ocrx_word' id='word_1_468' title='bbox 533 3373 937 3442; x_wconf 79' lang='grc' dir='ltr'>συνημμένους,</span> <span class='ocrx_word' id='word_1_469' title='bbox 969 3371 1101 3439; x_wconf 77' lang='grc' dir='ltr'>μόνη</span> <span class='ocrx_word' id='word_1_470' title='bbox 1129 3369 1226 3439; x_wconf 80' lang='grc' dir='ltr'><strong>μὲν</strong></span> <span class='ocrx_word' id='word_1_471' title='bbox 1267 3368 1496 3436; x_wconf 76' lang='grc' dir='ltr'>αἵματος</span> <span class='ocrx_word' id='word_1_472' title='bbox 1540 3365 1605 3418; x_wconf 81' lang='grc' dir='ltr'><strong>ἂν</strong></span> <span class='ocrx_word' id='word_1_473' title='bbox 1639 3364 1723 3433; x_wconf 85' lang='grc' dir='ltr'><strong>εἱη</strong></span> <span class='ocrx_word' id='word_1_474' title='bbox 1775 3380 1891 3416; x_wconf 85' lang='grc' dir='ltr'>κοι-</span> 
     </span>
    </p>
   </div>
   <div class='ocr_carea' id='block_1_63' title="bbox 329 3455 1894 3539">
    <p class='ocr_par' dir='ltr' id='par_1_63' title="bbox 329 3455 1894 3539">
     <span class='ocr_line' id='line_1_63' title="bbox 329 3455 1894 3539; baseline -0.01 -17"><span class='ocrx_word' id='word_1_475' title='bbox 329 3470 515 3539; x_wconf 88' lang='grc' dir='ltr'>νότης,</span> <span class='ocrx_word' id='word_1_476' title='bbox 568 3467 704 3537; x_wconf 87' lang='grc' dir='ltr'>μόνη</span> <span class='ocrx_word' id='word_1_477' title='bbox 743 3465 799 3517; x_wconf 85' lang='grc' dir='ltr'><strong>δὲ</strong></span> <span class='ocrx_word' id='word_1_478' title='bbox 848 3463 1139 3530; x_wconf 85' lang='grc' dir='ltr'>συγγένεια</span> <span class='ocrx_word' id='word_1_479' title='bbox 1181 3461 1275 3513; x_wconf 77' lang='grc' dir='ltr'><strong>καὶ</strong></span> <span class='ocrx_word' id='word_1_480' title='bbox 1326 3461 1535 3527; x_wconf 86' lang='grc' dir='ltr'>υἱότης,</span> <span class='ocrx_word' id='word_1_481' title='bbox 1567 3456 1691 3510; x_wconf 82' lang='grc' dir='ltr'>καθ’</span> <span class='ocrx_word' id='word_1_482' title='bbox 1719 3456 1783 3527; x_wconf 71' lang='grc' dir='ltr'>ἢν</span> <span class='ocrx_word' id='word_1_483' title='bbox 1817 3455 1894 3523; x_wconf 82' lang='grc' dir='ltr'><strong>τῷ</strong></span> 
     </span>
    </p>
   </div>
   <div class='ocr_carea' id='block_1_64' title="bbox 329 3547 1895 3632">
    <p class='ocr_par' dir='ltr' id='par_1_64' title="bbox 329 3547 1895 3632">
     <span class='ocr_line' id='line_1_64' title="bbox 329 3547 1895 3632; baseline -0.01 -17"><span class='ocrx_word' id='word_1_484' title='bbox 329 3560 556 3632; x_wconf 84' lang='grc' dir='ltr'>Χριστῷ</span> <span class='ocrx_word' id='word_1_485' title='bbox 587 3554 974 3626; x_wconf 84' lang='grc' dir='ltr'>κοινωνοῦμεν.</span> <span class='ocrx_word' id='word_1_486' title='bbox 1034 3554 1134 3605; x_wconf 85' lang='grc' dir='ltr'><strong>Διὰ</strong></span> <span class='ocrx_word' id='word_1_487' title='bbox 1181 3550 1340 3605; x_wconf 83' lang='grc' dir='ltr'>τοῦτο</span> <span class='ocrx_word' id='word_1_488' title='bbox 1383 3551 1479 3603; x_wconf 75' lang='grc' dir='ltr'><strong>καὶ</strong></span> <span class='ocrx_word' id='word_1_489' title='bbox 1513 3549 1612 3619; x_wconf 80' lang='grc' dir='ltr'><strong>τὴν</strong></span> <span class='ocrx_word' id='word_1_490' title='bbox 1657 3547 1895 3618; x_wconf 80' lang='grc' dir='ltr'>φυσικὴν</span> 
     </span>
    </p>
   </div>
   <div class='ocr_carea' id='block_1_65' title="bbox 329 3639 1898 3722">
    <p class='ocr_par' dir='ltr' id='par_1_65' title="bbox 329 3639 1898 3722">
     <span class='ocr_line' id='line_1_65' title="bbox 329 3639 1898 3722; baseline -0.011 -17"><span class='ocrx_word' id='word_1_491' title='bbox 329 3653 586 3722; x_wconf 80' lang='grc' dir='ltr'>γέννησιν</span> <span class='ocrx_word' id='word_1_492' title='bbox 612 3647 978 3717; x_wconf 81' lang='grc' dir='ltr'>ἀποκρύπτει,</span> <span class='ocrx_word' id='word_1_493' title='bbox 1003 3643 1220 3696; x_wconf 70' lang='grc' dir='ltr'>ἐπειδὰν</span> <span class='ocrx_word' id='word_1_494' title='bbox 1252 3643 1344 3695; x_wconf 74' lang='grc' dir='ltr'><strong>ἐπὶ</strong></span> <span class='ocrx_word' id='word_1_495' title='bbox 1366 3641 1475 3694; x_wconf 85' lang='grc' dir='ltr'>τῶν</span> <span class='ocrx_word' id='word_1_496' title='bbox 1496 3641 1674 3695; x_wconf 81' lang='grc' dir='ltr'>αὐτῶν</span> <span class='ocrx_word' id='word_1_497' title='bbox 1701 3639 1898 3707; x_wconf 84' lang='grc' dir='ltr'>γένων-</span> 
     </span>
    </p>
   </div>
   <div class='ocr_carea' id='block_1_66' title="bbox 330 3729 1896 3806">
    <p class='ocr_par' dir='ltr' id='par_1_66' title="bbox 330 3729 1896 3806">
     <span class='ocr_line' id='line_1_66' title="bbox 330 3729 1896 3806; baseline -0.011 -10"><span class='ocrx_word' id='word_1_498' title='bbox 330 3759 422 3796; x_wconf 86' lang='grc' dir='ltr'><strong>ται</strong></span> <span class='ocrx_word' id='word_1_499' title='bbox 441 3759 456 3774; x_wconf 87' lang='grc'><strong>·</strong></span> <span class='ocrx_word' id='word_1_500' title='bbox 492 3759 511 3793; x_wconf 79' lang='grc' dir='ltr'><strong>ι</strong></span> <span class='ocrx_word' id='word_1_501' title='bbox 544 3741 696 3793; x_wconf 84' lang='grc' dir='ltr'>Ὅσοι</span> <span class='ocrx_word' id='word_1_502' title='bbox 720 3738 827 3806; x_wconf 84' lang='grc' dir='ltr'>γὰρ</span> <span class='ocrx_word' id='word_1_503' title='bbox 848 3736 1038 3789; x_wconf 74' lang='grc' dir='ltr'>ἔλαϐον</span> <span class='ocrx_word' id='word_1_504' title='bbox 1058 3733 1242 3800; x_wconf 80' lang='grc' dir='ltr'>αὑτὸν,</span> <span class='ocrx_word' id='word_1_505' title='bbox 1265 3733 1450 3803; x_wconf 79' lang='grc' dir='ltr'>φησὶν,</span> <span class='ocrx_word' id='word_1_506' title='bbox 1485 3731 1670 3794; x_wconf 81' lang='grc' dir='ltr'>αὐτοῖς</span> <span class='ocrx_word' id='word_1_507' title='bbox 1698 3729 1896 3782; x_wconf 73' lang='grc' dir='ltr'>ἔδωκεν</span> 
     </span>
    </p>
   </div>
   <div class='ocr_carea' id='block_1_67' title="bbox 331 3824 1896 3899">
    <p class='ocr_par' dir='ltr' id='par_1_67' title="bbox 331 3824 1896 3899">
     <span class='ocr_line' id='line_1_67' title="bbox 331 3824 1896 3899; baseline -0.01 -12"><span class='ocrx_word' id='word_1_508' title='bbox 331 3835 584 3899; x_wconf 75' lang='grc' dir='ltr'>ὲξουσὶαν</span> <span class='ocrx_word' id='word_1_509' title='bbox 606 3831 775 3884; x_wconf 86' lang='grc' dir='ltr'>τέκνα</span> <span class='ocrx_word' id='word_1_510' title='bbox 794 3827 930 3881; x_wconf 82' lang='grc' dir='ltr'>Θεοῦ</span> <span class='ocrx_word' id='word_1_511' title='bbox 958 3825 1250 3895; x_wconf 86' lang='grc' dir='ltr'>γενέσθαι·</span> <span class='ocrx_word' id='word_1_512' title='bbox 1283 3844 1301 3876; x_wconf 74' lang='grc' dir='ltr'><strong>ι</strong></span> <span class='ocrx_word' id='word_1_513' title='bbox 1334 3824 1517 3880; x_wconf 85' lang='grc' dir='ltr'>καίτοι</span> <span class='ocrx_word' id='word_1_514' title='bbox 1541 3824 1896 3892; x_wconf 85' lang='grc' dir='ltr'>γεγέννηνται</span> 
     </span>
    </p>
   </div>
   <div class='ocr_carea' id='block_1_68' title="bbox 332 3913 1898 3992">
    <p class='ocr_par' dir='ltr' id='par_1_68' title="bbox 332 3913 1898 3992">
     <span class='ocr_line' id='line_1_68' title="bbox 332 3913 1898 3992; baseline -0.009 -15"><span class='ocrx_word' id='word_1_515' title='bbox 332 3925 426 3977; x_wconf 58' lang='grc' dir='ltr'><strong>καὶ⁸</strong></span> <span class='ocrx_word' id='word_1_516' title='bbox 448 3923 654 3992; x_wconf 83' lang='grc' dir='ltr'>σάρκες</span> <span class='ocrx_word' id='word_1_517' title='bbox 675 3916 813 3989; x_wconf 80' lang='grc' dir='ltr'>ἦσαν</span> <span class='ocrx_word' id='word_1_518' title='bbox 840 3918 890 3972; x_wconf 92' lang='grc' dir='ltr'><strong>οἱ</strong></span> <span class='ocrx_word' id='word_1_519' title='bbox 915 3915 1332 3985; x_wconf 86' lang='grc' dir='ltr'>γεγεννηκότες,</span> <span class='ocrx_word' id='word_1_520' title='bbox 1356 3914 1572 3982; x_wconf 75' lang='grc' dir='ltr'>καὶτῆς</span> <span class='ocrx_word' id='word_1_521' title='bbox 1591 3913 1898 3980; x_wconf 81' lang='grc' dir='ltr'>γεννήσεως</span> 
     </span>
    </p>
   </div>
   <div class='ocr_carea' id='block_1_69' title="bbox 331 4001 1900 4086">
    <p class='ocr_par' dir='ltr' id='par_1_69' title="bbox 331 4001 1900 4086">
     <span class='ocr_line' id='line_1_69' title="bbox 331 4001 1900 4086; baseline -0.01 -18"><span class='ocrx_word' id='word_1_522' title='bbox 331 4016 579 4086; x_wconf 72' lang='grc' dir='ltr'>προτέρα</span> <span class='ocrx_word' id='word_1_523' title='bbox 618 4010 823 4079; x_wconf 87' lang='grc' dir='ltr'>ταύτης</span> <span class='ocrx_word' id='word_1_524' title='bbox 871 4007 1089 4076; x_wconf 80' lang='grc' dir='ltr'>ὲκείνη’</span> <span class='ocrx_word' id='word_1_525' title='bbox 1139 4004 1275 4060; x_wconf 80' lang='grc' dir='ltr'>ἀλλὰ</span> <span class='ocrx_word' id='word_1_526' title='bbox 1315 4003 1570 4057; x_wconf 80' lang='grc' dir='ltr'>τοσοῦτον</span> <span class='ocrx_word' id='word_1_527' title='bbox 1603 4004 1636 4072; x_wconf 83' lang='grc' dir='ltr'><strong>ή</strong></span> <span class='ocrx_word' id='word_1_528' title='bbox 1673 4001 1900 4069; x_wconf 84' lang='grc' dir='ltr'>δευτέρα</span> 
     </span>
    </p>
   </div>
   <div class='ocr_carea' id='block_1_70' title="bbox 335 4092 1900 4174">
    <p class='ocr_par' dir='ltr' id='par_1_70' title="bbox 335 4092 1900 4174">
     <span class='ocr_line' id='line_1_70' title="bbox 335 4092 1900 4174; baseline -0.01 -16"><span class='ocrx_word' id='word_1_529' title='bbox 335 4103 718 4174; x_wconf 84' lang='grc' dir='ltr'>κατεκράτησε</span> <span class='ocrx_word' id='word_1_530' title='bbox 763 4101 864 4169; x_wconf 82' lang='grc' dir='ltr'>τῆς</span> <span class='ocrx_word' id='word_1_531' title='bbox 910 4095 1315 4167; x_wconf 85' lang='grc' dir='ltr'>πρεσϐυτέρας,</span> <span class='ocrx_word' id='word_1_532' title='bbox 1375 4093 1519 4148; x_wconf 81' lang='grc' dir='ltr'>ὥστε</span> <span class='ocrx_word' id='word_1_533' title='bbox 1574 4092 1708 4162; x_wconf 83' lang='grc' dir='ltr'>μηδὲ</span> <span class='ocrx_word' id='word_1_534' title='bbox 1755 4092 1900 4159; x_wconf 81' lang='grc' dir='ltr'>ῐχνος</span> 
     </span>
    </p>
   </div>
   <div class='ocr_carea' id='block_1_71' title="bbox 336 4185 1901 4267">
    <p class='ocr_par' dir='ltr' id='par_1_71' title="bbox 336 4185 1901 4267">
     <span class='ocr_line' id='line_1_71' title="bbox 336 4185 1901 4267; baseline -0.01 -14"><span class='ocrx_word' id='word_1_535' title='bbox 336 4200 557 4267; x_wconf 77' lang='grc' dir='ltr'>ἐκείνης</span> <span class='ocrx_word' id='word_1_536' title='bbox 591 4195 722 4266; x_wconf 73' lang='grc' dir='ltr'>μηδὲ</span> <span class='ocrx_word' id='word_1_537' title='bbox 758 4193 928 4262; x_wconf 75' lang='grc' dir='ltr'>ὄνομα</span> <span class='ocrx_word' id='word_1_538' title='bbox 961 4190 1148 4244; x_wconf 82' lang='grc' dir='ltr'>λοιπὸν</span> <span class='ocrx_word' id='word_1_539' title='bbox 1177 4186 1337 4251; x_wconf 74' lang='grc' dir='ltr'>εῖναι,</span> <span class='ocrx_word' id='word_1_540' title='bbox 1365 4190 1458 4240; x_wconf 74' lang='grc' dir='ltr'><strong>καὶ</strong></span> <span class='ocrx_word' id='word_1_541' title='bbox 1491 4185 1666 4248; x_wconf 76' lang='grc' dir='ltr'>οὕτως</span> <span class='ocrx_word' id='word_1_542' title='bbox 1695 4187 1722 4238; x_wconf 85' lang='grc' dir='ltr'>ὁ</span> <span class='ocrx_word' id='word_1_543' title='bbox 1759 4185 1901 4254; x_wconf 73' lang='grc' dir='ltr'>ἱερὸς</span> 
     </span>
    </p>
   </div>
   <div class='ocr_carea' id='block_1_72' title="bbox 337 4273 1900 4360">
    <p class='ocr_par' dir='ltr' id='par_1_72' title="bbox 337 4273 1900 4360">
     <span class='ocr_line' id='line_1_72' title="bbox 337 4273 1900 4360; baseline -0.013 -15"><span class='ocrx_word' id='word_1_544' title='bbox 337 4290 504 4360; x_wconf 76' lang='grc' dir='ltr'>ἄρτος</span> <span class='ocrx_word' id='word_1_545' title='bbox 521 4285 610 4340; x_wconf 87' lang='grc' dir='ltr'>τδν</span> <span class='ocrx_word' id='word_1_546' title='bbox 627 4283 745 4337; x_wconf 83' lang='grc' dir='ltr'>νέον</span> <span class='ocrx_word' id='word_1_547' title='bbox 766 4282 1004 4348; x_wconf 80' lang='grc' dir='ltr'>εἰσάγων</span> <span class='ocrx_word' id='word_1_548' title='bbox 1024 4279 1308 4348; x_wconf 73' lang='grc' dir='ltr'>ἄνθρωπον</span> <span class='ocrx_word' id='word_1_549' title='bbox 1335 4275 1630 4346; x_wconf 79' lang='grc' dir='ltr'>πρόρριζον</span> <span class='ocrx_word' id='word_1_550' title='bbox 1650 4273 1900 4326; x_wconf 79' lang='grc' dir='ltr'>ἐκϐάλλει</span> 
     </span>
    </p>
   </div>
   <div class='ocr_carea' id='block_1_73' title="bbox 333 4363 1901 4440">
    <p class='ocr_par' dir='ltr' id='par_1_73' title="bbox 333 4363 1901 4440">
     <span class='ocr_line' id='line_1_73' title="bbox 333 4363 1901 4440; baseline -0.01 -9"><span class='ocrx_word' id='word_1_551' title='bbox 333 4381 426 4434; x_wconf 76' lang='grc' dir='ltr'><strong>τὸν</strong></span> <span class='ocrx_word' id='word_1_552' title='bbox 450 4375 701 4431; x_wconf 80' lang='grc' dir='ltr'>παλαιόν.</span> <span class='ocrx_word' id='word_1_553' title='bbox 737 4373 845 4426; x_wconf 83' lang='grc' dir='ltr'><strong>Καὶ</strong></span> <span class='ocrx_word' id='word_1_554' title='bbox 868 4371 1028 4424; x_wconf 80' lang='grc' dir='ltr'>τοῦτο</span> <span class='ocrx_word' id='word_1_555' title='bbox 1059 4370 1167 4440; x_wconf 85' lang='grc' dir='ltr'>γὰρ</span> <span class='ocrx_word' id='word_1_556' title='bbox 1199 4370 1298 4433; x_wconf 81' lang='grc' dir='ltr'>τῆς</span> <span class='ocrx_word' id='word_1_557' title='bbox 1325 4368 1477 4436; x_wconf 80' lang='grc' dir='ltr'>ἱερᾶς</span> <span class='ocrx_word' id='word_1_558' title='bbox 1507 4366 1668 4434; x_wconf 76' lang='grc' dir='ltr'>ἔργον</span> <span class='ocrx_word' id='word_1_559' title='bbox 1693 4363 1901 4435; x_wconf 77' lang='grc' dir='ltr'>τραπέ-</span> 
     </span>
    </p>
   </div>
   <div class='ocr_carea' id='block_1_74' title="bbox 2065 3168 3557 3248">
    <p class='ocr_par' dir='ltr' id='par_1_74' title="bbox 2065 3168 3557 3248">
     <span class='ocr_line' id='line_1_74' title="bbox 2065 3168 3557 3248; baseline -0.009 -14"><span class='ocrx_word' id='word_1_560' title='bbox 2065 3180 2251 3248; x_wconf 83' lang='lat' dir='ltr'><strong>itaque</strong></span> <span class='ocrx_word' id='word_1_561' title='bbox 2283 3177 2328 3230; x_wconf 89' lang='lat' dir='ltr'><strong>si</strong></span> <span class='ocrx_word' id='word_1_562' title='bbox 2367 3190 2560 3229; x_wconf 89' lang='lat' dir='ltr'><strong>nomen</strong></span> <span class='ocrx_word' id='word_1_563' title='bbox 2601 3171 2943 3241; x_wconf 79' lang='lat' dir='ltr'><strong>cognationis</strong></span> <span class='ocrx_word' id='word_1_564' title='bbox 2981 3169 3424 3226; x_wconf 88' lang='lat' dir='ltr'><strong>communionem</strong></span> <span class='ocrx_word' id='word_1_565' title='bbox 3455 3168 3557 3222; x_wconf 87' lang='lat' dir='ltr'><strong>ali-</strong></span> 
     </span>
    </p>
   </div>
   <div class='ocr_carea' id='block_1_75' title="bbox 1995 3259 3555 3340">
    <p class='ocr_par' dir='ltr' id='par_1_75' title="bbox 1995 3259 3555 3340">
     <span class='ocr_line' id='line_1_75' title="bbox 1995 3259 3555 3340; baseline -0.009 -17"><span class='ocrx_word' id='word_1_566' title='bbox 1995 3285 2158 3340; x_wconf 90' lang='lat' dir='ltr'><strong>quam</strong></span> <span class='ocrx_word' id='word_1_567' title='bbox 2193 3265 2484 3338; x_wconf 87' lang='lat' dir='ltr'><strong>signiﬁcat,</strong></span> <span class='ocrx_word' id='word_1_568' title='bbox 2523 3275 2577 3317; x_wconf 91' lang='lat' dir='ltr'><strong>et</strong></span> <span class='ocrx_word' id='word_1_569' title='bbox 2608 3278 2702 3317; x_wconf 89' lang='lat' dir='ltr'><strong>eos</strong></span> <span class='ocrx_word' id='word_1_570' title='bbox 2744 3263 2970 3325; x_wconf 92' lang='lat' dir='ltr'><strong>indicat,</strong></span> <span class='ocrx_word' id='word_1_571' title='bbox 3005 3262 3222 3331; x_wconf 82' lang='lat' dir='ltr'><strong>Opinor,</strong></span> <span class='ocrx_word' id='word_1_572' title='bbox 3253 3259 3347 3329; x_wconf 90' lang='lat' dir='ltr'><strong>qui</strong></span> <span class='ocrx_word' id='word_1_573' title='bbox 3401 3273 3555 3312; x_wconf 91' lang='lat' dir='ltr'><strong>com-</strong></span> 
     </span>
    </p>
   </div>
   <div class='ocr_carea' id='block_1_76' title="bbox 1996 3350 3560 3424">
    <p class='ocr_par' dir='ltr' id='par_1_76' title="bbox 1996 3350 3560 3424">
     <span class='ocr_line' id='line_1_76' title="bbox 1996 3350 3560 3424; baseline -0.008 -11"><span class='ocrx_word' id='word_1_574' title='bbox 1996 3359 2260 3415; x_wconf 88' lang='lat' dir='ltr'><strong>munitate</strong></span> <span class='ocrx_word' id='word_1_575' title='bbox 2292 3354 2576 3424; x_wconf 78' lang='lat' dir='ltr'><strong>sanguinis</strong></span> <span class='ocrx_word' id='word_1_576' title='bbox 2633 3352 2873 3421; x_wconf 88' lang='lat' dir='ltr'><strong>copulati</strong></span> <span class='ocrx_word' id='word_1_577' title='bbox 2906 3360 3054 3413; x_wconf 89' lang='lat' dir='ltr'><strong>sunt,</strong></span> <span class='ocrx_word' id='word_1_578' title='bbox 3105 3351 3224 3403; x_wconf 89' lang='lat' dir='ltr'><strong>sola</strong></span> <span class='ocrx_word' id='word_1_579' title='bbox 3283 3350 3386 3402; x_wconf 89' lang='lat' dir='ltr'><strong>erit</strong></span> <span class='ocrx_word' id='word_1_580' title='bbox 3431 3363 3560 3402; x_wconf 75' lang='lat' dir='ltr'><strong>saa—</strong></span> 
     </span>
    </p>
   </div>
   <div class='ocr_carea' id='block_1_77' title="bbox 1997 3439 3560 3523">
    <p class='ocr_par' dir='ltr' id='par_1_77' title="bbox 1997 3439 3560 3523">
     <span class='ocr_line' id='line_1_77' title="bbox 1997 3439 3560 3523; baseline -0.012 -16"><span class='ocrx_word' id='word_1_581' title='bbox 1997 3451 2179 3523; x_wconf 89' lang='lat' dir='ltr'><strong>guinis</strong></span> <span class='ocrx_word' id='word_1_582' title='bbox 2219 3445 2564 3506; x_wconf 89' lang='lat' dir='ltr'><strong>communio,</strong></span> <span class='ocrx_word' id='word_1_583' title='bbox 2596 3444 2710 3498; x_wconf 90' lang='lat' dir='ltr'><strong>sola</strong></span> <span class='ocrx_word' id='word_1_584' title='bbox 2739 3442 2988 3510; x_wconf 76' lang='lat' dir='ltr'><strong>cognatio</strong></span> <span class='ocrx_word' id='word_1_585' title='bbox 3046 3448 3102 3496; x_wconf 85' lang='grc' dir='ltr'><strong>ει</strong></span> <span class='ocrx_word' id='word_1_586' title='bbox 3128 3439 3340 3502; x_wconf 89' lang='lat' dir='ltr'><strong>llliatio,</strong></span> <span class='ocrx_word' id='word_1_587' title='bbox 3366 3455 3560 3492; x_wconf 90' lang='lat' dir='ltr'><strong>secun-</strong></span> 
     </span>
    </p>
   </div>
   <div class='ocr_carea' id='block_1_78' title="bbox 1997 3525 3558 3611">
    <p class='ocr_par' dir='ltr' id='par_1_78' title="bbox 1997 3525 3558 3611">
     <span class='ocr_line' id='line_1_78' title="bbox 1997 3525 3558 3611; baseline -0.011 -14"><span class='ocrx_word' id='word_1_588' title='bbox 1997 3544 2123 3597; x_wconf 90' lang='lat' dir='ltr'><strong>dum</strong></span> <span class='ocrx_word' id='word_1_589' title='bbox 2158 3555 2321 3611; x_wconf 86' lang='lat' dir='ltr'><strong>quam</strong></span> <span class='ocrx_word' id='word_1_590' title='bbox 2361 3552 2486 3594; x_wconf 89' lang='lat' dir='ltr'><strong>cum</strong></span> <span class='ocrx_word' id='word_1_591' title='bbox 2514 3535 2736 3590; x_wconf 88' lang='lat' dir='ltr'><strong>Christo</strong></span> <span class='ocrx_word' id='word_1_592' title='bbox 2766 3531 3259 3588; x_wconf 91' lang='lat' dir='ltr'><strong>communicamiis.</strong></span> <span class='ocrx_word' id='word_1_593' title='bbox 3289 3525 3478 3596; x_wconf 77' lang='lat' dir='ltr'><strong>Itaque</strong></span> <span class='ocrx_word' id='word_1_594' title='bbox 3504 3539 3558 3581; x_wconf 88' lang='lat' dir='ltr'><strong>et</strong></span> 
     </span>
    </p>
   </div>
   <div class='ocr_carea' id='block_1_79' title="bbox 1998 3613 3564 3700">
    <p class='ocr_par' dir='ltr' id='par_1_79' title="bbox 1998 3613 3564 3700">
     <span class='ocr_line' id='line_1_79' title="bbox 1998 3613 3564 3700; baseline -0.013 -10"><span class='ocrx_word' id='word_1_595' title='bbox 1998 3632 2260 3700; x_wconf 79' lang='lat' dir='ltr'><strong>naturalia</strong></span> <span class='ocrx_word' id='word_1_596' title='bbox 2295 3626 2572 3700; x_wconf 81' lang='lat' dir='ltr'><strong>generatio</strong></span> <span class='ocrx_word' id='word_1_597' title='bbox 2609 3626 2661 3680; x_wconf 93' lang='lat' dir='ltr'><strong>in</strong></span> <span class='ocrx_word' id='word_1_598' title='bbox 2696 3624 2782 3679; x_wconf 94' lang='lat' dir='ltr'><strong>his</strong></span> <span class='ocrx_word' id='word_1_599' title='bbox 2812 3623 3162 3678; x_wconf 87' lang='lat' dir='ltr'><strong>obscuratur.</strong></span> <span class='ocrx_word' id='word_1_600' title='bbox 3205 3638 3225 3672; x_wconf 79' lang='grc' dir='ltr'><strong>ι</strong></span> <span class='ocrx_word' id='word_1_601' title='bbox 3280 3613 3564 3688; x_wconf 78' lang='lat' dir='ltr'><strong>Quotquot</strong></span> 
     </span>
    </p>
   </div>
   <div class='ocr_carea' id='block_1_80' title="bbox 2000 3710 3559 3788">
    <p class='ocr_par' dir='ltr' id='par_1_80' title="bbox 2000 3710 3559 3788">
     <span class='ocr_line' id='line_1_80' title="bbox 2000 3710 3559 3788; baseline -0.012 -9"><span class='ocrx_word' id='word_1_602' title='bbox 2000 3735 2178 3779; x_wconf 90' lang='lat' dir='ltr'><strong>autem</strong></span> <span class='ocrx_word' id='word_1_603' title='bbox 2213 3737 2336 3777; x_wconf 86' lang='lat' dir='ltr'><strong>eum</strong></span> <span class='ocrx_word' id='word_1_604' title='bbox 2366 3724 2707 3788; x_wconf 83' lang='lat' dir='ltr'><strong>receperunt,</strong></span> <span class='ocrx_word' id='word_1_605' title='bbox 2737 3715 2930 3785; x_wconf 83' lang='lat' dir='ltr'><strong>inquit,</strong></span> <span class='ocrx_word' id='word_1_606' title='bbox 2962 3713 3110 3767; x_wconf 84' lang='lat' dir='ltr'><strong>dedit</strong></span> <span class='ocrx_word' id='word_1_607' title='bbox 3128 3710 3207 3766; x_wconf 89' lang='lat' dir='ltr'><strong>eis</strong></span> <span class='ocrx_word' id='word_1_608' title='bbox 3237 3718 3559 3781; x_wconf 88' lang='lat' dir='ltr'><strong>potestatem</strong></span> 
     </span>
    </p>
   </div>
   <div class='ocr_carea' id='block_1_81' title="bbox 2001 3803 3557 3873">
    <p class='ocr_par' dir='ltr' id='par_1_81' title="bbox 2001 3803 3557 3873">
     <span class='ocr_line' id='line_1_81' title="bbox 2001 3803 3557 3873; baseline -0.01 -3"><span class='ocrx_word' id='word_1_609' title='bbox 2001 3815 2142 3870; x_wconf 87' lang='lat' dir='ltr'><strong>ﬁlios</strong></span> <span class='ocrx_word' id='word_1_610' title='bbox 2183 3814 2272 3868; x_wconf 89' lang='lat' dir='ltr'><strong>Dei</strong></span> <span class='ocrx_word' id='word_1_611' title='bbox 2301 3812 2414 3866; x_wconf 88' lang='lat' dir='ltr'><strong>ﬁeri</strong></span> <span class='ocrx_word' id='word_1_612' title='bbox 2446 3810 2513 3863; x_wconf 69' lang='grc'>⁸⁸.</span> <span class='ocrx_word' id='word_1_613' title='bbox 2553 3827 2572 3861; x_wconf 72' lang='grc' dir='ltr'><strong>ι</strong></span> <span class='ocrx_word' id='word_1_614' title='bbox 2609 3807 2726 3862; x_wconf 87' lang='lat' dir='ltr'><strong>Non</strong></span> <span class='ocrx_word' id='word_1_615' title='bbox 2767 3816 2899 3862; x_wconf 86' lang='lat' dir='ltr'><strong>sunt</strong></span> <span class='ocrx_word' id='word_1_616' title='bbox 2931 3805 3044 3860; x_wconf 91' lang='lat' dir='ltr'><strong>nati</strong></span> <span class='ocrx_word' id='word_1_617' title='bbox 3067 3819 3134 3859; x_wconf 80' lang='lat' dir='ltr'><strong>ex</strong></span> <span class='ocrx_word' id='word_1_618' title='bbox 3175 3803 3557 3873; x_wconf 88' lang='lat' dir='ltr'><strong>sanguinihus.</strong></span> 
     </span>
    </p>
   </div>
   <div class='ocr_carea' id='block_1_82' title="bbox 2001 3899 3560 3970">
    <p class='ocr_par' dir='ltr' id='par_1_82' title="bbox 2001 3899 3560 3970">
     <span class='ocr_line' id='line_1_82' title="bbox 2001 3899 3560 3970; baseline -0.006 -10"><span class='ocrx_word' id='word_1_619' title='bbox 2001 3906 2215 3961; x_wconf 79' lang='lat' dir='ltr'><strong>tametsi</strong></span> <span class='ocrx_word' id='word_1_620' title='bbox 2244 3904 2355 3958; x_wconf 90' lang='lat' dir='ltr'><strong>naii</strong></span> <span class='ocrx_word' id='word_1_621' title='bbox 2385 3909 2532 3966; x_wconf 92' lang='lat' dir='ltr'><strong>sunt,</strong></span> <span class='ocrx_word' id='word_1_622' title='bbox 2557 3909 2612 3955; x_wconf 84' lang='lat' dir='ltr'><strong>et</strong></span> <span class='ocrx_word' id='word_1_623' title='bbox 2659 3899 2752 3970; x_wconf 91' lang='lat' dir='ltr'><strong>qui</strong></span> <span class='ocrx_word' id='word_1_624' title='bbox 2819 3912 2915 3952; x_wconf 89' lang='lat' dir='ltr'><strong>eos</strong></span> <span class='ocrx_word' id='word_1_625' title='bbox 2965 3904 3286 3965; x_wconf 74' lang='lat' dir='ltr'><strong>genuerunt,</strong></span> <span class='ocrx_word' id='word_1_626' title='bbox 3343 3907 3560 3950; x_wconf 89' lang='lat' dir='ltr'><strong>carnem</strong></span> 
     </span>
    </p>
   </div>
   <div class='ocr_carea' id='block_1_83' title="bbox 2001 3983 3545 4062">
    <p class='ocr_par' dir='ltr' id='par_1_83' title="bbox 2001 3983 3545 4062">
     <span class='ocr_line' id='line_1_83' title="bbox 2001 3983 3545 4062; baseline -0.011 -9"><span class='ocrx_word' id='word_1_627' title='bbox 2001 3998 2173 4054; x_wconf 88' lang='lat' dir='ltr'><strong>induti</strong></span> <span class='ocrx_word' id='word_1_628' title='bbox 2206 3996 2443 4054; x_wconf 77' lang='lat' dir='ltr'><strong>fuerunt.</strong></span> <span class='ocrx_word' id='word_1_629' title='bbox 2474 4001 2525 4048; x_wconf 89' lang='lat' dir='ltr'><strong>et</strong></span> <span class='ocrx_word' id='word_1_630' title='bbox 2545 4001 2731 4062; x_wconf 89' lang='lat' dir='ltr'><strong>partus</strong></span> <span class='ocrx_word' id='word_1_631' title='bbox 2765 3991 2854 4045; x_wconf 92' lang='lat' dir='ltr'><strong>ille</strong></span> <span class='ocrx_word' id='word_1_632' title='bbox 2911 3989 3056 4043; x_wconf 91' lang='lat' dir='ltr'><strong>hunc</strong></span> <span class='ocrx_word' id='word_1_633' title='bbox 3117 3985 3412 4054; x_wconf 71' lang='lat' dir='ltr'><strong>praecessit.</strong></span> <span class='ocrx_word' id='word_1_634' title='bbox 3439 3983 3545 4036; x_wconf 87' lang='lat' dir='ltr'><strong>Sed</strong></span> 
     </span>
    </p>
   </div>
   <div class='ocr_carea' id='block_1_84' title="bbox 2001 4075 3562 4148">
    <p class='ocr_par' dir='ltr' id='par_1_84' title="bbox 2001 4075 3562 4148">
     <span class='ocr_line' id='line_1_84' title="bbox 2001 4075 3562 4148; baseline -0.008 -7"><span class='ocrx_word' id='word_1_635' title='bbox 2001 4088 2352 4143; x_wconf 84' lang='lat' dir='ltr'><strong>vetustiorem</strong></span> <span class='ocrx_word' id='word_1_636' title='bbox 2388 4084 2660 4137; x_wconf 91' lang='lat' dir='ltr'><strong>recentior</strong></span> <span class='ocrx_word' id='word_1_637' title='bbox 2700 4088 2779 4134; x_wconf 87' lang='lat' dir='ltr'><strong>tot</strong></span> <span class='ocrx_word' id='word_1_638' title='bbox 2809 4079 3056 4148; x_wconf 89' lang='lat' dir='ltr'><strong>partibus</strong></span> <span class='ocrx_word' id='word_1_639' title='bbox 3088 4077 3218 4130; x_wconf 87' lang='lat' dir='ltr'><strong>vicit</strong></span> <span class='ocrx_word' id='word_1_640' title='bbox 3249 4115 3265 4140; x_wconf 93' lang='lat'><strong>,</strong></span> <span class='ocrx_word' id='word_1_641' title='bbox 3307 4085 3365 4130; x_wconf 90' lang='lat' dir='ltr'><strong>ut</strong></span> <span class='ocrx_word' id='word_1_642' title='bbox 3415 4075 3562 4128; x_wconf 90' lang='lat' dir='ltr'><strong>illius</strong></span> 
     </span>
    </p>
   </div>
   <div class='ocr_carea' id='block_1_85' title="bbox 2004 4166 3562 4246">
    <p class='ocr_par' dir='ltr' id='par_1_85' title="bbox 2004 4166 3562 4246">
     <span class='ocr_line' id='line_1_85' title="bbox 2004 4166 3562 4246; baseline -0.012 -12"><span class='ocrx_word' id='word_1_643' title='bbox 2004 4193 2177 4246; x_wconf 85' lang='lat' dir='ltr'><strong>neque</strong></span> <span class='ocrx_word' id='word_1_644' title='bbox 2212 4175 2513 4244; x_wconf 77' lang='lat' dir='ltr'><strong>vestigium.</strong></span> <span class='ocrx_word' id='word_1_645' title='bbox 2556 4185 2729 4239; x_wconf 89' lang='lat' dir='ltr'><strong>neque</strong></span> <span class='ocrx_word' id='word_1_646' title='bbox 2753 4183 2946 4222; x_wconf 91' lang='lat' dir='ltr'><strong>nomen</strong></span> <span class='ocrx_word' id='word_1_647' title='bbox 2977 4167 3233 4235; x_wconf 83' lang='lat' dir='ltr'><strong>supersit.</strong></span> <span class='ocrx_word' id='word_1_648' title='bbox 3264 4166 3328 4218; x_wconf 83' lang='lat' dir='ltr'><strong>Et</strong></span> <span class='ocrx_word' id='word_1_649' title='bbox 3371 4166 3442 4218; x_wconf 89' lang='lat' dir='ltr'><strong>ita</strong></span> <span class='ocrx_word' id='word_1_650' title='bbox 3475 4180 3562 4218; x_wconf 85' lang='lat' dir='ltr'><strong>sa-</strong></span> 
     </span>
    </p>
   </div>
   <div class='ocr_carea' id='block_1_86' title="bbox 2003 4255 3562 4338">
    <p class='ocr_par' dir='ltr' id='par_1_86' title="bbox 2003 4255 3562 4338">
     <span class='ocr_line' id='line_1_86' title="bbox 2003 4255 3562 4338; baseline -0.013 -11"><span class='ocrx_word' id='word_1_651' title='bbox 2003 4287 2093 4327; x_wconf 87' lang='lat' dir='ltr'><strong>cer</strong></span> <span class='ocrx_word' id='word_1_652' title='bbox 2127 4268 2280 4338; x_wconf 89' lang='lat' dir='ltr'><strong>panis</strong></span> <span class='ocrx_word' id='word_1_653' title='bbox 2305 4277 2503 4318; x_wconf 85' lang='lat' dir='ltr'><strong>novum</strong></span> <span class='ocrx_word' id='word_1_654' title='bbox 2543 4261 2815 4315; x_wconf 90' lang='lat' dir='ltr'><strong>hominem</strong></span> <span class='ocrx_word' id='word_1_655' title='bbox 2878 4257 3252 4319; x_wconf 89' lang='lat' dir='ltr'><strong>introducens,</strong></span> <span class='ocrx_word' id='word_1_656' title='bbox 3302 4255 3562 4309; x_wconf 88' lang='lat' dir='ltr'><strong>radicitus</strong></span> 
     </span>
    </p>
   </div>
   <div class='ocr_carea' id='block_1_87' title="bbox 2005 4345 3563 4423">
    <p class='ocr_par' dir='ltr' id='par_1_87' title="bbox 2005 4345 3563 4423">
     <span class='ocr_line' id='line_1_87' title="bbox 2005 4345 3563 4423; baseline -0.012 -8"><span class='ocrx_word' id='word_1_657' title='bbox 2005 4368 2239 4415; x_wconf 83' lang='lat' dir='ltr'><strong>veterem</strong></span> <span class='ocrx_word' id='word_1_658' title='bbox 2276 4355 2424 4423; x_wconf 86' lang='lat' dir='ltr'><strong>ejicit</strong></span> <span class='ocrx_word' id='word_1_659' title='bbox 2451 4370 2466 4415; x_wconf 86' lang='lat'><strong>;</strong></span> <span class='ocrx_word' id='word_1_660' title='bbox 2499 4367 2622 4406; x_wconf 91' lang='lat' dir='ltr'><strong>nam</strong></span> <span class='ocrx_word' id='word_1_661' title='bbox 2655 4359 2709 4404; x_wconf 89' lang='lat' dir='ltr'><strong>et</strong></span> <span class='ocrx_word' id='word_1_662' title='bbox 2741 4349 2882 4403; x_wconf 91' lang='lat' dir='ltr'><strong>istuc</strong></span> <span class='ocrx_word' id='word_1_663' title='bbox 2912 4362 3083 4402; x_wconf 65' lang='lat' dir='ltr'><strong>sacrae</strong></span> <span class='ocrx_word' id='word_1_664' title='bbox 3131 4360 3334 4400; x_wconf 73' lang='lat' dir='ltr'><strong>mensae</strong></span> <span class='ocrx_word' id='word_1_665' title='bbox 3389 4345 3563 4414; x_wconf 82' lang='lat' dir='ltr'><strong>quod-</strong></span> 
     </span>
    </p>
   </div>
   <div class='ocr_carea' id='block_1_88' title="bbox 339 4436 1889 4540">
    <p class='ocr_par' dir='ltr' id='par_1_88' title="bbox 339 4436 1889 4540">
     <span class='ocr_line' id='line_1_88' title="bbox 339 4436 1889 4540; baseline -0.011 -17"><span class='ocrx_word' id='word_1_666' title='bbox 339 4471 437 4540; x_wconf 83' lang='grc' dir='ltr'>ζης</span> <span class='ocrx_word' id='word_1_667' title='bbox 457 4486 470 4501; x_wconf 88' lang='grc'><strong>·</strong></span> <span class='ocrx_word' id='word_1_668' title='bbox 505 4468 554 4520; x_wconf 88' lang='grc' dir='ltr'><strong>οἱ</strong></span> <span class='ocrx_word' id='word_1_669' title='bbox 578 4467 688 4535; x_wconf 85' lang='grc' dir='ltr'>γὰρ</span> <span class='ocrx_word' id='word_1_670' title='bbox 710 4463 966 4522; x_wconf 80' lang='grc' dir='ltr'>λαϐόντες</span> <span class='ocrx_word' id='word_1_671' title='bbox 991 4436 1175 4524; x_wconf 79' lang='grc' dir='ltr'>αὑτὸν,</span> <span class='ocrx_word' id='word_1_672' title='bbox 1199 4458 1386 4528; x_wconf 66' lang='grc' dir='ltr'>φησιν,</span> <span class='ocrx_word' id='word_1_673' title='bbox 1404 4457 1504 4510; x_wconf 77' lang='grc' dir='ltr'><strong>οὐκ</strong></span> <span class='ocrx_word' id='word_1_674' title='bbox 1533 4455 1889 4526; x_wconf 70' lang='grc' dir='ltr'>ὲγεννήθησαι</span> 
     </span>
    </p>
   </div>
   <div class='ocr_carea' id='block_1_89' title="bbox 1989 4436 3563 4540">
    <p class='ocr_par' dir='ltr' id='par_1_89' title="bbox 2004 4436 3563 4508">
     <span class='ocr_line' id='line_1_89' title="bbox 2004 4436 3563 4508; baseline -0.011 -3"><span class='ocrx_word' id='word_1_675' title='bbox 2004 4453 2126 4505; x_wconf 90' lang='lat' dir='ltr'><strong>dam</strong></span> <span class='ocrx_word' id='word_1_676' title='bbox 2191 4461 2387 4502; x_wconf 90' lang='lat' dir='ltr'><strong>munus</strong></span> <span class='ocrx_word' id='word_1_677' title='bbox 2419 4453 2522 4499; x_wconf 86' lang='lat' dir='ltr'><strong>est.</strong></span> <span class='ocrx_word' id='word_1_678' title='bbox 2560 4440 2770 4495; x_wconf 90' lang='lat' dir='ltr'><strong>Etenim</strong></span> <span class='ocrx_word' id='word_1_679' title='bbox 2828 4437 2923 4508; x_wconf 92' lang='lat' dir='ltr'><strong>qui</strong></span> <span class='ocrx_word' id='word_1_680' title='bbox 2953 4447 3271 4506; x_wconf 90' lang='lat' dir='ltr'><strong>receperunt</strong></span> <span class='ocrx_word' id='word_1_681' title='bbox 3296 4452 3441 4499; x_wconf 89' lang='lat' dir='ltr'><strong>eum,</strong></span> <span class='ocrx_word' id='word_1_682' title='bbox 3480 4436 3563 4489; x_wconf 88' lang='lat' dir='ltr'><strong>in-</strong></span> 
     </span>
    </p>
   </div>
   <div class='ocr_carea' id='block_1_90' title="bbox 338 4547 1906 4627">
    <p class='ocr_par' dir='ltr' id='par_1_90' title="bbox 338 4547 1906 4627">
     <span class='ocr_line' id='line_1_90' title="bbox 338 4547 1906 4627; baseline -0.01 -14"><span class='ocrx_word' id='word_1_683' title='bbox 338 4560 398 4624; x_wconf 81' lang='grc' dir='ltr'>ὲξ</span> <span class='ocrx_word' id='word_1_684' title='bbox 432 4557 684 4627; x_wconf 76' lang='grc' dir='ltr'>αἱμάτων</span> <span class='ocrx_word' id='word_1_685' title='bbox 707 4573 722 4588; x_wconf 80' lang='grc' dir='ltr'><strong><em>ο</em></strong></span> <span class='ocrx_word' id='word_1_686' title='bbox 746 4553 877 4606; x_wconf 87' lang='grc' dir='ltr'>πότε</span> <span class='ocrx_word' id='word_1_687' title='bbox 911 4550 1154 4603; x_wconf 77' lang='grc' dir='ltr'>δὲαύτδν</span> <span class='ocrx_word' id='word_1_688' title='bbox 1183 4548 1557 4619; x_wconf 86' lang='grc' dir='ltr'>λαμϐάνομεν,</span> <span class='ocrx_word' id='word_1_689' title='bbox 1590 4547 1906 4615; x_wconf 78' lang='grc' dir='ltr'>ὲπιγνῶμεν</span> 
     </span>
    </p>
   </div>
   <div class='ocr_carea' id='block_1_91' title="bbox 335 4636 1901 4720">
    <p class='ocr_par' dir='ltr' id='par_1_91' title="bbox 335 4636 1901 4720">
     <span class='ocr_line' id='line_1_91' title="bbox 335 4636 1901 4720; baseline -0.01 -16"><span class='ocrx_word' id='word_1_690' title='bbox 335 4652 396 4704; x_wconf 77' lang='grc' dir='ltr'>τὸ</span> <span class='ocrx_word' id='word_1_691' title='bbox 424 4651 603 4720; x_wconf 69' lang='grc' dir='ltr'>ῥῆμα,</span> <span class='ocrx_word' id='word_1_692' title='bbox 639 4646 734 4700; x_wconf 77' lang='grc' dir='ltr'>καὶ</span> <span class='ocrx_word' id='word_1_693' title='bbox 761 4643 889 4714; x_wconf 81' lang='grc' dir='ltr'>παρ’</span> <span class='ocrx_word' id='word_1_694' title='bbox 921 4636 964 4710; x_wconf 83' lang='grc' dir='ltr'><strong>ᾧ</strong></span> <span class='ocrx_word' id='word_1_695' title='bbox 993 4641 1102 4695; x_wconf 87' lang='grc' dir='ltr'>τῶν</span> <span class='ocrx_word' id='word_1_696' title='bbox 1133 4640 1450 4712; x_wconf 81' lang='grc' dir='ltr'>μυστηρίων</span> <span class='ocrx_word' id='word_1_697' title='bbox 1477 4638 1692 4707; x_wconf 75' lang='grc' dir='ltr'>εἴρηται</span> <span class='ocrx_word' id='word_1_698' title='bbox 1723 4637 1901 4700; x_wconf 84' lang='grc' dir='ltr'>τοῦτο,</span> 
     </span>
    </p>
   </div>
   <div class='ocr_carea' id='block_1_92' title="bbox 337 4728 1906 4815">
    <p class='ocr_par' dir='ltr' id='par_1_92' title="bbox 337 4728 1906 4815">
     <span class='ocr_line' id='line_1_92' title="bbox 337 4728 1906 4815; baseline -0.013 -14"><span class='ocrx_word' id='word_1_699' title='bbox 337 4747 485 4815; x_wconf 83' lang='grc' dir='ltr'>λέγω</span> <span class='ocrx_word' id='word_1_700' title='bbox 538 4743 603 4812; x_wconf 84' lang='grc' dir='ltr'>δὴ</span> <span class='ocrx_word' id='word_1_701' title='bbox 647 4740 729 4804; x_wconf 84' lang='grc' dir='ltr'><strong>τὸ,</strong></span> <span class='ocrx_word' id='word_1_702' title='bbox 787 4757 806 4790; x_wconf 77' lang='grc' dir='ltr'><strong>ι</strong></span> <span class='ocrx_word' id='word_1_703' title='bbox 875 4737 1120 4791; x_wconf 87' lang='grc' dir='ltr'>Λάϐετε·</span> <span class='ocrx_word' id='word_1_704' title='bbox 1181 4752 1201 4786; x_wconf 73' lang='grc' dir='ltr'><strong>ι</strong></span> <span class='ocrx_word' id='word_1_705' title='bbox 1251 4733 1408 4803; x_wconf 82' lang='grc' dir='ltr'>δῆλον</span> <span class='ocrx_word' id='word_1_706' title='bbox 1447 4733 1579 4801; x_wconf 72' lang='grc' dir='ltr'>γὰρ,</span> <span class='ocrx_word' id='word_1_707' title='bbox 1607 4730 1682 4790; x_wconf 77' lang='grc' dir='ltr'>ὼς</span> <span class='ocrx_word' id='word_1_708' title='bbox 1726 4729 1819 4782; x_wconf 63' lang='grc' dir='ltr'><strong>ἐπὶ</strong></span> <span class='ocrx_word' id='word_1_709' title='bbox 1846 4728 1906 4781; x_wconf 60' lang='lat' dir='ltr'><strong>ib</strong></span> 
     </span>
    </p>
   </div>
   <div class='ocr_carea' id='block_1_93' title="bbox 339 4819 1905 4901">
    <p class='ocr_par' dir='ltr' id='par_1_93' title="bbox 339 4819 1905 4901">
     <span class='ocr_line' id='line_1_93' title="bbox 339 4819 1905 4901; baseline -0.013 -10"><span class='ocrx_word' id='word_1_710' title='bbox 339 4840 559 4892; x_wconf 84' lang='grc' dir='ltr'>δεῖπνον</span> <span class='ocrx_word' id='word_1_711' title='bbox 622 4832 796 4901; x_wconf 78' lang='grc' dir='ltr'>ταύτῃ</span> <span class='ocrx_word' id='word_1_712' title='bbox 847 4826 1164 4896; x_wconf 83' lang='grc' dir='ltr'>καλούμεθα</span> <span class='ocrx_word' id='word_1_713' title='bbox 1218 4828 1286 4895; x_wconf 74' lang='grc' dir='ltr'>τῇ</span> <span class='ocrx_word' id='word_1_714' title='bbox 1335 4825 1510 4892; x_wconf 74' lang='grc' dir='ltr'>φωνῇ,</span> <span class='ocrx_word' id='word_1_715' title='bbox 1574 4820 1696 4875; x_wconf 75' lang='grc' dir='ltr'>καθ’</span> <span class='ocrx_word' id='word_1_716' title='bbox 1728 4819 1758 4873; x_wconf 77' lang='grc' dir='ltr'>ὅ</span> <span class='ocrx_word' id='word_1_717' title='bbox 1813 4820 1905 4872; x_wconf 77' lang='grc' dir='ltr'><strong>τὸν</strong></span> 
     </span>
    </p>
   </div>
   <div class='ocr_carea' id='block_1_94' title="bbox 339 4911 1905 5000">
    <p class='ocr_par' dir='ltr' id='par_1_94' title="bbox 339 4911 1905 5000">
     <span class='ocr_line' id='line_1_94' title="bbox 339 4911 1905 5000; baseline -0.013 -16"><span class='ocrx_word' id='word_1_718' title='bbox 339 4926 579 5000; x_wconf 76' lang='grc' dir='ltr'>Χριστὸν</span> <span class='ocrx_word' id='word_1_719' title='bbox 603 4926 700 4979; x_wconf 81' lang='grc' dir='ltr'>καὶ</span> <span class='ocrx_word' id='word_1_720' title='bbox 733 4923 891 4994; x_wconf 72' lang='grc' dir='ltr'>χερσὶ</span> <span class='ocrx_word' id='word_1_721' title='bbox 928 4919 1278 4989; x_wconf 84' lang='grc' dir='ltr'>λαμϐάνομεν</span> <span class='ocrx_word' id='word_1_722' title='bbox 1300 4913 1520 4984; x_wconf 85' lang='grc' dir='ltr'>άληθῶς</span> <span class='ocrx_word' id='word_1_723' title='bbox 1552 4914 1646 4966; x_wconf 74' lang='grc' dir='ltr'>καὶ</span> <span class='ocrx_word' id='word_1_724' title='bbox 1676 4911 1905 4980; x_wconf 86' lang='grc' dir='ltr'>στόματι</span> 
     </span>
    </p>
   </div>
   <div class='ocr_carea' id='block_1_95' title="bbox 342 5001 1909 5092">
    <p class='ocr_par' dir='ltr' id='par_1_95' title="bbox 342 5001 1909 5092">
     <span class='ocr_line' id='line_1_95' title="bbox 342 5001 1909 5092; baseline -0.015 -17"><span class='ocrx_word' id='word_1_725' title='bbox 342 5017 614 5092; x_wconf 79' lang='grc' dir='ltr'>δεχόμεθα</span> <span class='ocrx_word' id='word_1_726' title='bbox 712 5015 808 5068; x_wconf 73' lang='grc' dir='ltr'>καὶ</span> <span class='ocrx_word' id='word_1_727' title='bbox 861 5013 1006 5083; x_wconf 83' lang='grc' dir='ltr'>ψυχῇ</span> <span class='ocrx_word' id='word_1_728' title='bbox 1083 5008 1468 5078; x_wconf 85' lang='grc' dir='ltr'>συμμίγνυμεν</span> <span class='ocrx_word' id='word_1_729' title='bbox 1526 5005 1623 5057; x_wconf 73' lang='grc' dir='ltr'>καὶ</span> <span class='ocrx_word' id='word_1_730' title='bbox 1695 5001 1909 5071; x_wconf 87' lang='grc' dir='ltr'>σώματι</span> 
     </span>
    </p>
   </div>
   <div class='ocr_carea' id='block_1_96' title="bbox 347 5091 1910 5178">
    <p class='ocr_par' dir='ltr' id='par_1_96' title="bbox 347 5091 1910 5178">
     <span class='ocr_line' id='line_1_96' title="bbox 347 5091 1910 5178; baseline -0.015 -14"><span class='ocrx_word' id='word_1_731' title='bbox 347 5091 692 5178; x_wconf 83' lang='grc' dir='ltr'>συνάπτομεν</span> <span class='ocrx_word' id='word_1_732' title='bbox 741 5105 836 5159; x_wconf 74' lang='grc' dir='ltr'><strong>καὶ</strong></span> <span class='ocrx_word' id='word_1_733' title='bbox 875 5101 1152 5172; x_wconf 87' lang='grc' dir='ltr'>κιρνῶμεν</span> <span class='ocrx_word' id='word_1_734' title='bbox 1181 5099 1398 5168; x_wconf 78' lang='grc' dir='ltr'>αἵματι,</span> <span class='ocrx_word' id='word_1_735' title='bbox 1431 5094 1524 5148; x_wconf 71' lang='grc' dir='ltr'>καὶ</span> <span class='ocrx_word' id='word_1_736' title='bbox 1555 5094 1817 5163; x_wconf 83' lang='grc' dir='ltr'>πρόσεστι</span> <span class='ocrx_word' id='word_1_737' title='bbox 1847 5091 1910 5142; x_wconf 80' lang='grc' dir='ltr'><strong>τὸ</strong></span> 
     </span>
    </p>
   </div>
   <div class='ocr_carea' id='block_1_97' title="bbox 345 5181 1910 5264">
    <p class='ocr_par' dir='ltr' id='par_1_97' title="bbox 345 5181 1910 5264">
     <span class='ocr_line' id='line_1_97' title="bbox 345 5181 1910 5264; baseline -0.014 -9"><span class='ocrx_word' id='word_1_738' title='bbox 345 5201 596 5262; x_wconf 79' lang='grc' dir='ltr'>δικαίως.</span> <span class='ocrx_word' id='word_1_739' title='bbox 650 5198 776 5259; x_wconf 84' lang='grc' dir='ltr'>Τοῖς</span> <span class='ocrx_word' id='word_1_740' title='bbox 821 5191 1104 5264; x_wconf 80' lang='grc' dir='ltr'>γὰρόὖτω</span> <span class='ocrx_word' id='word_1_741' title='bbox 1144 5191 1236 5242; x_wconf 82' lang='grc' dir='ltr'><strong>τὸν</strong></span> <span class='ocrx_word' id='word_1_742' title='bbox 1285 5189 1515 5257; x_wconf 85' lang='grc' dir='ltr'>Σωτῆρα</span> <span class='ocrx_word' id='word_1_743' title='bbox 1560 5186 1654 5241; x_wconf 71' lang='grc' dir='ltr'><strong>καὶ</strong></span> <span class='ocrx_word' id='word_1_744' title='bbox 1683 5181 1910 5238; x_wconf 85' lang='grc' dir='ltr'>λαϐοῦσι</span> 
     </span>
    </p>
   </div>
   <div class='ocr_carea' id='block_1_98' title="bbox 349 5275 1912 5372">
    <p class='ocr_par' dir='ltr' id='par_1_98' title="bbox 349 5275 1912 5372">
     <span class='ocr_line' id='line_1_98' title="bbox 349 5275 1912 5372; baseline -0.013 -24"><span class='ocrx_word' id='word_1_745' title='bbox 349 5294 445 5349; x_wconf 80' lang='grc' dir='ltr'>καὶ</span> <span class='ocrx_word' id='word_1_746' title='bbox 479 5288 812 5372; x_wconf 60' lang='grc' dir='ltr'>κατασχοῦσι</span> <span class='ocrx_word' id='word_1_747' title='bbox 835 5286 1113 5346; x_wconf 82' lang='grc' dir='ltr'>διατέλους</span> <span class='ocrx_word' id='word_1_748' title='bbox 1139 5283 1254 5335; x_wconf 78' lang='grc' dir='ltr'>ἐστὶ</span> <span class='ocrx_word' id='word_1_749' title='bbox 1282 5281 1380 5351; x_wconf 79' lang='grc' dir='ltr'>μὲν</span> <span class='ocrx_word' id='word_1_750' title='bbox 1408 5280 1567 5342; x_wconf 77' lang='grc' dir='ltr'>αὐτὸς</span> <span class='ocrx_word' id='word_1_751' title='bbox 1595 5275 1912 5348; x_wconf 74' lang='grc' dir='ltr'>ἁρμόζουσα</span> 
     </span>
    </p>
   </div>
   <div class='ocr_carea' id='block_1_99' title="bbox 233 5371 1911 5460">
    <p class='ocr_par' dir='ltr' id='par_1_99' title="bbox 233 5371 1911 5460">
     <span class='ocr_line' id='line_1_99' title="bbox 233 5371 1911 5460; baseline -0.014 -19"><span class='ocrx_word' id='word_1_752' title='bbox 233 5437 238 5440; x_wconf 89' lang='grc'><strong>.</strong></span> <span class='ocrx_word' id='word_1_753' title='bbox 347 5371 582 5460; x_wconf 78' lang='grc' dir='ltr'>κεφαλὴ,</span> <span class='ocrx_word' id='word_1_754' title='bbox 616 5381 790 5450; x_wconf 86' lang='grc' dir='ltr'>τούτῳ</span> <span class='ocrx_word' id='word_1_755' title='bbox 830 5379 885 5431; x_wconf 85' lang='grc' dir='ltr'><strong>δὲ</strong></span> <span class='ocrx_word' id='word_1_756' title='bbox 918 5379 1116 5430; x_wconf 68' lang='grc' dir='ltr'>ἐκεῖνοι</span> <span class='ocrx_word' id='word_1_757' title='bbox 1141 5373 1423 5444; x_wconf 82' lang='grc' dir='ltr'>πρέποντα</span> <span class='ocrx_word' id='word_1_758' title='bbox 1456 5371 1623 5441; x_wconf 83' lang='grc' dir='ltr'>μέλη·</span> <span class='ocrx_word' id='word_1_759' title='bbox 1657 5371 1911 5436; x_wconf 86' lang='grc' dir='ltr'>γέννησιν</span> 
     </span>
    </p>
   </div>
   <div class='ocr_carea' id='block_1_100' title="bbox 347 5457 1914 5542">
    <p class='ocr_par' dir='ltr' id='par_1_100' title="bbox 347 5457 1914 5542">
     <span class='ocr_line' id='line_1_100' title="bbox 347 5457 1914 5542; baseline -0.011 -14"><span class='ocrx_word' id='word_1_760' title='bbox 347 5461 406 5528; x_wconf 66' lang='grc' dir='ltr'><strong>δὲ</strong></span> <span class='ocrx_word' id='word_1_761' title='bbox 429 5457 499 5526; x_wconf 82' lang='grc' dir='ltr'>τὰ</span> <span class='ocrx_word' id='word_1_762' title='bbox 545 5473 681 5542; x_wconf 86' lang='grc' dir='ltr'>μέλη</span> <span class='ocrx_word' id='word_1_763' title='bbox 715 5467 1046 5538; x_wconf 82' lang='grc' dir='ltr'>γεννηθῆναι</span> <span class='ocrx_word' id='word_1_764' title='bbox 1079 5470 1145 5535; x_wconf 77' lang='grc' dir='ltr'>τῇ</span> <span class='ocrx_word' id='word_1_765' title='bbox 1189 5464 1400 5532; x_wconf 82' lang='grc' dir='ltr'>κεφαλῇ</span> <span class='ocrx_word' id='word_1_766' title='bbox 1433 5461 1534 5532; x_wconf 83' lang='grc' dir='ltr'><strong>τὴν</strong></span> <span class='ocrx_word' id='word_1_767' title='bbox 1580 5459 1749 5527; x_wconf 77' lang='grc' dir='ltr'>αὐτὴν</span> <span class='ocrx_word' id='word_1_768' title='bbox 1784 5457 1914 5511; x_wconf 82' lang='grc' dir='ltr'>ἀκό-</span> 
     </span>
    </p>
   </div>
   <div class='ocr_carea' id='block_1_101' title="bbox 349 5549 1912 5632">
    <p class='ocr_par' dir='ltr' id='par_1_101' title="bbox 349 5549 1912 5632">
     <span class='ocr_line' id='line_1_101' title="bbox 349 5549 1912 5632; baseline -0.011 -14"><span class='ocrx_word' id='word_1_769' title='bbox 349 5565 539 5618; x_wconf 80' lang='grc' dir='ltr'>λουθον</span> <span class='ocrx_word' id='word_1_770' title='bbox 571 5560 656 5632; x_wconf 80' lang='grc' dir='ltr'>ἦν.</span> <span class='ocrx_word' id='word_1_771' title='bbox 692 5563 808 5614; x_wconf 81' lang='grc' dir='ltr'>Οὐκ</span> <span class='ocrx_word' id='word_1_772' title='bbox 836 5559 896 5622; x_wconf 68' lang='grc' dir='ltr'><strong>ἐξ</strong></span> <span class='ocrx_word' id='word_1_773' title='bbox 921 5557 1171 5626; x_wconf 77' lang='grc' dir='ltr'>αἱμάτων</span> <span class='ocrx_word' id='word_1_774' title='bbox 1219 5557 1254 5625; x_wconf 77' lang='grc' dir='ltr'><strong>ἡ</strong></span> <span class='ocrx_word' id='word_1_775' title='bbox 1295 5554 1429 5624; x_wconf 72' lang='grc' dir='ltr'>σὰρξ</span> <span class='ocrx_word' id='word_1_776' title='bbox 1461 5553 1646 5622; x_wconf 78' lang='grc' dir='ltr'>ἐκείνη</span> <span class='ocrx_word' id='word_1_777' title='bbox 1692 5549 1816 5603; x_wconf 82' lang='grc' dir='ltr'><strong>οὐδὲ</strong></span> <span class='ocrx_word' id='word_1_778' title='bbox 1847 5550 1912 5602; x_wconf 70' lang='grc' dir='ltr'>ὲκ</span> 
     </span>
    </p>
   </div>
   <div class='ocr_carea' id='block_1_102' title="bbox 358 5641 1915 5726">
    <p class='ocr_par' dir='ltr' id='par_1_102' title="bbox 358 5641 1915 5726">
     <span class='ocr_line' id='line_1_102' title="bbox 358 5641 1915 5726; baseline -0.011 -16"><span class='ocrx_word' id='word_1_779' title='bbox 358 5657 668 5726; x_wconf 83' lang='grc' dir='ltr'>θελήματος</span> <span class='ocrx_word' id='word_1_780' title='bbox 697 5652 896 5723; x_wconf 82' lang='grc' dir='ltr'>σαρκὸς</span> <span class='ocrx_word' id='word_1_781' title='bbox 932 5649 1051 5703; x_wconf 78' lang='grc' dir='ltr'><strong>οὐδὲ</strong></span> <span class='ocrx_word' id='word_1_782' title='bbox 1097 5651 1160 5701; x_wconf 79' lang='grc' dir='ltr'>ὲκ</span> <span class='ocrx_word' id='word_1_783' title='bbox 1207 5647 1516 5716; x_wconf 81' lang='grc' dir='ltr'>θελήματος</span> <span class='ocrx_word' id='word_1_784' title='bbox 1546 5642 1758 5714; x_wconf 69' lang='grc' dir='ltr'>άνδρδῖ,</span> <span class='ocrx_word' id='word_1_785' title='bbox 1802 5641 1915 5694; x_wconf 79' lang='grc' dir='ltr'>ἀλλ’</span> 
     </span>
    </p>
   </div>
   <div class='ocr_carea' id='block_1_103' title="bbox 432 5819 1625 5894">
    <p class='ocr_par' dir='ltr' id='par_1_103' title="bbox 432 5819 1625 5894">
     <span class='ocr_line' id='line_1_103' title="bbox 432 5819 1625 5894; baseline -0.008 -11"><span class='ocrx_word' id='word_1_786' title='bbox 432 5828 653 5883; x_wconf 74' lang='lat' dir='ltr'><strong>“Joan.</strong></span> <span class='ocrx_word' id='word_1_787' title='bbox 694 5846 730 5894; x_wconf 89' lang='grc' dir='ltr'><strong>ι,</strong></span> <span class='ocrx_word' id='word_1_788' title='bbox 781 5828 864 5881; x_wconf 77' lang='lat' dir='ltr'><strong>l2.</strong></span> <span class='ocrx_word' id='word_1_789' title='bbox 939 5826 982 5858; x_wconf 79' lang='grc'><strong><em>⁸⁵</em></strong></span> <span class='ocrx_word' id='word_1_790' title='bbox 1032 5821 1222 5879; x_wconf 78' lang='lat' dir='ltr'><strong>Matth.</strong></span> <span class='ocrx_word' id='word_1_791' title='bbox 1261 5837 1406 5881; x_wconf 76' lang='lat' dir='ltr'><strong>xxvr.</strong></span> <span class='ocrx_word' id='word_1_792' title='bbox 1439 5819 1625 5874; x_wconf 72' lang='lat'><strong>26-27.</strong></span> 
     </span>
    </p>
   </div>
   <div class='ocr_carea' id='block_1_104' title="bbox 2009 4527 3560 4612">
    <p class='ocr_par' dir='ltr' id='par_1_104' title="bbox 2009 4527 3560 4612">
     <span class='ocr_line' id='line_1_104' title="bbox 2009 4527 3560 4612; baseline -0.014 -13"><span class='ocrx_word' id='word_1_793' title='bbox 2009 4543 2146 4612; x_wconf 88' lang='lat' dir='ltr'><strong>quit,</strong></span> <span class='ocrx_word' id='word_1_794' title='bbox 2178 4555 2282 4594; x_wconf 94' lang='lat' dir='ltr'><strong>non</strong></span> <span class='ocrx_word' id='word_1_795' title='bbox 2325 4545 2453 4593; x_wconf 91' lang='lat' dir='ltr'><strong>sunt</strong></span> <span class='ocrx_word' id='word_1_796' title='bbox 2481 4533 2592 4589; x_wconf 89' lang='lat' dir='ltr'><strong>nati</strong></span> <span class='ocrx_word' id='word_1_797' title='bbox 2627 4548 2692 4586; x_wconf 78' lang='lat' dir='ltr'><strong>ex</strong></span> <span class='ocrx_word' id='word_1_798' title='bbox 2728 4530 3106 4600; x_wconf 89' lang='lat' dir='ltr'><strong>sanguinibus.</strong></span> <span class='ocrx_word' id='word_1_799' title='bbox 3129 4527 3353 4594; x_wconf 84' lang='lat' dir='ltr'><strong>Quoties</strong></span> <span class='ocrx_word' id='word_1_800' title='bbox 3383 4537 3560 4580; x_wconf 88' lang='lat' dir='ltr'><strong>autem</strong></span> 
     </span>
    </p>
   </div>
   <div class='ocr_carea' id='block_1_105' title="bbox 2010 4620 3558 4704">
    <p class='ocr_par' dir='ltr' id='par_1_105' title="bbox 2010 4620 3558 4704">
     <span class='ocr_line' id='line_1_105' title="bbox 2010 4620 3558 4704; baseline -0.014 -16"><span class='ocrx_word' id='word_1_801' title='bbox 2010 4635 2187 4704; x_wconf 88' lang='lat' dir='ltr'><strong>ipsum</strong></span> <span class='ocrx_word' id='word_1_802' title='bbox 2216 4628 2530 4698; x_wconf 89' lang='lat' dir='ltr'><strong>recipimus,</strong></span> <span class='ocrx_word' id='word_1_803' title='bbox 2587 4624 2748 4680; x_wconf 88' lang='lat' dir='ltr'><strong>toties</strong></span> <span class='ocrx_word' id='word_1_804' title='bbox 2794 4624 3018 4677; x_wconf 76' lang='lat' dir='ltr'><strong>verbum</strong></span> <span class='ocrx_word' id='word_1_805' title='bbox 3072 4622 3177 4674; x_wconf 91' lang='lat' dir='ltr'><strong>hoc</strong></span> <span class='ocrx_word' id='word_1_806' title='bbox 3214 4620 3558 4685; x_wconf 82' lang='lat' dir='ltr'><strong>experimur;</strong></span> 
     </span>
    </p>
   </div>
   <div class='ocr_carea' id='block_1_106' title="bbox 2007 4709 3554 4791">
    <p class='ocr_par' dir='ltr' id='par_1_106' title="bbox 2007 4709 3554 4791">
     <span class='ocr_line' id='line_1_106' title="bbox 2007 4709 3554 4791; baseline -0.014 -12"><span class='ocrx_word' id='word_1_807' title='bbox 2007 4735 2060 4780; x_wconf 86' lang='lat' dir='ltr'><strong>et</strong></span> <span class='ocrx_word' id='word_1_808' title='bbox 2096 4726 2148 4777; x_wconf 93' lang='lat' dir='ltr'><strong>in</strong></span> <span class='ocrx_word' id='word_1_809' title='bbox 2201 4736 2310 4791; x_wconf 89' lang='lat' dir='ltr'><strong>quo</strong></span> <span class='ocrx_word' id='word_1_810' title='bbox 2345 4718 2604 4790; x_wconf 84' lang='lat' dir='ltr'><strong>mysterio</strong></span> <span class='ocrx_word' id='word_1_811' title='bbox 2644 4717 2846 4771; x_wconf 89' lang='lat' dir='ltr'><strong>dictum</strong></span> <span class='ocrx_word' id='word_1_812' title='bbox 2904 4717 2976 4768; x_wconf 86' lang='lat' dir='ltr'><strong>sit</strong></span> <span class='ocrx_word' id='word_1_813' title='bbox 3031 4711 3154 4772; x_wconf 89' lang='lat' dir='ltr'><strong>hoc,</strong></span> <span class='ocrx_word' id='word_1_814' title='bbox 3189 4729 3207 4761; x_wconf 75' lang='grc' dir='ltr'><strong>ι</strong></span> <span class='ocrx_word' id='word_1_815' title='bbox 3244 4709 3500 4773; x_wconf 79' lang='lat' dir='ltr'><strong>Accipite.</strong></span> <span class='ocrx_word' id='word_1_816' title='bbox 3535 4725 3554 4757; x_wconf 70' lang='grc' dir='ltr'><strong>ι</strong></span> 
     </span>
    </p>
   </div>
   <div class='ocr_carea' id='block_1_107' title="bbox 2010 4799 3564 4884">
    <p class='ocr_par' dir='ltr' id='par_1_107' title="bbox 2010 4799 3564 4884">
     <span class='ocr_line' id='line_1_107' title="bbox 2010 4799 3564 4884; baseline -0.013 -12"><span class='ocrx_word' id='word_1_817' title='bbox 2010 4819 2232 4884; x_wconf 83' lang='lat' dir='ltr'><strong>inquam</strong></span> <span class='ocrx_word' id='word_1_818' title='bbox 2258 4813 2326 4865; x_wconf 78' lang='lat'><strong>&quot;.</strong></span> <span class='ocrx_word' id='word_1_819' title='bbox 2359 4810 2582 4865; x_wconf 85' lang='lat' dir='ltr'><strong>Certum</strong></span> <span class='ocrx_word' id='word_1_820' title='bbox 2611 4816 2697 4863; x_wconf 92' lang='lat' dir='ltr'><strong>est</strong></span> <span class='ocrx_word' id='word_1_821' title='bbox 2725 4810 2777 4861; x_wconf 92' lang='lat' dir='ltr'><strong>in</strong></span> <span class='ocrx_word' id='word_1_822' title='bbox 2809 4819 2962 4860; x_wconf 74' lang='lat' dir='ltr'><strong>coena</strong></span> <span class='ocrx_word' id='word_1_823' title='bbox 2998 4816 3094 4856; x_wconf 93' lang='lat' dir='ltr'><strong>nos</strong></span> <span class='ocrx_word' id='word_1_824' title='bbox 3131 4801 3234 4854; x_wconf 89' lang='lat' dir='ltr'><strong>hac</strong></span> <span class='ocrx_word' id='word_1_825' title='bbox 3269 4815 3397 4854; x_wconf 88' lang='lat' dir='ltr'><strong>voce</strong></span> <span class='ocrx_word' id='word_1_826' title='bbox 3425 4799 3564 4852; x_wconf 85' lang='lat' dir='ltr'><strong>invi-</strong></span> 
     </span>
    </p>
   </div>
   <div class='ocr_carea' id='block_1_108' title="bbox 2011 4893 3561 4975">
    <p class='ocr_par' dir='ltr' id='par_1_108' title="bbox 2011 4893 3561 4975">
     <span class='ocr_line' id='line_1_108' title="bbox 2011 4893 3561 4975; baseline -0.012 -11"><span class='ocrx_word' id='word_1_827' title='bbox 2011 4911 2136 4972; x_wconf 90' lang='lat' dir='ltr'><strong>tari,</strong></span> <span class='ocrx_word' id='word_1_828' title='bbox 2169 4909 2223 4962; x_wconf 89' lang='lat' dir='ltr'><strong>in</strong></span> <span class='ocrx_word' id='word_1_829' title='bbox 2262 4920 2367 4975; x_wconf 89' lang='lat' dir='ltr'><strong>qua</strong></span> <span class='ocrx_word' id='word_1_830' title='bbox 2402 4903 2678 4959; x_wconf 87' lang='lat' dir='ltr'><strong>Christum</strong></span> <span class='ocrx_word' id='word_1_831' title='bbox 2709 4909 2764 4955; x_wconf 88' lang='lat' dir='ltr'><strong>et</strong></span> <span class='ocrx_word' id='word_1_832' title='bbox 2794 4898 3047 4953; x_wconf 83' lang='lat' dir='ltr'><strong>manibus</strong></span> <span class='ocrx_word' id='word_1_833' title='bbox 3076 4909 3203 4949; x_wconf 85' lang='lat' dir='ltr'><strong>vere</strong></span> <span class='ocrx_word' id='word_1_834' title='bbox 3241 4893 3561 4960; x_wconf 90' lang='lat' dir='ltr'><strong>accipimus,</strong></span> 
     </span>
    </p>
   </div>
   <div class='ocr_carea' id='block_1_109' title="bbox 2008 4985 3571 5066">
    <p class='ocr_par' dir='ltr' id='par_1_109' title="bbox 2008 4985 3571 5066">
     <span class='ocr_line' id='line_1_109' title="bbox 2008 4985 3571 5066; baseline -0.015 -9"><span class='ocrx_word' id='word_1_835' title='bbox 2008 5015 2060 5057; x_wconf 91' lang='lat' dir='ltr'><strong>et</strong></span> <span class='ocrx_word' id='word_1_836' title='bbox 2088 5015 2182 5055; x_wconf 90' lang='lat' dir='ltr'><strong>ore</strong></span> <span class='ocrx_word' id='word_1_837' title='bbox 2220 4997 2566 5066; x_wconf 88' lang='lat' dir='ltr'><strong>suscipimus,</strong></span> <span class='ocrx_word' id='word_1_838' title='bbox 2591 5001 2645 5047; x_wconf 91' lang='lat' dir='ltr'><strong>et</strong></span> <span class='ocrx_word' id='word_1_839' title='bbox 2675 4993 2872 5045; x_wconf 67' lang='lat' dir='ltr'><strong>anima:</strong></span> <span class='ocrx_word' id='word_1_840' title='bbox 2930 4985 3312 5049; x_wconf 90' lang='lat' dir='ltr'><strong>admiscemus,</strong></span> <span class='ocrx_word' id='word_1_841' title='bbox 3343 4992 3396 5037; x_wconf 92' lang='lat' dir='ltr'><strong>et</strong></span> <span class='ocrx_word' id='word_1_842' title='bbox 3447 4998 3571 5038; x_wconf 84' lang='lat' dir='ltr'><strong>cor-</strong></span> 
     </span>
    </p>
   </div>
   <div class='ocr_carea' id='block_1_110' title="bbox 2011 5074 3568 5165">
    <p class='ocr_par' dir='ltr' id='par_1_110' title="bbox 2011 5074 3568 5165">
     <span class='ocr_line' id='line_1_110' title="bbox 2011 5074 3568 5165; baseline -0.014 -16"><span class='ocrx_word' id='word_1_843' title='bbox 2011 5093 2128 5165; x_wconf 89' lang='lat' dir='ltr'><strong>pori</strong></span> <span class='ocrx_word' id='word_1_844' title='bbox 2158 5091 2503 5160; x_wconf 86' lang='lat' dir='ltr'><strong>copulamus,</strong></span> <span class='ocrx_word' id='word_1_845' title='bbox 2537 5095 2591 5140; x_wconf 90' lang='lat' dir='ltr'><strong>et</strong></span> <span class='ocrx_word' id='word_1_846' title='bbox 2626 5081 2878 5151; x_wconf 79' lang='lat' dir='ltr'><strong>sanguini</strong></span> <span class='ocrx_word' id='word_1_847' title='bbox 2911 5077 3307 5148; x_wconf 90' lang='lat' dir='ltr'><strong>immergimus.</strong></span> <span class='ocrx_word' id='word_1_848' title='bbox 3336 5077 3399 5129; x_wconf 85' lang='lat' dir='ltr'><strong>Et</strong></span> <span class='ocrx_word' id='word_1_849' title='bbox 3446 5074 3568 5144; x_wconf 89' lang='lat' dir='ltr'><strong>jure</strong></span> 
     </span>
    </p>
   </div>
   <div class='ocr_carea' id='block_1_111' title="bbox 2013 5167 3596 5255">
    <p class='ocr_par' dir='ltr' id='par_1_111' title="bbox 2013 5167 3596 5255">
     <span class='ocr_line' id='line_1_111' title="bbox 2013 5167 3596 5255; baseline -0.015 -14"><span class='ocrx_word' id='word_1_850' title='bbox 2013 5185 2264 5255; x_wconf 91' lang='lat' dir='ltr'><strong>quidem.</strong></span> <span class='ocrx_word' id='word_1_851' title='bbox 2301 5181 2394 5235; x_wconf 88' lang='lat' dir='ltr'><strong>Sic</strong></span> <span class='ocrx_word' id='word_1_852' title='bbox 2455 5176 2598 5233; x_wconf 89' lang='lat' dir='ltr'><strong>enim</strong></span> <span class='ocrx_word' id='word_1_853' title='bbox 2667 5173 3001 5229; x_wconf 88' lang='lat' dir='ltr'><strong>Salvatorem</strong></span> <span class='ocrx_word' id='word_1_854' title='bbox 3049 5179 3104 5223; x_wconf 89' lang='lat' dir='ltr'><strong>et</strong></span> <span class='ocrx_word' id='word_1_855' title='bbox 3155 5167 3596 5236; x_wconf 65' lang='lat' dir='ltr'><strong>accipientibus,</strong></span> 
     </span>
    </p>
   </div>
   <div class='ocr_carea' id='block_1_112' title="bbox 2012 5261 3571 5343">
    <p class='ocr_par' dir='ltr' id='par_1_112' title="bbox 2012 5261 3571 5343">
     <span class='ocr_line' id='line_1_112' title="bbox 2012 5261 3571 5343; baseline -0.013 -13"><span class='ocrx_word' id='word_1_856' title='bbox 2012 5287 2065 5330; x_wconf 88' lang='lat' dir='ltr'><strong>et</strong></span> <span class='ocrx_word' id='word_1_857' title='bbox 2091 5287 2263 5343; x_wconf 88' lang='lat' dir='ltr'><strong>usque</strong></span> <span class='ocrx_word' id='word_1_858' title='bbox 2288 5274 2352 5326; x_wconf 91' lang='lat' dir='ltr'><strong>ad</strong></span> <span class='ocrx_word' id='word_1_859' title='bbox 2383 5280 2688 5326; x_wconf 80' lang='lat' dir='ltr'><strong>extremum</strong></span> <span class='ocrx_word' id='word_1_860' title='bbox 2705 5265 2828 5320; x_wconf 76' lang='lat' dir='ltr'><strong>vitas</strong></span> <span class='ocrx_word' id='word_1_861' title='bbox 2857 5263 3236 5326; x_wconf 87' lang='lat' dir='ltr'><strong>retinentibus,</strong></span> <span class='ocrx_word' id='word_1_862' title='bbox 3265 5261 3380 5328; x_wconf 87' lang='lat' dir='ltr'><strong>ipse</strong></span> <span class='ocrx_word' id='word_1_863' title='bbox 3409 5265 3571 5325; x_wconf 90' lang='lat' dir='ltr'><strong>caput</strong></span> 
     </span>
    </p>
   </div>
   <div class='ocr_carea' id='block_1_113' title="bbox 2016 5348 3567 5425">
    <p class='ocr_par' dir='ltr' id='par_1_113' title="bbox 2016 5348 3567 5425">
     <span class='ocr_line' id='line_1_113' title="bbox 2016 5348 3567 5425; baseline -0.018 -1"><span class='ocrx_word' id='word_1_864' title='bbox 2016 5369 2266 5424; x_wconf 89' lang='lat' dir='ltr'><strong>idoneum</strong></span> <span class='ocrx_word' id='word_1_865' title='bbox 2295 5375 2350 5420; x_wconf 89' lang='lat' dir='ltr'><strong>et</strong></span> <span class='ocrx_word' id='word_1_866' title='bbox 2377 5361 2703 5419; x_wconf 85' lang='lat' dir='ltr'><strong>conveniens</strong></span> <span class='ocrx_word' id='word_1_867' title='bbox 2732 5364 2836 5421; x_wconf 85' lang='lat' dir='ltr'><strong>est,</strong></span> <span class='ocrx_word' id='word_1_868' title='bbox 2891 5365 2949 5410; x_wconf 88' lang='lat' dir='ltr'><strong>et</strong></span> <span class='ocrx_word' id='word_1_869' title='bbox 3006 5354 3105 5425; x_wconf 88' lang='lat' dir='ltr'><strong>ipsi</strong></span> <span class='ocrx_word' id='word_1_870' title='bbox 3131 5354 3300 5409; x_wconf 89' lang='lat' dir='ltr'><strong>eidem</strong></span> <span class='ocrx_word' id='word_1_871' title='bbox 3325 5348 3567 5403; x_wconf 87' lang='lat' dir='ltr'><strong>membra</strong></span> 
     </span>
    </p>
   </div>
   <div class='ocr_carea' id='block_1_114' title="bbox 2017 5434 3566 5522">
    <p class='ocr_par' dir='ltr' id='par_1_114' title="bbox 2017 5434 3566 5522">
     <span class='ocr_line' id='line_1_114' title="bbox 2017 5434 3566 5522; baseline -0.018 -9"><span class='ocrx_word' id='word_1_872' title='bbox 2017 5459 2260 5515; x_wconf 90' lang='lat' dir='ltr'><strong>decentia</strong></span> <span class='ocrx_word' id='word_1_873' title='bbox 2290 5473 2306 5522; x_wconf 83' lang='lat'><strong>;</strong></span> <span class='ocrx_word' id='word_1_874' title='bbox 2331 5454 2517 5509; x_wconf 89' lang='lat' dir='ltr'><strong>eadem</strong></span> <span class='ocrx_word' id='word_1_875' title='bbox 2541 5459 2721 5506; x_wconf 90' lang='lat' dir='ltr'><strong>autem</strong></span> <span class='ocrx_word' id='word_1_876' title='bbox 2754 5447 3108 5520; x_wconf 87' lang='lat' dir='ltr'><strong>generatione</strong></span> <span class='ocrx_word' id='word_1_877' title='bbox 3137 5442 3376 5498; x_wconf 89' lang='lat' dir='ltr'><strong>membra</strong></span> <span class='ocrx_word' id='word_1_878' title='bbox 3403 5434 3566 5501; x_wconf 89' lang='lat' dir='ltr'><strong>capiti</strong></span> 
     </span>
    </p>
   </div>
   <div class='ocr_carea' id='block_1_115' title="bbox 2019 5524 3620 5620">
    <p class='ocr_par' dir='ltr' id='par_1_115' title="bbox 2019 5524 3620 5620">
     <span class='ocr_line' id='line_1_115' title="bbox 2019 5524 3620 5620; baseline -0.017 -15"><span class='ocrx_word' id='word_1_879' title='bbox 2019 5547 2268 5620; x_wconf 86' lang='lat' dir='ltr'><strong>generari</strong></span> <span class='ocrx_word' id='word_1_880' title='bbox 2327 5557 2540 5612; x_wconf 67' lang='lat' dir='ltr'><strong>aequum</strong></span> <span class='ocrx_word' id='word_1_881' title='bbox 2598 5550 2736 5597; x_wconf 86' lang='lat' dir='ltr'><strong>erat.</strong></span> <span class='ocrx_word' id='word_1_882' title='bbox 2779 5539 2898 5594; x_wconf 84' lang='lat' dir='ltr'><strong>Non</strong></span> <span class='ocrx_word' id='word_1_883' title='bbox 2955 5538 3097 5592; x_wconf 90' lang='lat' dir='ltr'><strong>enim</strong></span> <span class='ocrx_word' id='word_1_884' title='bbox 3131 5550 3161 5588; x_wconf 92' lang='lat' dir='ltr'><strong>e</strong></span> <span class='ocrx_word' id='word_1_885' title='bbox 3211 5524 3568 5596; x_wconf 78' lang='lat' dir='ltr'><strong>sangbinibus</strong></span> <span class='ocrx_word' id='word_1_886' title='bbox 3611 5605 3620 5614; x_wconf 38' lang='lat'>.</span> 
     </span>
    </p>
   </div>
   <div class='ocr_carea' id='block_1_116' title="bbox 2023 5625 3572 5703">
    <p class='ocr_par' dir='ltr' id='par_1_116' title="bbox 2023 5625 3572 5703">
     <span class='ocr_line' id='line_1_116' title="bbox 2023 5625 3572 5703; baseline -0.019 -9"><span class='ocrx_word' id='word_1_887' title='bbox 2023 5654 2152 5695; x_wconf 86' lang='lat' dir='ltr'><strong>caro</strong></span> <span class='ocrx_word' id='word_1_888' title='bbox 2183 5638 2300 5700; x_wconf 90' lang='lat' dir='ltr'><strong>illa,</strong></span> <span class='ocrx_word' id='word_1_889' title='bbox 2339 5646 2511 5703; x_wconf 90' lang='lat' dir='ltr'><strong>neque</strong></span> <span class='ocrx_word' id='word_1_890' title='bbox 2547 5647 2612 5687; x_wconf 81' lang='lat' dir='ltr'><strong>ex</strong></span> <span class='ocrx_word' id='word_1_891' title='bbox 2643 5631 2919 5687; x_wconf 88' lang='lat' dir='ltr'><strong>voluntate</strong></span> <span class='ocrx_word' id='word_1_892' title='bbox 2951 5625 3156 5686; x_wconf 87' lang='lat' dir='ltr'><strong>carnis,</strong></span> <span class='ocrx_word' id='word_1_893' title='bbox 3184 5630 3357 5686; x_wconf 89' lang='lat' dir='ltr'><strong>neque</strong></span> <span class='ocrx_word' id='word_1_894' title='bbox 3382 5628 3449 5667; x_wconf 78' lang='lat' dir='ltr'><strong>ex</strong></span> <span class='ocrx_word' id='word_1_895' title='bbox 3474 5628 3572 5666; x_wconf 86' lang='lat' dir='ltr'><strong>vo-</strong></span> 
     </span>
    </p>
   </div>
  </div>
