4196 6308
585 407 692 472 δ’·ς3

1801 411 2113 473 NICOLAI
2153 411 2537 471 CABASlLrE

3730 405 3836 468 601

589 531 797 585 luntate
832 528 930 581 viri
957 529 1041 592 ⁶¹⁶;
1084 528 1176 582 sed
1210 542 1275 581 ex
1308 527 1417 582 Deo
1453 525 1657 596 Spiritu
1689 538 1880 583 sancto
1913 530 2156 584 exstitit:

2266 527 2330 581 ἐκ
2359 527 2496 581 Θεοῦ
2529 527 2623 580 τοῦ
2653 527 2812 594 ἁγίου
2856 503 3173 594 Πνεύματος
3199 537 3217 556 ο
3269 542 3291 576 ι
3356 521 3432 575 Τὸ
3461 520 3570 592 γὰρ
3605 519 3663 574 ἐν
3694 521 3835 588 αὐτῇ

594 642 615 673 ε
659 619 809 684 Quod
851 618 993 671 enim
1031 617 1083 670 in
1111 634 1173 670 ea
1206 628 1391 671 natum
1447 628 1551 680 est,
1610 619 1806 687 inquit,
1837 621 1903 675 de
1953 621 2160 690 Spiritu

589 724 779 767 sani-to
838 719 919 764 cst
970 711 1090 761 ⁸⁷.»
1129 709 1192 760 Ει
1261 708 1505 763 membra
1582 709 1689 762 isto
1765 713 1926 764 modo
2010 711 2161 765 nasci

591 812 1012 857 consentaneum
1041 809 1166 863 est,
1214 801 1647 870 quandoquidem
1690 813 1742 856 et
1797 803 1912 870 ipsa
1970 803 2162 872 capitis

591 893 866 952 generatio
899 893 1178 947 beatorum
1210 896 1434 946 istorum
1472 894 1836 948 membromnt
1883 897 2162 964 generatio

591 993 691 1036 est.
726 983 839 1037 Hoc
867 983 1009 1036 enim
1041 991 1123 1036 est
1149 986 1449 1038 constituta
1509 1000 1627 1039 esse
1675 986 1938 1048 membra,
1974 994 2160 1041 natum

545 1090 548 1094 '
592 1089 714 1128 esse
738 1084 919 1142 caput.
954 1075 1107 1139 Quod
1140 1074 1187 1128 si
1221 1075 1384 1129 etiam
1438 1077 1634 1146 cuique
1674 1077 2005 1146 principium
2039 1079 2164 1134 vitae

593 1175 676 1217 est
699 1168 998 1234 generatio,
1023 1174 1076 1218 et
1107 1166 1270 1219 vitam
1320 1167 1628 1226 inchoasse.
1661 1176 1744 1223 est
1799 1179 1985 1224 natum
2019 1185 2160 1235 esse,

595 1256 855 1316 quoniam
880 1257 990 1310 vita
1026 1258 1127 1326 ipsi
1159 1259 1549 1313 adhaerentium
1584 1259 1840 1316 Christus
1897 1271 2002 1325 est,
2060 1262 2164 1331 ipsi

593 1348 810 1402 Christo
839 1348 1006 1402 vitam
1050 1349 1192 1402 hanc
1224 1349 1494 1420 ingresso,
1551 1361 1790 1422 natoque
1841 1357 1956 1408 nati
2012 1364 2164 1411 sunt.

595 1439 796 1491 Tantus
827 1438 1090 1492 bonorum
1125 1454 1354 1494 acervus
1375 1456 1406 1495 e
1432 1456 1587 1497 sacra
1620 1459 1805 1499 mensa
1861 1445 2025 1501 nobis
2066 1461 2164 1502 ex-

595 1542 646 1582 οι
665 1527 793 1582 itur.
821 1530 858 1581 A
891 1543 1049 1596 poena
1093 1530 1304 1594 liberat,
1335 1531 1595 1600 pudorem
1645 1548 1711 1588 ex
1740 1542 1959 1602 peccato
1984 1536 2165 1590 orien-

597 1629 702 1672 tam
732 1621 948 1684 exterit,
985 1622 1445 1689 pulchritudinem
1485 1636 1720 1695 reparat,
1777 1625 2004 1682 Christo
2059 1628 2163 1698 ipsi

595 1708 801 1761 urctius
830 1709 1020 1779 alligat
1066 1727 1230 1780 quam
1264 1713 1536 1768 naturalia
1569 1715 1782 1770 vincula
1816 1726 2021 1786 queant
2044 1719 2165 1773 alli-

595 1812 754 1864 gare;
788 1809 848 1854 ut
873 1802 1035 1856 simul
1065 1813 1119 1856 et
1179 1804 1348 1859 semel
1397 1805 1598 1872 dicam,
1653 1807 1852 1875 quovis
1903 1809 2166 1880 mysterio

595 1893 957 1949 excellentius
989 1909 1118 1951 vero
1145 1895 1568 1955 Christianismo
1591 1898 1863 1968 perfectos
1893 1903 2094 1957 reddit.

667 2066 766 2122 Hic
790 2070 982 2126 multis
1013 2072 1162 2127 venit
1192 2073 1247 2128 in
1298 2084 1536 2131 mentem
1571 2077 1836 2134 admirari
1868 2095 2032 2150 super
2063 2081 2170 2137 hoc

595 2169 942 2215 sacramento
998 2164 1294 2230 quomodo,
1358 2181 1482 2221 cum
1518 2168 1589 2221 sit
1649 2168 2168 2226 excellentissimqu

593 2252 864 2317 omnium,
909 2253 1137 2324 ipsoque
1195 2256 1464 2326 baptismo
1514 2259 1716 2328 majus,
1751 2259 1808 2315 in
1849 2261 2170 2320 criminibus

595 2347 777 2394 tamen
808 2341 1058 2398 eluendls
1085 2343 1267 2400 minus
1293 2361 1358 2399 eo
1387 2362 1548 2415 posse
1571 2349 1839 2405 videatur.
1889 2351 1980 2406 Ille
2025 2355 2168 2408 enim

595 2431 732 2485 nihil
755 2433 923 2499 exigit
954 2434 1158 2489 laboris
1183 2453 1198 2502 ;
1225 2437 1328 2492 hoc
1357 2438 1683 2494 antecedere
1717 2440 1930 2497 labores
1951 2443 2168 2500 debent.

596 2523 654 2576 Et
669 2535 1020 2596 purgatorum
1038 2527 1254 2595 quidem
1275 2527 1369 2591 ibi,
1387 2529 1456 2583 ab
1477 2529 1542 2584 iis
1562 2530 1652 2599 qui
1679 2532 1945 2587 maculam
1965 2535 2168 2589 nullam

594 2631 820 2682 prorsus
865 2627 1280 2682 contraxerunt,
1336 2619 1545 2674 unllum
1604 2631 1686 2678 est
1735 2624 2060 2691 discrimen;
2103 2629 2171 2683 ad

593 2721 805 2759 ccenam
831 2716 1010 2761 autem
1034 2709 1432 2774 ventitantium,
1472 2712 1659 2768 multis
1705 2726 2055 2785 peccatorum
2093 2719 2174 2775 in-

593 2807 723 2851 sunt
749 2798 993 2867 vestigia.
1030 2798 1092 2853 Et
1116 2809 1176 2854 ut
1198 2801 1511 2858 distinctius
1536 2804 1858 2877 pleniusque
1903 2810 2169 2879 dicamus,

593 2905 715 2942 cum
749 2891 854 2944 tria
879 2890 981 2945 ista
1013 2891 1069 2946 in
1100 2894 1341 2960 peccatis
1377 2895 1799 2953 considerentur
1831 2919 1844 2954 :
1898 2904 2172 2969 peccantis

593 2995 843 3047 perversa
885 2983 1046 3045 actio,
1073 2996 1230 3052 pinna
1261 2984 1471 3039 obeam
1506 2988 1728 3053 luenda,
1785 2989 1913 3045 inde
1973 2991 2170 3061 injecta

593 3069 789 3121 animae
815 3070 1166 3137 proclivitas:
1202 3072 1272 3127 ab
1317 3074 1535 3129 actione
1584 3089 1932 3146 peccatorem
1987 3082 2170 3151 ipsum

2195 1851 2242 1912 B

2264 618 2541 688 γεννηθὲν,
2612 621 2800 686 φησὶν,
2845 619 2910 671 ὲκ
2960 617 3276 686 Πνεύματός
3320 615 3470 668 ἐστιν
3551 613 3749 680 ἁγίου·
3811 600 3852 666 ι’

2265 711 2413 772 είκὸς
2432 705 2502 777 ἦν
2526 710 2620 763 καὶ
2647 710 2888 778 τὰίμέλη
2913 709 3103 762 τοῦτον
3129 707 3459 776 γεννηθῆναι
3484 704 3579 758 τὸν
3607 705 3832 773 τρόπον,

2264 799 2400 852 ὅπου
2423 815 2486 866 γε
2508 798 2604 852 καὶ
2626 799 2766 868 αύτὴ
2789 801 2822 868 ή
2845 798 3100 867 γέννησις
3123 797 3222 864 τῆς
3243 795 3488 863 κεφαλῆς
3517 795 3625 848 τῶν
3656 794 3833 866 μελῶν

2263 890 2371 942 τῶν
2403 890 2693 960 μακαρίων
2719 890 2969 958 γέννησις
3001 883 3090 956 ἦν.
3133 887 3304 940 Τοῦτο
3333 887 3441 954 γάρ
3464 881 3534 956 ἦν
3564 886 3833 954 συστῆναι

2265 981 2334 1034 τά
2369 981 2526 1052 μέλη,
2562 982 2624 1034 τδ
2657 980 2985 1050 γεννηθῆναι
3026 980 3126 1048 τὴν
3163 978 3437 1046 κεφαλήν·
3475 979 3522 1029 εί
3563 977 3622 1030 δὲ
3658 977 3753 1031 καὶ
3801 979 3832 1045 ἠ

2266 1073 2411 1142 ἀρχὴ
2434 1072 2533 1140 τῆς
2562 1071 2709 1140 ζωῆς
2736 1071 2992 1139 γέννησίς
3041 1072 3187 1123 ἐστιν
3225 1069 3458 1138 ἑκάστῳ,
3511 1069 3606 1122 καὶ
3650 1069 3711 1121 τὸ
3741 1070 3840 1136 τὴν

2267 1161 2412 1232 ζωὴν
2451 1161 2746 1232 ἄρξασθαι,
2772 1161 2932 1215 τοῦτό
2963 1163 3076 1214 ἐστι
3115 1159 3464 1232 γεννηθῆναι,
3521 1159 3588 1212 δι’
3623 1153 3698 1213 ὧν
3727 1159 3838 1227 ζωὴ

2266 1255 2375 1307 τῶν
2425 1254 2576 1323 αύτῷ
2632 1253 3049 1324 προσκειμένων
3089 1253 3235 1305 ἐστὶν
3291 1254 3319 1304 ὁ
3366 1249 3624 1318 Χριστὸς,
3687 1251 3840 1304 αὐτοὶ

2266 1346 2618 1414 γεγέννηνται
2647 1344 2741 1399 τοῦ
2777 1345 3014 1414 Χριστοῦ
3047 1344 3153 1396 τὸν,
3176 1342 3292 1412 βίον
3327 1340 3518 1394 τοῦτον
3555 1341 3840 1410 εἰσεληλυ-

2270 1438 2422 1501 θότος
2470 1439 2565 1492 καὶ
2613 1436 2986 1505 γεννηθέντος.
3025 1433 3295 1495 Τοσοῦτσς
3345 1433 3521 1502 σωρδς
3549 1434 3684 1503 ἠμῐν
3707 1433 3842 1500 ἀγα-

2270 1528 2381 1581 θῶν
2411 1528 2520 1582 άπὸ
2551 1527 2651 1597 τῆς
2681 1529 2832 1596 ἱερᾶς
2871 1526 3080 1596 ἀνίσχει
3109 1524 3412 1595 τραπέζης,
3448 1523 3636 1593 ῥύεται
3664 1522 3838 1592 δίκης,

2271 1620 2624 1689 ἀποτρίϐεται
2649 1619 2750 1690 τὴν
2771 1620 2879 1674 ἀπὸ
2901 1619 3000 1688 τῆς
3022 1616 3298 1687 ἁμαρτίας
3323 1614 3606 1684 αἰσχύνην,
3638 1616 3844 1669 ἀνακα-

2268 1709 2443 1764 λεῖται
2506 1710 2606 1778 τὴν
2663 1709 2833 1780 ὥραν,
2889 1708 3040 1776 αύτῷ
3087 1705 3315 1778 προσδεῖ
3353 1704 3431 1774 τῷ
3476 1703 3696 1774 Χριστῷ
3732 1704 3842 1758 τῶν

2271 1800 2519 1868 φυσικῶν
2557 1799 2770 1869 δεσμῶν
2789 1797 3205 1869 ἀκριϐέστερον,
3239 1795 3300 1850 τδ
3347 1795 3602 1860 καθάπαξ
3645 1795 3839 1861 εἰπεῖν,

2268 1891 2509 1953 τελείους
2567 1892 2712 1943 ποιεῖ
2757 1889 2850 1942 τὸν
2904 1887 3082 1959 ἀληθῆ
3139 1883 3572 1958 Χριστιανισμὺν
3618 1885 3842 1955 τελετῆς

2270 1982 2490 2053 ἀπάσης
2518 1980 2908 2051 διαφερόντως.

2353 2072 2619 2126 Ἐνταῦθα
2660 2071 2716 2125 δὲ
2743 2070 2870 2142 περὶ
2901 2067 2998 2122 τοῦ
3041 2066 3341 2139 μυστηρίου
3385 2066 3602 2130 πολλοῖς
3637 2064 3841 2135 ἐπῆλθε

2273 2163 2598 2235 θαυμάζειν,
2633 2163 2683 2216 εί
2709 2161 2854 2216 οὕτω
2874 2158 3184 2214 τελεώτατα
3204 2159 3423 2214 πάντων
3449 2159 3595 2228 ἐχον,
3620 2155 3754 2227 πρδς
3783 2154 3844 2207 τὸ

2271 2256 2423 2310 λύειν
2455 2253 2688 2322 εὐθύνης
2717 2252 2812 2307 τοῦ
2850 2251 3226 2323 βαπτίσματος
3259 2249 3468 2302 ὲλάττω
3506 2249 3654 2302 δοκεῖ
3681 2247 3840 2300 δύνα·

2275 2347 2398 2400 σθαι
2432 2343 2614 2415 μεῖζον
2648 2341 2708 2395 δν
2729 2357 2742 2372 ο
2773 2341 2950 2395 ἐκεῖνο
2979 2339 3078 2412 μὲν
3106 2339 3217 2409 γὰρ
3245 2337 3400 2391 οὐδὲν
3429 2335 3747 2400 πονοῦντας,
3784 2335 3844 2387 τὸ

2270 2437 2328 2489 δὲ
2356 2435 2532 2488 πόνων
2560 2430 2950 2503 ἡγησαμένων.
2977 2430 3091 2484 Καὶ
3121 2428 3232 2482 τῶν
3266 2429 3365 2498 μὲν
3396 2428 3511 2480 ἐκεῖ
3539 2426 3841 2495 καθαρθέν-

2271 2543 2382 2581 των
2419 2527 2558 2595 πρὸς
2593 2525 2722 2587 τοῦς
2759 2522 2896 2594 μηδὲ
2923 2521 3024 2591 τὴν
3055 2521 3232 2590 ἀρχὴν
3283 2519 3554 2589 μολυσμὸν
3598 2517 3840 2570 ὁντινοῦν

2271 2619 2597 2688 δεξαμένους
2623 2613 2854 2686 οὐδεμία
2876 2612 3130 2683 διαφορὰ,
3165 2611 3274 2664 τῶν
3299 2611 3357 2664 δὲ
3387 2612 3477 2665 ,ἐπὶ⁸
3504 2608 3596 2663 τοῦ
3622 2609 3840 2661 δείπνου

2274 2711 2487 2772 πολλοῖς
2505 2708 2616 2762 τῶν
2631 2705 3044 2779 ἡμαρτημένων
3060 2703 3260 2757 ἔνεισιν
3283 2701 3403 2772 ῐχνη
3422 2719 3434 2732 ·
3459 2701 3550 2754 καὶ
3564 2700 3838 2762 διελόντας

2273 2803 2669 2872 ἀκριϐέστερον
2694 2801 2891 2858 εἰπεῖν.
2909 2796 3186 2866 τεττάρων
3205 2794 3408 2848 τούτων
3437 2795 3497 2845 ὲν
3524 2795 3634 2853 τοῖς
3659 2793 3843 2860 ἡμαρ-

2271 2893 2526 2960 τημένοις
2554 2887 2965 2959 θεωρουμένων,
2993 2884 3086 2939 τοῦ
3104 2885 3204 2954 τὴν
3233 2883 3508 2952 ἁμαρτίαν
3530 2881 3842 2951 ἐργασαμέ-

2273 3003 2390 3049 νου,
2435 2983 2536 3051 τῆς
2573 2981 2818 3050 πονηρᾶς
2850 2978 3162 3048 ἐνεργείας,
3194 2975 3294 3045 τῆς
3328 2974 3423 3028 ἐπὶ
3457 2974 3628 3045 ταύτῃ
3661 2974 3838 3044 δίκης,

2270 3078 2372 3144 τῆς
2401 3075 2612 3127 ἐκεῖθεν
2641 3071 2949 3140 ὲντεθείσης
2983 3071 3046 3140 τῇ
3069 3070 3214 3138 ψυχῇ
3244 3066 3580 3137 προτροπῆς,
3609 3066 3707 3135 τῆς
3740 3064 3841 3134 μὲν

595 3175 688 3227 per
733 3175 793 3214 se
836 3161 1120 3217 discedere
1139 3174 1378 3232 Oportet,
1399 3164 1649 3238 factoque
1675 3170 1780 3224 tlne
1797 3170 1862 3225 ad
1893 3172 2170 3230 lavacrum

2273 3165 2553 3235 ἐνεργείας
2583 3163 2745 3217 αὐτὸν
2790 3161 3002 3216 οἴκοθεν
3031 3158 3375 3230 ἀπηλλάχθαι
3407 3158 3487 3210 δεῖ
3515 3158 3606 3212 τὸν
3650 3159 3837 3227 είργα-

594 3249 810 3318 venire;
841 3260 1036 3306 castera
1065 3252 1370 3322 baptismus
1400 3256 1535 3311 nihil
1586 3259 1861 3326 quoquam
1889 3262 2170 3330 moliente,

2276 3259 2475 3328 σμένον
2499 3256 2594 3309 καὶ
2618 3254 2966 3324 πεπαυμένον
2993 3253 3082 3304 ἐπὶ
3110 3251 3169 3304 τὸ
3198 3249 3422 3320 λουτρὸν
3463 3249 3642 3318 ἥκειν,
3672 3250 3838 3303 τάλλα

593 3341 834 3398 simulet
863 3342 1073 3399 semele
1101 3345 1280 3400 medio
1339 3347 1499 3408 tollit,
1525 3357 1580 3402 et
1626 3363 1842 3416 poenam
1899 3352 2170 3423 videlicet,

2272 3350 2328 3404 δὲ
2349 3349 2407 3401 τὸ
2432 3348 2713 3418 βάπτισμα
2737 3345 2834 3415 μὲν
2856 3342 3013 3397 οῦδὲν
3030 3343 3244 3405 οὐδενὸς
3266 3341 3836 3411 πραγματευσαμένου

591 3442 646 3488 et
676 3435 942 3491 morbum.
971 3435 1158 3506 Itaque
1185 3448 1238 3492 et
1262 3439 1442 3508 ipsum
1466 3440 1557 3508 qui
1590 3443 1835 3509 peccavit
1858 3443 2170 3502 interimere

2273 3439 2525 3504 καθάπαξ
2566 3438 2631 3490 ὲκ
2664 3436 2830 3505 μέσου
2879 3433 3056 3486 πάντα
3090 3435 3251 3496 ποιεῖ,
3306 3432 3401 3485 καὶ
3434 3429 3531 3500 τὴν
3560 3431 3716 3499 δίκην
3747 3431 3839 3481 καὶ

591 3524 996 3594 quodammodo
1027 3526 1290 3582 creditur.
1316 3528 1527 3582 Etenim
1561 3529 1718 3597 aquis
1757 3531 2088 3601 immoritur,
2119 3546 2170 3593 et

2269 3534 2371 3600 τὴν
2405 3531 2582 3590 νόσον.
2617 3528 2761 3582 ὥστε
2795 3527 2888 3580 καὶ
2922 3525 3083 3579 αὐτὸν
3119 3525 3366 3594 ἀναιρεῖν
3399 3525 3718 3577 πιστεύεται
3750 3523 3840 3578 τὸν

593 3631 766 3670 novus
796 3617 961 3670 homo
1015 3625 1118 3682 est,
1167 3633 1327 3686 quem
1379 3619 1657 3673 lavacrum
1715 3622 1990 3689 producit.
2067 3627 2172 3682 Sa-

593 3720 684 3758 cer
738 3714 918 3760 autem
967 3707 1144 3774 panis,
1218 3722 1379 3774 quem
1439 3719 1697 3766 moestum
1747 3718 2069 3785 acceperit,
2117 3731 2172 3775 et

595 3810 693 3863 pro
726 3809 792 3851 eo
830 3809 896 3850 ac
920 3796 1146 3866 dignum
1180 3806 1268 3852 est
1295 3797 1363 3854 de
1395 3802 1643 3870 peccatis
1672 3803 1966 3871 dolentem,
1997 3825 2028 3864 a
2065 3811 2174 3865 cri-

595 3889 742 3942 mine
774 3887 980 3953 liberat,
1014 3888 1207 3957 animi;
1233 3905 1464 3960 pravum
1502 3895 1744 3950 habitum
1778 3899 1997 3956 abolet:
2053 3919 2162 3960 non

588 3988 773 4033 autem
827 3977 1050 4042 occidit,
1106 3995 1216 4034 non
1264 3981 1407 4035 enim
1468 3983 1536 4038 de
1604 3984 1816 4057 integro
1869 3991 2167 4049 reformare

595 4069 750 4132 solet,
784 4069 1004 4137 et]bunc
1032 4070 1209 4124 solum
1238 4073 1442 4140 peccati
1477 4073 1775 4131 terminum
1824 4078 2162 4140 immobilem

595 4161 872 4230 relinquit,
903 4167 957 4215 et
981 4176 1202 4216 manere
1229 4163 1381 4226 sinit,
1410 4177 1521 4218 non
1560 4165 1785 4235 quidem
1817 4171 2036 4228 crimini
2062 4177 2162 4229 ob-

596 4257 814 4309 noxium
842 4257 1096 4325 amplius,
1130 4257 1395 4312 audacem
1420 4269 1623 4315 tamen.
1661 4263 1802 4317 Sunt
1829 4281 1994 4333 porro
2062 4273 2158 4339 qui

591 4355 752 4400 notas
775 4347 954 4402 adhuc
986 4349 1161 4404 morbi
1199 4347 1401 4414 ferunt,
1443 4351 1843 4422 vulnerumque
1898 4359 2163 4427 pristino-

599 4451 716 4488 rum
738 4436 1041 4498 cicatrices,
1069 4437 1114 4490 si
1145 4436 1322 4492 minus
1343 4453 1504 4506 quam
1528 4449 1721 4507 parest
1743 4458 1933 4501 eorum
1966 4463 2167 4505 sanau-

595 4525 786 4579 dorum
823 4523 956 4593 ipsis
979 4540 1106 4578 cura
1154 4523 1334 4591 fuerit,
1391 4535 1448 4581 et
1480 4527 1666 4583 virtuti
1715 4533 2000 4593 medicinae
2055 4555 2165 4596 non

594 4614 853 4683 aequalem
877 4613 1070 4668 animze
1101 4614 1544 4682 praeparationem
1560 4618 1867 4689 attulerint;
1890 4633 1945 4680 et
1968 4641 2169 4700 purga-

595 4705 671 4760 tio
690 4705 792 4761 ista
816 4705 1002 4760 hocab
1019 4705 1108 4760 illa
1133 4703 1332 4766 ditl'ert.
1381 4707 1526 4776 quod
1573 4723 1682 4764 non
1725 4713 2056 4773 mortiﬁcare
2109 4727 2166 4774 et

590 4797 857 4866 reﬂngere
897 4795 1105 4852 dicitur
1159 4807 1522 4866 peccatorem,
1580 4803 1802 4871 etquod
1850 4815 2159 4864 manentem

590 4896 929 4956 peccatorem
963 4902 1086 4942 cum
1113 4896 1308 4957 purget
1348 4891 1757 4957 tantummodo,
1793 4909 1864 4949 ne
1900 4897 2005 4953 hoc
2032 4901 2156 4966 qui-

592 4979 717 5032 dem
746 4979 904 5036 nobis
924 4979 1058 5035 citra
1084 4969 1348 5034 laborem.
1373 4977 1498 5034 Haec
1523 4989 1704 5036 autem
1729 4983 1860 5038 nihil
1886 4985 1952 5039 ad
1972 5001 2160 5042 sacra-

594 5078 863 5135 mentum,
895 5070 990 5124 sed
1023 5069 1091 5124 ad
1119 5069 1293 5139 ipsam
1314 5069 1391 5124 rei
1437 5079 1686 5127 naturam
1747 5074 2039 5143 pertinent,
2100 5086 2162 5134 ut

589 5160 976 5229 intelligamus,
995 5172 1244 5229 oportere
1276 5160 1601 5217 criminibus
1625 5163 1866 5220 irretitus
1890 5165 1979 5222 hic
2034 5169 2160 5238 qui-

587 5253 711 5306 dem
764 5250 1028 5318 iuitiatos,
1061 5250 1418 5306 illic'samam
1465 5264 1680 5308 coenam
1728 5254 1992 5312 obeuntes
2033 5275 2159 5328 pur-

587 5359 726 5415 gari.

657 5519 727 5575 Et
761 5518 990 5590 quidem
1040 5520 1109 5575 de
1162 5520 1444 5578 laboribus
1479 5525 1762 5593 requisitis
1820 5527 1953 5584 illud
2004 5512 2152 5586 ditio".

593 5607 903 5674 Baptismus
915 5610 1159 5666 nondum
1181 5609 1466 5674 formatos,
1485 5628 1586 5670 nec
1609 5615 1678 5671 ad
1709 5616 1910 5674 bonum
1933 5635 2154 5678 cursum

667 5791 713 5822 “
751 5791 912 5850 Joau.
937 5793 1090 5859 1,13.
1168 5794 1212 5826 "
1254 5792 1448 5852 Matth.
1486 5813 1524 5864 t,
1556 5794 1646 5850 ‘20.

2270 3619 2797 3694 ἡμαρτηκόταΛζαὶ
2828 3617 2938 3688 γὰρ
2968 3616 3368 3685 ἐναποθνήσκει
3393 3618 3505 3679 τοῖς
3538 3616 3694 3668 ῦδασι
3745 3619 3837 3668 καὶ

2267 3719 2386 3777 νέος
2411 3716 2492 3776 τίς
2515 3716 2664 3766 ἐστιν
2695 3710 3003 3778 ἄνθρωπος,
3037 3707 3096 3762 δν
3121 3707 3410 3760 ἀναδίδωσι
3441 3708 3500 3761 τὸ
3526 3707 3748 3776 λουτρόν
3766 3725 3779 3741 ·
3811 3712 3839 3761 ὁ

2267 3808 2321 3862 δὲ
2353 3806 2497 3876 ίερδς
2545 3804 2734 3872 ἀρτος,
2765 3802 2824 3863 ὃν
2856 3800 2922 3854 ἂν
2968 3799 3258 3870 ἠνιαμένον
3287 3798 3444 3852 λάϐοι
3481 3801 3575 3852 καὶ
3605 3817 3839 3869 πεπονη-

2264 3897 2422 3963 κότα,
2449 3895 2558 3949 τῶν
2588 3893 2994 3965 ἡμαρτημένων
3026 3891 3191 3954 ἀξίως
3222 3891 3414 3960 ἀφίησι
3455 3891 3554 3960 μὲν
3585 3892 3836 3965 εὐθύνης,

2265 3989 2566 4052 ἁποκλύζει
2586 3987 2644 4041 δὲ
2667 3964 2767 4056 τῆς
2792 3985 3032 4055 πονηρᾶς
3052 3981 3220 4048 ἕξεως
3240 3981 3337 4051 τὴν
3357 3981 3556 4053 ψυχὴν,
3584 3964 3837 4035 dimitteri-

2264 4099 2344 4136 νει
2369 4082 2426 4134 δὲ
2468 4079 2740 4147 οὐδαμῶς,
2790 4077 2852 4130 ού
2885 4077 2992 4146 γάρ
3045 4072 3411 4128 ἀναπλάττειν
3457 4073 3664 4126 άιωθεν
3698 4072 3835 4127 οἶδε·

2265 4173 2360 4228 καὶ
2389 4171 2580 4226 τοῦτον
2615 4170 2776 4240 μόνον
2809 4167 2920 4221 τῶν
2956 4166 3055 4236 τῆς
3085 4165 3366 4236 ἁμαρτίας
3388 4165 3541 4236 ,ὅρων
3573 4166 3833 4236 ἀκίνητον

2263 4262 2585 4318 καταλείπει
2603 4259 2698 4315 καὶ
2716 4259 2903 4329 μένειν
2928 4259 3177 4326 ἀφίησιν,
3197 4256 3498 4309 ὑπεύθυνον
3516 4256 3616 4326 μὲν
3632 4258 3835 4323 οὐκέτι,

2264 4341 2428 4408 αὐτὸν
2453 4353 2509 4406 δὲ
2538 4353 2690 4420 ὅμως
2729 4351 2822 4404 τὸν
2850 4351 3144 4419 τολμητήν.
3178 4348 3300 4402 Εἰσὶ
3328 4347 3386 4401 δὲ
3418 4346 3467 4400 οἳ
3512 4349 3607 4402 καὶ
3638 4353 3835 4418 σημεῖα

2271 4445 2370 4514 τῆς
2399 4442 2712 4514 ἀρρωστίας
2758 4440 3017 4511 φέρουσιν
3064 4437 3145 4491 ἔτι
3173 4439 3269 4492 καὶ
3295 4437 3458 4498 οὐλὰς
3503 4437 3613 4490 τῶν
3665 4440 3835 4492 πάλαι

2273 4534 2516 4604 πληγῶν,
2545 4533 2613 4587 ἂν
2637 4525 2801 4604 ἦττον
2829 4529 2863 4602 ἢ
2891 4530 3171 4600 προσῆκον
3211 4524 3282 4599 ἦν
3309 4528 3520 4601 μελήσῃ
3549 4529 3674 4598 περ1⁵
3725 4529 3836 4582 τῶν

2271 4628 2600 4698 τραυμάτων
2649 4625 2854 4689 αὐτοῖς,
2915 4623 3008 4678 καὶ
3068 4622 3206 4692 πρὸς
3253 4623 3354 4690 τὴν
3399 4620 3490 4674 τοῦ
3537 4621 3834 4690 φαρμάκου

2267 4716 2497 4786 δύναμιν
2535 4715 2636 4770 οὐκ
2667 4713 2964 4784 ἐφάμιλλον
2997 4711 3351 4780 εἰσενέγκωσι
3395 4711 3495 4777 τῆς
3530 4711 3705 4780 ψυχῆς
3739 4713 3837 4783 τὴν

2263 4807 2624 4879 παρασκευήν
2673 4821 2688 4836 ·
2741 4805 2964 4874 καὶτῆς
2995 4803 3315 4874 καθάρσεως
3354 4801 3533 4872 τούτῳ
3584 4802 3835 4873 διήνεγκε

2261 4898 2466 4968 ταύτης
2504 4895 2714 4962 ἐκείνη,
2755 4895 2838 4948 ὅτι
2876 4910 2936 4946 τε
2985 4893 3084 4946 οὐκ
3125 4891 3450 4959 ἀποπνίγειν
3490 4893 3709 4962 λέγεται
3746 4893 3834 4946 τδν

2264 4987 2621 5059 ἡμαρτηκότα
2643 4987 2739 5042 καὶ
2759 4983 3146 5052 ἀναπλάττειν,
3167 4985 3263 5036 καὶ
3281 4984 3363 5036 ὅτι
3387 4984 3622 5054 μένοντα
3647 4985 3834 5038 καθαί-

2265 5095 2434 5148 ρουσα
2485 5079 2668 5146 μόνον,
2725 5075 2848 5128 οῦδὲ
2873 5073 3021 5128 τοῦθ’
3055 5075 3187 5145 ἡμῖν
3240 5074 3356 5141 ἔχει
3411 5074 3590 5126 πόνων
3641 5077 3829 5145 χωρίς.

2263 5167 2447 5223 Ταῦτα
2479 5165 2538 5237 at
2591 5166 2727 5236 πρὸς
2764 5166 2863 5236 μὲν
2912 5165 3012 5234 τὴν
3065 5163 3287 5234 τελετὴν
3342 5164 3520 5227 οὐδὲν,
3581 5164 3695 5218 ἀλλ’
3752 5169 3830 5228 εἰς

2262 5257 2431 5326 αὐτὴν
2455 5258 2581 5327 ἥκει
2607 5256 2706 5329 τὴν
2734 5255 2897 5327 φύσιν
2921 5257 3016 5309 τοῦ
3043 5254 3369 5324 πράγματος
3393 5254 3490 5307 καὶ
3515 5253 3611 5307 τοῦ
3636 5255 3828 5325 χρῆναι

2261 5350 2387 5412 τοὺς
2414 5349 2768 5411 ὑπευθύνους,
2817 5349 2993 5418 ταύτῃ
3030 5346 3128 5416 μὲν
3170 5343 3491 5416 λουμένους,
3525 5344 3746 5408 ἐκείνως
3771 5345 3826 5398 δὲ

2260 5439 2610 5512 δειπνοῦντας
2639 5438 3021 5508 καθαίρεσθαι.

2332 5532 2443 5586 Καὶ
2465 5533 2592 5602 περὶ
2616 5531 2716 5602 μὲν
2749 5529 2843 5584 τοῦ
2879 5527 3083 5583 δεῖσθαι
3114 5527 3290 5580 πόνων
3313 5527 3492 5578 ἐκεῖνο
3536 5523 3704 5591 λέγω.
3754 5525 3827 5577 Τὸ

2267 5619 2546 5693 βάπτισμα
2604 5621 2705 5690 μὲν
2757 5621 2926 5692 μήπω
2974 5618 3275 5682 συστάντας
3323 5614 3642 5688 παραλαϐὸν
3682 5613 3818 5686 μηδὲ
