4196 6308
335 432 443 494 (ιθό

1402 439 1498 499 DE
1524 438 1698 499 VlTA
1734 437 1812 496 IN
1854 438 2182 498 CHRISTO
2227 436 2372 498 LIB.
2413 438 2508 500 ιν.

3467 423 3575 490 606

340 551 570 618 δύναμιν
596 549 844 619 ἡντινοῦν
871 553 1239 623 κεκτημένους
1275 555 1416 626 ὑπὲρ
1447 555 1538 606 τοῦ
1569 556 1736 609 καλοῦ
1781 554 1910 624 δρα-

2013 556 2343 620 currendum
2385 553 2494 607 ulla
2559 550 2762 604 virtute
2819 547 3075 616 prmditos
3122 545 3418 613 accipiens,
3463 559 3574 599 non

345 647 484 714 μεῖν,
506 645 569 696 οὗ
602 645 776 713 μάτην
803 646 958 712 ἡμᾶς
977 646 1152 700 ταῦτα
1175 648 1352 701 πάντα
1382 650 1580 717 προῖκα
1613 650 1904 718 ἐργάζεται

335 740 431 790 καὶ
461 736 634 788 δεῖται
663 735 770 788 τῶν
794 737 924 804 παρ’
948 739 1106 804 ἡμῶν
1120 737 1355 804 οὐδενὸς,
1385 740 1460 801 ὼς
1484 738 1550 792 ἂν
1575 739 1907 804 εἰσενεγκεῖν

333 824 666 896 δυναμένων.
736 826 801 880 Ἦ
847 828 1098 896 τράπεζα
1161 829 1217 882 δὲ
1271 833 1602 883 συνεστῶσιν
1660 831 1762 901 ήδη
1813 831 1905 884 καὶ

335 916 470 981 ζῶσι
495 918 589 970 καὶ
608 918 926 985 δυναμένοις
951 921 1140 988 ἀρκεῖν
1169 921 1303 989 ἡμῖν
1331 922 1513 982 αὐτοῖς
1542 920 1903 991 προκειμένη,

335 1007 572 1076 χρῆσθαι
606 1009 672 1078 τῇ
706 1008 936 1076 δυνάμει
965 1011 1195 1074 καὶτοῖς
1214 1011 1449 1064 δοθεῖσιν
1473 1013 1656 1074 ὅπλοις
1686 1013 1901 1081 ἀφίησι,

337 1098 429 1151 καὶ
458 1096 677 1152 διώκειν
699 1101 936 1167 τάγαθὸν
967 1102 1151 1155 οὐκέτι
1173 1104 1568 1172 κομιζομένους
1608 1105 1718 1156 οὐδ’
1750 1104 1906 1156 eam.

341 1192 560 1260 μένους,
594 1193 708 1246 ἀλλ’
744 1195 942 1257 αὐτοὺς
971 1194 1184 1248 οἴκοθεν
1223 1197 1317 1248 καὶ
1360 1196 1489 1264 παρ’
1515 1197 1672 1266 ἡμῶν
1723 1195 1904 1250 αὐτῶν

337 1283 624 1352 ὁρμῶντας
661 1285 758 1338 καὶ
787 1287 1163 1356 κινουμένους,
1195 1289 1270 1348 ὡς
1295 1289 1363 1342 ἂν
1407 1289 1506 1358 ἤδη
1537 1290 1750 1358 τρέχειν
1781 1291 1903 1343 ἔπι·

338 1373 660 1439 σταμένους.
690 1374 757 1428 Τί
791 1376 890 1445 μὲν
918 1377 1026 1446 γὰρ
1051 1377 1157 1430 ἔδει
1191 1381 1281 1431 καὶ
1310 1379 1534 1448 ποιῆσαι
1574 1381 1780 1444 λαϐεῖν,
1821 1375 1903 1442 οἷς

336 1462 437 1516 οὐκ
462 1465 937 1534 ἔδειχρήσασθαι;
985 1469 1036 1519 τί
1071 1468 1128 1520 δὲ
1169 1468 1435 1536 ρωννύναι
1487 1470 1582 1520 καὶ
1640 1468 1904 1522 καθοπλίο

338 1552 451 1614 ζειν
475 1553 569 1605 τὸν
597 1555 734 1608 οίκοι
755 1556 1019 1624 μέλλοντα
1045 1555 1326 1610 καθεύδειν
1357 1572 1372 1623 ;
1406 1557 1464 1610 Ei
1497 1555 1603 1628 γὰρ
1642 1559 1778 1628 μήτε
1803 1561 1903 1630 τὴν

337 1643 511 1713 ἀρχὴν
544 1647 906 1714 γεννωμένοις
940 1645 1066 1716 μήθ’
1104 1646 1330 1717 ὕστερον
1358 1648 1712 1716 καθαίρεσθαι
1781 1649 1903 1719 βου-

336 1734 581 1801 λομένοις
640 1736 869 1806 ἀγώνων
933 1733 1002 1809 ἦν
1044 1738 1140 1792 καὶ
1200 1742 1380 1793 πόνων
1408 1741 1618 1810 καιρὸς,
1645 1741 1745 1793 οὐκ
1783 1739 1900 1794 οἶδα

338 1827 455 1879 πότ’
485 1827 551 1880 ἂν
577 1830 709 1896 ἡμῖν
734 1830 920 1892 αὐτοῖς
940 1831 1239 1900 ἐγενόμεθα
1275 1833 1554 1902 χρήσιμοι,
1575 1834 1628 1885 τί
1657 1832 1704 1886 δ’
1733 1832 1799 1886 ἂν
1829 1828 1900 1903 ἦν

339 1915 499 1982 ἔργον
557 1917 844 1985 ἀνθρώπου
900 1919 1009 1971 τῶν
1054 1921 1192 1988 ὑπὲρ
1255 1922 1356 1990 τῆς
1412 1922 1617 1990 ἀρετῆς
1681 1921 1900 1991 δρόμων
1933 1905 1971 1957 Β

339 2008 719 2076 ἀνῃρημένων,
754 2010 956 2077 μᾶλλον
989 2009 1047 2063 δὲ
1071 2012 1122 2064 τί
1155 2013 1336 2080 χεῖρον
1364 2009 1432 2066 ἂν
1461 2008 1529 2082 ἦν
1555 2015 1902 2083 πράγματος,

338 2099 686 2166 πραττόντων
715 2099 814 2170 μὲν
836 2095 910 2153 ὧν
938 2102 1157 2164 ἔπαινός
1187 2104 1333 2156 ἐστιν
1355 2103 1473 2156 οὐδὲ
1523 2103 1602 2167 ἓν,
1657 2104 1795 2173 πρὸς
1848 2105 1905 2158 δὲ

337 2188 396 2239 τὸ
433 2189 665 2258 πονηρὸν
688 2190 906 2260 ἐνεργὸν
940 2192 1172 2261 ἐχόντων
1226 2193 1486 2246 ἑκάστοτε
1531 2193 1632 2264 τὴν
1689 2193 1901 2263 ψυχήνς

340 2280 437 2332 Διὰ
467 2280 640 2333 ταῦτα
670 2282 834 2336 τόπον
860 2283 1036 2351 ἔργων
1067 2283 1375 2353 ἀνθρώποις
1406 2285 1513 2338 ἔδει
1547 2285 1907 2355 συγχωρηθῆ-

340 2387 428 2421 ναι
475 2370 566 2422 καὶ
622 2371 810 2439 καιρίαν
841 2372 1087 2439 ἀγώνων,
1142 2373 1203 2426 τό
1246 2390 1309 2440 γε
1361 2373 1589 2438 τελείοις
1643 2373 1905 2444 ἀνδράσιν

339 2455 479 2513 εἶναι
514 2461 665 2532 παρὰ
696 2461 805 2515 τῶν
841 2465 1165 2532 μυστηρίων
1204 2464 1301 2536 ἤδη
1329 2465 1554 2517 λαΰοῦσι
1599 2466 1694 2519 καὶ
1741 2467 1906 2518 δυναο

342 2554 526 2620 μένοις
553 2555 611 2607 τὸ
632 2557 696 2626 τῇ
729 2555 888 2624 φύσει
922 2559 1195 2626 προσῆκον
1217 2557 1378 2627 ἔργον
1409 2557 1757 2626 ἐργάζεσθαι.
1810 2557 1905 2610 καὶ

265 2695 268 2698 .
340 2645 440 2715 τῆς
477 2647 690 2716 ἡμέρας
720 2651 1004 2717 φανείσης,
1037 2649 1104 2720 ἢν
1128 2651 1156 2702 ὁ
1190 2649 1392 2718 Κύριος
1413 2650 1657 2721 ἐποίησε,
1707 2651 1905 2720 μηκέτι

342 2737 653 2802 καθεύδειν,
685 2740 802 2819 ἀλλ’
836 2741 926 2792 ἔπ’
955 2740 1092 2809 ἔργα
1125 2742 1345 2810 χωρεῖν.
1372 2735 1524 2813 καὶῇ
1553 2756 1684 2809 φησι
1742 2741 1906 2793 Δαὸὶδ

345 2853 364 2883 ι
411 2831 536 2885 Ἐπὶ
566 2832 626 2885 τὺ
646 2833 810 2902 ἔργον
835 2833 1004 2886 αὑτοῦ
1035 2836 1128 2886 καὶ
1168 2834 1260 2889 ἐπὶ
1291 2833 1390 2902 τὴν
1419 2834 1684 2901 ἐργασίαν
1734 2831 1905 2886 αὐτοῦ

339 2925 432 2977 τᾶν
490 2925 777 2993 ἄνθρωπον
831 2925 1066 2988 ἐξελθεῖν
1124 2926 1228 2988 ἕως
1269 2925 1529 2994 ἑσπέρας.
1561 2942 1579 2977 ι
1641 2924 1907 2994 Καθάπερ

341 3019 448 3085 γὰρ
473 3017 612 3084 μετά
649 3017 854 3084 ταύτην
880 3017 979 3088 τὴν
1000 3020 1211 3101 ἡμέραν
1235 3018 1452 3089 ἔρχεται
1499 3016 1614 3082 νὺξ,
1669 3019 1758 3072 ὅτε
1809 3018 1903 3070 οὐκ

341 3107 450 3170 δεὶς
473 3107 698 3162 δύναται
727 3109 1081 3178 ἐργάζεσθαι,
1115 3111 1256 3164 οὕτω
1283 3113 1375 3164 καὶ
1429 3111 1536 3178 πρὸ
1559 3111 1763 3180 ταύτης
1810 3106 1902 3181 ἦν,

341 3199 428 3303 ire
462 3201 732 3270 παντελὴς
756 3195 823 3269 ἦν
852 3201 946 3254 τοῦ
968 3202 1233 3270 πράττειν
1258 3202 1553 3270 ἀδυναμία,
1581 3207 1677 3256 καὶ
1733 3202 1906 3265 οὐδεὶς
1932 3245 1977 3303 c

343 3290 460 3360 ᾔδει
495 3293 587 3344 ποῖ
608 3291 688 3344 δεῖ
710 3292 962 3358 βαδίζειν,
995 3295 1187 3358 νυκτὸς
1211 3291 1445 3363 ἐχούσης
1497 3293 1576 3344 ἔτι
1626 3292 1727 3361 τὴν
1779 3291 1903 3361 γῆν,

347 3402 366 3436 ι
405 3384 465 3434 ὲν
515 3377 572 3454 ᾖ,
603 3386 788 3451 φησιν,
821 3385 850 3437 ό
875 3385 1195 3452 περιπατῶν
1221 3385 1322 3438 οὐκ
1351 3383 1458 3437 οἶδε
1493 3383 1596 3437 ποῦ
1633 3385 1834 3453 ὑπάγει
1857 3403 1902 3437 ἰ

339 3474 435 3526 τοῦ
459 3476 608 3543 ἡλίου
634 3476 692 3528 δὲ
719 3477 1048 3545 ἀνασχόντος
1070 3478 1163 3529 καὶ
1189 3476 1462 3547 πανταχοῦ
1501 3477 1591 3532 διὰ
1642 3477 1751 3531 τῶν
1799 3496 1906 3547 μυ-

342 3568 581 3634 στηρίων
605 3567 706 3636 τῆς
759 3568 980 3628 ἀκτῖνος
1019 3567 1293 3636 χεθείσης,
1360 3569 1573 3640 ἀνάγκη
1633 3570 1906 3640 μηδεμίαν

341 3657 696 3726 ἀνθρωπίνων
751 3657 929 3727 ἔργων
993 3654 1134 3710 εἷναι
1198 3658 1292 3710 καὶ
1354 3659 1534 3712 πόνων
1593 3660 1904 3730 ἀναδολὴν,

342 3749 480 3801 ἀλλὰ
541 3747 806 3800 σιτεῖσθαι
838 3747 927 3800 τὸν
983 3748 1150 3816 ἄρτον
1213 3747 1404 3801 τοῦτον
1453 3751 1511 3803 ὲν
1571 3750 1755 3818 ἱδρῶτι
1810 3749 1904 3803 τοῦ

343 3842 637 3909 προσώπου
664 3841 754 3892 τὸν
784 3840 1051 3910 ἡμέτερον
1076 3839 1153 3901 ὡς
1193 3839 1335 3910 ὑπὲρ
1387 3841 1549 3911 ήμῶν
1601 3841 1902 3910 κλώμενον,

340 3933 515 3996 ἄλλως
547 3933 594 3986 θ’
623 3934 707 3985 ὅτι
743 3933 852 3994 τοῖς
889 3931 1124 3998 λογικοῖς
1156 3931 1460 4001 ἀφώρισται
1493 3932 1699 4001 μόνοις,
1737 3935 1831 3986 καὶ
1878 3933 1906 3986 ὅ

343 4028 558 4096 φησινὸ
586 4025 816 4092 Κύριος,
853 4023 1185 4093 ἐργάζεσθαι
1228 4023 1327 4092 τὴν
1377 4041 1399 4074 ι
1444 4023 1712 4092 μένουσαν
1761 4024 1906 4093 βρῶ-

346 4136 448 4183 σιν,
484 4137 503 4170 ι
542 4119 678 4186 ὅπερ
711 4115 829 4168 ἐστὶ
860 4113 1196 4177 κελεύοντος,
1230 4115 1330 4167 οὐκ
1353 4115 1558 4184 ἀργοὺς
1593 4114 1705 4167 οὐδ’
1733 4115 1911 4186 ἀπρά-

340 4226 522 4274 κτους,
575 4208 690 4262 ἀλλ’
745 4206 1148 4277 ἐργαζομένους
1206 4205 1296 4257 ἐπὶ
1352 4205 1416 4258 τὸ
1462 4205 1677 4258 δεῖπνον
1747 4204 1910 4258 τοῦτο

341 4303 562 4371 χωρεῖν.
617 4300 681 4352 Εί
719 4299 826 4367 γὰρ
873 4299 999 4360 τοὺς
1024 4297 1228 4363 ἀργοὺς
1259 4296 1482 4366 καὶτῆς
1527 4297 1910 4366 ἀπολλυμένης

337 4393 619 4463 τραπέζης
679 4393 708 4444 ὁ
754 4389 848 4443 τοῦ
889 4389 1100 4443 Παύλου
1158 4391 1319 4459 νόμος
1350 4389 1554 4457 ἀπάγει
1593 4389 1666 4458 (ι
1722 4391 1751 4443 ὁ
1803 4390 1914 4461 γὰρ

2009 656 2215 702 temere
2247 647 2299 699 in
2340 645 2500 699 nobis
2536 645 2648 697 htrc
2679 641 2865 696 omnia
2917 638 3089 709 gratis
3119 647 3398 706 operatur,
3443 649 3495 691 et
3546 653 3575 690 a

2009 739 2169 792 nobis
2222 737 2357 791 nihil
2412 736 2659 801 requirit,
2733 741 2922 802 utpote
2974 730 3064 796 qui
3124 729 3377 784 conferre
3437 729 3575 780 nihil

2008 831 2302 901 possimus.
2368 828 2550 883 Mensa
2603 837 2780 882 autem
2823 825 3099 893 pr0posita
3155 821 3404 876 formatis
3436 809 3572 886 jam,

2006 931 2058 976 et
2107 921 2435 984 viventibus,
2489 931 2543 974 et
2575 918 2882 973 valentibus
2935 917 3093 970 nobis
3146 915 3278 982 ipsis
3329 911 3574 968 sullicere

2007 1014 2243 1078 viribus,
2276 1011 2523 1080 datisque
2551 1012 2721 1066 armis
2749 1011 2827 1064 uti
2873 1010 3026 1072 sinit.
3059 1017 3114 1064 et
3143 1009 3346 1062 bonum
3383 1020 3572 1074 perse-

2005 1106 2122 1173 qui,
2156 1117 2268 1157 non
2325 1103 2433 1172 jam
2468 1111 2733 1172 portatus,
2773 1117 2952 1172 neque
2987 1110 3214 1176 tractos.
3270 1098 3364 1153 sed
3425 1098 3574 1165 ipsos

2005 1205 2196 1262 sponte
2239 1210 2302 1248 ac
2356 1209 2448 1263 per
2499 1209 2600 1249 nos
2654 1195 2957 1249 concitatos
3016 1203 3182 1262 atque
3235 1196 3569 1251 ‘commotos,

2006 1290 2152 1342 velut
2201 1289 2311 1357 jam
2367 1302 2566 1352 gnaros
2615 1301 2858 1341 currere.
2915 1285 3056 1351 Quid
3104 1284 3247 1338 enim
3304 1282 3573 1335 referebat

2006 1378 2184 1438 facere
2209 1388 2270 1434 ut
2311 1380 2701 1447 acciperemus,
2745 1379 2945 1446 quibus
2971 1373 3237 1431 utendum
3279 1391 3384 1428 non
3421 1372 3575 1426 erat?

2002 1472 2144 1537 Quid
2177 1470 2539 1524 corroborare
2568 1479 2623 1522 et
2668 1484 2883 1523 armare
2917 1468 3062 1522 donl'i
3091 1463 3490 1520 dormiturum?
3519 1461 3574 1517 Si

2003 1565 2147 1618 enim
2215 1579 2387 1631 neque
2453 1562 2628 1630 primo
2696 1561 3089 1621 nascentibus,
3147 1572 3325 1625 neque
3387 1563 3576 1625 postca

2003 1655 2223 1725 purgari
2259 1652 2568 1707 volentibus
2616 1651 2939 1707 certandum
2974 1659 3028 1704 et
3072 1648 3433 1702 laborandum
3467 1655 3574 1711 cst,

2004 1748 2190 1802 nescio
2217 1747 2438 1814 quando
2496 1744 2654 1798 nobis
2708 1743 2843 1810 ipsis
2903 1746 3366 1795 commendemus.
3427 1736 3576 1798 Jam,

2001 1838 2146 1906 quod
2179 1837 2415 1891 hominis
2440 1851 2598 1906 opus.
2625 1836 2675 1890 si
2706 1832 2926 1888 virtutis
2953 1820 3290 1885 curriculum
3322 1828 3579 1882 auferas?

2003 1926 2118 1982 lmo
2147 1943 2274 1982 vero
2301 1926 2432 1996 quid
2461 1940 2624 1995 opere
2644 1933 2829 1980 nostro
2859 1922 3124 1987 deterius,
3148 1921 3190 1975 si
3223 1920 3359 1974 nihil
3387 1932 3577 1973 eorum

2005 2034 2125 2088 quae
2158 2017 2452 2071 laudantur
2505 2016 2787 2077 facientes,
2828 2030 2885 2068 ιιι
2945 2012 3294 2082 improbitate
3340 2010 3578 2063 animam

2009 2107 2356 2163 continenter
2413 2115 2740 2173 occupatam
2780 2102 3118 2157 habeamus?
3174 2104 3366 2170 Itaque
3400 2101 3578 2154 locum

2007 2212 2233 2266 operum
2262 2194 3195 2262 hominibus,opportunitatemque
3217 2189 3579 2245 certaminum

2007 2288 2311 2344 concedere
2358 2287 2664 2356 Oportebat,
2722 2285 2814 2353 qui
2849 2283 3072 2354 quidem
3129 2294 3188 2339 ut
3221 2282 3448 2352 perfecti
3481 2281 3582 2336 viri

2005 2389 2216 2442 essent,
2273 2395 2300 2434 a
2365 2379 2644 2449 mysteriis
2681 2377 2791 2446 jam
2826 2377 3190 2445 accepissent,
3247 2384 3582 2442 possemque

2007 2487 2143 2540 opus
2198 2481 2408 2524 natura:
2449 2469 2790 2524 conveniens
2845 2469 3081 2538 operari,
3114 2475 3169 2521 et
3228 2467 3581 2522 illucescente

2007 2565 2116 2628 dio,
2141 2578 2299 2631 quem
2320 2561 2449 2616 fecit
2472 2561 2729 2615 Dominus
2751 2561 2816 2625 ⁸³,
2839 2574 2947 2613 non
2980 2559 3222 2613 dormire
3241 2559 3307 2613 de
3336 2566 3537 2613 caetero
3561 2573 3578 2612 :

2007 2656 2098 2714 sed
2132 2655 2197 2710 ad
2227 2670 2391 2722 opera
2429 2651 2776 2714 incumbere,
2805 2658 2860 2704 et
2892 2659 2953 2706 ut
2987 2650 3154 2704 David
3188 2652 3366 2719 inquit
3397 2668 3410 2704 :
3447 2668 3466 2701 ι
3497 2650 3580 2705 Ad

2005 2764 2144 2820 opus
2174 2763 2354 2812 suum,
2405 2754 2459 2801 et
2505 2745 2572 2800 ad
2603 2743 2978 2813 operationem
3030 2757 3184 2798 suam
3221 2741 3372 2795 exire
3406 2756 3576 2810 usque

2007 2842 2074 2896 ad
2108 2855 2390 2909 vesperam
2413 2839 2478 2893 ".
2522 2857 2540 2889 ι
2579 2836 2735 2892 Sicut
2762 2836 2907 2891 enim
2939 2846 3060 2904 post
3089 2835 3237 2888 hunc
3269 2835 3410 2889 diem
3437 2833 3583 2886 venit

2007 2946 2140 2994 nox,
2174 2931 2393 2998 quando
2440 2943 2600 2983 nemo
2649 2935 2830 2996 potes:
2885 2928 3101 2995 operari
3132 2926 3202 2990 το,
3241 2925 3319 2977 sic
3355 2933 3414 2977 et
3458 2933 3583 2976 ante

2007 3024 2152 3079 hunc
2185 3022 2328 3076 diem
2365 3037 2471 3076 nox
2509 3028 2654 3081 erat,
2685 3017 2907 3088 quando
2939 3031 3150 3071 summa
3177 3024 3296 3069 erat
3319 3013 3580 3084 Operaudi

2008 3116 2376 3182 imbecillitas,
2445 3123 2500 3167 et
2561 3127 2671 3182 quo
2732 3110 3124 3164 ambulandum
3195 3123 3350 3168 esse,
3421 3121 3582 3158 nemo

2009 3209 2237 3274 sciebat,
2270 3221 2394 3262 eum
2429 3204 2608 3259 adhuc
2658 3217 2768 3258 nox
2805 3209 2977 3256 terras
3035 3207 3265 3262 teneret,
3303 3215 3320 3249 ¢
3355 3197 3407 3250 in
3477 3212 3582 3266 qua

2017 3303 2098 3373 (ut
2130 3310 2212 3356 est
2252 3299 2304 3353 in
2374 3294 2689 3365 Evangelio)
2729 3294 2822 3363 qui
2900 3292 3163 3354 ambulat,
3235 3290 3405 3345 nescit
3474 3304 3583 3357 quo

2014 3389 2266 3444 vadat".
2328 3405 2347 3438 ι
2426 3383 2552 3439 Sole
2623 3392 2803 3438 autem
2867 3390 3081 3443 exorto,
3146 3381 3420 3448 radiisque
3489 3394 3584 3446 pcr

2012 3489 2354 3537 sacramenta
2397 3475 2597 3544 ubique
2625 3471 2859 3536 dill'usis,
2912 3470 3119 3524 nullam
3168 3484 3393 3537 operum
3427 3466 3583 3521 labo-

2015 3585 2248 3642 rumque
2280 3569 2645 3624 humanorum
2697 3563 3017 3619 dilationem
3061 3560 3266 3632 perpeti
3316 3575 3413 3629 par
3445 3569 3532 3613 est
3563 3576 3578 3611 :
3732 3560 3739 3566 '

2015 3667 2109 3723 sed
2135 3665 2346 3722 comedi
2381 3679 2574 3735 panem
2605 3662 2753 3716 hunc
2783 3660 2836 3715 in
2870 3659 3068 3714 sudore
3096 3657 3280 3711 vultus
3311 3665 3580 3718 nostrum,

2014 3757 2165 3832 (quia
2193 3761 2287 3825 pro
2318 3755 2474 3810 nobis
2507 3753 2746 3818 factum;
2785 3757 3043 3821 praeterea
3067 3747 3194 3818 quia
3220 3745 3352 3800 solis
3380 3743 3585 3798 ratione

2011 3829 2287 3904 utentibus
2347 3847 2654 3902 destinatus
2717 3843 2842 3913 est),
2881 3838 3104 3909 etquod
3166 3838 3240 3891 ait
3299 3829 3582 3899 Dominus,

2011 3939 2228 4008 operari
2264 3939 2468 4001 cibum,
2500 3936 2590 4006 qui
2623 3929 3173 4004 permanetl":quod
3205 3939 3292 3983 est
3321 3926 3582 3996 iubentis,

2014 4043 2082 4083 ne
2127 4027 2289 4082 Otiosi
2346 4042 2446 4081 nec
2481 4025 2783 4079 ineﬂicaces
2841 4019 2908 4075 ad
2960 4020 3104 4072 hanc
3145 4033 3355 4072 coenam
3389 4017 3582 4073 venia~

2017 4131 2158 4172 mus.
2222 4115 2280 4170 Si
2333 4117 2474 4169 enim
2533 4113 2743 4166 otiosos
2803 4109 2955 4164 Pauli
3023 4108 3104 4161 lex
3169 4111 3334 4164 ctiam
3397 4124 3582 4163 mensa

2015 4209 2322 4263 intereunte
2376 4205 2618 4262 excludit
2671 4207 2730 4275 (ι
2763 4205 2805 4260 si
2849 4204 2973 4270 quis
3004 4202 3253 4256 laborare
3297 4217 3404 4255 nou
3443 4202 3580 4263 vult,

2013 4301 2213 4371 inquit,
2270 4315 2372 4355 nec
2403 4300 2805 4369 manducet")
2840 4317 2888 4363 ι,
2941 4297 3142 4366 quibus
3197 4295 3456 4366 operibus
3514 4294 3580 4349 ad

2015 4396 2158 4450 hanc
2190 4409 2434 4450 mensam
2463 4394 2643 4448 vocati
2679 4392 2953 4462 egebuut?

341 4486 530 4555 ἀργὸς,
598 4484 753 4552 φησὶ.
814 4484 946 4552 μηδὲ
1008 4483 1233 4535 ἐσθιέτω
1280 4482 1350 4545 ι),
1403 4481 1767 4552 τίνωνδεήσει
1792 4483 1902 4535 τῶν
1928 4482 2105 4552 ἔργων
2158 4489 2272 4549 τοῖς
2332 4487 2424 4540 ἐπὶ
2485 4485 2689 4555 ταύτην
2723 4485 3078 4554 καλουμένοις
3120 4483 3219 4554 τὴν
3264 4481 3579 4553 τράπεζανς

414 4580 536 4632 Ὀτι
577 4578 674 4646 μὲν
706 4576 800 4628 οὖν
842 4573 1012 4636 οὕτως
1061 4575 1229 4644 ἐχρῆν
1266 4575 1376 4650 τῶν
1421 4573 1587 4643 ίερῶν
1636 4574 1906 4628 ἅπτεσθαι

2082 4575 2173 4634 Sic
2205 4581 2376 4648 igitur
2403 4594 2559 4635 sacra
2592 4580 2732 4634 dona
2763 4579 3103 4650 attingenda,
3134 4587 3190 4633 et
3219 4578 3288 4633 ob
3324 4577 3423 4631 hoc
3456 4587 3583 4631 ante

339 4673 546 4740 δώρων,
582 4673 675 4724 καὶ
697 4669 887 4722 τούτου
929 4667 1086 4737 χάριν
1125 4667 1232 4738 πρὸ
1280 4667 1382 4736 τῆς
1435 4666 1658 4735 τελετῆς
1705 4667 1915 4724 οἴκοθεν

341 4763 539 4825 αὐτοὺς
566 4759 928 4830 καθαίρεσθαι
965 4759 1068 4820 δεῖ,
1089 4758 1324 4828 φανερὸν
1351 4760 1414 4810 ὲκ
1436 4757 1545 4810 τῶν
1575 4757 1908 4828 εἰρημένων·

340 4857 422 4908 ὅτι
451 4855 508 4907 δὲ
540 4853 700 4906 τοῦτό
724 4856 872 4906 ἔστιν
901 4852 1004 4904 οὐκ
1033 4850 1238 4904 ἐλάττω
1264 4851 1425 4920 μόνον
1452 4847 1559 4902 τῶν
1590 4849 1768 4904 ἄλλων
1805 4869 1908 4920 μυ-

344 4945 600 5016 στηρίων,
628 4943 759 4998 ἀλλὰ
790 4941 881 4995 καὶ
903 4939 1072 5011 μείζω
1109 4939 1431 5010 δυναμένου,
1469 4939 1629 5008 δῆλον
1674 4939 1904 4996 ἐκεῖθεν.

346 5035 570 5105 Πρῶτον
623 5035 722 5103 μὲν
754 5033 863 5102 γὰρ
893 5031 942 5084 εί
976 5031 1090 5092 τοῖς
1123 5029 1386 5099 βελτίοσιν
1413 5029 1442 5081 ό
1470 5028 1605 5093 Θεὸς
1639 5030 1708 5084 τὰ
1738 5029 1908 5102 μείζω

343 5126 619 5197 δωρεῖται,
648 5122 707 5186 ὃς
741 5124 834 5176 τὸν
851 5122 1000 5175 ἔλεον
1024 5120 1206 5190 ίστησι
1240 5122 1333 5174 καὶ
1351 5118 1506 5190 ζυγῷ
1527 5139 1656 5183 τινι,
1698 5123 1758 5175 τὸ
1810 5121 1906 5175 τοῦ

346 5219 646 5288 προφήτου,
675 5215 773 5268 καὶ
796 5213 1119 5284 δικαιοσύνῃ
1175 5213 1354 5268 πάντα
1400 5215 1566 5278 ποιεῖ,
1611 5214 1794 5285 πολλῷ
1850 5213 1908 5267 δὲ

345 5309 598 5372 καλλίους
624 5309 772 5378 ἡμᾶς
810 5308 1042 5372 εὐποιεῖ,
1081 5306 1500 5374 τετελεσμένους
1538 5306 1638 5376 ἢδη
1680 5305 1775 5360 καί
1804 5322 1906 5359 που

348 5402 444 5456 καὶ
471 5403 602 5472 περὶ
632 5402 835 5470 άρετῆς
859 5398 1327 5466 ἀγωνισαμένους,
1364 5397 1398 5468 ἢ
1437 5397 1572 5467 μηδὲ
1603 5399 1704 5466 τὴν
1736 5399 1912 5470 ἀρχὴν

347 5490 730 5561 λουσαμένους,
760 5490 1004 5544 λείπεται
1026 5491 1119 5543 καὶ
1148 5489 1248 5558 τὴν
1270 5490 1430 5559 χάριν
1457 5489 1663 5560 ταύτην
1693 5473 1911 5562 ἐκείνης

351 5577 487 5635 εἶναι
545 5581 740 5652 βελτίω
790 5580 888 5636 καὶ
945 5579 1055 5634 τῶν
1107 5579 1380 5652 δευτέρων
1434 5581 1737 5650 ἀμεινόνων
1784 5582 1914 5648 τοὺς

352 5675 733 5746 μεμυημένους
768 5673 1080 5744 τυγχάνειν.
1120 5674 1278 5728 Ἔστι
1296 5673 1342 5727 δ’
1367 5674 1542 5727 ἐκεῖνο
1570 5674 1670 5744 μὲν
1706 5674 1768 5728 τὺ
1808 5673 1910 5745 βά-

2022 4677 2424 4723 sacramentum
2467 4683 2562 4738 per
2612 4677 2786 4725 semet
2821 4685 3052 4740 purgare
3086 4684 3145 4723 se
3191 4677 3464 4739 oportere,
3519 4682 3583 4719 ex
3619 4695 3626 4702 -

2019 4760 2180 4815 dictis
2210 4760 2378 4828 liquet
2411 4775 2425 4812 :
2459 4759 2602 4828 quod
2635 4775 2740 4814 non
2771 4758 3049 4814 inferioris
3079 4757 3260 4823 modo,
3295 4756 3386 4812 sed
3417 4759 3580 4811 etiam

2017 4851 2342 4920 potentioris
2372 4849 2612 4920 mysterii
2669 4863 2817 4916 esse,
2867 4849 2994 4904 inde
3041 4857 3284 4918 apparet.
3336 4848 3578 4901 Primum

2013 4945 2183 5008 enim,
2212 4942 2258 4997 si
2292 4941 2613 4996 melioribus
2644 4939 2790 4997 Deus
2828 4941 3035 5008 majora
3071 4940 3255 5003 donat,
3291 4940 3384 5009 qui
3418 4940 3587 4994 mise-

2016 5033 2310 5090 ricordiam
2341 5031 2553 5097 statuit,
2573 5040 2628 5086 et
2648 5030 2801 5100 juxta
2834 5028 3152 5100 prophetam
3172 5027 3219 5060 ⁷⁸
3251 5029 3306 5082 in
3336 5029 3580 5098 pondere

2014 5134 2070 5181 et
2121 5125 2334 5196 iustitia
2384 5124 2566 5180 omnia
2622 5123 2771 5187 facit,
2812 5121 2982 5178 multo
3042 5119 3216 5192 magis
3266 5121 3583 5179 melioribus

2018 5217 2198 5280 nobis.
2229 5224 2422 5286 utpote
2468 5215 2580 5285 jam
2615 5229 2711 5285 per
2744 5220 3088 5269 sacramenta
3119 5212 3368 5278 initiatis,
3416 5223 3471 5267 et
3511 5215 3583 5268 ob

2017 5309 2272 5364 virtutem
2331 5306 2445 5375 jam
2508 5303 2730 5362 luctatis
2792 5302 3086 5369 benefacit,
3143 5321 3304 5374 quam
3353 5319 3582 5374 prorsus

2015 5416 2130 5456 non
2173 5399 2396 5455 ablutis.
2432 5395 2780 5466 Relinquitur
2807 5409 2940 5464 ergo
2971 5403 3026 5450 et
3062 5396 3294 5465 gratiam
3335 5396 3476 5449 hanc
3504 5394 3582 5450 illi

2019 5504 2324 5565 praestare,
2383 5500 2440 5545 et
2514 5489 2756 5545 initiatos
2816 5488 2973 5542 donis
3037 5487 3294 5543 secundis
3359 5485 3582 5539 meliora

2020 5579 2332 5654 consequi.‘
2353 5579 2448 5636 Est
2498 5587 2680 5634 autem
2729 5578 2860 5634 illud
2919 5573 3211 5649 baptisma,
3265 5577 3370 5632 hoc
3423 5589 3584 5633 coena

2020 5691 2196 5738 sacra,
2231 5689 2395 5744 quam
2425 5680 2576 5728 tanto
2609 5669 2986 5740 perfectiorem
3016 5669 3336 5726 existimare
3378 5681 3589 5722 conve—

418 5793 464 5826 "
505 5793 643 5851 Psal.
671 5811 838 5860 cxvu,
900 5795 990 5850 24.
1066 5795 1110 5827 ⁸⁸
1150 5793 1290 5850 Psal.
1323 5811 1439 5861 cut,
1471 5795 1562 5851 23.
1639 5795 1687 5828 ⁷⁸
1728 5791 1888 5851 Joan.
1918 5809 1993 5858 ιιι.
2033 5795 2085 5850 «ί.
2160 5793 2203 5826 "
2230 5792 2492 5856 Joatt-xu,
2522 5792 2611 5848 5'5.
2689 5793 2734 5824 "
2761 5788 2922 5846 Joan.
2965 5785 3154 5851 ".27.
3231 5786 3277 5820 "
3304 5783 3346 5840 ll
3378 5779 3577 5841 Thess.

356 5877 434 5932 tu,
473 5865 556 5920 10.
629 5865 676 5898 ’δ
721 5864 822 5922 lsa.
865 5881 1050 5932 uvut,
1087 5865 1169 5923 l7.
