4196 6308
556 323 665 432 δίη

1778 366 2087 426 NICOLAI
2117 366 2510 426 CABASIL/‘E

3671 354 3779 416 608

561 480 660 538 nit,
697 485 902 546 quanto
936 491 1055 532 eam
1106 476 1258 530 obire
1295 475 1598 529 valentibus
1653 475 1858 537 maiore
1919 491 2125 542 praepa-

2258 493 2457 539 ττισμα,
2511 473 2670 528 τοῦτο
2717 474 2771 525 δὲ
2837 474 2895 527 τὸ
2943 473 3159 528 δεῖπνον
3204 471 3265 525 τὸ
3293 471 3456 541 ἱερὸν,
3507 467 3536 522 6
3565 469 3789 522 τοσοῦτο

558 569 768 628 ratione
819 583 958 636 opus
1004 577 1104 620 cst.
1144 566 1294 619 Ilaud
1347 567 1489 621 enim
1526 581 1742 634 :equnm
1778 576 1882 630 est,
1939 567 2119 636 majus

558 660 760 713 volenti
799 661 1038 722 cuilibet,
1082 661 1262 712 minus
1293 675 1387 728 per
1439 660 1736 712 certamina
1788 671 1883 713 aut
1937 675 2122 713 sacra-

563 761 743 803 menta
810 749 1055 818 purgatis
1131 750 1442 818 contingere
1506 765 1522 802 :
1581 749 1711 818 quin
1783 749 2120 804 contrarium

562 843 745 911 potius
798 843 923 895 hinc
977 840 1287 910 conjectare
1341 840 1422 894 fas
1477 849 1580 904 est,
1636 853 1935 910 putareque
1994 839 2126 893 illud

565 948 683 987 esse
736 931 1075 1000 perfectius,
1133 932 1278 999 quod
1343 931 1445 985 nisi
1503 932 1685 987 multis
1738 941 1792 986 et
1846 929 2128 1001 generosis

565 1025 845 1079 laboribus
873 1041 980 1078 non
1006 1024 1228 1079 emitur.

2223 566 2546 634 τελεώτερον
2579 565 2828 633 ἡγεῖσθαι
2889 569 3186 635 προσῆκεν,
3227 563 3337 633 ὅσῳ
3411 561 3660 630 μείζονος
3708 562 3792 614 δεῖ

2226 661 2338 713 τοῖς
2366 658 2687 726 προσελθεῖν
2753 656 3096 724 βουλομένοις
3131 655 3509 724 παρασκευῆς.
3553 653 3629 704 Οὐ
3685 654 3794 721 γὰρ

2229 751 2394 812 εἰκὸς,
2426 750 2488 802 τὺ
2516 748 2704 816 μεῖζον
2737 749 2833 816 μὲν
2875 749 2986 809 τοῖς
3024 747 3367 817 βουλομένοις
3402 744 3597 805 ἀπασι,
3629 743 3692 796 τὸ
3750 744 3795 796 δ’

2234 840 2453 894 ἔλαττον
2503 843 2614 902 τοῖς
2668 840 2875 908 ἀγῶσιν
2935 839 2968 906 ἢ
3020 838 3346 909 μυστηρίοις
3391 835 3798 904 καθηραμένοις

2234 933 2433 1000 ἐξεῖναι
2471 948 2483 982 '.
2514 933 2827 984 τούναντίον
2853 931 2951 999 μὲν
2988 929 3080 982 οῦν
3123 928 3368 981 ἐντεῦθεν
3402 927 3622 993 εὔλογον
3669 942 3798 978 τεκ-

2243 1023 2539 1094 μαίρεσθαι
2577 1024 2673 1076 καὶ
2707 1021 3038 1092 τελεώτερον
3071 1019 3216 1090 ἔχειν
3280 1020 3457 1073 ἐκεῖνο
3480 1017 3744 1086 νομίζειν,
3771 1016 3799 1068 ὃ

570 1117 644 1184 μὴ
707 1117 916 1168 πολλῶν
976 1115 1153 1184 ἔργων
1205 1114 1298 1166 καὶ
1356 1113 1621 1180 γενναίων
1653 1114 1753 1168 οὒκ
1802 1115 1949 1169 ἔστιν
1981 1114 2320 1184 ὠνήσασθαι.

643 1207 843 1262 Deinde
885 1217 938 1262 et
969 1209 1071 1263 hoc
1114 1208 1420 1273 sciendum,
1455 1210 1755 1270 Chrisuttn,
1796 1209 1887 1272 qui
1927 1210 2130 1275 praebet

569 1300 814 1368 epulum,
865 1301 1184 1354 certaminis
1234 1301 1402 1354 nostri
1453 1302 1660 1354 socium
1722 1309 1775 1354 et
1826 1301 2131 1364 adiutorem

570 1406 710 1443 esse.
745 1391 978 1458 Adjutor
1003 1400 1178 1445 autem
1213 1407 1436 1445 manum
1493 1393 1725 1459 porrigit
1770 1407 1875 1444 non
1903 1392 2136 1461 jacenti-

571 1479 697 1541 bus,
734 1497 842 1533 non
879 1481 1286 1549 mgrotantibus,
1339 1481 1432 1535 sed
1486 1498 1514 1534 a
1565 1482 1760 1534 robore
1816 1491 1867 1534 et
1907 1481 2133 1534 audacia

574 1572 768 1632 firmis,
803 1581 858 1624 et
888 1572 1153 1626 adversus
1179 1573 1554 1626 adversarium
1589 1572 1833 1625 animose
1893 1572 2137 1639 beneque

573 1663 984 1716 dimicantibus.
1013 1665 1136 1730 Ipse
1179 1664 1323 1716 enim
1358 1663 1611 1716 Christus
1665 1664 1821 1716 nobis
1879 1679 2134 1730 cperans,

577 1753 630 1804 in
689 1767 1034 1824 unoquoque
1097 1762 1439 1807 sacramento
1501 1753 1684 1807 omnia
1751 1753 1849 1817 fit,
1912 1755 2136 1822 plastes,

2318 1210 2549 1263 Ἔπειτα
2573 1210 2794 1262 κάκεῖνο
2821 1206 2926 1277 χρὴ
2954 1204 3206 1268 συνιδεῖν,
3257 1205 3340 1256 ὅτι
3395 1205 3802 1273 συναγωνιστής

2242 1305 2388 1356 ἔστιν
2419 1305 2551 1370 ἡμῖν
2578 1303 2606 1354 6
2659 1299 2893 1371 Χριστὸς
2925 1299 3171 1368 εὐωχῶν,
3224 1299 3252 1350 6
3296 1297 3352 1350 δὲ
3398 1298 3804 1367 συναγωνιστὴς

2244 1397 2398 1463 χεῖρα
2418 1393 2629 1446 δίδωσιν
2661 1394 2724 1447 οὐ
2752 1393 3028 1463 κειμένοις
3055 1394 3178 1445 οὐδὲ
3206 1384 3474 1453 νοσοῦσιν,
3511 1393 3651 1445 ἀλλά
3702 1392 3806 1461 ῥώ-

2247 1503 2353 1555 μης
2390 1486 2486 1555 μὲν
2519 1485 2610 1538 καὶ
2636 1485 2834 1555 τόλμης
2864 1486 3079 1553 ἔχουσιν
3119 1480 3202 1544 εὖ,
3231 1485 3366 1553 πρὸς
3393 1485 3449 1537 δὲ
3504 1484 3594 1537 τὸν
3640 1485 3805 1538 ἀντα-

2242 1578 2514 1646 γωνιστὴν
2571 1578 2833 1641 γενναίως
2870 1578 2964 1630 καὶ
2993 1575 3179 1638 καλῶς
3241 1575 3576 1645 ἱσταμένοις.
3635 1577 3805 1639 Αὐτὸς

2242 1669 2350 1736 γὰρ
2377 1669 2509 1736 ἡμῖν
2533 1669 2559 1718 6
2583 1666 2816 1736 Χριστὸς
2837 1667 3075 1734 ἐνεργῶν
3109 1667 3168 1718 ὲν
3196 1665 3412 1735 ἑκάστῳ
3443 1669 3550 1719 τῶν
3600 1685 3808 1736 μυπη-

2249 1756 2380 1825 ρίων
2415 1757 2585 1809 πάντα
2612 1757 2846 1823 γίνεται,
2889 1756 3156 1824 πλάστης,
3213 1755 3499 1823 ἀλείπτης,
3557 1773 3805 1822 συναγω-

577 1845 794 1911 aliptes,
848 1844 1164 1912 opitulator,
1221 1852 1274 1897 et
1327 1844 1574 1908 abluens,
1608 1855 1659 1897 et
1692 1861 1920 1913 ungetus,
1952 1854 2004 1897 et
2040 1862 2142 1898 nu-

2258 1846 2454 1915 νιστὴε,
2491 1847 2550 1898 τὸ
2588 1847 2686 1916 μὲν
2712 1846 2906 1911 λούων,
2945 1847 3080 1898 τὸδὲ
3117 1846 3307 1915 χρίων,
3355 1846 3418 1898 τὸ
3469 1847 3527 1900 δὲ
3570 1848 3808 1917 τρέφων.

577 1936 770 1990 triens.
821 1934 896 1988 lbi
933 1937 1078 1989 enim
1116 1952 1145 1990 a
1194 1937 1464 2004 principio
1500 1939 1745 1992 membra
1805 1937 2145 2004 fabricatur;

580 2025 668 2078 hic
733 2027 926 2093 spiritu
991 2027 1363 2091 corroborat;
1428 2029 1480 2080 in
1553 2043 1738 2082 mensa
1805 2042 1932 2080 vero
2001 2029 2150 2081 adest

574 2117 836 2182 ‘pcrfccte,
879 2125 933 2169 et
981 2131 1083 2167 una
1115 2125 1386 2170 certamen
1439 2116 1696 2169 sustinet.
1733 2113 2018 2170 Defunctis
2059 2115 2151 2168 de-

581 2223 731 2260 mum
767 2207 1064 2260 certamine
1112 2216 1425 2260 muneratur
1467 2204 1590 2269 erit,
1625 2214 1680 2258 et
1732 2205 1937 2259 sanctis
1983 2205 2148 2286 judex

583 2291 791 2352 sedebit
827 2299 1097 2364 laborum,
1151 2313 1384 2365 quorum
1420 2297 1535 2362 ipse
1593 2310 1717 2364 pars
1775 2311 1971 2364 magna
2027 2296 2149 2348 fuit.

583 2391 784 2445 Adbzec
837 2407 959 2445 cum
1018 2390 1258 2444 victores
1313 2389 1583 2442 redimere
1618 2389 1947 2455 oportebit,
2008 2388 2148 2440 idem

585 2499 800 2552 quoque
829 2497 1030 2535 corona
1061 2481 1184 2534 erit.
1216 2480 1294 2532 Ad
1329 2494 1531 2546 agones
1562 2478 1726 2547 igitur
1761 2493 1858 2546 pro
1907 2478 2150 2544 philoso-

587 2574 714 2642 pbia
753 2572 1055 2634 audendos,
1091 2579 1144 2623 et
1167 2569 1233 2622 ad
1266 2569 1642 2622 excellentiam
1681 2567 2149 2636 consequendam,

591 2669 798 2733 fingens
852 2671 906 2716 et
955 2677 1162 2729 ungens
1197 2659 1409 2714 confert
1456 2660 1638 2712 omnia
1694 2659 1858 2713 simul
1911 2668 2151 2722 certans,

588 2769 698 2808 non
746 2751 930 2806 omnia
970 2770 984 2805 :
1020 2759 1073 2804 et
1105 2758 1349 2820 tempore
1385 2749 1603 2817 quidem
1641 2749 1959 2804 certaminis
1989 2750 2152 2805 nihil.

587 2845 703 2899 Nec
757 2843 902 2898 enim
948 2843 1168 2910 aliptem
1228 2851 1282 2896 et
1337 2841 1544 2910 plasten
1596 2841 1802 2898 licitum
1853 2843 2148 2910 quidquam

593 2936 1029 3005 praetermittere,
1083 2948 1205 3002 quae
1257 2933 1512 2986 athletam
1552 2948 1743 3002 parare
1775 2949 1835 2986 ac
1869 2935 2156 3002 disponere

593 3035 843 3096 possunt,
913 3039 1090 3094 neque
1149 3025 1573 3078 commilitonem
1641 3025 1950 3078 communis
2014 3025 2155 3078 ratio

597 3119 732 3172 sinit
766 3118 817 3170 in
860 3131 918 3171 se
951 3117 1134 3170 omnia
1172 3116 1434 3185 recipere,
1483 3124 1535 3169 et
1566 3115 1734 3169 alium
1772 3115 1989 3184 quidem
2025 3117 2157 3169 deli-

2264 1937 2409 1990 Ἐκεῖ
2445 1937 2543 2006 μὲν
2581 1937 2688 2007 γὰρ
2722 1937 2781 2004 ἐξ
2821 1938 2995 2006 ἀρχῆς
3035 1938 3103 1990 τὰ
3145 1928 3276 2006 μέλη
3326 1937 3673 2007 δημιουργεῖ,
3723 1941 3808 1991 ὲν-

2247 2028 2418 2081 ταῦθα
2442 2029 2498 2082 δὲ
2520 2030 2598 2100 τῷ
2629 2030 2901 2092 πνεύματι
2938 2030 3226 2099 ρώννυσιν,
3268 2033 3361 2086 ἐπὶ
3388 2033 3443 2086 δὲ
3473 2035 3572 2102 τῆς
3609 2035 3812 2102 τραπέ-

2248 2121 2349 2189 ζης
2373 2121 2620 2175 σύνεστιν
2653 2121 2898 2191 ἀκριϐῶς
2955 2124 3053 2175 καὶ
3078 2124 3422 2192 συνδιαφέρει
3469 2126 3558 2177 τὸν
3627 2122 3809 2186 ἆθλον,

2252 2213 2389 2281 μετά
2417 2213 2473 2265 δὲ
2508 2212 2606 2282 τὴν
2653 2213 2976 2282 ἀπαλλαγὴν
3011 2213 3304 2283 ἀθλοθέτης
3347 2214 3501 2266 ἔσται
3546 2217 3640 2268 καὶ
3685 2214 3816 2267 καθ-

2249 2307 2447 2358 εδεῖται
2473 2306 2582 2366 τοῖς
2615 2305 2790 2372 ἁγίοις
2815 2305 3010 2372 κριτὴς
3072 2296 3146 2357 ὧν
3201 2304 3527 2372 ἐκοινώνησε
3596 2305 3774 2356 πόνων
3797 2323 3812 2336 ο

2251 2391 2368 2449 εῐτα
2409 2397 2505 2448 καὶ
2543 2397 2693 2464 νίκη,
2728 2396 2852 2458 τοὺς
2884 2395 3371 2463 ἀποδεδειγμένους
3401 2396 3662 2464 ἀναδῆσαι
3687 2396 3816 2472 δεῇ-

2254 2503 2372 2550 σαν,
2403 2486 2498 2538 καὶ
2549 2485 2813 2553 στέφανός
2875 2485 3074 2538 ἐστινὸ
3109 2485 3289 2548 αὐτός.
3346 2485 3484 2554 Πρὸς
3523 2487 3705 2538 τοίνυν
3757 2487 3819 2538 τὸ

2253 2574 2528 2646 θαρρῆσαι
2556 2575 2683 2637 τοὺς
2717 2575 2854 2644 ὑπὲρ
2880 2575 3199 2642 φιλοσοφίας
3231 2574 3447 2642 ἀγῶνας
3475 2577 3567 2628 καὶ
3602 2575 3816 2642 διενεγ-

2253 2669 2372 2722 κεῖν
2415 2666 2733 2736 δυνηθῆναι,
2764 2666 3016 2740 πλάττων
3072 2666 3170 2734 μὲν
3231 2664 3324 2718 καὶ
3376 2664 3609 2733 ἀλείφων
3640 2668 3818 2718 πάντα

2253 2760 2456 2822 δίδωσι,
2511 2757 3014 2826 συναγωνιζόμενος
3050 2756 3109 2809 δὲ
3165 2755 3226 2809 οὑ
3249 2757 3448 2822 πάντα,
3499 2758 3592 2810 ἐπὶ
3624 2757 3680 2810 δὲ
3719 2758 3818 2810 τοῦ

2254 2849 2449 2918 καιροῦ
2485 2850 2589 2902 τῶν
2621 2849 2798 2902 ἄθλων
2821 2849 2994 2902 οὐδέν.
3058 2845 3197 2899 Οὔτε
3243 2848 3352 2916 γὰρ
3401 2847 3494 2901 τὸν
3552 2848 3821 2920 ἀλείπτην

2255 2942 2350 2994 καὶ⁵
2374 2941 2623 3008 πλάστην
2661 2939 2886 3006 εὔλογον
2928 2940 3261 3007 παραλιπεῖν
3285 2959 3338 2993 τι
3390 2940 3500 2994 τῶν
3554 2942 3821 2994 διαθεῖναι

2256 3032 2346 3085 τὸν
2382 3033 2692 3101 ἀγωνιστὴν
2731 3024 3065 3102 δυναμένων,
3110 3031 3233 3085 οὕτε
3281 3033 3375 3086 τὸν
3418 3035 3823 3102 συναγωνιστὴν

2257 3125 2285 3175 ὁ
2311 3121 2404 3175 τοῦ
2440 3121 2698 3176 κοινωνοῦ
2730 3122 2910 3176 δίδωσι
2944 3123 3101 3191 λόγος
3127 3124 3209 3186 είς
3247 3123 3438 3177 ἑαυτὸν
3469 3125 3530 3177 τὸ
3560 3126 3670 3178 πᾶν
3718 3128 3810 3177 άν-

593 3210 710 3262 cias
767 3209 946 3262 facere
993 3208 1222 3277 perpeti.
1288 3207 1464 3276 ipsum
1523 3209 1698 3261 solum
1753 3207 1816 3259 ad
1880 3216 2151 3260 certamen

2263 3215 2499 3278 ελέσθαι,
2523 3216 2618 3267 καὶ
2676 3215 2768 3267 τὸν
2799 3215 2899 3284 μὲν
2933 3189 3248 3284 ἐπι-τρέπειν
3277 3216 3508 3287 τρυφᾷν,
3558 3217 3719 3269 αὑτὸν
3766 3218 3823 3270 δὲ

596 3301 837 3371 aggredi.
867 3301 1030 3368 Atqui
1065 3314 1164 3353 nec
1208 3299 1386 3368 ipsum
1437 3299 1528 3368 qui
1577 3299 1890 3354 certaminis
1936 3299 2156 3367 praemia

594 3395 871 3464 proponit,
930 3401 1024 3448 aut
1071 3393 1165 3456 qui
1221 3393 1456 3462 ipsemet
1518 3408 1723 3446 corona
1792 3402 1897 3457 est,
1960 3409 2161 3462 ungere

593 3495 912 3553 certatores,
946 3486 1057 3552 aut:
1086 3484 1346 3549 formare,
1401 3492 1495 3538 aut
1530 3485 1726 3540 medici
1775 3494 1956 3543 partes
2001 3499 2161 3542 agere

594 3580 750 3632 decet
800 3597 812 3632 :
866 3593 964 3632 nec
1013 3577 1274 3640 victoriae,
1338 3585 1434 3631 aut
1489 3575 1852 3642 fortitudinis,
1916 3587 2010 3632 aut
2074 3596 2163 3633 ro-

596 3671 768 3736 boris,
813 3679 906 3722 aut
944 3671 1158 3725 virtutis
1202 3669 1576 3738 cujuscunque
1603 3670 1828 3724 alterius
1865 3672 2158 3741 quidquam

598 3763 820 3818 athletis
854 3777 1167 3833 apponere:
1207 3762 1298 3814 sed
1334 3761 1512 3816 solum
1554 3777 1674 3829 quae
1703 3773 1808 3828 est,
1844 3773 1898 3817 et
1937 3764 2160 3830 enituit,

597 3871 718 3909 eam
751 3856 1120 3916 condecorare
1147 3867 1328 3907 nosse.
1361 3852 1456 3907 Est
1486 3864 1667 3907 autem
1705 3854 1938 3911 fortibus
1967 3857 2164 3911 melius

597 3946 894 4009 coronari,
964 3961 1128 4016 quam
1196 3946 1455 4000 certando
1517 3946 1778 4012 vincere,
1844 3956 1900 4002 et
1968 3949 2165 4005 melius

595 4044 835 4104 vincere,
865 4055 1026 4108 quam
1063 4039 1285 4092 formari
1316 4047 1478 4108 atque
1509 4041 1657 4107 ungi.
1711 4038 1834 4094 Haec
1873 4040 2016 4094 enim
2042 4057 2166 4110 pro-

598 4146 716 4204 pter
744 4135 1026 4188 victoriam
1062 4132 1216 4194 fiunt,
1241 4131 1467 4186 victoria
1495 4141 1714 4199 propter
1757 4147 1991 4186 coronas
2014 4149 2164 4202 qua:-

599 4228 759 4281 ritur.
817 4225 970 4290 Quod
1003 4225 1046 4278 si
1083 4225 1183 4276 hoc
1213 4223 1426 4292 signum
1456 4231 1540 4275 est
1568 4222 1896 4290 imperfecte
1948 4225 2167 4280 infcrio-

599 4319 786 4385 risque
828 4317 1014 4378 sortis,
1072 4329 1181 4366 non
1241 4328 1304 4365 ex
1362 4312 1508 4365 omni
1558 4323 1710 4379 parte
1769 4329 2021 4381 purgare,
2069 4331 2168 4370 nec

601 4422 906 4479 praaparare
937 4421 1000 4459 ac
1021 4406 1242 4473 fingere,
1289 4413 1562 4456 extremus
1594 4404 1942 4458 beatitudinis
1980 4408 2168 4459 termi-

601 4517 704 4556 nus
725 4500 905 4552 minus
931 4497 996 4551 ad
1021 4494 1326 4548 felicitatem
1351 4493 1550 4546 valeret
1578 4510 1589 4544 :
1615 4503 1760 4561 puta,
1785 4493 1891 4548 Deo
1908 4510 2166 4549 coronanv

2267 3305 2428 3374 μόνον
2453 3305 2800 3369 ἀποδύεσθαι,
2838 3306 2932 3358 καὶ
2961 3306 3070 3375 μὴν
3097 3306 3215 3359 οὐδὲ
3234 3306 3325 3359 τὸν
3353 3305 3646 3374 ἀθλοθέτην
3673 3308 3705 3376 ἢ
3737 3310 3824 3361 τὸν

2269 3399 2532 3466 στέφανον
2561 3399 2723 3452 αὐτὸν
2743 3399 2982 3465 ἀλείφειν
3013 3399 3178 3462 είκὺς,
3209 3400 3241 3469 ἥ
3275 3399 3553 3455 πλάττειν.
3580 3400 3610 3469 ἢ
3639 3401 3706 3453 τά
3729 3402 3820 3453 τοῦ

2270 3490 2451 3554 ίατροῦ
2487 3492 2682 3552 ποιεῖν,
2723 3489 2842 3542 οὐδέ
2869 3507 2920 3542 τι
2948 3489 3295 3560 προστιθέναι
3327 3491 3486 3559 νίκης
3514 3491 3546 3560 ἢ
3575 3492 3823 3560 ἀνδρείας

2267 3582 2508 3651 ῆρὡης
2542 3582 2574 3650 ἦ
2603 3581 2801 3650 ἀρετῆς
2839 3581 3153 3652 ἡστινοσοῦν
3194 3581 3360 3649 ἄλλης
3405 3584 3520 3643 τοῖς
3543 3583 3823 3653 ἀθληταῖς,

2270 3670 2402 3724 ἀλλά
2421 3673 2519 3740 τὴν
2548 3667 2712 3726 οὖσαν
2747 3673 2908 3738 μόνον
2957 3671 3053 3725 καὶ
3097 3675 3361 3739 φανεῖσαν
3398 3674 3624 3740 εἰδέναι,
3701 3693 3824 3728 κοσ-

2273 3763 2412 3831 μεῖν.
2444 3763 2597 3814 Ἔστι
2628 3763 2684 3814 δὲ
2712 3763 2824 3824 τοῖς
2853 3761 3168 3831 ἀριστεῦσιν
3200 3763 3426 3832 ἄμεινον
3464 3765 3564 3833 μὲν
3607 3765 3665 3817 τὸ
3705 3784 3826 3819 στε-

2271 3845 2571 3922 φανοῦσθαι
2603 3853 2694 3906 τοῦ
2726 3854 2882 3922 νικᾷν
2917 3855 3378 3922 ἀγωνιζομένους,
3427 3855 3652 3924 ἄμεινον
3683 3855 3738 3908 δὲ
3769 3857 3828 3908 τὸ

2269 3946 2494 4016 νικητὰς
2529 3939 2670 3998 εἶναι
2703 3944 2798 3998 τοῦ
2833 3944 3166 3997 πλάττεσθαι
3197 3961 3213 3977 ·
3267 3947 3327 3998 τὸ
3387 3946 3488 4015 μὲν
3527 3947 3636 4014 γάρ
3691 3948 3828 4018 ὑπὲρ

2269 4036 2364 4088 τοῦ
2391 4036 2570 4106 νικᾷν,
2600 4037 2634 4105 ἡ
2661 4035 2785 4104 νίκη
2815 4035 2871 4087 δὲ
2893 4033 3002 4087 τῶν
3034 4035 3315 4101 στεφάνων
3343 4035 3508 4090 ἕνεκα
3541 4054 3556 4068 ο
3621 4039 3737 4090 ἀλλ’
3781 4040 3829 4091 εί

2272 4127 2428 4181 τοῦτο
2460 4127 2684 4196 σημεῖον
2715 4121 2782 4196 ἦν
2810 4126 3033 4189 ἀτελοῦς
3067 4126 3162 4180 καὶ
3218 4127 3319 4193 τῆς
3369 4127 3657 4191 ἐλάσσονος
3717 4131 3832 4198 μοί-

2275 4237 2395 4290 ρας,
2430 4219 2489 4271 τδ
2516 4221 2590 4289 μὴ
2633 4218 2809 4287 πάντη
2864 4220 3149 4289 καθαίρειν
3196 4218 3330 4289 μηδὲ
3385 4221 3830 4288 παρασκευάζειν

2273 4310 2368 4361 καὶ
2395 4309 2668 4372 πλάττειν,
2694 4303 2856 4378 ἧττον
2884 4306 2950 4360 ἂν
2976 4304 3045 4379 ἦν
3075 4311 3153 4371 είς
3196 4308 3542 4377 εὐδαιμονίαν
3568 4311 3597 4362 ὁ
3645 4313 3832 4364 τελευο

2270 4402 2424 4462 ταῖος
2447 4400 2548 4469 τῆς
2580 4401 2981 4470 μακαριότητος
3011 4401 3158 4467 ὅρος.
3202 4402 3360 4468 Λέγω
3417 4399 3480 4470 δὴ
3537 4403 3593 4453 τὸ
3648 4406 3833 4470 τυχεῖν

2273 4489 2409 4543 Θεοῦ
2445 4492 2836 4557 στεφανοῦντος
2860 4489 2956 4542 τοῦ
2994 4489 3131 4556 μετά
3178 4492 3696 4560 παραπετασμάτων
3742 4493 3834 4543 ἐπὶ

551 4653 561 4667 _
602 4603 655 4648 te
677 4591 854 4660 potiri,
879 4597 933 4641 et
955 4587 1055 4642 sub
1097 4584 1362 4637 velamine
1387 4585 1441 4637 in
1493 4599 1644 4638 sacra
1670 4600 1852 4638 mensa
1902 4586 2020 4654 ejus
2053 4602 2151 4655 pari

2276 4584 2375 4650 τῆς
2399 4581 2678 4652 τραπέζης
2708 4580 2871 4634 αὑτοῦ
2905 4581 3172 4650 μετέχειν,
3200 4580 3274 4641 ὼς
3310 4580 3407 4649 τῆς
3434 4579 3528 4648 μὲν
3553 4580 3837 4650 τραπέζης

601 4686 817 4752 ticipem
851 4681 988 4745 fieri,
1039 4679 1194 4747 quasi
1223 4691 1407 4730 mensa
1426 4684 1480 4729 et
1505 4677 1952 4745 praeparationem
1971 4694 2160 4747 quam-

601 4777 821 4839 dam,et
850 4770 1220 4842 purgationem
1257 4766 1498 4826 haberet,
1543 4780 1866 4820 coronarum
1918 4782 2045 4820 vero
2097 4782 2163 4819 ex

602 4867 686 4920 his
721 4875 995 4918 neutrum.
1027 4861 1156 4925 Quae
1186 4873 1309 4914 cum
1344 4857 1415 4912 ita
1441 4857 1570 4920 sint,
1609 4857 1910 4912 mirandum
1932 4872 2038 4909 non
2060 4867 2164 4920 est,

603 4958 648 5012 si
691 4971 860 5011 creua:
925 4953 1262 5024 mysterium,
1301 4949 1560 5019 quamvis
1612 4947 1924 5017 perfectius,
1983 4949 2166 5003 minus

603 5061 782 5102 tamen
814 5053 1029 5114 purget.
1060 5045 1288 5111 Insuper
1317 5041 1478 5095 etiam
1509 5039 1788 5108 praemium
1814 5037 2024 5092 esthoc
2075 5038 2174 5091 du-

607 5154 758 5192 num.
794 5135 1114 5204 Huiusmodi
1176 5145 1360 5188 autem
1404 5132 1626 5201 praamia
1673 5145 1781 5183 non
1839 5131 2178 5184 constituunt

608 5244 781 5298 neque
806 5228 1010 5282 faciunt
1034 5225 1391 5288 fortissimos,
1411 5221 1504 5277 sed
1531 5219 1832 5287 ostendunt
1879 5229 1935 5274 et
1959 5229 2178 5275 ornant.

607 5323 724 5378 Non
754 5322 896 5378 enim
932 5321 984 5375 in
1005 5333 1160 5374 ccena
1190 5316 1440 5386 purgatio
1500 5321 1712 5367 tantum
1757 5323 1812 5364 et
1869 5311 2178 5373 auxiliator,

608 5419 702 5474 sed
733 5426 788 5470 et
813 5413 1090 5484 prmmium
1115 5418 1201 5464 est
1223 5409 1496 5469 Christus,
1518 5405 1660 5474 quod
1690 5404 1990 5457 certamine
2050 5417 2172 5468 per-

610 5509 810 5563 functis
857 5503 1247 5573 reportandum
1277 5507 1382 5554 est.
1413 5497 1552 5564 Quid
1607 5497 1750 5549 enim
1793 5494 1936 5546 aliud
1973 5493 2172 5546 sanctis

611 5613 709 5666 pro
741 5596 1019 5650 laboribus
1055 5595 1105 5647 in
1133 5592 1233 5645 hoc
1257 5602 1372 5643 aevo
1403 5587 1643 5641 toleratis
1667 5585 1887 5654 dignius
1912 5584 2173 5652 rependa-

615 5696 722 5748 tur,
749 5702 908 5754 quam
943 5684 1220 5739 Christum
1240 5678 1485 5744 accipere
1530 5685 1584 5729 et
1639 5692 1760 5730 cum
1815 5689 1881 5730 eo
1937 5688 2076 5738 esse,
2107 5673 2176 5727 Et

616 5779 816 5833 Paulus
838 5776 1246 5845 emigrationem
1279 5776 1402 5840 post
1425 5783 1642 5824 cursum
1671 5767 1822 5822 illum
1868 5768 1920 5822 in
1943 5767 2045 5828 hoc
2087 5781 2178 5820 ex-

2265 4677 2361 4728 και
2382 4673 2739 4744 παρασκευὴν
2789 4671 3021 4739 ἐχούσης
3071 4672 3192 4723 τινὰ
3251 4670 3346 4723 καὶ
3395 4671 3681 4739 κάθαρσιν,
3731 4673 3840 4725 τῶν

2267 4766 2544 4834 στεφάνων
2572 4765 2628 4817 δὲ
2675 4762 2876 4816 τούτων
2906 4763 3207 4830 οὐδέτερον.
3258 4764 3355 4815 Διά
3398 4762 3566 4813 ταῦτα
3615 4763 3676 4814 οὐ
3737 4762 3840 4832 χρὴ

2268 4852 2587 4922 θαυμάζειν,
2607 4853 2654 4904 εί
2675 4850 3006 4918 τελειότερον
3035 4850 3092 4902 ὃν
3118 4853 3413 4919 μυστήριον
3435 4850 3494 4901 τὸ
3510 4851 3726 4902 δεῖπνον
3748 4846 3842 4922 ἦτ-

2268 4966 2360 5008 τον
2387 4942 2493 4999 οῐδε
2531 4943 2839 5012 καθαίρειν,
2863 4943 3036 5003 ἄλλως
3075 4958 3133 4992 τε
3180 4941 3318 5008 πρὸς
3367 4942 3479 5001 τοῖς
3530 4939 3840 5009 εἰρημένοις

2277 5037 2371 5092 καὶ
2388 5031 2548 5088 ἆθλόν
2577 5035 2694 5085 ἐστι
2717 5028 2868 5082 τουτὶ
2896 5031 2956 5080 τὸ
2976 5029 3148 5099 δῶρον
3167 5045 3180 5057 '
3206 5028 3450 5081 τοιοῦτον
3476 5029 3532 5080 δὲ
3557 5027 3617 5080 τὸ
3654 5029 3840 5097 χρῆμα

2278 5126 2388 5180 τῶν
2419 5120 2595 5180 ἄθλων
2618 5123 2677 5174 οὐ
2715 5121 3040 5188 καθίστησιν
3067 5119 3187 5171 οὐδὲ
3219 5117 3516 5186 ἐργάζεται
3541 5119 3668 5180 τοὺς
3713 5117 3833 5186 ἀρί-

2277 5233 2456 5280 στους,
2485 5213 2601 5268 ἀλλ’
2623 5211 2974 5266 ἀναδείκνυσι
3032 5209 3126 5262 καὶ
3170 5209 3386 5278 κοσμεῖ.
3426 5208 3501 5259 Οὐ
3565 5209 3675 5278 γὰρ
3708 5207 3840 5260 καθ-

2278 5308 2469 5377 άρσιον
2515 5305 2574 5357 ὲν
2623 5303 2702 5371 τῷ
2764 5301 2964 5370 δείπνῳ
3013 5301 3109 5352 καὶ
3171 5297 3584 5368 συναγωνιστὴς
3655 5299 3836 5368 μόνον,

2281 5399 2414 5452 ἀλλὰ
2453 5397 2547 5450 καὶ
2575 5395 2742 5462 γέρας
2771 5394 2917 5446 ἐστὶν
2956 5393 2984 5444 6
3010 5391 3264 5462 Χριστὸς,
3294 5390 3321 5443 ὃ
3348 5391 3430 5442 δεῖ
3465 5391 3652 5443 λαϐεῖν
3691 5392 3841 5458 ἀγω·

2277 5490 2601 5558 νισαμένους
2640 5504 2654 5518 ο
2684 5486 2738 5539 τί
2758 5487 2864 5554 γάρ
2897 5486 3026 5540 ἄλλο
3063 5486 3176 5546 τοῖς
3215 5484 3507 5556 μακαρίοις
3566 5482 3689 5535 ἀντὶ
3736 5483 3845 5534 τῶν

2279 5578 2515 5632 ἐνταῦθα
2538 5579 2714 5630 πόνων
2745 5577 2777 5646 ἦ
2829 5577 2888 5628 τὸ
2936 5576 3121 5628 λαϐεῖν
3153 5573 3388 5644 Χριστδν
3411 5576 3504 5628 καὶ
3554 5576 3791 5627 συνεῖναι
3826 5588 3840 5634 ;

2282 5671 2392 5725 Kal
2419 5669 2631 5732 Παῦλος
2669 5671 2805 5738 μετά
2843 5670 2937 5721 τὸν
2971 5669 3173 5736 δρόμον
3227 5670 3434 5720 ἐκεῖνον
3472 5665 3570 5732 τὴν
3624 5665 3838 5716 ἐνθένδε

2241 5797 2243 5799 ι
2283 5763 2540 5818 ἀνάλυσιν
2559 5761 2637 5825 είς
2659 5759 2816 5814 τοῦτο
2851 5761 3040 5832 λήγειν
3079 5759 3301 5828 ἔσχατον
3339 5758 3442 5826 ἔφη
3475 5755 3568 5811 τὸν
3587 5755 3682 5809 τοῦ
3714 5754 3843 5825 Χριο
