4196 6308
347 370 452 438 609

1388 377 1486 438 DE
1522 380 1702 441 VITA
1740 379 1812 439 lN
1848 382 2175 444 Cl‘lRISTO
2211 381 2360 442 LIB.
2399 380 2499 441 IV.

3476 383 3583 446 630

348 491 476 562 στοῦ
528 488 819 544 συνουσίαν
848 505 864 521 ’
909 508 927 543 ι
965 489 1252 544 Ἀναλῦσαι
1280 490 1387 561 γὰρ
1411 530 1427 555 ,
1465 492 1628 562 φησὶ,
1681 494 1778 546 καὶ
1801 496 1900 546 σὺν
1929 504 1979 558 Α

2019 506 2240 547 Lretnum
2256 492 2504 546 desinere
2537 489 2632 556 ait,
2659 503 2852 560 nempe
2881 503 3006 544 cum
3058 488 3276 547 Christo
3291 495 3474 550 vivere
3524 507 3578 552 et

346 582 566 654 Χριστῷ
587 579 725 635 εἶναι
753 581 929 651 πολλῷ
954 581 1157 651 μᾶλλον
1189 583 1467 652 κρεῖσσονο
1496 603 1516 636 ι
1548 582 1706 639 τοῦτο
1746 583 1803 637 δὲ
1845 582 1905 635 τὸ

346 674 445 745 τῆς
478 673 762 743 τραπέζης
794 672 954 742 ἔργον
977 672 1368 742 διαφερόντως.
1394 675 1456 728 El
1482 675 1590 745 γάρ
1624 677 1718 730 καὶ
1757 674 1909 746 παρά

346 768 456 827 τοῖς
479 766 660 828 ἄλλοις
714 765 1032 836 μυστηρίοις
1078 765 1226 818 ἐστιν
1250 767 1436 835 εὑρεῖν
1501 766 1592 820 τὸν
1646 768 1904 837 Χριστὸν,

347 855 462 908 ιίιλλ⁹
497 855 638 909 ὥστε
691 856 768 923 τῷ
827 855 1014 908 λαϐεῖν
1066 856 1591 926 παρασκευασθῆναι
1649 856 1786 926 πρὸς
1847 856 1909 909 τὺ

347 946 640 1015 δυνηθῆναι
673 948 932 1011 συνεῖναι,
969 947 1204 1001 ἐνταῦθα
1235 949 1290 1000 δὲ
1319 947 1461 1002 ὥστε
1508 949 1610 1020 ἤδη
1647 949 1908 1019 καθαρῶς

348 1036 530 1089 λαϐεῖν
575 1038 668 1090 καὶ
694 1041 931 1091 συνεῖναι
957 1055 970 1068 ο
994 1039 1089 1092 τοῦ
1113 1042 1220 1112 γάρ
1249 1040 1358 1094 τῶν
1379 1040 1553 1095 ἄλλων
1576 1041 1634 1095 τὸ
1659 1041 1717 1094 ἓν
1750 1043 1911 1112 σῶμα

350 1128 445 1182 καὶ
467 1128 524 1181 ἓν
557 1130 774 1198 πνεῦμα
807 1133 902 1183 καὶ
931 1132 990 1182 τὸ
1027 1132 1213 1200 μένειν
1246 1133 1346 1202 μὲν
1367 1134 1425 1187 ἐν
1455 1133 1627 1203 αὐτῷ,
1680 1135 1909 1205 μένοντα

349 1218 406 1270 δὲ
439 1217 582 1288 ἔχειν
609 1220 795 1282 αὐτὸν,
833 1220 976 1290 ὑπὲρ
1014 1213 1075 1273 οὗ
1111 1222 1254 1275 δοκῶ
1287 1223 1380 1276 καὶ
1443 1223 1681 1292 Χριστὸς
1747 1225 1912 1290 αὐτὸς

350 1306 448 1376 τὴν
475 1310 850 1378 μακαριότητα
879 1310 987 1364 τῶν
1015 1312 1238 1365 δικαίων
1262 1312 1477 1366 δεῖπνον
1523 1310 1664 1367 εἶναι
1721 1332 1911 1386 φησιν,

352 1399 513 1452 αὑτὸν
531 1400 652 1468 ἔχον
681 1400 1049 1458 διακονοῦντα.

1246 1487 1277 1512 ο

422 1576 580 1630 Οῦτω
616 1579 714 1648 μὲν
743 1573 835 1632 οὖν
874 1574 1038 1633 ἆθλόν
1082 1580 1232 1634 ἐστιν
1276 1581 1305 1634 6
1349 1581 1448 1650 τῆς
1505 1581 1660 1650 ζωῆς
1704 1583 1867 1651 ἄρτος
1897 1597 1913 1612 ·

353 1669 476 1720 ἐπεὶ
530 1669 587 1721 δὲ
624 1671 674 1721 οἱ
741 1669 898 1723 τοῦτο
949 1671 1231 1742 δεχόμενοι
1253 1670 1314 1724 τὸ
1349 1671 1522 1742 δῶρον
1550 1673 1650 1742 τὴν
1698 1674 1802 1742 γῆν
1833 1671 1916 1726 ἐτι

353 1759 588 1814 πατοῦσι
623 1760 1100 1834 καὶλὸδοιποροῦσι,
1137 1764 1232 1816 καὶ
1256 1764 1344 1818 διά
1365 1764 1525 1818 τοῦτο
1548 1764 1642 1818 καὶ
1679 1764 1918 1828 κονίζον-

2008 581 2234 637 versari.
2265 580 2554 647 «Dissolvi,
2590 581 2786 650 inquit,
2807 589 3004 633 etcum
3025 579 3244 634 Christo
3269 596 3407 647 esse,
3438 585 3581 638 mul-

2009 680 2065 727 to
2091 672 2262 742 magis
2292 672 2486 725 melius
2510 670 2578 724 ⁷³.
2617 688 2634 721 ι
2674 665 2828 734 Quod
2855 669 2970 722 hac
3011 683 3194 722 mensa
3225 679 3446 737 praestat
3500 673 3582 725 in-

2009 761 2256 828 signiter.
2286 759 2396 813 Etsi
2423 759 2565 813 enim
2594 759 2648 812 in
2677 758 2799 812 aliis
2824 771 3042 827 quoque
3074 757 3353 826 mysteriis
3386 758 3582 814 Cirris--

2011 859 2122 905 tum
2161 849 2403 904 invenire
2430 850 2570 913 licet,
2602 848 2697 903 sed
2735 858 2984 907 eatenus.
3019 859 3077 902 ut
3132 848 3580 916 praeparationem

2011 942 2136 996 inde
2157 941 2418 1006 feramus,
2441 956 2548 1012 quo
2570 956 2691 996 cum
2717 955 2784 995 eo
2797 955 2920 995 esse
2941 940 3234 1009 possimus.
3261 939 3358 994 Hic
3382 950 3583 1002 autem,

2012 1035 2197 1103 utjam
2227 1017 2502 1102 pureeum
2561 1034 2911 1102 accipiamus,
2966 1042 3019 1087 et
3073 1047 3198 1088 cum
3257 1033 3348 1086 illo
3391 1034 3584 1086 simus.

2013 1120 2116 1176 Ubi
2148 1122 2291 1175 enim
2326 1122 2377 1175 in
2405 1122 2524 1177 aliis
2569 1122 2804 1190 reperias
2832 1137 2996 1175 unum
3045 1136 3242 1190 corpus
3307 1131 3360 1175 et
3417 1137 3584 1175 unum

2013 1209 2289 1278 spiritum,
2313 1219 2368 1264 et
2397 1226 2624 1265 manere
2652 1211 2704 1264 in
2731 1213 2869 1279 ipso,
2898 1221 3315 1280 manentemque
3341 1213 3581 1268 vicissim

2017 1301 2220 1355 habere
2261 1302 2312 1355 in
2343 1302 2568 1370 seipso?
2617 1301 2844 1371 Propter
2876 1303 3000 1370 hoc,
3035 1313 3092 1356 ut
3126 1305 3378 1366 arbitror.
3421 1307 3581 1360 etiam

2012 1391 2262 1445 Christus
2292 1391 2406 1460 ipse
2441 1391 2830 1446 beatitudinem
2854 1393 3126 1462 justorum
3182 1408 3398 1450 coenam
3447 1411 3586 1450 nun—

2015 1483 2252 1551 cupavit,
2283 1483 2335 1535 in
2364 1498 2468 1552 qua
2491 1483 2607 1553 ipse
2637 1465 3047 1540 ministraret."

2087 1573 2180 1628 Sic
2204 1573 2367 1642 igitur
2394 1574 2548 1643 panis
2572 1575 2695 1628 vitae
2725 1579 3000 1645 praemium
3038 1577 3415 1644 est.Quoniam
3457 1594 3586 1634 vero

2015 1661 2214 1716 donum
2243 1664 2383 1718 istuc
2412 1665 2770 1734 suscipientes
2796 1675 2996 1721 terram
3027 1668 3208 1723 adhuc
3262 1673 3498 1733 calcant,
3533 1679 3588 1724 et

2021 1763 2082 1809 ut
2111 1755 2346 1811 viatores
2375 1756 2597 1826 pulvere
2641 1758 3014 1826 inquinantur,
3041 1769 3094 1815 et
3126 1761 3357 1830 pedibus
3409 1760 3585 1815 offen-

351 1870 444 1907 ται
464 1855 556 1908 καὶ
583 1855 990 1926 προσκόπτουσι
1009 1857 1101 1908 καὶ
1123 1855 1337 1928 λῃστῶν
1384 1856 1653 1910 δεδοίκασι
1701 1859 1909 1926 χεῖρας,
1939 1844 1988 1905 Β

2019 1848 2172 1912 dunt,
2199 1859 2677 1919 grassatorumque
2693 1865 2888 1904 manus
2940 1851 3154 1917 timent,
3181 1867 3281 1922 pro
3330 1853 3585 1922 praesenti

352 1945 490 2016 πρὸς
516 1946 614 2017 τὴν
663 1946 950 2017 παροῦσαν
1001 1948 1191 2019 χρείαν
1229 1949 1415 2012 αὐτοῖς
1470 1948 1696 2011 εἰκότως
1751 1948 1914 2016 ἀρκεῖ

352 2037 442 2088 καὶ
469 2037 566 2106 τὴν
595 2037 746 2107 ίσχῦν
777 2037 958 2107 ἀνέχει
990 2038 1084 2092 καὶ
1112 2039 1334 2108 ἡγεμών
1381 2039 1495 2092 ἐστι
1515 2040 1610 2092 καὶ
1631 2038 1909 2109 καθαίρει,

351 2127 456 2190 ἓως
478 2128 898 2193 καταλύσουσιν,
921 2122 983 2182 οῦ
1022 2130 1165 2183 κατά
1191 2130 1287 2183 τδν
1322 2131 1532 2201 Πέτρου
1565 2130 1724 2200 λόγον
1745 2130 1912 2184 καλὸν

350 2215 490 2271 εἶναι
522 2218 614 2272 τὸν
649 2220 958 2290 ἄνθρωπον,
992 2221 1127 2274 ὅπου
1153 2222 1263 2275 τῶν
1290 2221 1468 2278 ἄλλων
1519 2221 1621 2292 μὶν
1683 2223 1911 2293 οὐδεμία

350 2313 526 2379 χώρα,
557 2311 615 2362 ἐν
641 2311 870 2381 καθαρῷ
908 2313 1250 2382 πραγμάτων
1268 2314 1452 2383 χωρίῳ
1486 2313 1733 2383 μένουσιν
1783 2315 1908 2384 ἥδη,

354 2401 514 2470 μόνον
533 2401 592 2454 δὲ
614 2402 877 2471 στέφανός
928 2405 1077 2456 ἐστιν
1117 2403 1301 2466 αὐτοῖς
1355 2406 1384 2456 δ
1439 2401 1673 2473 Χριστὸς
1735 2407 1911 2456 συνὼν

351 2490 630 2561 καθαρῶς.
665 2491 875 2547 Ουκοῦν
911 2492 984 2555 ὡς
1017 2493 1115 2562 μὲν
1146 2493 1446 2563 καθάρσιον
1462 2495 1560 2548 καὶ
1589 2495 1727 2562 πρὸς
1753 2494 1912 2548 τοῦτο

354 2585 556 2653 συστᾷν
586 2583 645 2650 ἐξ
679 2584 855 2655 ἀρχῆς
880 2585 1155 2654 μολυσμοῦ
1212 2584 1413 2646 παντὸς
1456 2585 1806 2652 ἀπαλλάττει,
1835 2587 1912 2650 ὡς

348 2676 409 2728 δέ
438 2677 693 2739 κοινωνὸς
722 2677 855 2745 ἡμῖν
884 2676 990 2729 τῶν
1009 2676 1258 2744 ἀγώνων,
1292 2671 1367 2731 ὧν
1401 2678 1626 2748 ἡγεμὼν
1675 2680 1908 2749 ὑπῆρξε,

353 2767 702 2836 πρωτότοκος
731 2771 812 2832 είς
837 2768 1066 2846 τούςτους
1102 2769 1519 2840 ἀποδυσάμενος
1568 2771 1722 2840 ἰσχὺν
1770 2773 1911 2826 κατὰ

349 2857 460 2910 τῶν
495 2858 878 2927 πολεμούντων
907 2859 1144 2929 παρέχει
1175 2875 1190 2890 ·
1240 2860 1322 2913 ὅτι
1369 2861 1425 2914 δέ
1463 2861 1559 2915 καὶ
1589 2862 1760 2931 γέρας
1811 2865 1912 2916 οὐκ

351 2945 484 3000 ἄνευ
523 2948 721 3013 πόνων,
752 2947 781 3000 ὃ
813 2949 996 3002 τοίνυν
1022 2949 1097 3014 ὼς
1123 2946 1286 3003 ἆθλον
1311 2949 1423 3019 ἔχει
1453 2950 1513 3002 τδ
1563 2950 1778 3004 δεῖπνον
1817 2955 1912 3006 καὶ

351 3037 427 3100 ὡς
455 3038 658 3108 ἐσχάτη
691 3039 1054 3108 μακαριότης,
1102 3040 1202 3092 τίν’
1243 3038 1354 3109 ἔχει
1377 3039 1554 3108 λόγον,
1584 3041 1661 3104 ὡς
1706 3040 1912 3096 ἐλάττω

350 3127 655 3197 δυναμένου
689 3130 962 3183 ποιεῖσθαι
990 3132 1292 3201 τεκμήριον
1316 3150 1330 3200 ;
1361 3133 1468 3186 Τὸν
1496 3133 1606 3186 τσον
1629 3133 1686 3186 δὲ
1709 3134 1912 3205 τρόπον

2015 1941 2336 1994 necessitate
2353 1941 2484 2010 ipsis
2507 1941 2663 2009 plane
2691 1939 2885 1996 suilicit
2907 1942 2994 1996 hic
3018 1947 3193 2012 panis,
3213 1955 3266 1999 et
3286 1945 3426 2000 vires
3452 1961 3585 2000 sus-

2016 2037 2206 2095 tentat,
2243 2039 2296 2084 et
2345 2031 2454 2085 dux
2485 2041 2587 2097 est,
2633 2041 2682 2086 et
2713 2041 2926 2102 purgat,
2952 2032 3126 2088 donec
3150 2035 3437 2102 divertant,
3494 2036 3585 2090 ubi

2015 2121 2312 2177 secundum
2345 2120 2489 2175 Petri
2544 2123 2706 2176 verba
2736 2124 2786 2154 "‘
2813 2123 3014 2178 bonum
3041 2134 3120 2179 est
3148 2125 3418 2180 hominem
3446 2140 3586 2189 esse,

2018 2211 2108 2266 ubi
2143 2211 2266 2265 aliis
2295 2212 2474 2265 nullus
2500 2211 2746 2277 locus,in
2776 2217 2994 2280 regione
3017 2230 3046 2268 a
3069 2217 3296 2284 ttegotiis
3345 2218 3588 2271 molestis

2016 2302 2305 2372 liberajam
2323 2302 2694 2363 manentibus.
2712 2302 2862 2356 solus
2879 2313 3060 2358 autem
3077 2320 3275 2358 corona
3292 2306 3424 2374 ipsis
3437 2306 3589 2363 Chri-

2018 2403 2138 2450 stus
2164 2403 2270 2461 est,
2294 2409 2413 2448 cum
2446 2394 2526 2448 cis
2557 2393 2986 2448 familiarissime
3023 2411 3266 2450 versans.
3318 2397 3485 2467 Igitur
3531 2412 3589 2454 ut

2023 2485 2294 2555 purgandi
2332 2486 2437 2539 vim
2472 2485 2702 2550 habens,
2726 2495 2780 2538 et
2809 2487 2872 2539 ad
2909 2489 3010 2539 hoc
3056 2501 3084 2538 a
3111 2489 3377 2557 principio
3429 2490 3588 2544 insti-

2020 2586 2224 2642 tutum,
2267 2579 2680 2648 inquinamento
2707 2581 2853 2633 omni
2883 2580 3098 2633 liberat.
3131 2579 3200 2635 Ut
3257 2593 3436 2637 autem
3489 2601 3590 2639 nos

2017 2671 2071 2726 in
2102 2673 2486 2726 certaminibus
2505 2673 2741 2741 adjuvat,
2779 2687 3008 2740 quorum
3047 2672 3160 2740 ipse
3209 2673 3459 2729 Christus
3481 2677 3589 2729 dux

2019 2757 2118 2814 fuit
2161 2767 2306 2823 ante,
2341 2761 2548 2826 primus
2577 2760 2643 2813 ad
2676 2775 2737 2813 ea
2768 2776 3076 2829 aggressus,
3110 2763 3276 2816 robur
3329 2769 3590 2820 adversus

2017 2859 2395 2920 Oppugnantes
2435 2851 2685 2920 largitur.
2754 2851 2890 2917 Quia
2927 2869 3055 2906 vero
3097 2854 3257 2908 etiam
3310 2858 3590 2922 praemium

2017 2954 2118 3010 est,
2155 2945 2368 3000 labores
2396 2947 2595 3015 quibus
2642 2943 2902 3001 debeatur
2954 2951 3207 3017 postulat.
3265 2952 3365 3015 (lui
3426 2953 3594 3017 igitur

2019 3051 2230 3091 cmnam
2263 3049 2319 3091 ut
2356 3037 2662 3107 praemium,
2695 3048 2746 3093 et
2777 3050 2832 3093 ut
2854 3053 3164 3109 supremam
3201 3042 3586 3098 beatitudinem

2021 3127 2198 3188 habet,
2215 3129 2488 3196 quomodo
2499 3130 2705 3182 caeteris
2725 3130 2902 3184 minus
2917 3146 3074 3200 posse
3093 3132 3445 3187 nihilominus
3467 3151 3600 3188 cou-

353 3222 460 3291 χρὴ
495 3224 587 3274 καὶ
622 3223 748 3292 περὶ
779 3223 1008 3293 θατέρου
1045 3200 1380 3293 ψηφίζεσθαι
1420 3226 1514 3279 καὶ
1557 3200 1819 3294 νομίζειν,
1846 3230 1910 3298 τῇ
1941 3200 1984 3262 c

2019 3209 2346 3279 iieietildem
2363 3218 2431 3274 de
2448 3219 2617 3273 altero
2633 3219 3054 3284 decernendum,
3070 3223 3598 3294 exisrimandumqne

349 3317 653 3384 τελειότητι
683 3313 778 3366 τοῦ
813 3316 1109 3384 μυστηρίου
1139 3317 1215 3386 μὴ
1264 3316 1542 3386 πολεμεῖν.
1576 3318 1649 3370 Οὐ
1691 3317 1800 3387 γὰρ
1832 3318 1913 3369 ὅτι

355 3406 500 3474 μέγα
523 3405 773 3471 δύναται,
796 3408 886 3461 τὸν
905 3407 1202 3479 ἁμαρτίαις
1226 3409 1622 3480 διεφθαρμένον
1662 3410 1763 3462 οῦκ
1785 3411 1916 3463 ἀνα-

353 3498 604 3564 πλάττει,
665 3498 781 3551 aur
808 3499 971 3552 αὑτὸν
1003 3501 1078 3572 μὴ
1106 3501 1406 3570 δυνάμενον
1431 3503 1604 3555 ταῦτα
1650 3501 1914 3568 δέξασθαι

352 3592 448 3641 καὶ
473 3591 688 3652 παθεῖν,
723 3591 818 3645 ἀτε
858 3591 957 3662 τὴν
1020 3591 1243 3663 πρώτην
1277 3593 1356 3646 ἔτι
1400 3593 1634 3665 φέροντα
1693 3591 1912 3660 πλάσιν,

351 3677 499 3755 ᾗπερ
532 3689 588 3736 ἐν
618 3685 734 3745 τοῖς
772 3685 1008 3755 πρόσθεν
1031 3686 1243 3754 εῑρηται
1286 3685 1486 3754 λόγοις,
1530 3689 1598 3757 ἣν
1649 3689 1913 3757 ἀφανίσαι

353 3773 582 3827 καὶτῶν
624 3772 812 3843 ψυχῶν
880 3774 1081 3839 ἐξελεῖν
1122 3778 1230 3828 τῶν
1265 3775 1414 3842 ἅπαξ
1469 3777 1911 3848 βαπτισαμένων,

351 3865 474 3918 οὐδὲ
501 3865 600 3932 τῆς
626 3866 862 3934 ἐσχάτης
892 3867 1008 3919 ἐστὶ
1042 3869 1304 3938 πονηρίας
1379 3867 1487 3922 οὐδ’
1513 3869 1580 3923 ἂν
1622 3871 1792 3941 αὐτὴν
1816 3872 1915 3941 άρ-

351 3953 622 4022 νήσασθαι
672 3953 1038 4023 τολμήσωσιν,
1090 3957 1159 4028 ἢν
1193 3955 1565 4027 ζώμολόγησαν
1609 3958 1687 4027 τῷ
1752 3959 1916 4028 κοινῷ

341 4047 600 4117 Δεσπότῃ
636 4046 908 4113 δουλείαν,
943 4047 1016 4110 ὡς
1047 4049 1169 4101 οὐδὲ
1201 4049 1301 4113 τῆς
1330 4049 1505 4119 ἄκρας
1528 4050 1845 4119 φιλοσοφίας
1879 4052 1913 4123 ἢ

350 4137 516 4206 ψιλῆς
542 4139 640 4206 τῆς
667 4137 958 4206 ὁμολογίας
993 4139 1315 4209 δυνηθείσης
1339 4141 1596 4209 ἐνθεῖναι,
1622 4141 1800 4195 ἔπειθ’
1831 4142 1914 4194 ὅτι

351 4229 451 4282 καὶ
479 4229 711 4282 καθόλου
745 4231 1012 4300 κρείττων
1046 4231 1196 4284 ἐστὶν
1223 4234 1252 4284 ό
1282 4232 1569 4301 ἄνθρωπος
1599 4234 1633 4307 ἦ
1660 4231 1915 4287 τεθνάναι

349 4323 449 4374 καὶ
474 4321 882 4391 συντετρίφθαι,
906 4321 1098 4376 τούτου
1128 4323 1184 4376 δὲ
1213 4324 1382 4395 χωρὶς
1415 4323 1516 4377 οὐκ
1546 4320 1617 4397 ἦν
1639 4325 1918 4380 ἀναπλάτ-

347 4411 564 4465 τεσθαι.
603 4413 711 4466 Καὶ
738 4411 893 4483 γάρὸ
926 4413 1027 4482 μὲν
1059 4413 1288 4477 θάνατος
1334 4413 1426 4466 τοῦ
1482 4415 1721 4468 παλαιοῦ
1779 4415 1915 4486 κόμ-

354 4517 548 4572 ματος,
590 4503 686 4555 καὶ
710 4496 864 4564 οὗτος
898 4505 926 4556 ὁ
948 4503 1243 4574 δυνάμενος
1295 4505 1681 4574 ἀποθνήσκειν,
1732 4507 1790 4560 ὃν
1823 4511 1916 4561 άν-

351 4591 556 4644 έδωκεν
594 4594 621 4643 ὁ
652 4592 798 4661 χοῦς,
829 4611 848 4643 ι
892 4593 956 4645 Ἡ
1012 4593 1120 4662 γὰρ
1171 4592 1348 4662 ἀξίνη,
1413 4599 1579 4672 φησὶν
1634 4597 1912 4667 Ἰωάννης.

350 4685 491 4752 πρ“ς
521 4683 618 4751 τὴν
649 4683 806 4752 ῥίζαν
840 4683 948 4736 τῶν
976 4683 1207 4755 δένδρων
1237 4687 1416 4739 κεῖται
1449 4700 1465 4718 ο
1495 4705 1515 4738 ι
1558 4688 1586 4740 ὁ
1613 4688 1671 4740 δὲ
1731 4687 1914 4741 λελου-

354 4774 516 4844 μένος
549 4775 648 4843 ἧδη
687 4775 777 4827 τὸν
812 4775 930 4828 νέον
965 4777 1146 4846 φορεῖ,
1181 4776 1379 4830 οὐκοῦν
1413 4777 1528 4840 πῶς
1566 4777 1666 4846 μὲν
1700 4781 1913 4832 ἀποθα-

349 4869 524 4919 νεῖται
547 4866 684 4934 πρὺς
721 4865 811 4918 τὸν
852 4866 1024 4937 Ἀδὰμ
1061 4869 1428 4938 ἡρμοσμένος,
1468 4870 1529 4933 ὃς
1551 4871 1736 4925 οὐκέτι
1783 4874 1919 4926 ἀπο-

351 4956 618 5026 θνήσκεις
662 4955 800 5008 Ἀνθ’
823 4957 945 5009 ὅτου
980 4957 1024 5010 δ’
1075 4957 1141 5010 ἂν
1177 4959 1460 5025 ἀποθάνοι,
1523 4961 1580 5014 ὃν
1632 4963 1771 5033 ὑπὲρ
1821 4963 1917 5016 τοῦ

351 5045 540 5098 λαϐεῖν
571 5046 676 5100 ἔδει
701 5045 977 5108 τεθνάνάι,
995 5044 1184 5102 τοῦτον
1205 5047 1284 5101 ἔτι
1317 5049 1500 5119 φέρων
1533 5051 1592 5102 ἐν
1627 5053 1691 5120 τῇ
1721 5051 1866 5122 ψυχῇ
1896 5068 1912 5118 ;

351 5135 526 5190 Τοῦτο
559 5136 617 5189 δέ
641 5137 750 5189 οὐδ’
778 5136 872 5190 ἀπ’
924 5136 1091 5190 αὑτοῦ
1163 5137 1348 5192 λαϐεῖν
1397 5139 1607 5205 ἔξεστιν
1654 5141 1747 5194 τοῦ
1795 5141 1920 5194 λου-

347 5227 482 5297 τροῦ
505 5244 519 5258 ·
545 5228 661 5291 πῶς
679 5227 770 5282 οῦν
795 5227 861 5281 ἂν
887 5228 1099 5296 γένοιτο
1116 5227 1223 5281 τῶν
1250 5230 1483 5284 τελετῶν
1505 5231 1705 5301 ταύτης
1735 5233 1915 5300 ἐκείνη

348 5320 529 5388 τούτῳ
577 5317 821 5387 βελτίων,
847 5318 876 5371 ὃ
899 5320 1028 5388 παρ’
1067 5320 1270 5388 ἀμφοῖν
1295 5321 1498 5388 ὁμοίως
1525 5321 1626 5373 οὐκ
1657 5321 1806 5374 ἐστιν
1836 5323 1926 5373 εὑ-

351 5411 469 5478 ρεῖν
491 5425 506 5474 ;
533 5410 608 5461 Ού
625 5411 736 5478 γάρ
756 5409 866 5462 οὐδ’
899 5409 1029 5460 αὐτὸ
1049 5408 1270 5462 δύναται
1295 5411 1354 5462 τὸ
1374 5409 1660 5479 βάπτισμα
1676 5412 1800 5471 τοῦς
1823 5410 1921 5479 ἥδη

302 5557 308 5564 ,
349 5500 640 5570 περιόντας
664 5501 760 5552 καὶ
785 5499 1201 5567 πεπλασμένους
1217 5498 1371 5564 αὖθις
1385 5500 1704 5570 ἀναγεννᾷν,
1723 5502 1750 5554 ὅ
1768 5518 1827 5552 τε
1852 5504 1928 5554 ie-

350 5593 443 5662 ρδς
463 5592 663 5660 θεσμὸς
679 5593 870 5646 οὐδένα
901 5591 988 5644 διὰ
1005 5591 1175 5643 ταῦτα
1195 5592 1274 5655 δὶς
1291 5593 1508 5646 ἔλουσεν
1531 5593 1628 5647 ἀνθ
1638 5609 1836 5663 ρωπον,
1861 5593 1920 5644 οὐ

2018 3309 2341 3380 perfectioni
2371 3311 2616 3381 mysterii
2655 3325 2762 3363 non
2793 3325 3115 3379 repugnare.
3149 3314 3262 3368 Non
3295 3318 3439 3369 enim
3468 3318 3596 3386 quia

2021 3416 2130 3456 non
2157 3403 2388 3456 multum
2426 3410 2626 3471 potest,
2657 3403 2894 3470 peccatis
2921 3405 3188 3472 perditum
3236 3422 3340 3460 non
3363 3410 3593 3477 retiugit,

2020 3497 2113 3549 sed
2144 3494 2270 3564 quia
2296 3508 2419 3548 cum
2452 3493 2683 3562 primam
2739 3492 3118 3548 formationem
3176 3513 3269 3550 seu
3320 3501 3599 3554 chararte-

2018 3599 2134 3638 rem
2161 3584 2338 3639 adhuc
2367 3582 2525 3649 ferat,
2543 3585 2650 3638 alio
2679 3583 2924 3652 insigniri
2954 3585 3163 3654 nequit.
3195 3586 3335 3641 sicut
3365 3598 3490 3642 ante
3516 3591 3598 3644 di-

2019 3685 2165 3731 ctum
2197 3684 2280 3731 est
2319 3693 2334 3741 ;
2363 3690 2524 3745 quem
2585 3675 2766 3729 delere
2798 3685 2850 3730 et
2877 3692 2941 3730 ex
2968 3678 3255 3734 animabus
3286 3681 3451 3734 semel
3505 3682 3598 3735 ba-

2019 3766 2343 3834 ptizatorum
2381 3764 2622 3830 eradere,
2654 3780 2751 3819 nec
2774 3776 3031 3821 extrema:
3065 3769 3280 3837 quidem
3331 3771 3596 3839 improbi-

2021 3854 2147 3908 tatis
2172 3865 2276 3920 est,
2310 3869 2412 3910 nec
2437 3853 2489 3908 id
2510 3863 2781 3923 poterunt,
2801 3856 3050 3924 quamvis
3071 3869 3279 3927 pactam
3321 3863 3596 3917 communi

2020 3944 2842 4014 Dominiservitutemabnegare
2867 3962 2977 4000 non
3017 3949 3404 4016 dubitaverint,
3434 3969 3594 4020 (luem

2021 4035 2130 4088 illis
2162 4049 2262 4088 nec
2295 4049 2506 4088 summa
2529 4035 2888 4104 philosophia,
2920 4051 3014 4092 nec
3034 4040 3176 4093 nuda
3205 4043 3475 4096 confessio
3498 4047 3597 4101 imt

2021 4125 2254 4194 primere
2282 4124 2478 4191 potuit.
2513 4121 2714 4176 Deinde
2771 4125 2898 4192 quia
2985 4127 3233 4182 universe
3286 4133 3478 4203 melius
3538 4152 3598 4191 es

2023 4217 2298 4272 hominem
2327 4230 2466 4278 esse,
2503 4231 2663 4284 quam
2695 4225 2963 4270 mortuum
2987 4225 3040 4270 et
3100 4222 3394 4277 contritum
3450 4241 3594 4294 esse,

2020 4294 2140 4364 sine
2169 4323 2277 4378 quo
2295 4322 2402 4362 non
2417 4309 2576 4362 datur
2609 4308 2838 4363 relictio.
2870 4307 3084 4364 Etenim
3110 4325 3259 4368 mors
3289 4323 3371 4370 est
3404 4321 3598 4375 veteris

2022 4413 2273 4478 monetae,
2315 4409 2369 4453 et
2403 4400 2490 4454 hic
2523 4410 2607 4454 est
2634 4399 2726 4469 qui
2758 4400 2894 4454 mori
2943 4411 3141 4470 potest,
3203 4419 3366 4472 que-n
3423 4410 3599 4477 pulvis

2022 4493 2314 4562 produxit:
2354 4511 2372 4543 ι
2405 4491 2625 4546 Securis
2659 4491 2828 4557 enim,
2862 4493 3040 4563 inquit
3096 4494 3456 4569 Evangelista,
3528 4503 3596 4557 ad

2024 4584 2258 4639 radicem
2323 4583 2540 4638 arboris
2610 4583 2783 4654 posita
2839 4595 2923 4639 est
2949 4585 3059 4652 ⁷⁷,›
3113 4589 3332 4645 ablutus
3391 4604 3594 4656 autem,

2016 4677 2128 4749 jam
2153 4691 2355 4731 novum
2381 4677 2654 4732 hominem
2707 4687 2904 4748 portat.
2941 4677 3224 4744 Quomodo
3281 4681 3446 4750 igitur
3479 4700 3597 4738 mo-

2027 4768 2223 4833 rietur,
2263 4770 2471 4821 Adamo
2508 4767 2688 4821 adhuc
2725 4769 3070 4839 conjunctus,
3101 4769 3195 4837 qui
3226 4773 3457 4840 amplius
3489 4789 3597 4829 non

2006 4849 2256 4913 'moritur
2285 4856 2392 4911 ?Et
2427 4873 2523 4927 pro
2553 4873 2662 4928 quo
2693 4863 2906 4914 tandem
2939 4868 3260 4923 moreretur,
3316 4876 3440 4915 cum
3502 4880 3600 4933 pro

2023 4966 2131 5022 quo
2163 4950 2477 5018 accipiendo
2505 4950 2642 5004 mori
2665 4953 2969 5019 Oportebat.
2991 4965 3112 5004 eum
3142 4950 3320 5004 adhuc
3345 4951 3400 5005 in
3419 4947 3613 5009 anima

2020 5044 2229 5114 gestet?
2248 5039 2360 5098 Hoc
2379 5051 2558 5097 autem
2583 5057 2683 5097 nec
2705 5044 2773 5096 ab
2800 5043 2916 5110 ipso
2932 5043 3149 5096 lavacro
3173 5045 3432 5112 consequi
3456 5045 3597 5101 licet.

2023 5137 2125 5202 Qui
2156 5151 2284 5204 ergo
2311 5136 2414 5189 hoc
2442 5136 2701 5205 mysterio
2735 5134 2865 5187 illud
2897 5138 2966 5187 sit
3011 5132 3224 5197 melius.
3259 5134 3313 5187 iu
3341 5149 3425 5200 eo,
3455 5137 3604 5205 quod

2023 5242 2176 5295 teque
2217 5227 2269 5278 in
2303 5238 2494 5280 neutro
2525 5225 2843 5279 invenitur?
2899 5223 3007 5278 Nec
3042 5224 3186 5278 enim
3239 5240 3304 5280 ea
3349 5225 3602 5294 baptismi

2025 5320 2106 5372 vis
2140 5328 2242 5381 est,
2273 5327 2333 5370 ut
2362 5319 2472 5387 jam
2505 5326 2781 5371 exstantes
2829 5324 2884 5370 et
2923 5315 3188 5371 formatos
3231 5316 3414 5371 denuo
3443 5333 3603 5386 gene-

2030 5422 2151 5461 rare
2181 5417 2381 5475 queat;
2409 5417 2638 5474 etisucra
2658 5409 2737 5461 lex
2775 5409 3042 5461 neminem
3067 5408 3270 5462 idcirco
3298 5408 3380 5461 bis
3409 5408 3602 5469 abluit,

2032 5514 2206 5566 neque
2234 5497 2284 5549 id
2315 5499 2618 5565 disciplina:
2645 5507 2699 5552 et
2726 5498 2932 5552 ordinis
2970 5497 3164 5566 gratia,
3219 5498 3312 5552 sed
3342 5495 3484 5564 quod
3518 5495 3603 5551 bis

2033 5591 2084 5642 in
2109 5591 2298 5642 eodem
2332 5590 2576 5657 generari
2608 5591 2680 5644 sit
2712 5589 3067 5660 impossibile.

347 5684 522 5740 τύπον
543 5687 666 5741 τινὰ
689 5686 877 5752 σώζων
901 5687 993 5740 καὶ
1011 5686 1188 5752 τάξιν,
1215 5684 1334 5762 ἀλλ’
1357 5685 1439 5737 ὅτι
1459 5685 1540 5747 δὶς
1563 5685 1705 5738 κατά
1725 5685 1922 5738 ταῦτὶν
1952 5679 2278 5749 γεννηθῆναι
2305 5680 2413 5731 τῶν
2449 5681 2770 5749 ἀμηχάνων.

399 5804 470 5849 ιη
499 5802 736 5876 Philipp.
771 5819 808 5869 ι,
849 5802 940 5860 23.
1019 5804 1064 5836 ’⁸
1097 5801 1287 5858 Matth.
1325 5817 1453 5866 xvu,
1491 5801 1544 5853 4.
1619 5800 1664 5830 ⁷⁷
1709 5771 1896 5852 Matth.
1925 5812 2005 5860 ιιι,
2051 5797 2131 5849 l0.
