4196 6308
569 343 668 408 611

1792 319 2107 382 NICOLAI
2163 315 2556 376 CABASILJE

3702 296 3818 360 612

645 446 833 518 Atqui,
863 445 1114 498 occurret
1148 433 1368 506 aliquis,
1397 431 1485 488 hic
1507 419 1594 488 est
1626 431 1952 502 baptismus,
1990 428 2145 483 si're—
2181 435 2218 490 Α

2181 435 2218 490 Α
2319 427 2428 480 Kal.
2462 427 2570 495 μὴν
2599 424 2740 478 εἴποι
2768 439 2849 483 τις
2881 421 2968 488 ἂν,
2996 417 3152 474 τοῦτό
3173 417 3289 470 έστι
3315 415 3594 484 βάπτισμα
3617 413 3677 465 τὸ
3718 411 3816 480 τὴν

575 517 828 610 ligioncm
861 547 1046 589 coram
1080 525 1527 601 persecutoribus
1565 521 1851 576 confessus
1886 517 2146 576 moriare.

576 630 715 697 Quid
747 628 912 698 igitur
944 622 1098 677 multi
1130 620 1286 690 aquis
1313 616 1537 678 initiati,
1571 623 1624 667 et
1655 614 1757 666 hoc
1783 611 2019 665 stadium
2056 611 2150 664 deo

575 727 885 780 currerunt,
917 724 972 770 et
999 714 1234 771 alterum
1275 711 1379 763 hoc
1411 709 1687 762 lavacrum
1747 701 2152 772 susceperunt?

578 811 716 865 Huic
748 804 1035 876 quwstioni
1074 805 1145 856 ita
1181 812 1556 854 occurremus.
1597 793 1738 860 Quid
1771 795 1834 846 ad
1867 792 2148 847 Christum

580 917 640 956 se
668 901 981 969 adjungere,
1003 903 1058 946 et
1081 904 1186 944 una
1215 904 1338 942 cum
1361 903 1424 940 en
1448 887 1631 941 vivere
1655 885 2026 949 instituerunt,
2058 896 2153 938 eos

575 989 941 1051 commendat,
979 983 1122 1054 quod
1159 982 1307 1036 illius
1355 992 1515 1032 manu
1568 976 1827 1048 prazclare
1879 974 1990 1027 (ir-ti
2045 972 2155 1025 fur-

577 1083 816 1150 matique
849 1086 996 1131 sunt.
1034 1072 1394 1127 Commendat
1428 1069 1614 1132 etiam,
1649 1065 1794 1136 quod
1846 1080 1941 1134 per
1985 1064 2156 1116 virtu-

581 1184 688 1227 tem
726 1171 828 1239 ipsi
864 1185 956 1238 per
989 1166 1335 1233 semetipsos,
1368 1173 1419 1216 et
1453 1175 1545 1228 per
1568 1159 1812 1212 laudatos
1843 1169 2039 1225 agones
2069 1168 2158 1206 ac—

578 1271 878 1318 cesserunt.
921 1263 1073 1327 Aqua
1106 1259 1269 1326 igitur
1325 1252 1610 1322 baptizari,
1657 1249 1928 1304 hominem
1986 1245 2155 1314 litigii,

578 1365 629 1408 et
666 1354 717 1406 id
751 1367 918 1405 unum
949 1357 1126 1418 potest
1154 1363 1169 1411 ;
1204 1360 1350 1400 mors
1380 1359 1477 1412 pro
1505 1341 1724 1396 Christo
1751 1341 2014 1408 oppetita,
2041 1337 2158 1392 sine

580 1446 746 1500 dubio
797 1453 1084 1508 utrumque
1119 1438 1325 1507 potest,
1355 1436 1566 1504 etquod
1589 1450 1728 1503 aqua
1763 1433 1893 1487 dare
1923 1431 2082 1492 valet,
2105 1437 2161 1484 et

583 1537 724 1605 quod
755 1551 784 1589 a
823 1535 978 1587 nobis
1010 1530 1373 1598 praestandum
1401 1537 1502 1582 cst.
1533 1525 1768 1579 Proinde
1793 1524 2028 1578 nondum
2054 1523 2159 1574 ini-

586 1629 736 1681 tiatis
773 1625 1110 1694 propositum
1166 1630 1248 1676 est
1279 1619 1494 1688 quidem
1581 1617 1870 1685 baptisma,
1900 1622 1955 1668 et
1987 1613 2157 1677 ﬁctio,

2257 517 2553 588 θρησκείαν
2572 517 2682 577 τοῖς
2702 513 2958 576 διώκταις
2985 509 3394 578 ἐπιδειξάμενον
3423 497 3813 574 άποθνήσκεῦν

2255 611 2307 664 τί
2337 610 2430 666 οὖν
2451 606 2636 665 πολλοὶ
2657 592 2774 659 ’τῶν
2809 609 2898 662 ἐπὶ
2926 606 3019 661 τοῦ
3058 603 3250 667 ὓδατος
3281 599 3682 668 τετελεσμένων
3718 596 3812 647 καὶ

2257 702 2446 756 τοῦτον
2471 698 2634 770 ἦλθον
2661 701 2752 753 τὸν
2775 698 2998 770 δρόμον,
3027 696 3283 763 δεύτερον
3319 692 3482 748 τοῦτο
3531 690 3819 759 δεξάμενοι

2257 794 2316 848 τὸ
2343 793 2601 864 λουτρόνς
2635 791 2774 844 Ἀλλ’
2803 790 2978 844 ἐκεῖνό
3003 806 3065 856 γε
3098 789 3230 856 πρὸς
3255 785 3426 839 ταῦτα
3447 783 3595 838 ἐστιν
3620 784 3815 834 εἰπεῖν.

2269 885 2357 949 Ὠς
2389 885 2497 956 ἄρα
2532 885 2610 953 τῷ
2651 881 2874 953 Χριστῷ
2928 881 3056 942 τοὺς
3110 877 3386 933 συνελθεῖν
3435 875 3532 929 καὶ
3587 872 3823 942 συζῆσαι

2261 976 2677 1046 προῃρημένους
2730 973 3015 1040 συνίστησι
3072 969 3172 1038 μὲν
3218 966 3278 1018 τὸ
3336 965 3474 1030 πρὸς
3519 964 3616 1034 τήν
3644 963 3818 1032 καλὴν

2261 1067 2456 1119 πλάσιν
2483 1065 2589 1118 ὑπδ
2618 1065 2714 1132 τῆς
2734 1063 2914 1133 χειρὸς
2940 1061 3152 1129 ἐκείνης
3181 1057 3511 1120 πεπλάσθαι,
3537 1055 3822 1124 συνίστησι

2262 1157 2318 1210 δὲ
2347 1156 2405 1208 τὸ
2435 1157 2504 1208 δι’
2543 1155 2742 1224 ἀρετῆς
2779 1152 2976 1215 αὐτοὺς
3008 1149 3136 1220 παρ’
3169 1147 3378 1202 ἑαυτῶν
3409 1142 3699 1214 ἀφικέσθαι
3726 1143 3824 1194 καὶ

2262 1252 2372 1304 τῶν
2421 1247 2824 1316 ἐπαινουμένων
2879 1247 3132 1313 ἀγώνων,
3181 1244 3242 1296 τὸ
3282 1243 3379 1312 μὲν
3405 1237 3498 1294 οὖν
3530 1239 3684 1293 ὕδατι
3724 1237 3826 1307 βα-

2265 1343 2559 1409 πτισθῆναι
2608 1341 2834 1393 πλάττει
2877 1338 2969 1390 τὸν
3001 1337 3312 1406 ἄνθρωπον,
3346 1335 3439 1387 καὶ
3497 1331 3638 1384 τοῦτ’
3691 1330 3822 1382 αὐτὸ

2263 1435 2488 1488 δύναται
2547 1434 2730 1501 μόνον,
2759 1433 2785 1484 ὁ
2825 1430 2870 1483 δ’
2899 1429 3040 1497 ὑπὲρ
3079 1424 3321 1495 Χριστοῦ
3392 1423 3620 1484 θάνατος
3671 1420 3826 1480 δῆλός

2267 1527 2415 1579 ἐστιν
2434 1525 2742 1598 ἀμφότερον
2773 1521 2932 1592 ἔχων,
2984 1521 3012 1572 ὅ
3055 1535 3113 1571 τε
3158 1518 3417 1588 χορηγεῖν
3456 1509 3563 1565 οἶδε
3593 1511 3651 1564 τὸ
3685 1509 3828 1570 ὕδωρ

2268 1616 2416 1671 καὶὸ
2451 1617 2580 1686 παρ’
2610 1613 2767 1684 ἡμῶν
2826 1609 3174 1681 εἰσφέρεσθαι
3225 1609 3327 1661 δεῖ.
3368 1606 3475 1657 Καὶ
3503 1604 3680 1656 τοίνυν
3715 1601 3827 1660 τοῖς

478 3462 486 3468 ’
595 3466 650 3509 et
679 3455 731 3508 id
757 3453 933 3509 solum
969 3464 1080 3519 quo
1108 3448 1342 3518 egebant
1387 3445 1614 3514 adipisci
1647 3463 1663 3497 :
1691 3443 1958 3512 siquidem
1991 3450 2046 3497 et
2090 3457 2176 3495 sa-

596 1718 963 1772 testimonium
999 1716 1065 1768 de
1092 1713 1334 1776 Christo,
1366 1710 1417 1766 et
1454 1709 1737 1778 sepultura
1761 1723 1882 1762 cum
1917 1705 2159 1771 Christo,

2273 1710 2376 1780 μὲν
2411 1711 2577 1780 μήπω
2629 1705 3004 1776 μεμυημένοις
3073 1701 3189 1754 ἔστι
3248 1700 3350 1771 μὲν
3403 1697 3689 1768 βάπτισμα
3737 1695 3828 1746 καὶ

597 1810 652 1863 in
688 1807 887 1877 quibus
912 1803 1165 1874 baptismi
1195 1802 1316 1856 linis
1337 1811 1394 1855 et
1421 1814 1619 1868 SCOpUS
1637 1808 1740 1853 est.
1770 1796 2049 1867 Proposita
2081 1806 2164 1851 cst
2191 1791 2238 1852 B

2191 1791 2238 1852 Β
2266 1802 2463 1865 πλάσις
2509 1800 2587 1868 τῷ
2637 1797 2856 1868 Χριστῷ
2885 1798 2983 1849 καὶ
3044 1794 3177 1864 μετὰ
3225 1789 3461 1862 Χριστοῦ
3496 1789 3590 1842 καὶ
3623 1803 3831 1855 μαρτυ-

590 1901 720 1958 item
754 1903 946 1960 virtus,
985 1896 1276 1952 sudoribus
1337 1908 1434 1963 pro
1466 1893 1607 1949 bono
1639 1891 1730 1943 illo
1767 1903 2026 1958 supremo
2057 1888 2170 1942 adi-

2271 1894 2423 1965 ροῦσι
2461 1893 2555 1944 καὶ
2588 1889 2976 1958 θαπτομένοις,
3030 1888 3087 1938 ἔν
3134 1881 3214 1946 οἷς
3261 1886 3288 1936 ὁ
3318 1881 3412 1934 τοῦ
3457 1878 3830 1952 βαπτίσματος

591 1993 871 2064 pisccndo,
899 2002 952 2044 et
983 2001 1223 2043 extrema
1252 1983 1536 2039 tolerantia
1568 1982 1814 2036 laborum
1847 1980 2024 2048 plena.
2060 1977 2169 2032 lni-

2267 1988 2500 2055 ἕστηκεν
2549 1985 2694 2051 ὄρος,
2747 1981 2861 2034 ἐστι
2898 1980 2954 2032 δὲ
2987 1977 3159 2050 ἀρετὴ
3212 1977 3319 2030 τῶν
3369 1973 3508 2042 ὑπὲρ
3530 1971 3625 2024 τοῦ
3663 1969 3827 2022 καλοῦ

594 2087 744 2138 tiatis
778 2096 935 2150 porro
966 2081 1198 2149 prinmm
1243 2090 1348 2128 non
1380 2071 1660 2145 contingit,
1681 2070 1769 2138 qui
1791 2070 1900 2138 jam
1926 2065 2167 2121 lictil'or-

2271 2077 2461 2146 γέμων
2499 2075 2742 2142 ἱδρώτων
2774 2072 2869 2126 καὶ
2919 2069 3213 2139 καρτερίας
3277 2070 3376 2138 τῆς
3418 2065 3651 2134 ἐσχάτης
3677 2081 3690 2094 ·
3725 2065 3833 2124 τοῖς

603 2175 844 2243 malique
863 2182 991 2228 sunt
1006 2181 1060 2225 et
1075 2159 1259 2223 vivunt
1278 2186 1290 2221 :
1311 2164 1606 2222 secundum
1650 2160 1932 2229 contingit.
1958 2158 2168 2213 Etenim

2270 2171 2328 2224 δὲ
2378 2167 2788 2243 τετελεσμένοις
2848 2164 2910 2243 τὸ
2955 2162 3054 2232 μὲν
3103 2161 3319 2232 πρῶτον
3355 2159 3414 2212 οὐ
3449 2157 3656 2226 γίνεται
3703 2155 3837 2207 πλα-

600 2264 1042 2321 exercitationem
1071 2259 1307 2329 pietatis,
1328 2265 1382 2311 et
1413 2255 1690 2314 virtutem,
1715 2261 1767 2306 et
1789 2266 1857 2304 an
1895 2250 2171 2304 Christum

2276 2266 2481 2320 σθεῖσιν
2495 2229 2708 2333 ἤδηκαὶ
2733 2229 2890 2326 ζῶσί,
2919 2229 2978 2312 “re
2999 2229 3250 2326 δεύτερον
3272 2256 3346 2318 δὲ,
3369 2257 3464 2307 καὶ
3488 2253 3597 2321 γὰρ
3625 2250 3832 2318 γυμνά·-

590 2359 898 2414 noverimus
909 2365 962 2410 et
975 2367 1218 2408 amemus
1233 2364 1393 2418 super
1409 2347 1590 2402 onmia
1603 2360 1723 2414 quae
1735 2344 1902 2398 amari
1918 2353 2170 2412 possunt,

2277 2374 2388 2410 σιον
2437 2325 2722 2414 eaet-tosta}
2746 2325 2852 2405 καὶ
2895 2348 3100 2420 ἀρετῆς
3141 2325 3441 2411 άπόδειξις,
3496 2341 3713 2396 καὶτοῦ
3745 2342 3834 2392 τὸν

589 2460 643 2504 et
670 2447 1035 2503 ﬁrmissimam
1058 2457 1205 2511 spem
1227 2439 1470 2501 inillum,
1494 2437 1629 2499 haec,
1657 2435 1902 2503 inquam,
1928 2431 2133 2485 ferrum
2155 2467 2171 2496 ,

2272 2447 2507 2517 Χριστὸν
2540 2445 2742 2500 εἰδέναι
2796 2444 2891 2496 καὶ
2949 2441 3122 2508 φιλεῖν
3155 2440 3252 2509 μὲν
3285 2437 3426 2504 ὑπὲρ
3457 2436 3485 2491 ὅ
3522 2453 3573 2487 τι
3611 2431 3835 2502 φιλητὸν

597 2551 652 2598 et
686 2542 849 2609 ignis,
870 2549 923 2593 et
951 2534 1271 2607 gravissima
1298 2543 1528 2600 quaeque
1563 2535 1831 2581 tormenta
1886 2523 2175 2579 manifeste

2170 2543 2175 2574 ⁵
2276 2540 2442 2601 ἅπαν,
2476 2535 2583 2588 τῶν
2613 2534 2656 2587 δ’
2685 2535 2764 2595 είς
2800 2534 3006 2609 ἐκεῖνον
3038 2529 3270 2584 ἐλπίδων
3304 2526 3468 2597 μηδὲν
3491 2525 3827 2593 ἀσφαλέστε-

598 2634 915 2690 ostendunt.
948 2629 1152 2684 llorum
1173 2639 1338 2680 causa
1364 2621 1692 2693 baptismate
1719 2619 1882 2674 semel
1933 2616 2174 2671 initiatos

2281 2647 2370 2700 ρον
2392 2629 2569 2694 ἄγειν,
2602 2627 2770 2695 πεῖρα
2821 2601 3002 2690 σαφὴς
3046 2620 3251 2690 σιδήρῳ
3281 2617 3376 2671 καὶ
3427 2616 3561 2684 πυρὶ
3592 2615 3685 2666 καὶ
3715 2615 3831 2674 τοῖς

591 2727 785 2779 eodem
828 2735 1017 2774 rursus
1050 2717 1124 2772 uti
1155 2714 1378 2769 minime
1417 2713 1496 2768 fas
1527 2721 1631 2776 eet,
1669 2725 1792 2765 cum
1819 2709 2025 2763 donare
2064 2721 2172 2760 non

2279 2720 2378 2790 μὲν
2440 2717 2766 2788 βιαιοτάτοις
2788 2712 3203 2784 δοκιμασθεῖσα.
3230 2711 3337 2763 Καὶ
3356 2707 3559 2762 τούτων
3573 2707 3735 2759 ἓνεκα
3755 2703 3834 2772 τῷ

596 2817 721 2885 plus
750 2818 939 2882 queat,
970 2823 1132 2878 quam
1166 2805 1308 2875 quod
1367 2804 1492 2857 inde
1525 2811 1806 2871 acceptum
1853 2801 2172 2853 retinemus.

2278 2809 2611 2880 βαπτίσματι
2649 2809 2774 2872 τοὺς
2808 2803 2956 2868 ἅπαξ
2987 2801 3373 2872 μεμυημένους
3423 2799 3579 2862 αὖθις
3612 2795 3834 2866 θεμιτὸν

592 2883 666 2961 At
706 2902 1028 2972 martyrium
1063 2898 1244 2954 subire
1273 2896 1436 2948 etiam
1470 2905 1633 2962 atque
1680 2891 1844 2946 etiam
1883 2890 1992 2955 fas,
2028 2891 2174 2957 quod

2275 2902 2475 2970 ἥκιστα
2500 2898 2758 2969 χρῆσθαι,
2780 2896 3070 2968 δωρεῖσθαι
3102 2894 3265 2966 μηδὲν
3295 2891 3477 2957 πλέον,
3504 2883 3565 2944 οὗ
3587 2889 3839 2949 λαϐόντες

593 3013 702 3053 non
737 2995 910 3050 solum
940 3005 1196 3061 generare
1226 2997 1280 3042 et
1315 2986 1574 3049 formare,
1607 2983 1701 3038 sed
1733 2985 1897 3037 etiam
1948 2995 2176 3037 coronas

2279 2992 2490 3050 ἐκεῖθεν
2514 2991 2734 3060 εχομεν,
2768 2988 3072 3057 δυναμένῳ,
3104 2989 3168 3058 τῇ
3203 2985 3480 3055 μαρτυρίᾳ
3502 2982 3674 3036 δὲκαὶ
3698 2979 3836 3034 πάνυ

595 3091 664 3145 ob
697 3091 836 3142 facta
877 3097 1138 3154 generosa
1170 3081 1405 3152 plectere
1435 3076 1618 3132 novit:
1651 3084 1706 3130 et
1735 3085 2022 3146 propterea
2051 3088 2176 3144 pro-
2202 3136 2241 3155 ﬁ

2202 3136 2241 3155 η
2283 3087 2357 3155 μὴ
2389 3085 2550 3154 μόνον
2580 3083 2775 3152 γεννᾷν
2803 3082 2901 3136 atat
2931 3079 3212 3142 πλάττειν,
3243 3078 3379 3132 ἀλλὰ
3415 3076 3508 3129 καὶ
3542 3072 3840 3141 στεφάνους

593 3181 734 3244 fanis
771 3136 948 3232 adhuc
981 3136 1438 3240 ambo,'initiatis
1492 3136 2177 3222 altertim-tribuitur.'Ni-
2199 3136 2243 3199 Ο

2172 3136 2243 3202 'C
2281 3136 2464 3239 ᾆδ’τὲῖξ
2661 3137 2928 3243 γενναίων
2964 3171 3143 3239 ἔργων
3193 3136 3416 3222 ⁸πλέκειν
3463 3136 3829 3234 ἐπισταμένη,

593 3273 670 3327 hil
699 3271 843 3325 enim
879 3281 1099 3331 novum,
1126 3281 1247 3320 cum
1279 3264 1410 3334 quid
1453 3263 1516 3317 ad
1548 3272 1839 3330 utrumque
1894 3266 1977 3313 est
2022 3257 2172 3336 utile,

2282 3265 2379 3319 xui.
2399 3265 2485 3319 διὰ
2516 3263 2676 3318 τοῦτο
2711 3266 2823 3326 τοῖς
2879 3261 2979 3330 μὲν
3022 3261 3289 3330 ἀμυήτοις
3324 3257 3612 3327 ἀμφότερα
3641 3269 3838 3322 κεκτη-

589 3379 690 3418 eus
713 3363 802 3431 qui
847 3369 1076 3428 utroque
1109 3373 1214 3410 nou
1249 3355 1513 3424 indigent,
1547 3363 1765 3424 prOpter
1793 3351 2026 3406 alterum
2071 3351 2172 3414 uti,

2286 3357 2445 3429 μένῃ,
2493 3357 2606 3420 τοῖς
2655 3353 3030 3424 μεμυημένοις
3087 3352 3146 3404 δὲ
3194 3350 3443 3420 θάτερον.
3497 3347 3700 3400 Καινδν
3734 3345 3840 3412 γὰρ

2283 3449 2456 3514 οὐδὲν,
2483 3447 2686 3516 ἑαυτὴν
2717 3446 2946 3516 συντελῆ
2977 3444 3116 3517 πρδς
3145 3444 3311 3512 ἄμφω
3339 3439 3697 3511 παρεχομένῃ
3721 3437 3841 3498 τοὺς

596 3563 706 3604 crte
735 3561 934 3601 mensa:
969 3543 1112 3598 dona
1145 3555 1401 3610 purgare,
1427 3537 1520 3606 qui
1558 3551 1619 3590 ea
1645 3535 1885 3589 nondum
1921 3548 2177 3601 suscepe-

2282 3539 2612 3610 ἀμφοτέρων
2653 3537 2728 3606 μὴ
2761 3537 3050 3604 δεομένους
3097 3534 3236 3604 ὑπὲρ
3267 3531 3493 3602 θατέρου
3523 3530 3837 3599 χρωμένους

595 3650 745 3703 runt,
781 3645 835 3690 et
860 3637 971 3704 jam
1011 3641 1268 3702 purgatos
1304 3630 1612 3684 illuminare
1635 3633 2061 3680 consueverunt.
2111 3624 2176 3678 Et

2281 3629 2593 3698 τυγχάνειν,
2611 3619 2672 3680 οὗ
2689 3627 2898 3680 δέονται
2917 3625 3102 3695 μόνου,
3127 3613 3250 3676 ἐπεὶ
3266 3623 3360 3676 καὶ
3375 3621 3442 3674 τά
3460 3619 3558 3689 τῆς
3580 3619 3732 3685 ίερᾱς
3745 3615 3843 3668 δῶ-

599 3739 780 3783 tamen
819 3727 951 3780 nihil
979 3724 1164 3777 obstat
1183 3721 1316 3790 quin
1375 3718 1446 3773 ob
1466 3718 1696 3772 alterum
1732 3717 1798 3771 ad
1858 3715 2177 3787 mysterium

2287 3737 2356 3790 ρα
2379 3719 2658 3790 τραπέζης
2681 3715 2792 3772 οίδε
2823 3718 2920 3788 μὲν
2947 3717 3231 3786 καθαίρειν
3251 3716 3375 3777 τοὺς
3400 3715 3569 3784 μήπω
3587 3709 3744 3766 τοῦτο
3762 3707 3842 3761 δε-

597 3817 883 3878 accedant,
912 3816 1006 3883 qui
1032 3813 1182 3883 prius
1205 3810 1580 3865 obtinuerunt.
1621 3807 1688 3862 Et
1725 3807 1792 3866 de
1825 3807 1910 3862 bis
1945 3806 2100 3864 satis.

2278 3812 2565 3882 ξαμένους,
2577 3811 2798 3865 δύναται
2812 3809 2868 3862 δὲ
2882 3808 3137 3876 φωτίζειν
3150 3806 3276 3870 τοὺς
3289 3806 3390 3876 ήδη
3401 3803 3682 3873 κεκαθαρμ
3695 3803 3843 3862 ένους

599 3917 694 3966 καὶ
709 3912 856 3980 ὅμως
871 3907 1023 3962 οὐδὲν
1039 3905 1258 3969 κωλύει,
1277 3905 1406 3975 περὶ⁸
1425 3901 1519 3956 τοῦ
1531 3898 1785 3972 δευτέρου
1803 3898 2088 3969 προσιέναι
2103 3899 2182 3970 τῷ
2205 3905 2485 3978 μυστηρίῳ
2508 3906 2632 3968 τοὺς
2644 3907 2704 3957 τὸ
2728 3904 2943 3972 πρῶτον
2962 3901 3206 3972 ἔχοντας.
3225 3899 3337 3953 Καὶ
3355 3897 3559 3951 τούτων
3581 3897 3681 3963 μὲν
3702 3895 3838 3956 ἃλις.

673 4005 779 4061 Sed
812 4005 953 4059 unde
976 4003 1083 4057 huc
1101 4001 1320 4071 delapsa
1342 4009 1428 4054 est
1459 3997 1656 4062 oratio,
1695 3996 1840 4066 quod
1873 3996 2168 4065 perfectam

2372 4003 2512 4057 Ἀλλ’
2544 3980 2669 4056 ὅθεν
2699 4003 2833 4070 ἡμῖν
2864 4003 2890 4052 ὁ
2923 3998 3077 4066 λόγος
3107 3996 3200 4050 ἐπὶ
3228 3993 3402 4048 ταῦτα
3433 3993 3711 4062 προήχθη,
3743 3991 3845 4061 τὴν

603 4101 884 4156 hominum
915 4111 1041 4165 erga
1072 4095 1237 4149 Deum
1271 4091 1711 4148 communionem
1746 4099 2026 4158 Operatur,
2057 4089 2173 4144 sive

2281 4095 2517 4165 παντελῆ
2541 4094 2652 4148 τῶν
2683 4091 2988 4161 ἀνθρώπων
3023 4088 3161 4157 πρὸς
3191 4087 3279 4140 τὸν
3327 4085 3478 4150 θεὸν,
3507 4086 3643 4153 ὅπερ
3676 4083 3843 4154 ἐργά-

601 4207 715 4247 rem
762 4191 910 4244 illam
936 4188 1172 4252 latriam,
1209 4185 1325 4239 sive
1377 4183 2021 4258 ﬁliorum‘adoptionem,
2057 4181 2174 4236 sive

2279 4187 2453 4251 ζεται,
2517 4184 2824 4248 κοινωνίαν,
2875 4181 2987 4234 είτε
3046 4179 3303 4249 λατρείαν
3356 4177 3418 4232 τὸ
3474 4178 3710 4245 πρᾶγμα
3739 4172 3843 4244 χρὴ

605 4293 897 4351 utrumque
925 4280 1156 4335 velimus
1179 4277 1470 4346 appellare,
1497 4291 1654 4332 sacra
1685 4290 1844 4330 caena
1869 4285 1954 4328 est
1987 4293 2002 4328 :
2034 4273 2175 4343 quod

2281 4279 2488 4338 καλεῖν,
2528 4277 2640 4330 εἴτε
2679 4275 2954 4330 υἱοθεσίαν
3015 4273 3126 4326 εἴτε
3183 4271 3280 4326 καὶ
3321 4272 3489 4339 ἄμφω
3543 4269 3742 4330 ταῦτα,
3785 4265 3843 4318 τὸ

605 4390 704 4429 nos
739 4374 955 4428 Christo
984 4370 1221 4424 arctiore
1265 4369 1606 4438 cognationis
1641 4367 1857 4420 vinculo
1896 4367 2173 4437 astringit,
2209 4424 2251 4438 __

2209 4424 2251 4438 __
2283 4366 2424 4434 ίερᾶν
2462 4367 2579 4417 ἐστι
2621 4365 2856 4426 δεῖπνον,
2890 4363 2917 4416 ὃ
2944 4363 3237 4430 συγγενεῖς
3299 4361 3446 4428 ἡμᾶς
3498 4357 3578 4427 τῷ
3626 4354 3843 4426 Χριστῷ

603 4480 768 4533 quam
802 4461 1124 4531 parentibus
1170 4475 1236 4513 ex
1270 4460 1406 4527 ipsis
1443 4469 1599 4513 natos
1638 4473 1780 4513 esse.
1815 4456 2004 4526 Neque
2029 4424 2175 4512 enim
2207 4424 2255 4482 θ

2207 4424 2255 4482 D
2280 4424 2426 4510 ποιεῖ
2460 4456 2663 4526 μᾶλλον
2690 4456 2722 4525 ἢ
2752 4455 2811 4508 τὸ
2843 4424 2973 4522 παρ’
3007 4424 3189 4507 αὐτῶν
3219 4424 3387 4520 φῦναι
3412 4452 3526 4513 τοῖς
3550 4424 3560 4427 ν
3583 4424 3847 4516 γεγεννη-

608 4557 748 4614 exile
777 4554 1048 4625 quoddam
1078 4554 1328 4621 corporis
1359 4553 1595 4615 initium,
1638 4563 1692 4607 et
1740 4553 2014 4607 modicam
2046 4567 2179 4606 san-

606 4653 788 4721 guinis
821 4647 1107 4700 materiam
1141 4644 1300 4699 nobis
1333 4645 1630 4712 prastruit,
1688 4645 1781 4699 sed
1814 4661 2015 4714 corpus
2053 4660 2181 4698 sau-

606 4743 945 4811 guiuemque
1015 4736 1254 4810 perfecte
1327 4735 1485 4790 nobis
1543 4738 1928 4790 communicat.
1991 4734 2179 4803 Neque

605 4842 820 4887 tantum
847 4839 932 4885 est
965 4832 1087 4883 vitae
1108 4842 1298 4888 causa,
1335 4838 1397 4882 ut
1441 4836 1719 4899 parentes,
1751 4830 1844 4881 sed
1882 4830 2044 4882 etiam
2074 4828 2183 4881 vita

610 4926 752 4995 ipsa.
783 4909 970 4992 Neque
1007 4922 1130 4976 ideo
1161 4921 1361 4974 dicitur
1392 4922 1526 4985 vita,
1547 4919 1679 4988 quia
1721 4919 1843 4972 vita:
1885 4932 2046 4972 causa
2091 4920 2184 4982 sit,

605 5015 885 5085 quomodo
935 5012 1208 5083 apostolos
1239 5012 1416 5066 lucem
1444 5011 1767 5071 nominavit,
1801 5009 1926 5079 quia
1961 5008 2182 5062 luminis

605 5107 780 5161 duces
812 5115 1172 5173 auctoresque
1220 5103 1380 5157 nobis
1410 5101 1634 5156 fuerunt
1667 5102 1752 5166 '3;
1786 5100 1880 5155 sed
1913 5099 2042 5168 quia
2071 5113 2182 5168 quo

609 5210 740 5249 vere
765 5196 948 5249 vivere
975 5196 1123 5257 licet,
1151 5194 1382 5264 ipsemet
1409 5203 1514 5258 est,
1552 5194 1667 5263 ipsa
1697 5194 1825 5255 vita,
1857 5191 2079 5261 quando
2125 5199 2178 5245 et

610 5285 716 5339 sibi
752 5283 1096 5338 adhaerentes
1125 5297 1187 5337 ac
1217 5283 1434 5338 deditos
1460 5290 1681 5336 sanctos
1716 5293 1779 5333 ac
1817 5280 1996 5348 justos
2025 5277 2177 5341 iacit,

611 5389 720 5428 non
763 5373 940 5426 solum
992 5372 1283 5426 instituens
1310 5387 1375 5426 ac
1413 5373 1636 5433 docens,
1675 5384 1797 5439 quae
1842 5378 2082 5437 oportet,
2127 5376 2182 5422 et

587 5465 848 5519 animam
875 5462 941 5518 ad
978 5462 1234 5516 virtutem
1265 5478 1553 5526 exercens,
1580 5477 1854 5532 quamque
1885 5461 1974 5514 illa
2005 5459 2182 5515 facul-

617 5564 780 5609 tatem
814 5555 878 5609 ad
912 5568 1092 5608 veram
1125 5551 1394 5607 rationem
1424 5552 1607 5615 habet,
1640 5553 1692 5606 in
1723 5567 1862 5621 opus
1889 5553 2126 5606 educens
2162 5564 2176 5601 ι

696 5732 739 5760 ⁷⁸
767 5731 955 5783 Matth.
999 5745 1051 5792 v,
1096 5727 1192 5781 u.

2284 4550 2434 4603 κόσιν
2461 4550 2664 4611 αὐτοῖς.
2699 4546 2836 4601 Οὔτε
2872 4548 2983 4617 γὰρ
3005 4545 3255 4614 άμυδράν
3289 4561 3410 4597 τινα
3437 4541 3689 4611 σώματος
3715 4542 3847 4610 ἡμῖν

2286 4640 2689 4696 καταϐάλλεται
2716 4638 2956 4709 κρηπῖδα
2979 4639 3074 4692 καὶ
3096 4635 3296 4707 μικρὰς
3318 4635 3547 4705 αἵματος
3568 4632 3846 4702 ἀφορμὰς.

2283 4733 2418 4788 ἀλλὰ
2443 4733 2662 4786 τελείων
2685 4732 2865 4788 αὐτῶν
2892 4733 3024 4801 ἡμῖν
3049 4732 3319 4791 κοινωνεῖ,
3352 4727 3478 4782 οὔτε
3504 4728 3649 4799 ζωῆς
3675 4727 3848 4787 αἴτιος

2291 4825 2450 4894 μόνον
2474 4823 2666 4892 ὥσπερ
2699 4824 2750 4874 oi
2778 4823 3190 4891 γεγεννηκότες,
3220 4820 3354 4875 ἀλλὰ
3386 4821 3481 4875 καὶ
3511 4818 3648 4888 ζωὴ,
3677 4820 3771 4872 καὶ
3792 4817 3852 4868 οὐ

2286 4917 2463 4984 τούτῳ
2511 4915 2574 4983 δὴ
2626 4914 2842 4978 λέγεται
2899 4912 3014 4984 ζωὴ
3063 4913 3142 4984 τῷ
3196 4913 3344 4981 ζωῆς
3393 4914 3563 4974 αἴτιος
3598 4908 3763 4972 εἶναί,
3796 4911 3854 4963 δν

2286 5006 2486 5075 τρόπον
2516 5004 2633 5072 φῶς
2662 5003 2846 5056 ἐκάλει
2868 5005 2994 5067 τοὺς
3023 5004 3378 5064 ἀποστόλους,
3408 5003 3489 5055 ὅτι
3517 5002 3696 5069 φωτὸς
3721 5002 3851 5068 ἡμῖν

2288 5090 2632 5160 κατέστησαν
2663 5093 2953 5161 ἡγεμόνες,
2987 5091 3102 5147 ἀλλ’
3132 5093 3214 5146 ὅτι
3245 5087 3289 5160 ᾧ
3319 5091 3418 5163 ζῇν
3443 5092 3591 5146 ἔστιν
3618 5091 3697 5154 ὡς
3727 5090 3856 5159 άλη-

2290 5182 2422 5247 θῶς,
2450 5181 2613 5245 αὑτός
2639 5183 2793 5237 ἐστιν
2827 5182 2968 5254 αὑτὴ
2993 5182 3182 5254 ήζωὴ,
3236 5186 3358 5238 ἔπει
3385 5184 3480 5237 καὶ
3512 5183 3705 5250 ἁγίους
3732 5181 3857 5244 τοὺς

2285 5273 2434 5343 αὐτῷ
2493 5277 2922 5342 προσκειμένους
2948 5274 3324 5346 ἀπεργάζεται
3362 5275 3456 5328 καὶ
3484 5273 3752 5335 δικαίους,
3790 5271 3852 5323 οὐ

2291 5363 2451 5432 μόνον
2484 5361 2754 5419 παιδεύων
2783 5365 2880 5418 καὶ
2910 5363 3176 5419 διδάσκων
3204 5361 3240 5416 ἃ
3267 5361 3367 5424 δεῖ,
3403 5363 3498 5415 καὶ
3532 5362 3672 5432 πρὸς
3717 5365 3846 5431 ἀρε-

2289 5453 2387 5522 τὴν
2415 5452 2600 5509 ἀσκῶν
2637 5450 2734 5521 τήν
2756 5451 2959 5522 ψυχὴν,
2986 5455 3082 5509 καὶ
3109 5452 3177 5523 ἣν
3206 5452 3391 5520 εκείνη
3425 5451 3560 5519 πρὸς
3609 5452 3703 5508 τὸν
3749 5451 3844 5517 ὀρ-

2295 5544 2389 5596 θδν
2418 5543 2576 5610 λόγον
2606 5544 2839 5614 δύναμιν
2867 5545 3002 5616 ἔχει,
3027 5543 3166 5614 πρὸς
3196 5543 3477 5614 ἐνέργειαν
3501 5542 3674 5610 ἄγων,
3713 5541 3850 5594 ἀλλὰ
