4196 6308
585 363 690 427 ﬁlii

1811 361 1860 422 Ν
1873 358 2124 420 [COLAI
2164 356 2548 418 CABASILxE

3712 354 3818 419 616

589 475 900 546 signiﬁcans
947 471 1200 530 Salvator
1246 473 1564 542 Nicodemo,
1602 492 1620 526 ι
1663 473 1819 539 Quod
1863 484 2047 526 natum
2078 477 2162 525 est

2271 487 2421 539 νησις
2483 469 2603 523 θεία
2654 469 2736 531 τίς
2793 469 2908 520 ἐστι
2964 469 3058 522 καὶ
3121 465 3431 538 ὑπερφυὴς,
3479 463 3621 519 οὕτω
3668 466 3822 536 καὶὴ

585 585 649 624 ex
687 569 899 638 spiritu,
925 567 1124 636 inquit,
1148 568 1371 636 spiritus
1396 575 1479 622 est
1503 567 1570 619 ⁸⁸.
1612 585 1630 618 ι
1664 564 1818 619 Unde
1845 576 1900 620 et
1927 563 2150 629 Paulus,

593 679 612 712 ι
649 659 717 714 Ut
747 659 992 714 inveniar
1024 659 1076 712 in
1109 659 1219 720 illo,
1251 673 1354 711 non
1396 660 1604 712 habens
1636 671 1813 710 meam
1859 655 2152 724 justitiam,

587 768 707 821 qua:
739 768 802 805 ex
847 751 962 819 lege
989 761 1071 804 est
1097 767 1111 804 ι
1139 750 1231 804 sed
1267 764 1386 816 qua:
1415 764 1478 802 ex
1515 749 1618 801 ﬁde
1642 755 1728 800 est
1753 745 1879 802 Jesu
1923 745 2152 811 Christi,

589 859 711 912 quae
753 859 817 896 ex
863 843 975 896 Deo
1001 850 1104 903 est,
1133 839 1346 909 justitia
1393 840 1448 893 iu
1479 839 1588 893 ﬁde
1611 840 1683 893 ⁸⁸.
1728 857 1746 891 ι
1779 840 1946 893 Docet
1975 845 2154 891 autem

590 936 896 1004 Scriptura,
937 935 1076 988 hanc
1122 949 1241 987 esse
1273 933 1475 1002 regiam
1505 942 1709 988 vestem
1748 951 1761 987 :
1797 947 1920 986 nam
1968 941 2154 987 nostra

591 1027 806 1080 servilia
860 1033 1010 1079 sunt.
1056 1023 1306 1079 Libertas
1335 1039 1496 1094 porro
1527 1033 1580 1078 et
1624 1039 1873 1092 regnum,
1906 1025 1972 1078 ad
2010 1024 2155 1092 quod

586 1117 950 1171 festinandum
980 1124 1085 1179 est,
1106 1117 1380 1185 quomodo
1403 1130 1684 1170 servorum
1713 1115 1934 1185 praemia
1957 1113 2157 1169 erunt?

598 1221 770 1273 neque
804 1207 948 1257 enim
997 1221 1162 1273 regno
1213 1205 1356 1274 digni
1403 1206 1764 1274 apparebunt,
1808 1205 1854 1260 si
1887 1205 2021 1259 nihil
2052 1205 2155 1260 nisi

587 1310 871 1348 servorum
907 1297 1562 1364 virtutempraesuterint.
1595 1296 1751 1349 Sicut
1785 1297 1929 1350 enim
1970 1319 1986 1345 σ
2034 1311 2155 1350 cor-

587 1386 765 1453 ruptio
831 1387 1300 1456 inccrruptiouem
1369 1403 1477 1441 non
1542 1388 1879 1456 possidebit,
1945 1395 2159 1456 oportet

583 1490 765 1534 autem
803 1480 1157 1549 corruptibile
1191 1481 1291 1533 hoc
1316 1480 1541 1534 induere
1575 1481 2066 1550 incorruptionem,
2103 1487 2158 1533 et

587 1571 812 1623 mortale
833 1572 934 1623 hoc
955 1571 1176 1623 induere
1202 1570 1662 1623 immortalitatem
1681 1571 1726 1604 '°
1749 1587 1763 1624 :
1789 1589 1806 1621 ι
1835 1571 1903 1624 ita
1929 1585 2030 1623 nec
2045 1584 2162 1625 ser-

587 1677 773 1714 verum
797 1676 958 1730 opera
980 1663 1043 1714 ad
1068 1677 1290 1730 regnmn
1313 1661 1441 1714 illud
1465 1661 1624 1716 nobis
1642 1669 1846 1730 queant
1867 1661 2156 1727 sufﬁcere;

586 1754 678 1806 sed
700 1752 912 1820 jnstitia
929 1768 992 1806 ex
1026 1753 1132 1806 Deo
1153 1753 1468 1820 requiritur.
1489 1753 1768 1806 llacredem
1788 1752 1933 1806 enim
1949 1761 2159 1821 oportet

589 1858 710 1896 esse
732 1843 922 1907 lilium,
943 1859 1050 1897 non
1071 1858 1290 1897 servum
1314 1861 1326 1897 :
1357 1861 1374 1894 ι
1404 1843 1606 1897 Servus
1629 1843 1794 1909 enim,
1821 1844 2016 1911 inquit,
2050 1858 2158 1897 non

588 1933 833 1987 tnanetin
851 1935 1011 1986 domo
1031 1935 1083 1986 in
1104 1944 1385 2001 aeternum;
1399 1935 1540 1989 [ilius
1555 1945 1730 1989 autem
1747 1945 1930 1990 manet
1945 1937 1996 1988 in
2009 1945 2165 1989 aeter-

590 2038 715 2076 num
737 2025 803 2076 οι.
854 2041 874 2073 ι
909 2011 1274 2088 Quamobrem
1306 2039 1747 2094 unumquemque
1765 2039 1953 2078 eorum
1973 2025 2069 2093 qui
2094 2023 2162 2077 ad

591 2114 731 2167 hanc
763 2113 1129 2170 haereditatem
1153 2117 1477 2169 eernendam
1500 2125 1786 2180 venerunt,
1808 2114 1962 2184 prius
1981 2113 2164 2183 abjec-

588 2199 643 2259 |a
673 2207 986 2262 conditione
999 2208 1163 2274 servi,
1179 2209 1346 2262 liliqu
1365 2224 1423 2263 se
1442 2208 1728 2263 ostendere
1750 2215 1996 2276 oportet;
2016 2203 2163 2275 quod

590 2305 674 2351 est
695 2294 949 2358 formam,
975 2307 1028 2351 et
1055 2296 1248 2350 faciem
1285 2294 1558 2366 Unigeniti
1609 2296 1848 2360 indutos,
1903 2311 2025 2350 cum
2061 2295 2164 2350 hoc

489 2410 497 2418 ·
592 2389 789 2444 decore
813 2399 866 2442 et
894 2388 1162 2459 elegantia
1193 2387 1436 2443 Genitori
1473 2404 1568 2442 nos
1595 2388 1806 2443 sistere.
1844 2387 1910 2441 Et
1938 2387 2042 2446 hoc
2080 2395 2165 2442 est

592 2495 622 2534 a
655 2480 790 2535 Filio
822 2480 917 2536 Dei
945 2481 1092 2534 omni
1127 2482 1391 2536 servitute
1417 2481 1656 2546 liberari,
1689 2494 1926 2549 vereque
1962 2479 2163 2534 liberos

591 2587 746 2639 esse;
795 2573 939 2640 quod
979 2571 1182 2626 Judacis
1204 2571 1484 2626 Christum
1524 2572 1707 2626 dicere
1733 2571 1969 2626 voluisse
2003 2571 2163 2626 intel-

589 2661 718 2732 lige,
753 2678 876 2716 cum
919 2663 1051 2716 dicit
1100 2680 1114 2716 :
1170 2679 1189 2712 ι
1231 2663 1287 2716 Si
1317 2663 1485 2716 Filius
1532 2676 1630 2717 vos
1668 2662 1997 2726 liberaverit,
2036 2677 2165 2718 vere

593 2752 750 2805 liberi
783 2750 934 2804 eritis
976 2753 1046 2804 θ’.
1083 2769 1101 2802 ι
1136 2750 1355 2806 Liberat
1405 2752 1570 2816 enim,
1597 2761 1652 2806 et
1701 2751 1792 2820 qui
1839 2752 2159 2815 servierant,

591 2844 734 2896 lilios
776 2840 870 2896 Dei
919 2841 1118 2908 ellicit;
1152 2843 1413 2910 quoniam
1464 2844 1580 2911 ipse
1605 2857 1728 2896 cum
1776 2843 1847 2897 sit
1888 2841 2078 2906 Filius,
2111 2853 2165 2898 et

589 2934 734 2986 omni
769 2941 990 3001 peccatu
1017 2942 1194 2995 vacet,
1222 2941 1276 2986 et
1303 2947 1500 3001 corpus
1539 2933 1696 3002 ipsis,
1723 2941 1778 2987 et
1818 2934 2161 3003 sanguinem,

591 3034 644 3079 et
696 3025 970 3093 spiritum,
997 3033 1053 3079 et
1100 3040 1196 3080 sua
1244 3026 1427 3079 omnia
1475 3025 1790 3080 communia
1845 3024 1999 3080 facit.
2050 3025 2188 3102 Hac,

2189 1809 2236 1867 B

2257 563 2370 631 ζωὴ
2401 562 2496 614 καὶ
2527 561 2560 631 ἡ
2592 560 2769 614 δίαιτα
2796 561 2890 614 καὶ
2918 561 2950 630 ἡ
2977 559 3266 629 φιλοσοφία
3293 560 3387 612 καὶ
3432 557 3610 611 πάντα
3644 555 3820 608 ταῦτα

2256 654 2420 708 καινά
2455 655 2548 706 καὶ
2597 653 2962 722 πνευματικά.
2991 654 3098 705 Καὶ
3151 650 3312 704 τοῦτο
3339 649 3517 718 δηλῶν
3553 649 3581 700 ό
3630 647 3822 716 Σωτὴρ

2255 745 2580 815 Νικοδήμῳ,
2617 761 2637 795 ι
2685 744 2758 796 Τὸ
2781 743 3177 811 γεγεννημένον
3211 742 3274 794 ἐκ
3330 740 3426 794 τοῦ
3487 739 3821 808 πνεύματος,

2257 842 2412 909 φησὶ,
2443 837 2663 908 πνεῦμά
2691 838 2830 890 ἐστι.
2865 853 2884 888 ι
2918 836 3017 889 Διά
3054 834 3215 887 τοῦτο
3240 835 3334 886 καὶ
3365 831 3602 896 Παῦλος,
3648 850 3666 882 ι
3707 829 3824 882 Ἵνα

2256 933 2490 1001 εὑρεθῶ,
2554 931 2739 1002 φησὶν,
2797 931 2855 982 ἐν
2913 928 3082 995 αὐτῷ,
3126 926 3200 996 μὴ
3255 926 3393 995 ἔχων
3447 925 3586 994 ἐμὴν
3615 925 3826 976 δικαιο-

2259 1025 2424 1094 σύνην
2452 1023 2550 1093 τὴν
2579 1024 2645 1076 ἐκ
2673 1021 2766 1074 τοῦ
2794 1020 2983 1090 νόμον,
3017 1019 3152 1072 ἀλλά
3177 1017 3272 1088 τὴν
3303 1017 3391 1070 διὰ
3416 1016 3652 1077 πίστεως
3683 1017 3820 1084 Χρι-

2259 1115 2387 1170 στοῦ
2433 1117 2529 1184 τὴν
2584 1117 2648 1166 ἐκ
2690 1111 2827 1166 Θεοῦ
2860 1111 3229 1180 δικαιοσύνην.
3269 1129 3287 1160 ι
3335 1109 3394 1161 Ὀ
3430 1108 3487 1160 δέ
3541 1107 3697 1174 λόγος
3737 1107 3820 1158 ὅτι

2255 1208 2415 1261 τοῦτό
2457 1209 2573 1259 ἐστι
2630 1207 2690 1260 τὸ
2743 1204 3022 1274 βασιλικὸν
3060 1204 3276 1270 ἱμάτιον
3298 1218 3312 1231 ·
3339 1202 3409 1254 τὰ
3437 1202 3543 1270 γὰρ
3574 1201 3822 1270 ἡμέτερα

2257 1299 2440 1362 δοῦλα,
2475 1296 2763 1366 ἐλευθερία
2804 1297 2861 1349 δὲ
2897 1296 2992 1349 καὶ
3019 1293 3292 1364 βασιλεία,
3350 1291 3485 1360 πρὸς
3509 1293 3575 1362 ἣν
3609 1293 3828 1356 ἐπείγε-

2261 1390 2385 1443 σθαι
2426 1390 2527 1452 δεῖ,
2583 1389 2696 1448 πῶς
2730 1387 2821 1458 [ἂν
2865 1387 3074 1455 γένοιτο
3119 1385 3354 1448 δούλων;
3381 1381 3609 1454 οὐγὰρ]
3643 1385 3706 1435 ἂν
3736 1382 3823 1449 εἴη

2262 1482 2538 1554 βασιλείας
2591 1481 2775 1547 ἀξίους
2824 1481 3061 1548 φανῆναι
3129 1478 3291 1530 πλέον
3343 1475 3495 1529 οὐδὲν
3541 1475 3573 1545 ἢ
3619 1474 3824 1526 δούλων

2259 1575 2460 1646 ἀρετὴν
2515 1573 3004 1641 ἐπιδειξαμένουςς
3058 1570 3328 1638 Καθάπερ
3362 1569 3469 1637 γὰρ
3514 1585 3533 1617 ι
3574 1568 3606 1635 ὴ
3650 1565 3829 1633 φθορά

2259 1667 2357 1735 τῆς
2389 1665 2693 1734 ἀφθαρσίας
2728 1664 2828 1716 ούκ
2860 1663 2927 1716 ἂν
2974 1662 3190 1730 γένοιτο
3225 1659 3581 1728 κληρονόμος,
3639 1657 3720 1709 δεῖ
3769 1656 3828 1708 δέ

2261 1759 2324 1810 τὸ
2377 1757 2616 1826 φθαρτὸν
2665 1756 2823 1808 τοῦτο
2853 1752 3178 1806 ἐνδύσασθαι
3238 1750 3549 1819 ἀφθαρσίαν
3611 1749 3705 1800 καὶ
3764 1747 3826 1800 τὸ

2267 1847 2460 1918 θνητὸν
2481 1847 2640 1900 τοῦτο
2677 1843 2999 1898 ἐνδύσασθαι
3024 1841 3349 1901 ἀθανασίαν,
3386 1857 3403 1890 ι
3437 1840 3526 1891 τὸν
3565 1838 3678 1892 ἴσον
3701 1837 3830 1907 τρό-

2264 1960 2365 1996 πον
2397 1940 2519 1994 οὐδὲ
2553 1939 2624 1992 τά
2652 1937 2762 1991 τῶν
2789 1935 2994 1989 δούλων
3045 1935 3185 2004 ἔργα
3231 1932 3370 2001 πρὸς
3394 1930 3492 2002 τὴν
3545 1929 3828 2000 βασιλείαν

2263 2031 2480 2102 ἐκείνην
2507 2030 2740 2100 ἀρκέσαι
2766 2027 2969 2082 δύναιτ’
2997 2027 3063 2080 ἂν
3100 2028 3252 2096 ἡμῖν.
3287 2024 3424 2079 ἀλλά
3453 2023 3551 2092 τῆς
3577 2025 3641 2076 ἐκ
3689 2023 3824 2076 Θεοῦ

2261 2123 2611 2190 δικαιοσύνης
2662 2122 2866 2192 δεήσει.
2900 2121 3026 2174 Yle
3059 2121 3169 2189 γὰρ
3200 2115 3339 2171 εἶναι
3370 2118 3454 2170 δεῖ
3480 2117 3573 2169 τὸν
3623 2118 3823 2186 κληρο-

2263 2217 2429 2288 νόμον
2457 2215 2646 2270 δοῦλον
2671 2231 2686 2245 ·
2727 2234 2746 2268 ι
2790 2214 2849 2268 '0
2885 2215 2995 2284 γὰρ
3029 2212 3236 2276 δοῦλος,
3272 2211 3458 2281 φησὶν,
3484 2211 3545 2264 οὑ
3581 2211 3731 2279 μένει
3765 2211 3826 2264 ἐν

2265 2310 2330 2378 τῇ
2347 2307 2495 2377 οίκίᾳ
2521 2309 2600 2369 είς
2628 2305 2718 2359 τὸν
2737 2304 2930 2368 αῑῶνα,
2959 2306 2988 2357 ὁ
3016 2303 3144 2366 Υίδς
3171 2302 3320 2372 μένει
3348 2303 3429 2366 είς
3457 2301 3550 2355 τὸν
3571 2303 3764 2356 αἰῶνα.
3805 2321 3824 2354 ι

2265 2393 2472 2452 ἀνθ’ὧν
2493 2398 2725 2450 ἕκαστον
2742 2395 2852 2448 τῶν
2890 2395 2984 2448 ἐπὶ
3006 2394 3096 2447 τὸν
3119 2393 3320 2464 κλῆρον
3342 2393 3533 2448 τοῦτον
3567 2394 3830 2464 ἀφεξομέ-

2265 2504 2372 2541 νων
2424 2487 2690 2556 πρότερον
2734 2484 3077 2539 ἀποϐαλόντα
3106 2483 3197 2537 τὸν
3226 2483 3411 2536 δοῦλον
3437 2483 3606 2549 δεῖξαι
3634 2485 3717 2537 δεῖ
3742 2485 3831 2536 τὸν

2266 2578 2417 2642 Υίὸν,
2443 2577 2580 2646 ὅπερ
2612 2575 2728 2628 ἐστὶ
2754 2575 2851 2646 τὴν
2885 2574 3096 2645 μορφὴν
3118 2571 3211 2628 τοῦ
3237 2575 3569 2641 Μονογενοῦς
3600 2575 3691 2627 ἐπὶ
3717 2575 3830 2627 τῶν

2265 2670 2574 2742 προσώπων
2623 2668 3034 2738 κομισαμένους
3080 2667 3218 2737 μετά
3247 2672 3439 2719 τούτου
3472 2665 3565 2719 τοῦ
3594 2667 3828 2730 κάλλους

2264 2762 2342 2832 τῷ
2373 2761 2731 2830 γεγεννηκότι
2762 2759 2998 2828 φανῆναι
3017 2774 3034 2790 ‘
3066 2759 3161 2811 καὶ
3193 2757 3352 2810 τοῦτό
3405 2759 3552 2811 ἐστιν
3577 2757 3680 2811 ὑπὸ
3728 2758 3825 2811 τοῦ

2266 2854 2398 2909 Υἱοῦ
2437 2853 2530 2908 τοῦ
2583 2851 2720 2906 Θεοῦ
2776 2852 2957 2922 πάσης
3017 2851 3282 2920 ἀφεθῆναι
3341 2851 3588 2912 δουλείας
3624 2851 3720 2903 καὶ
3751 2851 3826 2915 ὼς

2265 2948 2483 3018 ἀληθῶς
2514 2945 2831 3016 ἐλευθέρους
2873 2941 3034 3008 εἶναι,
3066 2945 3095 2997 ὃ
3116 2945 3194 3015 τῷ
3219 2944 3440 3015 Χριστῷ
3469 2947 3583 2998 νοεῖ
3609 2946 3669 2998 τὸ
3694 2947 3830 3014 πρὸς

2265 3039 2391 3102 τοὺς
2436 3039 2721 3101 Ἰουδαίους
2784 3037 3074 3107 εἰρημένον
3125 3039 3346 3101 ἐκεῖνο,
3402 3037 3572 3091 «Ἐὰν
3621 3040 3649 3091 ὁ
3706 3039 3833 3101 Υἱὸς

591 3117 739 3172 enim
771 3118 982 3172 ratione
1014 3133 1115 3171 nos
1159 3126 1213 3171 et
1248 3118 1488 3182 reﬁnxit,
1520 3127 1575 3172 et
1620 3118 1894 3184 liberavit,
1926 3127 1980 3171 et
2009 3117 2159 3172 deiﬁ-

2271 3133 2414 3203 ὑμᾶς
2446 3130 2814 3203 ἐλευθερώσῃ,
2872 3131 3044 3193 ὅντως
3080 3129 3354 3200 ἐλεύθεροι
3404 3130 3616 3184 ἔσεσθε.
3649 3150 3667 3182 ι
3698 3131 3831 3183 Δύει

591 3210 756 3270 cavit,
813 3223 1152 3277 germanum,
1211 3217 1265 3262 et
1318 3209 1572 3272 liberum,
1629 3219 1695 3267 et,
1740 3223 1930 3262 verum
1989 3207 2159 3262 Deum

592 3301 834 3370 seipsum
887 3301 1044 3355 nobis
1092 3299 1422 3355 admiscens.
1476 3299 1542 3354 Et
1590 3301 1670 3354 sic
1714 3300 2018 3365 Christum,
2066 3299 2161 3369 qui

590 3408 720 3446 vera
743 3403 829 3447 est
851 3393 1084 3460 iustitia,
1117 3401 1365 3447 nostrum
1397 3391 1623 3458 bonum,
1659 3407 1823 3462 supra
1857 3408 2019 3462 quam
2047 3392 2164 3460 ipsa

603 3486 893 3547 naturalia,
927 3500 1083 3539 sacra
1110 3501 1268 3540 coena
1295 3485 1453 3541 nobis
1481 3484 1629 3539 facit.
1661 3485 1848 3554 Itaque
1887 3496 1942 3540 et
1971 3486 2170 3556 gloria-

591 3577 901 3633 mur-bonis
939 3578 1079 3646 ejus,
1106 3585 1160 3632 et
1200 3578 1357 3648 quasi
1399 3588 1584 3632 nostra
1613 3586 1794 3633 essent
1823 3587 1966 3632 recte
1998 3577 2164 3639 facta,

505 3686 532 3699 ·
590 3671 960 3734 celebramur,
1010 3669 1246 3738 indeque
1290 3669 1664 3736 nominamur,
1713 3669 1758 3723 si
1794 3668 1847 3722 in
1877 3682 2168 3722 commune

593 3774 997 3828 permanemus.
1030 3760 1099 3812 Et
1132 3761 1176 3813 si
1209 3760 1335 3828 quis
1361 3775 1486 3813 vere
1531 3769 1756 3814 sanctus
1790 3769 1845 3815 et
1880 3761 2082 3828 justus,
2113 3769 2170 3814 et

593 3853 960 3920 quodcunque
991 3850 1210 3904 tandem
1252 3851 1602 3905 laudabilium
1646 3852 1815 3917 audit,
1847 3851 2166 3920 appellatio.

595 3955 720 3993 nem
767 3955 832 3993 ex
888 3940 953 3994 iis
1001 3953 1124 4007 quae
1164 3953 1193 3991 a
1221 3938 1437 3992 Christo
1481 3940 1708 3994 sortitus
1753 3947 1864 4003 est,
1909 3939 2106 4009 accipit
2149 3955 2165 3995 :

602 4050 621 4083 ι
664 4031 719 4085 In
752 4030 880 4095 Deo,
915 4031 1112 4101 inquit,
1145 4030 1459 4086 laudabitur
1493 4032 1676 4086 anima
1729 4049 1844 4087 mea
1880 4034 1945 4090 ".
1984 4048 2003 4085 ι
2051 4031 2118 4087 Et
2151 4050 2165 4087 :

599 4143 620 4174 ι
653 4123 1116 4178 Benediceuturiu
1139 4139 1205 4179 eo
1226 4139 1418 4184 omnes
1437 4134 1626 4194 gentes
1646 4124 1717 4180 “.
1749 4144 1768 4178 ι
1795 4123 1947 4180 Unde
1976 4125 2169 4179 huma-

599 4229 728 4266 num
771 4213 926 4273 nihil.
954 4213 1047 4268 sed
1078 4228 1200 4282 quae
1232 4213 1437 4268 Christi
1470 4227 1596 4268 sunt
1632 4214 1911 4284 poscimus
1949 4231 1962 4266 :
2006 4221 2065 4267 ut
2106 4229 2169 4267 ea

594 4300 649 4354 in
694 4303 906 4355 animas
937 4314 1155 4356 nostras
1203 4316 1330 4356 cum
1381 4303 1881 4370 importaverimus,
1927 4317 2052 4356 cum
2102 4303 2169 4355 iis

595 4393 725 4445 hinc
774 4391 1141 4454 discedamus,
1191 4401 1246 4444 et
1281 4402 1408 4445 ante
1459 4407 1695 4446 coronas
1748 4392 1888 4446 hanc
1931 4393 2172 4460 philoso-

2267 3229 2378 3300 γὰρ
2410 3231 2507 3282 καὶ
2543 3230 2694 3292 υἱοὺς
2723 3227 2859 3281 Θεοῦ
2891 3228 3127 3280 ποιεῖται
3153 3229 3278 3288 τοὺς
3302 3226 3545 3292 δούλους,
3584 3228 3665 3280 ὅτι
3699 3227 3828 3288 Υἱὸς

2267 3323 2343 3376 ὣν
2360 3321 2518 3384 αὐτὸς
2534 3321 2627 3374 καὶ
2646 3321 2827 3390 πάσης
2845 3319 3130 3389 ἐλεύθερος
3151 3317 3422 3387 ἁμαρτίας
3445 3317 3540 3370 καὶ
3563 3318 3719 3388 σῶμα
3736 3319 3833 3371 αύ-

2266 3418 2379 3478 τοῖς
2420 3414 2510 3468 καὶ
2531 3408 2670 3482 αἷμα
2690 3412 2783 3466 καὶ
2815 3410 3034 3479 πνεῦμα
3061 3411 3157 3464 καὶ
3181 3410 3250 3463 τὰ
3282 3411 3450 3464 αὑτοῦ
3481 3412 3657 3465 πάντα
3682 3412 3833 3464 κοινά

2270 3508 2523 3560 ποιεῖταιο
2542 3503 2732 3557 τοῦτον
2749 3504 2855 3572 γὰρ
2869 3503 2960 3556 τὸν
2971 3503 3170 3572 τρόπον
3185 3501 3279 3554 καὶ
3295 3503 3566 3559 ἀνέπλασε
3582 3505 3677 3555 καὶ
3691 3503 3839 3555 ἐλευ-

2271 3597 2478 3668 θέρωσε
2498 3599 2590 3650 καὶ
2604 3597 2827 3660 ἐθέωσε,
2847 3595 2939 3648 τὸν
2957 3596 3087 3662 ὑγιᾶ
3110 3595 3201 3647 καὶ
3225 3593 3507 3663 ἐλεύθερον
3527 3598 3621 3648 καὶ
3645 3595 3838 3665 ἀληθι-

2269 3689 2360 3741 νὸν
2388 3688 2520 3740 Θεὸν
2554 3687 2748 3740 ἑαυτὸν
2778 3689 2913 3756 ἡμῖν
2945 3687 3235 3755 ἀναμίξας,
3267 3689 3364 3741 καὶ
3407 3687 3552 3740 οὕτω
3574 3688 3672 3756 τὴν
3705 3688 3833 3758 ἀλη-

2270 3781 2422 3850 θινὴν
2451 3779 2581 3832 ὄντα
2603 3779 2948 3846 δικαιοσύνην
2995 3779 3087 3831 τὸν
3114 3777 3363 3847 Χριστὸν,
3391 3780 3662 3849 ἡμέτερον
3697 3781 3834 3846 ἀγα-

2273 3869 2385 3935 θδν,
2416 3869 2510 3920 καὶ
2538 3865 2644 3935 πρὸ
2670 3867 2778 3918 τῶν
2808 3871 3054 3934 φυσικῶν
3074 3867 3254 3920 αὐτῶν
3275 3869 3334 3920 τὸ
3370 3869 3513 3938 ἱερὸν
3547 3870 3839 3939 ἐργάζεται

2269 3959 2518 4022 δεῖπνον,
2575 3959 2715 4012 ὥστε
2755 3959 2848 4010 καὶ
2897 3958 3329 4028 φιλοτιμούμεθα
3378 3963 3490 4024 τοῖς
3537 3962 3703 4014 αὑτοῦ
3745 3962 3837 4016 καὶ

2269 4050 2344 4113 ὡς
2362 4049 2426 4103 ἂν
2462 4050 2615 4103 αὐτοὶ
2636 4050 3060 4120 κατωρθωκότες
3079 4051 3491 4120 εύδοκιμοῦμεν,
3523 4054 3616 4106 καὶ
3649 4055 3841 4106 καλού-

2275 4139 2414 4211 μεθά
2451 4157 2513 4208 γε
2548 4141 2780 4207 ἐκεῖθεν,
2814 4140 2862 4192 εί
2899 4139 2997 4209 τὴν
3031 4142 3316 4194 κοινωνίαν
3355 4134 3716 4212 φυλάττομεν,
3747 4145 3839 4198 καὶ

2272 4231 2418 4292 εἴτις
2431 4230 2644 4300 ἀληθῶς
2657 4229 2812 4297 ἆγιος
2833 4230 2924 4282 ml.
2937 4230 3144 4292 δίκαιος
3161 4231 3256 4282 καῖ
3271 4230 3446 4282 ὁτιοῦν
3467 4233 3576 4283 τῶν
3588 4235 3837 4287 ἐπαινου-

2278 4324 2453 4390 μένων
2470 4319 2676 4386 ἀκούοι,
2708 4321 2805 4390 τὴν
2837 4320 3156 4397 ἐπωνυμίαν
3187 4320 3246 4383 ἐξ
3269 4315 3343 4373 ὧν
3373 4321 3588 4375 ἐκείνου
3614 4325 3840 4395 τετύχη-

2275 4411 2613 4475 κεν,ἐλα6εν,
2641 4429 2659 4462 ι
2683 4411 2770 4463 Ἑν
2798 4409 2875 4480 τῷ
2897 4410 3014 4478 Θεῷ
3033 4412 3160 4480 γὰρ,
3192 4413 3378 4480 φησὶν,
3407 4413 3834 4482 ἐπαινεθήσεται

597 4491 782 4558 phiam
811 4489 962 4542 omni
997 4489 1178 4564 modo,
1217 4499 1274 4544 et
1303 4489 1405 4544 has
1459 4505 1627 4545 novas
1661 4491 1881 4546 divitias
1917 4493 2169 4547 exhibea-

2279 4500 2475 4570 ἡψυχή
2499 4516 2625 4569 μου,
2649 4501 2743 4552 καὶ
2769 4499 3296 4569 ἐνευλογηθήσονται
3327 4501 3383 4552 ἐν
3406 4501 3553 4569 αύτῷ
3573 4503 3748 4554 πάντα
3771 4505 3838 4557 τὰ

598 4595 742 4643 mus,
775 4577 922 4632 nullo
954 4578 1306 4647 superaddito
1339 4578 1476 4632 falso
1517 4578 1860 4644 numismate,
1907 4580 2167 4649 quoniam

597 4673 740 4726 hanc
767 4672 939 4726 solam
970 4671 1032 4725 ad
1062 4670 1487 4740 promerendum
1525 4686 1750 4742 regnum
1776 4673 2039 4727 caelorum
2070 4687 2168 4741 ap-

599 4772 818 4833 pet-tare
881 4777 1206 4832 possumus.
1259 4761 1397 4826 Quia
1447 4763 1590 4815 enim
1650 4762 1965 4832 premium,
2020 4762 2165 4832 quod

599 4869 777 4922 pugna
814 4841 1068 4907 .deluncti
1121 4854 1369 4921 accipere
1422 4853 1654 4917 debent,
1710 4852 1864 4908 Deus”
1904 4853 2020 4920 ipse
2062 4861 2166 4917 est,

598 4947 966 5000 necessarium
1001 4947 1215 5000 videtur
1272 4959 1404 4999 sane
1455 4945 1678 5014 praemio
1726 4945 2076 5018 respondere,
2114 4956 2167 4998 ct

597 5037 813 5090 divinos
841 5052 962 5090 esse
989 5037 1153 5090 etiam
1203 5052 1428 5106 agones,
1467 5037 1748 5105 Deumque
1791 5035 2013 5090 athletis
2058 5051 2164 5090 non

597 5127 774 5181 solum
815 5127 1017 5195 alipten
1054 5143 1176 5182 esse
1225 5130 1698 5195 certaminumque
1733 5129 2032 5196 auspicem,
2065 5129 2164 5184 sed

597 5227 650 5271 et
699 5217 874 5284 ipsum
922 5219 976 5272 in
1029 5220 1160 5287 ipsis
1213 5221 1431 5275 virtutis
1482 5234 1706 5274 munere
1753 5219 1927 5288 l'ungi.
1977 5221 2043 5274 Et
2091 5221 2204 5303 ita_

601 5312 763 5363 linem
798 5310 888 5378 qui
920 5312 1185 5378 qua-ritur
1208 5326 1332 5366 cum
1366 5311 1780 5380 praeparatione,
1813 5321 1867 5366 et
1892 5328 2164 5382 praepara-

606 5407 806 5454 tionem
853 5415 979 5454 cum
1036 5402 1141 5455 line
1189 5416 1518 5472 congruere.
1567 5401 1722 5457 Sicut
1773 5404 1917 5457 enim
1961 5405 2013 5457 in
2070 5407 2168 5461 has

604 5500 787 5546 terras
837 5506 936 5546 nos
980 5492 1218 5555 mittens,
1269 5493 1403 5546 nihil
1452 5493 1610 5547 nobis
1663 5492 1810 5559 fecit,
1851 5507 1950 5548 nec
1989 5495 2171 5563 exegit

2277 4592 2401 4662 ἐθνη
2423 4606 2436 4620 ⁶
2465 4610 2484 4643 ι
2522 4591 2643 4646 ὅθεν
2666 4591 2776 4644 τῶν
2806 4591 3166 4662 ἀνθρωπίνων
3219 4591 3320 4659 μὲν
3369 4592 3544 4654 οὐδὲν,
3600 4591 3669 4643 τά
3700 4593 3839 4662 Χρι-

2275 4685 2402 4738 στοῦ
2427 4683 2483 4737 δὲ
2512 4682 2891 4752 ἀπαιτούμεθα
2921 4683 3016 4734 καὶ
3073 4683 3318 4750 ἐνεγκεῖν
3368 4683 3460 4734 ἐπὶ
3502 4681 3613 4734 τῶν
3647 4683 3842 4754 ψυχῶν

2273 4777 2368 4828 καὶ
2399 4777 2666 4845 φέροντας
2695 4773 2977 4838 ἀπελθεῖν,
3013 4773 3108 4827 καὶ
3135 4777 3338 4843 ταύτην
3371 4775 3476 4844 πρὸ
3499 4774 3606 4829 τῶν
3646 4778 3848 4845 στεφά-

2273 4883 2381 4920 νων
2403 4866 2772 4932 ἐπιδείξασθαι
2801 4865 2900 4934 τὴν
2928 4867 3252 4935 φιλοσοφίαν
3283 4868 3346 4919 ἐκ
3377 4868 3580 4929 παντὸς
3613 4871 3844 4937 τρόπου,

2275 4958 2370 5010 καὶ
2397 4957 2586 5010 τοῦτον
2611 4957 2700 5010 τὸν
2724 4958 2910 5011 καινὸν
2941 4957 3193 5024 πλοῦτον,
3237 4959 3406 5028 μηδὲν
3441 4960 3847 5028 ἐπεισαγαγόν-

2280 5064 2377 5110 τας
2415 5046 2566 5118 αὑτῷ
2595 5047 2691 5100 τοῦ
2734 5049 2982 5118 πονηροῦ
3009 5049 3314 5120 κόμματος,
3339 5051 3415 5112 ὡς
3441 5049 3612 5120 μόνην
3644 5052 3746 5103 ταύ
3765 5069 3848 5119 ην

2270 5134 2436 5191 οὖσαν
2467 5138 2608 5209 ὑπὲρ
2660 5142 2759 5209 τῆς
2794 5142 2852 5192 ἐν
2885 5139 3100 5211 ούρανῷ
3149 5141 3423 5210 βασιλείας
3446 5141 3718 5210 ἀξιόχρεω
3755 5159 3848 5209 φο-

2274 5229 2397 5300 ράν.
2457 5229 2611 5282 Ἐπεὶ
2669 5228 2780 5300 γὰρ
2826 5225 3009 5295 ἆθλον,
3063 5231 3091 5282 ὃ
3150 5231 3230 5284 δεῖ
3286 5231 3442 5284 λασεῖ
3491 5233 3845 5301 ἀγωνισαμέ-

2275 5341 2420 5387 νους,
2452 5323 2480 5376 ό
2511 5323 2641 5385 Θεός
2673 5325 2818 5376 ἐστιν
2846 5325 3030 5388 αὐτὸς,
3070 5325 3284 5394 ἀνάγκη
3320 5325 3384 5396 δὴ
3416 5327 3551 5394 πρὶς
3574 5325 3636 5379 τὸ
3676 5328 3847 5396 γέρας

2280 5409 2543 5477 ἀνάλογον
2572 5410 2741 5479 ἔχειν,
2773 5412 2868 5463 καὶ
2900 5412 3076 5475 θείους
3115 5409 3254 5466 εἶναι
3288 5417 3414 5473 τοὺς
3459 5415 3700 5480 ἀγῶνας,
3753 5412 3848 5466 καὶ

2279 5499 2411 5552 Θεὸν
2430 5503 2540 5562 τοῖς
2567 5501 2829 5570 ἀθληταῖς
2867 5503 2929 5555 ού
2958 5503 3118 5571 μόνον
3143 5503 3407 5572 ἀλείπτην
3430 5500 3570 5556 εἶναι
3606 5505 3704 5556 καὶ⁸
3733 5501 3841 5556 τῶν

673 5691 719 5722 ⁸⁸
748 5689 908 5775 Joa_n.
945 5689 1134 5775 tit,n6.
1217 5691 1263 5724 "
1313 5691 1554 5775 Philipp.
1592 5712 1674 5762 Ill,
1717 5697 1772 5751 9.
1845 5696 1942 5750 "l
2004 5697 2130 5755 Cor.
2181 5718 2268 5767 xv,
2320 5701 2504 5758 50-53.
2580 5705 2625 5737 "
2663 5707 2820 5760 Joan.
2878 5722 2997 5775 Vill,
3047 5709 3136 5764 56.
3213 5709 3259 5741 "
3301 5709 3436 5765 Ibid.
3465 5709 3555 5765 56.
3633 5711 3848 5771 9'Psal.

602 5775 789 5827 sunt,
829 5763 884 5816 5.
960 5761 1007 5793 ”
1037 5760 1174 5818 Gen.
1226 5777 1324 5830 xu,
1351 5765 1405 5818 5.
