4196 6308
349 297 455 361 617

1395 294 1491 353 DE
1537 294 1707 353 l‘l'I‘A
1756 292 1830 350 IN
1864 289 2195 349 cnmsro
2237 289 2381 350 [ιο.
2439 276 2571 356 tv.‘

3476 287 3583 355 618

350 412 579 478 ἀγώνων
625 406 892 477 ἡγεμόνα,
945 404 1083 460 ἀλλὰ
1129 409 1223 459 καὶ
1266 406 1430 460 αὐτὸν
1455 410 1512 457 ἐν
1542 405 1726 467 αὐτοῖς
1772 400 1909 455 εἶναι

2025 399 2155 467 quod
2186 399 2324 453 ultra
2350 409 2596 454 naturam
2632 406 2799 466 esset,
2824 398 2867 453 si
2892 414 2957 454 ex
2982 399 3068 455 bis
3096 400 3255 457 terris
3286 416 3385 457 nos
3406 403 3586 458 dimit-

345 500 442 554 τὸν
468 495 864 567 κατορθοῦντα,
917 495 1058 551 ὥστε
1089 497 1180 550 τὸν
1218 497 1318 566 μὲν
1365 495 1702 566 ζητούμενον
1757 494 1912 555 τέλος

346 592 413 659 τῇ
450 590 798 659 παρασκευῇ,
851 586 931 656 τῷ
980 586 1122 640 τέλει
1152 588 1208 641 δὲ
1240 587 1340 658 τὴν
1374 588 1733 659 παρασκευὴν
1788 585 1912 638 ἀκό-

346 679 537 733 λουθον
578 673 741 732 εἶναι.
786 676 1054 747 Καθάπερ
1102 678 1210 747 γὰρ
1261 681 1342 742 είς
1390 679 1488 749 τὴν
1518 678 1625 747 γῆν
1664 679 1907 745 πέμπων

345 769 501 822 οὐδὲν
535 769 684 838 ἡμᾶς
711 766 940 837 ἔδρασεν
978 767 1087 820 οὐδ’
1118 769 1402 839 ἀπῄτησεν
1433 768 1731 838 ὑπερφυὲς,
1767 767 1912 821 οὕτω

346 861 486 930 πρὸς
517 860 649 912 Θεὸν
697 843 845 926 ἄγων
894 860 989 913 καὶ
1041 862 1143 930 τῆς
1178 862 1282 930 γῆς
1337 861 1699 915 ἀπαλλάττων
1757 858 1912 913 οὐδὲν

346 954 560 1022 ἀφῆκεν
606 951 754 1021 ἔχειν
803 951 1167 1021 ἀνθρώπινον,
1212 952 1330 1007 ἀλλ’
1389 947 1464 1006 ὧν
1514 954 1648 1020 ἡμῖν
1698 952 1908 1020 ἐδέησε,

346 1044 485 1113 πρὸς
507 1044 683 1096 πάντα
712 1044 906 1096 ἑαυτὸν
929 1045 1162 1113 ἥρμοσε,
1195 1045 1290 1097 καὶ
1331 1043 1439 1096 τῶν
1483 1044 1619 1114 πρὸς
1667 1043 1727 1096 τὸ
1757 1044 1912 1105 τέλος

347 1124 524 1188 ἐκεῖνο
554 1136 974 1202 παρασκευάσαι
1004 1134 1320 1203 δυναμένων
1347 1135 1500 1188 οὐδὲν
1533 1136 1783 1206 παρῆκεν
1813 1136 1913 1204 ἀρ-

346 1226 442 1292 γὸν
473 1224 689 1277 ἑαυτοῦ.
732 1223 855 1275 Εἴτε
912 1224 1024 1291 γὰρ
1077 1224 1389 1294 ἀρρωστίαν
1440 1224 1581 1276 είποι
1634 1241 1717 1287 τις
1758 1223 1825 1277 ἂν
1854 1224 1915 1276 τὸ

343 1316 609 1385 ἡμέτερον
632 1314 787 1367 τοῦτο
818 1315 916 1368 καὶ
951 1316 1338 1382 ἰατρείαν,,ούκ
1358 1316 1519 1378 αὐτὸς
1546 1316 1799 1383 εἰσῆλθεν
1834 1318 1914 1379 εἰς

345 1407 439 1459 τὸν
457 1407 733 1474 κάμνοντα
752 1407 913 1475 μονον
938 1405 1348 1474 καὶ-ὀφθαλμῶν
1364 1408 1564 1475 ἠξίωσε
1594 1409 1688 1460 καὶ
1712 1392 1914 1476 χειρὸς,

347 1495 445 1547 καὶ
472 1488 545 1545 ὧν
569 1493 679 1546 ἔδει
712 1493 848 1562 πρὸς
874 1493 971 1560 τὴν
1002 1493 1304 1561 θεραπείαν
1337 1495 1634 1565 αὐτουργὸς
1665 1492 1752 1566 ἦν,
1782 1495 1915 1547 ἀλλᾶ

348 1586 446 1638 καὶ
478 1585 608 1638 αὐτὸ
632 1585 692 1638 τὸ
727 1586 1019 1654 φάρμακον
1042 1585 1136 1639 καὶ
1169 1588 1195 1655 η
1220 1586 1401 1640 δίαιτα
1448 1590 1544 1640 καὶ
1573 1588 1756 1641 ὁτιοῦν
1785 1589 1916 1642 ἄλλο

345 1676 456 1729 τῶν
513 1676 646 1746 πρὸς
699 1677 891 1743 ὑγείαν
957 1677 1233 1745 φερόντων
1289 1678 1455 1741 αὐτὸς
1500 1680 1739 1746 ἐγένετο,
1805 1680 1914 1732 εἴτε

346 1766 649 1829 ἀνάπλασίς
678 1767 848 1829 ἐστιν,
880 1765 938 1829 ἐξ
968 1766 1164 1819 ἑαυτοῦ
1197 1767 1291 1820 καὶ
1315 1767 1424 1821 τῶν
1452 1771 1667 1822 οἰκείων
1696 1770 1916 1840 σαρκῶν

344 1858 407 1909 τὸ
436 1855 613 1909 ἐνδέον
643 1854 1018 1920 ἀνακαλεῖται,
1054 1859 1147 1909 καὶ
1174 1857 1202 1908 ὃ
1235 1855 1333 1910 τοῦ
1360 1858 1755 1926 διαφθαρέντος
1784 1861 1916 1930 ἡμῖν

347 1947 767 2013 ἀντεισήγαγεν,
794 1944 955 2009 αὐτὸς
984 1942 1073 2016 ἦν.
1106 1949 1181 2000 Οὐ
1209 1948 1339 2018 γὰρ,
1381 1949 1503 2003 ὅθεν
1528 1950 1781 2015 ἔπλασεν,
1810 1951 1917 2004 ἀπὸ

346 2036 447 2105 τῆς
475 2036 650 2104 αὐτῆς
677 2036 985 2090 ἀνέπλασεν
1016 2036 1172 2108 ὕλης,
1204 2038 1320 2091 ἀλλ’
1350 2041 1528 2093 ἐκεῖνο
1561 2041 1662 2110 μὲν
1690 2042 1912 2111 ἐποίησε

347 2127 477 2196 χοῦν
515 2127 696 2180 λαϐὼν
723 2128 830 2180 ἀπὸ
857 2129 956 2197 τῆς
999 2128 1126 2198 γῆς,
1164 2129 1306 2199 ὑπὲρ
1331 2130 1387 2183 δὲ
1415 2130 1510 2183 τοῦ
1539 2131 1796 2203 δευτέρου
1856 2133 1918 2186 τὸ

347 2219 548 2270 οἰκεῖον
576 2216 744 2270 ἔδωκε
772 2217 957 2288 σῶμα,
985 2222 1079 2273 καὶ
1110 2221 1212 2290 τὴν
1240 2220 1407 2292 ζωὴν,
1437 2222 1824 2294 ἀνακτώμενος
1856 2226 1919 2278 οὐ

347 2308 447 2374 τὴν
479 2306 658 2377 ψυχὴν
691 2307 784 2359 ἐπὶ
809 2310 905 2377 τῆς
935 2308 1149 2374 φύσεως
1208 2310 1451 2363 ἑστῶσαν
1509 2314 1654 2364 ποιεῖ
1692 2313 1915 2377 καλλίω,

348 2396 486 2448 ἀλλὰ
516 2397 578 2448 τὺ
615 2392 754 2464 αἷμα
785 2396 997 2465 ἐγχέων
1026 2398 1152 2459 ταῖς
1198 2397 1307 2450 τῶν
1345 2401 1722 2469 ’μεμυημένων
1785 2419 1922 2471 καρ-

349 2489 491 2551 δίαις
520 2491 619 2555 τὴν
649 2486 844 2540 ἑαυτοῦ
904 2486 1050 2557 ζωὴν
1102 2488 1289 2552 αὐτοῖς
1311 2490 1614 2551 ἀνατέλλει.
1647 2493 1780 2545 Τότε
1821 2496 1920 2563 μὲν

352 2580 463 2648 γὰρ
514 2579 838 2647 ἐνεφύσησε,
887 2580 1060 2648 φησὶ,
1108 2580 1276 2650 πνοὴν
1333 2580 1501 2651 ζωῆς,
1564 2583 1659 2637 νῦν
1719 2585 1775 2637 δὲ
1827 2584 1921 2639 τοῦ

352 2670 671 2740 Πνεύματος
696 2671 826 2740 ἡμῖν
854 2668 1020 2723 αὑτοῦ
1052 2674 1330 2724 κοινωνεῖ·
1367 2674 1462 2725 καὶ
1489 2666 1621 2744 γὰρ,
1654 2694 1672 2726 ι
1696 2675 1923 2740 Ἐξαπέ-

352 2761 556 2824 στειλε,
584 2759 770 2826 φησὶν,
803 2759 830 2810 6
866 2758 1003 2819 Θεὸς
1024 2758 1083 2811 τὺ
1114 2758 1337 2829 Πνεῦμα
1361 2760 1455 2814 τοῦ
1491 2761 1623 2815 Υίοῦ
1666 2764 1833 2817 αὑτοῦ
1865 2767 1923 2818 ὲν

347 2856 470 2917 ταῖς
494 2852 744 2921 καρδίαις
771 2851 931 2922 ήμῶν
963 2852 1168 2920 κρᾶζον
1187 2869 1199 2882 ·
1232 2851 1404 2905 Ἀϐϐά
1432 2855 1459 2905 6
1495 2854 1682 2924 Πατήρ
1708 2871 1721 2885 ο
1757 2873 1774 2905 ι
1802 2856 1925 2907 ἐπεὶ

2019 499 2159 553 lens,
2194 497 2360 558 atque
2408 489 2472 542 ad
2531 489 2697 542 Deum
2750 489 3049 555 adducens,
3099 489 3233 543 nilnil
3267 505 3365 544 nos
3394 491 3587 546 huma-

2017 595 2145 631 nunt
2180 580 2378 634 habere
2403 579 2651 650 permisit
2692 619 2706 643 ,
2746 580 2837 633 sed
2876 580 2942 633 ad
2973 580 3155 635 omnia
3192 581 3392 648 quibus
3426 582 3586 637 nobis

2015 688 2152 741 opus
2186 672 2303 735 fuit,
2337 687 2396 726 se
2417 672 2870 737 accommodavit,
2892 680 2947 726 et
2982 688 3101 742 quae
3138 674 3205 728 ad
3241 675 3400 727 linem
3435 674 3585 728 illum

2015 760 2368 815 commodare
2396 771 2639 828 possent,
2667 761 2804 813 nihil
2856 760 2909 814 in
2950 775 3010 815 se
3055 763 3293 816 otiosum
3340 763 3587 833 reliquit.

2018 849 2147 903 Sive
2174 850 2322 903 enim
2374 851 2622 904 morbum
2660 851 2782 920 quis
2828 851 2929 905 hoc
2969 851 3168 905 malum
3216 863 3486 916 nostrum,
3533 864 3591 909 et

2019 941 2295 1007 negotium
2328 940 2598 993 medicum
2634 940 2800 1004 dicat,
2831 956 2939 994 non
2977 943 3150 996 solum
3178 943 3295 1011 ipse
3318 945 3384 996 ad
3418 959 3591 1014 agro-

2016 1031 2411 1104 tantenuenit,
2447 1044 2685 1099 eumque
2717 1041 2940 1098 aspectu
3006 1046 3102 1085 suo
3137 1042 3191 1084 et
3225 1041 3371 1086 tactu
3396 1034 3588 1103 digna-

2026 1130 2115 1175 tus
2141 1130 2244 1185 est,
2271 1128 2323 1175 et
2348 1120 2543 1189 quibus
2567 1120 2640 1174 ad
2665 1121 3003 1174 curationem
3032 1122 3245 1191 egebat,
3287 1138 3381 1191 per
3413 1140 3469 1177 se
3512 1124 3586 1176 illi

2019 1213 2370 1276 ministratit,
2391 1211 2482 1265 sed
2506 1222 2559 1265 et
2593 1211 2709 1280 ipsa
2746 1212 3034 1274 medicina,
3054 1225 3106 1267 et
3127 1213 3307 1276 diaeta,
3339 1226 3390 1267 et
3414 1216 3589 1282 quod-

2020 1320 2235 1373 cunque
2253 1304 2396 1357 aliud
2425 1305 2489 1357 ad
2516 1303 2801 1359 sanitatem
2827 1306 3254 1371 recuperandam
3279 1306 3582 1375 prodesset,

2019 1398 2133 1466 ipse
2159 1397 2333 1449 factus
2353 1403 2452 1449 est.
2489 1396 2612 1449 Sive
2644 1395 2852 1451 retictio
2883 1408 2983 1460 est,
3040 1413 3105 1450 cx
3158 1397 3333 1465 reipsa
3372 1408 3427 1452 et
3459 1416 3588 1453 cor-

2020 1504 2150 1556 pore
2202 1486 2418 1555 proprio
2459 1487 2602 1555 qqu
2644 1487 2834 1541 deerat
2882 1488 3124 1553 resarsit,
3196 1471 3449 1558 quodque
3493 1508 3591 1560 pro

2021 1577 2230 1645 perdito
2264 1578 2522 1639 restituit,
2555 1577 2668 1645 ipse
2692 1574 2799 1630 est.
2825 1578 2949 1630 Non
2984 1577 3128 1630 enim
3163 1579 3306 1633 unde
3331 1579 3500 1643 tinxit,
3521 1580 3589 1634 ab

2020 1669 2210 1723 eadem
2267 1669 2499 1722 materia
2545 1669 2780 1724 reﬁnxit.
2831 1667 2940 1723 S:d
2996 1669 3130 1723 illud
3169 1671 3385 1740 quidem
3439 1671 3587 1737 fecit,

2020 1759 2295 1827 pulverem
2326 1774 2357 1812 e
2384 1767 2533 1811 terra
2564 1758 2878 1827 accipiens;
2912 1774 3010 1828 pro
3036 1761 3206 1815 altera
3231 1771 3409 1816 autem
3434 1748 3589 1817 suum

2020 1849 2192 1917 ipsius
2218 1864 2419 1918 corpus
2446 1849 2693 1912 tradidit,
2720 1850 2998 1920 vitamque
3027 1866 3305 1921 reparans,
3334 1869 3443 1907 non
3475 1856 3593 1906 ani-

2022 1956 2167 1994 mam
2216 1939 2273 1994 in
2320 1949 2517 1995 natura
2572 1941 2965 1996 consistentem
3019 1944 3387 2010 pulchriorem
3438 1945 3590 2009 facit,

2030 2032 2124 2085 sed
2173 2030 2495 2098 sanguinem
2547 2045 2708 2085 suum
2762 2032 2815 2084 in
2854 2035 3020 2086 corda
3049 2031 3387 2088 initiatorum
3419 2035 3596 2089 etian-

2021 2123 2181 2186 dens,
2236 2136 2395 2176 suam
2458 2122 2630 2191 ipsius
2679 2124 2847 2177 vitam
2890 2124 3008 2193 ipse
3060 2126 3191 2180 oriri
3238 2126 3387 2182 facit.
3439 2125 3596 2182 Tunc

2017 2214 2165 2268 enim
2222 2213 2512 2282 inspiravit
2567 2214 2824 2281 spiritum
2873 2215 3040 2279 vitae,
3096 2222 3159 2269 ut
3210 2215 3442 2287 legimus
3485 2218 3531 2250 ”
3576 2238 3595 2274 :

2022 2319 2171 2360 nunc
2200 2316 2380 2359 autem
2415 2303 2682 2373 Spiritum
2727 2320 2884 2359 suum
2917 2306 3076 2360 nobis
3135 2308 3499 2363 communicat
3524 2310 3592 2366 ".

2023 2396 2263 2460 Etenim,
2297 2413 2316 2447 ι
2356 2394 2504 2449 Misit
2550 2394 2710 2456 Deus.
2763 2412 2783 2446 ι
2814 2394 2992 2464 inquit
3016 2393 3239 2471 Paulus,
3276 2415 3294 2448 ι
3330 2398 3593 2467 Spiritum

2023 2485 2148 2540 Filii
2202 2486 2289 2541 sui
2332 2482 2593 2538 cordibus
2631 2485 2856 2546 nostris.
2900 2485 3249 2552 clamantem,
3302 2487 3451 2542 Abba
3490 2488 3596 2544 Pa-

2024 2587 2106 2633 ter
2127 2578 2193 2630 ⁹⁷.
2238 2595 2257 2628 ι
2294 2574 2577 2644 Siquidem
2624 2586 2681 2627 et
2728 2589 2851 2628 eum
2894 2576 3014 2630 luce
3067 2591 3205 2646 Opus
3253 2590 3419 2645 esset,
3467 2590 3598 2635 tunc

2025 2667 2183 2734 dixit,
2231 2686 2249 2719 ι
2293 2664 2414 2718 Fiat
2450 2654 2576 2727 'lux,
2624 2673 2679 2718 et
2727 2663 2872 2718 facta
2917 2673 3001 2719 est
3039 2666 3131 2719 lux
3163 2667 3230 2722 ’⁸.
3267 2653 3294 2720 ἰ
3336 2669 3442 2722 Sed
3488 2671 3598 2725 ista
3682 2697 3685 2700 ι

2027 2770 2290 2828 tanquam
2347 2760 2541 2815 servis.
2581 2754 2738 2811 Nunc
2776 2756 3044 2812 Dominus
3092 2759 3209 2827 ipse
3257 2778 3276 2811 ι
3314 2760 3492 2814 illuxit
3541 2765 3596 2815 in

2028 2851 2291 2906 cordibus
2321 2849 2548 2912 nostris,
2582 2847 2677 2915 qui
2708 2857 2836 2901 tunc.
2864 2848 2931 2902 de
2965 2850 3203 2927 tenebris
3233 2851 3371 2907 dixit
3411 2853 3598 2908 lumen

353 2944 449 2997 καὶ
479 2942 657 3012 φωτὸς
675 2941 879 3010 δεῆσαν
916 2941 1038 2994 τότε
1073 2941 1196 3010 μὲν,
1234 2960 1252 2994 ι
1283 2941 1573 3014 Γενηθήτω
1604 2945 1739 3012 φῶς,
1780 2941 1925 3011 εἶπε,

2036 2943 2437 3013 splendescere,
2477 2960 2495 2992 ι
2530 2940 2679 2994 Pauli
2714 2956 2812 2995 vox
2835 2950 2917 2996 est
2938 2945 3006 2996 ”.
3031 2941 3097 2996 Et
3128 2944 3366 2999 utsimul
3396 2946 3595 3011 dicam,

353 3032 448 3084 καὶ
475 3032 692 3098 ἐγένετο
719 3029 859 3097 φῶς,
887 3048 907 3081 ι
933 3030 995 3082 τὸ
1023 3029 1209 3084 δοῦλον
1239 3030 1418 3095 τοῦτο,
1451 3032 1545 3086 νῦν
1575 3034 1632 3087 δὲ
1661 3038 1689 3088 6
1719 3039 1915 3091 Δεσπό-

355 3139 454 3191 της
485 3121 647 3182 αὖτδς
697 3139 715 3172 ι
784 3121 1030 3191 ἔλαμψεν
1080 3122 1138 3174 ἐν
1191 3124 1312 3184 ταῖς
1370 3123 1624 3193 καρδίαις
1674 3126 1850 3195 ἡμῶν,
1898 3131 1926 3180 6

352 3216 475 3269 τότε
506 3214 680 3268 εἰπὼν
711 3216 776 3266 ἐκ
802 3219 1030 3275 σκότους
1057 3216 1170 3283 φῶς
1196 3214 1430 3284 λάμψαι,
1463 3235 1483 3268 ι
1514 3217 1726 3271 Παύλου
1750 3222 1923 3289 φωνή.

354 3308 466 3359 Καὶ
496 3307 557 3359 τὸ
579 3308 687 3359 πᾶν
720 3307 920 3367 εἰπεῖν,
972 3307 1062 3356 ἐπὶ
1096 3306 1197 3374 μὲν
1224 3306 1333 3358 τῶν
1371 3308 1655 3379 προτέρων
1716 3313 1925 3380 χρόνων

352 3398 442 3451 διὰ
466 3397 576 3451 τῶν
605 3401 924 3468 κτισμάτων
950 3401 1155 3453 τούτων
1178 3401 1284 3453 τῶν
1307 3394 1606 3471 δρωμένων
1637 3404 1936 3472 εὲηργέτες

353 3489 595 3557 τὸγένος
622 3490 717 3543 καὶ
746 3492 1137 3561 προστάγμασι
1184 3490 1282 3544 καὶ
1327 3492 1651 3561 πρεσϐείαις
1693 3497 1787 3546 καὶ
1839 3496 1925 3548 v6-

2031 3034 2309 3105 prioribus
2335 3031 2671 3101 tempOribus
2708 3047 2804 3102 per
2849 3044 3131 3089 creaturas
3166 3036 3327 3091 hasce
3355 3049 3601 3108 aspecta-

2026 3129 2162 3184 biles
2193 3128 2379 3199 generi
2430 3135 2616 3181 nostro
2649 3125 2790 3181 bene
2819 3125 3076 3192 faciebat,
3121 3129 3502 3199 mandatisque
3545 3137 3601 3185 et

2022 3218 2403 3289 legationibus,
2448 3227 2502 3271 et
2555 3217 2765 3287 legibus
2837 3218 3115 3272 hominem
3179 3221 3420 3290 regebat,
3474 3238 3600 3291 par-

2018 3295 2129 3364 tim
2179 3309 2533 3379 angelorum,
2587 3308 2786 3378 partim
2834 3308 3117 3361 hominum
3173 3310 3597 3366 reverendorntn

2041 3418 2176 3457 usus
2224 3416 2410 3470 Opera.
2468 3399 2624 3453 Nunc
2672 3400 2806 3453 citra
2873 3400 3250 3455 administrant
3303 3404 3369 3455 ad
3417 3403 3599 3459 omnia

2030 3492 2331 3561 seritetipso
2360 3490 2548 3544 utitur.

359 3598 479 3648 μοις
514 3577 615 3651 ἦγε
647 3583 737 3634 τὸν
779 3582 1082 3651 ἄνθρωπον,
1119 3581 1278 3634 τοῦτο
1316 3583 1413 3650 μὲν
1446 3585 1727 3654 χρώμενος
1770 3588 2043 3656 ἀγγέλοις,
2078 3584 2236 3639 τοῦτο
2274 3584 2330 3636 δε
2358 3582 2465 3635 τῶν
2491 3579 2793 3652 ἀνθρώπων
2838 3581 2948 3643 τοῖς
2992 3580 3361 3652 σεμνοτέροις,
3412 3581 3507 3636 νῦν
3541 3583 3600 3637 δὲ

354 3677 520 3739 αὐτὸς
561 3677 781 3745 ὰμέσως
816 3679 885 3730 δι’
925 3676 1117 3730 ἑαυτοῦ
1154 3679 1249 3729 καὶ
1296 3679 1431 3747 πρὸς
1472 3679 1646 3731 πάντα
1686 3681 1964 3752 χρώμενος
1990 3682 2191 3750 ἐαυτῷ.

429 3772 728 3840 Σκοπῶμεν
772 3772 879 3839 γάρ
911 3770 1137 3825 ἄνωθεν.
1183 3771 1309 3824 Ἐπὶ
1348 3772 1425 3841 τῷ
1466 3773 1637 3826 σῶσαι
1687 3777 1747 3829 τὸ
1775 3779 1930 3845 γένος

352 3862 459 3915 οὐκ
500 3861 734 3929 ἄγγελον
786 3861 1053 3930 ἔπεμψεν,
1121 3860 1236 3913 ἀλλ’
1267 3862 1429 3925 αὐτὸς
1476 3864 1753 3934 ἐλήλυθεν·
1820 3868 1931 3921 ἔδει

361 3955 556 4025 μαθεῖν
589 3954 718 4015 τοὺς
771 3953 1114 4022 ἀνθρώπους,
1152 3952 1289 4021 ὑπὲρ
1337 3946 1412 4005 ὧν
1464 3954 1717 4020 ἀφίκετο,
1750 3957 1841 4007 καὶ
1867 3958 1927 4009 οὐ

357 4046 506 4099 κατὰ
558 4045 740 4114 χώραν
789 4044 971 4110 μένων
1025 4042 1408 4112 μετεπέμπετο
1455 4045 1581 4106 τοὺς
1633 4045 1935 4116 ἀκουσομέ-

360 4136 844 4198 νου;,άλλάύτὸς
897 4136 1079 4204 ἐζήτει
1106 4132 1359 4205 περιιὼν,
1416 4129 1493 4196 οἷς
1551 4133 1618 4187 ἂν
1678 4137 1935 4208 μεταδοίη

2107 3774 2531 3831 Consideremus
2566 3787 2678 3828 rem
2717 3772 2901 3828 altius.
2942 3771 3023 3826 Ad
3063 3772 3384 3828 salvandum
3430 3789 3602 3844 genus

2036 3867 2335 3921 humanum
2365 3881 2471 3920 non
2504 3865 2758 3935 angelum
2811 3864 2979 3938 misit,
3014 3865 3109 3919 sed
3149 3865 3269 3934 ipse
3314 3866 3480 3920 venit.
3511 3864 3605 3920 Di-

2037 3973 2187 4012 scere
2201 3958 2486 4028 oportebat
2510 3956 2761 4011 homines
2788 3969 2897 4024 qua
2916 3951 2983 4008 de
3016 3969 3180 4010 causa
3207 3956 3460 4020 venisset,
3492 3971 3600 4009 non

2037 4049 2220 4116 itaque
2253 4048 2308 4099 in
2334 4047 2552 4113 regione
2580 4053 2726 4099 certa
2762 4044 3092 4105 subsistens,
3120 4043 3402 4098 audituros
3424 4058 3604 4097 accer-

2041 4142 2185 4204 sivit,
2223 4138 2317 4192 sed
2350 4138 2467 4205 ipse
2498 4150 2624 4188 oras
2657 4148 2952 4202 peragrans
2983 4133 3253 4201 qnazsivit,
3288 4148 3427 4202 quos
3481 4148 3602 4187 ser-

357 4231 471 4282 τῶν
501 4227 695 4294 λόγων.
732 4229 840 4280 Καὶ
891 4227 960 4279 τὰ
992 4226 1225 4296 μέγιστα
1284 4227 1393 4279 τῶν
1419 4226 1638 4294 ἀγαθῶν
1691 4229 1786 4280 ἐπὶ
1835 4230 1934 4299 τῆς

2040 4247 2260 4288 monum
2312 4242 2535 4285 suorum
2565 4226 2861 4295 participes
2902 4226 3124 4289 faceret,
3157 4224 3604 4299 amplissimaque

356 4319 612 4388 γλώττης
637 4319 879 4387 κομίζων
902 4318 993 4370 ἐπὶ
1020 4317 1117 4379 τὰς
1143 4317 1313 4387 Θύρας
1357 4317 1556 4388 ἐχώρει
1606 4316 1714 4370 τῶν
1744 4317 1803 4371 εὖ
1834 4337 1938 4371 πα-

360 4410 478 4463 θεῖν
505 4409 797 4479 δεομένων,
825 4410 919 4461 καὶ
973 4410 1079 4479 μὴν
1134 4410 1231 4461 καὶ
1285 4410 1413 4471 τοὺς
1443 4408 1735 4473 νοσοῦντας
1767 4409 1939 4474 οὕτως

376 4503 496 4554 ἰᾶτο
520 4498 969 4568 παραγενόμενο;
1031 4498 1194 4561 αὐτὸς
1232 4502 1325 4551 καὶ
1377 4501 1561 4569 χειρὸς
1613 4502 1936 4569 ἁπτόμενος,

361 4591 462 4643 καὶ
503 4587 814 4656 ὀφθαλμοὺς
850 4587 1203 4656 ἐδημιούργει
1224 4588 1607 4657 γεγεννημένῳ
1636 4589 1840 4658 τυρλῷ,
1860 4588 1937 4659 τῷ

363 4679 650 4750 προσώπῳ
684 4679 856 4746 πηλὸν
882 4678 1178 4741 ἐπιϐαλὼν,
1214 4678 1274 4731 δν
1307 4679 1466 4740 αὐτὸς
1506 4678 1718 4731 οἴκοθεν
1748 4680 1938 4748 ἐποίη-

361 4788 430 4824 σε
465 4769 678 4832 πτύσας
723 4773 801 4832 είς
844 4770 943 4839 τὴν
992 4770 1094 4837 γῆν
1166 4771 1259 4821 καὶ⁵
1316 4770 1394 4838 τῷ
1439 4770 1685 4840 δακτύλῳ
1739 4770 1934 4840 μάξας,

363 4861 634 4924 ἀνείλετο,
671 4878 689 4911 ι
724 4862 832 4913 Καὶ
856 4861 1200 4928 προσέπλασε
1228 4861 1322 4912 καὶ
1354 4859 1531 4930 ἥψατο
1556 4862 1653 4928 τῆς
1687 4859 1870 4928 σοροῦ,
1912 4879 1931 4912 ι

364 4952 529 5021 φησὶ,
559 4952 655 5003 καὶ
678 4950 879 5018 επέστη
910 4948 986 5018 τῷ
1017 4949 1173 5017 τάφῳ
1205 4948 1477 5016 Λαζάρου,
1503 4941 1598 5001 καὶ
1627 4965 1814 5017 φωνην
1841 4949 1937 5016 έγο

361 5044 537 5112 γύθεν
564 5043 767 5111 ἀφῆκε,
800 5042 978 5094 καίτοι
1027 5042 1121 5093 καὶ
1173 5041 1456 5112 πόριἐωθεν
1484 5040 1643 5111 εἴπερ
1687 5041 1940 5095 ὲὸούλετο

362 5135 514 5203 λόγῳ
538 5134 630 5185 καὶ
674 5132 904 5202 νεύματι
940 5133 1110 5201 μόνῳ,
1161 5135 1255 5185 καὶ
1285 5133 1458 5186 ταῦτα
1490 5134 1584 5187 καὶ
1639 5136 1708 5187 τά
1734 5134 1939 5187 τούτων

360 5226 455 5279 ἔτι
493 5225 664 5293 μείζω
729 5225 907 5277 πάντα
959 5222 1026 5276 ἂν
1080 5223 1459 5292 εἰργασμένος,
1494 5224 1551 5285 ὃς
1600 5240 1663 5290 γε
1712 5225 1814 5283 καὶ,
1849 5228 1940 5278 τὸν

359 5316 573 5386 τρόπον
603 5315 788 5366 τοῦτον
815 5314 1092 5381 ἐποίησεν.
1135 5312 1294 5365 Ἀλλά
1350 5313 1411 5364 τὸ
1443 5313 1542 5381 μὲν
1600 5314 1666 5367 ἂν
1712 5310 1781 5384 ἦν
1839 5316 1940 5389 τῆς

363 5406 544 5462 αὑτοῦ
574 5406 860 5475 δυνάμεως
899 5405 1195 5475 τεκμήριον
1227 5405 1475 5474 ἐναργὲς,
1523 5407 1699 5459 ἐκεῖνο
1737 5406 1795 5459 δὲ
1840 5407 1938 5478 τῆς

449 5589 495 5622 ’³
527 5589 665 5645 Gen.
688 5603 750 5650 tt,
780 5585 831 5640 7.
936 5586 982 5617 "
1006 5583 1162 5639 Joan.
1198 5601 1291 5650 xx,
1323 5585 1414 5639 22.

364 5664 392 5695 ³
433 5660 592 5715 Joan.
636 5674 708 5719 Ix,
734 5658 787 5710 6.
866 5654 886 5687 ³
917 5653 1075 5708 Joan.
1112 5671 1188 5711 xi.
1224 5655 1247 5707 1
1298 5671 1442 5725 seqq.

475 5744 520 5786 .
601 5777 865 5835 l’unoe.
903 5775 1018 5835 (in.
1056 5772 1187 5832 (LL.

1521 5589 1566 5622 '7
1599 5587 1778 5645 Galat.
1809 5605 1882 5657 tv,
1922 5589 1975 5645 6.

2035 4326 2179 4380 bona
2237 4322 2291 4376 in
2351 4322 2533 4388 lingua
2583 4329 2831 4388 portans,
2879 4317 3161 4371 bencliciis
3194 4317 3466 4386 egentium
3501 4317 3602 4372 do-

2036 4431 2154 4470 mos
2181 4412 2426 4467 intravit.
2455 4411 2604 4478 Quin
2633 4418 2687 4463 et
2727 4415 3059 4478 aegrotantes
3108 4408 3190 4463 sic
3237 4408 3354 4477 ipse
3388 4407 3600 4472 adiens,

2034 4520 2313 4574 manuque
2358 4470 2733 4576 contreaans,
2777 4501 2930 4555 bona:
2968 4499 3269 4555 valetudini
3299 4499 3601 4555 restituit’.

2037 4600 2105 4654 Ει
2142 4598 2332 4653 oculos
2382 4596 2513 4649 fecit
2570 4609 2716 4649 caeco
2756 4603 2909 4657 nato,
2958 4592 3131 4646 lutum
3183 4592 3421 4653 illinens,
3458 4590 3605 4658 quod

2041 4690 2157 4759 ipse
2194 4703 2320 4743 eum
2357 4687 2411 4741 in
2444 4685 2935 4759 terram‘spuisset,
2967 4692 3022 4737 et
3062 4683 3232 4752 digito
3274 4681 3604 4750 subegisset,

2041 4780 2277 4843 sustulit,
2342 4785 2397 4832 et
2469 4778 2675 4832 allevit.
2762 4795 2782 4828 ι
2834 4776 2902 4829 Et
2942 4775 3194 4848 accessit,
3268 4772 3463 4842 inquit,
3553 4781 3609 4827 et

2044 4871 2222 4939 tetigit
2267 4870 2567 4925 loculum‘.
2608 4889 2627 4921 ι
2663 4871 2725 4923 Et
2761 4871 2910 4923 venit
2955 4867 3021 4920 ad
3069 4876 3474 4919 monumentum
3508 4862 3611 4916 La—

2046 4960 2179 5025 zari,
2219 4959 2807 5027 vocemque-cominus
2857 4956 3043 5012 emisit
3081 4956 3124 5009 ⁸.
3180 4953 3500 5023 Quanquam
3557 4965 3612 5009 et

2045 5052 2257 5122 procul,
2299 5053 2344 5106 si
2384 5052 2667 5115 voluisset,
2696 5060 2750 5104 et
2776 5049 2965 5109 verbo,
3007 5053 3060 5100 et
3088 5052 3222 5099 nutu
3247 5045 3364 5098 solo
3386 5053 3440 5098 et
3471 5046 3605 5110 haec,

2046 5149 2101 5193 et
2160 5140 2243 5194 bis
2283 5140 2491 5210 majora
2545 5138 2725 5193 omnis
2765 5144 3017 5206 operatus
3065 5144 3232 5198 esset,
3281 5135 3372 5204 qui
3413 5136 3609 5190 cualum

2046 5244 2262 5298 quoque
2292 5229 2398 5283 hoc
2428 5230 2586 5283 modo
2608 5227 2872 5283 condidit.
2922 5225 3116 5279 Verum
3146 5225 3249 5279 hoc
3277 5225 3396 5294 ejus
3423 5235 3615 5295 poten-

2036 5318 2126 5372 tiae
2164 5329 2542 5387 argumentum
2586 5318 2810 5373 evidens
2850 5316 3060 5380 fuisset,
3093 5316 3226 5372 illud
3258 5317 3612 5391 benignitatis

2039 5406 2141 5462 fuit
2172 5408 2459 5475 indicium,
2491 5423 2653 5479 quam
2684 5408 3154 5463 demonstraturus
3177 5415 3417 5464 venerat.
3436 5406 3613 5472 Atque

3188 5588 3200 5619 '
3234 5571 3364 5640 Luc.
3394 5598 3489 5650 vtl,
3523 5584 3607 5644 Η.

2086 5590 2131 5624 ’⁸
2175 5590 2308 5649 Gen.
2350 5590 2469 5658 1,3.
2577 5588 2689 5646 “ll
2734 5583 2857 5645 Cor.
2901 5605 2978 5654 tv,
3020 5586 3071 5644 6.

3136 5770 3216 5828 20
