4134 6314
505 359 617 427 619

1773 365 2081 427 NICOLAI
2115 368 2155 428 C
2169 369 2498 430 ABASIL/E

3651 381 3769 448 6‘20

505 485 668 542 etiam
720 486 862 558 apud
907 483 1113 542 inferos
1139 486 1354 541 vinctos
1381 483 1586 539 exsolvi
1625 499 1750 540 cum
1789 496 2074 555 oporteret

2197 491 2610 559 φιλανθρωπίας
2661 494 2908 564 σημεῖον,
2981 494 3047 565 ἣν
3115 495 3521 566 ἐπιδειξάμενος
3562 494 3766 568 ἦλθεν.

506 590 687 649 partes
717 593 811 634 cas
860 592 966 632 non
1001 577 1230 646 angelis,
1279 587 1370 630 aut
1407 575 1750 643 archangelis
1787 577 2082 637 comu:isit.

509 670 603 722 sed
647 669 877 736 ipsemet
911 667 963 720 in
1000 681 1274 722 careerem
1305 667 1600 720 descendit.
1641 667 1885 734 Cumque
1911 668 2087 735 capti—

506 771 605 809 vos
629 771 737 810 non
765 757 954 826 gratis,
991 757 1081 810 sed
1115 757 1290 823 pretio
1321 757 1560 824 recipere
1591 755 1892 810 libertatem
1920 759 2087 826 aequi—

510 858 592 904 tas
620 850 939 918 postularet,
971 848 1236 917 sanguine
1267 849 1544 916 persoluto
1582 864 1676 903 eos
1711 849 1930 918 eripuit.
1969 849 2086 904 Hoc

509 944 671 997 modo
724 945 847 998 inde
902 959 1076 1014 usque
1126 943 1191 997 ad
1233 951 1535 997 extremum
1591 943 1734 996 diem
1769 959 1798 996 a
1847 943 2085 1012 peccatis

507 1037 721 1098 liberat,
759 1050 971 1103 prunam
1019 1034 1264 1097 dimittit,
1318 1043 1370 1087 et
1411 1033 1597 1087 sordes
1632 1035 1937 1088 animarum
1983 1051 2082 1088 no-

508 1138 744 1182 strarum
791 1127 948 1181 eluit.
1002 1127 1212 1180 Etenim
1267 1126 1381 1195 ipse
1425 1139 1508 1180 est
1560 1127 1648 1196 qui
1680 1137 1891 1196 purgat.
1929 1127 2080 1193 Quod

506 1221 707 1274 Paulus
743 1220 1016 1283 indicans,
1082 1238 1098 1268 ι
1139 1218 1241 1271 Per
1279 1219 1540 1286 seipsum,
1575 1219 1766 1287 inquit,
1804 1221 2080 1289 purgatio-

501 1329 624 1367 nem
667 1322 1012 1382 peccatorum
1042 1311 1269 1371 faciens.
1333 1312 1481 1366 sedet.
1515 1311 1580 1364 ad
1625 1313 1864 1366 dextram
1910 1311 2082 1377 maje-

503 1405 658 1458 slatis
683 1406 733 1457 itt
761 1404 995 1459 excelsis
1022 1402 1064 1456 ⁸.
1095 1421 1114 1454 ι
1146 1403 1374 1472 PrOpter
1406 1403 1519 1456 haec
1537 1412 1589 1454 et
1616 1402 1922 1455 ministrum
1955 1420 2078 1455 «eum

503 1495 756 1564 appellat,
802 1503 855 1547 et
907 1495 1018 1562 ipse
1075 1503 1246 1547 semet
1300 1494 1722 1556 ministrantem,
1781 1502 1840 1546 et
1888 1509 1914 1544 a
1974 1492 2083 1546 Deo

503 1587 664 1640 Patre
697 1585 920 1639 missum
948 1586 1002 1637 in
1037 1586 1321 1647 ﬂ'llllltllllll,
1353 1596 1409 1636 ιιι
1436 1585 1794 1637 ministraret.
1821 1585 2084 1651 Quodque

504 1681 835 1745 praecipuum
867 1685 952 1729 est
987 1676 1255 1736 omnium,
1291 1690 1396 1729 non
1439 1677 1488 1727 in
1523 1675 1623 1728 hac
1656 1676 1764 1728 vita
1797 1675 2080 1738 duntaxat,

503 1769 722 1838 quando
756 1782 879 1820 cum
916 1766 1156 1819 humana
1186 1766 1501 1844 intirmitate
1525 1766 1675 1818 visus
1707 1775 1812 1831 est,
1837 1775 1890 1818 et
1911 1767 2080 1828 venit,

503 1877 612 1915 non
670 1870 728 1912 ut
774 1860 1046 1928 judicaret
1095 1857 1382 1921 mundum,
1430 1867 1540 1910 tum
1587 1873 1708 1926 qua:
1762 1858 1905 1910 servi
1953 1865 2078 1910 sunt

502 1954 774 2024 priestitit,
807 1963 862 2005 et
913 1966 1036 2021 qua:
1078 1949 1289 2004 Domini
1339 1959 1487 2016 sunt,
1535 1951 1822 2004 abscondit
1871 1951 2077 2018 omnia,

500 2049 596 2101 sed
627 2047 737 2116 jam
772 2045 934 2098 etiam
962 2045 1014 2097 in
1047 2041 1253 2103 futuro,
1280 2042 1504 2111 quando
1533 2057 1655 2095 rum
1685 2041 1890 2095 virtute
1915 2042 2078 2095 adve-

499 2139 634 2200 niet,
665 2147 860 2191 etcum
888 2145 1108 2206 paterna
1133 2134 1301 2202 gloria
1335 2133 1640 2202 apparebit,
1669 2133 1720 2186 in
1745 2133 2074 2195 ostensione,

499 2229 554 2282 in
592 2242 754 2296 regno
793 2241 938 2279 suo:
989 2243 1007 2276 ι
1047 2224 1348 2292 Praeeinget
1409 2240 1488 2287 se,
1543 2224 1740 2292 inquit,
1808 2233 1863 2277 et
1915 2222 2078 2277 faciet

499 2321 623 2374 illos
653 2318 1016 2380 discumbere,
1050 2326 1105 2370 et
1139 2316 1409 2370 transiens
1437 2317 1768 2370 ministrabit
1813 2315 1921 2370 illis
1945 2319 2012 2370 “.
2050 2332 2069 2365 ι

424 2415 428 2421 ’
495 2411 708 2476 Merito,
735 2426 830 2480 per
854 2425 1012 2480 quem
1047 2424 1198 2480 reges
1224 2419 1476 2477 regnant,
1507 2418 1560 2462 et
1597 2407 1865 2476 principes
1901 2407 2074 2476 impe-

453 2515 641 2576 .rant.
692 2504 807 2558 Hoc
840 2505 1039 2573 quippe
1093 2503 1256 2556 modo
1309 2514 1570 2569 germano
1623 2514 1860 2567 veroque
1904 2513 2074 2567 regno

496 2598 764 2668 regnavit,
822 2594 937 2665 ipse
981 2593 1082 2648 sibi
1111 2594 1188 2659 ,ad
1253 2607 1478 2662 regnum
1537 2590 1833 2655 suﬁiciens,
1883 2599 1937 2644 et
1995 2591 2074 2644 sic

497 2691 658 2753 rexit,
695 2703 926 2758 quorum
972 2687 1337 2756 principatum
1369 2683 1609 2738 obtinuit
1640 2701 1651 2734 :
1685 2683 1911 2736 hilarior
1947 2683 2072 2751 qui-

495 2782 618 2836 dem
665 2779 720 2832 in
769 2779 1001 2838 amicos.
1045 2774 1286 2829 severior
1333 2774 1402 2827 in'
1443 2773 1737 2841 principes,
1773 2780 1827 2825 et
1866 2773 2072 2839 majore

496 2880 682 2927 amare
713 2886 876 2940 quam
914 2877 1090 2938 pater,
1123 2876 1176 2921 et
1206 2875 1264 2919 ut
1296 2880 1355 2920 se
1381 2865 1554 2934 magis
1581 2874 1873 2934 cognatum
1905 2879 2067 2933 quam

495 2964 799 3018 membrum
831 2959 1117 3023 membris,
1151 2969 1203 3013 et
1229 2958 1392 3013 corde
1431 2958 1552 3026 ipso
1590 2958 1762 3026 magis
1813 2971 2070 3010 necessa-

495 3058 639 3110 rium
692 3055 1016 3115 declararet,
1051 3065 1161 3105 non
1197 3049 1375 3104 timori
1414 3047 1636 3111 cedens,
1661 3064 1766 3102 non
1823 3049 2070 3103 mercede

2194 585 2314 637 Ἔτι
2345 585 2524 637 τοίνυν
2551 585 2674 647 τοὺς
2715 587 2773 637 ὲν
2810 586 2971 656 ’ᾼδου
3005 586 3291 657 δεσμώτας
3353 589 3460 644 ἔδει
3509 591 3766 663 λυθῆναι,

2189 677 2363 730 καὶτὸ
2387 677 2676 745 ἓργονούκ
2701 679 3000 747 ἐπέτρεψεν
3031 679 3283 746 ἀγγέλοις
3319 681 3352 753 ἢ
3383 684 3495 743 τοῖς
3533 683 3768 755 ἄρχουσι

2186 768 2294 821 τῶν
2324 769 2594 836 ἀγγέλων,
2636 769 2751 821 ἀλλ’
2777 771 2938 833 αὐτὸς
2961 771 3232 838 κατῆλθεν
3279 775 3358 836 είς
3392 774 3452 826 τὸ
3481 773 3769 847 δεσμωτήο

2189 878 2326 930 ριον.
2383 861 2523 924 Τοὺς
2563 861 2944 931 αἰχμαλώτους
2997 864 3097 931 τὴν
3137 865 3452 935 ἐλευθερίαν
3509 868 3656 931 εἰκὸς
3693 865 3767 941 ἦν

2186 953 2245 1005 οὐ
2270 955 2470 1022 προῖκα
2504 952 2706 1016 λαϐεῖν,
2743 954 2856 1006 ἀλλ’
2884 956 3246 1023 ἐωνημένους,
3271 958 3364 1009 καὶ
3389 957 3504 1011 λύει
3534 959 3594 1012 τὸ
3623 956 3769 1030 αἷμα

2186 1044 2530 1097 καταϐαλών·
2579 1045 2768 1098 τοῦτον
2802 1045 2890 1097 τὸν
2937 1047 3136 1114 τρόπον
3183 1047 3255 1106 Δὲξ
3281 1048 3488 1102 ἐκείνου
3535 1053 3629 1103 καὶ
3664 1055 3769 1115 ,είς

2185 1137 2281 1205 τὴν
2315 1136 2549 1206 ἐσχάτην
2583 1137 2795 1205 ἡμέραν
2824 1137 3154 1191 ἀπαλλάττει
3190 1142 3282 1192 καὶ
3311 1140 3541 1211 εὐθύνης
3568 1145 3766 1212 ἀφίησι

2188 1227 2282 1280 καὶ
2345 1227 2517 1295 ῥύπου
2580 1229 2679 1288 τὰς
2719 1227 2898 1297 ψυχὰς
2936 1228 3254 1290 ἀποκλύζει.
3319 1230 3430 1285 Καὶ
3464 1233 3572 1302 γὰρ
3602 1235 3766 1296 αὑτός
3805 1279 3808 1286 .

2187 1321 2353 1382 ἐστιν,
2384 1313 2428 1387 ᾧ
2456 1319 2726 1388 καθαίρει,
2763 1321 2900 1389 ὅπερ
2953 1323 2981 1372 6
3009 1319 3213 1384 Παῦλος
3236 1321 3432 1390 δηλῶν,
3468 1344 3487 1374 ι
3533 1324 3611 1376 Δι’
3633 1326 3763 1377 ἑαυ-

2184 1413 2301 1477 τοῦ,
2329 1414 2484 1481 φησὶ,
2535 1413 2880 1482 καθαρισμὸν
2921 1414 3287 1481 ποιησάμενος
3338 1415 3445 1490 τῶν
3477 1417 3763 1485 ἁμαρτιῶν

2185 1504 2363 1572 ἡμῶν,
2394 1503 2648 1557 ἐκάθισεν
2671 1505 2727 1556 ἐν
2747 1504 2896 1574 δεξιᾷ
2921 1503 3012 1554 τοῦ
3039 1504 3232 1573 θρόνου
3263 1507 3360 1572 τῆς
3385 1507 3763 1579 μεγαλοσύνης

2187 1597 2244 1646 ὲν
2277 1597 2388 1657 τοῖς
2413 1596 2683 1664 οὐρανοῖς.
2729 1614 2748 1646 ι
2811 1596 2910 1648 Διά
2943 1595 3116 1648 ταῦτα
3164 1596 3259 1648 καὶ
3304 1596 3550 1651 διάκονον
3599 1599 3762 1652 αὑτὸν

2192 1689 2350 1742 καλεῖ
2377 1688 2473 1742 καὶ
2503 1687 2664 1750 αὐτὸς
2718 1688 2911 1740 ἑαυτὸν
2948 1685 3327 1752 διακονοῦντα,
3381 1689 3478 1743 καὶ
3541 1692 3634 1743 ἐπὶ
3683 1691 3762 1761 τῷ

2195 1782 2514 1848 διακονῆσαι
2555 1777 2707 1848 παρὰ
2737 1778 2832 1830 τοῦ
2879 1778 3090 1846 Πατρὶς
3117 1780 3196 1840 είς
3227 1779 3316 1830 τὸν
3346 1780 3548 1844 κόσμον
3573 1780 3764 1850 ὲληλυο

2191 1879 2362 1934 θέναι,
2397 1873 2493 1926 καὶ
2519 1874 2580 1924 τὸ
2634 1870 2892 1940 μέγιστον
2946 1869 3228 1932 ἁπάντων,
3262 1871 3323 1922 ού
3381 1872 3490 1942 γὰρ
3525 1872 3617 1924 ἐπὶ
3667 1872 3760 1926 τοῦ

2189 1968 2458 2036 παρόντος
2496 1964 2678 2034 μόνον,
2717 1962 2806 2014 ὅτε
2832 1961 2968 2028 μετά
2992 1961 3093 2028 τῆς
3112 1959 3458 2027 ἀνθρωπείας
3478 1962 3764 2026 ἀσθενείας

2189 2059 2365 2126 ἐφάνη
2406 2056 2501 2106 καὶ
2533 2048 2720 2121 ἦλθεν,
2759 2050 2856 2119 οὐχ
2902 2050 2990 2102 ἵνα
3046 2049 3206 2121 κρίνῃ
3235 2049 3325 2103 τὸν
3387 2051 3604 2119 κόσμον,
3667 2053 3764 2106 καὶ

2183 2151 2250 2202 τά
2282 2148 2388 2201 τών
2426 2145 2630 2198 δούλων
2683 2142 3030 2194 ἐπεδείκνυτο
3079 2142 3173 2194 καὶ
3216 2141 3285 2195 τὰ
3325 2142 3417 2194 τοῦ
3481 2143 3755 2197 Δεσπότου

2186 2242 2364 2294 πάντα
2397 2237 2776 2305 ἀπέκρυπτεν,
2802 2231 2917 2284 ἀλλ’
2946 2232 3045 2301 ἤδη
3082 2231 3176 2284 καὶ
3203 2231 3296 2284 ἐπὶ
3319 2231 3412 2285 τοῦ
3447 2233 3751 2301 μέλλοντος,

2183 2333 2272 2385 ὅτε
2312 2333 2450 2399 μετά
2475 2326 2763 2393 δυνάμεως
2794 2324 3048 2390 ἀφίξεται
3084 2323 3180 2374 καὶ
3235 2324 3375 2391 μετὰ
3411 2323 3509 2392 τῆς
3560 2341 3760 2394 πατρι-

2185 2423 2283 2491 κῆς
2311 2420 2558 2488 φανεῖται
2581 2416 2759 2483 δόξης,
2786 2415 2875 2466 ἐπὶ
2903 2414 3001 2481 τῆς
3027 2414 3369 2477 ἀναδείξεως,
3403 2414 3499 2466 ἐπὶ
3544 2415 3639 2483 τῆς
3669 2415 3762 2483 βα-

2186 2509 2390 2570 σιλείας
2416 2507 2586 2573 αὐτῆς
2611 2519 2634 2570 °_
2668 2523 2686 2554 ι
2729 2501 3122 2572 ΙΙεριζώσεται,
3164 2505 3317 2570 φησὶ,
3366 2504 3462 2555 καὶ
3487 2504 3764 2557 ἀνακλινεῖ

2183 2601 2404 2665 αὐτοὺς,
2438 2602 2533 2652 καὶ
2568 2595 2857 2666 παρελθὼν
2892 2595 3202 2661 διακονήσει
3240 2594 3441 2656 αὐτοῖς·
3478 2613 3498 2645 ο
3529 2596 3764 2658 εἰκότως

2180 2693 2247 2747 δι’
2273 2687 2332 2748 οἵ)
2375 2692 2615 2762 βασιλεῖς
2669 2687 3018 2758 βασιλεύουσι
3059 2690 3152 2740 καὶ
3207 2687 3458 2756 τύραννοι
3494 2689 3762 2757 κρατοῦσι

2181 2789 2305 2854 γῆς.
2333 2785 2534 2838 Τοῦτον
2563 2784 2672 2852 γάρ
2707 2783 2798 2833 τὸν
2829 2782 3030 2848 τρόπον
3065 2781 3165 2848 τὴν
3200 2781 3447 2850 καθαρὰν
3498 2784 3592 2833 καὶ
3619 2782 3762 2850 ἀλη-

2182 2876 2334 2944 θινὴν
2370 2875 2684 2927 ἐϐασίλευσε
2721 2871 3022 2942 βασιλείαν,
3085 2872 3246 2934 αὐτὸς
3273 2873 3452 2942 ἑαυτῷ
3481 2874 3616 2942 πρδς
3659 2873 3764 2941 τὴν

2183 2965 2458 3034 βασιλείαν
2495 2964 2754 3032 ἀρκέσας,
2787 2963 2882 3015 καὶ
2931 2960 3104 3024 οὕτως
3139 2963 3365 3032 ἤγαγεν,
3419 2957 3495 3016 ὧν
3527 2964 3764 3033 ἐκράτη-

2181 3071 2292 3117 σεν,
2324 3051 2650 3122 ἱλαρώτερον
2683 3052 2781 3120 μὲν
2810 3051 3002 3118 φίλων,
3029 3053 3418 3128 ἀκριϐέστερον
3447 3052 3504 3105 δὲ
3553 3054 3758 3121 τυράν-

495 3147 617 3217 capi
647 3160 705 3199 se
734 3145 966 3215 patiens,
999 3144 1091 3196 sed
1123 3143 1352 3213 ipsemet
1375 3141 1479 3196 sibi
1515 3139 1753 3210 potentia
1783 3140 1933 3210 regni
1965 3141 2070 3205 sui,

2186 3163 2316 3209 νων,
2346 3145 2550 3213 πατρὸς
2573 3143 2952 3212 φιλοστοργότε
2965 3159 3073 3210 ρον,
3103 3143 3283 3210 μελῶν
3325 3145 3760 3213 συμφυέστερον,

496 3250 552 3294 et
602 3238 753 3294 solus
811 3237 926 3306 ipse
975 3235 1078 3290 sibi
1131 3234 1379 3290 subditos
1439 3233 1802 3304 obstringens.
1855 3232 2078 3288 'l'imore

493 3331 662 3394 enim,
725 3337 821 3384 aut
905 3329 1158 3401 mercede
1233 3338 1456 3397 accepta
1517 3341 1770 3396 regnare,
1827 3321 2074 3396 profecto
2114 3384 2132 3395 _

495 3435 604 3474 non
631 3429 715 3475 est
743 3419 922 3488 ipsum
956 3433 1204 3488 regnare,
1249 3436 1262 3472 :
1301 3418 1394 3472 sed
1426 3432 1549 3486 spes
1571 3414 1637 3471 et
1659 3419 1822 3470 mina:
1853 3417 1919 3471 de
1943 3407 2075 3472 οιαὶ

491 3525 579 3569 cta
603 3499 909 3569 obe‘dientia
936 3512 1260 3568 accusanda:
1291 3521 1440 3566 sunt.
1470 3510 1940 3576 Quemadmodum
1975 3512 2076 3581 igi-

494 3615 582 3659 tur
613 3621 719 3658 non
770 3605 1011 3674 legitime
1049 3611 1261 3671 regnat,
1309 3603 1397 3656 cui
1443 3617 1676 3670 regnare
1710 3612 1794 3657 est
1828 3605 2072 3670 aliunde,

494 3696 573 3749 sic
620 3710 798 3764 neque
828 3709 954 3748 vere
1006 3693 1114 3746 Deo
1149 3693 1440 3758 servimus,
1476 3693 1523 3748 si
1568 3694 1752 3762 aliquo
1801 3695 2071 3750 dictorum

493 3783 783 3840 modorum
814 3783 1046 3851 subjecti
1080 3799 1292 3839 sumus.

562 4051 702 4119 Quia
732 4063 862 4106 vero
894 4063 1121 4104 necesse
1167 4055 1286 4104 erat
1319 4047 1496 4118 ipsum
1534 4048 1905 4106 sincerissimo
1960 4051 2066 4105 im-

492 4147 646 4216 perio
695 4159 924 4216 regnare
954 4142 1077 4215 (nec
1101 4143 1244 4197 enim
1275 4152 1393 4197 erat
1425 4142 1507 4196 fas
1541 4143 1695 4214 alio),
1730 4145 1938 4200 iuvirnit
1959 4163 2068 4214 quo

493 4250 652 4309 pacto
683 4239 734 4293 id
765 4240 1076 4308 perliceret.
1112 4235 1177 4290 Et
1205 4237 1291 4290 hic
1335 4237 1530 4293 modus
1557 4247 1674 4291 erat
1703 4241 2066 4294 admiratione

491 4331 870 4404 dignissimus.
917 4329 1262 4386 Contrariam
1318 4329 1522 4398 quippe
1567 4330 1710 4383 viam
1762 4332 1952 4385 tenuit.
2005 4331 2070 4385 Et

493 4435 549 4478 nt
572 4438 735 4477 verus
760 4421 1024 4474 Dominus
1069 4429 1232 4477 esset.
1263 4429 1512 4474 naturam
1543 4422 1684 4474 servi
1719 4424 1981 4491 suscepit,
2013 4433 2068 4478 et

492 4511 669 4569 servis
703 4508 1054 4573 ministravit,
1086 4523 1258 4581 usque
1299 4509 1365 4562 ad
1402 4517 1632 4562 mortem
1663 4510 1863 4565 erucis.
1895 4510 1960 4566 Et
1989 4514 2067 4568 sic
2104 4498 2148 4552 D

489 4610 702 4664 animas
732 4620 1017 4662 servorum
1051 4604 1213 4672 cepit,
1247 4613 1300 4658 et
1340 4603 1670 4657 voluntatem
1707 4603 1859 4658 nullo
1891 4604 2064 4658 admi-

488 4701 676 4756 niculo
721 4699 777 4754 in
828 4704 1155 4766 potestatem
1213 4695 1442 4766 redegit.
1479 4695 1655 4762 Hujus
1687 4695 1760 4748 rei
1803 4696 1974 4763 gratia
2011 4702 2066 4749 et

486 4793 715 4859 Paulus,
748 4792 929 4847 sciens
959 4788 1063 4843 hoc
1086 4788 1444 4842 ministerium
1467 4803 1589 4842 esse
1611 4802 1832 4840 causam
1865 4787 2015 4856 regni
2044 4826 2060 4850 ,

492 4905 510 4936 ι
537 4886 673 4953 Quia
709 4882 1020 4938 humiliavit
1064 4880 1443 4948 semetipsum,
1487 4879 1681 4946 inquit,
1725 4878 1900 4931 factus
1931 4880 2062 4932 obe-

485 4978 639 5030 diens
660 4989 831 5042 usque
855 4973 920 5026 ad
941 4978 1194 5034 mortem,
1213 4980 1447 5022 mortem
1477 4980 1658 5026 autem
1687 4968 1885 5022 crucis.
1919 4969 2058 5022 Pro-

487 5075 603 5135 pter
620 5065 832 5135 quodet
851 5064 991 5118 Deus
1010 5061 1267 5116 exaltavit
1283 5059 1433 5112 illum
1453 5061 1492 5110 ⁵.
1522 5077 1540 5108 ι
1564 5060 1628 5112 Et
1649 5058 1816 5112 Isaias
1846 5076 1858 5112 :
1884 5077 1903 5109 ι
1925 5057 2058 5112 Pro-

486 5167 604 5226 pter
638 5155 783 5224 quod
813 5155 928 5222 ipse
959 5152 1303 5207 haereditabit
1331 5149 1554 5211 multos,
1586 5160 1638 5202 et
1661 5148 1880 5204 fortium
1914 5151 2059 5205 divi-

485 5248 577 5302 det
596 5244 767 5314 spolia
799 5261 811 5296 :
843 5259 939 5312 pro
965 5259 1031 5297 eo
1063 5242 1206 5313 quod
1238 5239 1528 5295 tradiditin
1560 5249 1786 5294 mortem
1817 5242 2054 5296 animam

485 5352 666 5402 suam,
697 5349 821 5387 cum
857 5334 1061 5403 iniquis
1099 5343 1382 5402 reputatus
1413 5342 1496 5387 est
1517 5333 1556 5384 °.
1595 5350 1614 5382 ι
1655 5329 1890 5401 Propter
1933 5335 2055 5402 pri-

489 5443 632 5483 mam
669 5425 814 5481 enitn
866 5423 1280 5480 fabricationem
1335 5424 1585 5480 Christus
1613 5436 1817 5478 naturae
1858 5433 2059 5479 nostrae

487 5520 752 5574 Dominus
803 5525 910 5572 est.
962 5515 1193 5585 Propter
1249 5506 1445 5571 novatn
1511 5527 1691 5570 autem
1746 5528 2053 5571 creaturam

487 5613 823 5668 voluntatem
866 5607 1118 5678 subegit;
1146 5607 1292 5677 quod
1347 5623 1472 5664 vere
1509 5609 1764 5664 estinter
1805 5608 2057 5664 homines

561 5798 582 5831 ⁸
607 5797 772 5856 llebr.
810 5813 852 5866 ι,
879 5799 934 5855 '5.
1010 5796 1051 5830 “
1083 5795 1231 5856 Luc.
1266 5813 1362 5866 xu,
1411 5797 1500 5853 57.

2180 3237 2408 3304 καρδίας
2439 3235 2883 3302 ἀναγκαιότερον,
2920 3235 2982 3288 οὐ
3016 3234 3170 3304 φόϐῳ
3205 3234 3424 3299 κλίνων,
3463 3237 3527 3288 οὐ
3573 3235 3759 3306 μισθῷ

2175 3327 2550 3397 δουλούμενος,
2583 3327 2698 3380 ἀλλ’
2728 3326 2889 3389 αὐτὸς
2943 3325 3019 3378 ὢν
3055 3325 3234 3394 ἑαυτῷ
3266 3326 3496 3396 δύναμις
3524 3328 3624 3395 τῆς
3655 3328 3760 3398 ἁρ-

2179 3422 2282 3491 χῆς
2307 3421 2402 3474 καὶ
2435 3420 2596 3489 μόνος
2629 3421 2792 3481 αὐτὸς
2814 3418 2992 3487 ἑαυτῷ
3019 3419 3305 3471 συνάπτων
3335 3421 3463 3482 τοὺς
3515 3421 3760 3490 ἀρχομέο

2177 3531 2325 3576 νους.
2372 3512 2443 3564 Τὸ
2471 3511 2580 3580 γὰρ
2605 3511 2755 3580 φόϐῳ
2809 3511 2842 3580 ἦ
2903 3510 3272 3580 μισθούμενον
3315 3510 3618 3578 βασιλεύειν
3656 3514 3760 3567 οὐκ

2176 3607 2338 3660 αὐτόν
2364 3606 2510 3658 ἐστιν
2555 3605 2630 3666 ὼς
2663 3603 2880 3672 ἀληθῶς
2930 3604 3145 3671 ἄρχειν,
3181 3602 3318 3656 ἀλλά
3373 3603 3472 3673 τῆς
3507 3605 3760 3672 ὑπακοῆς

2175 3697 2274 3758 τὰς
2301 3693 2523 3756 ἐλπίδας
2553 3692 2834 3746 αἰτιᾶσθαι
2883 3691 2968 3743 δεῖ
3021 3690 3115 3742 καὶ
3142 3690 3240 3752 τὰς
3272 3691 3524 3752 ἀπειλάς·
3564 3691 3756 3758 ὥσπερ

2171 3789 2356 3840 τοίνυν
2391 3788 2491 3838 ούκ
2519 3785 2582 3838 ἂν
2614 3783 2771 3854 ἄρχοι
2803 3783 3028 3853 κυρίως,
3055 3774 3102 3849 ᾧ
3131 3782 3190 3834 τὸ
3217 3785 3441 3850 κρατεῖν
3467 3782 3754 3850 ἑτέρωθεν,

2174 3878 2346 3941 οὕτως
2370 3877 2490 3930 οὐδὲ
2511 3874 2785 3929 δουλεύειν
2809 3875 2953 3927 ἔστιν
2986 3873 3059 3936 ὡς
3086 3873 3302 3942 ἀληθῶς
3329 3873 3408 3942 τῷ
3439 3873 3580 3944 Θεῷ,
3599 3876 3758 3926 ὲπειυ

2173 3968 2268 4024 δάν
2287 3971 2425 4023 κατά
2445 3986 2565 4022 τινα
2597 3966 2706 4019 τῶν
2735 3965 3043 4036 είρημένων
3075 3965 3504 4034 ὑποταττώμεθα
3531 3966 3754 4034 τρόπον.

2260 4062 2417 4115 Ἐπεὶ
2491 4063 2549 4114 δὲ
2601 4061 2861 4129 ἔδειίτὴν
2905 4058 3305 4130 καθαρωτάτην
3366 4057 3542 4128 ἀρχὴν
3593 4057 3756 4110 αὑτὸν

2176 4152 2482 4222 βασιλεύειν
2535 4153 2616 4220 (ού
2655 4153 2772 4220 γὰρ
2799 4146 2866 4221 ἦν
2908 4149 3056 4211 size;
3105 4149 3203 4217 τὴν
3256 4146 3502 4217 ἑτέραν),
3533 4147 3755 4214 ἐξεῦρεν

2168 4246 2314 4307 ὅπως
2349 4243 2556 4298 avom.
2598 4243 2709 4296 Kal.
2739 4236 2894 4304 οὗτος
2928 4237 2998 4312 ἦν
3024 4242 3052 4292 6
3082 4241 3284 4309 τρόπος
3329 4241 3354 4292 6
3384 4239 3753 4309 παραδοξότα-

2173 4352 2286 4398 τος.
2319 4336 2443 4396 Τοῖς
2475 4334 2584 4402 γὰρ
2611 4333 2876 4395 ἐναντίοις
2911 4333 3204 4402 ἐχρήσατο,
3232 4331 3328 4384 καὶ
3358 4331 3445 4384 ἵνα
3467 4331 3750 4400 Δεσπότης

2176 4427 2379 4496 ἀληθὴς
2414 4421 2470 4496 ᾗ,
2499 4425 2688 4478 δούλου
2719 4425 2934 4495 δέχεται
2992 4426 3155 4492 φύσιν
3206 4425 3299 4476 καὶ
3348 4424 3587 4475 διακονεῖ
3635 4427 3750 4481 τοῖς

2174 4518 2382 4580 δούλοις
2411 4518 2574 4586 μέχρι
2611 4515 2852 4586 σταυροῦ
2898 4515 2996 4568 καὶ
3043 4515 3294 4574 θανάτου,
3334 4513 3426 4565 καὶ
3452 4510 3594 4563 οὕτω
3642 4511 3746 4574 τὰς

2173 4610 2350 4680 ψυχὰς
2379 4610 2486 4662 τῶν
2523 4608 2726 4660 δούλων
2759 4608 2906 4676 αἱρεῖ
2953 4608 3046 4660 καὶ
3088 4606 3188 4676 τὴν
3245 4603 3454 4670 θέλησιν
3515 4604 3748 4671 ἀμέσως

2175 4701 2482 4772 χειροῦται.
2537 4700 2743 4753 Τούτου
2772 4701 2935 4769 χάριν
2993 4699 3088 4750 καὶ
3121 4698 3330 4760 Παῦλος
3391 4695 3594 4764 ταύτην
3650 4695 3750 4766 τὴν

2175 4794 2460 4847 διακονίαον
2493 4792 2596 4860 τὴν,
2627 4791 2808 4843 αἰτίαν
2834 4789 2988 4850 είδὼς
3021 4784 3161 4841 εἶναι
3191 4789 3292 4856 τῆς
3320 4785 3616 4855 βασιλείας,
3669 4787 3748 4839 ὅτι

2174 4902 2193 4936 ι
2233 4884 2636 4937 Ἐταπείνωσεν
2691 4881 2908 4946 ἑαυτὸν,
2939 4877 3105 4948 φησι,
3164 4879 3456 4947 γενόμενος
3509 4879 3746 4946 ὑπήκοος

2168 4971 2336 5040 μέχρι
2372 4971 2640 5036 θανάτου,
2682 4972 2779 5022 καὶ
2808 4967 3040 5021 θανάτου
3075 4967 3330 5036 σταυροῦ,
3386 4968 3473 5019 διά
3513 4968 3670 5019 τοῦτο
3715 4968 3746 5020 6

2167 5062 2297 5122 Θεὸς
2323 5061 2486 5115 αὐτὸν
2517 5059 2846 5130 ὑπερύψωσε
2873 5074 2886 5088 ·
2919 5077 2939 5110 ι
2964 5057 3058 5110 καὶ
3090 5059 3116 5108 ὁ
3146 5056 3460 5124 θαυμαστὸς
3475 5057 3703 5118 Ἡσαΐας
3723 5072 3739 5086 ⁸

2166 5174 2185 5207 ι
2219 5155 2316 5208 Διά
2343 5152 2503 5206 τοῦτο
2543 5152 2728 5216 αὐτὸς,
2756 5150 2915 5220 φησι,
2958 5147 3361 5218 κληρονομήσει
3392 5144 3621 5210 πολλοὺς
3643 5145 3736 5200 καὶ

2165 5247 2276 5299 τῶν
2321 5244 2559 5314 ίσχυρῶν
2598 5245 2776 5313 μεριεῖ
2823 5241 3018 5304 σκῦλα,
3064 5240 3183 5292 ἀνθ’
3231 5233 3307 5290 ὧν
3337 5239 3610 5307 παρεδόθη
3662 5239 3743 5300 είς

2168 5338 2396 5392 θάνατον
2431 5337 2464 5405 ἡ
2495 5335 2641 5405 ψυχὴ
2667 5333 2830 5387 αὐτοῦ
2863 5334 2958 5385 καὶ
2987 5331 3124 5400 μετὰ
3155 5330 3377 5400 ἀνόμων
3404 5329 3682 5397 ἐλογίσθη.
3715 5347 3734 5379 ι

2168 5430 2269 5482 Διά
2316 5430 2414 5498 μὲν
2439 5427 2552 5496 γὰρ
2587 5426 2685 5495 τὴν
2722 5423 2945 5493 πρώτην
2971 5423 3337 5492 δημιουργίαν
3393 5421 3493 5489 τῆς
3519 5420 3737 5488 φύσεως

2167 5519 2322 5586 ἡμῶν
2354 5520 2381 5569 6
2412 5517 2646 5587 Χριστὸς
2672 5516 2972 5584 Δεσπότης,
2998 5513 3087 5566 διὰ
3112 5513 3168 5565 δὲ
3197 5514 3318 5581 τὴν·
3337 5510 3531 5580 καινὴν
3561 5511 3742 5564 κτίσιν

2165 5609 2264 5679 τῆς
2294 5607 2520 5678 γνώμης
2556 5609 2886 5683 ἐκράτησεν,
2941 5607 3078 5676 ὅπερ
3127 5607 3272 5660 ἐστὶν
3313 5603 3617 5672 ἀνθρώπων
3663 5603 3743 5667 ώς

1576 5798 1595 5832 ⁸
1635 5798 1867 5871 Philipp.
1910 5814 1966 5867 ιι,
2001 5801 2054 5855 8.
2130 5799 2149 5832 ⁸
2182 5799 2288 5854 lsa.
2328 5815 2439 5865 Lm,
2487 5798 2570 5852 12.
