4196 6308
437 254 541 321 62!

1482 256 1599 317 .DE
1627 257 1804 320 VITA
1832 254 1913 316 IN
1953 257 2288 323 numero
2330 265 2480 328 Lm.
2513 241 2607 326 1'v.

3593 281 3704 343 6.9.2

438 371 660 445 ἀληθῶς
709 370 1046 443 βασιλεύειν,
1112 371 1204 427 ὅτε
1264 372 1365 443 τὴν
1421 373 1564 429 κατά
1622 373 1715 425 τὸν
1766 372 2027 444 λογισμὸν

2135 390 2387 445 regnare,
2448 376 2664 446 quando
2703 376 2983 433 arbitrium
3023 381 3271 447 rationis,
3319 393 3375 439 et
3404 386 3702 444 voluntatis

440 464 694 532 ἐξουσίαν
731 464 828 517 καὶ
853 463 954 532 τὴν
981 462 1083 532 τῆς
1133 461 1365 533 γνώμης
1420 461 1772 532 αὐτονομίαν,
1797 455 1846 515 ’ἃ
1879 465 2024 516 ποιεῖ

442 556 535 611 τδν
566 555 884 626 ἄνθρωπον,
913 553 1154 608 ἐνταῦθα
1183 554 1503 626 καταδήσας
1527 557 1623 608 καὶ
1661 555 2022 626 δουλωσάμε-

445 667 537 713 νος
552 650 781 720 ἤγαγεν,
813 647 953 719 ὑπὲρ
982 639 1045 700 οὗ
1072 648 1195 717 καί,
1235 667 1253 700 ι
1277 648 1466 719 Ἐδόθη
1493 667 1582 720 μοι
1602 651 1752 703 πᾶσα
1782 650 2020 716 ἐξουσία,

448 743 636 812 φησὶν,
670 742 727 793 ὲν
766 739 983 810 οὐρανῷ
1027 741 1125 794 καὶ
1171 743 1264 796 ἐπὶ
1330 741 1428 812 τῆς
1476 741 1601 811 γῆς,
1642 724 1782 806 {eg
1843 741 1906 811 δή
1970 758 2024 794 τι

450 832 637 890 καινὸν
663 831 853 886 παθὼν
881 832 909 885 6
937 831 1045 902 πρὸ
1066 831 1174 886 τῶν
1222 832 1434 886 αἰώνων
1459 835 1553 888 τοῦ
1588 835 1795 905 κόσμου
1823 835 2026 888 Δεσπό-

451 942 572 994 της.
605 926 688 978 ὅτι
721 923 861 995 μετά
888 923 998 976 τῶν
1030 924 1089 977 ἐν
1109 924 1324 995 οὐρανῷ
1372 928 1523 997 καὶὴ
1561 928 1670 980 τῶν
1717 927 2024 997 ἀνθρώπων

451 1019 612 1090 φύσις
639 1019 732 1071 τὸν
759 1016 939 1070 κοινὸν
971 1017 1186 1085 ἐπέγνω
1233 1018 1527 1087 Δεσπότην.
1604 1019 1714 1074 Kal
1771 1018 1880 1088 μὴν
1932 1019 2027 1072 καὶ

448 1110 508 1163 τὸ
542 1108 637 1162 τοῦ
665 1107 833 1161 Δαὸὶδ
863 1109 1062 1169 ἐκεῖνο,
1097 1127 1116 1160 ι
1177 1108 1560 1162 Ἐϐασίλευσεν
1609 1112 1636 1162 6
1672 1109 1808 1170 Θεὸς
1842 1110 1936 1162 ἐπὶ
1959 1109 2028 1163 τὰ

448 1201 603 1271 ἔθνη,
648 1218 668 1253 ι
724 1199 929 1270 ταύτην
970 1200 1118 1254 ἐστὶν
1153 1200 1533 1271 αἰνιττομένου
1590 1200 1688 1268 τὴν
1723 1201 2025 1271 βασιλείαν,

450 1294 574 1349 καθ’
600 1294 668 1366 ῆν
697 1294 766 1347 τά
792 1292 970 1363 ἔθνη-ι
1000 1291 1268 1362 σύσσωμα
1289 1293 1368 1362 τῷ
1400 1292 1614 1362 Σωτῆρι
1653 1293 1747 1347 καὶ
1781 1286 2027 1361 συμμέτ·

448 1405 549 1457 οχα
584 1405 603 1438 ι
644 1384 854 1449 Παῦλός
893 1401 1054 1455 φησι.
1080 1385 1171 1454 Τῷ
1200 1385 1311 1455 γὰρ
1350 1384 1494 1439 οὕτω
1522 1387 1638 1448 τοῖς
1679 1384 1902 1455 σώμασι
1936 1385 2029 1437 καὶ

448 1481 568 1541 ταῖς
600 1477 798 1548 ψυχαῖς
826 1475 1086 1541 καθάπαξ
1137 1477 1381 1547 ἡνῶσθαι
1423 1477 1486 1530 οὐ
1516 1477 1785 1547 σωμάτων
1844 1477 2028 1547 μόνον,

450 1570 591 1624 ἀλλὰ
626 1569 723 1622 καὶ
760 1568 971 1639 ψυχῶν,
1002 1572 1097 1623 καὶ
1134 1569 1512 1640 προαιρέσεων
1550 1569 1791 1638 κατέστη
1818 1568 2029 1621 Δεσπό-

453 1678 576 1732 της,
612 1663 707 1715 καὶ
729 1664 922 1732 κρατεί
949 1664 1049 1732 τὴν
1074 1662 1149 1724 ὡς
1178 1660 1397 1731 ἀληθῶς
1429 1661 1681 1731 αὐτάρκη
1735 1660 1831 1713 καὶ
1861 1659 2032 1713 καθα-

456 1752 556 1822 ραν
579 1750 884 1823 βασιλείαν,
916 1751 1078 1815 αὐτὸς
1109 1752 1257 1819 ἄγων
1277 1749 1346 1804 δι’
1376 1751 1571 1807 ἑαυτοῦ
1602 1752 1858 1821 καθάπερ
1884 1748 2030 1821 ψυχὴ

454 1845 615 1914 σῶμα
638 1844 732 1897 καὶ
780 1843 922 1914 μέλη
951 1843 1184 1914 κεφαλή.
1229 1843 1490 1913 Ἀγονται
1530 1843 1639 1915 γὰρ
1690 1844 1740 1897 οἳ
1779 1845 2030 1914 στέργειν

452 1937 548 1990 τὸν
574 1937 739 2005 ζυγὸν
761 1936 1027 2019 ᾠήθησαν
1046 1937 1254 2002 τοῦτον,
1320 1936 1512 2007 ῶσπερ
1543 1937 1643 1991 οὐκ
1703 1937 1859 1991 αὐτοὶ
1887 1936 2031 2006 λόγῳ

457 2025 907 2093 συζῶντεε,ούδὲ
970 2026 1346 2098 προαιρέσεως
1406 2025 1659 2088 συνόντες
1708 2024 2029 2094 αὐτονομίᾳ.

458 2136 481 2171 t
517 2117 818 2188 Κτηνώδης
844 2118 976 2188 γὰρ,
1011 2119 1202 2188 φησὶν,
1230 2117 1502 2188 ἐγενόμην
1542 2118 1693 2188 παρά
1748 2120 1853 2180 σοὶ,
1882 2135 1901 2168 ι
1934 2117 2032 2168 καὶ

452 2210 613 2264 τοῦτό
646 2212 767 2264 ἐστι
819 2210 918 2278 τὴν
942 2210 1127 2281 ψυχήν
1170 2227 1292 2264 τινα
1323 2209 1422 2281 τὴν
1451 2210 1647 2264 ἑαυτοῦ
1684 2210 1915 2279 μισῆσαι
1938 2209 2032 2261 καὶ

453 2303 721 2355 ἀπολέσαι
746 2301 838 2355 καὶ
867 2300 937 2355 δι’
961 2297 1037 2355 ὧν
1065 2301 1330 2356 ἀπόλλυσι
1394 2301 1587 2366 σῶσαι,
1641 2302 1770 2354 ὅταν
1798 2300 2027 2372 οῦτωςή

453 2393 618 2463 καινὴ
647 2395 896 2466 κρατήσῃ
928 2393 1128 2458 κτίσις,
1153 2394 1247 2447 καὶ
1279 2395 1307 2446 6
1342 2393 1525 2458 καινὸς
1543 2395 1713 2465 Ἀδάμ
1743 2394 2032 2447 παντάπα-

454 2502 541 2538 σιν
564 2484 858 2556 ἀποκρύψῃ
881 2488 972 2538 τὸν
999 2484 1254 2553 παλαιὸν,
1287 2487 1383 2541 καὶ
1412 2486 1538 2539 οὔτε
1570 2488 1878 2555 γεννήσεως
1904 2484 2030 2539 οὔτε

452 2575 598 2646 ζωῆς
630 2575 754 2629 οὔτε
781 2575 1040 2646 τελευτῆς
1069 2577 1225 2632 οὐδὲν
1262 2579 1361 2649 τῆς
1413 2580 1652 2644 παλαιᾶς
1679 2581 2029 2651 ⁸περιλειφθῇ

451 2669 652 2741 ζύμης-

526 2761 770 2836 Καὶμγάρ
793 2758 869 2831 τῷ
896 2761 1108 2833 παλαιῷ
1148 2762 1249 2833 μὲν
1272 2763 1380 2818 ἀπὸ
1414 2766 1516 2836 τῆς
1544 2764 1647 2835 γῆς
1687 2764 1920 2834 συνέστη
1972 2766 2033 2818 τὸ

458 2852 637 2922 σῶμα,
665 2855 692 2906 6
728 2853 783 2906 δὲ
816 2854 935 2918 νέος
970 2856 1038 2909 ὲκ
1069 2855 1227 2921 Θεοῦ,
1258 2856 1450 2927 φησὶν,
1480 2858 1773 2926 ἐγεννήθη,
1801 2858 1898 2910 καὶ
1927 2857 2032 2924 τῆς

456 2944 600 3015 ζωῆς
624 2944 682 2997 δὲ
726 2946 1000 3017 ἑκατέρας
1051 2947 1367 3018 ήτράπεξα
1418 2949 1712 3021 μαρτύρων
1767 2949 2030 3019 ὲκατέραυ

2131 465 2463 532 libertatem,
2508 484 2625 538 quze
2679 470 2954 525 hominem
3017 471 3245 539 faciunt,
3285 476 3372 529 hic
3428 478 3603 532 vinxit
3649 491 3705 535 et

2133 559 2358 614 subacta
2395 561 2569 614 duxit.
2618 560 2776 628 lline,
2813 582 2833 613 ‹
2878 561 3010 616 Data
3058 577 3141 620 est
3171 565 3302 620 mihi
3337 569 3518 622 omnis
3552 546 3705 637 pote.-

2132 657 2267 709 sms,
2301 649 2499 718 inquit,
2534 649 2588 703 in
2640 652 2779 706 εωιο
2812 660 2866 705 et
2911 655 2962 707 in
3005 655 3230 722 terra";
3268 674 3287 707 ι
3324 656 3466 710 velut
3506 673 3702 711 novum

2132 740 2385 807 quiddam
2414 742 2518 795 sibi
2547 744 2836 798 accidisset
2859 756 2983 800 ante
3011 747 3208 800 szucula
3239 750 3422 804 mundi
3447 747 3702 812 Domino,

2130 833 2390 899 quoniam
2438 848 2561 888 eum
2619 835 2933 892 emlestibus
2997 840 3160 893 etiam
3212 838 3451 894 humana
3508 851 3703 893 natura

2130 939 2478 978 communem
2524 924 2811 980 Dominum
2844 930 3089 997 agnovit.
3120 928 3260 1007 Quin
3292 940 3346 985 et
3377 932 3506 985 illud
3550 932 3706 985 Davi-

2128 1017 2213 1071 dis
2250 1033 2264 1068 :
2296 1035 2317 1068 ι
2347 1017 2615 1087 Regnabit
2656 1016 2795 1072 Deus
2818 1036 2982 1087 super
3000 1032 3188 1090 gentes
3214 1023 3258 1085 ⁸,
3293 1041 3312 1075 ι
3349 1023 3451 1078 hoc
3476 1039 3702 1094 regnum

2127 1107 2326 1171 innuit,
2364 1110 2663 1161 secundum
2690 1109 2833 1176 quod
2863 1119 3056 1179 gentes
3088 1114 3510 1182 coneorporales
3553 1125 3701 1181 sunt,

2124 1205 2182 1250 et
2215 1197 2649 1266 comparticipcs,
2700 1210 2758 1252 ut
2798 1197 3001 1252 Paulus
3030 1201 3173 1253 ait'.
3214 1201 3346 1254 Nam
3386 1204 3533 1272 quod
3578 1219 3704 1259 eor-

2127 1289 2351 1357 porihus
2381 1297 2434 1343 et
2465 1290 2754 1347 animabus
2794 1293 2954 1347 simul
2988 1302 3041 1348 et
3072 1297 3239 1350 semel
3265 1296 3336 1348 ita
3369 1296 3558 1349 unitus
3592 1304 3698 1358 est,

2128 1376 2233 1429 hoc
2265 1392 2371 1429 non
2399 1392 2685 1444 corporum
2736 1380 2921 1439 modo.
2974 1380 3069 1434 sed
3126 1385 3431 1436 animarum
3483 1396 3702 1452 quoque

2130 1473 2185 1519 et
2211 1466 2548 1521 voluntatum
2586 1467 2875 1523 Dowiuum
2901 1472 3047 1536 fecit,
3084 1474 3402 1542 obtinetque
3432 1489 3558 1528 vere
3586 1474 3704 1538 suf-

2130 1555 2321 1613 ﬁciens
2355 1570 2412 1613 et
2444 1558 2715 1627 integrum
2749 1576 2997 1629 regnum,
3035 1565 3148 1633 ipse
3185 1565 3313 1619 illud
3340 1581 3437 1633 per
3464 1580 3524 1620 se
3559 1567 3701 1620 sicut

2116 1646 2311 1705 .anima
2369 1662 2587 1716 corpus,
2641 1659 2696 1704 et
2740 1654 2983 1708 membra
3035 1656 3368 1726 gubernans.
3418 1656 3702 1726 Reguntur

2068 1721 2106 1773 Β
2126 1741 2295 1806 enim,
2319 1741 2413 1810 qui
2444 1742 2546 1795 hoc
2565 1742 2755 1811 jugum
2789 1748 3263 1814 eomplectendum
3288 1749 3700 1815 existimarunt,

2126 1837 2287 1904 quasi
2320 1849 2424 1889 non
2456 1850 2578 1890 cum
2630 1854 2727 1891 sua
2780 1842 2990 1894 ratione
3056 1843 3323 1897 viverent.
3364 1857 3461 1896 nec
3516 1841 3704 1895 volun-

2133 1931 2244 1978 tate
2293 1924 2463 1978 lihera
2513 1936 2817 1983 uterentur.
2854 1931 2944 1985 Ait
2973 1933 3118 1988 enim

2132 2012 2308 2069 factus
2338 2031 2457 2071 sum
2489 2019 2629 2086 apud
2649 2028 2703 2075 te
2724 2021 2791 2075 ὀ.
2835 2040 2853 2074 ι
2884 2023 2951 2078 Et
2983 2024 3087 2080 hoc
3118 2037 3202 2082 est
3236 2028 3472 2099 aliquem
3504 2033 3708 2098 odisse,

2132 2115 2186 2161 et
2218 2107 2443 2176 perdere
2480 2112 2720 2165 animum
2771 2129 2949 2179 suam,
2982 2125 3036 2170 et
3068 2118 3197 2186 quia
3222 2121 3426 2189 perdit,
3463 2138 3707 2185 servare,

2133 2198 2355 2268 quando
2413 2200 2489 2254 ita
2549 2202 2826 2256 dominata
2884 2204 3050 2260 fuerit
3131 2224 3271 2264 nova
3330 2221 3607 2279 creatura,
3656 2222 3714 2269 et

2134 2304 2309 2344 novus
2331 2290 2502 2346 Adam
2524 2294 2859 2350 omnimodis
2890 2307 3127 2354 veterem
3160 2305 3515 2371 oppresserit,
3545 2307 3712 2361 nihil-

2133 2396 2240 2449 que
2286 2382 2679 2452 grnerationis,
2735 2386 2872 2440 nihil
2911 2388 3058 2454 vitae,
3113 2390 3250 2450 nihil
3297 2396 3514 2463 mortis,
3568 2398 3709 2454 nihil

2134 2473 2336 2529 veteris
2365 2472 2619 2528 fermenti
2646 2474 2897 2530 relictum
2935 2476 3125 2532 fuerit.

2205 2742 2420 2799 Etenim
2474 2756 2647 2803 veteri
2705 2747 2931 2816 quidem
2983 2748 3198 2806 Adamo
3242 2759 3458 2809 eterra
3509 2769 3713 2825 corpus

2133 2851 2577 2912 coagmentatum
2627 2853 2752 2911 est;
2799 2860 2974 2900 novus
3017 2857 3200 2902 autem
3251 2846 3319 2902 ex
3350 2847 3481 2913 Deo,
3514 2848 3713 2918 inquit,

2134 2944 2295 2988 natus
2339 2943 2440 3001 est,
2486 2936 2776 3006 utriusque
2816 2938 2944 2993 vitae
2985 2947 3216 3009 utraque
3243 2954 3431 2995 mensa
3464 2943 3716 2996 testimo-

452 3035 553 3106 τὴν
583 3037 683 3106 μὲν
710 3039 820 3107 γάρ
845 3038 1051 3108 ἀνῆκεν
1089 3038 1122 3109 ή
1153 3038 1253 3108 γῆ,
1291 3038 1384 3094 τὸν
1426 3039 1484 3093 δὲ
1524 3040 1712 3093 καινὸν
1745 3039 2030 3111 ἄνθρωπον

2141 3026 2292 3079 nium
2343 3035 2451 3081 est.
2494 3023 2647 3080 Illam
2679 3026 2903 3096 quidem
2951 3028 3112 3084 tellus
3161 3028 3469 3096 submittit;
3510 3045 3715 3086 novum

448 3131 479 3183 6
506 3130 830 3202 ἐπουράνιος
864 3131 974 3185 ἀπὸ
1004 3131 1115 3186 τῶν
1160 3132 1381 3187 οἰκείων
1410 3133 1602 3202 τρέφει
1656 3134 1897 3204 σαρκῶν.
1928 3133 2029 3188 Διά

449 3221 626 3275 ταῦτα
662 3221 756 3273 καὶ
776 3221 1103 3283 ἀναλύοντες
1132 3221 1162 3273 6
1195 3220 1295 3290 μὲν
1316 3223 1397 3282 είς
1421 3221 1520 3290 τὴν
1559 3220 1663 3290 γῆν
1698 3219 2028 3291 ἐπανῆλθεν,

449 3312 511 3379 ἐξ
554 3304 625 3383 ἧς
657 3312 950 3383 προῆλθεν,
995 3313 1023 3364 6
1070 3311 1128 3364 δὲ
1159 3311 1242 3375 είς
1287 3312 1381 3365 τὸν
1412 3310 1667 3381 ¹Χριστὸν
1721 3310 2026 3381 ἐχώρησεν,

448 3405 576 3461 ὅθεν
602 3406 837 3476 ἐλήφθη,
866 3405 963 3459 καὶ
984 3405 1052 3474 τῇ
1074 3403 1169 3458 τοῦ
1201 3402 1628 3474 προενεγκόντος
1651 3404 1794 3475 ἀρχῇ
1827 3405 2030 3459 κατάλ-

449 3495 614 3566 ληλον
654 3496 919 3566 ἑκάτερος
945 3497 1183 3550 ποιεῖται
1221 3494 1321 3566 τὴν
1351 3494 1631 3566 τελευτήν·
1687 3513 1707 3553 ι
1743 3491 1871 3559 Οἷος
1894 3496 2026 3569 γὰρ,

453 3588 645 3658 φησιν,
698 3588 726 3639 6
752 3586 959 3658 χοῖκδς,
1012 3583 1247 3639 τοιοῦτοι
1281 3586 1375 3640 καὶ
1406 3586 1457 3638 οἱ
1493 3586 1690 3656 χοϊκοί,
1741 3588 1839 3641 καὶ
1866 3582 1978 3651 οἷος
2001 3590 2030 3642 6

450 3676 802 3746 ἐπουράνιος,
826 3676 1058 3730 τοιοῦτοι
1089 3677 1184 3730 καὶ
1215 3677 1264 3729 οἱ
1298 3676 1633 3747 ἐπουράνιοι,
1665 3695 1684 3729 ο
1720 3679 1816 3733 καὶ
1841 3679 1901 3732 ού
1930 3680 2031 3749 τῆς

450 3773 634 3842 ψυχῆς
670 3769 836 3824 ἕνεκα
870 3769 1055 3840 μόνον,
1078 3767 1217 3823 ἀλλὰ
1245 3770 1345 3822 καὶ
1384 3768 1480 3822 τοῦ
1528 3769 1783 3840 σώματος
1837 3771 2025 3825 αὑτοῦ.

453 3865 566 3918 Καὶ
591 3862 725 3917 αὐτὸ
776 3862 888 3932 γὰρ
922 3862 1275 3933 ιπουράνιον,
1330 3860 1581 3933 καθάπερ
1626 3864 1687 3915 τὸ
1747 3862 2031 3932 συναμφό·

450 3971 615 4026 τερον
647 3955 764 4007 ἐκεῖ
793 3954 1000 4024 χοῖκόν·
1036 3954 1072 4023 ἥ
1102 3970 1161 4007 τε
1188 3953 1297 4025 γὰρ
1323 3951 1471 4024 ψυχὴ
1524 3955 1625 4015 τὰς
1673 3955 1861 4023 χεῖρας
1892 3955 2032 4006 οἰκεῖ

451 4048 550 4101 τοῦ
584 4045 914 4117 ἐπουρανίου
950 4048 1011 4099 τό
1043 4062 1104 4099 τε
1136 4046 1298 4116 σῶμα
1326 4045 1490 4116 μέλος
1535 4044 1768 4110 ἐκείνου,
1806 4048 1901 4099 καὶ
1923 4046 2028 4114 ψυσ

453 4142 564 4211 χῆς
595 4141 694 4210 μὲν
723 4139 785 4193 οὐ
817 4139 1061 4208 μετέχει,
1091 4137 1186 4192 τοῦ
1210 4139 1269 4193 δὲ
1291 4137 1495 4204 ζῶντος
1531 4138 1841 4209 πνεύματος
1871 4138 2031 4210 γέμει

456 4233 555 4287 καὶ
580 4232 647 4303 ζῇ
681 4230 816 4302 μετά
851 4233 950 4300 τὴν
970 4229 1230 4300 τελευτὴν
1253 4231 1350 4300 τῆς
1369 4231 1646 4303 προτέρας
1685 4231 1828 4301 ζωῆς
1849 4231 1959 4285 οὐδ’
1979 4231 2034 4285 ὄ-

455 4341 552 4379 σον
589 4325 767 4377 εἰπεῖν
798 4322 1027 4389 καλλίω,
1056 4321 1182 4374 ἐπεὶ
1231 4320 1357 4392 μηδ’
1382 4321 1660 4375 ἀπέθανεν
1686 4320 1904 4390 ἀληθῶς
1933 4321 2034 4389 τὴν

2138 3126 2319 3171 autem
2368 3117 2646 3172 hominem
2681 3119 2920 3174 caelestis
2952 3120 3021 3176 de
3053 3137 3152 3178 sua
3179 3137 3345 3179 carne
3377 3124 3497 3178 alit.
3531 3123 3717 3192 Quare

2135 3216 2192 3264 et
2243 3223 2369 3263 cum
2416 3209 2818 3275 dissolvuntur,
2868 3210 2961 3265 ille
2994 3212 3050 3266 in
3086 3221 3289 3288 terram
3316 3216 3478 3280 redit,
3505 3232 3573 3273 ex
3606 3234 3718 3289 qua

2138 3303 2340 3373 prodiit
2372 3321 2387 3359 :
2416 3302 2508 3358 hic
2554 3303 2621 3358 ad
2670 3303 2950 3359 Christum
2998 3305 3168 3373 vadit,
3220 3311 3363 3365 unde
3398 3323 3716 3382 assumptus

2138 3403 2243 3459 est,
2289 3403 2345 3449 et
2385 3403 2616 3463 uterque
2656 3392 2911 3463 dignitati
2960 3393 3238 3454 eﬂectoris
3270 3399 3357 3454 sui
3386 3400 3547 3457 ﬁnem
3581 3418 3718 3459 con-

2138 3497 2335 3557 gruum
2432 3482 2585 3537 facit.
2625 3499 2646 3534 ι
2700 3483 2891 3558 Qualis
2960 3487 3107 3540 enim
3174 3475 3388 3565 inquit,
3445 3500 3718 3561 terrenus,

2136 3576 2276 3631 tales
2314 3582 2369 3629 et
2417 3576 2644 3639 terreni,
2699 3583 2755 3629 et
2782 3575 2962 3645 qualis
2985 3577 3245 3643 ctelestis,
3286 3582 3423 3636 tales
3462 3590 3516 3637 et
3553 3583 3721 3639 ctele-

2139 3665 2316 3721 stes“
2345 3682 2362 3733 ;
2398 3683 2419 3718 ι
2457 3677 2573 3720 nec‘
2600 3674 2827 3737 propter
2857 3667 3100 3723 animam
3142 3679 3380 3736 tantum,
3413 3674 3507 3729 sed
3551 3676 3718 3732 etiam

2138 3769 2360 3828 propter
2387 3772 2586 3827 corpus
2609 3757 2825 3827 ipsum;
2859 3774 2988 3814 nam
3019 3770 3075 3817 et
3103 3762 3283 3832 ipsum
3314 3765 3559 3833 coaleste,
3590 3782 3721 3838 quo-

2137 3853 2300 3905 modo
2347 3859 2641 3920 utrumque
2700 3851 2778 3907 ibi
2834 3853 3002 3907 simul
3053 3863 3353 3912 terrenum.
3410 3858 3480 3915 Et
3531 3849 3720 3917 a'nima

2138 3941 2343 4009 quippe
2389 3941 2444 3994 in
2475 3942 2729 3996 manibus
2761 3943 2975 3998 habitat
3016 3946 3281 4013 caelestis,
3311 3957 3370 4003 et
3398 3963 3600 4020 corpus
3635 3965 3721 4010 est

2138 4036 2447 4090 membrum
2478 4036 2645 4093 illius.
2681 4037 2749 4092 Et
2772 4039 3013 4094 animam
3044 4041 3265 4109 quidem
3297 4059 3406 4098 non
3439 4046 3625 4111 habet,
3660 4057 3720 4101 at

2139 4130 2335 4199 spiritu
2372 4127 2606 4184 viventis
2646 4130 2867 4199 plenum
2907 4141 3025 4199 est;
3067 4141 3123 4189 et
3170 4146 3298 4204 post
3329 4138 3488 4192 linem
3519 4141 3717 4209 prioris

2139 4221 2262 4274 vitae
2318 4220 2532 4276 felicius
2575 4222 2710 4278 vivit
2746 4238 2911 4294 quam
2952 4224 3060 4279 dici
3089 4229 3288 4296 possit;
3322 4230 3590 4296 siquidem
3617 4247 3721 4289 nec

2142 4328 2267 4370 vere
2320 4325 2596 4369 mortuum
2650 4325 2740 4372 est
2783 4318 3030 4374 omnino.
3089 4322 3180 4374 Ait
3232 4322 3380 4376 enim
3429 4324 3716 4392 Salomon,

456 4415 656 4485 ἀρχήνο
690 4432 709 4465 t
731 4410 961 4479 Ἕδοξαν
983 4412 1114 4483 γὰρ,
1138 4413 1271 4483 φησι
1290 4411 1565 4483 Σολομὼν,
1593 4411 1868 4480 τεθνάναι,
1896 4431 1915 4464 ι
1940 4413 2030 4466 καὶ

2142 4426 2164 4461 ι
2202 4406 2317 4464 Visi
2369 4419 2498 4480 sunt
2532 4410 2695 4473 mori,
2732 4427 2753 4461 ι
2790 4425 2892 4465 nec
2938 4411 2993 4466 id
3033 4413 3395 4483 sapientibus,
3447 4419 3542 4473 sed
3579 4437 3598 4471 ι
3633 4421 3720 4474 in-

455 4507 518 4559 οὺ
552 4508 666 4569 τοῖς
693 4504 756 4557 εὖ
783 4504 1093 4575 φρονοῦσιν,
1118 4523 1139 4557 t
1160 4504 1276 4559 ἀλλ’
1302 4504 1360 4557 ὲν
1384 4504 1634 4574 ἀφρόνων
1662 4504 1983 4574 ὀφθαλμοῖς.
2011 4522 2030 4556 ι

460 4599 732 4671 Καθάπερ
764 4598 866 4669 γὰρ
900 4620 918 4649 ι
942 4598 970 4650 6
991 4596 1226 4668 Χριστὸς
1253 4596 1502 4667 ἐγερθεὶς
1524 4598 1588 4650 ὲκ
1616 4595 1826 4667 νεκρῶν
1852 4595 2037 4649 οὐκέτι

370 4715 381 4722 -
460 4689 817 4760 ἀποθνήσκει,
838 4689 1064 4751 θάνατος
1095 4686 1261 4741 αὐτοῦ
1301 4686 1487 4740 οὐκέτι
1522 4686 1792 4757 κυριεύει,
1834 4704 1854 4738 ι
1895 4684 2041 4740 οὕτω

461 4781 530 4834 τά
556 4780 793 4852 Χριστοῦ
834 4780 972 4851 μέλη
1008 4780 1239 4832 θάνατον
1286 4779 1346 4831 οὐ
1389 4763 1466 4847 μή
1510 4777 1769 4849 θεωρήσῃ
1808 4778 1888 4841 είς
1946 4777 2041 4830 τὸν

462 4874 659 4927 αἰῶνα·
699 4872 816 4935 πῶς
840 4873 948 4941 γὰρ
978 4871 1042 4925 ἂν
1067 4870 1326 4939 γεύσαιτο
1355 4870 1588 4924 θανάτου
1613 4869 1713 4940 τῆς
1748 4869 1929 4940 ζώσης
1954 4869 2044 4922 ἀεὶ

463 4964 688 5034 καρδίας
724 4964 819 5034 ὲξη
829 4981 927 5034 ρτη
938 4965 1074 5034 μένα
1102 4979 1119 5029 ;

539 5057 604 5110 Et
633 5057 690 5110 δὲ
712 5058 863 5120 κόνις
892 5058 954 5109 τὺ
982 5055 1264 5126 ὁρώμενον
1291 5054 1388 5108 καὶ
1422 5053 1586 5108 πλέον
1629 5048 1801 5118 οὐδὲν,
1831 5053 1893 5106 οὐ
1934 5051 2041 5123 χρὴ

464 5148 792 5218 θαυμάζειν.
847 5148 908 5202 Ὀ
945 5149 1045 5218 μὲν
1094 5146 1205 5216 γὰρ
1256 5145 1487 5209 πλοῦτος
1542 5146 1711 5200 ἔνδονο
1750 5162 1770 5197 ι
1829 5146 1895 5199 Ἦ
1929 5145 2043 5216 ζωὴ

467 5243 601 5311 γάρ,
644 5242 834 5311 φησὶν,
896 5238 1053 5310 ὑμῶν
1105 5241 1450 5307 κέκρυπται,
1481 5256 1500 5289 ι
1567 5236 1597 5290 6
1642 5235 1701 5289 δὲ
1769 5236 2043 5306 θησαυρὸς

471 5332 795 5405 ὁστρίκινον
816 5331 1034 5392 σκεῦος.
1072 5347 1092 5383 ι
1141 5330 1379 5400 Ἔχομεν
1432 5329 1540 5396 γὰρ
1570 5328 1660 5382 τὸν
1692 5329 1924 5381 πλοῦτον
1982 5329 2042 5380 ἐν

470 5421 821 5494 ὀστρακίνοις
849 5422 1091 5488 σκεύεσι,
1125 5438 1144 5472 ι
1182 5420 1397 5483 Παῦλος
1453 5415 1626 5501 εἶπενο
1672 5417 1795 5472 ὅθεν
1843 5414 1925 5481 οἷς
1976 5420 2044 5472 τά

552 5623 788 5681 'Ila‘th.
833 5639 1030 5689 xxvm,
1071 5624 1160 5681 l8.
1273 5623 1295 5656 ⁸
1323 5622 1468 5679 Psal.
1514 5638 1682 5683 xtvn.
1739 5625 1796 5678 9.

486 5693 534 5728 "
569 5693 701 5767 Sep.
742 5710 827 5763 nt,
855 5695 912 5751 2.
991 5696 1036 5729 “
1064 5693 1226 5750 Rom.
1269 5708 1342 5763 v1,
1383 5696 1437 5749 9.
1517 5695 1561 5726 “
1592 5695 1804 5751 Coloss.
1861 5708 1943 5763 ιιι,
1982 5695 2037 5751 ὅ.

1907 5624 1928 5655 ⁸
1961 5622 2160 5692 Ephcs.
2204 5639 2286 5686 tn.
2329 5623 2384 5678 6.

2138 4500 2454 4569 sipientium
2483 4501 2659 4557 oculis
2680 4501 2752 4558 “.
2790 4521 2811 4555 ι
2833 4502 2992 4559 Sicut
3019 4508 3165 4560 enim
3206 4523 3226 4557 t
3250 4508 3503 4564 Christus
3534 4525 3717 4566 resur-

2139 4606 2270 4662 gens
2292 4607 2360 4647 ει
2390 4592 2648 4658 mortuis,
2684 4593 2798 4663 jam
2832 4611 2945 4649 non
2973 4596 3230 4663 moritur,
3276 4614 3427 4653 mors
3466 4600 3545 4653 illi
3575 4602 3715 4657 ultra

2142 4696 2252 4736 non
2280 4683 2653 4737 dominabitur
2676 4683 2756 4738 ":
2793 4703 2814 4737 ο
2848 4685 2930 4741 sic
2957 4687 3159 4743 Christi
3201 4691 3442 4744 membra
3483 4700 3716 4748 mortem

2144 4789 2251 4829 non
2282 4774 2542 4829 videbunt
2596 4776 2648 4830 in
2681 4785 2970 4831 aeternum.
3012 4777 3294 4844 Quomodo
3335 4783 3482 4834 enim
3528 4794 3720 4853 gusta~
3834 4848 3841 4853 ι

2144 4876 2268 4921 rent
2300 4875 2555 4933 mortem,
2606 4884 2728 4938 quas
2777 4884 2806 4923 a
2852 4871 3020 4925 corde
3065 4886 3283 4941 semper
3326 4871 3541 4929 vivente
3582 4892 3717 4947 pen-

2144 4958 2309 5013 dent?

2217 5051 2371 5117 Quod
2392 5051 2438 5107 si
2463 5052 2602 5107 nihil
2630 5061 2715 5109 est
2752 5065 2946 5124 praeter
2990 5054 3265 5124 pulverem
3302 5057 3447 5126 quod
3481 5059 3719 5125 videtur,

2144 5142 2281 5197 nihil
2306 5144 2544 5212 mirum;
2575 5145 2779 5199 divitiae
2800 5147 2944 5200 enim
2987 5157 3115 5201 sunt
3150 5149 3319 5203 iutus.
3353 5167 3372 5201 ι
3415 5149 3536 5207 Vita
3570 5155 3715 5209 enim

2144 5243 2324 5290 vestra
2343 5237 2664 5292 abscondita
2698 5245 2783 5292 est
2811 5235 2881 5303 ιδ,
2919 5256 2938 5290 ι
2974 5237 3176 5308 inquit.
3207 5239 3274 5294 Et
3314 5243 3606 5301 thesaurus
3634 5256 3720 5302 est

2147 5328 2203 5383 in
2228 5343 2354 5383 vase
2382 5329 2554 5384 ﬁctili.
2598 5348 2617 5381 ι
2653 5328 2926 5386 Habemus
2955 5333 3128 5398 enim,
3158 5330 3356 5404 inquit.
3400 5339 3714 5391 thesaurum

2152 5420 2298 5476 hunc
2327 5420 2384 5476 in
2405 5424 2552 5477 vasis
2580 5420 2841 5478 ﬁctilibus
2878 5423 2946 5477 ".
2979 5443 2998 5476 ι
3038 5424 3191 5483 Unde
3213 5427 3413 5495 quibus
3442 5442 3561 5495 quae
3582 5427 3717 5484 foris
3746 5470 3749 5473 -

2490 5625 2534 5657 ¹⁶
2545 5625 2714 5697 szal.
2768 5643 2957 5697 Lxxm,
2985 5629 3076 5685 29..

3189 5629 3279 5683 "l
3330 5629 3456 5683 Cor.
3507 5641 3597 5695 xv,
3625 5629 3722 5689 68.

2116 5696 2158 5728 "
2201 5695 2243 5748 ll
2273 5693 2398 5751 Cor.
2434 5709 2509 5763 tv,
2543 5694 2615 5759 7.,

3168 1952 3184 1991 :
3237 1953 3258 1987 ι
3309 1935 3379 1992 Ut
3404 1938 3709 2009 iumentum
3816 1961 3821 1965 ·
