4196 6308
508 333 543 394 6
559 334 615 393 ἳί

1763 320 1812 379 Ν
1828 315 2070 376 [COLM
2115 314 2375 372 CABASI
2395 314 2502 375 LE

3646 304 3755 366 (ει

508 455 636 504 sunt
665 452 927 517 apparent
972 450 1201 505 tantum,
1244 441 1318 495 illi
1343 441 1517 495 lutum
1551 434 1931 492 tantummodo
1964 447 2087 488 cer-

2191 428 2395 500 θύραζε
2428 433 2675 499 φαίνεται
2711 428 2892 511 μόνον,
2952 429 2978 481 ό
3009 427 3176 496 πηλὸς
3229 426 3294 480 ἂν
3360 422 3532 494 ὁρῷτο
3591 423 3757 491 μόνος

500 548 686 602 nunt;
718 537 974 592 Christus
1008 544 1187 588 autem
1222 548 1346 588 cum
1376 528 1712 599 apparuerit,
1753 527 1918 580 etiam
1970 526 2085 592 ipse

508 628 689 697 pulvis
729 641 826 681 sua
857 623 1261 696 pulchritudine
1304 620 1639 688 conspicuus
1686 620 1810 681 erit,
1862 615 2086 685 quando

498 725 570 770 ‘ut
605 716 910 771 membrum
946 715 1090 769 illius
1140 709 1811 782 fulguris'conspirictur,
1859 716 1911 759 et
1937 704 2089 759 simi-

511 809 579 861 lis
608 808 714 862 erit
776 807 1151 875 suli,parique
1178 803 1425 857 claritate
1465 800 1799 855 coruscabit.
1838 817 1855 849 ι
1895 797 2087 866 Fulge-

509 900 645 955 hunt
691 900 847 969 justi,
896 898 1092 968 inquit,
1143 900 1282 952 sicut
1325 897 1404 951 sol
1460 896 1512 949 in
1565 909 1733 962 regno
1786 892 1960 947 Patris
1990 906 2084 946 co-

510 1009 632 1047 rum
671 994 750 1059 ¹⁶;
782 1010 800 1043 ι
840 1005 1070 1061 regnum
1105 989 1279 1043 Patris
1306 986 1713 1065 vocansradios
1748 985 1865 1038 illos
1888 985 2088 1053 quibus

511 1086 632 1153 ipse
667 1083 959 1152 splendens
986 1081 1140 1136 visus
1179 1089 1263 1134 cst
1295 1079 1581 1148 apostolis,
1640 1080 1817 1146 ipsum
1860 1090 2087 1146 regnum

513 1183 567 1227 ct
600 1172 741 1242 quod
793 1171 941 1225 venit
993 1171 1049 1225 in
1114 1170 1333 1232 virtute,
1376 1169 1521 1223 sicut
1578 1168 1695 1236 ipse
1719 1167 1819 1229 ait,
1853 1166 1938 1220 his
1994 1164 2087 1233 qui

514 1280 639 1319 eum
682 1262 960 1317 viderunt.
994 1261 1305 1332 Fulgchuut
1334 1268 1515 1315 autem
1557 1269 1608 1314 ιιι
1633 1260 1765 1329 justi
1796 1262 1849 1313 in
1886 1259 1973 1313 die
1998 1257 2090 1312 illo

514 1370 622 1409 una
661 1354 909 1411 claritate
960 1362 1015 1408 et
1066 1354 1263 1423 gloria,
1317 1353 1403 1407 his
1441 1352 1659 1420 quidem
1720 1351 2087 1418 susceptione,

516 1448 636 1517 ipso
686 1457 867 1501 autem
949 1445 1449 1500 communicatione
1518 1444 1871 1498 micantibus.
1926 1441 2089 1498 Panis

518 1540 663 1594 enim
697 1539 808 1602 hic,
832 1551 1032 1607 corpus
1062 1537 1187 1601 hoc,
1216 1536 1359 1605 quod
1396 1535 1523 1588 hinc
1547 1533 1614 1587 ab
1643 1534 1742 1587 hac
1785 1546 1973 1588 mensn
2022 1548 2088 1585 eo

516 1638 797 1702 portantes
832 1628 1073 1686 venient,
1111 1626 1212 1679 hoc
1241 1634 1345 1689 est,
1384 1622 1528 1692 quod
1561 1637 1728 1690 super
1762 1621 1928 1675 nu‘bes
1960 1630 2091 1674 tunc

517 1722 768 1777 omnium
809 1718 982 1773 oculis
1029 1715 1419 1785 conspicietur,
1476 1714 1787 1792 orientique
1840 1720 1895 1766 et
1941 1708 2089 1765 occi-’

518 1813 667 1870 denti
702 1813 875 1867 instar
906 1809 1157 1879 l'ulghris,
1186 1817 1393 1877 puncto
1418 1805 1698 1875 temporis,
1726 1802 2087 1873 pulChritudi-

2190 521 2281 573 τοῦ
2308 522 2546 589 Χριστοῦ
2578 508 2995 589 διαδειχθέντος,
3033 519 3125 571 καὶ
3150 520 3181 585 ή
3221 519 3370 579 κόνις
3396 515 3534 584 αὕτη
3587 515 3648 567 te
3671 518 3752 567 oi-

2188 612 2334 662 κεῖον
2367 609 2694 674 ἐπιδείξεται
2738 608 2951 672 κάλλος,
2982 609 3069 661 ὅτε
3095 607 3193 676 τῆς
3223 607 3510 675 ἀστραπῆς
3537 604 3754 671 ἐκείνης
3814 665 3819 669 ρ

2192 700 2352 768 μέλος
2379 701 2510 755 οὖσα
2542 704 2792 770 φανεῖται
2821 703 2915 753 καὶ
2945 702 3324 769 προσαρμόσει
3380 698 3460 767 τῷ
3496 697 3631 766 ἡλίῳ
3659 698 3755 751 καὶ

2188 790 2286 857 τὴν
2314 792 2509 843 ἀκτῖνα
2538 792 2721 859 κοινὴν
2742 792 2962 859 ἀφήσει.
3001 808 3019 840 ι
3053 790 3340 859 Λάμψουσι
3390 793 3521 856 γὰρ.
3568 788 3753 855 φησὶν,

2189 883 2239 933 οἱ
2263 881 2460 934 δίκαιοι
2482 883 2555 944 ὼς
2589 883 2617 934 ό
2654 882 2801 952 ἣλιος
2867 883 2924 933 ἐν
2977 885 3043 952 τῇ
3080 880 3329 951 βασιλείᾳ
3391 879 3484 931 τοῦ
3541 880 3757 947 Πατρός

2190 971 2392 1032 αὐτῶν,
2436 990 2454 1021 ι
2496 970 2773 1039 βασιλείαν
2817 969 2908 1022 τοῦ
2940 969 3150 1038 Πατρός
3184 969 3281 1039 τὴν
3318 969 3511 1022 ἀκτῖνα
3574 968 3757 1021 καλῶν

2189 1062 2427 1132 ἐκείνην,
2466 1062 2673 1133 καθ’ἥν
2700 1062 2855 1131 ὤφθη
2892 1062 2989 1131 μὲν
3022 1061 3186 1123 αὐτὸς
3211 1060 3445 1129 λάμπων
3482 1063 3595 1124 τοῖς
3622 1064 3756 1114 ἀπο-

2192 1153 2422 1215 στόλοις,
2447 1153 2620 1223 αὐτὴν
2659 1151 2757 1223 τὴν
2820 1151 3101 1219 βασιλείαν
3160 1149 3254 1202 τοῦ
3286 1149 3443 1212 θεοῦ,
3502 1151 3754 1219 καθάπερ

2190 1245 2350 1306 αὐτός
2381 1262 2566 1313 φησιν,
2599 1242 2921 1313 ἐληλυθυῖαν
2965 1246 3023 1295 ἐν
3083 1242 3331 1320 δυνάμει.
3361 1241 3709 1311 τεθεαμένοις
3736 1258 3750 1271 ·

2189 1335 2463 1405 λάμψουσι
2489 1335 2543 1388 δὲ
2564 1335 2655 1389 καὶ
2691 1336 2740 1387 οί
2770 1335 2969 1387 δίκαιοι
3004 1333 3098 1387 ἐπὶ
3125 1334 3223 1402 τῆς
3279 1334 3495 1403 ἡμέρας
3536 1336 3753 1403 ἐκείνης

2194 1428 2325 1498 μίαν
2355 1426 2718 1495 λαμπρότητα
2752 1425 2845 1479 καὶ
2873 1424 3052 1491 δόξαν,
3083 1424 3192 1477 τῶν
3235 1424 3334 1494 μὲν
3370 1424 3448 1494 τῷ
3478 1424 3753 1493 δέχεσθαι,

2190 1517 2283 1573 τοῦ
2313 1518 2369 1572 δὲ
2411 1518 2487 1585 τῷ
2525 1519 2762 1571 ὗιαδόναι
2825 1515 3287 1586 φαιδρυνομένων.
3355 1516 3413 1567 ’0
3440 1516 3547 1585 γὰρ
3594 1517 3757 1583 ἄρτος

2191 1601 2367 1671 οὗτος,
2391 1607 2451 1659 τὸ
2487 1607 2647 1675 σῶμα
2674 1606 2854 1671 τοῦτο,
2892 1607 3031 1676 ὅπερ
3084 1605 3327 1658 ἐνθένδεν
3364 1606 3471 1659 ἀπὸ
3508 1606 3603 1675 τῆς
3626 1624 3759 1675 τρι-

2192 1698 2363 1766 πέζης
2402 1698 2605 1766 ταύτης
2634 1700 2751 1750 ἐκεῖ
2788 1696 3109 1763 κομίζοντες
3156 1697 3365 1766 ἥξουσι,
3426 1696 3583 1750 τοῦτό
3610 1701 3759 1752 ἐστιν

2187 1789 2323 1858 ὅπερ
2349 1789 2565 1841 ἐπὶτῶν
2588 1787 2825 1855 νεφελῶν
2846 1786 2964 1839 τότε
2982 1790 3224 1854 φανε’ται
3260 1788 3421 1839 πᾶσιν
3438 1788 3758 1857 ὀφθαλμοῖς,

517 1920 642 1959 nem
698 1918 854 1960 suam
910 1899 1330 1954 demonstrabit.
1376 1895 1511 1951 Cum
1552 1898 1652 1950 hoc
1697 1896 1851 1949 radio
1898 1896 2087 1948 vivunt

2188 1879 2283 1934 καὶ
2306 1881 2472 1944 δείξει
2498 1880 2594 1949 την
2625 1879 2777 1949 ὥραν
2802 1878 3032 1949 ἀνατολῇ
3058 1878 3152 1932 καὶ
3180 1877 3330 1931 δῦσει
3361 1878 3520 1948 δίκην
3550 1881 3758 1949 ἀστρα-

520 1995 721 2058 sancti,
764 2002 816 2047 et
842 1989 1150 2046 a'mortuis
1176 1988 1264 2041 lux
1309 2003 1415 2041 non
1446 1986 1687 2050 recedit;
1730 1987 1909 2039 lumen
1940 1984 2087 2038 enim

506 2078 685 2157 ‘justis
720 2100 933 2154 semper
958 2082 1131 2147 adest,
1156 2090 1215 2136 et
1238 2079 1303 2134 ad
1322 2080 1500 2133 vitam
1538 2078 1686 2132 illam
1715 2078 1819 2131 hoc
1849 2076 2089 2131 illustra-

507 2179 561 2247 Eti
593 2176 936 2247 perveniunt,
991 2185 1228 2241 quocum
1274 2184 1490 2238 semper
1543 2169 1780 2233 fuerunt,
1842 2168 1907 2221 ad
1956 2167 2087 2221 illud

506 2244 659 2325 ztune
683 2258 989 2323 currentes.
1026 2263 1183 2330 Quod
1214 2265 1360 2316 enim
1409 2261 1763 2331 cuiquc'tunc
1804 2274 2093 2330 resurgen-

507 2361 657 2415 -tium
702 2357 936 2419 eveniet,
985 2363 1042 2408 ut
1074 2368 1219 2419 ossa,
1254 2362 1306 2407 et
1337 2359 1542 2422 partes,
1600 2360 1652 2405 et
1680 2350 1924 2404 membra
1965 2365 2089 2403 cum

508 2449 704 2538 icapite
737 2446 804 2502 ad
836 2444 1209 2527 integritatem:
1229 2443 1446 2511 corpori
1483 2441 1859 2496 illustrandam
1891 2455 2092 2496 conve-

523 2540 698 2605 niant,
755 2538 859 2591 hoc
904 2535 1030 2590 item
1074 2533 1294 2588 Christo
1327 2531 1617 2595 Salvatori,
1670 2532 1945 2586 communi
1977 2548 2094 2586 om-

524 2633 680 2686 nium
712 2628 874 2697 capiti
905 2625 1207 2695 continget.
1241 2624 1458 2678 Etenim
1482 2639 1646 2694 super
1674 2624 1849 2679 nubes
1878 2635 2090 2680 tantum

510 2730 843 2784 coruscans,
874 2717 1094 2787 propria
1129 2717 1490 2784 undecunque
1550 2716 1790 2770 membra
1843 2718 2088 2786 recipiet,

511 2806 673 2905 iDeus
727 2810 782 2865 iu
842 2808 1023 2863 medio
1071 2808 1323 2871 deorum,
1387 2806 1670 2876 speciosus
1718 2808 2092 2876 speciosorum

512 2898 760 2978 :agminis
786 2904 1127 2975 coryphaeus.
1162 2899 1229 2953 Et
1259 2898 1718 2970 quemadmodum
1744 2914 1908 2954 onera
1931 2902 2093 2966 elata,

523 2999 758 3055 vinculis
790 2994 1173 3051 cohibentibus
1202 2992 1441 3062 diruptis
1462 3032 1477 3058 ,
1509 2992 1562 3045 in
1609 3001 1807 3046 terram
1843 2993 2093 3058 tendunt,

2192 1972 2300 2040 πῆς
2339 1973 2398 2024 ἐν
2422 1974 2518 2041 μιᾷ
2546 1974 2738 2042 χρόνου
2778 1973 2937 2041 ῥοπῇ’
2977 1973 3117 2040 μετά
3144 1971 3351 2043 ταύτης¹
3372 1971 3536 2035 ζῶσιν
3562 1974 3612 2025 ei
3651 1990 3758 2041 μα-

2189 2062 2376 2132 κάριοι
2404 2063 2505 2131 τῆς
2550 2065 2773 2126 ἀκτῖνος
2831 2064 2928 2116 καὶ
2963 2061 3339 2117 τελευτώντων
3397 2064 3459 2117 τὸ
3494 2066 3609 2135 φῶς
3658 2068 3759 2121 οὐκ

2192 2155 2493 2225 ἀποχωρεῖ.
2528 2155 2645 2217 Φῶς
2676 2155 2785 2224 γὰρ
2837 2155 3065 2219 δικαίοις
3117 2158 3433 2223 διαπαντὸς,
3493 2160 3758 2231 καὶπρὸς

2192 2247 2292 2318 τὴν
2328 2248 2473 2317 ζωὴν
2500 2249 2717 2318 ἐκείνην
2750 2247 2926 2319 τούτῳ
2956 2247 3267 2316 λάμποντες
3310 2249 3687 2317 ἀφικνοῦνται,
3715 2246 3761 2321 ᾧ

2192 2337 2283 2389 τὸν
2316 2338 2404 2392 ἀεὶ
2433 2338 2674 2407 συνῆσαν
2704 2338 2920 2407 χρόνον,
2953 2337 3043 2390 ἐπ’
3082 2340 3259 2391 ἐκεῖνο
3303 2341 3606 2410 τηνικαῦτα
3633 2343 3760 2412 τρέ-

2193 2444 2406 2498 χοντες.
2445 2428 2509 2482 Ὃ
2547 2428 2656 2498 γὰρ
2702 2429 2916 2498 ἑκάστῳ
2951 2430 3292 2499 συμϐήσεται
3335 2433 3455 2486 τότε
3491 2436 3598 2489 τῶν
3626 2439 3762 2490 ἀνα-

2196 2516 2608 2588 6ιωσκόμένων,
2642 2520 2776 2573 ὀστᾶ
2805 2521 2899 2573 καὶ
2931 2521 3072 2591 μέρη
3124 2523 3219 2575 καὶ
3253 2523 3391 2594 μέλη
3447 2528 3513 2596 τῇ
3546 2528 3759 2599 κεφαλῇ

2198 2612 2452 2666 συνιόντα
2491 2611 2591 2680 τὴν
2622 2612 2851 2682 όλότητα
2885 2613 2962 2682 τῷ
2998 2613 3209 2684 σώματι
3238 2616 3543 2683 διασώζειν,
3582 2605 3760 2673 ’τοῦτο

2197 2703 2392 2773 καὶτῷ
2417 2703 2630 2774 Σωτῆρι
2677 2703 2923 2774 Χριστῷ,
2975 2708 3041 2775 τῇ
3074 2708 3291 2761 πάντων
3320 2712 3471 2780 κοινῇ
3521 2712 3757 2781 κεφαλῇ.

2198 2797 2305 2849 Καὶ
2330 2796 2437 2867 γὰρ
2470 2797 2564 2848 ἐπλ⁵
2592 2795 2702 2850 τῶν
2741 2796 2982 2864 νεφελῶν
3021 2798 3345 2867 ἀστράψασα
3380 2801 3546 2868 μόνον
3586 2802 3652 2853 τὰ
3681 2805 3760 2854 οἰ-

2198 2888 2321 2940 κεῖα
2358 2888 2698 2957 πανταχόθεν
2755 2888 3097 2957 ἀπολήψεται
3132 2889 3293 2961 μέλη,
3345 2891 3476 2953 Θεὸς
3512 2893 3569 2944 ἐν
3611 2894 3764 2964 μέσῳ

2204 2980 2365 3044 θεῶν,
2407 2982 2607 3051 ὡραῖος
2647 2982 2852 3052 ὡραίου
2899 2984 3196 3053 κορυφαῖος
3228 2984 3413 3055 χοροῦ,
3462 2988 3557 3039 καὶ
3598 2987 3766 3041 καθά-

513 3091 880 3169 ἰῐιῖιιιιὶιιιιιιιιιο
908 3086 1086 3139 locum
1124 3099 1221 3139 seu
1250 3091 1500 3137 centrum
1539 3083 1721 3139 statim
1758 3092 1982 3151 petunt;
2016 3084 2093 3137 sic

2202 3091 2307 3145 περ
2346 3075 2414 3127 τά
2450 3075 2700 3145 μετέωρα
2739 3075 2882 3144 βάρη
2918 3075 3025 3129 τῶν
3050 3075 3264 3145 δεσμῶν
3317 3076 3425 3130 τῶν
3458 3079 3765 3149 ἐπεχόντων

526 3189 583 3235 et
616 3193 839 3248 corpora
865 3185 1176 3230 sanctorum
1208 3185 1364 3229 terra:
1394 3174 1548 3228 allixa
1581 3184 1711 3228 sunt
1736 3175 1825 3228 illa
1852 3176 2096 3243 quidem,

528 3282 584 3327 ct
612 3269 953 3340 corruptioni
979 3268 1197 3338 alligata
1241 3267 1518 3337 tyrannidi
1564 3270 1811 3333 subjecta
1843 3277 2095 3330 manent;

515 3352 581 3431 ?et
610 3363 816 3418 idcirco
843 3361 1276 3431 ingemiseimus,
1327 3358 1525 3429 inquit,
1557 3361 1610 3413 in
1638 3360 2096 3414 hoc'habitaculo.

515 3428 668 3524 {Cum
703 3428 1144 3533 autem—libertas
1186 3428 1423 3518 aﬂuerit,
1461 3453 1667 3521 impetu
1701 3450 2001 3506 incredibili
2033 3451 2099 3505 ad

522 3546 805 3608 ,Christum
854 3545 1125 3610 ferentur,
1157 3551 1233 3615 ut
1261 3544 1541 3613 proprium
1589 3542 1770 3597 locum
1811 3543 2097 3610 recipiant.

528 3635 713 3701 Quare
768 3635 973 3690 Paulus
1024 3634 1319 3689 ostendens
1376 3648 1599 3689 cursum
1648 3634 1799 3686 illum
1853 3632 2098 3699 cohiberi

531 3742 641 3782 non
670 3742 852 3793 posse,
885 3735 1046 3780 vocat
1101 3735 1343 3795 raptum.
1372 3743 1391 3777 ι
1428 3724 1727 3794 Rapiemur
1776 3723 1977 3792 inquit,
2044 3724 2096 3777 in

520 3814 772 3885 inubihus
794 3817 1007 3871 obviam
1044 3816 1265 3872 Christo
1300 3815 1354 3869 in
1386 3816 1598 3870 aera".
1621 3814 1727 3869 :Et
1748 3814 1997 3870 Salvator
2026 3815 2103 3869 ait

533 3924 594 3965 se
622 3902 747 3965 ille
771 3918 1174 3979 suscepturum.
1238 3927 1257 3960 ι
1288 3906 1475 3975 Tunc,
1504 3908 1780 3979 inquiens,
1815 3907 1923 3962 duo
1944 3918 2103 3963 erunt

519 3982 589 4056 'in
615 4016 773 4070 agro,
828 4016 971 4055 unus
998 4011 1335 4065 assumctur,
1361 4009 1416 4055 et
1449 4000 1587 4055 alter
1613 3999 1952 4069 relinquetur
1975 3999 2039 4067 ¹⁸;
2077 4018 2095 4051 ι

536 4091 667 4147 illud
697 4092 1036 4161 s?gniﬁcans,
1083 4091 1220 4147 nihil
1249 4105 1372 4147 esse
1402 4090 1702 4145 humanum
1734 4106 1834 4146 nec
1863 4091 1916 4145 in
1969 4091 2102 4160 ipsis

533 4182 728 4247 situm,
752 4190 999 4237 utmorm
1037 4183 1191 4237 locus
1234 4181 1561 4251 sitaliquis;
1596 4181 1690 4236 sed
1735 4181 1851 4251 ipse
1887 4181 2097 4248 trahet,

535 4274 651 4343 ipse
683 4275 982 4344 rapiet,qui
1023 4289 1129 4328 non
1154 4283 1332 4344 potest
1360 4274 1567 4331 servire
1594 4274 1851 4343 tempori.

617 4638 926 4693 Sicutenim
948 4636 1015 4691 ab
1032 4636 1185 4691 initio
1206 4652 1312 4692 non
1330 4639 2107 4710 exspectavitutquaereretur,

538 4732 634 4787 sed
650 4731 763 4800 ipse
776 4731 1093 4787 aberrantes
1111 4730 1380 4800 quaesivit,
1397 4733 1878 4801 demonstratoque
1894 4734 2108 4798 itinere,

503 4822 510 4829 ’
540 4820 1026 4877 deindeambulare
1045 4837 1149 4875 non
1167 4823 1430 4887 valentes,
1455 4823 1570 4892 ipse
1592 4823 1834 4880 sublatos
1854 4826 1906 4877 in
1928 4824 2115 4878 hume-

430 4905 436 4911 ’
539 4926 634 4966 ros
656 4912 911 4981 portavit,
937 4921 990 4965 et
1025 4912 1275 4967 labentes
1304 4920 1540 4980 reparat.
1566 4920 1620 4965 et
1639 4912 1844 4967 inertes
1864 4915 2112 4982 corrigit,

540 5014 593 5057 et
617 5003 968 5059 abscedentes
1018 5003 1269 5069 advocat,
1303 5014 1356 5059 et
1416 5004 1642 5057 omnino
1683 5003 1751 5058 de
1802 5003 1975 5059 salute
2006 5005 2114 5061 illis

543 5096 749 5148 instare
781 5110 888 5148 non
911 5095 1109 5150 desiuit
1135 5113 1150 5149 :
1178 5096 1254 5150 sic
1285 5094 1449 5151 etiam
1482 5106 1612 5148 tunc
1644 5104 1947 5150 extremum
1987 5111 2114 5151 cur-

547 5201 667 5241 sum
699 5187 764 5238 ad
796 5186 975 5256 ipsum
1031 5197 1316 5243 currentes
1347 5189 1463 5257 ipse
1488 5188 1769 5255 excitabit,
1809 5197 1862 5243 ct
1886 5189 2114 5244 volanti-

546 5276 650 5330 bus
702 5274 821 5344 ipse
859 5275 975 5330 alas
1010 5275 1196 5332 faciet.
1237 5278 1367 5332 Ideo
1388 5286 1440 5332 ct
1474 5278 1689 5345 aquilas
1740 5294 1839 5335 nos
1873 5282 2117 5336 nominat

548 5367 615 5421 ad
671 5381 878 5435 corpus
932 5378 1317 5437 congregatas.
1389 5388 1408 5420 ‹
1452 5368 1777 5439 Ubicunque
1814 5371 1956 5424 enim
2014 5374 2118 5428 erit

459 5468 464 5473 '
547 5474 768 5528 corpus,
799 5456 998 5526 inquit,
1041 5457 1150 5511 illic
1182 5460 1661 5528 congregabuntur
1682 5471 1735 5514 et
1767 5462 1962 5530 aquin
1994 5465 2056 5516 ".
2089 5482 2108 5516 ι

548 5553 761 5607 Etenim
796 5566 826 5604 ιι
860 5564 1046 5605 meusu
1076 5549 1139 5603 ad
1174 5566 1415 5605 mensam
1441 5553 1677 5618 vcnicut,
1712 5553 1779 5609 ab
1805 5555 2119 5611 abscondita

620 5731 663 5760 "
690 5730 878 5787 Matth.
919 5746 1030 5793 xm,
1074 5729 1152 5783 l3.
1238 5727 1280 5758 "
1313 5727 1335 5780 l-
1383 5725 1572 5781 'l'hrss.
1602 5744 1674 5795 iv,
1716 5732 1798 5785 tl.

2204 3166 2484 3236 ῥαγέντων
2509 3166 2601 3217 ἐπὶ
2623 3166 2721 3235 τὴν
2772 3166 2879 3233 γῆν
2920 3168 3091 3235 χωρεῖ
3138 3170 3233 3218 καὶ
3262 3167 3354 3219 τὸν
3408 3169 3572 3237 μέσον
3606 3171 3766 3228 εὐθὺς

2203 3257 2435 3326 ὲιῖήτησε
2467 3258 2653 3321 τόπον,
2696 3258 2771 3320 ὡς
2798 3258 2855 3310 δὲ
2900 3257 2996 3311 καὶ
3041 3258 3109 3309 τά
3157 3257 3386 3329 σώματα
3430 3263 3543 3322 τοῖς
3593 3262 3770 3328 ἁγίοις

2205 3349 2558 3419 προσήλωται
2591 3350 2689 3419 μὲν
2710 3352 2776 3421 τῇ
2808 3351 2903 3417 γῇ,
2954 3352 3017 3419 τῇ
3051 3351 3228 3421 φθορᾶ
3259 3351 3482 3406 δεθέντα
3538 3353 3635 3406 καὶ
3679 3371 3773 3407 τυ-

2205 3442 2545 3512 ραννούμενα
2576 3443 2753 3512 μένει,
2804 3443 2896 3496 καὶ
2939 3444 3025 3497 διά
3055 3443 3215 3496 τοῦτο
3258 3443 3607 3514 στενάζομεν,
3666 3465 3774 3515 φη-

2207 3536 2314 3599 σὶν,
2352 3537 2409 3586 ἐν
2432 3534 2513 3606 τῷ
2542 3535 2754 3605 σκήνει,
2782 3535 3041 3605 φανείσης
3064 3535 3119 3588 δὲ
3139 3536 3237 3604 τῆς
3266 3536 3579 3607 ἐλευθερίας
3599 3539 3773 3607 ἀκρα-

2201 3628 2354 3697 τήτῳ
2383 3627 2534 3696 φορῷ
2562 3626 2697 3694 πρὸς
2726 3627 2818 3678 τὸν
2848 3627 3082 3698 Χριστὸν
3130 3627 3271 3680 ῖεται
3308 3627 3402 3680 τὸν
3442 3630 3645 3681 οίκεῖον
3679 3647 3774 3683 κο-

2207 3714 2478 3787 μιζόμενα
2529 3717 2716 3768 τόπον.
2753 3716 2919 3768 Ὅθεν
2973 3718 3000 3769 ὁ
3041 3715 3251 3780 Παῦλος
3292 3717 3520 3784 ἄσχετον
3552 3718 3770 3783 δεικνὺς

2204 3804 2345 3859 εἶναι
2388 3807 2478 3860 τὸν
2542 3806 2740 3876 δρόμον
2799 3808 3030 3871 ἐκεῖνον,
3092 3794 3351 3876 ἁρπαγὴν
3433 3806 3494 3858 τὸ
3536 3808 3774 3877 πρᾶγμα

2204 3898 2389 3952 καλεῖ·
2418 3917 2437 3950 ι
2494 3897 2957 3969 Ἀρπαγησόμεθα
2990 3898 3118 3969 γὰρ,
3170 3899 3335 3967 φησὶν
3367 3937 3383 3962 ,
3421 3899 3478 3949 ἐν
3519 3898 3772 3966 νεφέλαις

2205 3993 2285 4056 είς
2313 3992 2616 4061 ἀπάντησιν
2643 3989 2736 4043 τοῦ
2794 3989 3001 4059 Κυρίου
3066 3991 3144 4052 εἰς
3196 3990 3354 4060 ἀέρα,
3397 4007 3415 4040 ι
3470 3990 3563 4042 καὶ
3593 3991 3621 4042 ό
3651 3991 3770 4043 Σω-

2203 4086 2308 4155 τὴρ
2355 4083 2875 4154 παραλαμϐάνεσθαι
2939 4100 3105 4151 φησιν
3148 4081 3384 4147 αὐτοὺς,
3422 4102 3441 4135 ι
3477 4083 3612 4138 Τότε
3651 4084 3771 4152 δύο,

2202 4178 2397 4245 λέγων,
2426 4177 2641 4230 ἔσονται
2668 4179 2726 4229 ἐν
2754 4175 2833 4239 τῷ
2882 4175 3056 4248 ἀγρῷ,
3092 4175 3120 4227 ό
3148 4170 3227 4240 εἷς
3278 4176 3770 4247 παραλαμὸἀνεται

2206 4270 2303 4324 καὶ⁵
2352 4273 2380 4323 ό
2430 4266 2512 4332 εἷς
2567 4269 2811 4337 ἀφίεται,
2853 4286 2871 4319 ι
2914 4269 3090 4320 ἐκεῖνο
3141 4268 3442 4335 σημαίνων,
3496 4269 3572 4330 ὡς
3619 4268 3773 4320 οὐδὲν

2207 4360 2550 4432 ἀνθρώπινον
2579 4361 2701 4414 οὐδὲ
2730 4359 2864 4430 παρ’
2896 4360 3098 4422 αὐτῶν,
3132 4359 3274 4413 ὥστε
3328 4362 3423 4413 καὶ
3459 4359 3619 4430 σχολῇ
3647 4377 3768 4414 τινα

2211 4457 2396 4527 χώραν
2450 4453 2611 4521 εἶναι,
2654 4456 2769 4509 ἀλλ’
2804 4454 2965 4519 αὐτὸς
3021 4455 3259 4522 ἐλκύσει,
3308 4455 3468 4519 αὐτὸς
3510 4453 3770 4524 ἁρπάσει,

2210 4549 2271 4603 ὃν
2302 4548 2403 4601 οὐκ
2433 4547 2513 4601 ἐνι
2541 4546 2718 4618 χρόνῳ
2740 4546 3036 4600 δουλεύειν.

2286 4642 2555 4711 Καθάπερ
2584 4639 2693 4708 γὰρ
2726 4639 2782 4703 ἐξ
2820 4638 2995 4708 ἀρχῆς
3049 4638 3149 4691 οὐκ
3193 4632 3449 4707 ἀνέμεινε
3479 4635 3779 4705 ζητηθῆναι

2215 4734 2347 4805 παρ’
2374 4733 2573 4797 αὐτῶν,
2622 4729 2740 4784 ἀλλ’
2769 4730 2932 4795 αὐτὸς
2970 4729 3202 4799 ἐζήτησε
3234 4729 3639 4799 πλανωμένους,
3687 4733 3783 4783 καὶ

2212 4828 2313 4897 τὴν
2343 4826 2462 4878 ὁδὸν
2487 4823 2777 4885 ὑποδείξας
2808 4822 2999 4874 ἔπειτα
3039 4821 3277 4890 βαδίζειν
3323 4822 3399 4891 μὴ
3451 4821 3781 4891 δυναμένους

2213 4916 2538 4986 ἀνελόμενος
2565 4914 2659 4966 ἐπὶ
2695 4914 2802 4966 τῶν
2840 4913 3004 4981 ῶμων
3058 4914 3284 4982 ἐκόμισε
3342 4913 3436 4965 καὶ
3485 4912 3780 4975 πίπτοντας

2216 5006 2530 5061 ἀνεκαλεῖτο
2570 5006 2664 5058 καὶ
2710 5004 3092 5074 ρᾳθυμοῦντας
3115 5003 3499 5073 ἐπηνωρθοῦτο
3527 5005 3623 5057 καὶ
3653 5006 3785 5057 ἀπο-

2217 5097 2533 5170 χωροῦντας
2562 5096 2883 5166 παρεκάλει,
2928 5098 3022 5150 καὶ
3046 5095 3184 5159 ὅλως
3206 5097 3355 5166 ξπερὶ
3381 5097 3483 5166 τῆς
3510 5098 3782 5166 σωτηρίας

2216 5191 2397 5253 αὐτοῖς
2421 5189 2720 5243 διετέλεσεν
2749 5187 3008 5257 ἐνοχλῶν·
3033 5188 3177 5241 οὕτω
3206 5189 3302 5240 καὶ
3329 5189 3453 5241 τότε
3481 5189 3573 5241 τδν
3606 5189 3784 5241 τελευ-

2217 5285 2369 5351 ταῖον
2392 5282 2529 5351 πρὸς
2559 5281 2721 5334 αὐτὸν
2751 5281 3045 5351 τρέχοντας
3079 5278 3280 5351 δρόμον
3304 5279 3466 5344 αὐτὸς
3487 5281 3783 5349 ἀναστήσει

2220 5374 2314 5428 καὶ
2352 5373 2670 5442 πετομένοις
2718 5371 2877 5433 αὐτὸς
2926 5373 3222 5440 ἐργάσεται
3278 5370 3339 5424 τὸ
3395 5371 3620 5440 πτερόν.
3689 5370 3786 5423 Διά

2220 5464 2375 5517 τοῦτο
2414 5464 2510 5517 καὶ
2539 5464 2728 5524 ἀετοὺς
2755 5462 3018 5516 ἀπεκάλει
3050 5464 3329 5524 συνιόντας
3359 5461 3454 5514 ἐπὶ
3477 5462 3537 5513 τὸ
3562 5459 3783 5529 πτῶμα,

2224 5556 2433 5609 ι”Οπου
2469 5555 2599 5625 γὰρ,
2634 5555 2791 5625 φησὶ,
2820 5555 2879 5608 τὸ
2932 5555 3156 5625 πτῶμα,
3185 5556 3301 5609 ἐκεῖ
3352 5552 3784 5623 συναχθήσονται

1881 5733 1922 5765 ¹⁸
1946 5731 2135 5788 Matth.
2174 5750 2315 5800 xxxv,
2343 5734 2430 5789 28.
2515 5735 2555 5767 ’τ’
2590 5735 2721 5790 ibid.
