4134 6314
477 408 582 472 ('27
1724 427 2028 490 NlCOLAI
2071 434 2456 499 CABASILIE

477 531 662 576 Cratur
707 533 1175 596 comparaturque,
1205 543 1305 596 pro
1343 529 1478 584 virili
1520 544 1705 589 nostra
1738 539 2030 606 egerimus,

2138 549 2508 618 θεωρήσομεν.
2542 548 2634 619 Μὴ
2672 548 2736 602 ἂν
2770 543 2921 616 οἶμαι
2962 543 3256 615 περίεργον
3287 542 3440 596 οὐδέν
3474 545 3706 611 ποιῆσαι

2145 640 2279 709 μηδὲ
2308 637 2579 709 παρέλκον
2600 655 2613 669 ·
2638 638 2728 690 τὸν
2752 636 2907 704 λόγον
2935 635 3030 704 μὲν
3055 630 3145 688 οὖν
3166 633 3498 703 τελεώτερον
3525 633 3707 697 οὕτως

2144 731 2210 784 ἂν
2240 729 2432 798 εἴημεν
2475 729 2893 790 ἀποδεδωκότες,
2923 727 2998 788 ὡς
3031 725 3096 778 ἂν
3138 725 3270 793 περὶ
3313 724 3416 792 τῆς
3441 723 3551 776 τῶν
3604 741 3708 792 μυ⁶

2142 824 2381 890 στηρίων
2415 820 2681 890 κρηπῖδος
2721 819 2754 888 ἢ
2807 819 2960 886 ῥίζης
2993 818 3026 887 ἢ
3072 817 3100 868 ὃ
3129 833 3181 869 τι
3208 815 3302 869 καὶ
3326 815 3433 884 χρὴ
3473 813 3705 868 καλέσαι

2139 911 2518 976 διεξελθόντες.
2551 912 2660 965 Καὶ
2680 912 2864 963 τοίνυν
2897 908 2932 963 ἃ.
2967 909 3116 979 παρά
3143 908 3254 961 τῶν
3289 907 3385 984 τοῦ
3423 906 3705 968 τελοῦντος

478 610 615 666 nihil
646 627 746 669 nos
779 616 860 669 vel
907 617 1208 683 curiosum,
1243 623 1322 675 vel
1360 638 1823 692 Supervacaneum
1862 631 2038 685 factu-

481 715 573 756 ros
639 705 890 775 equidem
923 708 1316 766 existimamus.
1370 713 1668 772 Perfectius
1699 731 1877 774 autem
1911 739 2040 776 con-

482 792 743 848 ditionem
767 797 885 866 ejus
912 800 1346 870 explauabimus,
1376 804 1419 856 si
1458 815 1715 876 tanquam
1748 811 1814 863 de.
1840 823 2039 882 myste-

479 884 689 939 riorum
747 887 886 951 basi,
941 900 1034 947 aut
1093 893 1297 955 radice,
1361 906 1454 949 aut
1503 915 1614 967 quo
1669 902 1775 956 alio
1821 904 2039 958 nomine

483 977 740 1045 appellari
775 978 952 1045 debet,
1005 981 1358 1040 disseramus.
1387 987 1566 1053 Quare
1599 1002 1651 1045 et
1675 1007 1794 1061 qua:
1850 1009 2042 1050 conse-

479 1070 710 1124 oratoris
737 1071 989 1126 manibus
1022 1074 1178 1142 ﬁunt,
1233 1086 1286 1132 et
1335 1081 1536 1148 quibus
1595 1083 1763 1139 altare
1806 1096 2037 1150 constet,

479 1159 815 1224 indicemus;
864 1166 1226 1236 omnibusque
1259 1171 1448 1225 ordine
1478 1175 1770 1243 expositis,
1825 1177 2037 1246 singula

475 1251 672 1307 deinde
694 1253 824 1323 quid
857 1257 1084 1311 occulta:
1116 1259 1539 1330 signiﬁcationis
1585 1249 1819 1322 habeant
1858 1270 2038 1340 inqui-

467 1354 672 1399 ramus.

537 1433 780 1490 Primum
839 1438 1147 1506 hierareha,
1185 1457 1280 1498 seu
1338 1447 1629 1517 episcopus
1687 1438 1952 1515 brachia,“
1983 1463 2034 1507 et

469 1540 670 1596 corpus
704 1530 971 1598 reliquum
1029 1533 1309 1593 linteatus.
1357 1549 1409 1592 et
1451 1541 1684 1606 cinctus,
1717 1543 1833 1603 Deo
1874 1561 2037 1621 supc?

470 1617 637 1672 humo
687 1620 1018 1691 (quanquam
1048 1641 1155 1680 non
1189 1629 1352 1698 nuda)
1391 1647 1448 1684 se
1483 1641 1800 1705 prosternit,
1837 1617 2036 1710 prcca-

468 1713 666 1773 tusque
701 1709 773 1761 uti
819 1711 999 1764 studio
1041 1729 1143 1769 suo
1191 1721 1524 1790 praue-situm
1559 1743 1620 1780 ac
1676 1709 2034 1787 desideratum

471 1794 632 1849 ﬁnem
689 1811 1074 1870 consequatur,
1125 1814 1192 1865 ad
1224 1828 1438 1881 operam
1491 1820 1742 1888 resurgit,
1777 1823 2034 1890 positam-

2140 1003 2339 1071 χειρῶν
2369 1003 2598 1070 γίνεται,
2643 1006 2736 1056 καὶ¹
2766 1001 2800 1054 ἂ
2835 1001 2895 1053 τὸ
2928 999 3317 1068 θυσιαστήριον
3351 997 3704 1066 καθίστησιν,

2139 1095 2266 1161 ἑξῆς
2322 1095 2651 1146 ἐκτεθέντων
2699 1092 2975 1156 ἁπάντων,
3035 1092 3264 1145 ἕκαστον
3310 1089 3502 1143 ἔπειτα
3552 1089 3703 1152 τίνος

2140 1187 2286 1240 ἐστὶν
2319 1186 2547 1255 αἴνιγμα
2586 1185 2677 1237 καὶ
2710 1184 3033 1267 ἐκφέρει,
3070 1181 3381 1250 σκοπῶμεν.

2210 1451 2408 1528 Πρῶτα
2442 1451 2536 1526 μὲν
2714 1447 2907 1514 όθάνιας
2958 1446 3313 1521 τπ-ρτθέμενος
3359 1446 3387 1502 ό
3436 1443 3698 1519 ίεῴςέιτξς

2140 1548 2341 1611 λευκάς
2373 1551 2468 1600 καὶ
2511 1547 2820 1619 καταδήσας
2859 1545 2949 1597 ὲπί
2979 1561 3038 1596 τε
3081 1543 3190 1596 τῶν
3235 1541 3435 1611 χειρῶν
3478 1541 3571 1592 καὶ
3603 1538 3694 1592 τοῦ

2136 1638 2323 1692 λοιποῦ
2353 1638 2624 1706 σώματος,
2674 1637 2753 1704 τῷ
2793 1635 2914 1706 Θεῷ
2962 1634 3294 1704 προσπίπτει
3327 1631 3694 1695 κατακλιθεὶς,

2139 1733 2200 1785 οὐ
2226 1731 2368 1784 κατὰ
2390 1728 2549 1800 ψιλοῦ
2575 1728 2668 1782 τοῦ
2696 1729 2944 1796 ἐδάφους,
2969 1728 3062 1780 καὶ
3104 1726 3314 1790 δεηθεὶς
3343 1725 3403 1778 τὸ
3432 1723 3696 1793 ζητούμε-

2137 1845 2226 1880 νον
2257 1827 2428 1900 πέρας
2473 1824 2658 1878 λαϐεῖν
2692 1822 2838 1891 αὐτῷ
2885 1821 2982 1892 τὴν
3019 1820 3254 1888 σπουδὴν
3302 1818 3398 1872 ἐπὶ
3427 1818 3487 1869 τὸ
3534 1817 3695 1886 ἔργον

469 1901 575 1958 q—ue
624 1904 864 1949 meum!!!
919 1897 1282 1968 peehendvns,
1316 1921 1431 1959 eam
1478 1919 1600 1978 apte
1632 1913 1769 1966 locat
1812 1930 1874 1968 ac
1920 1925 2031 1971 sta-

2133 1897 2438 1984 ἀνίσταται,
2469 1921 2564 1972 καὶ
2585 1916 2682 1985 τὴν
2723 1913 3002 1986 τράπεζαν
3056 1913 3318 1981 κειμένην
3372 1909 3698 1971 ἀνελόμενος

469 1980 623 2047 lilit;
661 1999 766 2038 non
811 1986 860 2040 id
895 1996 1101 2043 tantum
1141 1991 1260 2048 aliis
1287 1995 1504 2063 jubens,
1540 2000 1631 2053 sed
1677 2002 1791 2070 ipse
1816 2018 2030 2074 quoque

467 2089 663 2129 manus
693 2077 1007 2136 admovens.
1035 2082 1108 2136 Ita
1137 2083 1240 2140 ﬁxe
1271 2087 1497 2143 locatam
1527 2092 1613 2145 ubi
1634 2094 1808 2149 calida
1837 2095 2029 2162 abluit,

466 2179 590 2219 cum
609 2169 879 2235 precibus,
899 2180 955 2227 ut
973 2189 1032 2228 ea
1055 2190 1159 2231 non
1179 2178 1350 2232 solum
1379 2182 1565 2237 sordes
1581 2194 1918 2252 apparentes,
1937 2187 2032 2242 sed

465 2255 631 2311 etiam
656 2263 1031 2331 eontagiouem
1063 2281 1092 2320 a
1121 2267 1458 2325 daemonibus
1485 2273 1559 2326 illi
1595 2289 1870 2344 aspersam
1900 2294 2031 2347 puro

467 2351 627 2414 gandi
663 2355 770 2408 vim
807 2356 1020 2421 habeat,
1048 2375 1170 2415 mox
1199 2364 1443 2419 eamdem
1474 2366 1599 2421 vino
1630 2377 1768 2422 notae
1790 2371 2028 2439 optimae,

465 2449 522 2495 et
555 2443 672 2499 oleo
711 2461 958 2514 rosaceo,
993 2460 1052 2505 ut
1082 2453 1339 2520 arbitror,
1372 2456 1668 2525 perfundit.
1722 2459 2027 2516 Secundum

467 2533 583 2588 haec
643 2551 860 2593 sacrum
943 2554 1275 2612 unguentum
1343 2547 1583 2613 adhibet,
1664 2553 2025 2622 ungendoque

466 2625 648 2681 crucis
681 2628 906 2697 ﬁguram
947 2633 1166 2686 tertium
1199 2636 1475 2704 exprimit,
1512 2654 1576 2693 ac
1611 2640 1719 2693 Deo
1752 2643 2025 2697 canticum

466 2714 597 2770 illud
629 2721 1002 2788 propheticum
1044 2732 1096 2776 et
1142 2725 1555 2782 celeberrimum
1625 2733 1841 2788 accinit.
1874 2735 2031 2789 Post»

468 2807 689 2877 modum
739 2811 969 2866 candido
1024 2813 1170 2868 illam
1206 2817 1374 2872 linteo
1410 2821 1642 2886 obvelat,
1676 2832 1730 2877 et
1788 2827 2027 2896 stragula

468 2905 623 2952 veste
650 2908 887 2967 pretiosa
919 2913 1166 2972 exornat,
1190 2907 1404 2978 aliaque
1439 2910 1603 2965 lintea
1653 2929 1815 2982 super
1840 2916 1906 2970 iis
1929 2933 2026 2971 ex.

469 2988 677 3057 pandit,
710 3009 831 3062 qua:
863 2995 1079 3064 quidem
1133 3013 1288 3054 sacro
1340 3013 1636 3070 unguento,
1680 3008 2028 3074 quemade

471 3081 600 3133 dum
633 3097 843 3148 mensa,
883 3086 1140 3150 delibuta,
1174 3099 1230 3144 et
1273 3093 1337 3145 ad
1367 3103 1665 3149 extremum
1711 3111 1912 3152 mensae
1941 3115 2032 3154 su-

469 3170 790 3241 perinjecta,
831 3177 1003 3233 sacris
1036 3180 1234 3237 tabulis
1264 3184 1506 3251 proxime
1533 3187 1758 3243 subesse
1791 3198 2026 3260 oportet.

2135 2010 2416 2081 καθιδρύει
2439 2011 2532 2062 καὶ
2556 2011 2849 2077 πήγνυσιν,
2873 2007 2934 2059 ού
2965 2004 3202 2057 κελεύων
3235 2003 3412 2072 μόνον,
3446 2000 3580 2056 ἀλλά
3603 2001 3700 2053 καὶ

2133 2104 2320 2172 χεῖρας
2353 2100 2610 2167 εἰσάγων.
2650 2097 2912 2151 Τεθεῖσαν
2955 2095 3011 2147 δὲ
3049 2095 3271 2165 θερμοῖς
3310 2087 3694 2158 ἀποκλυσάμε-

2131 2213 2220 2258 νος
2246 2193 2454 2256 ὕδασιν,
2487 2188 2567 2254 οἷς
2597 2188 2800 2260 ηὔξατο
2832 2187 2907 2258 μὴ
2944 2186 3120 2258 ῥύπου
3156 2184 3498 2277 φαινομένου.
3510 2184 3692 2254 μόνον,

2129 2287 2264 2342 ἀλλά
2294 2289 2390 2342 καὶ
2417 2287 2517 2357 τῆς
2549 2285 2656 2340 ἀπὸ
2681 2285 2788 2338 τῶν
2811 2284 3083 2353 δαιμόνων
3113 2280 3464 2352 προστροπῆς
3486 2278 3695 2348 καθάρ-

2133 2399 2249 2435 σιον
2281 2379 2509 2449 δύναμιν
2559 2379 2743 2447 ἔχειν·
2786 2371 2908 2430 εἷτα
2957 2373 3174 2446 μυρίζει
3231 2373 3373 2426 οίνου
3430 2389 3491 2425 τε
3553 2373 3694 2440 χέων

2131 2472 2269 2540 αὐτῇ
2293 2469 2386 2524 τοῦ
2406 2468 2692 2523 καλλίστου
2721 2467 2814 2520 καὶ
2835 2465 3009 2538 μύρου
3043 2464 3272 2518 στακτοῦ
3295 2463 3486 2531 ῥόδων,
3513 2459 3692 2530 οἶμαι,

2130 2562 2520 2632 πεποιημένου,
2549 2561 2685 2631 μετά
2703 2561 2757 2614 δὲ
2775 2559 2944 2613 ταῦτα
2963 2559 3022 2611 τὸ
3037 2558 3174 2628 ἱερὸν
3195 2557 3363 2625 μύρον
3381 2554 3574 2621 ἐπάγει
3601 2553 3699 2605 καὶ

2130 2652 2295 2722 χρίει,
2335 2652 2515 2724 τρίτον
2544 2650 2768 2720 γράφων
2797 2651 2881 2701 ἐπ’
2911 2649 3081 2717 αὐτῆς
3115 2647 3204 2700 τὸν
3227 2644 3453 2714 σταυρὸν
3478 2643 3572 2694 καὶ
3608 2643 3692 2712 τῷ

2130 2742 2248 2812 Θεῷ
2307 2743 2367 2795 τὸ
2422 2741 2763 2812 προφητικὸν
2799 2740 2940 2811 ᾄδων
2985 2735 3137 2811 ᾆσμα
3186 2737 3246 2789 τδ
3290 2733 3695 2804 πολυύμνητον.

2131 2830 2264 2888 Εἶτα
2298 2835 2465 2904 λευκῇ
2517 2832 2895 2902 περικαλύψας
2938 2831 3098 2902 ὀθόνῃ
3143 2829 3366 2890 πέπλοις
3398 2844 3455 2880 τε
3495 2827 3693 2892 τιμίοις

2130 2927 2442 2995 ἐπικοσμεῖ,
2475 2924 2570 2977 καὶ
2609 2923 2822 2986 τούτοις
2871 2923 3060 2984 ὀθόνας
3119 2922 3285 2982 ἄλλας
3328 2919 3582 2988 ὲφαπλοῖ,
3615 2916 3693 2984 τῷ

2131 3009 2261 3080 θείῳ
2298 3012 2454 3080 μύρῳ
2488 3011 2580 3064 τὸν
2606 3010 2708 3079 τῆς
2737 3011 3020 3081 τραπέζης
3051 3011 3251 3080 τρόπον
3291 3008 3685 3078 ἀληλιμμένας,

2130 3100 2196 3164 ἃς
2230 3101 2684 3172 ἐπιϐεϐλημένας
2705 3103 2929 3172 ἔσχατον
2961 3105 3024 3173 τῇ
3066 3100 3318 3172 τραπέζῃ
3355 3101 3434 3152 δεῖ
3458 3101 3565 3160 τοῖς
3594 3097 3689 3150 πί-

2130 3192 2281 3256 ναξιν
2339 3193 2560 3262 ἀμέσως
2611 3193 2930 3246 ὑποκεῖσθαι
2983 3197 3096 3256 τοῖς
3144 3194 3328 3264 ἱεροῖς.
3375 3192 3484 3246 Καὶ
3516 3189 3690 3242 ταῦτα

467 3260 584 3318 Hae
634 3267 941 3323 caerimonia
1007 3269 1228 3329 {uinctus
1271 3274 1434 3331 linteo
1469 3293 1527 3332 se
1577 3281 1744 3346 exuit,
1781 3281 2031 3338 indutus-

2141 3283 2282 3336 οὕτω
2310 3260 2554 3345 τελέσας,
2590 3283 2706 3336 λύει
2743 3284 2839 3353 μὲν
2865 3284 2960 3338 καὶ
2989 3260 3299 3352 περιδύεται
3337 3283 3433 3346 τὰς
3479 3281 3690 3348 ὀθόνας,

467 3369 574 3424 que
595 3357 787 3413 stolam
821 3360 1212 3419 hierarchicam
1236 3366 1289 3420 in
1319 3369 1551 3432 vicinam
1583 3371 1817 3440 aliquam
1842 3388 2024 3428 sacra-

467 3461 588 3501 rum
631 3450 829 3504 aedium
878 3455 1192 3522 egreditur;
1242 3457 1331 3512 ubi
1407 3460 1643 3528 acceptis
1717 3475 2027 3518 sanctorum

467 3548 772 3610 martyrum
809 3546 1153 3617 ossibus,_ad
1177 3549 1279 3604 hoc
1326 3549 1498 3618 ipsum
1533 3552 1756 3619 paratis,
1783 3563 1833 3608 et
1866 3570 2031 3624 super

466 3629 640 3709 altera
667 3633 855 3696 altaris
901 3636 1220 3690 tabellarum
1281 3641 1555 3708 repositis,
1590 3643 1641 3695 in
1673 3658 1780 3710 quo
1813 3659 2031 3699 venera-

463 3719 577 3774 bile
644 3722 844 3777 donum
900 3725 1174 3792 collocat,
1224 3737 1279 3781 et
1328 3732 1600 3798 operiens,
1641 3735 1838 3802 quibus
1895 3735 2030 3789 illud

468 3811 667 3878 operit,
703 3813 994 3870 admodum
1028 3830 1340 3876 reverenter
1362 3823 1518 3888 tollit,
1549 3840 1823 3895 supraque
1871 3837 2032 3896 caput

465 3909 692 3972 portans
717 3943 733 3969 ,
762 3905 827 3959 ad
851 3906 1070 3962 domum
1107 3926 1226 3980 quae
1270 3914 1639 3969 sanctiﬁcatur
1678 3917 1789 3972 sive
1818 3918 2032 3973 dedica-

469 4004 559 4049 tur
583 3997 726 4052 inter
765 3999 1077 4069 lampades,-
1099 4013 1312 4068 cantus,
1341 4004 1663 4072 suﬁimenta,
1688 4008 1885 4076 quibus
1906 4023 2028 4062 eum

466 4086 802 4144 incedentem
865 4091 1017 4146 multi
1093 4095 1472 4157 cohonestant,
1535 4099 1896 4168 progreditur.
1950 4099 2028 4154 Ita

468 4182 792 4246 procedens,
827 4183 915 4238 ubi
949 4186 1204 4254 templum
1261 4190 1458 4259 attigit,
1487 4191 1825 4259 antejanuas
1883 4192 2034 4245 clau-

466 4273 867 4341 sas‘consistit,
926 4270 1187 4345 iubetque
1249 4279 1385 4346 ipsis
1428 4280 1645 4334 Davidis
1679 4281 1905 4336 vocibus
1935 4297 2030 4337 eos

424 4410 430 4415 .
465 4361 560 4429 qui
594 4363 739 4417 intus
777 4373 925 4427 sunt,
951 4379 1134 4434 portas
1165 4367 1294 4438 Regi
1325 4371 1509 4439 gloriae
1539 4373 1748 4439 aperire
1776 4374 1842 4435 ",
1875 4383 1928 4428 et
1954 4376 2033 4428 vi-

465 4451 653 4505 cissim
682 4453 852 4515 audit,
886 4469 1008 4521 quae
1037 4455 1151 4519 ille,
1205 4458 1485 4512 Salvatore
1514 4459 1712 4512 coelmn
1769 4475 2033 4517 conscen-

464 4540 626 4596 dente
674 4541 895 4610 angelos
934 4544 1139 4612 angelis
1190 4554 1378 4599 contra
1429 4562 1818 4615 respondentes
1848 4563 2020 4610 intro-

466 4631 638 4687 ducit.
700 4631 880 4710 Portis
905 4633 1015 4702 jam
1048 4637 1375 4703 patentibus,
1420 4639 1740 4710 ingreditur,
1803 4662 2046 4702 sacrum

462 4734 561 4774 ras
593 4721 725 4774 illud
750 4709 1071 4790 coupertum
1099 4738 1263 4791 supra
1301 4736 1463 4794 caput
1489 4709 1925 4790 habens.Simul
1958 4739 2024 4791 ad

462 4808 656 4874 altare,
683 4818 736 4864 et
765 4810 830 4863 ad
863 4810 1032 4880 ipsam
1055 4827 1322 4866 .mcnsam
1364 4818 1614 4882 accessit,
1657 4837 1820 4891 super
1850 4839 1916 4878 ea
1935 4821 2028 4880 de-

464 4900 637 4966 ponit,
665 4910 1140 4972 tegumentumque
1167 4916 1432 4966 removet,
1451 4906 1801 4978 jacentcsque
1824 4913 1876 4966 in
1905 4920 2031 4969 vase

466 4991 684 5047 divitias
714 4994 881 5059 tollit,
900 5004 952 5048 et
976 4995 1164 5062 thecae,
1193 5013 1314 5066 quae
1342 5000 1645 5068 capacitate
1677 5005 2022 5073 respondeat,

465 5081 715 5146 imponit.
748 5084 874 5137 Post
924 5086 1036 5141 haec
1086 5099 1361 5158 unguento
1389 5092 1759 5148 sacratissimo
1788 5095 1895 5152 illis
1935 5114 2026 5152 su-

465 5173 708 5241 perfuso,
738 5175 838 5228 sub
870 5191 1023 5231 sacra
1055 5196 1240 5235 mensa
1273 5183 1478 5237 condit.
1504 5182 1598 5238 llis
1655 5186 1725 5238 ita
1763 5190 2026 5246 confectis

467 5265 660 5321 domus
686 5266 797 5334 jam
831 5268 1026 5326 domus
1058 5275 1341 5340 Orationis,
1382 5293 1568 5332 mensa
1599 5295 1726 5332 vero
1753 5282 1817 5336 ad
1855 5286 2028 5337 sacri-

463 5459 692 5514 prorsus
723 5457 824 5502 est.

2133 3375 2294 3440 αὐτὸς
2324 3376 2380 3428 δὲ
2408 3375 2506 3446 τὴν
2542 3375 2856 3445 ίεραρχικὴν
2889 3375 3026 3444 ἔχων
3073 3376 3266 3446 στολὴν
3307 3377 3400 3427 ἐπί
3429 3391 3552 3428 τινα
3578 3375 3696 3442 γεί-

2129 3483 2257 3520 τονα
2287 3467 2394 3519 τῶν
2427 3467 2588 3537 ἱερῶν
2620 3467 2822 3531 ἔξεισιν
2858 3468 3041 3520 οῐκων.
3077 3469 3241 3522 Ὅθεν
3276 3466 3448 3536 ἁγίων
3481 3465 3693 3538 μαρτύ-

2135 3573 2242 3624 ρων
2294 3558 2428 3610 ὀστᾶ
2477 3556 2656 3610 λαδὼν
2703 3559 2780 3619 είς
2820 3557 2964 3610 τοῦτ’
3000 3557 3146 3628 αὑτῷ
3193 3557 3688 3627 παρεσκευασμένα

2131 3651 2227 3703 καὶ
2273 3648 2384 3712 θεὶς
2443 3650 2537 3701 ἐπὶ
2576 3649 2806 3720 θατέρου
2861 3651 2970 3703 τῶν
3021 3651 3112 3710 ἐπὶ
3156 3649 3252 3702 τοῦ
3299 3650 3690 3722 θυσιαστηρίου

2134 3738 2402 3803 πινάκων,
2438 3739 2494 3790 ὲν
2540 3732 2673 3806 ᾧτὸ
2708 3739 2932 3810 φρικτὸν
2966 3739 3147 3809 τίθησι
3173 3739 3370 3810 δῶρον,
3401 3744 3500 3795 καὶ
3533 3739 3696 3794 καλύ-

2131 3829 2258 3898 ψας,
2283 3825 2363 3897 οἷς
2393 3832 2568 3884 έκεῖνο
2591 3830 2875 3896 καλύπτει,
2903 3831 3046 3900 μάλα
3071 3849 3130 3886 τε
3156 3832 3372 3900 σεμνῶς
3391 3835 3693 3902 ἀναιρεῖται

2133 3923 2227 3975 καὶ
2261 3923 2496 3992 κομίσας
2541 3924 2634 3977 ἐπὶ
2676 3924 2774 3993 τῆς
2815 3926 3055 3994 κεφαλῆς
3093 3926 3182 3978 ἐπὶ
3213 3925 3305 3979 τὸν
3334 3927 3695 3997 ἁγιαζόμενον

2135 4012 2379 4082 πρόεισιν
2427 4011 2597 4078 οἷκον,
2649 4015 2898 4081 λαμπάσι
2932 4017 3026 4068 καὶ
3074 4016 3282 4086 ᾄσμασι
3312 4019 3406 4070 καὶ
3444 4017 3696 4087 θυώμασι

2134 4108 2227 4157 καὶ
2261 4105 2453 4176 μύροις
2482 4106 2579 4176 τὴν
2610 4106 2835 4176 πρόοδον
2868 4107 3079 4159 πολλῶν
3129 4108 3484 4176 κοσμούντων
3523 4110 3692 4176 αὐτῷ,

2133 4197 2230 4247 καὶ
2259 4195 2399 4248 οὕτω
2433 4197 2648 4265 χωρῶν,
2687 4198 2811 4250 ἐπεὶ
2836 4197 3130 4250 καταλάϐοι
3153 4199 3242 4248 τὸν
3263 4197 3402 4250 νεὼν
3433 4199 3526 4252 καὶ
3559 4199 3694 4267 πρὸς

2135 4287 2282 4354 αύτῴ
2327 4288 2560 4354 γένοιτο,
2590 4286 2805 4339 ἵσταται
2855 4288 2955 4356 μὲν
2994 4289 3101 4356 πρὸ
3130 4289 3238 4341 τῶν
3269 4288 3448 4359 θυρῶν
3479 4291 3690 4343 κεκλειο

2136 4377 2368 4446 σμένων,
2420 4375 2627 4428 κελεύει
2679 4377 2736 4428 δὲ
2786 4379 2898 4440 τοῖς
2952 4377 3099 4431 ἔνδον
3149 4379 3331 4430 πυλῶν
3376 4379 3472 4440 τὰς
3513 4379 3727 4440 πύλας

2135 4469 2375 4534 ἀνοίγειν
2406 4465 2482 4535 τῷ
2510 4469 2606 4535 τῆς
2628 4465 2785 4532 δόξης
2817 4466 3054 4530 Βασιλεῖ,
3087 4470 3180 4520 καὶ
3209 4468 3374 4529 αὐτὰς
3401 4467 3490 4519 τοῦ
3518 4467 3684 4521 Δαὸὶδ

2136 4554 2308 4607 εἰπὼν
2339 4555 2435 4618 τὰς
2467 4555 2684 4623 φωνάς·
2718 4556 2814 4608 καὶ
2845 4557 2994 4626 παρᾶ
3015 4556 3126 4608 τῶν
3155 4556 3296 4608 ἔνδον
3323 4553 3578 4620 ἀκούσας,
3617 4554 3683 4618 ἃς

2130 4649 2338 4709 ἐκεῖνος
2364 4648 2487 4707 τοὺς
2519 4647 2778 4714 ἀγγέλους
2803 4647 3057 4714 λέγοντας
3083 4648 3326 4716 ἀλλήλοις
3357 4647 3566 4714 είσάγει
3592 4648 3689 4700 τοῦ

2129 4736 2379 4806 Σωτῆρος
2445 4737 2524 4798 είς
2585 4737 2677 4788 τὸν
2739 4736 2967 4804 οὐρανὸν
3023 4737 3287 4800 ἀνιόντος,
3338 4735 3444 4788 τῶν
3513 4737 3693 4806 θυρῶν
3753 4774 3759 4780 ι

2128 4829 2651 4896 ἀναπεταννυμένων
2710 4829 2904 4880 εἴσεισι
2955 4829 3014 4880 τὸ
3057 4831 3224 4898 ἱερὸν,
3283 4829 3472 4890 σκεῦος
3518 4830 3693 4881 έκεῖνο

2131 4917 2649 4986 συγκεκαλυμμένον
2683 4919 2774 4969 ἐπὶ
2815 4919 2913 4988 τῆς
2959 4921 3197 4990 κεφαλῆς
3234 4920 3394 4988 ἔχων.
3443 4920 3692 4986 Ἐπειδὰν

2127 5009 2184 5062 δὲ
2223 5010 2472 5062 εἴσω-τοῦ
2501 5010 2892 5079 θυσιαστηρίου
2930 5011 3020 5062 καὶ
3047 5012 3183 5079 πρὸς
3213 5013 3350 5081 αὐτῇ
3383 5013 3603 5080 γένηται
3627 5014 3689 5081 τῇ

2131 5100 2410 5173 τραπέζῃ,.
2432 5102 2782 5154 κατατίθεται
2828 5102 2928 5170 μὲν
2971 5102 3056 5153 ἐπ’
3097 5103 3265 5171 αὐτῆς
3296 5105 3391 5155 καὶ
3420 5103 3688 5156 ἀνακαλύ-

2131 5213 2273 5260 πτει,
2311 5195 2400 5246 τὸν
2449 5195 2494 5246 δ’
2541 5195 2856 5262 ἐγκείμενον
2893 5193 3042 5264 αὑτῷ
3105 5195 3335 5247 πλοῦτον
3391 5199 3693 5265 ἀναιρεῖται

2135 5288 2233 5356 μὲν
2265 5287 2494 5349 ἐκεῖθεν,
2547 5285 2789 5355 ἐντίθησι
2825 5285 2882 5338 δὲ
2918 5287 3173 5357 θησαυρῷ
3211 5287 3288 5356 τῷ
3337 5286 3556 5356 μεγέθει
3587 5286 3692 5338 τῶν
3738 5302 3744 5357 ;

467 5357 646 5411 ﬁcium
711 5359 900 5414 idoaea
966 5371 1019 5417 et
1074 5375 1258 5438 parata
1312 5377 1413 5432 est,
1471 5379 1522 5424 et
1574 5372 2022 5429 sacriﬁcatorium

2550 5335 2866 5447 συμμέτρῳ,
2911 5335 3003 5429 καὶ
3052 5335 3188 5447 μετ-ὰ
3217 5335 3482 5430 τδῦτὲςίτὸ
3520 5375 3690 5446 μύρον

2133 5471 2316 5531 αὐτοῖς
2346 5470 2405 5522 τὸ
2445 5471 2856 5536 παναγέστατον
2888 5471 3112 5540 ἐπιχέας
3155 5469 3258 5523 ὑπὸ
3286 5469 3385 5538 τὴν
3413 5466 3692 5538 τράπεζαν

465 5531 778 5594 ἀποτίθεται
807 5544 905 5612 τὴν
950 5545 1121 5616 ἱεράν.
1155 5550 1370 5604 Τούτων
1411 5552 1465 5605 δὲ
1505 5554 1647 5610 οὕτω
1677 5563 2203 5631 κατεσκευασμένων
2238 5568 2264 5616 ὁ
2292 5565 2389 5633 μὲν
2420 5559 2567 5626 οἶκος
2629 5563 2940 5636 προσευχῆς
3007 5561 3175 5634 οἶκος,
3241 5566 3284 5635 ἠ,
3345 5558 3595 5634 τράπεζα
3636 5560 3696 5616 δὲ

467 5630 604 5697 πρὸς
634 5633 732 5702 τὴν
768 5633 956 5689 θυσίαν
987 5637 1100 5707 ἔχει
1130 5642 1223 5694 καὶ
1249 5644 1689 5710 παρεσκεύασται
1717 5651 2184 5722 καὶθυσιασήριόν
2222 5655 2368 5711 ἐστιν
2393 5654 2661 5728 ἀτεχνῶς.

543 5814 585 5845 ⁸³
623 5813 765 5871 Psal.
802 5833 952 5887 xxiii,
992 5821 1046 5888 7,
1084 5822 1133 5878 8.

3596 431 3709 493 628

4104 1079 4134 1120 κ

4103 1131 4134 1214 Ἴ
