4134 6314
387 346 503 412 629
1457 361 1771 421 ΒΕΥΙΤΑ
1816 361 1896 420 1N
1937 364 2019 422 Cli

1985 365 2263 426 liRlSTO
2301 368 2442 427 LIB.
2485 371 2546 429 V.
3509 380 3614 443 930

473 464 579 518 Τδν
601 464 658 518 δὲ
679 464 874 534 λόγον,
904 466 1021 522 ἀνθ’
1052 470 1171 522 ἴτον
1199 469 1398 525 τούτων
1420 474 1758 544 τελουμένων
1784 479 1958 530 ἐκεῖνο
1991 482 2033 536 Α

1991 482 2033 536 Α
2137 478 2417 534 Rationem
2474 490 2654 536 autem
2685 493 2904 553 propter
2934 500 3098 555 quam
3144 487 3232 542 his
3280 496 3616 549 caeremoniis

392 555 630 625 γίνεται,
671 562 766 611 καὶ
804 563 916 622 τοῖς
937 560 1012 630 τῷ
1051 562 1188 630 ἱερεῖ
1207 567 1616 633 πεπραγμένοις
1649 571 1708 620 τὸ
1735 570 1956 622 τοιαῦτα

2060 567 2152 622 illa
2183 570 2328 633 liant,
2355 573 2548 650 h_isque
2579 591 2607 626 a
2636 575 2916 630 sacerdote
2968 579 3219 646 peractis,
3252 594 3480 647 quorum
3514 584 3615 637 do-

325 719 334 721 _
392 646 654 700 δύνασθαι
699 648 796 717 τὴν
840 651 1019 704 οξκίαν
1065 653 1160 706 καὶ⁵
1213 655 1311 722 τὴν
1357 656 1636 725 τράπεζαν
1685 660 1956 732 ἀπαντᾷν,

2062 674 2182 713 mus
2213 669 2266 715 et
2299 646 2483 716 mensa
2513 678 2614 719 nos
2642 675 2916 720 moneant.
2957 683 3102 722 nunc
3129 667 3340 738 singula
3367 674 3619 728 conside-

392 738 644 808 λέγωμεν
683 741 806 811 ήδη,
844 743 1185 814 θεωροῦντες
1218 747 1447 804 ἕκαστα.

960 745 1185 814 ροῦντες
1218 747 1447 804 ἕκαστα.
2061 763 2245 805 rantes
2276 751 2590 809 doceamus.

479 831 545 884 Ἦ
574 833 674 914 μὲν
691 827 782 886 οὖν
806 835 1046 907 ἀναϐολὴ
1063 839 1157 892 καὶ⁸
1179 839 1238 891 τὸ
1257 840 1430 904 οὕτως
1455 843 1852 914 ἐσκευασμένον
1871 849 1962 901 ἐπὶ

2131 840 2380 895 Amictus
2433 841 2615 910 igitur,
2676 851 2728 896 et
2777 844 2919 911 quod
2969 847 3048 901 sic
3103 847 3170 900 ad
3252 847 3623 902 caerimoniam

396 922 491 991 τὴν
518 911 737 994 τελετὴν
784 927 1013 996 ἀφῖχθαι
1054 931 1144 982 τὸν
1200 932 1495 1003 ίεράρχην,
1544 938 1638 989 τοῦ
1695 911 1836 994 κατὰ
1869 941 1961 994 τὸν

2065 933 2642 1002 eonsecrationemquc
2721 936 2908 990 altaris
2995 936 3298 992 obeundam
3375 941 3635 1004 accedit,

399 1014 685 1082 ἄνθρωπον
737 1003 1134 1090 θυσιαστηρίου
1167 1026 1368 1092 γράφει
1404 1027 1494 1078 τὸν
1524 1028 1724 1080 τύπον·
1755 1031 1812 1083 τὸ
1855 1033 1963 1102 γὰρ

2064 1025 2251 1078 altaris
2299 1026 2520 1078 humani
2572 1035 2758 1095 typum
2807 1027 2991 1082 refert.
3060 1027 3406 1099 iniquitatem
3467 1031 3625 1100 quip-

397 1105 576 1158 πᾶσαν
633 1109 1042 1178 ἀπονιψάμενον
1110 1116 1378 1184 πονηρίαν
1441 1121 1537 1172 καὶ
1597 1121 1733 1192 ὑπὲρ
1807 1124 1964 1192 χιόνα

2064 1131 2130 1183 pe
2193 1132 2410 1170 omnem
2474 1118 2736 1182 abluisse,
2803 1129 2858 1172 et
2917 1135 3083 1186 super
3158 1124 3336 1178 nivem
3399 1123 3622 1177 dealba-

394 1193 756 1252 λευκανθέντα
788 1202 952 1254 Δα6“ιδ
1002 1199 1124 1256 εἷπε
1171 1203 1414 1268 συνὲλεέν
1459 1210 1651 1263 ἑαυτὸν
1699 1215 1792 1266 καὶ
1827 1232 1965 1284 συμ-

2067 1216 2178 1260 tum
2231 1222 2371 1268 esse.
2445 1217 2500 1262 ut
2561 1209 2726 1262 David
2777 1210 3020 1278 loquitur
3086 1211 3151 1278 “,
3230 1229 3350 1269 sese
3411 1225 3628 1267 contra—

397 1285 596 1350 πτύξαι
642 1290 736 1340 καὶ
767 1291 903 1359 πρὸς
933 1293 1126 1345 ἑαυτὸν
1157 1293 1342 1347 νεῦσαι
1371 1297 1464 1349 τὸν
1494 1299 1802 1369 ἄνθρωπον,
1833 1304 1966 1357 Θεὸν

2067 1301 2232 1362 ιιίεεε.
2281 1303 2333 1355 in
2389 1311 2560 1355 semet
2599 1304 2958 1371 convolvisse,
3028 1306 3079 1358 in
3128 1321 3187 1360 se
3261 1306 3625 1369 descendisse,

398 1376 651 1442 ὲνοικίζει
683 1382 940 1450 καθαρῶς
967 1387 1032 1452 τῇ
1062 1385 1204 1455 ψυχῇ
1247 1373 1338 1440 καὶ
1379 1389 1768 1462 θυσιαστήριον
1802 1399 1968 1465 ἐργά-

2069 1393 2233 1445 Deum
2291 1393 2526 1462 perfecte
2582 1395 2828 1449 habitare
2878 1397 2928 1449 in
2988 1398 3189 1458 anima.
3227 1409 3280 1452 et
3324 1415 3418 1451 eor
3459 1399 3629 1452 altare

399 1466 549 1529 ζεται
570 1471 669 1534 τὴν
700 1474 944 1542 καρδίαν.
978 1477 1192 1530 Τούτων
1219 1480 1328 1549 γὰρ
1355 1487 1578 1550 σημεῖα,
1621 1486 1713 1537 τοῦ
1751 1488 1871 1556 μὲν,
1905 1489 1968 1541 τὸ

2071 1484 2218 1537 facit.
2254 1484 2458 1538 llorum
2507 1485 2725 1551 indicia,
2770 1488 2932 1554 hujus
2981 1489 3139 1542 albus
3173 1497 3225 1541 et
3259 1492 3456 1544 nitidus
3491 1491 3628 1543 ami-

397 1557 602 1627 λευκὴν
649 1558 791 1616 εἶναι
844 1567 936 1618 καὶ
982 1566 1309 1636 λάμπουσαν
1354 1573 1503 1642 αὺτῷ
1548 1575 1644 1645 τὴν
1676 1578 1967 1648 ἀναϐολὴν,

2070 1584 2226 1640 ctus;
2263 1576 2431 1638 illius,
2457 1580 2599 1646 quod
2627 1588 2770 1632 lotus
2806 1582 2868 1632 a.l
2906 1579 3069 1632 Deum
3107 1592 3188 1633 est
3231 1597 3544 1645 conversus,
3577 1591 3630 1635 ct

402 1651 611 1704 ἐκείνου
651 1654 728 1718 δὲ,
753 1655 814 1706 τὺ
837 1659 1170 1726 πανταχόθεν
1205 1662 1338 1730 πρὸς
1376 1664 1565 1717 ἑαυτὸν
1597 1668 1966 1738 ἐπεστράφθαι

2070 1667 2117 1722 ei
2159 1682 2386 1736 corpore
2437 1683 2611 1736 prono
2660 1670 2943 1735 stipplicat.
2980 1671 3045 1722 Et.
3073 1673 3170 1734 ita,
3205 1688 3349 1731 cum.
3387 1687 3480 1739 per
3507 1688 3629 1740 qua:

402 1743 500 1795 καὶ
544 1747 908 1814 συνεπτύχθαι
940 1749 1017 1818 τῷ
1050 1750 1302 1821 σώματι·
1340 1757 1433 1806 καὶ
1465 1756 1607 1809 οῦτω
1647 1758 1715 1810 δι’
1779 1756 1852 1813 ὧν
1884 1759 1969 1825 ἔξ.-
2003 1811 2034 1829 η

2003 1811 2039 1829 η
2073 1768 2268 1826 potest,
2345 1759 2400 1812 in
2451 1761 2632 1828 seipse
2684 1761 2856 1814 altare
2911 1761 3066 1829 prius
3114 1763 3371 1824 elIecerit,
3437 1765 3630 1817 deinde

401 1849 554 1886 εστιν
584 1839 641 1889 ὲν
689 1837 870 1908 ἑαυτῷ
905 1840 1006 1908 πρδ
1039 1842 1131 1894 τοῦ
1168 1844 1430 1912 τεμένους
1471 1847 1530 1899 τὸ
1579 1848 1966 1919 θυσιαστήριον
2003 1811 2033 1864 Ε

2003 1811 2040 1864 Β
2072 1851 2276 1919 templo
2311 1867 2531 1905 manum
2572 1852 2820 1907 ultimam
2861 1854 3094 1924 imponit
3122 1869 3138 1919 ;
3165 1857 3397 1908 ntaxitne
3426 1871 3548 1909 cum
3579 1866 3631 1911 et

400 1925 601 1991 δείξας,
627 1927 818 1985 ἔπειτα
839 1931 914 1998 τῷ
939 1933 1155 2000 τεμένει
1179 1937 1278 2006 τὴν
1299 1937 1562 1993 τελοῦσαν
1583 1941 1763 1995 δίδωσι
1791 1947 1967 2012 χεῖρα,

2071 1940 2122 1994 in
2173 1942 2496 2004 artiﬁcibus,
2547 1953 2598 1997 et
2629 1933 2850 1999 omnino
2907 1946 2961 1999 in
2997 1945 3280 2015 quibu5vis
3323 1946 3627 2014 (militibus.

405 2020 641 2087 μάλιστα
676 2022 773 2090 μὲν
831 2024 954 2076 ἐπεὶ
1003 2027 1098 2078 καὶ
1133 2028 1338 2096 τεχνῶν
1382 2033 1496 2093 τοῖς
1550 2035 1971 2102 προϊσταμένοις

2073 2039 2196 2084 ante
2225 2047 2446 2100 operam
2479 2049 2738 2089 manuum
2763 2037 3018 2104 cogitatio
3043 2037 3095 2090 in
3119 2038 3293 2105 seipsa
3323 2052 3458 2106 Opus
3488 2052 3635 2090 com-

404 2111 499 2164 καὶ
534 2111 674 2175 ὅλως
727 2114 906 2167 ὁτιοῦν
958 2117 1285 2186 ἐργάζεσθαι
1340 2122 1661 2189 δυναμένοις
1709 2126 1816 2195 πρὸ
1863 2127 1972 2178 τῶν

2073 2129 2262 2188 ponat,
2301 2132 2356 2175 et
2405 2124 2550 2191 quod
2583 2126 2916 2194 composuit,
2949 2127 3079 2182 illud
3121 2143 3218 2197 pro
3246 2129 3428 2198 regula
3462 2129 3635 2182 inani-

404 2203 718 2280 χειρῶνρφ⁹
745 2207 939 2259 ἑαυτοῦ
983 2211 1282 2280 συνέστησε
1311 2213 1370 2266 τὸ
1416 2214 1575 2284 ἔργον
1616 2219 1642 2268 ὁ
1681 2216 1970 2287 λογισμόςο

2074 2207 2175 2262 bus
2206 2207 2543 2277 praescribat,
2581 2230 2744 2282 quant
2782 2217 2885 2270 illa:
2910 2217 2964 2270 in
3008 2219 3232 2272 materia
3263 2220 3503 2288 subjecta
3535 2235 3634 2274 ex-

407 2295 502 2347 καὶ
523 2298 552 2355 ῥ
584 2297 681 2364 μὲν
711 2297 740 2350 ὃ
770 2302 1137 2369 συνεστήσατο
1161 2306 1363 2356 κανόνα
1396 2309 1517 2368 ταῖς
1537 2308 1724 2376 χερσὶν
1745 2309 1972 2374 ἔδωκεν,

2075 2299 2337 2368 primunt.
2369 2302 2509 2366 Quin
2539 2305 2704 2358 etiam
2738 2306 2972 2371 pictores
3002 2309 3354 2379 archetypum
3386 2311 3632 2377 pingunt,

411 2387 468 2437 ai.
499 2387 554 2439 δὲ
580 2389 672 2440 ἐπὶ
695 2390 796 2458 τῆς
828 2390 958 2462 ῦλης
989 2393 1215 2458 ἔδειξαν.
1245 2397 1354 2449 Καὶ
1387 2399 1497 2468 μὴν
1527 2405 1622 2453 καὶ⁵
1650 2400 1978 2472 ζωγράφους

2075 2398 2360 2460 artemque
2398 2408 2428 2447 a
2466 2393 2685 2460 tabulis,
2738 2410 2874 2464 quas
2907 2396 3210 2462 imitantur,
3242 2400 3468 2454 ducunt.
3500 2400 3635 2456 Pos-

408 2474 528 2529 έστι
585 2478 684 2548 μὲν
721 2481 858 2550 πρὸς
914 2482 1006 2535 τὸν
1061 2486 1373 2555 ἀρχέτυπον
1419 2489 1654 2560 γράφειν
1709 2493 1818 2546 ἀπὸ
1866 2493 1975 2546 τῶν

2075 2490 2204 2534 sunt
2237 2483 2398 2536 etiam
2432 2487 2695 2540 memoria
2746 2496 2800 2541 et
2848 2488 3165 2544 simulacris
3190 2507 3307 2560 quae
3333 2493 3515 2546 animo
3551 2509 3636 2547 re-

409 2567 659 2622 πινάκων
719 2575 1078 2640 ποιουμένους
1123 2575 1223 2644 τὴν
1274 2577 1491 2646 τέχνην,
1542 2579 1620 2632 ἔτι
1668 2581 1724 2634 δὲ
1771 2587 1862 2635 καὶ
1906 2586 1970 2654 τῇ

2078 2572 2250 2625 tinent
2295 2589 2393 2642 pro
2420 2576 2682 2644 exemplis
2716 2577 2812 2632 uti.
2856 2579 2968 2633 lloc
2997 2596 3156 2648 porro
3198 2598 3304 2636 non
3337 2571 3637 2651 pictoribus

413 2658 601 2728 μνήμῃ
635 2658 705 2712 τὰ
730 2661 954 2714 τοιαῦτα
1001 2665 1314 2734 χρωμένους
1344 2668 1438 2721 καὶ
1467 2669 1604 2738 πρὸς
1651 2671 1748 2741 τὴν
1797 2673 1976 2744 ψυχὴν

2076 2661 2364 2729 duntaxat,
2396 2667 2492 2719 sed
2537 2669 2817 2723 statuariis
2850 2686 3087 2740 quoque,
3119 2683 3172 2728 et
3209 2674 3524 2732 architectis
3584 2687 3639 2733 et

406 2747 651 2815 ὁρῶντας
679 2751 1063 2821 παράδειγμα’
1100 2757 1194 2808 καὶ
1225 2759 1283 2809 οὐ
1334 2758 1644 2828 ζωγράφοις
1690 2760 1847 2814 τοῦτο
1883 2764 1978 2831 μό-

2077 2755 2368 2822 opilicibus
2397 2758 2614 2812 demum
2642 2761 2910 2816 universis
2935 2779 3034 2818 usu
3060 2765 3246 2842 venire
3289 2777 3497 2822 certum
3531 2780 3637 2827 est.

411 2851 521 2901 νον,
557 2838 675 2891 ἀλλ’
707 2841 806 2911 ἤδη
839 2844 932 2894 καὶ
963 2843 1430 2912 ἅνδριαντοποιοῖς
1460 2851 1556 2901 καὶ
1586 2851 1774 2903 οἰκιῶν
1806 2854 1974 2923 ἐργά-

2077 2846 2141 2899 Ει
2178 2849 2220 2902 si
2261 2865 2367 2917 quo
2400 2852 2633 2906 artiﬁcio
2669 2863 2852 2922 posset
2880 2854 3061 2908 anima
3093 2838 3321 2912 a‘rtiiieis
3357 2858 3476 2914 istis
3502 2875 3639 2914 ocu-

412 2943 531 2990 ταις
562 2928 916 3001 δημιουργοῖς
954 2933 1127 2987 ἅπασι
1167 2937 1467 3006 συμϐαῖνον
1503 2941 1601 2992 ῖδοι
1635 2958 1719 3003 τις
1752 2941 1838 2995 ἄν.
1865 2946 1974 2997 Καὶ

2078 2938 2144 2993 lis
2172 2939 2362 3005 rideri,
2398 2943 2448 2994 in
2482 2959 2542 2996 ea
2588 2945 2948 3012 antdomum,
2995 2955 3089 3001 aut
3135 2947 3366 3017 quodvis
3411 2966 3638 3020 operum

410 3018 508 3088 τὴν
537 3019 631 3072 τοῦ
670 3023 916 3092 τεχνίτου
951 3025 1129 3096 ψυχήν
1173 3027 1472 3097 ὀφθαλμοῖς
1517 3031 1666 3094 ἰδεῖν,
1697 3033 1751 3087 εἴ
1789 3052 1872 3097 τις
1906 3032 1974 3106 ἦν

1199 3028 1472 3097 ιφθαλμοίς
1517 3031 1666 3094 ἰδεῖν,
1697 3033 1751 3087 εἴ
1789 3052 1872 3097 τις
1906 3032 1974 3106 ἦν
2077 3031 2194 3085 sine
2230 3034 2455 3088 materia
2504 3034 2831 3091 rideremus.

413 3110 646 3180 μηχανὴ,
683 3106 858 3184 αὐτὴν
872 3115 938 3168 ἂν
974 3113 1114 3182 εἶδες
1141 3118 1237 3189 τήν
1255 3123 1432 3174 οἰκίαν
1464 3121 1496 3192 ἢ
1533 3123 1624 3177 τὸν
1659 3124 1970 3196 ἀνδριάντα,
2004 3151 2048 3208 C

409 3199 442 3269 ἢ
469 3202 576 3254 τῶν
603 3202 782 3273 ἔργων
812 3207 989 3260 ὁτιοῦν
1025 3210 1123 3279 τῆς
1155 3210 1290 3280 ῦλης
1319 3215 1508 3283 χωρίς.

486 3291 720 3347 Ἔπειτα
753 3297 1106 3369 παράδειγμα
1127 3302 1220 3354 τοῦ
1247 3303 1638 3376 θυσιαστηρίου
1667 3310 1760 3362 τὸν
1795 3311 1978 3380 {epip-

2151 3299 2352 3356 Deinde
2394 3302 2736 3357 hierarehant
2765 3307 3041 3376 exemplar
3070 3309 3254 3365 altaris
3283 3326 3389 3366 non
3419 3313 3522 3368 hoc
3554 3329 3643 3369 so-

407 3399 514 3452 χην
547 3383 607 3435 οῦ
648 3385 806 3438 τοῦτο
841 3390 984 3441 ποιεῖ
1018 3391 1199 3458 μόνον,
1250 3393 1331 3447 ὅτι
1360 3395 1471 3449 τῶν
1513 3399 1772 3453 τοιούτων
1816 3401 1977 3464 αὐτὸς

2080 3391 2188 3444 lum
2225 3391 2374 3456 facit,
2409 3394 2551 3462 quod
2607 3396 2798 3448 harum
2844 3412 3023 3451 rerum
3079 3399 3196 3467 ipse
3231 3411 3383 3456 actor
3407 3413 3513 3469 est,
3544 3405 3638 3458 sed

408 3474 686 3544 τεχνίτης,
717 3476 833 3529 ἀλλ’
861 3479 944 3531 ὅτι
977 3481 1102 3542 ναὸς
1136 3478 1279 3536 εἶναι
1302 3485 1434 3538 Θεοῦ
1471 3488 1565 3541 καὶ
1593 3489 1977 3562 θυσιαστήριον

2077 3484 2221 3553 quod
2255 3499 2376 3538 vere
2425 3486 2683 3548 templum
2730 3487 2819 3541 Dei
2876 3498 2929 3543 et
2986 3491 3156 3546 altare
3205 3507 3344 3557 esse,
3406 3495 3522 3550 sola
3575 3512 3644 3550 ex

409 3566 631 3633 ἀληθῶς
662 3567 796 3638 μόνη
828 3570 933 3624 τῶν
960 3573 1253 3642 ὁρωμένων
1283 3578 1315 3646 ὴ
1348 3580 1456 3632 τῶν
1481 3580 1782 3652 ἀνθρώπων
1819 3584 1979 3638 δύνα-

2078 3576 2240 3630 rebus
2268 3593 2388 3645 quae
2425 3583 2526 3632 sub
2561 3589 2841 3647 aspectum
2895 3583 3121 3647 cadunt,
3157 3583 3397 3640 humana
3444 3596 3640 3642 natura

409 3673 505 3708 ται
545 3657 730 3722 φύσις,
756 3659 831 3721 ὡς
865 3661 924 3713 τό
949 3679 1011 3724 γε
1044 3667 1232 3734 χερσὶν
1261 3667 1564 3739 ἀνθρώπων
1598 3674 1769 3742 παγὲν
1794 3676 1977 3729 εἰκόνα

2079 3677 2274 3736 potest.
2309 3669 2491 3738 Itaque
2519 3673 2773 3728 manibus
2809 3675 3092 3730 hominum
3127 3679 3291 3731 lixum
3323 3687 3377 3733 et.
3401 3680 3640 3735 locatum

409 3745 610 3798 τούτου
646 3749 810 3811 σώζει
843 3752 937 3804 καὶ
974 3753 1144 3806 τύπον
1166 3772 1180 3787 ο
1215 3757 1336 3810 ὅθεν
1365 3760 1471 3814 ἔδει
1498 3762 1558 3814 τὸ
1602 3767 1833 3834 πρᾶγμα
1873 3767 1982 3837 πρὸ

2079 3759 2370 3828 imaginem
2409 3771 2462 3816 et.
2497 3772 2680 3834 typum
2716 3765 2875 3833 hujus
2911 3780 3110 3824 servat.
3145 3768 3223 3824 Ex
3259 3787 3370 3840 quo
3423 3781 3640 3842 oporte-

411 3837 520 3900 τῆς
569 3840 777 3900 εἰκόνος
835 3843 890 3892 ἐν
945 3843 1020 3912 τῷ
1076 3847 1314 3914 σχήματι
1367 3852 1540 3921 τούτῳ
1599 3856 1836 3924 φανῆναι
1887 3861 1980 3909 καὶ

2081 3851 2170 3905 bat
2201 3868 2312 3906 rem
2347 3865 2471 3908 ante
2508 3856 2797 3926 imaginem
2827 3860 2878 3912 in
2913 3861 3190 3916 schemate
3227 3864 3327 3918 hoc
3360 3880 3641 3933 apparere,

412 3929 653 3999 τάληθὲς
701 3933 814 3994 τοῖς
862 3934 1052 3996 τύποις
1108 3938 1445 4006 ἡγήσασθαι.
1503 3943 1563 3996 '0
1607 3946 1715 4014 γὰρ
1777 3947 1978 4012 εἰπὼν,

2080 3951 2134 3996 et
2162 3945 2451 4007 ,veritatetn
2505 3947 2698 4001 formis
2733 3952 3073 4006 antecedere.
3113 3954 3213 4017 Qui
3265 3929 3641 4011 enini-dixit:

368 4084 372 4086 ,
418 4048 440 4080 ι
489 4030 644 4082 Ποῖον
673 4027 818 4086 οἷκον
843 4033 1225 4104 οἰκοῖοςιήσετέ
1277 4053 1366 4103 μοι
1401 4052 1414 4099 ;
1450 4037 1768 4105 Ἐνοικήσω,
1794 4039 1979 4104 φησὶν,

2089 4053 2106 4085 ι
2154 4035 2406 4104 Nunquid
2437 4039 2654 4092 domum
2682 4049 2737 4093 tu
2770 4041 3064 4097 aedilleabis
3112 4045 3242 4098 mihi
3290 4047 3356 4100 ad
3398 4049 3647 4102 habitan-

413 4122 482 4172 ἐν
513 4122 691 4186 αὐτοῖς
723 4127 812 4178 καὶ
840 4127 1298 4196 ὲμπεριπατήσω·
1329 4145 1346 4178 ι
1381 4126 1647 4195 Σημαίνοι
1669 4125 1713 4179 δ’
1737 4127 1801 4180 ἂν
1829 4123 1981 4195 οἶμαι

2083 4129 2207 4182 dum
2223 4128 2300 4181 "1?
2327 4145 2448 4180 ι-ι
2483 4127 3136 4201 Habitabo,inquit,inter
3153 4138 3648 4196 vos.etinambula-

414 4216 662 4283 κάκεῖνο,
705 4219 780 4280 ὡς
831 4219 923 4270 τὸν
957 4219 1278 4287 βουλόμενον
1329 4219 1507 4282 ἄλλοις
1555 4220 1748 4286 ὄφελος
1819 4215 1978 4280 εἶναι,

2083 4221 2261 4284 bofm
2303 4219 2436 4274 Illud
2495 4221 2620 4274 item
2651 4221 2936 4289 signiﬁcat.
2969 4225 3182 4292 Opinor,
3226 4229 3495 4283 volentem
3526 4231 3647 4308 aliis

416 4307 670 4376 προσῆκε
712 4310 976 4378 πρότερον
1005 4312 1204 4378 ἑαυτῷ,
1254 4311 1344 4363 καὶ
1376 4311 1465 4363 τὸν
1497 4311 1721 4379 ἀψύχοις
1755 4311 1982 4378 δύναμιν

2083 4313 2450 4375 commodare,
2485 4324 2610 4368 ante
2641 4316 2858 4368 sibimet
2879 4317 3074 4372 debere
3096 4321 3353 4387 prodesse
3372 4339 3386 4388 ;
3405 4335 3458 4377 et
3487 4325 3645 4380 rebus

411 4396 655 4450 ἐνθεῖναι
695 4399 964 4467 τοσαύτην
996 4398 1299 4466 ἠξιωμένον
1324 4397 1499 4465 ἑαυτῷ
1536 4399 1640 4468 πρὸ
1671 4399 1891 4450 ἐκείνων
1913 4399 1979 4452 τὰ

2085 4405 2342 4460 inanimis
2371 4416 2572 4459 tantam
2625 4407 2878 4462 virtutem
2911 4409 3204 4465 immittere
3255 4417 3640 4482 postulantem,

409 4485 646 4538 τοιαῦτα
706 4487 961 4556 λυσιτελῆ
1015 4490 1384 4555 καταστῆναι,
1445 4487 1695 4559 καθάπερ
1747 4488 1841 4540 καὶ
1891 4489 1980 4540 τὸν
2013 4495 2041 4549 ις

2013 4495 2057 4549 D
2086 4499 2188 4551 sibi
2222 4501 2374 4566 prius
2407 4501 2519 4552 haec
2553 4498 2702 4551 utilia
2750 4499 2978 4555 reddere
3011 4502 3173 4570 (sicut
3223 4516 3278 4558 et
3329 4509 3643 4580 episcopum

414 4576 716 4630 ἐπίσκοπον
748 4578 957 4640 Παῦλος
988 4577 1187 4642 ἠξίωσε
1230 4580 1382 4631 πόλει
1433 4580 1526 4630 καὶ
1569 4578 1762 4647 δήμοις
1793 4581 1985 4649 ἐσόμε-

2084 4590 2286 4644 Paulus
2325 4605 2538 4657 aequum
2567 4591 2777 4644 censuit
2816 4592 2931 4645 urbi
2959 4603 3011 4647 et
3041 4598 3251 4664 populis
3276 4576 3643 4667 profuturum,

417 4678 512 4722 νον
554 4670 756 4737 ἀγαθὸν
787 4671 889 4739 ἀφ’.
914 4670 1096 4733 ἑστίας
1129 4669 1418 4740 ἄρξασθαι,
1453 4672 1546 4722 κατ¹
1572 4671 1661 4722 τὸν
1691 4673 1985 4740 οἰκήσοντα

2085 4697 2112 4732 a
2146 4680 2308 4733 donto
2358 4695 2454 4733 sua
2491 4680 2726 4748 incipere
2759 4681 2824 4749 ³⁷)
2857 4691 2912 4736 et
2959 4684 3096 4738 bene
3146 4687 3643 4744 administraturum

417 4761 602 4824 καλῶς
632 4761 730 4830 τὴν
762 4762 939 4813 οἰκίαν
969 4762 1158 4813 ἑαυτὸν
1186 4763 1325 4813 κατὰ
1355 4763 1444 4814 τὸν
1476 4762 1637 4827 ὀρθὸν
1664 4761 1819 4828 λόγον
1850 4762 1983 4829 πρό-

2085 4769 2330 4832 dotnunt,
2366 4772 2606 4839 seipsum
2641 4773 2936 4826 secundum
2968 4786 3168 4828 rectam
3204 4778 3463 4832 rationem
3498 4783 3647 4850 prius

415 4869 577 4920 τερον
609 4853 854 4919 ἀγαγεῖν.
884 4854 1061 4904 Δεῖται
1105 4851 1162 4904 δὲ
1195 4850 1287 4902 τοῦ
1330 4850 1465 4903 Θεοῦ
1518 4850 1654 4918 πρὸς
1696 4851 1755 4902 τὸ
1788 4850 1982 4919 ἔργον·

2088 4875 2294 4927 regere.
2357 4859 2538 4929 Opus.
2575 4873 2657 4915 est
2703 4873 2881 4916 autem
2936 4867 3042 4918 Deo
3093 4866 3158 4919 ad
3195 4867 3296 4921 hoc
3328 4883 3486 4937 Opus,
3529 4874 3647 4928 sine

422 4945 517 4997 καὶ
550 4944 657 5013 γὰρ
687 4944 882 4994 ἁνῦσαι
921 4942 1016 5010 μὲν
1046 4941 1252 4994 δύναιτ’
1283 4941 1348 4994 ἂν
1378 4943 1550 5002 οὐδεὶς
1603 4942 1675 5009 μὴ
1721 4941 1815 4992 τοῦ
1848 4940 1984 4992 Θεοῦ

2087 4954 2245 5018 cuius
2280 4968 2383 5020 ope
2428 4969 2528 5006 nee
2560 4953 2703 5007 aliud
2752 4956 3072 5024 quidquam,
3122 4957 3320 5012 nedum
3363 4967 3643 5032 mysteria.

422 5031 623 5102 τυχὼν,
659 5033 776 5085 οὐδὲ
799 5033 904 5084 τῶν
935 5033 1110 5085 ἄλλων
1138 5035 1314 5098 οὐδὲν,
1344 5033 1578 5101 μάλιστα
1624 5033 1679 5083 δὲ
1730 5032 1839 5084 τῶν
1887 5050 1986 5101 μυ-

2088 5041 2141 5094 in
2171 5043 2366 5110 (.ptihns
2409 5053 2581 5096 totum
2643 5060 2784 5112 opus
2830 5045 2976 5097 illius
3007 5045 3179 5099 solius
3229 5057 3332 5112 est,
3393 5065 3648 5121 peragere

427 5123 685 5193 στηρῐων,
743 5125 800 5174 ὲν
853 5117 935 5184 οἷς
979 5123 1040 5174 τὸ
1089 5125 1196 5174 πᾶν
1250 5124 1459 5175 ἐκείνου
1493 5122 1751 5189 καθαρῶς
1805 5122 1985 5189 ἔργον.

2087 5148 2270 5202 queat.
2297 5135 2433 5199 Quia
2467 5151 2595 5190 vero
2626 5136 2931 5189 communis
2966 5147 3049 5189 est
3089 5135 3368 5207 Dominus,
3407 5156 3511 5195 non
3555 5158 3647 5212 per

438 5215 590 5266 Ἐπεὶ
640 5214 696 5266 δὲ
743 5214 771 5264 ὁ
829 5214 1009 5274 κοινὸς
1059 5213 1339 5282 Δεσπότης
1386 5215 1490 5265 τῶν
1539 5213 1740 5264 δούλων
1788 5214 1886 5265 οὐκ
1927 5213 1985 5276 ἐξ

2090 5228 2446 5282 subsidiarios
2483 5229 2760 5281 consuluit
2809 5227 2982 5280 servis
3032 5229 3167 5293 suis,
3229 5246 3325 5285 uec
3369 5241 3648 5286 curatores

426 5307 797 5374 ἐπιτάγματος
820 5305 1151 5373 προύνοήθη.
1182 5305 1287 5356 οὐδ’
1324 5305 1534 5372 ἔπεμψε
1564 5304 1688 5364 τοὺς
1718 5306 1985 5371 ἐπιμελη-

2096 5318 2263 5381 misit,
2301 5320 2391 5372 sed
2447 5319 2679 5386 ipsemet
2738 5316 2908 5380 venit,
2958 5325 3013 5370 ct
3070 5319 3252 5372 omnia
3319 5334 3440 5386 qua:
3501 5321 3647 5373 salus

423 5398 705 5464 σομένους,
752 5395 864 5448 ἀλλ’
909 5397 1068 5458 αὐτὸς
1101 5392 1251 5464 ἦλθε,
1289 5397 1383 5447 καὶ
1424 5398 1638 5448 πάντων
1673 5396 1738 5447 δι’
1771 5389 1845 5448 ὧν
1877 5395 1984 5446 ἔδει

2095 5421 2278 5463 nostra
2371 5409 2725 5475 requirebat,
2831 5423 2924 5475 per
2986 5425 3044 5463 se
3114 5410 3344 5478 ipsemet
3435 5409 3647 5478 pra-sti-

430 5487 616 5540 σώσων
654 5485 950 5554 αὐτουργὸς
974 5481 1060 5554 ἦν,
1091 5485 1279 5537 τούτου
1308 5486 1466 5554 χάριν
1494 5485 1581 5537 τὸν
1614 5485 1873 5553 ἱερὰρχην
1897 5484 1986 5536 τὸν

2097 5504 2178 5557 tit.
2229 5501 2402 5564 Quam
2450 5501 2518 5552 ob
2569 5515 2812 5564 causam,
2862 5501 3201 5554 hierarcham
3268 5501 3413 5553 illius
3453 5513 3511 5551 se
3567 5498 3649 5548 di-

419 5569 638 5630 ἒκείνου
669 5577 954 5629 δεικνύντα
991 5575 1238 5644 μαθητὴν
1266 5575 1583 5644 αὐτοχειρίᾳ
1616 5575 1890 5643 πηγνύναι
1917 5575 1977 5626 τὸ

2095 5593 2362 5660 scipulum
2407 5591 2803 5656 ostendentetn,
2853 5606 2950 5646 sua
2981 5608 3143 5644 manu
3207 5590 3374 5642 altare
3413 5595 3649 5642 statuere

501 5773 543 5802 ἰ
583 5772 725 5828 i‘sal.
754 5787 806 5839 ι,
841 5770 894 5826 9.
974 5771 1016 5802 ²³
1054 5769 1095 5822 ll
1141 5769 1268 5840 lia-3.
1302 5785 1396 5837 vn,
1429 5771 1482 5826 5.
1559 5768 1794 5825 "Lcrit.
1837 5786 1984 5835 XXVI,
2017 5770 2080 5824 12
2108 5786 2120 5837 ;
2152 5766 2192 5822 ll
2221 5767 2350 5823 Cor.
2398 5782 2469 5834 v1,
2509 5766 2593 5823 l6.
2671 5766 2714 5799 ’⁷
2757 5765 2775 5819 l
2821 5765 2961 5818 Tim.
2992 5781 3078 5830 ιιι,
3115 5764 3235 5816 22-5.
