4196 6308
438 393 541 453 C'Il

1537 397 1631 456 DE
1671 395 1850 458 VITA
1894 397 1971 456 IN
2006 398 2336 461 CIIRIS'I‘O
2372 405 2520 464 LIB.
2558 407 2621 466 V.

3566 411 3672 471 63f

359 536 376 550 .
431 522 554 560 στον
578 502 685 555 τῶν
701 501 1060 569 τελουμένων.
1097 503 1276 557 Πάντα
1308 505 1413 575 γὰρ
1447 508 1564 559 δέον
1594 511 1670 570 εἰς
1693 509 1850 574 δόξαν
1869 508 2002 562 Θεοῦ

2124 512 2486 582 )rzecipueque
2543 514 2824 584 mysteria,
2858 515 3078 584 quando
3124 516 3376 571 omnibus
3405 519 3667 572 conduci-

431 597 630 661 ποιεῖν,
668 593 738 647 τὰ
772 595 1042 665 μυστήρια
1074 597 1305 664 μάλιστα
1336 600 1569 663 πάντων,
1603 601 1712 670 ὅσῳ
1744 602 1836 654 καὶ⁵
1865 601 2001 654 πάνο

435 708 548 744 των
575 690 988 760 λυσιτελέστερα
1019 692 1109 743 καὶ
1137 691 1272 744 Θεοῦ
1303 693 1484 761 μόνου.

523 783 671 834 Ἐπεὶ
711 782 768 834 δὲ
817 782 922 848 πρὸ
969 782 1077 834 τῶν
1118 783 1278 835 Θεῐων
1326 787 1566 854 χαρίτων
1618 785 1676 837 ού
1747 785 2001 853 καθαίρει

450 873 573 926 σθαι
593 873 769 939 μόνον,
791 873 926 926 ἀ)λά
961 876 1053 926 καὶ
1083 875 1180 937 τὰς
1216 876 1530 946 συστοίχους
1563 877 1755 938 αὐταῖς
1776 881 1999 947 ἀρετὰς,

443 963 516 1025 ὡς
553 957 651 1015 οίοί
680 964 738 1015 τέ
786 965 975 1029 ἐσμεν,
1018 965 1419 1019 ἐπιδείκνυσθαι
1471 969 1598 1040 χρὴ,
1643 969 1716 1030 ὠς
1755 970 1850 1021 οὐκ
1888 970 2003 1021 ἐνὸν

439 1054 611 1116 ἄλλως
648 1055 938 1124 τυγχάνειν
974 1055 1068 1108 τοῦ
1111 1055 1347 1127 χορηγοῦ
1376 1059 1483 1111 τῶν
1509 1060 1780 1124 τοιούτων,
1818 1060 1867 1129 (ὁ
1895 1061 2004 1129 γὰρ

435 1145 566 1206 Oak;
593 1144 759 1214 εὐχὴν
789 1144 972 1198 δίδωσι
1006 1146 1066 1198 ού
1100 1151 1210 1210 τοῖς
1245 1150 1616 1213 καθεύδουσιν,
1645 1150 1780 1203 ἀλλὰ
1808 1149 1883 1218 τῷ
1911 1149 2002 1200 εύ-

435 1235 667 1303 χομένῳ,
695 1235 788 1286 καὶ
817 1236 908 1288 τὸν
935 1235 1330 1304 ἀγωνιζόμενον
1357 1237 1568 1304 ἀλείφει
1597 1239 1691 1291 καὶ
1726 1240 2005 1308 σωφροσύ-

435 1340 528 1392 της
553 1324 991 1394 δίδωσιχάρισμα
1009 1325 1086 1396 τῷ
1109 1327 1174 1380 δι’
1200 1323 1274 1381 ὦν
1302 1329 1476 1393 ἔξεστι
1502 1330 1888 1400 σωφρονοῦντι,
1908 1333 2002 1382 καὶ

433 1419 569 1479 ὅλως
619 1419 891 1488 πανταχοῦ
925 1421 1024 1489 τὴν
1059 1423 1192 1491 πρὸς
1232 1426 1288 1474 to
1331 1424 1660 1495 ζητούμενον
1707 1426 2002 1495 ἐπιθυμίαν

434 1510 532 1576 οὐχ
577 1504 657 1572 οἷς
692 1511 964 1581 εὐχόμεθα
1009 1514 1188 1580 μόνον,
1231 1517 1365 1568 ἀλλά
1398 1517 1489 1570 καὶ
1535 1518 1623 1569 ἐπ’
1662 1519 1843 1571 αὐτῶν
1895 1520 2001 1570 τῶν

433 1603 610 1669 ἔργων
642 1600 916 1654 δεικνύναι
947 1604 1050 1673 χρή
1080 1605 1118 1670 ’)
1148 1604 1236 1658 διὰ
1272 1605 1430 1658 τοῦτο
1467 1606 1572 1675 πρὸ
1603 1610 1696 1660 τοῦ
1725 1607 1999 1660 θειοτάτου

437 1689 635 1760 μύρου,
667 1691 695 1743 ὃ
716 1691 792 1762 τῷ
825 1693 1192 1764 θυσιαστηρίῳ
1216 1695 1312 1764 τὴν
1339 1697 1404 1748 ἐκ
1439 1697 1570 1748 Θεοῦ
1601 1699 1759 1766 χάριν
1784 1692 1890 1750 οἶδε
1915 1716 2004 1751 κο-

438 1802 476 1850 μ
504 1782 636 1846 ζειν,
673 1789 783 1846 τοῖς
819 1787 952 1857 παρ’
989 1789 1122 1858 ἡμῖν
1153 1788 1377 1842 εὐώδεσι
1415 1791 1633 1860 μυρίζει
1666 1792 1763 1861 τὴν
1792 1793 1999 1860 τράπε-

2105 601 2298 655 biliora
2327 613 2379 656 et
2415 603 2505 657 Dei
2530 605 2700 658 solius
2725 615 2874 658 sunt.

2177 785 2444 840 Caeterum
2479 786 2605 854 quia
2640 794 2767 840 ante
2796 785 3036 839 divinam
3067 786 3294 857 gratiam
3344 800 3450 840 non
3492 789 3668 839 solum

2105 875 2413 942 deprimere
2451 890 2530 940 se,
2571 876 2665 930 sed
2693 876 2856 930 etiam
2890 877 3118 930 virtutes
3146 877 3246 946 ipsi
3274 877 3670 930 consociabilcs

2105 976 2369 1032 quantum
2407 981 2718 1034 possumus,
2761 971 3026 1035 prmstare‘
3053 975 3290 1034 oportet,
3323 965 3466 1034 quod
3510 966 3669 1018 aliter

2105 1055 2564 1123 suppeditatorem
2607 1057 2796 1124 gratiae
2827 1072 2934 1110 non
2963 1056 3302 1124 acquirimus
3328 1056 3492 1126 (Deus
3521 1057 3666 1109 enim

2105 1154 2288 1213 optata
2315 1144 2548 1217 largitur
2577 1163 2684 1201 non
2717 1144 3138 1214 dormientibus,
3176 1149 3268 1203 sed
3299 1149 3667 1217 precantibus,

2104 1243 2156 1288 et
2182 1245 2481 1290 certantem
2511 1241 2666 1308 ungit
2693 1279 2708 1304 ,
2749 1249 2804 1294 et
2833 1241 3104 1296 castitatis
3132 1243 3329 1294 donum
3363 1243 3476 1306 dat,
3504 1241 3671 1296 casti-

2108 1336 2271 1380 tatem
2312 1329 2626 1393 exercendi,
2667 1347 2764 1398 per
2794 1347 2916 1400 quae
2974 1333 3277 1386 exercenda
3315 1340 3420 1396 est,
3452 1339 3508 1385 et
3553 1331 3672 1384 uni-

2106 1433 2259 1472 verse
2291 1421 2512 1490 ubique.
2565 1424 2893 1478 desiderium
2925 1425 3047 1494 ejus
3077 1426 3221 1494 quod
3253 1425 3536 1492 quaeritur,
3563 1439 3670 1476 nou

2103 1510 2244 1562 votis
2273 1511 2471 1575 solum,
2503 1515 2595 1567 sed
2625 1515 2786 1568 etiam
2825 1516 2956 1583 ipsis
3002 1517 3260 1584 operibus
3289 1515 3671 1570 demonstran-

2102 1598 2229 1653 dum
2261 1607 2389 1669 est),
2423 1605 2542 1658 ideo
2570 1617 2694 1660 ante
2717 1607 3118 1662 divinissimum
3150 1621 3505 1676 unguentum,
3525 1610 3669 1678 quod

2105 1688 2260 1743 altari
2294 1695 2519 1760 gratiam
2555 1711 2584 1748 a
2629 1696 2736 1750 Deo
2763 1705 3050 1766 apportare
3076 1698 3379 1762 consuevit,
3407 1699 3490 1752 his
3551 1714 3673 1766 qua:

2104 1781 2243 1848 apud
2278 1799 2374 1838 uos
2409 1785 2542 1838 bene
2561 1787 2726 1851 olent,
2755 1803 2994 1840 mensam
3019 1789 3312 1851 humectat,
3332 1789 3460 1842 vino
3481 1797 3535 1842 et
3550 1789 3672 1842 oleo

444 1875 543 1938 ζαν
575 1874 707 1946 οἴνῳ
731 1878 823 1929 καὶ
858 1855 1041 1947 μύρῳ,
1065 1874 1138 1932 ὧν
1165 1879 1224 1931 τδ
1247 1880 1344 1947 μὲν
1535 1855 1729 1951 τέρψιν
1754 1855 1864 1950 ἔχει
1898 1881 1996 1949 μό-

2126 1887 2442 1940 osaru:u,ex
2471 1878 2668 1947 quibus
2697 1880 2798 1934 hoc
2814 1881 3142 1943 voluptatem
3173 1889 3377 1934 tantum
3408 1881 3563 1935 nobis
3579 1895 3674 1948 ge-

436 1984 547 2030 νον,
575 1969 635 2021 τὸ
665 1969 722 2022 δὲ
757 1972 850 2022 καὶ
879 1973 946 2040 τῇ
980 1968 1090 2040 ζωῇ
1123 1971 1324 2040 βοηθεῖ,
1358 1972 1443 2024 ἵνα
1473 1973 1620 2043 δείξῃ
1654 1973 2003 2042 τάνθρώπινα

436 2059 764 2127 εἰσενεγκὼν
790 2061 1002 2114 ἅπαντα
1021 2063 1102 2114 ὅτι
1129 2063 1336 2116 τούτων
1363 2065 1496 2131 ἡμῖν
1528 2065 1618 2117 τὸν
1646 2063 1761 2134 βῖον
1788 2063 2004 2118 ἅπαντα

438 2151 928 2221 συμπληρούντων,
961 2153 1068 2206 τῶν
1096 2170 1154 2206 τε
1188 2156 1324 2224 πρὸς
1351 2156 1412 2208 τὸ
1441 2156 1541 2226 ζῇν
1565 2156 1882 2224 ἀναγκαίων
1912 2156 2005 2210 καὶ

435 2244 544 2297 τῶν
575 2245 771 2314 ἡδέων,
825 2245 1156 2316 ἀμφοτέρων
1200 2247 1528 2318 ἀπάρχεται,
1582 2250 1703 2301 ἐπεὶ
1756 2251 2006 2311 κάκεῖνος

438 2333 608 2388 ἐλθὼν
635 2339 730 2388 καὶ
756 2335 898 2408 ζωὴν
925 2337 1092 2390 ἔδωκε
1127 2339 1219 2390 καὶ
1243 2341 1500 2409 περισσὶν
1532 2341 2006 2411 προπέθηκεν,ούκ

443 2427 750 2495 ἀναστήσας
796 2431 954 2496 μόνον
986 2430 1079 2482 καὶ
1119 2429 1307 2494 λύσας,
1357 2429 1493 2483 ἀλλά
1523 2431 1616 2484 καὶ
1659 2431 2005 2500 βασιλεύσας,

441 2519 541 2588 τῆς
585 2521 859 2588 ἀκηράτου
896 2523 1105 2592 τρυφῆς
1151 2524 1283 2592 ἡμῖν
1313 2524 1575 2591 μεταδοὺς
1624 2522 1831 2586 τούτοις
1883 2527 2012 2586 ἐπιι

443 2609 598 2680 φέρει
633 2611 691 2664 τὸ
725 2611 913 2681 μύρον,
933 2612 960 2664 ὃ
991 2613 1174 2664 πᾶσαν
1206 2615 1270 2682 τῇ
1287 2615 1479 2681 τελετῇ
1511 2613 1606 2683 τὴν
1638 2613 1865 2684 δύναμιν
1887 2593 2021 2682 ἔχον.

441 2707 527 2758 ἐπ’
555 2705 722 2774 αὐτὴν
751 2705 848 2776 τὴν
879 2705 1068 2760 θυσίαν
1099 2707 1356 2776 ἄντικρυς
1393 2708 1567 2776 φέρει.

529 2885 680 2938 Ἐπεὶ
729 2886 838 2955 γὰρ
889 2889 1000 2949 τοῖς
1048 2887 1168 2939 δυσὶ
1224 2887 1436 2948 τούτοις
1468 2887 1634 2957 αὐτὴν
1693 2887 1938 2942 ἐτέλεσεν
1980 2891 2009 2942 ὁ

449 2976 636 3048 Σωτὴρ
709 2975 769 3042 ἐξ
823 2978 1020 3048 ἀρχῆς,
1076 2996 1094 3029 ‹
1133 2977 1345 3046 λαϐὼν,
1382 2981 1551 3048 φησὶ,
1595 2980 1685 3032 τὸν
1716 2982 1876 3049 ἄρτον
1915 2985 2008 3036 καὶ

443 3069 742 3140 εὐλογήσας
780 3069 878 3138 τὴν
920 3073 1100 3139 χεῖρα.
1151 3089 1168 3120 ι
1212 3071 1484 3140 ζητοῦμεν
1514 3073 1731 3140 ἐκείνην
1774 3075 1867 3124 καὶ
1911 3075 2008 3143 τὴν

2105 1973 2280 2031 uerat,
2306 1968 2438 2021 illud
2467 1970 2629 2023 etiam
2655 1973 2777 2024 vitae
2793 1972 3033 2040 prodest,
3062 1983 3122 2024 ut
3155 1972 3404 2025 humanis
3422 1972 3675 2024 omnibus

2105 2055 2271 2112 illatis
2301 2058 2516 2124 doceat,
2567 2062 2711 2129 quod
2749 2079 2873 2116 cum
2927 2063 3093 2116 vitam
3147 2071 3388 2117 nostram
3431 2062 3675 2132 repleaut

2106 2164 2340 2218 quorum
2371 2153 2476 2206 alia
2517 2156 2846 2217 necessaria,
2881 2156 2983 2207 alia
3020 2155 3264 2224 jucunda
3300 2165 3446 2219 sunt,
3470 2170 3528 2209 se
3560 2169 3674 2206 am-

2107 2241 2296 2296 borum
2330 2241 2522 2296 oﬂ'erre
2551 2246 2837 2314 primitias.
2874 2247 3008 2299 Nam
3034 2254 3086 2299 et
3116 2246 3230 2314 ipse
3253 2260 3376 2298 cum
3413 2245 3674 2304 venisset,

2107 2345 2160 2388 et
2191 2334 2351 2390 vitam
2393 2337 2560 2400 dedit,
2597 2346 2651 2391 et
2690 2338 3202 2408 amplius-addidit,
3244 2352 3351 2392 nou
3401 2337 3564 2390 modo
3619 2336 3673 2387 in

2108 2428 2272 2480 vitam
2312 2443 2410 2482 nos
2438 2444 2720 2491 revocans,
2760 2438 2813 2484 et
2836 2428 3051 2482 vincula
3100 2428 3294 2482 mortis
3320 2427 3672 2494 abrumpens,

2109 2521 2200 2574 sed
2249 2527 2304 2573 et
2353 2535 2506 2588 reges
2554 2521 2917 2584 constituens,
2965 2529 3021 2574 et
3075 2518 3410 2572 immortales
3454 2515 3676 2570 delicias

2109 2612 2264 2666 nobis
2318 2610 2658 2681 impertiens,
2709 2621 2765 2667 et
2821 2613 2998 2666 adhuc
3024 2611 3342 2681 mysterium
3388 2607 3671 2676 adjiciens.

2108 2705 2250 2772 quod
2274 2718 2394 2757 cum
2427 2717 2641 2758 omnem
2673 2702 2913 2773 mysterii
2945 2702 3050 2754 vim
3075 2700 3374 2762 contineat,
3394 2698 3460 2751 ad
3497 2696 3672 2765 ipsum

2109 2810 2323 2864 quoque
2353 2796 2678 2850 sacriﬁcium
2707 2795 2865 2863 plane
2897 2794 3154 2862 pertinet.

2180 2888 2245 2941 Et
2290 2889 2415 2958 quia
2453 2888 2537 2941 his
2591 2886 2801 2940 duobus
2857 2888 3032 2954 ipsum
3099 2883 3167 2938 ab
3235 2882 3390 2937 initio
3430 2880 3676 2935 Salvator

2111 2980 2368 3044 confecit,
2415 2999 2433 3031 ‹
2481 2995 2604 3034 cum
2638 2979 2938 3048 accepisset
2963 2991 3181 3047 panem,
3209 2975 3407 3045 inquit,
3433 2972 3673 3027 et-bene~

2111 3074 2338 3128 dixisset
2369 3072 2434 3133 “.
2483 3091 2501 3123 ι
2541 3085 2759 3124 manum
2791 3070 2938 3122 illam
3002 3080 3057 3121 et
3115 3081 3302 3121 vocem
3355 3063 3671 3134 quierimus.

443 3163 647 3229 φωνήν.
681 3162 794 3233 Τὴν
843 3161 941 3230 μὲν
988 3156 1080 3214 οῦν
1125 3162 1318 3233 φωνὴν,
1351 3163 1401 3214 oi
1451 3163 1617 3231 ἱερεῖς
1663 3165 1875 3232 ἀφιᾶσι,
1917 3169 2006 3217 καὶ

2124 3166 2313 3218 Vocem
2373 3164 2537 3231 igitur
2571 3162 2882 3216 sacerdotes
2925 3160 3146 3213 mittunt
3179 3176 3192 3211 :
3227 3174 3289 3212 ea
3328 3163 3410 3210 est
3465 3154 3673 3215 eﬁicax,

443 3251 591 3304 ἔστιν
630 3253 849 3322 ἐνεργὸς
876 3253 950 3315 ὡς
993 3253 1059 3306 ἂν
1098 3255 1301 3307 ἐκείνου
1345 3257 1696 3320 κελεύσαντος
1722 3277 1737 3291 ο
1783 3277 1802 3310 ι
1844 3261 2010 3312 Τοῦτο

443 3345 576 3414 γὰρ,
609 3347 761 3413 φησὶ,
793 3349 996 3399 ποιεῖτε
1022 3349 1100 3408 είς
1127 3349 1224 3414 τὴν
1251 3349 1390 3418 ἐμὴν
1415 3349 1717 3420 ἀνάμνησιν
1741 3367 1755 3380 ο
1792 3369 1809 3402 ι
1843 3352 1938 3421 τὴν
1958 3354 2015 3406 δὲ

419 3440 610 3510 κλεῖρα
625 3439 685 3492 τὸ
725 3438 895 3509 μύρον
913 3439 1157 3495 δύναται.
1183 3441 1289 3494 Καὶ
1310 3440 1440 3511 γὰρ,
1467 3443 1625 3502 Αὐτὸ,
1653 3444 1815 3513 φησὶν
1832 3448 1857 3497 ὀ
1874 3445 2013 3508 θεῖος

425 3531 754 3595 ’Διονύσιος,
794 3531 855 3584 τὸ
897 3534 1067 3601 μύρον
1109 3531 1319 3601 εἰσάγει
1354 3534 1448 3585 τὸν
1496 3534 1722 3602 Ἰησοῦν.
1781 3536 1923 3589 Ἀλλ’
1966 3537 2014 3588 οί

451 3623 551 3691 μὲν
575 3622 865 3676 ἀπόστολοι
895 3624 986 3676 καὶ
1007 3623 1104 3695 τὴν
1134 3625 1293 3694 χεῖρα
1319 3625 1447 3695 παρ’
1472 3625 1679 3678 ἑαυτῶν
1705 3627 2012 3696 εἰσέφερον,

449 3715 540 3767 καὶ
579 3715 685 3783 γὰρ
712 3715 808 3768 καὶ
835 3718 1041 3786 ταύτην
1072 3711 1218 3784 εἶχον
1259 3717 1358 3787 τὴν
1387 3718 1574 3787 χάριν”
1610 3721 1658 3771 οί
1702 3719 1747 3770 δ’
1775 3721 2016 3782 ἐκείνους

450 3808 802 3878 ἐκδεξάμενοι
857 3810 1090 3878 ταυτησὶ
1143 3811 1240 3877 τῆς
1291 3810 1510 3880 τελετῆς
1565 3811 1887 3882 ἐδεήθησαν,
1917 3813 2015 3884 τὴν

402 3961 414 3971 ⁸
450 3903 634 3972 φωνὴν
673 3902 956 3970 δυνάμενοι
1001 3903 1180 3972 μόνον.
1213 3902 1336 3964 Τοῖς
1378 3903 1475 3969 μὲν
1516 3903 1624 3971 γὰρ
1667 3903 1903 3971 πρώτοις
1939 3907 2015 3957 ie-

455 3995 604 4064 ρεῦσι
652 3995 1036 4062 θυσιαστήριον
1085 3990 1226 4062 ἦσαν
1270 3994 1326 4046 αἱ
1379 3995 1582 4063 χεῖρες.
1631 3997 1740 4055 τοῖς
1791 3995 1848 4046 δὲ
1899 3997 2016 4064 μετ’

452 4089 691 4145 ἐκείνους
712 4087 778 4139 δι’
800 4087 1024 4138 ἐκείνων
1049 4090 1075 4138 ὁ
1100 4087 1331 4155 Χριστὸς
1349 4087 1471 4146 τοὺς
1502 4085 1858 4153 μυστοδόκους
1882 4087 2019 4156 ᾠκο-

450 4184 686 4250 δόμησεν
727 4183 928 4243 οἴκους.
990 4178 1261 4247 Ἐπιλέγει
1304 4179 1360 4231 δὲ
1403 4177 1556 4230 οὐδὲν
1598 4172 1712 4230 οἷον
1755 4178 2018 4249 πρύτερον

452 4277 686 4345 ἐπιχέων
718 4277 782 4345 τῇ
815 4272 1059 4343 τραπέζῃ
1089 4273 1150 4324 τὸ
1183 4271 1388 4341 μύρον,
1421 4271 1554 4324 ἀλλά
1585 4271 1730 4322 τοῦτ’
1763 4272 1894 4324 αὐτὸ
1923 4271 2018 4341 μό-

452 4388 541 4423 νον
573 4370 686 4440 ᾄδει
721 4370 797 4437 τῷ
829 4368 946 4437 Θεῷ
981 4361 1130 4436 ᾆσμα
1163 4366 1346 4434 φωνῆς
1385 4365 1484 4433 μὲν
1531 4363 1792 4434 Ἐϐραίας
1823 4364 2017 4416 συλλα-

456 4464 576 4524 εαῖς
619 4461 922 4529 ὡρισμένον
970 4459 1199 4526 ὀλίγαις,
1232 4457 1482 4519 ,διανοίας
1525 4455 1580 4508 δὲ
1619 4453 1893 4523 παναγοῦς
1924 4453 2016 4504 τοῦ

2119 3266 2302 3324 utpote
2360 3255 2503 3310 illius
2532 3254 2708 3323 jussu.
2767 3251 2943 3321 lnquit
2996 3251 3162 3312 enim,
3203 3267 3220 3300 ι
3257 3246 3368 3302 lloc
3419 3245 3578 3300 facite
3623 3244 3675 3296 in

2117 3365 2290 3402 meam
2318 3343 2886 3400 commemorationem
2909 3343 3004 3394 ".i
3031 3341 3132 3394 Pro
3149 3354 3313 3394 manu
3333 3347 3416 3393 est
3434 3350 3678 3404 unguen-

2120 3450 2254 3494 tum.
2291 3438 2502 3492 Etenim
2533 3437 2709 3505 ipsum
2757 3432 2938 3487 Jesutn
2974 3432 3180 3486 inducit
3215 3437 3568 3499 unguentum,
3603 3425 3678 3478 ait

2117 3532 2335 3585 divinus
2369 3528 2676 3598 Dionysius.
2716 3525 2819 3579 Sed
2849 3523 3076 3591 apostoli
3113 3521 3330 3591 quidem
3365 3518 3528 3571 etiam
3561 3529 3678 3568 ma-

2119 3640 2224 3678 nus
2255 3637 2383 3676 suas
2416 3620 2689 3675 addebant
2721 3635 2734 3670 :
2766 3617 2966 3671 etenim
2994 3624 3048 3669 et
3085 3615 3222 3667 lianc
3253 3611 3480 3682 gratiam
3509 3607 3677 3661 habeo

2120 3715 2269 3768 bant.
2302 3713 2500 3766 Eorum
2524 3723 2872 3765 successores
2927 3707 3031 3760 hac
3067 3703 3370 3778 initiatione
3426 3697 3676 3767 egebant,

2117 3821 2249 3860 voce
2284 3812 2530 3873 potentrs
2559 3811 2790 3856 tantum.
2822 3798 3021 3852 Primis
3058 3796 3257 3866 quippe
3303 3789 3679 3848 sacerdotibus

2118 3895 2287 3947 altare
2359 3899 2514 3945 erant
2585 3903 2800 3942 manus.
2864 3883 3064 3937 Eorum
3129 3877 3534 3936 successoribus
3587 3889 3681 3943 per

2119 3986 2264 4051 ipsos
2291 3981 2541 4037 Christus
2571 3979 2767 4032 domus
2791 3986 2995 4046 mystas
3030 3971 3348 4040 recipientes
3377 3967 3679 4022 azditicavit.

2119 4075 2256 4128 Dum
2327 4082 2506 4126 autem
2567 4078 2901 4138 unguentum
2977 4079 3179 4118 mensa:
3245 4061 3494 4124 aﬂ‘undit,
3547 4059 3682 4111 nihil

2119 4167 2276 4237 quale
2300 4173 2423 4218 ante
2443 4163 2735 4216 verborum
2766 4158 2972 4229 adjicit,
2990 4156 3081 4211 sed
3111 4157 3212 4209 hoc
3239 4153 3414 4222 ipsum
3439 4157 3682 4204 tantum-

2121 4261 2280 4314 modo
2339 4273 2560 4310 carmeu
2623 4255 2730 4308 Deo
2779 4250 2951 4314 canit,
2983 4249 3134 4302 vocis
3178 4246 3414 4299 Hebraeae
3461 4241 3682 4312 syllabis

2120 4353 2308 4421 paucis
2337 4348 2646 4409 deﬁnitum,
2670 4359 2833 4400 sensu
2855 4352 3034 4395 autem
3061 4337 3487 4397 sanctissimum,
3525 4332 3683 4386 chori

2119 4454 2429 4498 sanctorum
2459 4437 2864 4506 prophetarum.
2897 4431 3104 4485 Etenim
3134 4431 3257 4483 licet
3281 4426 3498 4480 laudare
3521 4425 3683 4492 longo

454 4516 572 4609 τῶν,
594 4516 750 4624 159ti
765 4516 1077 4622 ’προφητῶν
1100 4516 1281 4619 χοροῦ.
1309 4548 1418 4600 Καὶ
1441 4516 1548 4615 γὰρ
1576 4547 1690 4599 ἔστι
1722 4516 1818 4616 μέν
1853 4549 2015 4616 εὐφη-

2124 4550 2397 4595 sermone,
2430 4530 2572 4584 facta
2627 4543 2748 4582 cum
2788 4526 2986 4579 virtute
3029 4529 3448 4583 enumerantes;
3477 4525 3531 4570 et
3559 4516 3684 4569 licet

460 4651 578 4716 μεῖν
615 4644 809 4716 μακρῷ
853 4643 996 4712 λόγῳ
1025 4641 1094 4694 τὰ
1125 4639 1518 4708 κατορθὼμενα
1551 4639 1866 4703 διεξιόντας,
1902 4640 2016 4692 ἔστι

457 4740 510 4793 δὲ
540 4741 778 4807 ῥήμασιν
799 4735 998 4802 ὀλίγοις
1025 4732 1124 4803 τὴν
1155 4731 1296 4802 ᾠδὴν
1318 4731 1596 4800 ὁρίζοντας
1631 4732 1718 4783 τὸν
1745 4732 2017 4800 ὑμνούμε-

458 4851 544 4884 νον
576 4831 810 4898 ἁνᾲξειν.
850 4826 1118 4894 Προσήκει
1145 4823 1189 4875 δ’
1233 4823 1317 4886 ἂν,
1351 4818 1526 4890 οἶμαι,
1559 4819 1618 4872 τὺ
1665 4819 1762 4889 μὲν
1805 4821 2018 4888 πρῶτον

462 4909 862 4992 παρῳχηκότων
889 4917 920 4985 ἢ
950 4914 1248 4983 μελλόντων
1275 4913 1352 4966 ἐτι
1373 4911 1481 4963 τῶν
1509 4911 1911 4979 ἐπαινουμένων
1932 4913 2019 4981 ἔρ-

463 5029 592 5080 γων,
632 5010 697 5062 ἶν’
735 5003 844 5060 εἷεν
882 5006 1000 5058 ἀντὶ
1046 5005 1248 5056 τούτων
1295 5005 1405 5062 τοῖς
1437 5001 1732 5070 Θεωμένοις
1772 5003 1820 5053 oi
1869 5001 2018 5068 λόγοι

463 5103 830 5171 ἐνισταμένων
851 5100 906 5152 δὲ
937 5099 1030 5152 καὶ
1054 5097 1353 5165 γινομένων
1375 5091 1526 5164 οἶμαι
1552 5095 1612 5147 τὸ
1635 5094 1910 5164 δεύτερον,
1935 5095 2021 5146 ὅτε

464 5197 567 5248 τῶν
616 5192 957 5263 πραγμάτων
996 5191 1125 5258 παρ’
1170 5185 1389 5238 ἐαυτῶνῒ
1423 5187 1760 5254 φαινομένων
1808 5185 2020 5252 ἀνάγκη

463 5287 567 5340 τῶν
600 5283 976 5355 κηρυττόντων
1004 5281 1174 5346 λὸγων
1204 5277 1311 5329 οὐδ’
1349 5276 1570 5345 ἡτισοῦν
1609 5275 1743 5345 πλὴν
1773 5275 1870 5345 τὴν
1899 5277 2023 5343 ἡδο-

464 5377 558 5447 νὴν
600 5377 737 5427 ὅσον
771 5369 1102 5437 ἐνδείξασθαι
1149 5370 1240 5421 καὶ
1285 5369 1344 5420 τὸ
1378 5367 1578 5434 Θαῦμα,
1611 5365 1798 5436 ὥσπερ
1843 5366 1933 5420 καὶ
1976 5367 2025 5417 (οἱ

463 5468 739 5537 προφῆται
773 5465 876 5524 Em;
930 5462 1174 5514 Ἰωάννου
1210 5459 1638 5526 προεφήτευσαν.
1680 5439 1900 5523 Τδ’γάρ
1934 5458 2018 5506 ἐν-

464 5556 648 5608 τεῦθεν
674 5555 724 5607 τί
751 5553 858 5605 τῶν
885 5551 1134 5619 ἀγγέλων
1162 5549 1266 5600 ἔδει
1297 5548 1386 5601 τοῦ
1420 5546 1801 5616 μεμηνυμένου
1825 5546 2019 5612 φανέν-

466 5664 587 5713 τος;
658 5647 897 5699 Ἐκείιον
945 5645 1051 5712 γὰρ
1101 5641 1252 5694 οὐδὲν
1301 5640 1334 5701 ἦ
1397 5640 1523 5710 βοᾷν
1571 5640 1660 5689 καὶ
1727 5636 2020 5704 στεφανοῦν

538 5828 580 5858 ³⁵⁸
616 5825 799 5880 Ma'th.
827 5845 967 5890 χχι-ι,
998 5828 1083 5882 ΞΟ.
1163 5830 1205 5859 ³⁵
1250 5827 1376 5878 1.ιι‹·.
1413 5839 1542 5888 un,
1592 5823 1670 5885 l9,
1698 5821 1785 5872 ³31.

2124 4626 2305 4680 verbis
2337 4624 2525 4693 paucis
2557 4619 2763 4673 inclusa
2796 4615 3128 4673 laudatione,
3163 4627 3288 4666 eum
3323 4609 3414 4678 qui
3440 4607 3684 4660 laudatur

2124 4719 2280 4786 quasi
2335 4727 2622 4769 coronare.
2661 4710 2940 4766 ‘Convenit
2968 4717 3170 4768 autem,
3208 4712 3265 4756 ut
3292 4702 3543 4763 arbitror,
3574 4697 3686 4765 pri-
3732 4686 3734 4688 ’

2128 4826 2273 4863 mum
2307 4803 2588 4860 laudandis
2614 4802 2869 4872 operibus
2895 4799 2978 4854 vel
3032 4794 3340 4865 praeteritis,
3395 4792 3475 4846 vel
3507 4791 3683 4843 adhuc

2127 4901 2351 4962 futuris,
2377 4908 2437 4951 ut
2467 4893 2968 4962 contemplantibus
3005 4901 3195 4942 eorum
3227 4885 3344 4937 loco
3367 4883 3478 4936 sint
3499 4894 3683 4934 voces.

2128 4997 2371 5047 Alterum
2405 4997 2536 5058 puto
2576 5001 2699 5042 esse
2720 4983 3061 5040 instantium,
3082 4987 3134 5031 et
3162 4989 3347 5028 eorum
3378 4987 3498 5042 qua:
3525 4972 3681 5034 liunt,

2127 5083 2346 5154 quando
2383 5081 2546 5134 rebus
2594 5091 2688 5147 per
2727 5081 2898 5129 semet
2938 5065 3348 5148 apparentibus,
3397 5063 3683 5116 verborum

2124 5151 2534 5244 przedicantium
2571 5167 2678 5220 ulla
2702 5173 2788 5218 est
2833 5161 3155 5221 necessitas,
3187 5154 3289 5209 nisi
3321 5164 3585 5224 quantum
3619 5151 3686 5205 ad

2121 5240 2450 5333 voluptatem
2474 5269 2527 5314 et
2561 5252 3034 5311 admirabilitatem
3071 5245 3548 5332 demonStrandam
3605 5240 3687 5313 fa-

2123 5361 2216 5415 cit.
2242 5358 2394 5410 Sicut
2418 5362 2472 5407 ct
2501 5349 2775 5421 propheta:
2802 5358 2973 5412 usque
3009 5342 3074 5394 ad
3107 5339 3373 5394 Joannem
3401 5336 3687 5404 propheta-

2124 5458 2252 5504 runt
2278 5447 2344 5499 ³⁸.
2381 5445 2513 5498 Nam
2557 5449 2772 5506 tempus
2834 5447 3105 5494 secutum,
3135 5429 3265 5500 quid
3310 5425 3518 5480 nuntiis
3547 5422 3687 5475 indi-

2127 5542 2308 5609 gebat,
2344 5551 2466 5590 cum
2528 5531 2764 5592 adesset,
2796 5527 2890 5597 qui
2944 5524 3227 5578 nuntiatus
3286 5515 3505 5573 fuerat?
3541 5511 3683 5565 Nihil

2127 5604 2269 5686 enim
2311 5627 2410 5679 nisi
2445 5623 2594 5676 illiilli
2651 5619 3005 5689 proclamare,
3035 5625 3087 5668 et
3112 5615 3376 5666 honorare
3409 5604 3682 5674 reliquum

1865 5821 1905 5852 δι’
1931 5814 2114 5872 Μῖιῖιῐι.
2141 5813 2328 5876 X515.
