4196 6308
534 403 641 459 lii?!)

1788 391 2100 454 NICOLM
2141 390 2529 453 CABASILIE

3674 390 3787 452 (S36

534 517 671 561 erat.
702 496 858 571 Quod
913 514 967 559 ct
1003 506 1214 575 angelis
1265 506 1573 569 videbatur,
1618 506 1819 575 quibus
1876 506 2112 574 primum

2221 503 2512 559 ὑπόλοιπον
2540 500 2630 577 ἦν,
2666 504 2695 559 ὀ
2725 504 2819 560 καὶ
2845 507 2958 570 τοῖς
2984 505 3237 574 ἀγγέλοις
3270 505 3464 572 ἐδόκει,
3495 502 3575 568 οἷς
3609 507 3782 574 ὲςράνη
3878 546 3887 557 .

533 598 685 653 visus
709 607 813 662 est,
846 613 969 652 cum
999 599 1051 652 in
1090 608 1262 652 terras
1295 599 1552 659 venisset,
1586 613 1843 667 quorum,
1874 617 1892 649 ι
1922 597 2105 652 Gloria

534 689 591 743 in
616 688 900 743 altissimis
931 688 1040 743 Deo
1063 691 1133 753 ³⁷,
1178 707 1197 740 ι
1241 691 1443 744 circum
1469 689 1645 758 ipsum
1673 689 1871 743 choros
1901 689 2109 743 ducen-
2148 716 2153 719 -

536 781 672 834 tium
701 795 805 833 vos
831 789 967 836 erat.
1004 781 1095 835 Sic
1125 797 1254 850 ergo
1285 781 1597 844 liierarcha,
1630 790 1919 850 postquam
1949 795 2111 835 voca-

539 879 653 923 tum
711 869 1112 925 hencl‘actorem
1146 871 1200 924 in
1243 871 1375 939 ipsis
1422 871 1681 941 operibus
1739 871 1981 941 agnovit,
2011 885 2111 925 nec

536 965 733 1018 recitat
766 965 1073 1035 quidquam
1127 966 1368 1033 priorum
1401 981 1649 1034 precum,
1679 980 1779 1019 nec
1807 979 1970 1031 Opera
2012 964 2110 1018 he-

539 1053 818 1123 nignitatis
852 1067 1121 1123 recenset,
1150 1073 1273 1112 cum
1297 1068 1422 1112 ante
1451 1058 1647 1112 oculos
1674 1065 1977 1120 versentur,
2016 1053 2115 1110 sed

540 1143 646 1200 hoc
685 1147 858 1201 solum
881 1145 1014 1203 facit
1041 1149 1284 1204 carmine
1311 1149 1542 1220 mystico
1574 1148 1831 1203 exsultat.

612 1318 750 1385 Quia
795 1335 926 1376 vero
958 1323 1149 1378 altaris
1206 1324 1383 1379 virtus
1441 1332 1780 1394 unguentum
1832 1332 1935 1389 est,
1987 1322 2115 1378 huic

542 1410 730 1467 virtuti
767 1424 822 1467 et
851 1415 1158 1479 subiectam
1191 1418 1480 1471 materiam
1513 1432 1818 1487 congruere
1866 1426 2105 1485 oportet.

547 1499 641 1556 Sic
687 1504 833 1556 enim
882 1512 1006 1573 aget
1046 1506 1241 1562 melius
1290 1507 1475 1562 :sicut
1510 1518 1565 1562 et
1603 1510 1770 1578 ignis,
1818 1520 1873 1563 et
1906 1510 2021 1575 lux,
2056 1517 2117 1563 ut

545 1594 825 1659 existimo,
853 1610 951 1664 per
979 1597 1172 1653 idonea
1199 1613 1456 1669 corpora.
1486 1600 1757 1667 Quoniam
1794 1610 1850 1656 et
1906 1616 2111 1655 nomen

545 1686 728 1755 ipsum
767 1687 1090 1756 Salvatoris,
1120 1692 1267 1760 quod
1317 1692 1628 1748 invocatum
1671 1702 1852 1762 potest
1903 1696 2113 1759 omnia,

548 1792 656 1831 non
682 1779 736 1833 in
761 1781 1005 1835 omnium
1032 1797 1147 1849 ore,
1198 1800 1351 1854 aeque
1393 1785 1500 1840 vim
1540 1795 1593 1841 et
1631 1787 1922 1855 potentiam
1960 1801 2112 1842 suam

550 1871 813 1926 ostendit.
844 1871 1080 1930 Proinde
1104 1891 1355 1945 quaerens
1375 1888 1749 1947 consecrator,
1770 1879 1900 1949 quid
1925 1894 2120 1949 corpo-

550 1959 627 2015 ris
656 1972 936 2031 unguento
961 1979 1265 2035 congruum
1314 1967 1593 2036 subjiciat,
1643 1966 1953 2038 inartyricis
1982 1966 2123 2021 ossi-

552 2050 656 2104 bus
687 2052 869 2120 aptius
909 2054 1042 2107 nihil
1075 2057 1301 2139 invenit.
1333 2054 1459 2110 Haec
1488 2057 1577 2111 ubi
1612 2056 1789 2119 unxit,
1816 2064 1867 2109 et
1898 2054 2122 2108 inuncta
2170 2078 2177 2083 ·

554 2155 758 2194 mensa:
791 2143 1423 2216 itnposuit,tnysterium
1488 2147 1718 2217 perlicit.
1772 2146 1920 2201 Nihil
1973 2145 2121 2199 enim

555 2233 760 2289 Christi
808 2237 1087 2306 mysteriis
1130 2238 1497 2309 propinquius
1554 2247 1610 2292 et
1652 2239 1946 2308 cognatius
2012 2246 2120 2303 est,

555 2340 719 2394 quam
756 2337 1040 2397 martyres,
1063 2330 1264 2399 quibus
1310 2346 1434 2385 cum
1467 2331 1560 2386 illo
1587 2340 1640 2387 et
1665 2346 1887 2401 corpus,
1922 2341 1972 2385 et
2015 2331 2126 2397 spi-

556 2415 694 2472 ritus
745 2426 805 2471 ct
865 2418 1084 2473 schema
1145 2422 1413 2486 mortis,»
1438 2433 1492 2477 et
1538 2423 1725 2477 omnia
1792 2423 2122 2476 communia.

556 2506 658 2573 Qui
713 2518 769 2564 et
828 2512 968 2565 vivis
1025 2513 1441 2579 assistebat,et
1502 2514 1853 2569 morientium
1894 2530 2127 2584 corpora

559 2615 669 2652 non
746 2601 1171 2671 relinquit,sed
1243 2606 1531 2659 animabus
1605 2606 1969 2674 cunjunctus,
2026 2605 2126 2659 ali-

556 2706 667 2759 quo
739 2694 902 2747 modo
953 2694 1119 2749 etiam
1176 2698 1343 2751 surdo
1397 2698 1525 2753 huic
1585 2698 1792 2767 pulveri
1841 2698 1998 2753 adest
2071 2706 2125 2753 et

557 2782 967 2839 cuuuniscetur.
1001 2784 1067 2840 Et
1121 2787 1167 2841 si
1208 2788 1408 2843 alicubi
1462 2790 1517 2843 in
1572 2789 1722 2844 hisce
1775 2790 1963 2854 rebus,
2006 2805 2126 2858 qua:

559 2873 846 2929 oculorum
878 2891 1096 2931 sensum
1126 2889 1367 2945 movent,
1423 2880 1763 2935 Salvatorem
1806 2882 2051 2936 invenire
2072 2890 2126 2934 et

561 2965 760 3020 habere
785 2965 931 3033 licet,
964 2967 1016 3022 in
1052 2969 1137 3023 his
1168 2971 1385 3026 ossibus
1443 2972 1587 3027 licet.
1617 2973 1743 3027 Ideo
1768 2982 1832 3027 ad
1867 2972 2121 3040 templum

533 3058 813 3124 'veniens,
844 3073 956 3127 quo
1010 3059 1102 3114 illa
1134 3060 1417 3118 inferenda
1472 3073 1620 3129 sunt,
1659 3065 1854 3119 iisdem
1902 3066 2126 3120 vocibus

2211 596 2446 666 πρώτοις
2471 597 2641 653 ἐλθὼν
2667 598 2747 660 είς
2775 597 2873 671 τὴν
2893 597 3023 667 γῆν,
3043 590 3119 651 ὧν
3148 599 3230 664 τὸ,
3255 614 3275 648 ι
3305 596 3444 664 Δόξα
3470 598 3528 649 ὲν
3544 595 3788 665 ὑψίστοις

2210 689 2350 759 Θεῷ,
2391 708 2410 742 ι
2445 692 2575 760 περὶ
2614 689 2795 743 αὐτῶν
2824 690 3159 760 χορευόντων
3202 686 3273 760 ἦν
3323 691 3356 758 ὴ
3403 688 3580 757 φωνή.
3630 690 3787 742 Κατὰ

2210 782 2399 839 τοῦτον
2430 784 2495 855 δὴ
2518 784 2609 838 τὸν
2638 782 2793 851 λόγον
2813 785 2841 836 ὀ
2870 781 3153 853 ίεράρχης,
3182 780 3307 834 ἐπεὶ
3331 781 3422 834 τὸν
3451 779 3788 850 καλούμενον

2211 877 2503 948 εὐεργέτην
2538 876 2624 930 ἐπ’
2666 875 2847 929 αὐτῶν
2872 871 2981 927 οἶδε
3005 874 3118 927 τῶν
3146 874 3326 943 ἔργων
3348 914 3364 938 ,
3394 874 3519 928 οὔτε
3559 873 3787 945 εὔχεται

2212 968 2365 1021 οὐδὲν
2399 969 2509 1022 τῶν
2554 968 2612 1020 ὲν
2663 971 2782 1032 ταῖς
2831 968 3016 1038 εὐχαῖς
3066 966 3216 1037 αὐτῷ
3255 967 3784 1037 προκεχωρηκότων,

2213 1058 2334 1113 οὔτε
2358 1059 2648 1127 καταλέγει
2673 1060 2740 1113 τὰ
2760 1061 2858 1126 τῆς
2887 1059 3523 1128 φιλανθρωπίαςζὲστῶτα
3551 1058 3656 1127 πρὸ
3676 1057 3786 1111 τῶν

2214 1150 2531 1222 ὀφθαλμῶν,
2568 1151 2707 1204 ἀλλὰ
2738 1152 2897 1205 τοῦτο
2941 1151 3103 1222 μόνον
3136 1151 3360 1219 ἀγάλλει
3392 1149 3471 1220 τῷ
3520 1149 3670 1220 μέλει
3705 1150 3786 1219 τῷ

2218 1264 2291 1315 μυ
2301 1245 2489 1315 στικῷ.

2286 1335 2408 1387 ’Ὁτι
2434 1335 2481 1387 δ’
2505 1335 2536 1403 ἡ
2560 1334 2651 1387 τοῦ
2683 1334 3074 1403 θυσιαστηρίου
3094 1332 3323 1402 δύναμις
3343 1332 3406 1385 τὸ
3430 1332 3600 1402 μύρον
3619 1333 3787 1395 ἐστὶν,

2215 1426 2386 1496 ἐχρῆν
2429 1429 2494 1496 τῇ
2531 1426 2757 1493 δυνάμει
2787 1425 3097 1496 ταύτῃ⁸καὶ
3123 1425 3223 1495 τὴν
3254 1423 3622 1493 ὑποκειμένην
3654 1424 3788 1493 ὓλην

2215 1518 2428 1579 οἰκείως
2474 1517 2638 1587 ἔχειν·
2678 1515 2879 1585 δράσαι
2914 1515 3021 1581 γὰρ
3072 1514 3137 1567 ἂν
3164 1514 3305 1566 οὔτω
3332 1512 3562 1583 βέλτιον,
3598 1509 3789 1581 ὥσπερ

2215 1606 2312 1658 καὶ
2334 1605 2444 1675 πῦρ
2457 1606 2550 1657 καὶ
2571 1605 2686 1673 φῶς
2703 1603 2791 1657 διὰ
2804 1602 2912 1657 τῶν
2935 1602 3279 1671 ἐπιτηδείων,
3296 1596 3477 1671 οἶμαι,
3498 1601 3788 1669 σωμάτιον,
3872 1617 3882 1624 ·

2216 1699 2337 1750 ἐπεὶ
2359 1700 2453 1752 καὶ
2476 1695 2711 1765 τοῦνομα
2738 1695 2870 1749 αὐτὸ
2896 1693 2988 1748 τοῦ
3010 1695 3281 1765 Σωτῆρος,
3304 1693 3333 1747 ὃ
3360 1695 3538 1747 πάντα
3566 1692 3789 1747 ἐδύνατο

2221 1790 2577 1859 καλούμενον,
2612 1788 2711 1841 οὐκ
2737 1789 2796 1840 ὲν
2819 1790 2933 1849 τοῖς
2962 1786 3216 1859 ἁπάντων
3245 1785 3479 1855 στόμασι
3510 1785 3606 1856 τὴν
3636 1785 3792 1856 ἰσχὺν

2220 1882 2418 1951 ὁμοίως
2461 1879 2809 1933 ἐπεδείκνυτο
2842 1879 2943 1949 τὴν
2972 1876 3139 1931 αὑτοῦ
3159 1895 3173 1910 ·
3194 1877 3285 1930 καὶ
3313 1877 3491 1931 τοίνυν
3525 1878 3791 1948 ζητήσας,

2221 1973 2250 2026 ὅ
2274 1991 2325 2025 τι
2349 1972 2415 2025 ἂν
2440 1971 2548 2024 τῶν
2571 1971 2840 2040 σωμάτων
2859 1967 3197 2038 κατάλληλον
3223 1970 3251 2022 6
3277 1968 3531 2036 τελεστὴς
3559 1968 3789 2037 ὑποθείη

2220 2065 2298 2134 τῷ
2328 2064 2504 2134 μύρῳ,
2528 2062 2639 2115 τῶν
2677 2060 3029 2131 μαρτυρικῶν
3061 2060 3265 2113 ὀστέων
3293 2057 3322 2111 ὀ
3352 2059 3618 2128 προσήκει
3650 2057 3794 2127 μᾶλ-

2221 2157 2309 2211 λον
2338 2153 2494 2225 εὗρεν
2521 2154 2692 2216 οὐδὲν,
2718 2155 2811 2206 καὶ⁵
2840 2151 3013 2205 ταῦτα
3047 2150 3281 2221 μυρίσας
3311 2150 3406 2203 καὶ
3442 2147 3795 2217 ἀληλιμμένα.

2221 2252 2285 2320 τῇ
2327 2247 2575 2317 τραπέζῃ
2621 2243 2879 2315 προσθεὶς
2921 2242 2983 2296 τὸ
3031 2241 3422 2310 θυσιαστήριον
3474 2239 3790 2309 ἀπαρτίζει.

2222 2338 2531 2408 Μαρτύρων
2585 2335 2693 2404 γὰρ
2754 2336 3177 2403 συγγενέστερον
3234 2333 3346 2393 τοῖς
3405 2330 3499 2384 τοῦ
3556 2329 3795 2399 Χριστοῦ

2226 2428 2544 2498 μυστηρίοις
2586 2427 2761 2490 οὐδὲν,
2796 2418 2877 2487 οἷς
2926 2424 3060 2493 πρὸς
3102 2423 3267 2476 αὑτὸν
3309 2422 3402 2475 τὸν
3434 2423 3668 2493 Χριστὸν
3703 2422 3798 2475 καὶ

2225 2521 2381 2588 σῶμα
2432 2520 2525 2572 καὶ
2575 2518 2797 2585 πνεῦμα
2847 2517 2940 2569 καὶ
2981 2515 3209 2568 θανάτου
3252 2516 3437 2584 σχῆμα
3482 2515 3577 2568 καὶ
3623 2515 3800 2569 πάντα

2226 2612 2379 2665 κοινὰ
2398 2651 2412 2674 ,
2457 2611 2514 2674 ὃς
2544 2609 2637 2664 καὶ
2674 2609 2808 2672 ζῶσι
2838 2608 3001 2677 συνῆν
3034 2606 3126 2658 καὶ
3154 2606 3532 2659 τελευτώντων
3557 2608 3681 2669 τοὺς
3709 2622 3800 2659 νε-

2228 2704 2393 2773 κροὺς
2426 2703 2524 2755 οὐκ
2561 2702 2947 2771 ἀπολιμπάνει,
2984 2700 3118 2753 ἀλλὰ
3142 2700 3262 2761 ταῖς
3293 2697 3494 2768 ψυχαῖς
3523 2698 3800 2770 ἡνωμένος

2230 2796 2374 2848 ἔστιν
2407 2796 2552 2857 ὅπως
2581 2795 2673 2848 καὶ
2704 2798 2768 2864 τῇ
2809 2797 2966 2863 κωφῇ
2998 2792 3173 2864 ταύτῃ
3209 2791 3423 2845 σύνεστι
3458 2794 3550 2846 καὶ
3597 2791 3801 2862 ἀναμέο

2233 2900 2419 2953 μικται
2445 2884 2613 2945 κόνει,
2636 2883 2725 2935 καὶ
2758 2883 2811 2934 εἴ
2833 2900 2936 2935 που
2971 2881 3077 2935 τῶν
3104 2882 3400 2951 ὁρωμένων
3425 2881 3628 2935 τούτων
3654 2882 3801 2935 ἔστιν

2229 2976 2407 3043 εὑρεῖν
2436 2974 2524 3026 τὸν
2565 2974 2793 3043 Σωτῆρα
2834 2973 2925 3024 καὶ
2960 2974 3277 3041 κατασχεῖν,
3316 2973 3405 3024 ἐπὶ
3456 2971 3561 3022 τῶν
3592 2970 3801 3023 ὀστέων

2229 3066 2406 3130 ἔξεστι
2443 3064 2669 3120 τούτων.
2714 3064 2813 3117 Διὰ
2843 3064 3015 3116 ταῦτα
3066 3063 3202 3133 πρὸς
3238 3063 3315 3133 τῷ
3364 3060 3467 3131 νεῷ
3510 3060 3800 3129 γενόμενος

561 3154 747 3216 portas
776 3149 884 3204 illis
920 3152 1114 3220 aperit,
1149 3153 1350 3222 quibus
1378 3155 1425 3210 si
1446 3154 1720 3211 Christum
1751 3156 1928 3227 ipsum
1957 3155 2126 3211 infer-

2232 3160 2467 3218 ὲκείναις
2504 3159 2625 3220 ταῖς
2658 3158 2862 3225 φωναῖς
2890 3156 3074 3219 αὐτοῖς
3109 3155 3326 3222 ἀνοίγει
3344 3151 3440 3209 τὰς
3470 3151 3665 3215 πύλας,
3703 3144 3794 3213 αἷς

564 3250 665 3302 ret,
696 3249 749 3295 et
777 3243 844 3296 ad
886 3256 1079 3299 caetera
1114 3246 1259 3315 quod
1291 3248 1505 3312 attinet,
1532 3263 1686 3318 aeque
1716 3259 1773 3304 ut
1796 3264 1951 3304 sacra
1983 3252 2124 3304 dona

565 3331 815 3387 honorat.
848 3332 1113 3391 Praeterea
1152 3337 1246 3391 Dei
1294 3340 1554 3409 templum
1606 3356 1793 3395 verum
1836 3352 1891 3394 et
1954 3341 2127 3394 altare

564 3432 691 3479 stmt
740 3440 865 3481 ossa
921 3430 1057 3493 lucc,
1109 3428 1212 3483 hoc
1266 3439 1449 3485 autem
1490 3420 1667 3486 .manu
1725 3441 2125 3497 constructum,

565 3518 679 3572 veri
715 3520 899 3587 templi
931 3521 1186 3575 imitatio.
1222 3523 1389 3591 Igitur
1415 3524 1647 3577 decebat
1682 3523 1814 3576 illud
1853 3523 1982 3576 huic
2031 3538 2128 3589 ap-

567 3610 715 3677 poni,
750 3620 804 3667 et
832 3613 898 3667 ad
927 3612 1319 3681 perfectionem
1354 3614 1519 3682 hujus
1553 3614 1686 3669 illud
1730 3614 1962 3680 assuini,
1988 3615 2132 3670 sicut

568 3698 623 3753 in
657 3701 865 3768 legibus
901 3718 1120 3768 novam,
1151 3703 1218 3758 ad
1253 3706 1638 3772 perﬁciendam
1671 3717 1934 3760 veterem.

639 3896 930 3968 Postquam
987 3900 1125 3954 ritus
1156 3915 1348 3957 omnes
1375 3903 1485 3972 jam
1510 3903 1767 3971 absolvit;
1792 3912 1845 3959 et
1873 3906 1938 3960 ad
1972 3906 2138 3960 sacri-

571 3987 753 4042 ﬁcium
799 4002 964 4060 atque
1013 3991 1079 4046 ad
1127 4008 1318 4063 preces
1348 3995 1570 4050 domum
1633 3997 1865 4067 paravit,
1913 3998 2136 4052 lucerna

570 4095 739 4151 super
767 4082 939 4137 altare
982 4098 1242 4153 accensa,
1299 4088 1433 4142 exit.
1491 4086 1735 4143 Primum
1778 4089 2024 4159 quidem,
2081 4099 2138 4143 ut

571 4190 718 4241 reor,
740 4184 952 4245 tempus
981 4179 1291 4245 ostendens,
1320 4196 1475 4250 quoa
1507 4182 1780 4252 principio
1806 4191 1887 4237 est
1908 4182 2137 4254 editum,

575 4268 721 4321 circa
760 4283 1040 4337 vesperam
1072 4272 1302 4337 scilicet,
1339 4276 1405 4327 ad
1446 4274 1619 4342 prima
1654 4273 1884 4327 lumina.
1917 4272 2137 4336 Deinde,

575 4367 637 4409 ut
668 4360 781 4412 hate
808 4358 1030 4413 lucerna
1059 4360 1204 4414 illam
1232 4362 1507 4416 lucernam
1542 4363 1596 4416 in
1631 4365 1948 4417 memoriam
1984 4365 2143 4419 nobis

575 4446 823 4509 reducat,
858 4462 1018 4515 quam
1049 4450 1320 4513 accendit,
1352 4450 1447 4518 qui
1480 4450 1798 4505 drachmam
1836 4453 2069 4519 perdidit
2097 4473 2110 4507 :

2229 3248 2295 3301 ἂν
2325 3248 2373 3299 εἰ
2407 3248 2497 3298 τὸν
2530 3244 2766 3316 Χριστὸν
2798 3244 3020 3313 εἰσῆγεν
3057 3244 3243 3304 αὐτὸν.
3285 3242 3378 3295 καλ
3408 3241 3571 3296 τᾶλλα
3600 3240 3658 3293 δὲ
3690 3256 3799 3299 πα·
3852 3286 3863 3297 ,

2230 3338 2541 3410 ραπλησῐως
2587 3340 2698 3401 τοῖς
2744 3337 2907 3407 ἱεροῖς
2959 3336 3191 3405 ἐτίμησε
3241 3335 3467 3404 δώροις
3519 3332 3695 3396 ἄλλως
3741 3348 3805 3386 τε

2228 3431 2363 3484 Θεοῦ
2413 3430 2511 3500 μὲν
2546 3430 2680 3492 νεὼς
2723 3427 2928 3497 ἀληθὴς
2983 3427 3074 3480 καὶ
3125 3427 3511 3497 θυσιαστήριον
3559 3423 3631 3479 τὰ
3673 3424 3809 3478 ὀστᾶ

2227 3522 2417 3588 ταῦτα,
2462 3524 2490 3575 ὀ
2520 3522 2578 3575 δὲ
2620 3522 2998 3592 χειροποιητὸς
3044 3514 3201 3583 οὗτος
3249 3519 3516 3586 τάληθοῦς
3557 3518 3805 3589 μίμημαο

2231 3612 2440 3668 Οὐκοῦν
2464 3613 2607 3675 εἰκὸς
2634 3609 2702 3684 ἦν
2726 3614 2912 3667 τοῦτον
2935 3612 3126 3679 ἐκείνῳ
3152 3609 3520 3679 προστεθῆναι
3544 3610 3639 3663 καὶ
3662 3610 3793 3681 πρὸς

2233 3704 2330 3773 τὴν
2359 3703 2638 3756 τελείωσιν
2667 3704 2877 3756 ἐκείνου
2903 3704 3088 3757 τοῦτον
3114 3702 3391 3773 εἰλῆφθαι,
3414 3701 3668 3773 καθάπερ
3700 3700 3807 3754 τῶν

2235 3796 2412 3864 νόμων
2446 3795 2541 3849 τοῦ
2584 3796 2815 3849 παλαιοῦ
2848 3796 2938 3849 τὸν
2967 3794 3173 3848 καινόν.

2298 3890 2472 3942 ’Ἐπεὶ
2500 3888 2558 3941 δὲ
2586 3888 2761 3941 πάντα
2803 3889 2903 3959 ἤδη
2944 3888 3153 3942 τελέσοι
3186 3886 3282 3940 καὶ
3316 3887 3455 3956 πρὸς
3490 3883 3587 3955 τὴν
3618 3881 3802 3936 θυσίαν

2241 3980 2332 4035 καὶ
2355 3980 2451 4042 τὰς
2491 3978 2655 4050 εὐχὰς
2678 3978 2776 4048 τὴν
2807 3978 2983 4031 οίκίαν
3010 3976 3447 4045 παρασκευάσω,
3480 3974 3669 4044 λύχνον
3712 3971 3811 4023 ἐπι

2238 4072 2299 4125 τὸ
2327 4073 2711 4142 θυσιαστήριον
2736 4069 2875 4139 ἅψας
2901 4069 3090 4134 ἔξεισι,
3116 4069 3332 4138 πρῶτον
3356 4068 3458 4137 μὲν
3490 4066 3702 4125 δεικνὺς
3720 4063 3810 4117 τὸν

2240 4163 2336 4229 τῆς
2371 4162 2559 4225 θυσίας
2587 4158 2740 4225 οἶμαι
2764 4160 2976 4230 καιρὸν,
3011 4158 3217 4228 πηνίκα
3239 4158 3339 4228 τὴν
3364 4157 3539 4227 ἀρχὴν
3568 4156 3811 4224 ἐξεδόθη.

2242 4256 2354 4309 Καὶ
2381 4255 2489 4325 γὰρ
2513 4256 2639 4325 περὶ
2659 4254 2758 4322 τὴν
2778 4253 3015 4321 ἑσπέραν
3040 4250 3134 4329 καὶ
3168 4250 3266 4312 τὰς
3296 4249 3406 4304 τῶν
3432 4249 3642 4318 λύχνων
3665 4249 3811 4315 ἁφὰς

2244 4351 2435 4402 ἔπειτα
2454 4346 2531 4409 ὡς
2558 4349 2615 4399 ὲν
2645 4345 2792 4413 οἰκία
2822 4342 2913 4396 τοῦ
2937 4343 3033 4411 τὴν
3061 4342 3313 4412 δραχμὴν
3345 4339 3750 4401 ἀπολωλεκότος
3779 4340 3810 4391 ὀ

2243 4442 2432 4510 λύχνος
2474 4433 2627 4500 οὗτος
2675 4437 2883 4489 ἐκεῖνον
2929 4436 3063 4505 ἡμῖν
3108 4434 3321 4499 εἰσάγει
3369 4434 3434 4501 τῇ
3482 4430 3668 4502 μνήμῃ
3713 4429 3809 4484 τὸν

575 4554 738 4606 quam
779 4511 921 4591 terra
954 4538 1120 4591 tuulta
1152 4550 1207 4593 et
1238 4511 1478 4594 tenebris
1508 4541 1761 4595 obrutam
1794 4511 2024 4608 invenit,
2052 4554 2134 4598 ut-

2244 4533 2465 4604 λύχνον,
2503 4532 2561 4585 ὃν
2611 4530 2754 4599 ἅψας
2804 4528 2897 4583 καὶ
2943 4525 3182 4597 ζητήσας
3231 4528 3326 4595 τὴν
3377 4524 3540 4593 πολλῇ
3588 4524 3659 4592 γῇ
3714 4524 3811 4577 καὶ

574 4638 702 4696 pote
731 4629 832 4681 sub
879 4636 1023 4682 terra
1062 4629 1206 4697 apud
1256 4629 1463 4685 inferos
1505 4631 1799 4701 iacentem.
1840 4632 1955 4690 Hoc
1995 4636 2137 4690 enim

575 4717 678 4772 sibi
713 4720 849 4785 vult,
881 4719 1065 4784 credo,
1098 4720 1333 4776 verrisse
1362 4721 1608 4788 domum,
1650 4727 1833 4779 omnia
1881 4728 2141 4783 retexisse

572 4810 850 4875 videlicet,
899 4811 1038 4865 etin
1097 4812 1276 4868 lucem
1324 4813 1586 4871 eduxisse
1635 4817 1809 4886 quiet
1865 4818 2141 4875 infernum

574 4897 857 4972 ingressus
887 4902 1090 4958 lumine
1123 4918 1224 4959 suo
1253 4903 1512 4974 implevit.

644 5165 690 5199 ³⁷
729 5165 864 5220 Luc.
899 5181 959 5231 ll,
993 5164 1080 5221 14.

649 5325 726 5393 (l)
763 5324 819 5376 In
852 5327 974 5379 cod.
1001 5323 1237 5379 Vindob.
1260 5322 1369 5378 266
1404 5321 1687 5391 sequentia
1736 5321 2013 5393 adduntur
2040 5322 2143 5373 alia

579 5391 744 5474 manu
767 5402 829 5474 et
854 5395 1093 5474 nigrior‘c
1123 5403 1429 5474 atramento
1456 5394 1659 5474 scripta
1692 5407 1706 5445 :
1776 5391 1932 5459 Χρίει
1970 5392 2024 5472 ξε
2054 5395 2145 5474 τον

580 5466 731 5523 οἷκον
764 5456 980 5519 ἅπαντα
1003 5461 1079 5528 τῷ
1118 5464 1274 5532 μύρῳ
1312 5456 1685 5532 περιιὼν,’ῐνα
1725 5456 2034 5532 προσευχῆς
2072 5456 2151 5532 ol-

582 5555 680 5591 κον
711 5533 870 5588 αὐτὸν
903 5530 1205 5604 ἐργάσηται
1237 5530 1333 5584 καὶ
1364 5530 1601 5601 τοΰνομα
1631 5530 1850 5599 ἐνεργὸν
1892 5530 1991 5600 ἔχῃ
2047 5530 2144 5581 καὶ

588 5607 728 5639 -.λλι-
756 5605 855 5639 ..ριρ
878 5603 1044 5639 ,ἀνὴρ
1070 5603 1202 5639 sura
1231 5602 1397 5639 nam;
1468 5603 1528 5639 'n
1551 5603 1660 5639 ww...
1700 5602 1834 5639 σπηλρ
1869 5599 1959 5639 est.
2012 5598 2144 5639 nam

588 5607 728 5674 πρὸς
756 5605 855 5662 τὰς
877 5598 1044 5672 εὐχὰς
1070 5598 1202 5669 ημῖν
1230 5602 1425 5670 βοηθῇ.
1468 5598 1538 5654 Ἦ
1551 5603 1660 5673 γὰρ
1700 5598 1834 5672 πρὸς
1869 5598 1987 5651 τὸν
2012 5598 2145 5651 Θεὸν

587 5675 700 5727 τῶν
739 5672 1045 5738 ἀνθρώπων
1101 5671 1376 5740 παρουσία
1415 5670 1509 5723 καὶ
1539 5672 1615 5740 ,τὸ
1658 5668 1989 5740 κατευθύνον
2049 5669 2149 5740 τὴν

554 5776 561 5781 ς
592 5737 906 5812 ’προσευχὴν
930 5742 1088 5812 ἡμῶν
1116 5737 1193 5801 ὡς
1225 5739 1477 5812 θυμίαμα
1504 5739 1568 5812 το
1598 5740 1766 5812 μύρον
1793 5739 1910 5812 εστὶ
1942 5737 2002 5790 τὸ
2061 5739 2152 5812 ἐκ·

598 5808 902 5879 κένωθὲν,’ὀ
933 5808 1125 5882 Σωτὴρ
1165 5808 1512 5881 παράκλητος
1547 5810 1678 5878 ἡμῖν
1699 5808 1986 5878 γενόμενος
2020 5809 2153 5879 πρὸς

2248 4628 2424 4697 σκότῳ
2462 4622 2987 4691 συγκεκαλυμμένην
3025 4613 3150 4689 εὗρε
3188 4614 3450 4687 δραχμὴν,
3494 4616 3568 4674 ὡς
3606 4614 3671 4667 ἂν
3705 4613 3813 4665 ὑπὸ

2247 4719 2349 4788 γῆν
2379 4718 2435 4770 ὲν
2465 4715 2625 4787 ’ᾍδου
2653 4713 2937 4782 κειμένην·
2960 4710 3118 4763 τοῦτο
3144 4711 3273 4778 γὰρ,
3306 4705 3483 4776 οἶμαι,
3501 4706 3726 4759 δύναται
3754 4706 3813 4758 τὸ

2247 4810 2491 4881 σαρῶσαι
2513 4807 2608 4873 τὴν
2636 4805 2835 4871 οἰκίαν,
2853 4804 2912 4855 τὸ
2945 4801 3118 4854 πάντα
3147 4802 3286 4854 ἀνακ
3298 4798 3492 4867 ιλύψαι
3523 4802 3615 4851 καὶ
3634 4797 3735 4850 ὑπὸ
3755 4797 3817 4849 τὸ

2248 4902 2362 4971 φῶς
2402 4902 2649 4967 ἀγαγεῖν,
2694 4897 2753 4958 ὃς
2801 4894 2894 4950 καὶ
2932 4894 3023 4948 τὸν
3075 4884 3246 4961 ᾍδην
3295 4891 3472 4958 φωτὸς
3522 4888 3816 4959 ἐνέπλησεν

2199 5030 2204 5035 ο
2248 4991 2501 5049 εἰσελθών
2525 4992 2629 5061 (Ι).

2251 5321 2343 5373 τὸν
2366 5319 2497 5372 Θεὸν
2525 5318 2620 5371 καὶ
2652 5319 2904 5386 μεσίτης.
2930 5319 3106 5389 ,Ἐπεὶ
3142 5319 3251 5389 γὰρ
3286 5318 3580 5389 μονογενὴς
3606 5318 3681 5372 ὢν
3715 5322 3814 5373 αὖ-

2252 5390 2343 5451 τδς
2375 5389 2568 5442 ἑαυτὸν
2586 5390 2663 5449 είς
2686 5391 2809 5450 τοὺς
2835 5388 3053 5448 δούλους
3076 5388 3311 5457 ἐξέχεεν,
3330 5391 3598 5447 εἰκότωςό
3630 5389 3815 5458 Πατὴρ

2253 5460 2576 5527 διήλλακται
2604 5461 2697 5529 καὶ
2725 5459 2940 5529 ἥμερον,
2968 5462 3046 5521 εἰς
3079 5463 3227 5525 ἡμᾶς
3262 5460 3451 5529 βλέπει
3505 5459 3598 5512 καὶ
3643 5474 3817 5525 προσ-

2258 5526 2983 5599 ιόνταςπροσίεται,ὡς-ἂν
3036 5528 3199 5599 αὑτὸν
3244 5526 3520 5599 εὑρίσκων
3574 5530 3655 5599 ἐν,
3685 5529 3816 5599 ἡμῖν

2254 5598 2345 5650 τὸν
2381 5594 2626 5664 Υἰὺντόν
2647 5595 2948 5664 ἀγαπητόν.
2980 5598 3141 5651 Ὅθεν
3171 5594 3465 5652 ἀκόλουθον
3486 5594 3573 5664 ἦν,
3614 5594 3817 5663 εἰςτὴν

2255 5668 2455 5737 οἰκίαν,
2483 5669 2538 5720 ὲν
2637 5660 2726 5737 τὸν
2750 5660 2885 5737 Θεξιν
2917 5666 3192 5737 καλοῦμεν
3236 5670 3329 5721 καὶ
3359 5660 3669 5737 προσευχῆς
3724 5660 3819 5737 ὲκ-

2260 5733 2787 5804 κενωθῆναι’μύρον,
2820 5734 2907 5787 ἵνα
2924 5736 3014 5788 τὸν
3043 5733 3230 5790 αὐτόοι
3291 5733 3629 5799 καλούμενον
3684 5736 3819 5786 Θεὸν

2261 5806 2339 5869 είς
2363 5805 2560 5876 ἑαυτὴν
2590 5804 2914 5877 ἐπιστρέφῃ,
2957 5806 3050 5859 καὶ
3083 5807 3223 5861 κατὰ
3254 5806 3351 5878 τὴν
3381 5804 3473 5859 τοῦ
3502 5804 3816 5874 Σολομῶνος
