4134 6314
268 5834 311 5855 1'

443 358 540 418 Sail
1552 352 1650 410 DE
1689 351 1860 411 HTA
1904 351 1986 410 ΙΝ

2122 349 2355 408 313(λῦ
2393 349 2537 409 LiB.
2580 348 2674 411 Π.
3593 347 3698 414 6ὶέ

445 468 592 529 εἰκός
647 469 765 518 ἐστι
811 468 915 519 ικαὶ
973 466 1287 534 συμϐαῖνον,
1339 466 1437 536 τήν
1468 465 1612 536 ζωὴν
1667 464 1766 519 οὐκ
1798 464 2018 534 ἀγαπᾷν

2124 458 2424 528 putationis
2452 466 2653 512 nostrae
2691 458 2758 513 de
2789 457 2896 513 vita
2924 460 2978 513 in
3024 457 3253 514 Christo
3290 460 3428 515 hanc
3478 474 3700 531 quoque

445 558 777 625 δεξαμένους
809 557 930 609 οὐδὲ
979 557 1283 623 καθεύδειν,
1331 556 1405 619 ὡς
1435 556 1501 609 ἂν
1530 557 1591 608 τὸ
1619 557 1729 609 πᾶν
1774 556 2023 625 ἔχοντας,

448 650 583 701 ὁ).λᾶ
615 650 711 702 καὶ
756 647 825 702 δι’
872 641 947 700 ὧν
1001 648 1340 714 φυλάξομεν,
1376 648 1623 718 προσῆκε
1684 647 1889 717 ζητεῖν,
1933 647 2024 698 τὸν

450 740 568 793 ἴσον
590 742 789 809 τρίπον
821 742 921 793 κάν
957 743 1069 804 τοῖς
1101 743 1228 812 περὶ
1262 743 1369 793 τῶν
1400 743 1685 812 προτέρων
1721 741 1847 803 τοὺς
1895 740 2024 809 περὶ

447 831 557 884 τῶν
611 830 876 901 δευτέρων
907 833 1252 900 προσθεῖναι,
1308 833 1401 885 καὶ
1437 832 1560 885 ὅθεν
1599 831 1877 901 ὲζήσαμεν
1930 833 2025 884 καὶ

449 925 593 985 ὃπως
615 925 709 976 καὶ
735 923 787 974 τί
815 923 1089 986 παθόντες
1123 924 1404 988 εἰπόντας,
1437 924 1629 977 ἔπειτα
1658 924 1710 977 τί
1741 923 2023 987 ποιοῦντες

448 1015 507 1065 οὖ
544 1012 898 1082 προδώσομεν
931 1014 1031 1084 τὴν
1072 1014 1446 1084 εὐδαιμονίαν,
1500 1014 1792 1068 ἀκόλουῗον
1841 1012 1907 1067 ἂν
1936 1015 2021 1083 εἴη

444 1104 760 1168 διεξελθεῖν.
788 1105 987 1157 Καίτοι
1016 1106 1176 1158 τοῦτο
1201 1107 1303 1175 μέν
1338 1106 1486 1159 ἐστιν
1512 1106 1681 1176 ἀρετὴ
1712 1107 1808 1159 καὶ
1830 1107 1889 1157 τὸ
1925 1107 2024 1176 ζῇν

419 1190 585 1248 ’κατὰ
618 1201 709 1249 τον
735 1197 897 1267 ὀρθὸν
929 1197 1125 1264 λόγον’
1166 1197 1375 1250 τούτων
1416 1198 1470 1251 δὲ
1498 1198 1628 1268 πέρι
1668 1198 1889 1262 πολλοῖς
1925 1200 2022 1266 μὲν

443 1289 663 1358 εῖρηται
686 1289 795 1341 τῶν
815 1290 1083 1358 ἀρχαίων,
1114 1291 1331 1353 πολλοῖς
1353 1291 1409 1343 δὲ
1431 1291 1540 1343 τῶν
1563 1292 1776 1355 ἔπειτα,
1804 1293 1896 1346 καὶ
1924 1292 2024 1344 οὒκ

444 1380 593 1433 ἔστιν
631 1380 659 1434 ὃ
700 1384 959 1452 παρεῖται
1006 1381 1126 1435 δέον
1171 1381 1448 1451 είρῆσθαι,
1485 1383 1578 1435 καὶ
1618 1382 1923 1436 κινδυνεύει
1958 1384 2024 1452 δὴ

444 1472 740 1542 περίεργον
762 1472 829 1526 ἂν
857 1474 993 1543 ἡμῖν
1015 1475 1109 1525 τὸν
1141 1473 1329 1541 ἀγῶνα
1355 1474 1543 1526 τοῦτον
1570 1473 1825 1544 ἡνύσθαι.
1869 1473 2026 1527 Ἐπεὶ

443 1562 488 1616 δ’
521 1557 596 1618 ὧν
643 1564 704 1630 ἐξ
738 1565 911 1634 ἀρχῆς
949 1564 1368 1634 ἑνεστησᾶιμεθα
1402 1567 1498 1620 καὶ
1548 1566 1608 1618 τὸ
1643 1566 1774 1633 περὶ
1812 1565 2022 1619 τούτων

445 1655 622 1709 εἰπεῖν
662 1655 1065 1722 ἀπαιτούντων,
1114 1659 1164 1710 εί
1206 1657 1317 1727 μὴν
1364 1657 1725 1727 προσθεῖμεν,
1772 1659 1872 1711 οὐκ
1909 1659 2024 1710 ἔστι

447 1746 554 1798 σῶν
588 1743 730 1799 εῖναι
758 1746 851 1799 τὸν
894 1747 1072 1816 λόγον,
1109 1749 1304 1818 ῥητέον
1334 1747 1409 1810 ὡς
1442 1743 1554 1802 οἷόν
1586 1766 1669 1811 τε,
1708 1750 1745 1803 ἃ.
1784 1748 1883 1818 μὲν
1912 1749 2018 1802 ἴδια

2125 562 2333 621 partem
2375 551 2630 606 facimus.
2677 550 2830 606 Sient
2871 566 3110 621 namque
3161 554 3215 606 in
3244 554 3408 608 rebus
3439 555 3697 608 humanis

2125 642 2326 697 ratiOui
2360 643 2712 697 consentiens
2741 653 2849 707 est,
2870 653 2926 699 et
2954 645 3068 698 fieri
3093 647 3400 710 consuevit,
3436 655 3496 700 ut
3528 648 3692 700 vitam

2125 736 2403 804 accepisse
2438 750 2545 787 non
2583 735 2713 789 satis
2767 735 3085 797 habeamus,
3116 738 3299 807 neqne'
3345 737 3467 792 ideo
3492 738 3698 792 inertiae

2125 842 2188 882 ac
2223 843 2416 880 somno
2450 842 2550 879 nos
2579 826 2861 892 dedamus,
2893 828 3048 896 quasi
3073 828 3185 896 jam
3216 829 3398 883 omnia
3446 832 3700 899 suppedi-

2126 927 2262 983 tent,
2296 919 2388 971 sed
2426 919 2649 986 insuper
2681 918 2882 985 quibus
2928 932 3045 972 eam
3097 919 3272 974 modis
3319 935 3383 975 ac
3416 923 3518 975 viis
3543 932 3699 976 tuea-

2127 1026 2248 1062 mttr
2272 1010 2779 1076 circnmspiciamus
2806 1026 2819 1074 ;
2857 1010 2930 1062 ita
2956 1024 3015 1063 se
3041 1010 3095 1063 in
3120 1011 3223 1065 hac
3261 1014 3585 1067 tractatione
3613 1030 3700 1069 res

2128 1101 2311 1165 habet,
2338 1109 2391 1152 et
2444 1116 2564 1168 que
2619 1102 2772 1168 prius
2825 1115 2854 1153 a
2913 1099 3068 1154 nobis
3125 1101 3446 1157 disserendo
3504 1105 3698 1158 tradita

2125 1202 2275 1257 sunt,
2314 1194 2380 1245 iis
2405 1192 2688 1260 sequentia
2727 1191 3129 1261 coniungenda.
3163 1194 3409 1265 Cumque
3446 1197 3699 1252 docueri-

2127 1285 2436 1357 mnsnnde,
2466 1294 2519 1338 et
2568 1288 2863 1354 quomodo.
2909 1288 3109 1356 etquid
3158 1287 3317 1342 nobis
3367 1287 3482 1363 fieri
3529 1289 3698 1343 susti-

2126 1385 2338 1439 nentes,
2363 1377 2529 1428 vitam
2557 1374 2951 1442 adipiscamur,
2987 1378 3237 1445 sequitur
3265 1379 3400 1446 jam,
3458 1388 3518 1431 ttt
3569 1380 3695 1447 quid

2127 1467 2401 1536 agendum
2462 1468 2556 1530 sit,
2607 1483 2676 1519 ne
2717 1468 2966 1536 adeptam
3014 1468 3328 1522 felicitatem
3377 1469 3698 1538 prodamus,

2125 1560 2616 1614 demonstrandum
2654 1559 2928 1615 videatur.
2964 1560 3076 1615 [loc
3116 1577 3247 1616 vero
3276 1563 3422 1616 aliud
3462 1564 3592 1616 nihil
3616 1569 3700 1616 est

2127 1655 2231 1708 nisi
2276 1656 2529 1707 virtutem
2563 1652 2764 1716 colere,
2793 1663 3061 1723 rectaque
3087 1655 3282 1709 rationi
3310 1655 3702 1710 convenienter

2129 1743 2329 1796 vivere.
2382 1743 2512 1808 Quae
2542 1754 2863 1815 argumenta
2900 1754 3112 1827 veteres
3162 1746 3339 1812 multi,
3395 1762 3503 1801 non
3539 1748 3698 1816 pauci

442 1841 552 1896 τῶν
569 1841 925 1912 ἀνθρωπίνων
950 1840 1082 1910 βίων
1109 1842 1327 1912 ἑκάστῳ
1348 1843 1597 1913 προσῆκε
1616 1843 1829 1896 πολλῶν
1849 1844 2018 1897 ὄντων

2127 1836 2256 1888 item
2295 1838 2628 1889 recentiores
2681 1836 2813 1890 totis
2864 1821 3019 1891 libris
3069 1838 3340 1903 persecuti
3393 1847 3542 1903 sunt,
3596 1853 3700 1893 nec

442 1933 875 2003 παραλιπόντας,
911 1927 987 1987 ὧν
1015 1933 1060 1986 δ’
1090 1933 1348 2004 ὑπόχρεῳ
1385 1936 1537 2004 κοινῇ
1583 1932 1660 2002 τῷ
1697 1933 1816 2002 Θεῷ
1856 1935 2022 1987 καθέ-

444 2040 651 2093 σταμεν
683 2026 909 2090 πάντες,
944 2024 1121 2078 ταῦτα
1161 2024 1525 2087 σκοποῦντας.
1570 2024 1708 2078 Οὔτε
1758 2024 1867 2094 γὰρ
1918 2024 2017 2097 τὴν

442 2117 612 2187 αὐτὴν
640 2117 841 2188 ἀρετὴν
867 2118 1015 2171 εῖποι
1043 2135 1130 2179 τις
1152 2117 1217 2171 ἂν
1240 2114 1383 2170 εῖναι
1407 2117 1520 2169 δεῖν
1542 2116 1650 2170 τῶν
1679 2134 1738 2170 τε
1767 2117 1832 2171 τὰ
1862 2119 2018 2170 κοινὰ

442 2206 905 2277 πολιτευομένων,
957 2210 1052 2261 καὶ
1085 2209 1134 2261 οἲ
1174 2207 1243 2260 τὰ
1283 2206 1462 2260 αὐτῶν
1504 2207 1859 2276 πράττουσιν,
1895 2206 2020 2259 οὔτε

435 2300 531 2352 τὸν
569 2301 707 2368 μετά
738 2300 801 2352 τὸ
834 2300 1062 2371 λουτρὸν
1106 2300 1184 2368 τῷ
1230 2299 1349 2367 Θεῷ
1379 2299 1548 2369 μηδὲν
1582 2299 1743 2353 πλέον
1776 2300 2020 2369 ὑπεσχη-

445 2393 646 2462 μένων,
674 2395 768 2446 καὶ
799 2388 880 2457 οἷς
915 2388 942 2446 ό
975 2393 1093 2463 βίος
1127 2394 1398 2464 μονώτης,
1437 2393 1487 2446 οἳ
1522 2393 1821 2463 παρθενίαν
1854 2393 2024 2461 πρού-

444 2483 713 2551 στήσαντο
736 2485 828 2537 καὶ
849 2487 911 2537 τὸ
938 2486 1106 2555 μηδὲν
1128 2486 1294 2555 ἔχειν,
1320 2488 1416 2539 καὶ
1442 2485 1518 2555 μὴ
1547 2486 1710 2554 μόνον
1742 2483 1903 2538 ἄλλου
1926 2484 2020 2538 τοῦ

442 2574 746 2643 κτήματος,
780 2574 1021 2629 ἀλλὀύὸ’
1052 2576 1209 2629 αὐτοὶ
1245 2575 1396 2644 σφῶν
1427 2575 1607 2629 αὐτῶν
1640 2571 1782 2627 εῖναι
1812 2575 2019 2645 κύριοι.

446 2671 657 2734 leinus,
712 2676 811 2739 pro
840 2669 1096 2724 facultate
1142 2669 1432 2723 dicendum
1475 2680 1575 2724 est.

2129 1926 2422 1994 quidquam
2456 1926 2599 1995 quod
2634 1927 2777 1981 dicto
2811 1941 2950 1995 opus
2981 1925 3176 1981 fuisset
3209 1928 3696 1995 praetermiserunt,

2123 2030 2173 2072 et
2194 2020 2492 2087 periculum
2522 2032 2625 2081 est,
2651 2035 2718 2072 ne
2749 2019 3016 2073 inutiliter
3036 2034 3254 2089 operam
3285 2035 3696 2075 consumamus.

2122 2108 2263 2174 Quia
2295 2119 2474 2163 tamen
2506 2126 2626 2177 quia
2663 2110 2730 2163 ab
2765 2110 2920 2164 initio
2944 2126 3046 2165 nos
3072 2099 3136 2165 ad
3171 2112 3518 2166 scribendum
3547 2112 3697 2167 exci-

2130 2209 2333 2261 larunt,
2365 2200 2553 2252 eadem
2587 2203 2653 2251 de
2697 2201 2781 2254 his
2815 2202 2975 2254 verba
3005 2201 3119 2263 fieri
3154 2204 3461 2269 postulant,
3494 2214 3547 2258 et
3592 2203 3698 2259 nisi

2128 2307 2190 2345 ea
2228 2292 2519 2355 addamus,
2593 2307 2700 2343 nun
2752 2301 2833 2344 est
2890 2293 3097 2361 integra
3152 2293 3330 2346 futura
3376 2296 3699 2363 disputatio,

2130 2385 2346 2438 omissis
2370 2399 2488 2452 qua:
2517 2384 2811 2452 separatim
2840 2384 3039 2451 cuique
3080 2386 3263 2452 generi
3290 2386 3411 2439 vita:
3445 2385 3700 2441 humana!

2131 2488 2434 2548 congruunt
2471 2479 2665 2545 (multa
2700 2489 2881 2528 autem
2930 2484 3060 2530 sunt
3088 2470 3341 2546 genere),
3383 2479 3558 2547 iisque
3587 2488 3703 2532 tan-

2132 2581 2245 2625 tum
2280 2569 2660 2631 consideratis,
2698 2584 2819 2638 qum
2845 2571 3208 2623 communiter
3246 2570 3573 2625 omnes'Deo
3606 2573 3704 2626 deo

1662 2667 1848 2735 Neque
1900 2667 2044 2722 enim
2087 2666 2331 2719 eamdem
2374 2663 2629 2716 virtutem
2671 2663 2941 2731 quispiam
3011 2662 3209 2715 dixerit
3262 2680 3385 2718 esse
3450 2675 3703 2734 oportere

443 2762 838 2832 rempublicam
893 2762 1416 2827 administrantinm,
1447 2770 1501 2817 et
1550 2764 1882 2830 privatorum
1910 2776 1931 2826 ;
1994 2776 2168 2830 neque
2200 2773 2388 2813 eorum
2420 2758 2512 2827 qui
2544 2759 2702 2826 aquis
2733 2755 2885 2810 tincti
2916 2754 3250 2809 salutaribus
3309 2757 3440 2810 nihil
3502 2775 3701 2814 novum

447 2853 561 2908 Deo
605 2856 997 2926 promiserunt,
1030 2865 1083 2910 et
1107 2855 1198 2925 qui
1230 2857 1392 2909 vitam
1431 2855 1485 2909 in
1526 2854 1820 2909 solitudine
1849 2854 2138 2924 agitantes,
2161 2852 2466 2907 castitatem
2490 2860 2542 2905 et
2573 2857 2948 2919 paupertatem
2984 2849 3085 2902 sibi
3115 2851 3443 2920 prolltendas
3472 2852 3692 2924 delege-

445 2954 596 3013 runt,
654 2956 704 3002 et
740 2948 796 3000 in
839 2947 1013 3000 aliena
1053 2961 1226 3016 usque
1282 2947 1418 3001 adeo
1471 2945 1744 3000 dominari
1802 2946 2014 3009 nolunt,
2058 2955 2117 2998 ut
2146 2958 2243 2998 sua
2282 2943 2528 3012 ipsorum
2554 2942 2854 3011 abjiciant.

518 3132 581 3182 Ὃ
604 3128 661 3181 δὲ
695 3127 873 3181 κοινόν
904 3128 1054 3179 ἐστιν
1084 3126 1260 3180 ἅπασι
1287 3127 1450 3196 χρέος
1475 3127 1588 3187 τοῖς
1621 3124 1729 3177 ἀπὸ
1768 3122 2013 3194 Χριστοῦ

441 3220 824 3289 καλουμένοις,
858 3217 1048 3287 ὥσπερ
1079 3218 1217 3271 αὐτὸ
1248 3217 1313 3285 δὴ
1346 3217 1409 3269 τὸ
1444 3216 1767 3288 πρόσρημα,
1803 3214 1898 3268 καὶ
1933 3214 2018 3267 δεῖ

444 3313 652 3373 πάντας
706 3310 910 3376 ὁμοίως
963 3309 1317 3375 εἰσενεγκεῖν,
1374 3308 1514 3376 ὑπὲρ
1566 3301 1628 3360 οὗ
1679 3308 1788 3359 πᾶν
1835 3304 2014 3359 ὁτιοῦν

443 3402 874 3472 προϊσχομένους
902 3400 1002 3452 οὐκ
1036 3398 1151 3451 ἐστι
1186 3396 1636 3468 παραιτήσασθαι
1666 3400 1794 3461 τοὺς
1829 3398 2016 3452 ἀπολι-

445 3491 716 3560 πομένους
749 3490 809 3542 οὗ
840 3489 940 3559 τὴν
990 3489 1231 3558 ἠλικίαν,
1273 3488 1333 3541 οὐ
1364 3489 1584 3559 τέχνην,
1613 3490 1673 3543 οὐ
1703 3489 1875 3560 τύχην
1904 3488 2013 3543 οὐδ’

443 3583 713 3653 ἡντινοῦν,
746 3582 807 3636 οὐ
855 3582 954 3651 τὴν
995 3582 1279 3650 ἐσχατιὰν,
1320 3582 1383 3634 οὐ
1415 3585 1514 3652 τὴν
1544 3586 1801 3652 ἐρημίαν,
1828 3583 1888 3635 ού
1917 3582 2014 3644 τὰς

446 3675 653 3739 πόλεις,
682 3674 743 3726 οὐ
774 3673 902 3734 τοὺς
934 3672 1222 3743 θορύὸους,
1258 3674 1356 3725 οὐκ
1384 3674 1513 3727 ἄλλο
1532 3674 1638 3726 τῶν
1658 3676 1875 3728 πάντων
1893 3674 2013 3726 οὐδὲ

445 3766 525 3828 ἓν,
554 3765 639 3832 ἐφ’
669 3763 705 3817 ἃ
738 3763 1089 3832 συμϐέϐηκεν
1122 3763 1559 3832 ἐγκαλουμένους
1591 3766 1914 3835 ἀναχωρεῖν,
1939 3765 2013 3828 ὡς

444 3856 654 3919 οὐδενὸς
714 3854 864 3923 αὐτῷ
923 3854 1290 3925 προΐστασθαι
1351 3855 1649 3924 δυναμένου
1702 3858 1799 3908 καὶ¹
1849 3858 2014 3909 πᾶσιν

448 3948 588 4014 ὲξδιν,
636 3950 704 4018 τῇ
752 3945 843 3999 τοῦ
886 3945 1128 4016 Χριστοῦ
1175 3945 1392 4014 θελήσει
1430 3946 1505 4015 μή
1556 3947 1836 4015 πολεμεῖν,
1877 3945 2011 3997 ἀλλὰ

445 4040 569 4102 τοὺς
607 4037 816 4091 ἐκεῖθεν
850 4038 913 4089 ἐκ
973 4036 1175 4099 παντὸς
1226 4037 1431 4107 τρόπου
1485 4034 1760 4098 σώζοντας
1816 4036 2015 4103 νέμους

447 4130 589 4199 πρὸς
616 4129 857 4197 τάκείνῳ
880 4124 1146 4181 δοκοῦντα
1194 4126 1515 4199 διατιθέναι,
1536 4127 1628 4179 τὸν
1660 4126 1799 4194 βίον.
1830 4126 2014 4179 Ταῦτα

446 4194 554 4290 γάρ
572 4218 694 4273 οὔτε
718 4194 1256 4290 κρείττωδυνάμεως
1279 4194 1628 4287 ἀνθρωπείας
1654 4218 1801 4270 ἐστιν
1820 4218 2013 4283 εἰπεῖν,

446 4310 507 4362 οὗ
554 4313 663 4379 γὰρ
708 4308 774 4362 ἂν
816 4311 929 4371 τοῖς
963 4305 1381 4376 παρανομοῦσιν
1420 4306 1604 4358 ἔκειτο
1641 4306 1787 4376 δίκη,
1820 4308 1928 4359 τῶν
1956 4324 2016 4359 τε

446 4400 786 4472 Χριστιανῶν
805 4400 905 4453 οὐκ
922 4398 1069 4452 ἐστιν
1092 4397 1290 4460 οὐδεὶς,
1316 4396 1371 4459 ὃς
1395 4396 1496 4448 οὐκ
1517 4399 1597 4458 εἰς
1620 4396 1779 4465 ἔργον
1802 4397 2017 4450 ᾶπαντα

448 4495 675 4561 ἀγαγεῖν
717 4490 895 4560 ἑαυτῷ
940 4489 1180 4543 σύνοιδεν
1213 4489 1501 4558 ὑπόχρεως
1551 4487 1650 4542 ὢν.
1697 4488 1765 4540 οἵ
1808 4505 1871 4555 γε
1916 4489 2017 4558 τὴν

449 4585 624 4655 ἀρχὴν
654 4582 802 4653 αὑτῷ
847 4582 1169 4653 προσιόντες
1197 4577 1232 4651 ἦ
1264 4580 1371 4651 μὴν
1417 4581 1508 4634 διὰ
1537 4580 1758 4633 πάντων
1790 4580 2019 4653 ἀκολου-

451 4673 634 4745 θήσειν
675 4674 910 4744 ηῦξαντο
955 4674 1162 4734 πάντες
1214 4673 1420 4742 ὁμοίως
1465 4671 1563 4724 καὶ
1621 4670 1847 4733 ταύταις
1898 4673 2015 4734 ταῖς

2191 3120 2346 3186 Quod
2380 3131 2563 3175 autem
2600 3119 2848 3175 omnium
2882 3137 2910 3175 a
2943 3120 3162 3176 Christo
3202 3138 3401 3179 nomen
3460 3127 3684 3183 trahen-

2120 3210 2254 3264 tium
2286 3225 2577 3265 cornmune
2611 3210 2856 3263 debitum
2891 3219 2995 3275 est,
3031 3211 3174 3267 sicut
3211 3215 3326 3284 ipsa
3373 3218 3692 3285 appellatio,

2115 3303 2373 3371 quoique
2411 3316 2605 3355 omnes
2636 3314 2791 3369 aeque
2822 3313 3078 3370 praestare
3107 3315 3346 3372 oportet,
3385 3309 3547 3375 cujus
3592 3324 3691 3365 ne-

2040 3429 2082 3484 c
2117 3399 2400 3468 gligentes,
2431 3396 2695 3480 quidquid
2726 3398 3085 3467 prmtendant,
3146 3413 3252 3452 non
3321 3410 3547 3468 possunt
3569 3420 3697 3473 snp-

2118 3491 2335 3561 plicium
2385 3490 2688 3559 deprecari,
2742 3488 2858 3544 sive
2929 3500 3144 3544 aetatem
3198 3504 3502 3562 apponant,
3579 3496 3693 3549 sive

2117 3592 2311 3645 artem,
2345 3583 2459 3637 sive
2512 3581 2784 3636 fortunam
2810 3589 2862 3635 et
2887 3581 3255 3637 conditionem
3288 3598 3695 3654 quamcunque,

2116 3672 2229 3727 sive
2245 3675 2514 3737 morbum,
2532 3673 2647 3726 sive
2660 3673 2907 3738 corporis
2933 3671 3331 3742 habitudinem,
3353 3675 3466 3730 sive
3481 3676 3699 3732 ultimos

2117 3744 2369 3814 locorum
2392 3776 2660 3825 recessus,
2687 3760 2802 3814 sive
2833 3761 3205 3825 solitudinem,
3228 3763 3343 3817 sive
3365 3765 3551 3828 urbes,
3581 3768 3698 3820 sive

2115 3851 2258 3905 aliud
2280 3852 2509 3920 quodvis
2536 3868 2716 3906 rerum
2741 3853 3009 3918 omnium,
3034 3853 3099 3907 ad
3123 3869 3242 3923 quae
3259 3856 3493 3910 accusati
3518 3856 3700 3925 perfu-

2115 3958 2240 4010 gere
2269 3944 2467 4008 solent,
2523 3952 2712 4012 utpote
2738 3944 2824 3997 cui
2855 3944 3123 3998 obsistere
3175 3947 3309 3999 nihil
3341 3956 3524 4015 queat,
3552 3949 3701 4016 quod.

2116 4035 2336 4086 demum
2395 4034 2664 4087 universis
2715 4034 2864 4099 licet,
2898 4044 2981 4089 est
3009 4034 3210 4089 Christi
3265 4038 3528 4090 voluntati
3587 4054 3697 4094 non

2119 4136 2451 4189 repugnare,
2483 4123 2575 4175 sed
2611 4122 2746 4175 latas
2773 4124 2893 4175 inde
2918 4124 3064 4193 leges
3087 4139 3251 4192 quam
3277 4125 3698 4193 diligentissime

2118 4219 2420 4274 servantes,
2453 4211 2519 4265 ad
2558 4211 2840 4264 arhitrium
2877 4212 3026 4266 illius
3060 4213 3224 4266 vitam
3258 4229 3552 4286 moresque
3619 4220 3700 4272 in-

2119 4304 2369 4361 alituere.
2396 4302 2583 4373 Neque
2611 4305 2750 4358 istuc
2776 4304 2954 4373 majus
2978 4304 3187 4359 viribus
3216 4307 3469 4362 humanis
3515 4309 3701 4364 dicen-

2122 4394 2298 4458 dum;
2346 4409 2451 4447 non
2490 4395 2638 4448 enim
2675 4392 2943 4463 legirupis
2987 4409 3148 4464 paena
3195 4406 3344 4451 esset
3395 4401 3698 4469 proposita,

2117 4493 2171 4538 et
2199 4485 2640 4540 Christianorum
2673 4499 2832 4539 nemo
2863 4496 2945 4539 est
2970 4501 3221 4555 prorsus,
3260 4488 3353 4558 qui
3394 4490 3461 4543 ad
3508 4491 3696 4546 omnia

2118 4575 2238 4645 ipso
2276 4590 2440 4643 Opere
2466 4577 2810 4645 exsequenda
2841 4577 3135 4646 obligatum
3167 4594 3285 4633 sese
3309 4597 3372 4633 ex
3400 4581 3511 4649 ipsa
3566 4596 3699 4635 eon-

2123 4666 2351 4719 scientia
2382 4681 2479 4719 sua
2519 4672 2626 4719 non
2667 4666 2931 4738 intelligat
2965 4670 3131 4738 :qnia
3166 4684 3194 4722 a
3256 4671 3524 4738 principio
3569 4688 3693 4724 eum

451 4764 751 4835 συνθήκαις
796 4764 1055 4833 δήσαντες
1105 4762 1335 4824 ἑαυτοὺς
1387 4759 1532 4814 οὕτω
1594 4750 1855 4831 μετέσχον
1909 4762 2018 4817 τῶν

2130 4757 2196 4810 ad
2224 4771 2349 4809 eum
2384 4771 2444 4811 se
2472 4757 2861 4832 adjungerent,
2888 4759 3115 4827 polliciti
3139 4769 3267 4812 sunt
3313 4776 3503 4814 omnes
3540 4777 3695 4829 teque

452 4856 638 4927 ἱερῶν.
672 4855 825 4909 Οῦτω
854 4855 898 4908 δ’
928 4855 1055 4907 ὄντα
1087 4855 1245 4907 κοινὰ
1275 4854 1445 4907 πᾶσιν
1478 4852 1774 4923 ὀφλήματα
1810 4852 1880 4906 τὰ
1918 4852 2012 4907 τοῦ

450 4946 707 5014 Σωτῆρος
738 4930 1087 5010 ἐπιτάγματα
1132 4944 1245 5003 τοῖς
1282 4943 1494 5001 πιστοῖς
1546 4941 1639 4993 καὶ
1672 4938 1874 4992 δυνατὰ
1903 4941 2017 5002 τοῖς

454 5032 801 5102 βουλομένοις
836 5030 1031 5083 ἀνύσαι
1059 5032 1151 5083 καὶ
1182 5030 1386 5108 σφόδρα
1411 5030 1517 5082 τῶν
1548 5029 1884 5097 ἀναγκαίων,
1922 5028 2017 5081 καὶ

452 5118 527 5179 ὧν
547 5127 714 5194 χωρὶς
740 5123 839 5175 οὐκ
867 5122 932 5175 ἂν
955 5124 1169 5190 γένοιτο
1197 5122 1420 5191 Χριστῷ
1449 5122 1728 5174 συνελθεῖν
1752 5123 1831 5192 τῷ
1859 5122 2016 5175 πλεί-

454 5231 566 5284 στῳ
589 5214 682 5266 καὶ
704 5212 974 5280 καλλίστῳ
1010 5212 1166 5281 μέρει
1185 5212 1556 5282 διεστηκότας,
1574 5216 1639 5283 τῇ
1681 5213 1896 5284 θελήσει
1923 5215 2019 5268 καὶ

451 5309 564 5369 τοῖς
596 5305 957 5375 βουλήμασιν.
994 5304 1231 5373 Ἀνάγκη
1263 5304 1371 5374 γάρ
1408 5307 1736 5373 κοινωνῆσαι
1770 5304 2017 5374 γνώμης,

452 5392 496 5466 ᾧ
538 5395 901 5464 κοινωνοῦμεν
943 5394 1320 5461 αἱμάτων,καῖ
1356 5394 1425 5446 τὰ
1469 5396 1566 5463 μὲν
1608 5394 2020 5465 συνημμένους,

453 5490 523 5544 τὰ
538 5490 595 5544 δὲ
616 5488 976 5561 διῃρημένους
1005 5487 1147 5538 οὕτω
1180 5487 1276 5555 μὲν
1305 5485 1501 5554 φιλεῖν,
1534 5487 1759 5550 ἐκείνως
1788 5486 1843 5539 δὲ
1868 5488 2026 5540 πολε-

458 5586 600 5654 μεῖν,
622 5583 715 5635 κα“ι
738 5580 901 5633 τέκνα
919 5579 1019 5645 μὲν
1042 5573 1203 5642 εἶναι,
1239 5580 1474 5647 μωμητὰ
1501 5578 1577 5644 δὲ,
1610 5579 1702 5632 καὶ
1731 5579 1869 5650 μέλη
1900 5579 2019 5650 μὲν,

461 5674 599 5728 ἀλλὰ
628 5671 818 5743 νεκρὰ,
851 5665 931 5732 οἷς
966 5667 1156 5739 ὄφελος
1185 5668 1337 5721 οὐδὲν
1360 5669 1420 5720 τδ
1450 5669 1730 5737 συμφῦναι
1769 5672 1863 5724 καὶ
1893 5687 2016 5739 γεν-

459 5763 708 5836 νηθῆναι,
744 5763 997 5834 καθάπερ
1032 5758 1093 5815 τὸ
1130 5759 1313 5830 κλῆμα
1342 5759 1440 5829 τῆς
1475 5759 1736 5832 ἀληθινῆς
1766 5762 2013 5833 ἀμπέλου

2125 4863 2185 4903 se
2207 4848 2364 4916 plane
2388 4862 2485 4916 per
2516 4849 2699 4901 omnia
2733 4849 2909 4916 ipsum
2942 4851 3283 4915 imitaturos;
3316 4859 3367 4903 et
3404 4861 3690 4920 postquam

2124 4945 2297 4991 semet
2342 4937 2445 4991 hoc
2494 4937 2701 4992 {cudere
2742 4940 3179 5002 obstrinxcrttnt,
3223 4941 3294 4993 ita
3326 4941 3542 4994 demum
3581 4960 3695 5014 my-

2122 5028 2302 5082 steriis
2326 5038 2455 5082 sunt
2484 5029 2692 5083 donati.
2712 5028 2804 5083 Sic
2826 5041 3004 5084 autem
3031 5031 3283 5083 mandata
3317 5033 3514 5086 Christi
3541 5050 3691 5087 com-

2127 5120 2313 5173 munia
2353 5120 2534 5174 debita
2573 5120 2824 5174 fidelibus
2875 5122 3131 5175 munibus
3180 5138 3304 5175 cum
3336 5124 3466 5188 sint,
3501 5134 3554 5178 et
3580 5126 3691 5194 jam

2128 5211 2441 5266 volentibus
2480 5222 2695 5266 servatu
2730 5212 3034 5280 possibilia,
3061 5222 3477 5282 etsuuimOpcre
3506 5231 3694 5268 net-es-

2133 5304 2275 5359 saria
2300 5312 2446 5369 Sunt,
2477 5313 2530 5358 et
2559 5305 2678 5358 sine
2708 5303 2775 5358 iis
2808 5303 3174 5359 ndChristum
3209 5321 3312 5360 non
3346 5307 3602 5375 peiveniu
3645 5314 3687 5371 t,

2134 5398 2263 5466 quia
2299 5397 2367 5450 ab
2391 5412 2456 5450 eo
2494 5396 2733 5451 maxima
2800 5404 2854 5450 et
2886 5397 3251 5465 pulcherrima
3290 5409 3461 5467 parte,
3501 5398 3691 5450 volun-

2135 5502 2245 5548 tate
2285 5494 2541 5548 nimirum
2581 5494 2928 5562 consilioque
2973 5496 3307 5564 discrepant.
3343 5494 3579 5548 Necesse
3606 5503 3691 5546 est

2131 5585 2276 5639 enim
2304 5585 2581 5638 voluntate
2611 5600 2732 5638 cum
2759 5600 2823 5639 eo
2851 5588 3190 5656 conspirare,
3227 5600 3350 5638 eum
3381 5596 3490 5652 quo
3535 5597 3688 5636 coni-

2127 5689 2341 5728 munem
2392 5675 2656 5731 habemus
2725 5677 3097 5746 sanguinem;
3152 5689 3258 5728 non
3310 5671 3506 5741 partim
3563 5686 3693 5724 con-

2124 5766 2339 5835 cordes,
2384 5769 2575 5839 partim
2620 5769 2897 5828 discordes
2959 5768 3068 5823 illic
3138 5779 3342 5831 amare,
3373 5761 3457 5817 hic
3490 5760 3688 5817 bellum
