4196 6308
554 322 662 386 633

1803 294 2120 359 NICOLAI
2163 291 2551 355 CABASILIE

3700 291 3809 355 ιιι

541 446 732 496 contra
754 447 984 508 gerere;
1013 437 1067 487 et
1096 430 1238 486 lilios
1262 427 1481 500 quidem
1526 437 1671 488 esse,
1703 420 1798 476 sed
1822 416 2121 493 reprehen-

2237 412 2601 485 Βιαιρεθεῖσιν,
2632 409 2695 469 οὗ
2721 414 2876 481 τέλος
2910 412 3016 483 ἔξω
3047 413 3313 487 βληθῆναι
3345 414 3440 469 καὶ
3470 413 3812 487 ξηρανθῆναι

541 532 698 587 sione
736 526 952 596 dignos,
973 531 1028 577 et
1054 522 1295 577 membra
1334 519 1577 589 quidem,
1628 512 1722 568 sed
1767 519 2000 575 mortua,
2073 508 2128 563 in

2240 506 2332 559 καὶ
2359 507 2731 579 προσριφῖψαι
2760 512 2895 582 πυρί
2903 553 2917 567 .

544 621 746 692 quibus
761 618 895 674 nihil
920 614 1177 671 conducit
1208 623 1465 682 tanquam
1496 607 1774 678 palmitem
1805 603 2217 676 genitum_esse,
2240 607 2294 653 et
2318 600 2757 669 coaluisse,cum
2800 604 2853 658 in
2887 619 3013 660 vera
3030 607 3141 662 vite
3159 620 3271 662 non
3296 606 3588 663 manseris.
3622 604 3814 673 Qualis

543 717 756 789 palmes
784 713 1001 769 tand'eni
1042 711 1097 765 in
1139 710 1316 779 ignem
1356 706 1682 761 exteriorem
1724 700 1982 757 mittitur.

657 812 1000 881 Quapropter
1022 806 1114 876 qui
1142 805 1306 858 vitam
1334 803 1388 855 in
1415 800 1634 856 Christo
1662 799 1947 853 traducere
1978 791 2120 867 apud

550 905 795 961 animum
820 902 1032 962 statuit,
1064 898 1339 967 sequitur,
1404 903 1516 949 uta
1548 894 1716 948 corde
1743 905 1792 945 et
1824 892 2000 962 capite
2029 890 2122 944 illo

550 1005 709 1066 aptus
741 995 814 1049 sit
851 1003 1017 1061 atque
1038 990 1379 1059 dependeat:
1415 1002 1523 1040 non
1550 987 1696 1041 enim
1730 983 1951 1038 aliunde
1980 982 2123 1036 vivi-

552 1106 694 1145 mus.
734 1086 888 1154 Quod
917 1084 1044 1152 quia
1082 1098 1190 1137 non
1223 1088 1479 1152 possunt,
1524 1079 1618 1150 qui
1649 1093 1759 1133 non
1799 1078 1990 1133 eadem
2025 1090 2125 1129 vo.

545 1181 689 1237 lunt.
721 1177 1043 1250 [eademque
1066 1173 1261 1228 nolunt
1295 1169 1419 1244 (a)].
1454 1172 1519 1225 ad
1551 1169 1757 1224 Christi
1790 1169 2123 1223 voluntatem
2160 1176 2171 1187 ‘

554 1278 777 1327 noostra
821 1267 1095 1329 voluntas,
1114 1272 1353 1331 quantus
1378 1261 1617 1316 hominis
1637 1271 1826 1328 captus
1846 1267 1949 1321 est.
1969 1274 2130 1314 assue

553 1363 807 1418 facienda
840 1368 895 1415 et
918 1359 1222 1415 exercenda
1253 1370 1358 1422 est,
1374 1365 1424 1411 et
1458 1356 1530 1411 ita
1566 1354 1998 1422 instituenda,{ut
2032 1367 2129 1406 ea-

546 1455 671 1509 dem
694 1460 934 1522 appetat,
963 1452 1268 1519 iisdemque
1293 1450 1550 1519 gaudeat.
1586 1446 1894 1516 Pugnantia
1950 1446 2128 1515 siqui-

548 1549 670 1601 dem
706 1546 849 1599 inter
879 1559 939 1599 se
973 1543 1241 1597 desideria
1297 1557 1363 1595 ex
1423 1555 1533 1596 uno
1585 1540 1751 1594 corde
1797 1537 1999 1592 exoriri
2034 1552 2127 1590 ne-

2299 789 2398 844 Διά
2424 789 2595 843 ταῦτα
2628 788 2722 841 τὸν
2752 788 2809 840 ἐν
2842 786 3067 857 Χριστῷ
3097 787 3198 857 ζῇν
3239 786 3639 861 προῃρημένον
3683 790 3818 843 ακό-

2228 886 2419 939 λουθον
2475 885 2575 950 μέν
2624 883 2724 952 τῆς
2762 882 2990 951 καρδίας
3037 881 3263 949 καὶτῆς
3319 882 3567 953 κεφαλῆς
3595 885 3818 953 ἐκείνης

2230 973 2464 1044 ἐξῆφθαι
2522 972 2606 1044 (οὔ
2654 972 2764 1040 γὰρ
2801 971 3072 1042 ἑτέρωθεν
3116 954 3255 1041 ἡμῖν
3293 973 3327 1040 ἡ
3355 971 3519 1043 ζωὴ),
3566 974 3727 1029 τοῦτο
3755 976 3817 1029 δέ

2230 1068 2332 1121 οὐκ
2393 1066 2513 1132 ἐξὸν
2575 1066 2875 1135 δυνηθῆναι
2944 1065 3019 1135 μὴ
3083 1064 3154 1118 τὰ
3213 1064 3354 1118 αὐτὰ
3412 1064 3814 1136 βουλομένους⁸

2233 1161 2450 1231 ἀνάγκη
2479 1159 2614 1229 πρὸς
2640 1158 2740 1230 τὴν
2769 1158 2864 1212 τοῦ
2893 1158 3136 1227 Χριστοῦ
3163 1157 3384 1228 θέλησιν
3418 1157 3518 1228 τὴν
3555 1157 3815 1229 γνώμην,

2233 1254 2467 1308 καθόσον
2496 1249 2609 1307 οἷόν
2634 1270 2694 1305 τε
2723 1250 3056 1321 ἀνθρώποις.
3089 1251 3332 1320 ἀσκῆσαι
3366 1253 3464 1304 καὶ
3487 1254 3595 1305 τῶν
3632 1253 3817 1308 αὐτῶν

2233 1346 2528 1415 ἐπιθυμεῖν
2579 1347 2675 1398 καὶ
2728 1348 2840 1408 τοῖς
2894 1346 3083 1407 αὑτοῖς
3128 1343 3325 1414 ἐκείνῳ
3369 1343 3582 1413 χαίρειν
3630 1363 3816 1416 παρα-

2236 1442 2522 1494 σκευάσαι.
2547 1438 2658 1500 Τάς
2680 1437 2790 1508 γάρ
2816 1436 3067 1498 ἐναντίας
3094 1436 3394 1505 ἐπιθυμίας
3418 1439 3549 1505 μιᾶς
3569 1438 3816 1509 ἀνίσχειν

2235 1535 2465 1605 καρδίας
2492 1534 2601 1587 τῶν
2653 1533 2975 1602 ἀμηχάνων.
3021 1533 3080 1584 ’0
3112 1531 3220 1602 γὰρ
3253 1532 3490 1603 πονηρὸς
3525 1531 3817 1603 ἄνθρωπος
3866 1556 3870 1561 ’

548 1647 780 1707 queunt.
813 1635 985 1690 Malus
1016 1635 1162 1689 enim
1201 1635 1388 1698 homo,
1420 1632 1621 1700 inquit,
1668 1632 1735 1685 de
1763 1644 1930 1700 pravo
1959 1632 2127 1684 conte

2237 1631 2299 1682 ἐκ
2342 1629 2437 1682 τοῦ
2471 1628 2710 1705 πονηροῦ
2759 1625 3037 1696 θησαυροῦ
3076 1625 3179 1695 τῆς
3219 1626 3449 1697 καρδίας
3476 1625 3631 1680 οὐδὲν
3656 1625 3808 1692 ἀλλο,

484 1783 487 1786 τ
549 1744 649 1783 suo
669 1742 775 1781 uon
797 1727 943 1781 aliud
969 1740 1130 1793 quam
1155 1740 1377 1794 pravum
1400 1722 1647 1793 proferre
1668 1723 1840 1785 novit,
1864 1730 1919 1774 et
1948 1721 2125 1775 bonus

548 1818 825 1874 bonum”.
856 1818 922 1871 Et
947 1815 1411 1887 quemadmodum
1446 1814 1696 1870 ﬁdelibus
1732 1815 1784 1866 in
1808 1811 2123 1871 Pabestina,

549 1921 774 1981 propter
809 1910 1230 1966 consensionem
1266 1909 1608 1962 voluntatum
1634 1917 1792 1971 .erat,
1835 1921 1933 1960 cur
1960 1919 2126 1959 unum

549 2012 606 2059 et
636 2005 817 2057 anima
854 2002 1011 2057 una"
1044 2019 1058 2057 :
1086 2004 1278 2056 eodem
1308 2001 1493 2064 modo,
1523 2000 1568 2054 si
1605 2000 1728 2070 quis
1780 2014 1887 2052 una
1951 2007 2131 2051 mente

551 2105 607 2148 et
634 2094 907 2151 sententia
940 2107 999 2147 se
1042 2085 1166 2147 cum
1204 2093 1426 2146 Christo
1464 2107 1574 2145 non
1607 2090 1982 2161 conjunxerit,
2034 2088 2126 2143 sed

552 2187 638 2241 via
676 2186 970 2257 praeceptis
996 2186 1118 2256 ejus
1161 2184 1436 2239 contraria
1483 2183 1795 2244 incesserit,
1843 2197 1937 2235 cor
1965 2196 2127 2235 suum

552 2296 678 2335 cum
710 2294 778 2333 eo
812 2295 918 2334 non
958 2282 1151 2334 eodem
1194 2279 1403 2347 dirigit,
1429 2277 1523 2333 sed
1555 2277 1623 2331 ab
1654 2276 1763 2331 alio
1802 2276 1970 2331 corde
2007 2290 2134 2330 sus-

553 2387 785 2442 pensum
822 2386 947 2427 esse
988 2372 1181 2441 liquet.
1241 2369 1453 2425 Etenim
1484 2386 1515 2423 e
1561 2369 1780 2424 diverso
1830 2372 2131 2424 secundum

552 2483 651 2522 cor
683 2481 843 2522 suum
873 2465 1083 2519 invenit
1108 2460 1298 2525 David,
1326 2462 1477 2533 quia,
1504 2461 1701 2531 Legem
1725 2470 1897 2525 tuam,
1930 2460 2132 2529 inquit,

553 2574 664 2613 non
701 2573 821 2613 sum
848 2556 1123 2611 oblitus“.
1161 2554 1315 2621 Quod
1347 2556 1392 2608 si
1447 2553 1556 2629 vita
1611 2553 2003 2616 destituuntur,
2036 2552 2131 2621 qui

555 2665 588 2705 a
628 2651 793 2704 corde
821 2648 917 2703 illo
941 2662 1051 2703 non
1082 2646 1345 2715 pendent.
1382 2653 1436 2699 et
1466 2644 1707 2714 pendere
1738 2660 1849 2698 non
1877 2651 2130 2713 possunt,

556 2742 651 2810 qui
680 2756 789 2794 non
833 2740 1027 2795 eadem
1081 2740 1293 2804 volunt,
1341 2746 1401 2792 ut
1452 2738 1634 2793 vivere
1678 2752 1967 2807 queamus,
2022 2751 2133 2805 quo

560 2840 722 2901 pacto
746 2832 934 2887 eadem
966 2846 1089 2902 quae
1113 2831 1370 2888 Christus
1393 2844 1600 2892 amare,
1651 2829 1957 2899 iisdemque
2005 2844 2131 2883 cum

558 2924 680 2994 ipso
720 2924 960 2994 gaudere
981 2925 1279 2994 possimus.
1313 2938 1413 2993 age
1448 2922 1758 2993 videamus.

630 3018 727 3072 Est
750 3016 914 3085 igitur
937 3015 1116 3071 omnis
1144 3016 1373 3069 actionis
1408 3013 1622 3068 initium
1652 3012 1980 3067 desiderium
2020 3012 2135 3067 sive

559 3109 773 3188 petitio,
801 3105 1152 3177 appetitionis
1181 3113 1365 3160 autem
1393 3104 1676 3174 cogitatio.
1704 3103 1887 3170 Quare
1913 3092 2131 3158 eniten-

2238 1722 2403 1788 φησὶ,
2445 1720 2745 1790 προφέρειν
2803 1715 2944 1772 οἶδεν
2992 1717 3025 1788 ἢ
3076 1718 3334 1785 πονηρδν,
3386 1717 3481 1770 καὶ
3525 1719 3555 1770 ό
3607 1718 3814 1785 ἀγαθδς

2233 1813 2472 1882 ἀγαθόν’
2509 1812 2606 1865 καὶ
2651 1810 2909 1879 καθάπερ
2964 1812 3077 1871 τοῖς
3110 1812 3166 1862 ἐν
3203 1810 3538 1884 Παλαιστίνῃ
3574 1813 3816 1877 πιστοῖς,

2234 1904 2457 1958 ὅτιτῶν
2486 1903 2668 1957 αὐτῶν
2716 1902 3056 1970 ἐπεθύμουν,
3102 1920 3121 1952 ‹
3168 1896 3237 1972 ἦν
3284 1904 3317 1969 ἡ
3384 1902 3605 1971 καρδία,
3653 1906 3816 1974 φησὶ,

2232 1996 2378 2065 καὶὴ
2405 1994 2553 2063 ψυχὴ
2586 1995 2706 2065 μία,
2738 2017 2757 2046 ι
2785 1994 2876 2048 τὸν
2907 1994 3022 2047 ἴσον
3044 1995 3272 2065 τρόπον,
3302 1994 3455 2059 εῐτις
3484 1995 3563 2067 τῷ
3589 1998 3833 2068 Χριστῷ-

2237 2083 2313 2152 μὴ
2349 2081 2607 2145 κοινωνὸς
2637 2083 2725 2151 εἴη
2763 2086 2863 2151 τῆς
2903 2083 3152 2153 γνώμης,
3185 2085 3303 2138 ἀλλ’
3334 2080 3418 2147 οἷς
3450 2088 3659 2153 ἐκεῖνος
3693 2089 3819 2142 ἐπι-

2232 2177 2423 2229 τάττει
2448 2176 2585 2247 πρὸς
2608 2175 2943 2246 παλινῳδίαν
2973 2176 3184 2245 ἐξάγοι,
3215 2176 3317 2249 τὴν
3346 2179 3546 2233 ἐαυτοῦ
3578 2179 3726 2248 ζωὴν
3751 2183 3815 2236 οὐ

2236 2268 2375 2338 πρὸς
2400 2268 2497 2339 τὴν
2529 2268 2699 2336 αὐτὴν
2737 2269 2933 2338 ἐκείνῳ
2960 2269 3148 2322 τάττει
3190 2271 3444 2338 καρδίαν,
3475 2271 3614 2326 ἀλλὰ
3656 2271 3818 2342 δῆλός

2232 2361 2349 2414 ἐστι
2371 2361 2601 2431 καρδίας
2618 2360 2711 2430 ὲξη
2723 2378 2820 2431 ρτη
2832 2361 2990 2431 μένος
3010 2363 3227 2432 ἐτέρας,
3244 2365 3367 2416 ἐπεὶ
3388 2366 3484 2420 καὶ
3503 2369 3817 2424 τούναντίον

2236 2456 2377 2508 κατὰ
2400 2455 2497 2526 τὴν
2529 2455 2725 2508 ἐαυτοῦ
2759 2455 2989 2526 καρδίαν
3008 2448 3146 2526 ἐὗρε
3178 2457 3270 2510 τὸν
3298 2456 3484 2521 Δασὶδ,
3517 2460 3601 2514 ὅτι
3645 2480 3665 2512 ι
3704 2462 3818 2525 Τἀς

2236 2549 2455 2611 ἐντολάς
2489 2565 2605 2611 σου,
2632 2549 2820 2618 φησὶν.
2849 2549 2952 2602 οὐκ
2981 2548 3379 2619 ἐπελαθόμην.»
3406 2551 3469 2603 El
3501 2552 3560 2606 δὲ
3587 2552 3688 2623 ζῇν
3715 2555 3816 2624 μὲν

2236 2642 2336 2696 οὐκ
2363 2643 2479 2696 ἔστι
2514 2641 2589 2713 μὴ
2611 2645 2708 2711 τῆς
2741 2642 2972 2711 καρδίας
3002 2641 3410 2711 ἐξηρτημένους
3434 2644 3818 2716 ἐτιείνης,ἐξη-

2241 2735 2472 2805 ρτῆσθαι
2504 2734 2559 2788 δέ
2592 2735 2693 2788 οὐκ
2725 2735 2790 2789 ἂν
2830 2735 2915 2803 εῐη
2952 2733 3027 2804 μὴ
3053 2733 3124 2786 τὰ
3154 2733 3295 2787 αὑτά
3322 2734 3817 2806 βυυλομένους.ῐνα

2236 2829 2336 2898 ζῇν
2361 2826 2704 2897 δυνηθῶμεν.
2728 2825 3026 2896 σκοπῶμεν
3048 2827 3196 2890 ὅπως
3222 2827 3332 2879 τῶν
3351 2828 3535 2883 αὐτῶν
3565 2831 3696 2901 ἐρᾷν
3737 2829 3817 2901 τῷ

2236 2922 2457 2992 Χριστῷ
2490 2921 2582 2975 καὶ
2617 2922 2733 2985 τοῖς
2761 2921 2943 2985 αὐτοῖς
2975 2920 3171 2993 ἐκείνῳ
3200 2921 3546 2993 δυνησόμεθα
3575 2924 3819 2996 χαίρειν.

2312 3015 2469 3068 Ἔστι
2493 3014 2676 3067 τοίνυν
2709 3014 2966 3084 πράξεως
2997 3014 3099 3082 μὲν
3132 3014 3395 3084 ἐπιθυμία
3422 3016 3607 3086 πάσης
3642 3018 3813 3087 ἀρχὴ,

2238 3106 2536 3173 ἐπιθυμίας
2584 3105 2642 3158 δὲ
2688 3105 2988 3175 λογισμός⁸
3021 3103 3220 3159 οὐκοῦν
3250 3106 3541 3175 πειρατέον
3585 3107 3693 3177 πρό
3744 3124 3816 3174 γε

559 3179 690 3258 dum
745 3200 801 3255 in
843 3198 1035 3269 primis
1064 3207 1123 3253 ut
1173 3198 1395 3253 oculum
1440 3197 1637 3251 animae
1686 3210 1716 3250 a
1765 3196 1921 3250 vanis
1970 3196 2134 3250 rebus

2240 3198 2479 3261 πάντων,
2536 3197 2646 3249 τῶν
2711 3196 2960 3267 ματαίων
3019 3198 3258 3266 ἀπάγειν
3321 3197 3412 3251 τὸν
3471 3199 3572 3268 τῆς
3635 3198 3817 3269 ψυχῆς

561 3290 926 3352 abducamus,
975 3296 1030 3344 et
1087 3288 1245 3345 bouis
1294 3288 1725 3360 cogitationibus
1773 3303 1869 3341 cor
1919 3301 2137 3356 semper

563 3382 784 3451 plenum
820 3380 1143 3446 habeamus,
1178 3389 1235 3435 ut
1275 3395 1343 3436 ne
1409 3380 1704 3449 aliquando
1740 3394 2006 3442 wacnum,
2037 3379 2140 3431 im-

561 3474 858 3542 probarum
898 3473 1287 3544 cogitationum
1337 3471 1495 3526 sedes
1526 3485 1591 3524 ac
1650 3469 1985 3524 domicilium
2023 3468 2136 3522 liat.

557 3564 695 3620 Cum
725 3564 836 3621 sint
871 3581 1035 3635 porro
1068 3566 1258 3627 multa,
1301 3564 1504 3634 quibus
1535 3562 1862 3617 meditandis
1898 3562 2137 3617 animam

560 3655 846 3724 occupari,
881 3664 938 3709 et
972 3664 1208 3708 mentem
1245 3668 1371 3709 cum
1428 3652 1706 3722 voluptate
1751 3652 1995 3707 studium
2029 3653 2136 3705 im-

563 3749 800 3814 pendere
832 3752 1263 3801 conseutaneum
1291 3752 1395 3808 est,
1437 3747 1686 3798 omnium
1718 3753 1772 3797 et
1798 3743 1866 3797 ad
1910 3745 2139 3813 loquen-

562 3838 717 3902 dum,
749 3846 803 3889 et
835 3835 903 3890 ad
936 3834 1283 3905 cogitandum
1330 3836 1471 3890 ratio
1519 3836 1901 3906 mysteriorum
1936 3837 2141 3906 jucun-

560 3927 791 3981 dissima
826 3934 881 3981 et
915 3924 1361 3982 lructuosissima
1392 3926 1627 3990 videtur,
1670 3928 1907 3997 indeque
1933 3929 2139 3983 divitiae

563 4026 767 4072 vostrae
830 4024 1149 4071 manarunt.
1203 4015 1524 4087 Cogitemus
1587 4031 1720 4083 ergo
1771 4016 1902 4072 licet
1949 4019 2139 4084 quales

561 4123 784 4163 eramus
814 4118 1109 4178 antequam
1135 4108 1500 4170 initiarenmr.
1540 4110 1732 4178 quales
1778 4119 1903 4179 post
1948 4112 2138 4164 initia-

564 4201 771 4255 tionem
806 4201 937 4257 facti
975 4202 1172 4266 simus,
1202 4211 1257 4256 et
1285 4204 1469 4272 qualis
1498 4202 1663 4255 fuerit
1692 4203 1842 4271 prius
1876 4205 2137 4268 servitus.

561 4294 742 4361 qualis
779 4310 887 4363 qua
916 4308 1061 4348 nunc
1091 4297 1329 4363 potimur
1362 4296 1586 4350 libertas
1619 4305 1674 4349 et
1703 4312 2143 4365 regnum,quau-

563 4393 728 4454 taque
748 4386 908 4440 nobis
929 4385 1067 4440 bona
1092 4385 1206 4455 jam
1231 4389 1492 4452 pra-stite,
1523 4396 1728 4456 quanta
1750 4390 1859 4443 sint
1880 4391 2137 4459 reposita.

2238 3288 2539 3358 ὀφθαλμὸν,
2568 3289 2787 3345 ἐννοιῶν
2809 3288 3033 3357 ἀγαθῶν
3066 3290 3272 3361 μεστὴν
3302 3289 3524 3360 ἔχοντας
3555 3290 3819 3345 ἑκάστοτε

2237 3383 2338 3452 τὴν
2388 3370 2839 3453 καρδίαν,’ῶστε
2894 3382 3146 3453 μηδαμοῦ
3194 3385 3362 3454 κενὴν
3411 3379 3581 3439 οὖσαν
3634 3384 3821 3455 χώραν

2239 3469 2380 3527 εἶναι
2430 3476 2549 3536 ταῖς
2599 3475 2888 3542 πονηραῖς.
2923 3471 3143 3526 Πολλῶν
3179 3472 3237 3526 δέ
3280 3473 3474 3539 ὄντων,
3505 3473 3542 3528 ἃ.
3589 3474 3820 3545 μελέτης

2241 3566 2374 3636 ὓλην
2405 3567 2501 3619 καὶ
2519 3565 2699 3636 ψυχῆς
2726 3565 2891 3636 ἔργον
2916 3565 3017 3619 καὶ
3045 3563 3140 3618 νοῦ
3167 3564 3376 3636 τρυφὴν
3404 3567 3501 3621 καὶ
3532 3567 3822 3639 δωτριόὴν

2241 3659 2514 3714 ποιεῖσθαι
2543 3658 2812 3727 προσῆκε,
2857 3658 2920 3711 τὸ
2961 3656 3175 3712 πάντων
3220 3658 3441 3728 ἥδιστον
3480 3660 3576 3714 καὶ
3608 3660 3823 3715 λυσιτε-

2240 3749 2499 3804 λέστατον
2562 3750 2658 3802 καὶ
2719 3748 3061 3817 φθέγξασθαι
3129 3750 3226 3803 καὶ
3286 3749 3636 3818 λογίσασθαι,
3709 3753 3821 3806 τῶν

2245 3842 2564 3913 μυστηρίων
2588 3844 2616 3895 ό
2637 3841 2794 3909 λόγος
2815 3844 2910 3895 καὶ
2938 3842 2997 3895 ὃν
3024 3842 3270 3895 ἐνθένδεν
3297 3844 3533 3914 ἔσχομεν
3565 3843 3817 3899 πλοῦτον.

2241 3932 2353 3985 Καὶ
2385 3932 2530 3994 τίνες
2568 3930 2666 4001 μὲν
2693 3926 2836 4001 ⁴ἦμεν
2865 3933 2997 4001 πρὶν
3032 3930 3368 4000 μεμυῆσθαι,
3399 3932 3545 3997 τίνες
3576 3933 3633 3985 δέ
3661 3933 3824 3987 καθέ-

2243 4040 2449 4092 σταμεν
2482 4022 2806 4093 μυηθέντες,
2854 4023 2950 4076 καὶ
2995 4023 3081 4084 τίς
3111 4023 3212 4092 μὲν
3243 4025 3274 4093 ἡ
3305 4025 3549 4095 προτέρα
3581 4025 3819 4092 δουλεία,

2239 4116 2323 4178 τίς
2363 4113 2421 4166 δέ
2449 4117 2482 4183 ἡ
2526 4114 2621 4167 νῦν
2651 4113 2938 4184 ἐλευθερία
2970 4114 3066 4168 καὶ
3111 4114 3381 4184 βασιλεία,
3412 4116 3507 4169 καὶ
3553 4115 3677 4169 τίνα
3720 4116 3821 4186 μὲν

2242 4210 2374 4278 ἡμῖν
2398 4207 2498 4277 ἠδη
2520 4206 2631 4260 τῶν
2653 4205 2877 4273 ἀγαθῶν
2905 4208 3244 4279 παρεσχέθη,
3269 4207 3392 4260 τίνα
3415 4207 3473 4260 δέ
3504 4209 3821 4273 ἀπόκειται,

2243 4302 2340 4354 καὶ
2383 4300 2488 4370 πρό
2535 4316 2599 4367 γε
2645 4300 2874 4363 τούτων.
2930 4299 3016 4362 τίς
3061 4300 3195 4369 ἡμῖν
3234 4298 3494 4353 ἀπάντων
3533 4300 3742 4355 τούτων
3792 4300 3823 4353 ὁ

2245 4390 2482 4461 χορηγὸς
2509 4394 2605 4445 καὶ¹
2634 4385 2746 4443 οἷον
2774 4386 3053 4461 μένάὐτῷ
3084 4391 3144 4442 τὸ
3174 4390 3392 4453 κάλλος,
3419 4391 3607 4453 ὁποῖος
3636 4390 3693 4443 δὲ
3718 4390 3824 4459 τὴν

564 4476 634 4531 Et
659 4485 787 4530 ante
814 4477 931 4530 haec
967 4476 1176 4539 omnia,
1212 4478 1339 4546 quis
1366 4478 1528 4532 nobis
1559 4489 1756 4535 cuneta
1809 4482 2000 4537 isthaec
2027 4485 2134 4539 lar-

2245 4484 2591 4555 χρηστότητα
2635 4482 2735 4536 καὶ
2773 4484 2923 4545 ὅπως
2956 4482 3184 4552 ἐφίλησε
3219 4482 3280 4536 τὸ
3314 4482 3471 4550 γένος
3501 4483 3593 4535 καὶ
3628 4483 3823 4551 ἡλίκος

565 4577 766 4645 giatur,
791 4583 997 4643 quanta
1020 4573 1141 4643 ejus
1173 4574 1542 4644 pulchritudo,
1574 4591 1735 4644 quam
1766 4576 1962 4644 bonus,
1995 4596 2137 4651 quo-

573 4673 736 4723 modo
801 4682 974 4738 genus
1034 4666 1334 4721 humanum
1404 4662 1679 4734 dilexerit,
1728 4685 1891 4739 quam
1947 4673 2138 4742 ingens

564 4762 864 4815 etiamnum
894 4759 1042 4816 illius
1065 4774 1192 4830 erga
1215 4775 1314 4815 nos
1337 4774 1510 4822 amor.
1536 4760 1670 4816 Nam
1696 4765 1741 4817 si
1767 4763 1882 4818 haec
1904 4776 2137 4821 mentem

566 4852 1085 4922 praeoccupaverint,
1105 4852 1452 4923 animamque
1470 4853 1827 4921 obtinuerint,
1853 4873 1958 4910 non
1982 4857 2141 4914 facile

565 4942 828 5014 cogitatio
853 4943 1113 4999 aliorsqu
1146 4943 1423 5013 respiciet,
1458 4961 1560 5001 nec
1594 4947 1932 5001 desiderium
1964 4964 1992 5003 a
2024 4958 2134 5005 tam

570 5034 732 5088 bouis
775 5043 995 5106 tamque
1021 5036 1435 5093 delectabilibus
1470 5040 1633 5094 rebus
1667 5040 1774 5095 alio
1818 5041 2133 5101 transferet.

568 5122 841 5177 Bene-licia
885 5128 1030 5181 enim
1100 5127 1194 5182 Dei
1243 5129 1597 5184 multitudine
1660 5136 1715 5183 et
1759 5132 2138 5200 magnitudine

2244 4577 2273 4629 ό
2300 4575 2472 4646 ἐρωςί
2505 4577 2724 4629 Τούτων
2754 4574 2863 4645 γὰρ
2897 4574 2997 4644 τὴν
3030 4574 3270 4629 διάνοιαν
3298 4573 3823 4646 προκατειληφότων

2243 4670 2338 4723 καὶ
2381 4670 2480 4739 τὴν
2526 4667 2706 4739 ψυχὴν
2756 4665 3168 4737 κατασχόντων,
3218 4668 3279 4720 οὐ
3334 4667 3515 4738 ῥᾴδιον
3561 4665 3649 4721 ἐπ’
3690 4666 3823 4722 ἄλλο

2246 4760 2437 4832 βλέψαι
2470 4761 2561 4814 τδν
2598 4759 2856 4829 λογισμὸν
2878 4761 2976 4813 καὶ
2999 4757 3099 4828 τὴν
3131 4758 3430 4825 ἐπιθυμίαν
3471 4761 3822 4827 μετενεγκεῖν

2243 4852 2501 4922 ἑτέρωσε,
2517 4851 2660 4904 οὕτω
2689 4850 2786 4920 μὲν
2806 4849 2990 4904 καλῶν
3012 4849 3209 4915 ὄντων,
3233 4848 3378 4904 οὕτω
3395 4851 3452 4904 δὲ
3472 4850 3783 4919 ἐπαγωγῶν
3802 4867 3820 4885 ο

2243 4943 2302 4995 αἱ
2328 4959 2389 4995 τε
2419 4940 2529 5011 γὰρ
2555 4938 2869 5010 εὐεργεσίαι
2905 4938 3103 5010 πλήθει
3128 4941 3224 4993 καὶ
3259 4940 3482 5010 μεγέθει
3513 4940 3728 5005 νικῶσι,
3760 4941 3823 4994 τό

2243 5053 2304 5089 τε
2360 5034 2603 5105 φίλτρον,
2655 5033 2780 5086 ὃθεν
2826 5032 2922 5085 ἐπὶ
2974 5031 3181 5096 ταύτας
3240 5030 3515 5103 προήχθη,
3566 5031 3821 5104 μείζονῆ

2244 5128 2525 5199 λογισμοῖς
2550 5125 2854 5195 ἀνθρώπων
2873 5125 3189 5179 ὑποπεσεῖν.

566 5220 879 5286 excellunt;
913 5231 967 5277 et
997 5237 1153 5279 amor
1217 5241 1328 5296 quo
1365 5226 1435 5281 ad
1501 5227 1619 5281 haec
1667 5227 1957 5284 tribuenda
2012 5240 2097 5286 est
2160 5232 2454 5302 impulsus,
2510 5225 2812 5279 humanum
2860 5231 3080 5293 captum
3131 5221 3446 5293 praestantia
3491 5236 3590 5278 sua
3660 5222 3827 5293 long:

568 5313 758 5367 vincit.

646 5406 801 5461 Sicut
829 5406 973 5461 enim
1008 5422 1163 5463 amor
1197 5409 1494 5477 humanus,
1526 5410 1572 5466 si
1615 5413 1838 5467 modum
1883 5417 2135 5482 excedat,

569 5505 624 5554 et
661 5497 830 5568 major
856 5496 1116 5567 sitquam
1145 5506 1205 5552 ut
1248 5500 1515 5570 capiatur,
1565 5512 1812 5559 amantes
1869 5503 1938 5558 de
1991 5515 2135 5561 statu

2316 5411 2585 5483 Καθάπερ
2603 5410 2710 5479 γὰρ
2726 5407 2841 5462 τῶν
2859 5404 3165 5477 ἀνθρώπων
3181 5404 3307 5467 τοὺς
3322 5402 3565 5473 ἐρῶντας
3580 5403 3826 5474 ἐξίστησι

2245 5506 2307 5559 τὸ
2355 5505 2601 5575 φίλτρον,
2632 5502 2777 5573 ¹ὅταν
2810 5497 3132 5570 ὑπερϐάλλῃ
3164 5497 3262 5551 καὶ
3290 5497 3548 5567 κρεῖσσον
3594 5495 3824 5565 γένηται

646 5656 691 5689 ³⁸
730 5655 940 5728 Luc.vt,
975 5658 1068 5715 45.
1143 5658 1189 5692 ⁸⁸
1221 5662 1346 5715 Act.
1370 5677 1444 5730 tv,
1468 5663 1557 5719 '52.
1594 5720 1597 5721 ,
1633 5665 1678 5699 "
1704 5664 1847 5723 Psal.
1880 5681 2069 5737 cxvnt,
2098 5666 2160 5724 l6
2187 5676 2243 5726 et
2283 5667 2433 5725 alibi.

635 5770 706 5834 (tt)
738 5772 927 5827 Inclusa
947 5775 1128 5830 desunt
1150 5774 1201 5824 in
1227 5774 1417 5828 Graco.
