4196 6308
353 358 577 437 ’645

1552 370 1647 429 ΒΕ
1682 369 1855 429 VITA
1899 367 1978 426 IN
2020 365 2360 427 CHRISTO
2390 368 2535 434 LIB.
2573 368 2671 431 VI.

3594 372 3703 436 646

467 488 579 543 τῶν
605 483 944 554 δεξαμένων,
966 485 1056 539 τὸν
1084 485 1199 537 ῐσον
1221 484 1426 555 τρόπον
1452 485 1480 537 ὁ
1506 485 1635 554 περὶ
1663 486 1789 547 τοὺς
1821 482 2033 553 ἀνθρώ-

2152 487 2344 539 mentis
2371 486 2559 554 dejicit
2596 502 2613 539 :
2642 486 2714 541 ita
2749 501 2902 541 amor
2930 499 3059 556 erga
3092 484 3345 539 homines
3383 483 3549 539 Deum
3595 485 3702 538 eai-

470 595 606 641 πους
633 575 771 645 ἔρως
792 573 885 626 τὸν
909 573 1043 627 Θεὸν
1072 572 1364 627 ἐκένωσεν.
1401 574 1475 627 Οὐ
1519 574 1629 642 γὰρ
1666 574 1809 626 κατά
1851 573 2038 640 χώραν

476 671 657 741 μένων
703 667 857 720 καλεῖ
905 665 1041 735 πρὸς
1089 665 1280 718 ἑαυτὸν
1318 665 1376 719 ὃν
1414 665 1639 735 ἐφίλησε
1680 664 1886 728 δοῦλον,
1922 662 2037 716 ἀλλ’

476 761 640 823 αὐτὸς
700 758 854 827 ζητεῖ
897 755 1201 821 κατελθὼν,
1233 756 1329 809 καὶ
1380 756 1516 825 πρὸς
1560 755 1660 824 τὴν
1711 754 2041 821 καταγωγὴν

445 851 790 922 ,ἀφικνεῖται
822 846 918 901 τοῦ
950 847 1185 915 πένητος
1215 848 1244 899 δ
1275 847 1544 909 πλουτῶν,
1580 846 1677 901 καὶ
1725 845 2040 916 προσελθὼν

479 941 546 995 δι’
575 939 766 995 ἐαυτοῦ
816 939 1011 1010 μηνύει
1042 938 1135 992 τὸν
1173 938 1359 1006 πόθον,
1386 939 1479 992 καὶ
1511 939 1666 1008 ζητεῖ
1694 939 1754 991 τὸ
1790 937 1903 991 ἴσον
1947 938 2040 991 καὶ

478 1031 833 1095 ἀπαξιοῦντος
887 1031 987 1083 οὐκ
1043 1030 1360 1100 ἀφίσταται.
1389 1033 1483 1085 καὶ
1511 1029 1644 1100 πρὸς
1665 1028 1763 1100 τὴν
1794 1028 1950 1097 ὕϐριν
1980 1028 2040 1081 ού

476 1121 839 1191 δυσχεραίνει,
862 1122 959 1174 καὶ
977 1120 1306 1190 διωκόμενος
1328 1122 1677 1192 προσεδρεύει
1691 1124 1810 1182 ταῖς
1829 1121 2040 1193 θύραις,

475 1213 572 1268 καὶ
586 1214 677 1267 ἵνα
690 1213 781 1266 τὸν
803 1213 1012 1284 ἐρῶντα
1030 1213 1180 1284 δείξῃ
1204 1214 1381 1268 πάντα
1398 1217 1562 1280 ποιεῖ,
1586 1218 1679 1268 καὶ
1702 1214 2042 1284 ὀδυνώμενος

477 1306 634 1374 φέρει
674 1305 771 1359 καὶ
811 1307 1168 1374 ἀποθνήσκει.
1221 1307 1376 1361 Ἐπεὶ
1417 1307 1525 1377 γὰρ
1575 1307 1720 1361 δυοῖν
1762 1307 1951 1371 ὄντων,
2006 1307 2043 1361 ἀ

474 1397 633 1462 δῆλον
663 1396 953 1466 καθίστησι
982 1398 1078 1451 καὶ
1105 1397 1429 1469 θριαμϐεύει
1451 1399 1541 1451 τὸν
1564 1399 1825 1469 ἐραστὴν,
1855 1398 1950 1453 τοῦ
1982 1416 2042 1453 τε

478 1492 648 1543 πᾶσιν
702 1487 782 1552 οἷς
817 1488 1029 1554 ἔξεστιν
1068 1485 1126 1544 εὖ
1169 1492 1344 1544 ποιεῖν
1382 1491 1475 1544 τὸν
1513 1490 1808 1562 ἐρώμενον,
1849 1489 1943 1544 τοῦ
1983 1508 2042 1544 τε

478 1580 628 1634 δεινά
654 1580 886 1651 πάσχειν
932 1583 1205 1652 αἱρεῖσθαι
1257 1584 1387 1654 περὶ
1418 1583 1585 1638 αὑτοῦ
1621 1585 1717 1637 καὶ
1755 1584 2043 1637 ὀδυνᾶσθαι

478 1673 700 1742 δεῆσαν,
730 1674 927 1742 δεῖγμα
952 1679 1051 1742 μὲν
1077 1675 1259 1743 φιλίας
1285 1674 1380 1728 τοῦ
1406 1675 1673 1747 προτέρου
1703 1676 1764 1729 τδ
1789 1676 2044 1745 δεύτερον

478 1765 675 1833 γένοιτ’
716 1765 785 1819 ἀν
819 1765 996 1834 πολλῷ
1040 1783 1148 1820 τινι
1183 1767 1387 1837 μεῖξον,
1435 1768 1513 1839 τῷ
1545 1768 1666 1838 Θεῷ
1697 1767 1753 1821 δὲ
1785 1770 1886 1822 οὐκ
1918 1770 2045 1838 ἐξῆν

479 1859 681 1912 ἀπαθεῖ
713 1859 933 1912 πάντων
975 1859 1089 1912 ὄντι
1118 1860 1332 1924 κακῶν,
1365 1860 1502 1914 ἀλλά
1552 1860 1937 1932 φιλάνθρωπος
1967 1861 2041 1914 ὣν

479 1946 785 2019 εὐεργετεῖν
804 1949 904 2017 μέν
923 1944 1036 2018 εἶχε
1059 1949 1152 2001 τὸν
1172 1949 1270 2003 ἀνθ
1281 1967 1485 2019 ρωπον,
1509 1952 1797 2022 ἀνέχεσθαι
1822 1952 1878 2005 δὲ
1901 1952 2043 2023 ὑπὲρ

480 2033 643 2093 αὐτοῦ
669 2038 1042 2108 πληττόμενος
1088 2032 1200 2093 οὐδ’
1231 2041 1421 2108 ἔγγὺς,
1443 2043 1551 2095 ’καὶ
1594 2042 1656 2096 τὸ
1688 2044 1787 2112 μέν
1816 2043 2043 2112 φίλτρον

479 2129 757 2199 ύπερφυές
802 2124 893 2198 ἦν,
934 2131 996 2185 τὸ
1045 2130 1102 2185 δέ
1146 2133 1393 2200 σημεῖον,
1443 2126 1487 2201 ᾧ
1525 2132 1684 2204 δῆλον
1724 2135 1791 2188 ἀν
1836 2131 1926 2206 ἦν,
1980 2136 2042 2189 οὐ

478 2221 710 2290 προσῆν,
742 2218 850 2273 ἔδει
882 2221 939 2274 δὲ
976 2221 1050 2292 μὴ
1101 2221 1389 2277 λανθάνειν
1433 2226 1638 2298 σφόδρα
1673 2228 1868 2295 φιλῶν,
1908 2228 2045 2282 ἀλλά

477 2312 576 2380 τῆς
609 2311 871 2383 μεγίστης
899 2313 1123 2381 ἀγάπης
1155 2314 1342 2370 δοῦναι
1367 2320 1566 2387 πεῖραν
1597 2320 1730 2388 ἡμῖν
1753 2320 1848 2374 καὶ
1871 2320 2043 2386 δεῖξαι

479 2403 573 2455 τὸν
606 2402 830 2474 ἔσχατον
869 2404 1011 2475 ἐρῶν
1057 2405 1235 2476 ἔρωτα
1261 2424 1277 2440 ’
1323 2410 1531 2480 ταύτην
1584 2414 1895 2482 μηχανᾶται
1947 2414 2044 2483 τὴν

479 2495 710 2549 κένωσιν
730 2495 822 2549 καὶ
848 2499 1317 2568 πραγματεύεται,
1348 2502 1442 2554 καὶ
1472 2505 1618 2556 ποιεῖ
1644 2503 1712 2557 δι’
1742 2500 1817 2558 ὦν
1836 2501 1947 2569 οἶός
1983 2524 2043 2560 τε

479 2587 677 2654 γένοιτ’
711 2587 778 2642 ἂν
805 2589 955 2643 δεινά
994 2590 1191 2645 παθεῖν
1219 2594 1315 2646 καὶ⁵
1343 2594 1690 2665 ὀδυνηθῆναι,
1735 2598 1828 2651 καὶ
1873 2597 2046 2663 οὕτως

477 2674 561 2741 οἷς
585 2679 843 2750 ἀνέσχετο
862 2681 1077 2749 πείσας,
1105 2684 1181 2748 ὡς
1203 2685 1311 2753 ἀρα
1333 2685 1478 2754 φιλεῖ
1499 2687 1885 2758 διαφερόντως,
1910 2692 2047 2763 πρὸς

482 2769 670 2825 εαυτδν
716 2772 1035 2842 ἐπιστρέψει
1066 2775 1159 2828 τὸν
1196 2777 1277 2829 ὅτι
1324 2777 1587 2832 πέπειστο
1621 2779 1900 2849 μισεῖσθαι
1945 2799 2047 2851 φυ-

480 2862 650 2931 γόντα
678 2864 772 2919 τὸν
801 2865 1040 2933 ἀγαθόν.

2142 577 2429 630 nanivit“.
2466 578 2621 632 l‘laud
2650 578 2794 631 enim
2826 578 2879 632 in
2915 577 3040 632 loco
3074 592 3175 631 suo
3210 570 3702 638 manens,servum

2142 683 2302 735 quem
2332 669 2592 738 diligebat
2620 669 2688 723 ad
2741 685 2800 723 se
2853 670 3066 722 vocavit
3090 668 3158 727 δ’.
3213 667 3308 722 sed
3343 666 3570 734 ipsemet
3615 668 3694 720 de-

2143 755 2414 809 scen‘dens
2432 758 2705 826 quazsivit,
2734 768 2789 811 et
2831 758 3122 826 crpulentus
3148 756 3213 811 ad
3246 759 3501 826 pauperis
3531 756 3683 809 diver

2143 844 2351 897 sorium
2385 844 2626 908 devenit,
2660 849 2912 917 accessit,
2949 861 3187 900 amorem
3216 861 3372 901 suum
3413 860 3509 913 per
3534 851 3708 899 semet

2144 932 2422 1001 indicavit,
2462 944 2517 990 et
2542 938 2812 991 redamari
2849 937 3186 1006 concupivit,
3254 944 3708 1004 contemptusque

2143 1038 2252 1078 non
2277 1028 2520 1092 recessit,
2551 1035 2605 1082 et
2634 1029 2698 1082 ad
2731 1029 3113 1082 contumeliam
3137 1042 3246 1081 non
3268 1036 3351 1082 est
3372 1025 3705 1093 indignatus,

2155 1125 2209 1171 et
2237 1117 2506 1187 repulsam
2531 1132 2743 1187 passus,
2773 1117 2979 1171 foribus
3003 1117 3225 1180 assedit,
3256 1125 3309 1170 et
3334 1132 3442 1186 quo
3464 1130 3705 1171 amorem

2146 1219 2306 1259 suum
2349 1204 2774 1270 demonstraret,
2811 1205 2945 1259 nihil
2978 1221 3088 1261 non
3134 1206 3270 1276 egit,
3302 1206 3711 1263 crttcimnenta-

2145 1312 2251 1366 que
2286 1298 2528 1363 pertulit,
2561 1306 2615 1351 et
2651 1308 2879 1352 mortem
2909 1299 3147 1367 denique
3176 1298 3369 1356 obivit.
3396 1302 3531 1355 Cum
3559 1301 3705 1356 enim

2144 1389 2253 1442 duo
2282 1388 2412 1453 sint,
2464 1404 2586 1457 quae
2636 1399 2905 1444 amentem
2945 1391 3202 1460 produnt,
3258 1400 3312 1445 et
3355 1394 3421 1445 de
3463 1408 3529 1446 eo
3571 1407 3713 1458 quo-

2146 1479 2435 1534 dammodo
2464 1481 2819 1550 triumphant,
2859 1484 3115 1537 omnibus
3145 1483 3327 1548 rebus,
3357 1484 3553 1553 quibue
3586 1484 3713 1539 licet

2145 1570 2465 1626 benefacere
2517 1583 2717 1639 amato,
2762 1582 2817 1628 et
2866 1575 3074 1630 atrocia
3109 1575 3229 1644 ejus
3274 1590 3438 1630 causa
3478 1577 3709 1646 perpeti,

2145 1662 2469 1732 doloresque
2485 1665 2756 1732 excipere,
2787 1668 2834 1720 si
2859 1680 2946 1721 res
2973 1666 3234 1735 postulet,
3258 1666 3532 1737 posterius
3553 1668 3713 1738 longe

2148 1756 2326 1825 majus
2366 1755 2621 1810 amicitia:
2670 1756 2936 1811 indicium
2985 1765 3093 1822 est,
3142 1772 3306 1826 quam
3368 1757 3540 1826 prius.
3601 1759 3711 1813 Deo

2146 1855 2326 1899 autem
2377 1845 2446 1900 ab
2493 1847 2737 1901 omnium
2793 1847 3061 1902 malorum
3112 1863 3277 1903 sensu
3329 1857 3540 1902 remoto
3586 1864 3707 1903 cum

2146 1937 2254 2005 pati
2286 1951 2391 1990 non
2434 1937 2643 2002 liceret,
2677 1948 2868 2008 posset
2915 1954 3045 1994 vero
3074 1948 3131 1993 ut
3173 1940 3446 1995 humanus
3502 1941 3710 1994 homini

2145 2029 2490 2093 benefacere.
2523 2031 2797 2085 sustinere
2819 2045 2916 2099 pro
2939 2046 3004 2087 eo
3047 2031 3293 2098 verbera,
3320 2033 3554 2087 tolerare
3581 2046 3711 2087 cru-

2144 2121 2321 2177 ciatus
2358 2136 2731 2192 nequaquam,
2758 2132 2814 2177 et
2847 2124 3091 2179 charitas
3131 2133 3282 2179 esset
3333 2124 3567 2187 inﬁnita,
3610 2139 3710 2179 nec

2145 2210 2362 2279 signum
2393 2212 2458 2265 ad
2487 2226 2604 2265 eam
2631 2211 3014 2266 declarandam
3045 2221 3356 2281 suppeteret
3388 2227 3489 2266 nec
3528 2220 3707 2265 tamen

2147 2296 2386 2373 ignorari
2417 2312 2714 2372 oporteret,
2750 2318 2913 2372 quam
2950 2304 3303 2357 vehementer
3328 2312 3557 2369 amaret,
3613 2301 3709 2357 sed

2144 2410 2371 2449 summa:
2386 2394 2669 2449 charitatis
2694 2393 3074 2448 documentum
3106 2394 3261 2448 nobis
3287 2393 3523 2447 dandum
3541 2404 3708 2456 esset,

2145 2497 2198 2540 et
2231 2500 2519 2552 supremus
2566 2500 2717 2538 amor
2757 2484 3168 2539 ostendendus:
3207 2484 3580 2554 hujuscemodi
3615 2498 3711 2537 cx-

2148 2577 2508 2632 inanitionem
2551 2577 2917 2643 machinatur,
2954 2584 3009 2630 et
3033 2576 3278 2641 molitur,
3309 2584 3362 2628 et
3394 2574 3582 2640 etlicit,
3614 2589 3711 2642 per

2147 2685 2267 2738 qua!
2297 2669 2414 2723 dira
2445 2669 2579 2739 pati,
2614 2678 2670 2723 et
2698 2668 2920 2723 dolores
2953 2667 3153 2721 sentire
3184 2673 3370 2734 posset
3415 2704 3430 2729 ,
3460 2673 3516 2719 et
3543 2666 3613 2720 ita
3640 2681 3710 2720 ex

2149 2763 2214 2817 iis
2235 2777 2356 2829 quae
2392 2761 2748 2816 sustinuisset
2777 2759 3038 2814 eximium
3072 2771 3314 2813 amorem
3361 2772 3521 2813 suum
3546 2766 3712 2813 testa-

2146 2863 2261 2909 tum
2303 2853 2556 2918 reddens,
2606 2851 2673 2906 ad
2734 2866 2792 2906 se
2834 2858 3114 2905 convertet
3168 2864 3292 2903 cum
3341 2848 3435 2918 qui
3469 2848 3613 2918 quod
3654 2862 3714 2901 se

2148 2947 2274 3001 odio
2322 2943 2512 2999 haberi
2562 2943 2890 3006 crediderat,
2954 2942 3158 2997 bonum
3216 2940 3369 2995 illum
3423 2939 3711 2995 Dominum

2151 3037 2414 3107 fugiebat.

551 3132 626 3185 Τὸ
654 3132 714 3186 δέ
735 3134 957 3188 πάντων
978 3132 1317 3203 καινότατον,
1338 3138 1400 3190 οὐ
1422 3137 1530 3208 γὰρ
1554 3139 1754 3208 ἤνεγκε
1785 3141 1947 3209 μόνον
1976 3141 2040 3196 τὰ

2226 3118 2384 3193 Quod
2415 3134 2598 3181 autem
2629 3125 2872 3179 omnium
2926 3124 3162 3178 maxime
3202 3137 3401 3177 novum
3450 3130 3554 3188 est,
3602 3135 3713 3176 non

478 3224 761 3280 δεινότατα
780 3227 1009 3297 πάσχων
1030 3229 1123 3281 καὶ
1145 3229 1238 3282 ἐπὶ
1258 3231 1379 3291 ταῖς
1396 3231 1637 3299 πληγαῖς
1667 3233 2047 3300 ἀποθνήσκων,

481 3315 619 3368 ἀλλά
636 3316 725 3370 καὶ
741 3317 994 3382 ἀναόιοὺς
1010 3319 1103 3372 καὶ⁸
1115 3317 1215 3382 τῆς
1236 3319 1441 3390 φθορᾶς
1461 3322 1770 3392 ἀναστήσας
1788 3322 1848 3376 τὸ
1868 3324 2047 3393 σῶμα,

480 3408 590 3470 τῷν
622 3407 844 3477 πληγῶν
889 3408 971 3462 ἔτι
1000 3412 1310 3481 περιέχεται
1334 3411 1564 3479 τούτων,
1620 3414 1715 3468 καὶ
1752 3415 1850 3475 τάς
1891 3417 2051 3480 ούλάς

481 3497 576 3553 ἐπὶ
598 3499 693 3553 τοῦ
720 3503 969 3569 σώματος
993 3501 1169 3570 φέρει,
1194 3502 1419 3565 καὶτοῖς
1445 3503 1742 3572 ὀφθαλμοῖς
1765 3504 1872 3561 τῶν
1887 3507 2052 3573 ἀγγέ-

482 3587 590 3643 λων
629 3591 768 3660 μετά
800 3588 1003 3643 τούτων
1036 3591 1309 3658 φαίνεται,
1349 3593 1445 3644 καὶ
1474 3594 1537 3645 τὸ
1569 3596 1802 3664 πρᾶγμα
1842 3584 2050 3667 ’κόσμον

490 3680 725 3748 ἡγεῖται,
764 3679 858 3734 καὶ
888 3680 1066 3752 χαίρει
1102 3682 1316 3744 δεικνὺς
1347 3682 1426 3735 ὅτι
1461 3682 1609 3737 δεινά
1654 3685 1911 3751 πέπονθε,
1955 3687 2051 3740 καὶ

482 3765 649 3819 τάλλα
686 3768 786 3836 μὲν
813 3767 1035 3839 ἔρριψεν
1057 3769 1157 3821 ὅσα
1176 3768 1270 3822 τοῦ
1298 3770 1568 3840 σώματος,
1599 3773 1696 3826 καί
1734 3776 1881 3829 ἐστιν
1902 3776 2051 3847 αὐτῷ

482 3856 547 3909 τὸ
573 3857 736 3925 σῶμα
768 3860 1156 3925 πνευματικὸν,
1188 3862 1284 3915 καὶ
1314 3862 1435 3915 οῠτε
1468 3863 1668 3934 βάρους
1694 3865 1817 3919 οὔτε
1843 3869 2051 3939 πάχους

485 3944 598 4000 οὔτ’
625 3946 785 4002 ἀλλου
819 3948 1027 4012 πάθους
1051 3950 1200 4020 αὐτῷ
1227 3951 1336 4005 τῶν
1373 3956 1705 4021 σωματικῶν
1733 3957 1885 4009 οὐδὲν
1914 3958 2050 4011 ὑπε-

476 4037 701 4108 λείφθη,
730 4039 826 4101 τάς
849 4039 1075 4104 ὠτειλὰς
1116 4042 1173 4094 δέ
1221 4041 1564 4096 παντάπασιν
1596 4045 1698 4097 οὐκ
1753 4046 2046 4113 ἀπέϐαλεν,

486 4128 610 4181 οὐδέ
635 4129 833 4192 τελέως
862 4131 1203 4202 ἀπετρίψατο
1232 4133 1331 4197 τάς
1357 4134 1593 4204 πληγὰς,
1624 4137 1761 4191 ἀλλά
1799 4139 2049 4210 στέργειν

486 4219 639 4289 ᾠήθη
681 4220 770 4272 διά
812 4222 874 4274 τὸ
908 4223 1037 4291 περὶ
1079 4224 1170 4275 τὸν
1217 4224 1506 4296 ἄνθρωπον
1550 4227 1794 4297 φίλτρον,
1834 4231 1914 4283 ὃτι
1962 4232 2050 4286 διά

486 4312 694 4366 τούτων
723 4306 881 4382 εὗρεν
912 4313 1254 4381 ἀπολωλότα,
1289 4315 1385 4368 καὶ
1418 4316 1787 4386 πληττόμενος
1818 4315 1927 4375 εἷλε
1959 4323 2050 4376 τὸν

488 4403 782 4474 ἐρώμενον.
817 4403 1025 4467 "mm;
1056 4406 1164 4474 γὰρ
1212 4405 1293 4459 ἔτι
1352 4409 1675 4463 συνεστάναι
1716 4411 1786 4464 τά
1825 4413 2051 4484 πληγῶν

490 4494 613 4563 ῐχνη
660 4495 779 4558 πῶς
825 4494 890 4549 ἂν
940 4496 1231 4551 ἀκόλουθον
1280 4495 1348 4567 ἦν
1396 4499 1669 4555 ἀθανάτου
1713 4502 1986 4574 σώματος,
2014 4507 2052 4562 ἀ

493 4584 702 4656 θνητῶν
734 4585 907 4641 ἐνίοτε
946 4588 1042 4642 καλ⁸
1071 4575 1330 4659 φθαρτῶν
1385 4593 1479 4644 καὶ
1532 4595 1701 4664 τέχνη
1744 4595 1840 4648 καὶ
1896 4597 2059 4667 φύσις

498 4677 790 4745 ἐξέδαλενς
834 4678 999 4746 Ἀλλ’,
1030 4681 1105 4744 ὠς
1133 4681 1332 4750 ἔοικεν,
1371 4684 1636 4756 ἐπιθυμία
1671 4687 1768 4756 μὲν
1788 4684 1857 4759 ἦν
1888 4691 2056 4759 αὐτῷ,

494 4771 624 4841 περὶ
653 4770 811 4841 ἡμῶν
844 4771 1079 4838 ἀλγῆσαι
1111 4773 1370 4838 πολλάκις
1391 4792 1405 4806 ο
1431 4778 1553 4829 ἐπεὶ
1575 4777 1630 4830 δὲ
1658 4778 1756 4832 οὐκ
1783 4778 1932 4850 ἐξῆν,
1962 4781 2057 4835 τοῦ

495 4863 744 4933 σώματος
773 4863 924 4932 αύτῷ
946 4862 1050 4933 τὴν
1076 4863 1281 4929 φθορὰν
1309 4866 1568 4932 καθάπαξ
1586 4869 1939 4939 διαφυγόντος
1965 4874 2058 4925 καὶ

493 4951 610 5021 ἅμα
639 4953 749 5007 τῶν
774 4953 1093 5023 πληξάντων
1123 4954 1438 5024 φειδόμενος
1475 4959 1800 5028 ἀνθρώπων.
1830 4962 1897 5015 τὰ
1923 4962 2054 5031 γοῦν

496 5045 696 5114 σημεῖα
724 5045 825 5114 τῆς
865 5045 1081 5113 σφαγῆς
1112 5045 1254 5112 ἐγνω
1283 5045 1361 5115 τῷ
1397 5047 1611 5117 σώματι
1648 5053 1935 5121 συντηρεῖν
1963 5053 2056 5104 καὶ

491 5136 604 5198 τοῖς
627 5135 818 5198 τύποις
852 5137 942 5189 ἀεὶ
993 5138 1234 5189 συνεῖναι
1261 5137 1371 5191 τῶν
1411 5140 1768 5209 τραυμάτων,
1805 5136 1880 5196 ὧν
1910 5142 2058 5206 sua:

493 5227 863 5297 ἐνεγέγραπτο
889 5227 1248 5298 σταυρωθεὶς,
1270 5228 1359 5282 ἵνα
1382 5229 1536 5298 δῆλος
1559 5230 1635 5292 ὡς
1661 5232 1772 5300 ἀρα
1792 5232 1922 5301 περὶ
1947 5231 2056 5284 τῶν

491 5316 1064 5386 δούλωνέσταύρωται
1095 5318 1192 5371 καὶ
1215 5319 1318 5389 τὴν
1347 5318 1588 5390 πλευρὰν
1617 5320 1808 5390 ἐνύγη,
1840 5321 2057 5391 πόρρω-

493 5402 644 5481 θενῇ
671 5398 765 5460 καὶ
791 5408 928 5477 μετά
945 5410 1041 5479 τῆς
1064 5409 1279 5484 ἀκτῖνος
1321 5410 1537 5479 ἐκείνης
1580 5411 1679 5478 τῆς
1716 5412 2053 5482 ἀπορρήτου,

495 5499 590 5551 καὶ⁵
622 5497 798 5551 ταῦτα
831 5498 1037 5568 κόσμον
1066 5499 1171 5570 ἔχῃ
1212 5500 1291 5570 τῷ
1336 5500 1570 5569 βασιλεῖ.
1616 5501 1682 5553 Τί
1711 5501 1803 5555 τοῦ
1831 5501 2055 5571 φίλτρου

494 5591 686 5643 τούτου
714 5589 912 5656 γένοιτ’
940 5591 1007 5645 ἂν
1039 5590 1190 5658 ἴσον;
1222 5591 1274 5644 τί
1293 5590 1547 5646 τοσοῦτον
1568 5592 1826 5665 ἐφίλησεν
1850 5592 2059 5665 ἄνθρω-

574 5769 617 5802 ⁸¹
642 5768 881 5841 Philipp.
917 5783 978 5837 ιι,
1008 5768 1061 5827 7.
1137 5768 1183 5802 ⁸³
1212 5768 1257 5823 ιι
1297 5769 1424 5826 Cor.
1450 5784 1571 5836 Vm,
1601 5768 1659 5825 9.

2151 3221 2328 3275 solum
2354 3216 2734 3273 crudelissima
2766 3230 2981 3283 passus,
3013 3223 3067 3269 et
3095 3230 3161 3269 ex
3187 3214 3360 3285 plagis
3388 3227 3455 3268 ac
3480 3212 3718 3267 vulneri-

2156 3316 2261 3366 bus
2293 3318 2544 3363 mortuus
2581 3316 2686 3367 est,
2723 3306 2816 3358 sed
2858 3305 3021 3358 etiam
3061 3305 3357 3368 redivivus,
3391 3314 3445 3359 et
3484 3318 3714 3371 corpore

2151 3402 2470 3468 incorrupto
2491 3380 2727 3453 excitato
2755 3396 3039 3450 vulnerum
3069 3395 3260 3450 horum
3286 3395 3510 3464 vestigia
3537 3394 3715 3450 adhuc

2151 3501 2352 3551 servat.
2383 3497 2438 3543 et
2469 3503 2532 3543 ea
2573 3488 2629 3541 in
2659 3501 2888 3555 corpore
2921 3500 3021 3539 suo
3054 3494 3302 3554 portans,
3342 3499 3467 3536 cum
3519 3483 3712 3538 iisdem

2150 3584 2219 3637 ah
2250 3581 2456 3649 angelis
2485 3579 2837 3649 conspicitur,
2856 3591 3025 3646 eaque
3062 3576 3165 3631 sibi
3192 3583 3511 3630 ornamento
3538 3574 3711 3639 ducit,

2151 3664 2448 3729 et'ltetatur
2481 3688 2604 3727 cum
2647 3686 2707 3727 se
2745 3669 3000 3725 immania
3038 3684 3137 3739 pro
3166 3668 3322 3722 nobis
3350 3682 3572 3737 passum
3614 3667 3716 3721 hac

2154 3766 2369 3839 ratione
2401 3764 2666 3820 ostendit.
2701 3764 2766 3818 Et
2803 3764 2908 3817 alia
2951 3762 3170 3832 quidem
3207 3776 3558 3839 quaecunque
3589 3767 3718 3814 sunt

2152 3836 2402 3926 corporis
2452 3855 2617 3925 hujus
2649 3853 2871 3921 ahjecit,
2906 3854 3115 3908 habens
3167 3866 3366 3920 corpus
3408 3836 3714 3920 spirituale,

2139 3947 2207 4002 .in
2236 3962 2346 4017 quo
2382 3961 2483 4002 nec
2511 3945 2813 4015 gravitatis,
2848 3959 2947 3998 nec
2979 3943 3260 4013 ponderis,
3286 3959 3388 3998 nec
3416 3942 3713 4004 crassitici,

2150 4054 2253 4093 nec
2299 4037 2464 4092 ullius
2508 4036 2734 4091 alterius
2768 4034 3080 4105 hujusmodi
3167 4032 3433 4115 allectus.
3464 4034 3712 4102 corporei

2153 4130 2403 4184 relictum
2440 4135 2566 4192 est;
2600 4135 2761 4181 notas
2799 4126 3082 4179 vulnerum
3119 4138 3463 4193 nequaquam
3496 4125 3713 4194 ahjecit,

2150 4236 2254 4276 etnec
2288 4220 2404 4289 ipsa
2435 4232 2659 4288 prorsus
2684 4216 2922 4278 extrivit,
2956 4214 3048 4270 sed
3080 4222 3298 4283 propter
3316 4230 3554 4269 amorem
3585 4230 3714 4285 erga

2154 4312 2428 4368 hominem
2465 4324 2528 4364 ea
2562 4308 2668 4364 sibi
2739 4306 2970 4361 amanda
3020 4314 3075 4359 et
3110 4305 3388 4358 retinenda
3443 4304 3717 4359 existima-

2152 4405 2233 4460 vit
2264 4421 2279 4460 :
2310 4404 2434 4472 quia
2473 4417 2571 4473 per
2608 4401 2724 4456 haec
2747 4401 3016 4471 perditum
3053 4397 3281 4460 invenit,
3315 4407 3371 4452 et
3398 4397 3715 4464 vulneratus

2159 4499 2302 4568 cepit
2351 4513 2511 4567 quem
2549 4495 2787 4549 amabat.
2840 4493 2962 4548 Alia
2991 4492 3136 4547 enim
3187 4491 3255 4547 de
3301 4506 3467 4547 causa
3537 4494 3718 4546 adhuc

2158 4597 2413 4643 constare
2453 4587 2739 4640 vulnerum
2772 4585 3107 4639 monimenta
3137 4583 3191 4637 in
3222 4596 3455 4650 corpore
3497 4582 3721 4635 immor-

2158 4678 2251 4732 tali
2285 4676 2574 4747 quomodo.
2602 4684 3027 4731 consentaneum
3076 4673 3288 4735 luisset,
3339 4687 3462 4725 cum
3511 4684 3572 4723 ea
3617 4672 3720 4724 ali-

2156 4769 2377 4839 quando
2409 4768 2461 4821 in
2492 4768 2816 4822 mortalibus
2854 4775 2910 4820 et
2957 4763 3198 4819 interitni
3242 4762 3506 4829 subjectis
3535 4777 3625 4817 ars
3666 4773 3720 4816 et

2159 4869 2349 4915 natura
2375 4859 2651 4914 obducant
2671 4868 2833 4927 atque
2856 4855 3110 4912 deleant?
3139 4852 3355 4915 Verum,
3381 4862 3439 4904 ut
3469 4864 3717 4922 appare',

2161 4966 2261 5019 pro
2310 4950 2469 5005 nobis
2515 4949 2717 5019 saepius
2746 4947 3050 5002 excruciari
3087 4944 3377 5013 cupiebat:
3406 4943 3549 5012 quod
3586 4944 3716 5012 quia

2163 5057 2271 5095 non
2301 5051 2536 5111 poterat,
2560 5041 2706 5111 quod
2741 5054 2941 5109 corpus
2970 5037 3087 5107 ejus
3113 5035 3520 5102 corruptionem
3554 5034 3718 5088 semel

2163 5132 2554 5201 eﬂugisset,'et
2586 5131 2750 5185 simul
2782 5126 3122 5199 percussoris
3153 5141 3211 5181 se
3243 5125 3562 5180 hominibus
3591 5141 3720 5193 par-

2165 5236 2291 5277 cere
2319 5223 2528 5287 volens,
2555 5224 2744 5277 saltem
2773 5229 2929 5274 notas
2953 5232 3065 5272 sum
3093 5216 3242 5272 necis
3262 5217 3315 5270 in
3349 5231 3578 5285 corpore
3604 5230 3727 5269 sero
3812 5211 3816 5215 ⁴

2161 5316 2388 5379 vandas,
2436 5323 2491 5368 et
2534 5313 2765 5385 vestigia
2816 5311 3128 5373 vulnerum,
3184 5323 3306 5377 qua:
3353 5309 3519 5364 semel
3568 5305 3720 5362 cruci

2166 5404 2357 5461 allixus
2383 5404 2704 5472 accepisset,
2745 5401 3020 5472 perpetuis
3056 5400 3273 5455 s.cculis
3295 5399 3553 5468 geStauda
3584 5411 3710 5449 een-

2168 5498 2277 5553 suit
2312 5512 2327 5551 :
2361 5506 2419 5550 ut
2465 5502 2677 5562 pateret
2706 5495 2980 5558 omnibus,
3016 5508 3116 5563 pro
3154 5492 3327 5547 servis
3368 5487 3716 5549 cruciﬁxum,

2163 5598 2218 5645 et
2242 5589 2431 5644 lancea
2477 5586 2618 5642 latus
2652 5586 2756 5643 sibi
2788 5586 3003 5641 eminus
3049 5592 3296 5656 apertum
3328 5593 3470 5648 esse,
3503 5585 3557 5633 et
3592 5590 3716 5632 cum

3170 5708 3263 5733 ιφ
