4196 6308
571 329 678 395 647

1823 323 2137 386 NlCOLAI
2181 320 2573 383 CABASIL/E

3722 310 3838 384 648

574 440 862 512 splendore
902 438 992 493 illo
1016 436 1271 493 ineffabili
1302 437 1464 491 etiam
1503 436 1617 491 haec
1662 450 1839 505 regem
1873 435 2139 489 condeco-

2249 448 2385 497 πος;
2417 431 2501 494 τίς
2533 429 2677 484 οὕτω
2719 430 2902 502 μήτηρ
2941 430 3299 502 φιλόστοργος
3334 432 3367 503 ἢ
3402 432 3584 503 πατὴρ
3616 435 3834 501 φιλότε-

574 539 780 586 rarent.
818 530 956 595 Quid
988 544 1112 583 cum
1149 529 1252 583 hoc
1280 542 1469 582 amore
1498 526 1983 595 comparabimus?
2008 527 2140 595 quid

574 623 826 677 similiter
853 620 1147 689 aliquando
1168 620 1355 673 dilexit
1383 617 1594 671 homo?
1626 617 1759 683 Quae
1799 626 1976 670 mater
2028 627 2137 669 tam

570 724 590 768 t
628 729 777 777 uere,
811 722 865 767 et
888 713 1139 765 ardenter
1163 726 1227 765 ex
1256 725 1315 763 se
1361 709 1574 777 genitos
1602 725 1616 772 ;
1661 708 1784 776 quis
1817 718 1970 778 pater
2005 706 2140 761 adeo

573 807 890 874 complexus
916 817 998 859 est
1045 804 1315 858 tilios?aut
1352 804 1475 871 quis
1504 802 1721 855 tandem
1766 800 2136 870 quodcunque

573 895 774 948 lionum
805 905 911 947 tam
946 895 1139 947 insano
1170 908 1359 947 auiore
1405 901 1489 947 est
1523 902 1868 962 prosecutus,
1918 901 1976 946 ut
2011 905 2141 960 pro-

569 996 756 1052 pterea
780 985 922 1054 quod
948 984 1225 1051 diligebat,
1253 984 1301 1036 id
1329 999 1485 1053 mquo
1509 985 1690 1037 animo
1718 1000 1825 1038 non
1849 983 2142 1038 sustineret.

572 1077 767 1135 solum,
801 1086 850 1128 et
883 1090 1121 1128 amorem
1154 1092 1312 1128 suum
1340 1090 1464 1145 erga
1494 1077 1765 1145 ingratum
1816 1090 1924 1129 non
1960 1086 2141 1128 muta-

569 1177 673 1226 l'cl,
696 1183 736 1220 Si
757 1167 788 1218 d
817 1168 931 1234 ipsa
959 1182 1174 1235 quoque
1198 1168 1418 1220 vulnera
1444 1168 1666 1221 maximi
1692 1168 1931 1222 faceret?
1952 1165 2140 1233 Quan-

568 1274 726 1325 quam
774 1259 1015 1311 ltthnon
1040 1270 1247 1313 tantum
1280 1260 1526 1329 impense
1550 1261 1813 1325 amantis,
1852 1262 1945 1315 sed
1974 1262 2140 1315 mira-

565 1351 744 1403 ltiliter
811 1353 974 1405 etiam
1043 1353 1362 1407 houorautis
1449 1362 1597 1418 sunt,
1650 1354 1922 1423 siquidem
1997 1355 2140 1410 istuc

564 1441 763 1494 summi
830 1441 1054 1496 honoris
1117 1452 1221 1505 est,
1277 1457 1485 1499 naturae
1540 1456 1741 1499 nostra
1797 1445 2139 1500 inﬁrmitates

563 1549 673 1587 nou
703 1535 1051 1598 erubescere,
1077 1537 1168 1593 sed
1207 1552 1330 1590 cum
1370 1537 1503 1604 ipsis
1542 1537 1829 1590 vulnerum
1869 1537 2136 1601 vestigiis,

564 1643 686 1696 quae
734 1638 792 1679 ut
835 1629 1040 1682 homini
1085 1638 1139 1682 et
1188 1630 1404 1681 iulirmo
1455 1612 1824 1697 contigerunt.
1871 1631 1924 1683 in
1971 1624 2136 1697 regali

566 1720 761 1773 throno
801 1720 1109 1775 considere.
1164 1718 1353 1788 Neque
1399 1736 1531 1774 vero
1572 1728 1853 1774 naturam.
1884 1720 2138 1774 universe

2246 525 2466 594 κνος;ἢ
2512 523 2596 587 τίς
2642 523 2754 576 τῶν
2798 523 2982 576 καλῶν
3039 523 3352 577 οὑτινοσοῦν
3403 525 3578 589 οὓτως
3634 528 3831 583 ἔλασεν

2244 621 2425 689 ἔρωτα
2454 621 2701 691 μανικῖν,
2730 619 2871 673 ὥστε
2896 620 2979 672 ὅτι
3002 621 3149 688 φιλεῖ
3172 620 3304 688 παρ’
3328 620 3495 674 αὐτοῦ
3522 622 3614 675 τοῦ
3643 625 3834 696 φιλου-

2249 712 2412 779 μένου
2446 711 2677 782 πληγεὶς
2700 713 2800 764 ούκ
2821 712 3158 782 ἀνασχέσθαι
3188 712 3350 780 μόνον
3369 713 3495 766 οὐδὲ
3516 715 3576 768 τὸ
3606 719 3831 788 φίλτρον

2243 801 2324 853 ἔτι
2357 802 2485 873 περὶ
2528 803 2620 855 τὸν
2654 796 2946 872 ἆγνώμονα
2978 801 3195 866 σώζειν,
3233 804 3370 858 ἀλλὰ
3414 807 3505 859 καὶ
3541 809 3683 864 αὐτὰ
3730 812 3828 866 τοῦ

2244 900 2450 955 παντὸς
2475 894 2726 962 ἡγεῖσθαι
2751 894 2821 946 τὰ
2846 893 3139 963 τραύματα
3162 910 3177 958 ;
3205 894 3396 947 Καίτοι
3424 897 3596 950 ταῦτα
3621 903 3827 968 γένοιτ’

2244 984 2309 1037 ἂν
2338 985 2400 1036 ού
2441 986 2723 1053 φιλοῦντος
2761 985 2945 1054 μόνον,
2979 985 3112 1038 ἀλλὰ
3164 986 3259 1038 καὶ
3293 990 3498 1059 σφίδρα
3529 993 3826 1061 τιμῶντος,

2242 1079 2290 1130 εἰ
2322 1078 2384 1146 δὴ
2418 1078 2517 1147 τῆς
2550 1078 2787 1148 ἐσχάτης
2819 1077 2978 1129 τοῦτο
3008 1079 3197 1147 τιμῆς,
3232 1079 3293 1130 τὸ
3324 1081 3459 1150 μηδὲ
3489 1087 3602 1145 τοῖς
3638 1086 3823 1156 ipsi.»

2243 1173 2484 1242 στήμασι
2518 1171 2615 1238 τῆς
2648 1170 2861 1238 φύσεως
2894 1171 3349 1239 ἐπαισχύνεσθαι,
3380 1174 3514 1226 ἀλλὰ
3542 1178 3681 1244 μετὰ
3715 1180 3825 1232 τῶν

2245 1263 2550 1334 μωλώπων,
2576 1258 2650 1315 ὧν
2677 1263 2777 1331 τῆς
2807 1263 3160 1332 ἀνθρωπίνης
3192 1265 3632 1336 ἐκληρονόμησεν
3651 1272 3824 1324 ’ἀσθε-

2240 1353 2408 1416 νείας,
2445 1354 2536 1405 ἐπὶ
2585 1353 2678 1405 τοῦ
2728 1353 3007 1422 βασιλείου
3037 1353 3312 1425 καθῆσθαι
3342 1355 3533 1424 θρόνου
3561 1376 3573 1387 ·
3615 1360 3708 1411 καλ⁵
3759 1364 3822 1414 ού

2241 1446 2340 1515 τὴν
2371 1443 2533 1507 φύσιν
2565 1445 2664 1512 μὲν
2707 1445 2983 1497 τοσούτων
3015 1444 3242 1514 ἠξίωσε,
3296 1448 3424 1510 τοὺς
3483 1448 3606 1501 καθ’
3638 1451 3732 1502 ἕνα
3764 1451 3822 1504 δὲ

2242 1539 2537 1610 περιεῖδεν,
2571 1535 2689 1591 ἀλλ’
2715 1537 2808 1589 ἐπὶ
2838 1537 2901 1590 τὸ
2930 1538 3172 1608 διάδημα
3201 1537 3361 1591 τοῦτο
3396 1542 3604 1603 πάντας
3642 1543 3819 1607 καλεῖ,

2239 1628 2485 1691 δουλείας
2514 1627 2754 1696 ἀφῆκεν,
2784 1628 2932 1691 υἱοὺς
2965 1628 3214 1699 ἐποίησε,
3250 1630 3341 1683 τὸν
3367 1632 3594 1700 οὐρανὸν
3618 1633 3821 1704 ἀνέῳξε

2242 1725 2398 1788 πᾶσι,
2422 1724 2515 1777 καὶ
2534 1724 2633 1794 τὴν
2652 1726 2774 1779 ὁδἰν
2802 1724 3088 1791 ὑποδείξας
3113 1725 3205 1778 καὶ
3225 1726 3378 1788 ὅπως
3402 1726 3551 1781 ἔστιν
3579 1731 3823 1802 ἀναπτῆ-

566 1822 674 1867 tam
715 1814 915 1869 eximie
949 1816 1350 1881 cohonestavit,
1390 1829 1476 1873 ast
1519 1818 1769 1888 singulos
1816 1821 2125 1889 neglectum

2236 1837 2346 1883 ναι,
2377 1818 2472 1871 καὶ
2496 1817 2677 1888 πτερὰ
2710 1817 2942 1884 δέδωκε,
2976 1816 3069 1870 καὶ
3094 1818 3197 1871 οὐκ
3225 1820 3533 1887 ἠγάπησεν,
3562 1822 3700 1876 ἀλλὰ
3727 1825 3822 1876 καὶ

562 1904 682 1968 ivit,
716 1906 810 1959 sed
847 1907 913 1959 ad
947 1906 1051 1961 hoc
1080 1909 1331 1961 diadema
1358 1923 1545 1962 omnes
1569 1909 1845 1972 invitavit.
1871 1911 2135 1965 servitute

562 1998 787 2061 exemit,
837 1998 978 2052 ﬁlios
1034 1999 1290 2062 reddidit,
1340 2000 1537 2054 coelum
1592 2001 1850 2055 omnibus
1899 2003 2134 2071 aperuit,

559 2088 757 2158 viaque
782 2099 1228 2153 commoustrata,
1255 2094 1591 2159 etquoruodo
1612 2107 1675 2147 eo
1701 2092 1991 2147 subvolare
2016 2093 2142 2146 lice-

561 2190 666 2243 ret,
704 2183 927 2252 insuper
970 2184 1084 2238 alas
1113 2184 1281 2237 dedit.
1346 2182 1457 2238 Nec
1505 2184 1591 2237 his
1656 2190 1981 2244 contentus,
2027 2182 2142 2251 ipse

560 2262 916 2328 nihiloinin’us
949 2276 1122 2344 pra-it,
1157 2284 1211 2329 ct
1238 2284 1526 2340 sustentat,
1565 2282 1619 2329 et
1660 2275 1893 2330 desides'
1939 2275 2139 2327 adhor-

561 2374 725 2419 tatur.
801 2365 1055 2422 Nondum
1085 2369 1242 2421 attuli
1272 2369 1415 2435 quod
1450 2368 1626 2436 majus
1653 2377 1757 2421 est.
1782 2366 1898 2420 Non
1928 2377 2137 2420 tantum

560 2460 752 2509 horum
779 2466 932 2513 tenus
963 2473 1087 2513 cum
1116 2461 1287 2514 servis
1310 2460 1929 2527 estDomiuus,qua‘que
1947 2473 2136 2511 eorum

560 2558 688 2601 sunt
728 2549 1033 2618 participat,
1081 2565 1256 2618 neque
1298 2567 1518 2603 manum
1570 2551 1859 2609 duntaxat.
1913 2550 2005 2602 sed
2050 2565 2140 2604 se-

558 2636 737 2705 ipsum
791 2639 949 2693 nobis
1027 2651 1266 2709 quantus
1328 2652 1569 2710 quantus
1627 2640 1797 2695 dedit.
1870 2640 2136 2706 Quocirca

2239 1912 2401 1975 αὐτὸς
2451 1914 2666 1979 ἡγεῖται
2722 1913 2820 1965 καὶ
2860 1912 3121 1980 ύπανέχει
3157 1913 3251 1965 καὶ
3302 1916 3614 1983 παρακαλεῖ
3646 1916 3820 1986 ρᾳθυ-

2241 2003 2499 2073 μοῦντας.
2550 2004 2662 2056 Καὶ
2691 2002 2845 2056 οὔπω
2877 2004 2939 2057 τὸ
2988 2003 3173 2074 μεῖζον
3204 2001 3358 2058 εἷπον
3380 2021 3393 2034 ·
3427 2007 3488 2059 ού
3514 2007 3622 2078 γὰρ
3652 2010 3817 2079 μέχρι

2237 2093 2493 2147 τοσούτου
2525 2097 2639 2156 τοῖς
2674 2093 2883 2158 δούλοις
2915 2094 3166 2149 σύνεστιν
3199 2099 3226 2150 ό
3257 2100 3534 2169 Δεσπότης
3578 2102 3671 2153 καὶ
3704 2118 3821 2155 κοι-

2244 2186 2401 2238 νωνεῖ
2438 2185 2547 2237 τῶν
2603 2185 2768 2238 αὑτοῦ
2825 2186 2948 2238 οὐδὲ
2998 2190 3162 2257 χεῖρα
3216 2188 3406 2241 δίδωσι
3459 2190 3644 2259 μόνον,
3697 2194 3817 2247 ἀλλ’

2244 2278 2432 2329 ἑαυτὸν
2497 2278 2631 2346 ἡμῖν
2685 2276 2806 2329 ελον
2855 2277 3149 2347 παρέσχεν,
3202 2277 3343 2348 ὑπὲρ
3376 2272 3436 2331 οὗ
3484 2280 3616 2344 νεὼς
3646 2282 3817 2352 ἐσμεν

2240 2367 2374 2421 Θεοῦ
2406 2367 2607 2432 ζῶντος
2629 2382 2643 2397 ·
2677 2366 2917 2436 Χριστοῦ
2953 2366 3090 2436 μέλη
3120 2366 3296 2421 ταῦτα
3326 2369 3392 2423 τὰ
3428 2370 3589 2440 μέλη,
3612 2372 3814 2426 τούτων

2239 2458 2345 2510 τῶν
2375 2457 2554 2526 μελῶν
2585 2457 2686 2527 τὴν
2726 2457 2971 2527 κεφαλὴν
3008 2458 3075 2511 τὰ
3105 2459 3387 2531 Χερουϐὶμ
3419 2466 3733 2530 προσκυνεῖ,
3762 2466 3816 2519 οἱ

2241 2549 2400 2611 πόδες
2423 2544 2592 2613 οῦτοι,
2624 2550 2680 2604 ai
2708 2542 2895 2621 χεῖρες
2923 2541 3082 2604 αὗται
3116 2550 3329 2622 ἐκείνης
3363 2552 3689 2625 ἐξήρτηνται
3713 2558 3814 2626 τῆς

2240 2641 2486 2710 καρδῖας.

557 2730 816 2798 templum
858 2746 1049 2786 sumus
1106 2732 1197 2786 Dei
1229 2734 1478 2798 viventis,
1511 2744 1565 2789 et
1596 2739 1835 2788 membra
1881 2734 1994 2788 haec
2033 2734 2237 2789 Christi
2296 2735 2536 2789 membra
2570 2744 2721 2789 sunt.
2763 2732 3128 2789 Membrorum
3173 2734 3405 2790 istorum
3424 2749 3585 2809 caput
3616 2740 3812 2795 cheru—

557 2820 667 2875 bim
702 2823 950 2877 adorant.
977 2825 1041 2878 Hi
1080 2826 1266 2894 pedes,
1303 2827 1384 2879 ha:
1413 2842 1606 2881 manus
1640 2829 1708 2880 ab
1739 2827 1832 2879 illo
1869 2829 2030 2881 corde
2060 2841 2323 2895 reguntur
2351 2842 2415 2882 ac
2457 2828 2710 2897 pendent.

632 2914 755 2971 llzec
799 2918 980 2972 animo
1016 2934 1202 2973 secum
1258 2922 1504 2974 volutare
1536 2928 1647 2973 tam
1704 2921 1856 2985 utile,
1904 2933 2128 2989 tamque

516 3007 857 3076 ,jucuudum
916 3018 1019 3073 est,
1068 3021 1128 3065 ut
1179 3012 1314 3066 nihil
1369 3027 1555 3080 supra.
1597 3013 1720 3067 llmc
1772 3015 1915 3068 enim
1968 3014 2129 3068 nobis

558 3100 1036 3167 perpendentibus,
1059 3111 1113 3156 et
1136 3103 1286 3157 hisce
1324 3106 1878 3161 commentationibus
1908 3106 1963 3160 iu
2006 3106 2125 3159 aui-

2305 2921 2480 2973 Τίνων
2523 2921 2623 2989 μὲν
2652 2922 2712 2973 οὐ
2758 2920 3204 2993 λυσιτελέστερα,
3243 2923 3404 2977 τίνων
3459 2925 3514 2977 δὲ
3544 2915 3807 2993 ούχὴδίω

2226 3010 2401 3063 ταῦτα
2433 3010 2745 3077 ὶογῐζεσθες
2772 3010 2956 3063 Ταῦτα
2977 3013 3085 3081 γὰρ
3110 3013 3453 3065 σκοπούντων
3477 3013 3571 3064 καὶ
3593 3014 3805 3069 τούτων

2229 3101 2286 3152 ἐν
2313 3103 2377 3169 τῇ
2410 3098 2555 3170 ψυχῇ
2610 3100 2959 3168 κρατούντων
2997 3100 3109 3152 τῶν
3142 3101 3414 3170 λογισμῶν
3447 3101 3662 3169 πρῶτον
3697 3103 3800 3171 μὲν

559 3204 657 3242 ma
688 3191 1174 3258 invalesceutibus,
1217 3195 1455 3264 primum
1499 3198 1723 3266 quidem
1770 3199 1904 3253 nulli
1941 3214 2122 3268 pravae

2232 3193 2328 3243 οὔκ
2386 3190 2452 3244 ἂν
2485 3191 2572 3260 εἴη
2606 3190 2842 3261 πάροδος
2882 3181 2954 3245 ’ἐν
2994 3193 3129 3263 ἡμῖν
3176 3192 3283 3245 τῶν
3316 3193 3563 3261 πονηρῶν
3595 3193 3795 3258 οὐδενὶ,

559 3279 878 3345 cogitationi
913 3282 1093 3336 azlitus
1124 3285 1352 3352 patebit.
1386 3285 1589 3340 Deinde
1621 3290 1923 3359 perspectis
1962 3291 2124 3346 bene-

557 3369 695 3424 !Eciis
728 3387 966 3427 amorem
992 3390 1116 3445 erga
1146 3377 1279 3431 bene
1317 3379 1568 3432 meritum
1602 3381 1884 3437 cumulare
1919 3382 2122 3439 licebit.

556 3461 693 3532 (lum
725 3465 802 3518 sic
847 3465 1072 3522 mirifice
1107 3467 1479 3531 diloxerimus,
1507 3470 1665 3523 etiam
1709 3474 1978 3529 mandatis
2009 3476 2126 3546 ejus

556 3552 1074 3619 obtemperahimus,
1105 3564 1159 3611 et
1201 3558 1338 3612 velle
1373 3569 1620 3613 nostrum
1652 3559 1717 3612 ad
1775 3561 1921 3616 illius
1975 3564 2123 3618 arbi-

560 3645 721 3698 trium
756 3649 1281 3717 aggreg:ibitnus.Ait
1310 3649 1451 3702 enim
1485 3668 1501 3707 :
1540 3670 1559 3700 ‹
1583 3650 1637 3704 Si
1657 3652 1782 3718 quis
1812 3654 1984 3724 diligit
2014 3641 2120 3723 “.18,

556 3749 864 3789 sermonem
936 3754 1114 3791 meum
1163 3739 1498 3793 servabit".t
1545 3739 1625 3793 Ad
1677 3740 1793 3795 haec
1840 3742 2121 3812 dignitatis

557 3839 759 3880 noszra:
797 3827 1175 3882 excellentiam
1231 3839 1605 3899 agnoscentes,
1671 3846 1791 3886 eam
1830 3833 2121 3892 dilliculter

556 3925 931 3994 prodigemus;
960 3941 1056 3981 nec
1075 3929 1274 3983 servire
1289 3946 1445 3986 servo
1467 3932 1691 4003 fugitivo
1705 3934 2118 3999 sustinebimus.

559 4027 745 4085 utpote
800 4018 951 4097 regni
979 4020 1157 4090 adepti
1194 4023 1350 4076 nobis
1373 4024 1603 4080 conscii.
1641 4026 1713 4081 Os
1740 4027 1807 4081 ad
1838 4043 2119 4083 sermones

556 4124 679 4163 cum
734 4111 939 4166 scelere
971 4112 1293 4182 conjunctos
1326 4132 1431 4169 non
1466 4118 1794 4183 aperiemus,
1827 4120 1872 4173 si
1916 4133 2119 4174 mensae

556 4203 989 4268 recordabimur,
1032 4216 1090 4260 et
1112 4203 1289 4274 qualis
1314 4209 1535 4278 sanguis
1563 4210 1795 4277 linguam
1823 4211 1963 4264 hanc
1987 4226 2118 4280 pur-

555 4298 851 4364 puraverit.
886 4298 1084 4353 Oculos
1133 4300 1339 4353 illicitis
1370 4302 1592 4368 quinam
1629 4304 1972 4372 adjiciemus,
2019 4317 2116 4372 per

555 4402 694 4457 quos
751 4391 1009 4458 mysteria
1074 4392 1348 4446 tremenda
1421 4391 1745 4447 hausimus?
1793 4393 1873 4446 Ad
1916 4393 2127 4448 malum.

554 4478 720 4547 pedes
749 4494 857 4532 non
886 4480 1246 4544 movebimus,
1278 4496 1387 4534 non
1430 4497 1624 4535 manus
1665 4483 2038 4547 extendemus,
2068 4485 2112 4539 si

2231 3281 2423 3335 ἔπειτα
2476 3281 2763 3347 περιέσται
2808 3280 2905 3343 τὰς
2936 3281 3260 3351 εὐεργεσίας
3295 3282 3687 3352 καταμαθοῦσι,
3718 3284 3799 3353 τῷ

2229 3372 2362 3437 περὶ
2391 3370 2482 3424 τὸν
2508 3372 2809 3441 εὐεργέτην
2853 3372 3178 3439 προσθεῖναι
3211 3372 3385 3443 πόθῳ,
3421 3373 3701 3441 φιλοῦντες
3745 3376 3803 3429 δὲ

2228 3463 2372 3517 οὕτω
2427 3464 2631 3532 σφόδρα
2680 3464 2774 3516 καὶ
2802 3464 2912 3516 τῶν
2968 3448 3202 3516 ἐντολῶν
3228 3466 3462 3536 ἐργάται
3500 3464 3609 3519 τῶν
3636 3467 3802 3520 αὐτοῦ

2228 3556 2322 3607 καὶ
2357 3555 2453 3623 τῆς
2476 3555 2703 3624 γνώμης
2732 3555 2973 3623 ἐσόμεθα
2998 3554 3267 3609 κοινωνοί.
3298 3574 3317 3606 ι
3348 3555 3407 3608 '0
3435 3555 3545 3624 γὰρ
3571 3556 3800 3625 ἀγαπῶν

2229 3663 2320 3714 με,
2353 3647 2511 3716 φησὶ,
2537 3647 2637 3710 τὰς
2667 3647 2891 3710 ἐντολάς
2918 3664 3017 3715 μου
3039 3646 3291 3716 τηρήσει.
3323 3666 3342 3699 ι
3375 3649 3588 3712 Ἀλλως
3621 3667 3680 3702 τε
3701 3650 3800 3720 τὴν

2223 3741 2431 3793 οἰκείαν
2485 3738 2663 3804 ἀξίαν,
2722 3740 2822 3810 ὅση
2860 3739 2943 3802 τίς
2998 3740 3167 3802 ἐστιν,
3201 3740 3547 3807 ἐπιγνόντες,
3601 3743 3702 3794 οὐκ
3732 3741 3798 3795 ἂν

2225 3829 2521 3898 προδοῖμεν
2576 3828 2798 3899 ῥαδίως,
2835 3830 2945 3880 οὐδ’
2977 3828 3348 3897 ἀνασχοίμεθα
3400 3830 3685 3884 δουλεῦσαι
3718 3833 3795 3900 τῷ

2222 3919 2465 3988 δραπέτῃ
2494 3917 2684 3987 δούλῳ,
2716 3918 3000 3985 βασιλείαν
3024 3920 3429 3986 συνεγνωκότες
3457 3922 3590 3991 ἡμῖν
3612 3923 3795 3984 αὐτοῖς

2176 4023 2180 4027 ‘
2222 4009 2321 4061 ούκ
2363 4007 2646 4077 ἁνοέξομεν
2693 4008 2753 4060 τὸ
2781 4009 2958 4077 στόμα
3015 4011 3228 4079 πονηρᾷ
3261 4010 3502 4082 γλώσσῃ,
3540 4012 3606 4065 ἂν
3632 4013 3690 4064 ἐν
3718 4012 3793 4082 νῷ

2219 4101 2320 4170 τὴν
2343 4100 2623 4170 τράπεζαν
2667 4099 2881 4170 ἔχωμεν
2912 4101 3003 4155 καὶ
3031 4098 3143 4154 οἷον
3167 4101 3229 4154 τῢ
3257 4103 3354 4173 τὴν
3380 4104 3637 4171 γλῶσσαν
3668 4106 3798 4158 ταύ-

2218 4209 2318 4263 την
2351 4194 2594 4262 φοινίξαν
2641 4187 2800 4260 αἷμα,
2843 4193 2965 4254 Πῶς
2991 4193 3310 4263 χρησόμεθα
3341 4198 3454 4257 τοῖς
3492 4196 3793 4266 ὀφθαλμοῖς

2218 4284 2303 4352 ἐφ’
2333 4284 2368 4337 ἃ
2398 4266 2477 4355 μὴ.
2498 4285 2599 4349 δεῖ,
2630 4284 2949 4354 μυστηρίων
2974 4284 3120 4338 οὕτω
3154 4287 3394 4354 φρικτῶν
3422 4286 3792 4341 ἀπολελαυκό-

2220 4376 2338 4429 σινἾ
2373 4374 2448 4428 Οὐ
2477 4374 2776 4445 κινήσομεν
2809 4375 2939 4437 τοὺς
2969 4376 3159 4438 πόδας,
3190 4377 3290 4429 οὐκ
3325 4378 3661 4444 ἐκτενοῦμενί
3675 4382 3789 4448 χεῖ-

2219 4484 2318 4538 ρας
2339 4466 2430 4519 ἐπί
2456 4484 2509 4520 τι
2541 4467 2801 4537 πονηρὸν,
2835 4466 2901 4520 ἂν
2931 4468 3154 4537 ἐνεργὸν
3176 4471 3235 4521 ἐν
3265 4472 3329 4539 τῇ
3357 4470 3502 4539 ψυχῇ
3534 4472 3622 4523 τὸν
3655 4474 3784 4541 περὶ

556 4572 610 4623 in
642 4571 725 4625 his
758 4580 991 4624 mentem
1025 4572 1188 4623 animi
1216 4586 1336 4625 sese
1373 4581 1712 4627 exercentem
1768 4574 2112 4630 habebimus.

2232 4558 2424 4611 τούτων
2459 4556 2673 4627 ἔχωμεν
2694 4558 2871 4625 λόγον,
2898 4558 2973 4621 ὡς
3017 4560 3127 4627 ἄρα
3161 4560 3402 4630 Χριστοῦ
3434 4562 3568 4629 μέλη
3611 4560 3785 4615 ταῦτα

557 4660 710 4715 Sicut
741 4662 904 4731 igitur
938 4660 1139 4715 Christi
1175 4661 1439 4725 membra,
1493 4664 1608 4716 hzec
1639 4673 1693 4719 et
1726 4675 1914 4719 sancta
1962 4675 2109 4732 sunt,

553 4762 607 4806 ct
637 4762 891 4821 tanquam
928 4753 1108 4823 phiala
1142 4752 1289 4806 illius
1319 4753 1639 4821 sanguinem
1682 4758 2001 4812 continent:
2032 4759 2114 4813 vel
2150 4768 2162 4785 ’

554 4842 735 4911 potius
764 4850 936 4896 totum
991 4843 1170 4910 ipsum
1207 4839 1543 4895 Salvatorem
1581 4843 1768 4897 induta
1798 4855 1946 4909 sunt,
2000 4860 2110 4900 non

554 4942 612 4987 ut
646 4934 1051 4997 vestimentum,
1076 4947 1176 4987 nec
1207 4943 1465 5001 tanquam
1501 4933 1688 5000 pellem
1711 4944 1983 5000 agnatam,
2018 4934 2116 4989 sed

555 5034 705 5080 tanto
759 5027 1018 5095 penitius,
1065 5035 1271 5096 quanto
1332 5026 1436 5080 hoc
1482 5024 1858 5080 indumentum
1910 5027 2117 5082 iudutis

555 5116 676 5185 plus
702 5130 863 5184 quam
896 5117 1025 5184 ipsae
1052 5130 1366 5185 compages,
1401 5108 1514 5185 Ipsa
1541 5131 1667 5171 ossa
1712 5120 2117 5184 coagméntatur

554 5214 608 5258 et
642 5206 914 5259 coalescit.
938 5205 1072 5259 Nam
1132 5206 1245 5259 hate
1271 5206 1353 5261 vel
1405 5205 1711 5260 nolentibus
1747 5206 1870 5274 quis
1916 5221 2110 5275 ampu-

554 5295 771 5350 taveiit?
796 5296 1071 5350 Christum
1097 5306 1275 5351 autem
1296 5297 1464 5350 semel
1488 5296 1725 5358 indutos,
1754 5309 1912 5348 nemo
1937 5306 2114 5362 neque

556 5386 860 5447 hominum,
914 5400 1086 5452 neque
1135 5386 1443 5441 daemonum
1502 5386 1702 5439 invitos
1754 5399 1818 5439 ac
1868 5385 2115 5439 nolentes

553 5478 764 5529 exuerit
795 5491 808 5527 :
846 5472 991 5526 «Non
1024 5476 1299 5535 instantia,
1333 5477 1505 5542 inquit
1530 5473 1751 5534 Paulus.
1774 5487 1881 5526 non
1914 5472 2112 5536 fotura,

559 5578 663 5617 nou
696 5564 948 5627 altitudo,
985 5577 1157 5631 neque
1185 5563 1535 5630 profundum,
1578 5578 1753 5633 neque
1794 5563 1975 5631 aliqua
2006 5560 2111 5615 alia

630 5745 672 5774 ’δ’
712 5745 867 5798 Joau.
896 5762 1004 5809 τιν,
1042 5744 1131 5797 2|.
1197 5756 1205 5761 '

2220 4652 2311 4701 καὶ
2341 4651 2459 4720 ἱερᾶ
2495 4652 2589 4701 καὶ
2639 4649 2895 4720 καθάπερ
2950 4650 3117 4719 φιάλη
3150 4652 3211 4704 τὸ
3271 4653 3484 4705 ἐκείνου
3530 4654 3787 4722 φέρουσιν

2219 4735 2381 4807 αἷμα,
2421 4740 2620 4809 μᾶλλον
2647 4739 2704 4792 δέ
2726 4740 2849 4793 ὅλον
2881 4741 3045 4794 αὑτὸν
3086 4741 3389 4795 ἐνδέδονται
3416 4743 3508 4795 τὸν
3534 4745 3785 4814 Σωτῆρα,

2191 4865 2195 4871 -
2221 4831 2281 4882 οὐ
2311 4832 2565 4902 καθάπερ
2618 4834 2833 4901 ἱμάτιον
2888 4832 3000 4885 οὐδ’
3027 4833 3217 4904 ῶσπερ
3260 4835 3395 4887 αὐτὸ
3417 4836 3477 4887 τὸ
3508 4836 3787 4905 σύμφυτον

2219 4922 2416 4991 δέρμα,
2467 4922 2857 4992 ἀκριϐέστερον
2877 4924 2933 4976 δὲ
2961 4924 3236 4988 τοσοῦτον,
3291 4929 3413 4978 ὅσον
3448 4928 3542 4980 καὶ
3577 4928 3782 4995 αὐτῶν,

2215 5014 2327 5067 τῶν
2350 5014 2545 5080 ὀστῶν,
2573 5013 2632 5067 τὸ
2662 5014 2870 5083 ἔνδυμα
2898 5015 3056 5068 τοῦτο
3085 5018 3201 5079 τοῖς
3250 5018 3619 5087 ἐνδεδυμένοις
3650 5020 3783 5073 πολὺ

2214 5107 2543 5175 συμπέφυκε
2582 5106 2805 5171 μᾶλλον.
2836 5105 2916 5159 Τὰ
2958 5107 3061 5177 μὲν
3091 5108 3198 5176 γὰρ
3233 5107 3436 5171 δύναιτ’
3460 5111 3527 5163 ἂν
3554 5127 3641 5173 τις
3692 5110 3783 5163 καὶ

2217 5198 2292 5266 μὴ
2335 5197 2671 5267 βουλομένων
2708 5199 3026 5266 ἀποτεμεῖν,
3081 5198 3173 5251 τὸν
3220 5200 3457 5267 Χριστὸν
3482 5200 3538 5252 δὲ
3569 5202 3678 5253 οὐδ’
3714 5200 3781 5253 ἂν

2211 5282 2291 5349 εἷς
2319 5286 2378 5338 οῦ
2432 5287 2540 5338 τῶν
2599 5286 2907 5355 ἀνθρώπων
2939 5286 3001 5338 ού
3048 5287 3158 5338 τῶν
3189 5287 3480 5355 δαιμόνων,
3542 5304 3563 5336 ι
3606 5288 3681 5340 Οὐ
3713 5290 3781 5339 τὰ

2214 5375 2505 5439 ἐνεστῶτα,
2525 5378 2659 5446 φησὶ
2676 5375 2904 5442 Παῦλος,
2924 5377 2985 5429 ού
3012 5376 3082 5429 τὰ
3108 5377 3388 5445 μέλλοντα,
3406 5378 3529 5431 οὕτε
3558 5377 3779 5446 ὕψωμα,
3819 5360 3829 5369 ’

2211 5469 2332 5523 οὗτε
2367 5469 2545 5539 βάθος,
2580 5468 2690 5521 οὒτ’
2720 5468 2853 5537 ἄλλη
2899 5469 3076 5531 κτίσις
3105 5470 3293 5538 ἐτέρα,
3326 5489 3345 5521 ι
3398 5471 3503 5524 κᾶν
3532 5469 3779 5523 ὁπωσοῦν

2211 5562 2437 5631 δυνάμει
2491 5563 2687 5632 κρατῇ.
2749 5559 2869 5611 Τῶν
2918 5560 3028 5631 γὰρ
3057 5561 3151 5614 τοῦ
3205 5560 3444 5632 Χριστοῦ
3483 5561 3777 5633 μαρτύρων
