4134 6314
366 380 474 463 tito

1443 384 1538 449 DE
1579 382 1757 449 VI‘I‘A
1797 387 1875 448 IN
1933 380 2268 446 CHRISTO
2304 381 2450 442 LIB.
2496 376 2599 441 Vl.

3484 363 3590 429 ὓΞο

374 509 475 584 μὲν
499 507 660 579 δορὰν
696 504 972 574 ἀποσὺραι
996 503 1091 556 καὶ
1119 502 1394 571 περιελεῖν
1422 503 1452 553 ό
1489 498 1730 568 Πονηρὸς
1749 474 1936 568 ἴσχυσε

2067 493 2394 560 :reatura“,t
2426 498 2851 558 quantacunque
2904 486 3105 541 virtute
3130 485 3609 542 excelltterit.Mar-

371 605 491 663 ταῖς
518 600 627 653 τῶν
656 598 933 668 τυράννων
979 596 1161 665 χερσὶ,
1213 595 1308 646 καὶ
1339 593 1671 660 κατατεμεῖν
1701 591 1768 644 τά
1801 589 1938 659 μέλη

373 696 467 750 καὶ
496 694 629 747 ὀστᾶ
652 689 939 761 συντρίψαι
958 687 1052 740 κατ⁹
1077 685 1269 740 τᾶνδον
1285 684 1474 754 ἐκχέαι
1500 683 1597 736 καὶ
1624 682 1939 735 ἀνασπάσαι

374 788 442 843 τὰ
470 784 781 849 σπλάγχνα·
815 780 875 832 τὸ
903 779 949 832 δ’
998 778 1217 848 ἱμάτιον
1244 776 1402 828 τοῦτο
1440 773 1670 841 συλῆσαι
1704 774 1797 825 καὶ
1843 769 1939 824 τοῦ

376 873 613 945 Χριστοῦ
638 869 931 941 γυμνῶσαι
957 869 1086 930 τοὺς
1119 865 1450 936 μακαρίους,
1475 861 1730 916 τοσοῦτον
1754 858 1941 945 ἐδέησε

375 941 492 1021 ταῖς
516 963 800 1024 ἐπινοίαις.
837 960 980 1014 ὥστε
1007 958 1143 1012 πολὺ
1178 956 1440 1028 μᾶλλονή
1474 954 1733 1027 πρόσθεν,
1770 951 1839 1005 δι’
1868 941 1945 1004 ὧν

374 1054 525 1125 ᾠήθη
556 1051 866 1123 περιδῦσαι,
888 1048 1206 1119 περιϐαλὼν
1233 1047 1413 1101 ἔλαθε.

447 1310 514 1364 Τί
551 1310 643 1363 οῦν
670 1308 959 1386 ίερώτερον
983 1309 1178 1374 γένοιτ’
1211 1307 1279 1360 ἂν
1306 1305 1403 1360 τοῦ
1447 1301 1702 1374 σώματος
1729 1302 1948 1368 τούτου,

2043 594 2225 656 tyrum
2253 581 2455 638 Christi
2500 580 2694 651 pellem
2730 579 3037 639 detrahere,
3076 587 3135 649 et
3163 577 3420 631 mutilare
3457 576 3611 632 Mali-

2042 689 2181 745 guns
2242 684 2596 744 tyrannorum
2658 670 2932 735 manibus,
2996 668 3241 723 membra
3298 668 3611 732 concidere,

2044 783 2168 821 Ossa
2209 765 2601 828 comminuere,
2635 761 2896 818 intestina
2922 756 3227 823 eti‘undere,
3257 758 3464 814 viscera
3492 760 3610 815 dis-

2042 859 2255 913 trahere
2286 858 2464 926 p0tuit
2494 855 2585 910 ille
2610 848 2835 925 quidem
2872 868 2886 906 :
2925 854 3030 907 hoc
3071 862 3258 906 autem
3304 849 3608 903 vestimen-

2045 961 2160 1005 tum
2186 951 2422 1018 eripere,
2462 957 2516 1002 et
2538 945 2745 1003 Christi
2794 950 3016 1000 sanctos
3050 941 3283 1006 nudare,
3327 949 3614 1008 tantopere

2045 1039 2168 1106 ejus
2194 1039 2410 1091 inventa
2439 1035 2648 1101 fefellit,
2681 1045 2739 1088 ut
2767 1048 2864 1102 per
2911 1047 3032 1101 qua:
3064 1024 3188 1086 illos
3220 1044 3279 1086 se
3306 1029 3615 1084 arbitraba-

2046 1140 2136 1184 tur
2163 1143 2322 1198 posse
2348 1136 2570 1190 exuere,
2597 1139 2695 1196 per
2720 1139 2783 1179 ea
2815 1122 2934 1194 ipsa
2958 1122 3276 1191 imprudens
3323 1119 3498 1190 magis
3528 1118 3616 1173 in-

2047 1219 2257 1274 dueret.
2796 1227 2803 1235 '

2119 1308 2262 1373 Quid
2297 1309 2458 1379 igitur
2507 1305 2614 1361 hoc
2651 1317 2882 1375 corpore
2928 1298 3196 1364 sanctius,
3236 1300 3325 1356 cui
3360 1297 3617 1354 Christus

377 1395 688 1470 ᾧίρυσικής
744 1399 1022 1469 συμφυΐας
1079 1397 1299 1466 ἁπάσης
1358 1399 1386 1451 ὁ
1410 1396 1645 1465 Χριστδς
1696 1396 1951 1463 ἐντέτηκε

2067 1399 2226 1469 uagis
2268 1414 2432 1466 quam
2480 1396 2591 1451 ulla
2636 1394 2916 1451 concretio
2956 1390 3224 1448 naturalis
3259 1389 3618 1446 inhaerescit?

381 1494 614 1562 μᾶλλον;
639 1492 847 1545 Οὐκοῦν
875 1488 1204 1559 αἰδεσὸμεθα
1230 1490 1324 1541 καὶ
1365 1489 1680 1556 τηρήσομεν
1711 1483 1858 1553 αὐτῷ
1889 1484 1953 1535 τδ

2067 1491 2209 1547 Hanc
2250 1492 2369 1559 ejus
2417 1488 2764 1557 majestatem
2809 1493 2864 1539 et
2916 1481 3338 1540 sanctimoniam
3388 1494 3619 1536 venera-

379 1583 603 1649 σεμνὸν,
644 1584 710 1633 ἃν
749 1579 896 1632 οὕτω
920 1577 1245 1647 θαυμαστὴν
1275 1576 1426 1645 αῦτῷ
1445 1574 1805 1645 λαμπρότητα
1830 1589 1954 1625 συν-

2067 1586 2260 1646 bimur,
2343 1590 2399 1636 et
2448 1579 2847 1642 custodiemus,
2903 1576 2949 1631 si
3008 1572 3277 1630 claritatis
3328 1572 3451 1640 ejus
3505 1583 3616 1626 tam

379 1670 606 1732 ειδότες,
639 1669 833 1721 ἔπειτα
892 1666 999 1736 πρὸ
1050 1665 1157 1719 τῶν
1206 1664 1507 1734 ὀφθαλμῶν
1538 1663 1710 1733 αὐτὴν
1740 1660 1954 1732 ἔχωμεν

2067 1672 2386 1731 admirandae
2412 1670 2645 1735 conscii,
2699 1670 2888 1724 animo
2927 1681 3048 1722 eam
3084 1664 3235 1720 omni
3265 1673 3509 1734 tempore
3535 1667 3620 1718 itt-

378 1761 644 1835 ἑκάστοτε
694 1759 791 1827 τῆς
817 1756 1019 1826 ψυχῆς.
1058 1758 1121 1810 El
1151 1756 1261 1824 γὰρ
1289 1755 1494 1825 τεμένη
1524 1753 1620 1807 καὶ
1653 1752 1821 1821 σκεύη
1855 1752 1966 1835 καὶ·

2067 1766 2351 1822 Luebimur.
2383 1762 2441 1818 Si
2466 1762 2612 1816 enim
2645 1759 2869 1829 templa,
2910 1765 2965 1812 et
2994 1771 3146 1822 vasa,
3178 1765 3232 1810 et
3258 1754 3622 1825 quodcunque

377 1850 561 1903 ὁτιοῦν
611 1850 779 1920 ἱερὸν,
815 1849 899 1901 ὅτι
955 1847 1105 1901 τοῦτ’
1163 1846 1299 1900 αὐτὸ
1349 1845 1719 1915 γινώσκομεν,
1763 1844 1838 1907 ὡς
1867 1821 1958 1913 ἄρ’

2067 1821 2364 1911 dedicatum
2390 1889 2406 1916 ,
2461 1850 2683 1918 quando
2727 1821 3058 1916 hociipsum
3111 1821 3621 1917 (essetdedicatt—tm

378 1943 530 1995 ἐστὶν
589 1941 754 2010 ἱερὸν,
814 1940 1014 1992 ἄσυλον
1056 1935 1339 2008 τηροῦμεν
1399 1939 1463 1991 ὲκ
1497 1937 1697 2000 παντὸς
1723 1936 1951 2007 τρόπου,

380 2036 548 2106 σχολῇ
605 2051 670 2101 γε
726 2033 798 2085 τὰ
837 2032 1012 2102 μείζω
1046 2031 1441 2101 προδώσομενο
1502 2028 1653 2081 οὐδὲν
1696 2028 1806 2097 γὰρ
1830 2028 1955 2080 ὅσον

377 2124 670 2194 ἄνθρωπος
710 2121 879 2190 ἱερὸν,
902 2113 946 2187 ᾧ
984 2120 1080 2173 καὶ
1108 2119 1328 2187 φύσεως
1354 2117 1717 2186 ἐκοινώνησεν
1744 2117 1774 2167 ὁ
1797 2115 1954 2177 Θεός.

389 2212 826 2285 Ἐνθυμηθῶμεν
872 2212 1003 2280 γὰρ,
1059 2227 1078 2260 ι
1118 2210 1226 2261 τίνι
1276 2209 1375 2279 μὶν
1424 2207 1571 2261 ἅπαν
1598 2207 1727 2274 γόνυ
1748 2204 1958 2275 κάμψει

380 2307 731 2376 ἐπουρανίων
757 2304 853 2357 καὶ
884 2299 1283 2370 καταχθονίων,
1317 2317 1336 2351 ι
1356 2298 1441 2361 τίς
1464 2299 1522 2351 δὲ
1550 2298 1642 2350 ἐπὶ
1666 2296 1775 2350 τῶν
1803 2312 1961 2365 νεφε-

378 2400 492 2452 λῶν
523 2397 642 2468 ἥξει
672 2415 691 2448 ι
734 2395 873 2464 μετὰ
893 2396 1177 2464 δυνάμεως
1201 2391 1295 2446 καὶ
1321 2390 1479 2459 δόξης
1508 2388 1736 2457 πολλῆς,
1769 2407 1788 2441 ι
1817 2389 1958 2460 ὑπὲρ

382 2494 499 2546 πᾶν
550 2491 901 2560 παράδειγμα
962 2488 1214 2556 λάμπων,
1255 2486 1540 2557 ἄνθρωπος
1584 2478 1741 2547 οὗτος
1769 2482 1960 2553 ὥσπερ

380 2587 525 2654 δῆτα
559 2585 653 2635 καὶ
689 2581 853 2644 Θεός·
885 2580 978 2634 καὶ
1010 2581 1167 2650 ἡμῶν
1194 2579 1250 2632 δὲ
1275 2581 1414 2649 ὑπὲρ
1435 2579 1526 2632 τὸν
1553 2577 1706 2649 ήλιον
1731 2576 1958 2639 ἕκαστος

384 2676 462 2736 ὡς
498 2673 713 2744 άληθῶς
746 2672 975 2726 δύναται
1011 2671 1274 2741 λάμψειν,
1310 2670 1539 2723 ἐπὶτῶν
1584 2668 1825 2737 νεφελῶν
1858 2668 1959 2737 άρ-

385 2766 570 2834 θῆναι,
599 2765 660 2816 τὺ
684 2762 846 2832 σῶμα
877 2763 1008 2815 ἰδεῖν
1069 2763 1244 2814 ὲκεῐνο
1272 2760 1368 2813 τοῦ
1396 2758 1556 2825 Θεοῦ,
1613 2758 1752 2829 πρὸς
1798 2757 1962 2812 αὑτὸν

390 2854 649 2923 ἀρθῆναι,
683 2853 818 2921 πρὸς
850 2851 1012 2904 αὑτὸν
1055 2852 1311 2914 πετάσαι,
1365 2846 1711 2919 προσελθεῖν,
1735 2847 1961 2917 ἡμέρως

392 2940 644 3010 ὀφθῆναι.
674 2932 914 2994 Φανέντα
953 2939 1058 3008 γὰρ
1089 2936 1180 2991 τδν
1230 2938 1512 3006 Δεσπότην
1535 2937 1565 2989 ὁ
1606 2935 1715 2989 τῶν
1738 2934 1963 3003 ἀγαθῶν

389 3028 594 3088 δούλων
627 3033 1026 3105 περιστήσεται
1060 3031 1241 3101 χορδς,
1275 3029 1370 3084 καὶ
1402 3029 1709 3098 λάμποντος
1751 3029 1960 3082 ἐκείνου

2054 1945 2352 2011 videlicet)
2404 1943 2812 2013 cognoscimus,
2847 1935 3105 1994 omnibus
3135 1944 3311 1993 tutum
3346 1951 3376 1992 a
3412 1938 3623 2006 praedo-

2056 2038 2221 2093 nibus
2276 2045 2584 2097 servamus,
2646 2032 2824 2085 multo
2878 2030 3064 2087 minus
3105 2029 3373 2083 nobiliora
3426 2026 3625 2097 praeda:

2055 2140 2417 2197 exponemus.
2464 2122 2612 2177 Nihil
2659 2122 2803 2176 enim
2855 2122 3100 2177 sanctius
3155 2121 3410 2186 homine,
3464 2120 3623 2188 cujus

2059 2227 2268 2273 naturae
2310 2213 2567 2270 divinitas
2592 2225 2721 2269 sese
2764 2212 3061 2281 copulavit.
3111 2212 3432 2280 Cogitamus
3469 2210 3621 2265 enim

2056 2307 2147 2364 cui
2178 2324 2197 2357 ι
2227 2298 2483 2359 ﬂectatur
2515 2316 2681 2357 omne
2709 2316 2850 2369 genu
2877 2301 3220 2373 caelestium,
3260 2300 3625 2367 terrestrium,

2057 2410 2112 2458 et
2134 2400 2473 2456 infernorum
2492 2398 2562 2452 “.
2620 2415 2639 2448 ι
2666 2396 2729 2450 Et
2758 2395 2884 2466 quis
2917 2404 3186 2450 venturus
3210 2396 3284 2450 sit
3312 2395 3367 2450 in
3386 2397 3627 2453 nubibus

2065 2511 2084 2544 ι
2119 2506 2245 2548 eum
2296 2491 2499 2545 virtute
2540 2497 2597 2545 et
2627 2488 2913 2559 majestate
2958 2489 3127 2543 multa
3155 2486 3226 2553 “,
3274 2505 3294 2541 ι
3350 2486 3630 2556 incompa-

2061 2582 2216 2638 rabili
2248 2581 2539 2652 splendore
2570 2579 2852 2647 praeditus.
2901 2575 3077 2633 llomo
3130 2574 3220 2635 hic
3246 2575 3368 2642 erit,
3402 2578 3630 2649 perinde

2065 2682 2122 2726 ut
2167 2671 2329 2726 Deus.
2385 2669 2452 2723 Et
2510 2667 2894 2738 unusquisque
2948 2674 3194 2721 nostrum
3250 2666 3367 2722 sole
3425 2667 3631 2723 clarius

2063 2761 2270 2832 fulgere
2301 2774 2488 2816 revera
2523 2759 2745 2830 poterit,
2791 2772 2957 2829 supra
2987 2758 3159 2815 nubes
3196 2758 3332 2823 tolli,
3380 2768 3630 2830 spectare

2062 2866 2265 2924 corpus
2308 2852 2442 2907 illud
2493 2851 2587 2905 Dei
2622 2851 2689 2905 ad
2735 2866 2796 2906 se
2835 2852 3018 2916 pansis
3048 2850 3291 2907 brachiis
3341 2853 3626 2918 accedere,

2064 2945 2385 3018 placideque
2433 2943 2653 2998 intueri.
2722 2941 3084 3013 Apparentem
3134 2944 3278 2998 enim
3334 2941 3628 3000 Dominum

2066 3038 2334 3094 bonorum
2373 3049 2656 3091 servorum
2698 3048 2902 3089 corona
2948 3033 3373 3101 circumfundat,
3423 3024 3633 3105 illoque

389 3128 490 3180 καὶ
512 3126 664 3179 αὐτοὶ
686 3124 995 3195 λάμψουσιν
1022 3118 1133 3177 οἷον
1161 3121 1456 3193 τδὲἐαμα,
1486 3122 1793 3194 φωστήρων
1821 3121 1964 3192 πλῆ-

2067 3128 2331 3199 fulgente,
2371 3124 2475 3195 ipsi
2526 3123 2729 3194 pariter
2778 3122 3084 3193 fulgebunt.
3134 3124 3304 3191 Quale
3348 3133 3632 3195 spectacu-

390 3214 487 3271 Ooc
521 3214 758 3283 ἀριθμοῦ
795 3215 1044 3282 κρεῖττον
1104 3212 1199 3264 ἐπὶ
1251 3213 1361 3265 τῶν
1418 3213 1657 3281 νεφελῶν
1689 3212 1842 3275 ίδεῖν,
1873 3213 1966 3265 ἁν-

394 3303 653 3373 θρώπους
699 3302 1023 3372 αἰρομένους
1081 3304 1391 3373 πανήγυριν
1441 3302 1797 3374 ἀνενεχθῆναι
1827 3304 1964 3372 πρὸς

390 3392 550 3446 οὐδὲν
579 3393 928 3458 παράδειγμα
950 3390 1281 3460 δυναμένην.
1304 3390 1477 3461 δῆμον
1516 3391 1655 3445 θεῶν
1688 3393 1818 3461 περὶ
1871 3391 1965 3444 τὸν

393 3486 553 3544 Θεὸν,
589 3482 786 3543 καλοὺς
816 3481 947 3551 περὶ
976 3482 1072 3534 τὸν
1103 3481 1327 3552 ὡραῖον,
1366 3484 1583 3546 οἰκέτας
1605 3484 1738 3553 περὶ
1763 3483 1855 3535 τὸν
1875 3485 1968 3535 Δε-

396 3575 630 3640 σπότην,
648 3571 707 3625 οὐ
733 3571 1095 3640 βασκαίνοντα
1124 3575 1239 3636 τοῖς
1259 3574 1485 3639 δούλοις,
1509 3576 1558 3627 εί
1583 3575 1679 3642 τῆς
1715 3574 1967 3645 λαμπρό-

393 3678 561 3728 τητος
591 3661 937 3730 κοινωνήσει,
967 3660 1079 3713 οὐδ’
1108 3662 1417 3731 ἡγούμενον
1450 3663 1659 3718 ἐλάττω
1685 3666 1786 3734 τὴν
1808 3665 1969 3729 δόξαν

393 3752 583 3823 ἑαυτῷ
640 3752 912 3822 ποιήσειν,
947 3752 997 3803 εί
1023 3752 1122 3819 τῆς
1157 3753 1435 3822 βασιλείας
1464 3755 1693 3816 πολλοὺς
1740 3754 1971 3826 λήψαιτο

397 3864 466 3915 με
479 3846 656 3911 ρίτας,
690 3843 945 3912 καθάπερ
970 3843 1077 3896 τῶν
1103 3843 1409 3912 ἀνθρώπων
1432 3848 1479 3897 οἱ
1502 3845 1831 3915 κρατοῦντες
1857 3850 1973 3910 τοῖς

401 3939 513 3991 ὑπὸ
566 3937 747 4005 χεῖρα,
807 3937 923 3988 κᾶν
974 3935 1153 3989 πάντα
1189 3934 1346 3998 δῶσι,
1381 3937 1489 3987 τῶν
1542 3939 1840 4005 σκήπτρων
1864 3938 1973 3989 οὐδ’

404 4032 548 4096 ὄναρ
577 4028 857 4097 ἀνέχονται
880 4026 1180 4079 κοινωνεῖν.
1211 4027 1283 4078 Οὐ
1315 4027 1425 4096 γὰρ
1455 4026 1527 4087 ὡς
1571 4026 1776 4089 δούλοις
1816 4045 1976 4095 προσ-

403 4122 549 4189 έχει,
576 4118 693 4171 οὐδὲ
734 4119 866 4187 τιμᾷ
889 4117 1089 4170 δούλων
1119 4119 1329 4186 τιμαῖς,
1363 4116 1551 4182 φίλους
1587 4117 1643 4167 δὲ
1674 4116 1976 4185 ήγούμενις

396 4218 498 4267 καὶ
536 4212 732 4281 νόμους
761 4212 943 4273 αὐτοῖς
972 4211 1153 4279 φιλίας
1213 4212 1403 4274 σώζων
1434 4212 1463 4264 ὃ
1490 4229 1552 4278 γε
1585 4212 1696 4275 θεὶς
1726 4212 1782 4278 ἐξ
1806 4214 1976 4282 ἀρχῆς

397 4306 562 4359 κοινὰ
596 4307 663 4357 τὰ
687 4304 816 4356 ὄντα
851 4304 1110 4364 ποιεῖται,
1132 4304 1227 4355 καὶ
1253 4303 1313 4354 οῦ
1342 4302 1499 4355 τοῦτο
1531 4303 1562 4371 ἦ
1587 4305 1763 4356 ἐκεῖνο
1792 4305 1975 4371 μόνον,

397 4384 544 4451 suis
575 4396 671 4465 τήν
708 4395 992 4465 βασιλείαν
1029 4395 1201 4463 αὐτὴν
1240 4394 1372 4446 αὐτὸ
1402 4392 1589 4445 δίδωσι
1615 4394 1675 4445 τὸ
1711 4394 1973 4462 διάδημα·

2067 3221 2202 3285 lum,
2250 3215 2668 3273 innumerabilis
2696 3214 2987 3271 multitudo
3017 3214 3287 3271 luminum
3333 3231 3498 3287 supra
3530 3231 3632 3271 nu-

2067 3313 2185 3375 bes,
2212 3308 2464 3364 homines
2495 3305 2731 3361 sublime
2780 3305 2908 3359 elati
2958 3315 3013 3360 et
3062 3306 3356 3362 volantes?
3401 3308 3634 3363 celebri-

2069 3411 2153 3457 tas
2218 3398 2378 3471 cujus
2443 3397 2650 3452 nullum
2718 3405 2894 3452 exstat
2968 3398 3316 3471 exemplum;
3397 3402 3633 3470 populus

2067 3495 2294 3549 deorum
2332 3491 2681 3546 eircumdans
2720 3489 2928 3555 Deum;
2980 3488 3196 3557 pulchri
3243 3490 3449 3546 circum
3511 3506 3635 3562 spe-

2068 3587 2319 3652 ciosum;
2356 3582 2546 3637 famuli
2575 3582 2784 3638 circum
2816 3580 3132 3648 Dominum,
3166 3597 3275 3637 non
3303 3580 3631 3638 invidentem

2072 3678 2179 3733 illis
2231 3673 2546 3746 splendoris
2601 3672 3066 3737 communionem,
3120 3672 3226 3728 ’nee
3276 3672 3633 3747 arbitrantem

2072 3766 2300 3837 gloriam
2339 3780 2494 3820 suam
2528 3764 2878 3820 imminutum
2916 3763 3005 3828 iri,
3053 3762 3098 3819 si
3131 3763 3335 3820 multos
3366 3766 3514 3836 regni
3548 3766 3634 3820 sui

2074 3857 2252 3912 socios
2282 3856 2535 3925 accipiat,
2583 3855 2730 3925 quod
2782 3855 2990 3910 faciunt
3036 3856 3129 3925 qui
3176 3856 3488 3911 hominibus
3530 3856 3638 3910 im-

2075 3957 2316 4016 petrant;
2361 3948 2452 4016 qui
2485 3946 2769 4015 subjectis,
2811 3962 3121 4016 quanquam
3155 3949 3333 4001 omnia
3363 3948 3633 4011 dederint,

2079 4054 2146 4091 ne
2186 4028 2282 4105 per
2313 4036 2587 4091 somnium
2636 4038 2856 4106 quidem
2899 4037 3096 4105 sceptri
3140 4039 3455 4091 societatem
3510 4054 3640 4092 eou-

2076 4128 2297 4184 cedunt.
2335 4126 2454 4179 Non
2488 4126 2632 4178 enim
2667 4138 2726 4179 ut
2754 4141 2943 4180 servos
2973 4135 3186 4191 tractat,
3227 4142 3325 4181 nec
3354 4143 3637 4182 servorum

2078 4234 2173 4273 eos
2218 4219 2338 4272 loco
2390 4218 2585 4280 habet;
2647 4218 2738 4271 sed
2791 4218 2997 4270 amicus
3030 4232 3343 4280 numerans,
3375 4228 3427 4271 et
3468 4220 3641 4288 ipsius

2079 4309 2341 4364 amicitiae
2360 4309 2531 4379 legem
2569 4307 2673 4362 illis
2706 4323 2954 4373 servans,
3001 4322 3162 4376 quam
3208 4309 3277 4363 ab
3324 4310 3479 4364 initio
3528 4313 3641 4380 ipse

2078 4399 2385 4465 constituit,
2415 4399 2730 4483 communia
2763 4397 2893 4451 facit
2938 4397 3122 4451 omnia
3143 4439 3160 4464 ,
3209 4413 3382 4469 neque
3422 4399 3521 4453 hoc
3551 4410 3640 4454 aut

400 4492 505 4543 xxi.
564 4489 698 4558 πρὸς
729 4488 780 4538 τί
819 4488 926 4556 γάρ
958 4486 1086 4541 ἄλλο
1118 4486 1333 4557 βλέπων
1384 4486 1412 4536 ὁ
1442 4485 1712 4555 μακάριος
1769 4486 1966 4547 Παῦλος

2084 4495 2212 4548 illud
2245 4504 2481 4559 tantum,
2540 4495 2632 4548 sed
2681 4495 2860 4561 ipsum
2910 4507 3135 4560 regnum
3182 4501 3236 4546 rt
3261 4492 3510 4546 diadema
3564 4490 3643 4547 eis

410 4601 429 4631 ι
473 4579 849 4648 κληρονόμους
888 4577 984 4645 μὲν
1015 4573 1174 4637 εἶναι,
1221 4578 1377 4644 φησι,
1415 4574 1571 4638 Θεοῦ,
1605 4575 1973 4645 εσυ-[κληρονό-

408 4688 546 4741 μους
594 4672 648 4722 δὲ
702 4669 957 4736 Χριςτοῦ,
1003 4687 1019 4718 ι
1060 4670 1155 4720 καὶ
1185 4668 1261 4736 τῷ
1294 4668 1514 4737 Χριστῷ
1555 4667 1972 4736 συμὸασιλεύειν

402 4765 535 4824 τοὺς
569 4761 934 4831 μετασχόντας
967 4760 1074 4811 τῶν
1108 4760 1425 4828 ὃυσχερῶν;
1465 4759 1528 4808 Τί
1567 4757 1821 4810 τοσοῦτον
1852 4775 1975 4825 τερ-
2004 4760 2015 4775 ’·

408 4857 568 4917 πνὸν,
593 4852 731 4905 ὥστε
766 4846 899 4919 πρὸς
926 4852 1022 4920 τὴν
1048 4852 1176 4904 θέαν
1206 4853 1423 4919 ἐκείνην
1450 4851 1814 4920 άμιλληθῆναι
1838 4868 1852 4912 ;
1874 4851 1976 4901 Χοι-

411 4948 508 5015 92,;
543 4944 847 5012 μακαρίων.
876 4942 1045 5010 δῆμος
1076 4943 1373 5013 χαιρόντων
1398 4945 1410 4995 l
1444 4944 1550 4995 Καὶ
1579 4943 1607 4992 ὁ
1635 4942 1732 5010 μὲν
1777 4942 1980 5011 ἀστρά-

409 5054 565 5088 πτων
622 5038 700 5097 εἰς
734 5036 829 5104 τὴν
859 5036 963 5101 γῆν
1020 5038 1079 5100 ἐξ
1123 5036 1357 5105 οὐρανοῦ
1411 5036 1731 5091 καταϐαίνει
1757 5076 1772 5099 ,
1822 5036 1894 5103 ’ίῆ
1925 5033 1980 5085 δὲ

414 5127 602 5198 ἡλίους
637 5126 829 5187 ἄλλους
858 5127 1171 5196 ἀντανίσχει
1196 5127 1277 5197 τῷ
1312 5128 1412 5197 τῆς
1440 5125 1789 5195 δικαιοσύνης
1822 5125 1978 5195 ἡλίῳ,

417 5220 518 5269 καὶ
544 5219 721 5269 πάντα
761 5218 922 5286 γέμει
954 5223 1152 5286 φωτός.
1177 5222 1373 5274 Ἔνθεν
1393 5223 1441 5273 οἱ
1474 5221 1672 5292 μελέτῃ
1704 5222 1799 5274 καὶ¹
1817 5237 1979 5273 κακο-

418 5309 627 5378 παθείᾳ
662 5312 751 5361 καὶ
788 5310 970 5371 πόνοις
997 5312 1091 5363 καὶ
1117 5313 1180 5380 τῇ
1228 5312 1336 5365 τῶν
1366 5312 1653 5381 ὁμοφύλων
1684 5311 1983 5383 κηδεμονίᾳ

413 5402 520 5467 τὴν
580 5400 709 5470 περὶ
767 5400 861 5452 τὸν
894 5401 1127 5469 Χριστὸν
1184 5402 1583 5472 ἐπιδειξάμενοι
1645 5401 1980 5472 προθυμίαν,

415 5493 629 5543 ἐκεῖθεν
671 5492 721 5543 οἱ
751 5490 846 5543 καὶ
874 5491 970 5560 τὴν
1021 5492 1237 5562 σφαγὴν
1277 5494 1654 5562 μιμησάμενοι
1684 5495 1784 5562 τὴν
1816 5492 1981 5544 αὑτοῦ

415 5582 517 5633 καὶ
578 5577 714 5654 πρὸς
767 5581 896 5651 ξίφη
957 5583 1054 5636 καὶ
1080 5583 1189 5653 πῦρ
1225 5586 1320 5635 καὶ
1373 5582 1601 5636 θάνατον
1625 5583 1983 5644 ἔκδεδωκότες

2079 4583 2361 4652 pnetnium
2399 4584 2511 4637 dat.
2555 4581 2694 4647 Quid
2729 4582 2873 4635 enim
2906 4579 3051 4635 aliud
3087 4580 3190 4635 sibi
3231 4583 3418 4637 volens
3455 4582 3645 4636 beatus

2080 4673 2283 4727 Paulus
2307 4674 2373 4735 ⁸⁷,
2431 4673 2672 4727 lueretles
2715 4673 2933 4742 quidem
2976 4671 3067 4725 Dei
3108 4688 3229 4726 esse
3268 4671 3420 4735 dicit,
3465 4672 3638 4726 Cohae-

2082 4762 2238 4816 redes
2274 4772 2453 4815 autem
2486 4760 2711 4827 Christi,
2749 4769 2805 4816 et
2838 4775 3067 4830 regnare
3111 4775 3237 4813 eum
3278 4759 3517 4822 Christo.
3553 4762 3641 4828 qui

2083 4868 2206 4907 cum
2238 4867 2302 4906 eo
2333 4853 2517 4921 gravia
2566 4852 2944 4919 pertulerunt?
2986 4850 3123 4915 Quid
3174 4859 3281 4902 tam
3313 4851 3643 4917 jucundum,

2083 4952 2141 4995 ut
2187 4944 2361 5011 possit
2398 4958 2523 4997 cum
2565 4942 2727 5010 hujus
2766 4940 3061 5009 spectaculi
3113 4940 3462 5008 jucundilate
3512 4959 3645 4997 con-

2081 5034 2346 5089 tendere?
2379 5035 2566 5088 Coetus
2590 5046 2672 5089 est
2708 5034 3013 5093 beatorum,
3044 5032 3277 5102 populus
3317 5036 3645 5089 laetantium.

2080 5123 2143 5177 Et
2175 5108 2262 5178 ille
2291 5124 2509 5193 quidem
2542 5138 2840 5177 coruscans
2872 5123 2925 5174 in
2954 5129 3153 5175 terram
3184 5137 3214 5176 e
3246 5125 3385 5178 cmlo
3417 5125 3645 5178 descen-

2081 5218 2197 5280 dit;
2253 5224 2396 5268 terra
2444 5230 2571 5268 vero
2611 5214 2752 5268 soles
2782 5213 2920 5267 alios
2971 5213 3075 5267 soli
3120 5215 3345 5284 justitiae
3398 5217 3640 5271 vicissim

2081 5308 2349 5378 producit.
2404 5318 2457 5360 et
2490 5308 2673 5361 omnia
2720 5307 2927 5360 lumine
2969 5305 3327 5376 complentur.
3360 5305 3517 5369 Hinc,
3551 5308 3643 5375 qui

2080 5397 2488 5459 exercitatione,
2540 5395 2854 5460 aﬂlictione,
2894 5403 2949 5453 et
2993 5396 3295 5461 laboribus,
3344 5407 3401 5452 et
3444 5399 3647 5451 contri-

2083 5490 2287 5543 bulium
2322 5488 2688 5543 sollicitudine
2741 5487 2979 5543 studium
3026 5496 3080 5542 et
3117 5489 3453 5543 alacritatem
3486 5502 3642 5541 suam

2081 5580 2301 5634 Christo
2334 5578 2740 5648 probaverunt;
2778 5579 2905 5661 inde
2934 5579 3028 5648 qui
3084 5579 3405 5633 morientem
3447 5576 3645 5631 imitati

489 5761 536 5794 “
566 5766 725 5819 Rom.
757 5778 875 5826 rm,
900 5761 989 5816 '59.
1064 5763 1110 5794 "
1147 5759 1447 5830 Philipp",
1488 5761 1571 5817 l0.
1646 5760 1693 5793 “
1729 5760 1917 5818 Matth.
1961 5775 2111 5818 xxrv.
2157 5761 2225 5816 ’50
2321 5760 2365 5793 ⁸⁷
2416 5760 2717 5822 Romam,
2757 5759 2845 5811 l7.

675 5859 944 5918 Pnaon.
976 5859 1092 5918 Ca.
1128 5857 1225 5918 CL
1242 5899 1259 5915 .

3176 5844 3253 5906 91

2583 5918 2643 5928 ..ι-
