4196 6308
575 328 674 396 651

1797 327 2105 388 NICOLM
2148 327 2537 390 CABASILE

3706 329 3812 393 652

572 451 773 521 gladio,
827 450 956 519 igni,
1020 450 1179 504 morti
1208 464 1326 505 sese
1375 451 1732 516 tradiderunt,
1786 450 2136 506 cicatricibus

2241 447 2460 512 αὐτοὺς,
2489 448 2587 510 τὰς
2619 446 2779 510 οὐλὰς
2803 448 2883 501 ἐτι
2910 448 3219 513 δεικνύντες
3246 450 3340 503 ἐπὶ
3363 450 3474 504 τῶν
3493 451 3824 521 λαμπόντων

570 542 625 593 ἱιι
666 540 985 609 corporibus
1017 539 1237 605 fulgidis
1283 541 1586 609 conspicui,
1631 548 1685 594 et
1733 540 1977 608 vestigiis
2018 542 2136 592 vul-

570 647 786 693 nerum,
856 641 916 685 ut
967 639 1289 699 tropaeorum
1335 632 1565 699 quadem
1626 630 1978 700 inscriptione
2047 631 2140 683 tri-

570 722 917 798 umphantes,
980 736 1181 775 corona
1261 720 1727 782 fortissimorum,
1819 721 2137 774 vulneribus

568 813 864 868 illustrium
893 853 907 875 ,
956 811 1110 883 juxta
1158 826 1361 882 regem,
1404 812 1520 881 qui,
1568 812 1712 881 quod
1771 814 1990 867 occisus
2033 824 2135 875 εει,

568 906 722 966 vicit,
775 913 829 958 et
887 903 1030 973 quod
1087 902 1288 957 Paulus
1343 901 1440 968 ait,
1510 912 1761 973 «propter
1822 902 2132 974 passionem

566 1001 756 1055 mortis
777 998 876 1066 “,3
910 997 1081 1069 gloria
1116 1004 1170 1050 et
1204 997 1412 1051 honore
1438 1007 1776 1051 coronatum.

638 1090 767 1145 Ba'c
791 1088 1201 1143 commentandi
1223 1096 1541 1157 argumenta
1585 1087 1744 1142 nobis
1770 1090 2135 1151 sumentihus,

563 1194 614 1237 et
639 1180 784 1235 omni
820 1192 1060 1248 tempore
1077 1179 1462 1249 cogitantibus,
1485 1189 1598 1235 tum
1616 1188 1821 1234 natura!
1845 1190 2043 1234 nostrae
2058 1180 2138 1235 di-

564 1264 766 1343 gnitas,
792 1282 906 1326 tum
942 1272 1033 1325 Dei
1053 1271 1358 1342 benignitas
1396 1270 1788 1325 notallet.lloc
1827 1270 2065 1323 maxime
2108 1285 2135 1323 a

561 1366 822 1438 pravitate
840 1378 940 1419 nos
959 1363 1182 1426 arcebit,
1198 1372 1252 1415 et
1267 1363 1309 1417 si
1326 1362 1737 1426 fortelabemur,
1756 1360 1911 1414 facile
1931 1376 2143 1431 repara-

561 1458 661 1511 bit.
698 1457 834 1511 Cum
858 1455 1005 1509 enim
1064 1454 1235 1509 multa
1284 1454 1394 1508 sint
1435 1469 1555 1523 quae
1608 1453 1835 1508 salutem
1894 1462 2135 1508 nostra“;

561 1547 826 1615 impedire
882 1552 1112 1615 queant,
1161 1547 1500 1614 praecipuum
1547 1552 1652 1609 est,
1713 1544 1859 1612 quod
1910 1551 2138 1613 peccato

559 1649 893 1707 quocunque
946 1634 1213 1698 admisso,
1261 1649 1368 1687 non
1402 1633 1547 1687 illico
1590 1634 1654 1687 ad
1688 1633 1853 1687 Deum
1887 1632 2137 1687 conversi

560 1729 775 1783 veniam
813 1726 1153 1796 rogitamus;
1190 1724 1284 1779 sed
1311 1727 2135 1788 erubescentes,etmetuentes,

2244 538 2513 607 σωμάτων
2569 539 2663 591 καὶ
2708 538 3133 608 θριαμϐεύσντες
3181 542 3293 604 τοῖς
3322 541 3433 596 τῶν
3461 541 3690 613 πληγῶν
3723 547 3823 598 τύ-

2241 647 2359 691 ποις
2392 630 2467 692 ὡς
2499 631 2778 700 ἐπιγραφῇ
2811 631 3117 694 τροπαίων,
3153 631 3355 694 κύκλος
3401 634 3673 701 ἀριστέων
3707 635 3821 689 ἀπὸ

2238 723 2570 790 τραυμάτων
2614 722 2920 791 εὐδοκιμῶν
2970 723 3122 788 παρὰ
3180 723 3396 794 βασιλεῖ
3424 726 3503 793 τῷ
3539 728 3818 793 σφαγῆναι

2238 815 2569 883 νενικηκότι,
2603 816 2696 866 καί
2728 815 2754 865 ὃ
2787 831 2920 883 φησι
2944 815 3152 877 Παῦλος
3183 834 3202 867 ι
3231 817 3319 868 διὰ
3345 816 3405 869 τὸ
3455 817 3689 888 πάθημα
3724 820 3818 871 τοῦ

2240 901 2473 957 θανάτου
2502 904 2629 976 δόξῃ
2659 905 2752 956 καὶ
2778 906 2916 974 τιμῇ
2954 906 3418 975 ἐστεφανωμένῳ.
3461 926 3478 957 ι

2307 1087 2494 1142 Ταῦτα
2517 1088 2867 1157 ποιουμένοις
2901 1086 3137 1156 μελέτην
3158 1086 3253 1140 καί
3277 1084 3486 1140 τούτων
3509 1085 3663 1140 οὖσιν
3692 1087 3819 1140 ὅσαι

2238 1173 2381 1249 ὧραι
2403 1180 2509 1233 τῶν
2536 1178 2841 1247 λογισμῶν,
2860 1180 2920 1231 τό
2948 1194 3008 1229 τε
3035 1176 3134 1245 τῆς
3162 1176 3376 1245 φύσεως
3406 1177 3562 1248 ἡμῶν
3600 1177 3820 1246 ἀξίωμα

2239 1271 2515 1341 γνώριμον
2535 1272 2571 1342 ἤ
2609 1288 2665 1323 τε
2690 1269 3072 1340 φιλανθρωπία
3095 1269 3228 1339 δήλη
3252 1269 3452 1338 γένοιτ’
3475 1269 3541 1323 ἂν
3567 1271 3698 1340 ἡμῖν
3721 1270 3817 1322 τοῦ

2239 1363 2399 1415 Θεοῦ.
2457 1362 2628 1415 Τοῦτο
2676 1362 2733 1415 δὲ
2772 1363 3009 1433 μάλιστα
3044 1362 3145 1432 μὲν
3181 1362 3274 1414 ἐπί
3331 1379 3383 1413 τι
3416 1362 3654 1431 πονηρὸν
3691 1362 3820 1415 ἰδεῖν

2237 1458 2530 1523 ούκέάσει,
2564 1458 2830 1517 πεσόντας
2875 1457 2953 1520 δέ,
2987 1458 3034 1510 εί
3066 1457 3333 1524 συμϐαίη,
3370 1457 3696 1526 ἀναλήψαιτ’
3748 1456 3818 1510 ἂν

2241 1548 2458 1619 ῥᾳδίως.
2500 1548 2719 1601 ῐῐολλῶν
2740 1549 2849 1619 γὰρ
2879 1548 3073 1609 ὄντων,
3102 1547 3247 1616 άπερ
3275 1548 3341 1600 ἃν
3376 1550 3512 1617 ἡμῖν
3542 1550 3813 1619 προσταίη

2239 1644 2305 1711 τῇ
2346 1642 2612 1712 σωτηρίᾳ,
2662 1643 2919 1709 μέγιστον
2977 1640 3235 1694 ἁπάντων
3268 1641 3328 1694 τὸ
3359 1641 3817 1710 πλημμελοῦντας
3884 1640 3892 1646 ’

2239 1731 2420 1784 ὁτιοῦν
2456 1734 2529 1802 μὴ
2565 1735 2703 1802 πρὸς
2732 1733 2821 1785 τὸν
2848 1733 2981 1786 Θεὸν
3007 1733 3169 1793 εὐθὺς
3214 1732 3590 1802 ἐπεστράφθαι
3617 1750 3815 1803 παραι·

562 1821 704 1875 viam
731 1820 797 1874 ad
826 1818 979 1873 illum
1012 1816 1295 1870 molestam
1329 1830 1391 1869 ac
1420 1813 1714 1879 difficilem,
1739 1814 2001 1883 illumque
2031 1812 2107 1865 ira

2241 1826 2561 1889 τουμένους,
2609 1824 2725 1878 ἀλλ’
2784 1824 3212 1896 αἰσχυνομένους
3245 1831 3340 1877 καὶ
3384 1824 3697 1890 δεδοικότας
3725 1830 3817 1894 ἐρ-

561 1923 679 1968 tum
712 1911 870 1965 nobis
893 1919 948 1965 et
966 1907 1273 1971 inimicum,
1300 1916 1353 1961 et
1387 1922 1511 1959 eum
1541 1904 1799 1959 accedere
1830 1905 2135 1957 volentibus

564 2000 826 2073 singulari
863 1998 1260 2071 praeparatione
1287 2012 1425 2066 opus
1448 2012 1569 2051 esse
1595 1996 1907 2062 opinamur.
1938 1993 2138 2046 lluma-

563 2098 710 2153 nitas
737 2110 903 2166 porro
928 2093 1023 2148 Dei
1063 2089 1379 2161 hujusmodi
1428 2093 1662 2160 cogitata
1692 2105 1756 2143 ex
1790 2090 1970 2141 anima
2008 2088 2134 2141 fun-

563 2192 714 2246 ditus
738 2187 977 2260 expellit.
1007 2185 1144 2239 Nam
1178 2183 1271 2255 qui
1306 2184 1475 2254 probe
1514 2184 1767 2254 cognovit
1793 2196 1953 2251 quam
1980 2196 2136 2233 man-

563 2289 756 2337 suetus
792 2282 887 2347 sit,
920 2286 974 2331 et
1006 2277 1136 2330 illud
1186 2277 1419 2343 ignorat,
1465 2293 1481 2325 ι
1521 2273 1711 2327 Adhuc
1750 2283 1800 2326 te
1850 2273 2131 2341 loquente,

563 2376 726 2439 dicet,
758 2384 887 2427 ecce
931 2368 1124 2421 adsum
1151 2364 1225 2428 δ’,
1259 2384 1277 2417 ι
1311 2364 1441 2434 quid
1495 2379 1617 2417 eum
1651 2373 1956 2417 remoretur
2000 2363 2133 2431 quin

562 2463 745 2517 statim
792 2469 855 2516 ut
882 2457 1145 2530 peccavit,
1179 2472 1303 2511 eum
1338 2455 1536 2509 adeat?
1561 2452 1685 2508 Haec
1719 2454 1864 2506 enim
1890 2466 2133 2507 commu-

563 2553 649 2609 nis
680 2552 853 2608 bostis
881 2551 1175 2605 adversum
1227 2562 1327 2604 nos
1356 2547 1708 2611 machinatio,
1750 2552 1804 2598 et
1835 2544 1996 2599 dolus
2029 2552 2132 2611 est,

471 2658 482 2665 ‘
562 2644 691 2698 dum
719 2643 785 2697 ad
809 2648 1093 2711 peccatum
1127 2639 1407 2702 sollicitat,
1442 2636 1828 2690 confidentiam
1859 2644 1914 2689 et
1960 2636 2137 2689 auda-

562 2733 701 2788 ciam
730 2730 975 2786 excitare
1011 2746 1025 2783 :
1062 2728 1339 2784 teterrima
1367 2726 1479 2796 jam
1526 2727 1701 2791 ausis,
1731 2726 2131 2795 prolapsisque,

562 2822 821 2893 pudorem
881 2835 944 2875 ac
972 2820 1223 2875 timorem
1281 2816 1578 2872 absurdum
1614 2817 1858 2888 injicere,
1917 2825 1973 2869 ut
2008 2832 2130 2871 cum

560 2916 652 2969 illo
675 2913 839 2969 modo
884 2912 1081 2967 cadere
1114 2910 1323 2975 fecerit,
1358 2911 1785 2978 ltoc,resurgere
1816 2925 1921 2963 non
1954 2911 2130 2975 sinat;

560 3022 658 3062 seu
686 3005 888 3076 potius,
920 3004 1013 3059 illo
1042 3019 1071 3057 a
1110 3002 1218 3058 Deo
1251 3000 1524 3066 adducat;
1559 3000 1660 3053 hoc
1682 2999 1747 3053 ad
1780 3015 1903 3052 eum
1935 3000 2131 3053 reverti

561 3114 669 3152 non
720 3097 1017 3167 permittat,
1049 3109 1217 3165 atque
1261 3096 1333 3149 ita
1369 3094 1469 3149 viis
1529 3093 1823 3148 contrariis
1874 3093 1929 3147 in
1962 3108 2128 3147 unum

560 3191 878 3244 barathrum
909 3186 1212 3259 pertrahat.

628 3370 735 3426 Sed
766 3370 880 3424 lucc
911 3368 1060 3425 omni
1109 3368 1390 3438 diligentia
1442 3367 1683 3422 cavenda
1736 3377 1884 3433 sunt,
1937 3382 2130 3436 nempe

557 3470 683 3515 ante
708 3473 990 3530 peccatum
1021 3457 1267 3522 audacia,
1303 3467 1355 3512 et
1385 3466 1511 3528 post
1539 3465 1817 3525 peccatum
1868 3457 2041 3521 purior
2066 3471 2130 3509 ac

556 3556 743 3615 timor,
784 3552 918 3606 nihil
941 3551 1085 3605 enim
1121 3548 1530 3606 commoditatis
1562 3547 1781 3601 habent.
1820 3548 1933 3599 Non
1985 3548 2127 3600 enim

560 3646 725 3700 timor
747 3646 847 3700 iste
877 3644 1079 3706 calcar,
1112 3644 1205 3697 sed
1237 3650 1426 3710 stupor
1451 3641 1670 3709 quidam
1701 3656 1764 3693 ac
1788 3649 1972 3708 torpor
2015 3640 2131 3692 ani-

559 3740 751 3793 mabus
777 3745 860 3792 est
891 3751 904 3786 :
936 3751 1034 3789 nec
1063 3734 1440 3789 erubescimus
1488 3731 1829 3795 vulneribus,
1859 3742 1918 3784 ut
1970 3734 2125 3784 auxi-

558 3831 625 3883 lia
653 3827 1102 3894 curationemque
1140 3824 1504 3887 inveniamus,
1559 3823 1653 3878 sed
1692 3832 1747 3876 ut
1783 3822 1973 3877 oculos
2003 3820 2126 3877 Sal-

557 3919 759 3976 vator-is
795 3916 1154 3984 effugiemus;
1181 3912 1325 3967 sicut
1349 3911 1520 3965 Adam
1578 3925 1639 3965 se
1666 3909 1970 3975 abscOndit,
1999 3924 2126 3978 pro-

559 4024 677 4086 pter
700 4014 899 4067 vulnus
929 4024 1148 4064 manum
1210 4007 1404 4061 medici
1463 4005 1937 4076 fugiens(propter
1982 4004 2123 4071 quod

559 4110 698 4163 enim
724 4120 966 4176 quaerere
990 4102 1245 4165 debebat,
1275 4116 1344 4155 ne
1377 4109 1657 4169 peccatum
1694 4097 1762 4151 de
1789 4096 1905 4166 ipso
1934 4096 1998 4149 tri
2011 4111 2125 4147 um-

559 4199 789 4265 pharet),
826 4208 1049 4247 umrem
1088 4199 1270 4243 autem
1321 4187 1606 4257 objiciens,
1655 4197 1718 4240 ut
1768 4195 2029 4254 quantum
2070 4185 2124 4238 in

556 4303 674 4357 ipso
707 4297 843 4349 erat,
875 4284 1161 4338 mollitiem
1195 4282 1361 4335 animi
1394 4280 1477 4335 sui
1530 4289 1734 4348 tegeret
1785 4293 1848 4331 ac
1898 4278 2122 4331 velaret.

555 4378 619 4433 Et
647 4379 790 4432 sicut
827 4385 945 4443 post
969 4374 1122 4428 illum
1149 4372 1286 4427 Cain
1338 4387 1590 4439 quarrens
1638 4371 1804 4423 latere
1849 4368 2125 4438 quomodo

2240 1918 2388 1986 γώδη
2425 1919 2547 1972 τινὰ
2609 1918 2855 1987 νομίζειν
2919 1918 3021 1987 τὴν
3067 1918 3147 1976 είς
3189 1918 3394 1970 ἐκεῖνον
3427 1918 3565 1984 όδὸν,
3616 1921 3707 1971 καὶ
3740 1919 3815 1980 ὼς

2236 2011 2470 2079 ὀργίλως
2520 2012 2657 2075 πρὸς
2691 2013 2841 2079 ἡμᾶς
2883 2015 2974 2064 καὶ
2997 2012 3273 2081 δυσχερῶς
3302 2010 3414 2079 ἔχει
3445 2014 3537 2064 καὶ
3572 2012 3812 2078 μεγάλης

2238 2101 2319 2154 δεῖ
2354 2103 2469 2164 τοῖς
2494 2101 2818 2169 προσελθεῖν
2853 2101 3205 2170 βουλομένοις
3231 2103 3591 2170 Παρασκευῆς
3614 2112 3628 2133 δ
3670 2105 3702 2171 ἡ
3755 2105 3812 2155 δὲ

2236 2191 2331 2243 τοῦ
2362 2192 2498 2245 Θεοῦ
2529 2193 2912 2262 φιλανθρωπία
2938 2192 3036 2260 τῆς
3057 2192 3235 2262 ψυχῆς
3268 2194 3587 2247 παντάπασι
3622 2195 3810 2247 τοῦτον

2237 2283 2490 2337 ἐκϐάλλει
2525 2285 2617 2337 τὸν
2655 2284 2936 2354 λογισμόν.
2967 2284 3059 2352 Τῷ
3092 2285 3204 2355 γάρ
3236 2285 3401 2338 εἰδότι
3430 2286 3637 2352 σαφῶς,
3663 2286 3811 2351 am;

2240 2378 2579 2447 ἡμερότητος
2611 2377 2743 2446 ἔχει,
2776 2378 2870 2430 καὶ
2896 2378 2971 2439 ὡς
2998 2378 3082 2430 ἔτι
3142 2397 3159 2428 ι
3200 2377 3489 2440 λαλοῦντος
3515 2380 3653 2447 ἐρεῖ,
3676 2380 3810 2434 Ἰδοὺ

2238 2468 2494 2537 πάρειμι,
2523 2487 2540 2518 ι
2572 2470 2626 2521 τί
2654 2469 2851 2534 γένοιτ’
2889 2471 2957 2521 ἂν
2989 2470 3221 2537 κώλυμα
3259 2471 3391 2540 περί
3418 2471 3526 2523 τῶν
3560 2474 3812 2541 ἡμαρτη-

2241 2560 2418 2627 μένων
2447 2561 2605 2621 εὐθὺς
2631 2560 2780 2630 αὐτῷ
2806 2562 3163 2631 προσελθεῖν;
3192 2562 3363 2617 Τοῦτο
3378 2564 3488 2634 γὰρ
3513 2566 3810 2636 μηχάνημα

2239 2649 2358 2701 καθ’
2390 2650 2545 2719 ἡμῶν
2578 2652 2671 2703 καὶ
2704 2651 2870 2721 τέχνη
2898 2653 2990 2705 τοῦ
3018 2653 3200 2706 κοινοῦ
3231 2654 3515 2725 πολεμίου,
3546 2659 3678 2727 πρὸς
3708 2659 3808 2727 μὲν

2235 2738 2334 2807 τὴν
2374 2741 2653 2809 ἁμαρτίαν
2687 2743 2888 2810 ἄγοντα
2920 2743 3225 2813 θρασύτητι
3257 2748 3354 2797 καὶ
3395 2747 3570 2819 τόλμῃ
3618 2752 3804 2812 κινεῖν,

2235 2832 2538 2899 τολμήσασι
2568 2834 2625 2886 δέ
2656 2834 2724 2886 τά
2772 2833 3060 2887 δεινότατα
3110 2837 3207 2889 καί⁸
3260 2838 3520 2890 πεσοῦσιν
3546 2840 3806 2908 αἰτχύνην

2237 2922 2328 2975 καί
2360 2922 2476 2985 δέος
2497 2924 2699 2977 ἄτοπον
2729 2924 3014 2988 ἐντιθέναι,
3035 2926 3109 2987 ὡς
3130 2926 3196 2979 ἂν
3224 2926 3302 2995 τῷ
3333 2927 3432 2996 μὲν
3450 2932 3801 2995 παρασκευά-

2237 3029 2303 3081 σῃ
2333 3016 2539 3077 πεσεῖν,
2572 3013 2649 3083 τῷ
2696 3014 2740 3067 δ’
2771 3016 3070 3083 ἀναστῆναι
3110 3015 3184 3086 μὴ
3229 3017 3573 3085 συγχωρήσῃ,
3603 3018 3803 3084 μᾶλλον

2234 3104 2290 3156 δέ
2319 3105 2393 3175 τῷ
2429 3105 2529 3175 μὲν
2556 3106 2821 3178 ἀπαγάγῃ
2854 3106 3014 3171 Θεοῦ,
3043 3107 3121 3175 τῷ
3147 3108 3200 3161 δὲ
3226 3107 3358 3174 πρὸς
3388 3108 3548 3160 αὑτὸν
3571 3108 3801 3160 ἐπανελ-

2158 3186 2201 3241 C
2236 3196 2347 3249 θεῖν
2385 3198 2486 3268 ρύκ
2528 3199 2685 3272 ἐάσῃ,
2734 3200 2827 3251 καὶ
2883 3198 3027 3253 οὕτω
3055 3201 3143 3255 διὰ
3184 3201 3291 3253 τῶν
3322 3200 3577 3254 ἐναντίων
3607 3199 3690 3267 ἐφ’
3738 3200 3797 3253 ἓν

2235 3291 2439 3363 ἐλκύσῃ
2471 3292 2767 3363 βάραθρον.

2308 3382 2497 3436 Ταῦτα
2558 3384 2616 3436 δὲ
2671 3384 2821 3455 πάσῃ
2884 3383 3087 3453 σπουδῇ
3138 3382 3504 3449 φυλάττεσθαι
3557 3382 3658 3447 δεῖ,
3706 3384 3804 3436 καὶ

2233 3472 2461 3542 φεύγειν
2515 3474 2722 3541 ὁμοίως
2785 3476 2884 3544 τήν
2933 3494 2992 3529 τε
3051 3476 3157 3545 πρὸ
3216 3478 3314 3544 τῆς
3357 3475 3632 3540 ἁμαρτίας
3682 3476 3805 3527 τόλ-

2235 3584 2342 3636 μαν
2399 3566 2494 3618 καὶ
2547 3566 2647 3636 τὴν
2702 3570 2842 3634 μετὰ
2898 3568 3103 3637 ταύτην
3158 3570 3424 3638 αἰσχύνην
3476 3569 3569 3622 καί
3619 3570 3800 3635 φόιὲον,

2230 3651 2306 3713 ὧν
2371 3657 2523 3710 οὐδὲν
2585 3657 2802 3725 ὄφελος.
2864 3661 2938 3712 Οὐ
2996 3661 3104 3728 γὰρ
3157 3658 3221 3727 δὴ
3284 3659 3512 3727 κέντρον
3576 3651 3727 3718 οὗτος
3773 3659 3802 3709 ό

2234 3748 2423 3819 φόϐος,
2452 3747 2590 3800 ἀλλά
2619 3749 2796 3818 νάρκη
2827 3750 2912 3812 τίς
2937 3753 3052 3803 ἐστι
3080 3751 3199 3810 ταῖς
3222 3749 3445 3819 ψυχαῖς,
3478 3750 3587 3803 οὐδ’
3614 3753 3798 3817 αἰσχυο

2230 3838 2438 3908 νόμεθα
2472 3839 2585 3901 τοῖς
2607 3838 2944 3908 τραύμασιν,
2968 3839 3033 3891 ἵν’
3056 3838 3369 3908 ἐξεύρωμεν
3389 3832 3433 3905 ᾧ
3467 3838 3800 3908 θεραπεύσα-

2229 3948 2352 3999 μεν,
2387 3932 2504 3986 ἀλλ’
2565 3932 2654 3983 ἵνα
2681 3933 2807 3993 τοὺς
2837 3931 2933 3985 τοῦ
2965 3930 3219 4002 Σωτῆρος
3276 3930 3540 4000 φύγωμεν
3592 3932 3797 3997 ὀφθαλ-

2229 4024 2386 4093 μοῦς,
2421 4022 2675 4093 καθάπερ
2703 4022 2878 4094 Ἀδὰμ
2898 4022 3131 4093 ἐκρύϐη,
3153 4021 3242 4076 διὰ
3258 4023 3319 4075 τὸ
3342 4023 3564 4092 τραῦμα
3584 4023 3681 4091 τὴν
3701 4023 3795 4076 τοῦ

2233 4114 2419 4184 ίατροῦ
2464 4117 2621 4185 χεῖρα
2675 4114 2917 4184 φεύγων,
2966 4115 3105 4183 ὑπὲρ
3132 4109 3193 4170 οὗ
3226 4115 3411 4186 ζητεῖν
3451 4113 3585 4179 ἔδει,
3612 4112 3691 4181 τῷ
3721 4115 3795 4182 μὴ

2229 4204 2350 4259 κατ’
2384 4204 2546 4267 αὐτὸς
2570 4204 2736 4258 αὑτοῦ
2770 4205 3141 4274 θριαμϐεῦσαι
3169 4205 3268 4276 τὴν
3315 4206 3616 4276 ἁμαρτίαν,
3661 4204 3793 4257 ἀλλά

2225 4295 2326 4365 τὴν
2346 4296 2583 4363 γυναῖκα
2606 4296 3000 4366 προϊσχόμενος
3027 4296 3124 4366 τὴν
3147 4298 3245 4367 τῆς
3269 4295 3495 4365 γνώμης
3510 4295 3793 4351 ἀσθένειαν

2231 4385 2574 4456 συγκαλύψαι
2604 4388 2662 4439 τό
2695 4386 2745 4454 γ’
2780 4387 2866 4441 ἐπ’
2899 4387 3047 4457 αὐτῷ
3069 4404 3082 4419 ο
3118 4388 3213 4440 καὶ
3267 4386 3407 4442 Κάῖν
3438 4386 3558 4455 μετ’
3585 4388 3793 4438 ἐκεῖνον

551 4485 612 4525 se
641 4484 803 4537 posse
827 4468 996 4520 latere
1022 4464 1249 4533 putabat
1269 4478 1393 4517 eum
1424 4463 1579 4529 cujus
1598 4461 1770 4515 oculis
1796 4467 1978 4528 patent
2004 4475 2125 4514 om-

2233 4476 2508 4531 λανθάνειν
2522 4476 2725 4548 ζητῶν,
2743 4472 2823 4542 οἷς
2840 4477 2993 4549 onor;
3019 4477 3316 4548 δυνηθῆναι
3332 4478 3535 4541 λαθεῖν,
3552 4470 3594 4543 ᾧ
3619 4478 3789 4529 παντα

553 4560 664 4613 nia.
699 4555 970 4612 Conducit
1028 4552 1173 4605 enim
1224 4561 1274 4606 et
1330 4550 1540 4615 timere,
1576 4558 1628 4603 et
1674 4549 2015 4610 erubescere,
2070 4556 2125 4602 et

2237 4569 2344 4639 πρὸ
2372 4569 2480 4622 τῶν
2506 4546 2823 4639 ὀφθαλμῶν.
2856 4546 3016 4622 Ἔστι
3041 4546 3152 4638 γὰρ
3182 4569 3477 4629 λυσιτελῶς
3499 4585 3568 4620 κα
3612 4568 3787 4619 δεῖσαι

555 4648 823 4705 macerari
888 4645 1089 4708 animo,
1147 4653 1202 4697 et
1267 4657 1466 4709 corpus
1498 4641 1835 4706 submittere,
1860 4656 1981 4695 cum
2005 4641 2121 4695 hzec

553 4743 617 4797 ad
650 4740 819 4795 Deum
851 4753 952 4793 nos
979 4735 1234 4806 expedire
1265 4734 1558 4803 potuerint.
1596 4753 1613 4784 ι
1647 4735 1688 4787 Α
1717 4732 1980 4787 fructibus
2028 4749 2122 4787 co-

556 4849 697 4898 rum,
719 4825 1272 4901 inquit,cognoscetis
1287 4841 1384 4879 eos
1401 4826 1447 4857 ⁵ο
1485 4844 1503 4877 ι
1526 4822 1591 4878 Ει
1606 4826 1859 4894 quoniam
1881 4839 1987 4877 non
2005 4840 2119 4876 mo-

552 4925 621 4980 do
644 4924 825 4994 pudor
858 4937 921 4975 ac.
949 4922 1133 4986 timor,
1164 4919 1255 4973 sed
1284 4918 1464 4988 gravis
1498 4920 1624 4972 item
1675 4916 1893 4970 tristitia
1926 4929 2119 4984 pecca-

554 5028 668 5070 tum
697 5014 918 5083 excipit,
949 5014 1113 5065 etiam
1165 5011 1278 5064 haec
1324 5009 1412 5063 Dei
1467 5009 1860 5064 humanitatem
1915 5008 2118 5073 optime

547 5103 1004 5173 cognoscentibus
1032 5102 1163 5156 nihil
1193 5100 1458 5155 nocuerit.
1493 5098 1625 5153 Nam
1658 5097 1760 5151 etsi
1782 5095 2114 5151 scelestissi-

548 5210 765 5249 morum
816 5176 1121 5247 facinorum
1162 5192 1265 5247 sibi
1323 5190 1432 5246 sint
1481 5190 1711 5250 conscii,
1746 5204 1855 5244 non
1910 5191 2115 5245 idcirco

546 5302 696 5354 spem
751 5285 941 5337 venia
970 5282 1284 5358 proﬁcient.
1320 5281 1558 5335 scientes
1592 5277 1722 5331 nihil
1781 5277 1921 5333 adeo
1974 5278 2113 5333 indi-

546 5389 710 5445 gnum
742 5387 865 5428 esse
892 5370 1067 5431 venia.
1106 5380 1165 5423 ut
1187 5368 1280 5424 Dei
1310 5369 1653 5425 clementiam
1690 5368 1889 5421 vincat.
1921 5367 2117 5422 TriSti—

547 5467 617 5519 tia
644 5473 823 5519 autent
857 5460 1160 5515 iniciantur
1193 5460 1439 5522 salutari,
1468 5471 1520 5514 et
1568 5459 1856 5521 curabunt,
1908 5464 1963 5511 ut
1991 5474 2108 5513 eam

543 5557 909 5628 ampliticeut;
954 5551 1102 5606 illam
1153 5552 1381 5605 alteram
1413 5552 1583 5606 bonas
1625 5565 1747 5620 spes
1777 5548 2111 5604 labefactan-

540 5656 647 5701 tem
672 5647 963 5717 fugabuut.

609 5849 850 5907 ornem.
893 5868 953 5920 ιι⁹
996 5853 1053 5910 9,
1126 5853 1171 5886 ι’
1217 5849 1324 5905 lsa.
1369 5861 1517 5914 Lvm,
1548 5847 1603 5904 9.
1677 5847 1721 5882 "
1764 5847 1948 5903 Matth.
1995 5864 2088 5914 vn,
2127 5851 2211 5909 l6.

2224 4658 2319 4712 καὶ
2345 4658 2705 4728 αἰσχυνθῆναι
2729 4660 2825 4712 καὶ
2848 4659 3027 4729 ψυχὴν
3053 4658 3214 4728 τῆξαι
3239 4660 3334 4712 καὶ
3356 4659 3515 4728 σῶμα
3541 4674 3792 4722 κατενεγ-

2224 4745 2362 4806 κεῖν,
2387 4745 2515 4797 ὅταν
2534 4745 2669 4813 πρὸς
2690 4744 2781 4798 τὸν
2798 4746 2933 4798 Θεὸν
2948 4746 3117 4800 ταῦτα
3139 4748 3360 4817 δύνηται
3384 4748 3592 4817 φέρειν.
3620 4767 3636 4795 ι
3661 4747 3715 4799 Ἀ
3726 4749 3793 4798 πδ

2222 4831 2332 4901 γὰρ
2360 4832 2467 4884 τῶν
2499 4833 2726 4901 καρπῶν
2778 4834 2978 4897 αὑτῶν,
3041 4836 3228 4901 φησὶν,
3284 4835 3654 4902 ἐπιγνώσεσθε
3692 4836 3794 4886 αῦ-

2221 4923 2380 4984 τούς·
2426 4940 2445 4973 ι
2478 4923 2600 4976 ἐπεὶ
2644 4922 2689 4975 δ’
2734 4924 2833 4994 οὐχ
2873 4925 3001 4977 ὅσον
3054 4926 3286 4995 αἰσχύνη
3322 4926 3417 4979 καὶ
3464 4925 3606 4988 δέος,
3657 4925 3791 4977 ἀλλὰ

2226 5011 2421 5081 βαρεῖά
2447 5030 2529 5075 τις
2550 5012 2676 5067 ἀνία
2701 5014 2799 5083 τὴν
2832 5016 3108 5085 ἁμαρτίαν
3138 5017 3444 5085 ἐκδέχεται,
3473 5017 3565 5070 καὶ
3589 5016 3791 5084 ταύτης

2221 5101 2444 5172 οὐδεμία
2467 5102 2661 5169 γένοιτ’
2691 5103 2757 5157 ἂν
2788 5104 2962 5177 βλάϐη
2986 5109 3100 5170 τοῖς
3123 5107 3375 5178 ἀκριϐῶς
3406 5108 3505 5178 τὴν
3534 5107 3628 5159 τοῦ
3656 5106 3789 5159 Θεοῦ

2221 5193 2637 5263 φιλανθρωπίαν
2659 5197 3072 5270 ἐπισταμένοις.
3094 5199 3213 5255 Κᾶν
3240 5202 3348 5269 γὰρ
3371 5201 3436 5255 τὰ
3460 5203 3665 5271 ἔσχατα
3686 5199 3789 5252 τῶν

2219 5284 2405 5339 κακῶν
2424 5287 2610 5351 αὐτοῖς
2635 5290 2977 5357 συνειδῶσιν,
3008 5293 3111 5347 οὐκ
3136 5293 3201 5346 ἂν
3227 5293 3482 5362 πρόοιντο
3518 5293 3619 5355 τὰς
3637 5293 3785 5346 ἐ).πί-

2220 5375 2314 5438 δας
2336 5394 2350 5408 ⁸
2377 5377 2614 5431 εἴσονται
2649 5378 2705 5433 δέ
2745 5381 2913 5450 μηδὲν
2943 5382 3087 5436 οὕτω
3139 5382 3325 5452 μεῖζον
3350 5378 3493 5435 εἰναι
3544 5381 3790 5449 συγγνώ-

2224 5484 2349 5535 μης,
2412 5470 2554 5523 ὥστε
2606 5473 2706 5541 τῆς
2759 5474 2854 5527 τοῦ
2884 5475 3019 5528 Θεοῦ
3066 5474 3343 5546 κρατῆσαι
3393 5476 3783 5545 χρηστότητ’μς,

2219 5558 2395 5627 λύπην
2424 5561 2481 5614 δὲ
2532 5567 2629 5631 τὴν
2662 5566 2762 5633 μὲν
2797 5566 3009 5619 οἴσουσι
3064 5567 3161 5633 τὴν
3197 5569 3465 5635 σωτήριον
3499 5567 3592 5619 καὶ
3624 5566 3787 5633 ζητή-

2222 5663 2424 5713 σουσιν,
2459 5646 2540 5714 οἷς
2576 5655 2746 5721 μείζω
2800 5658 3116 5725 ποιήσουσι,
3165 5657 3262 5726 τὴν
3312 5658 3506 5726 ἑτέραν
3533 5657 3587 5709 δὲ
3620 5655 3784 5707 ἐκϐα-

2217 5738 2365 5792 λοῦσι
2393 5744 2515 5805 ταῖς
2545 5743 2773 5811 ἀγαθαῖς
2799 5747 2983 5802 ἐλπίσι
3016 5748 3444 5818 λυμαινομένην.
