4134 6314
366 338 474 403 653

1411 337 1509 402 DE
1551 343 1723 403 VlTA
1765 341 1843 404 lN
1884 343 2219 403 CHRISTO
2258 343 2402 404 LIB.
2460 339 2556 405 VI-

3498 343 3605 409 δδι

433 448 541 504 Τοῦ
594 449 690 522 μὲν
743 447 837 511 οὖν
870 452 1051 522 διττὴν
1086 447 1226 506 εἶναι
1259 454 1357 523 τὴν
1397 455 1487 507 ἐπὶ
1532 457 1645 517 τοῖς
1681 457 1926 524 ἁμαρτή-

2104 456 2389 510 Geminam
2416 458 2597 526 itaque
2631 470 2795 522 super
2821 465 3046 525 peccato
3085 464 3398 525 perpetrato
3432 463 3609 513 tristi-

369 561 503 616 μασι
534 545 736 614 λύπην,
791 546 881 597 καὶ
912 544 1008 612 τὴν
1062 545 1163 613 μὲν
1217 545 1576 618 ἐπανορθοῦν,
1612 548 1710 615 τὴν
1739 547 1792 600 δὲ
1823 550 1935 609 τοῖς

365 635 712 705 ἀνεχομένοις
740 634 958 707 ὄλεθρον
988 634 1161 704 ἔχειν,
1206 637 1487 707 μάρτυρες
1523 640 1714 707 σαφεῖς
1742 638 1936 691 ἑκατέ-

368 744 499 796 ρων,
520 725 615 779 τοῦ
645 725 749 794 μὲύ
774 711 979 795 Πέτρος
1007 727 1035 781 ὁ
1068 725 1621 798 μακάριος,·θατέρου
1655 728 1710 781 δὲ
1735 728 1933 790 Ἰούδας

364 823 391 869 δ
424 818 651 887 μιαρός*
681 809 755 870 ὧν
782 817 861 884 τῷ
893 816 992 883 μὲν
1034 817 1267 877 διέσωσε
1318 817 1417 889 τὴν
1446 818 1675 889 γνώμην
1725 821 1757 887 ἡ
1787 820 1933 888 λύπη

366 909 461 961 καὶ
526 906 601 977 τῷ
648 907 869 978 Χριστῷ
909 910 1165 976 συνέστη,
1226 909 1471 973 κλαύσας
1524 911 1739 981 πικρῶς
1781 912 1932 964 οὐδὲν

362 994 573 1070 ἦττονῆ
604 998 731 1069 πρὶν
748 1001 828 1063 είς
852 998 1019 1052 αὐτὸν
1041 998 1393 1069 ἐξαμαρτεῖν,
1415 1001 1506 1057 τὸν
1526 1002 1580 1054 δὲ
1610 1002 1703 1054 ἐπὶ
1736 1002 1933 1072 βρόχον

360 1093 534 1161 ἤγαγε
561 1093 650 1143 τὸν
692 1088 921 1143 Ἰούδαν,
955 1089 1067 1142 Καὶ
1089 1090 1299 1156 ἀπῆλθε
1343 1089 1519 1160 δεσμὰ
1553 1092 1733 1161 φέρων
1758 1093 1817 1144 έν
1858 1092 1933 1162 τῷ

358 1181 537 1252 καιρῷ
562 1185 664 1252 τῆς
685 1182 874 1249 κοινῆς
897 1180 1236 1250 ἐλευθερίας,
1267 1182 1357 1233 ὅτε
1388 1181 1450 1234 τὸ
1480 1180 1781 1251 καθάρσιον
1833 1183 1929 1236 τοῦ

359 1274 569 1341 κόσμου
626 1270 830 1333 παντὸς
893 1272 1091 1341 ἐχεῖτο,
1136 1271 1234 1339 τὴν
1288 1268 1484 1324 ἑαυτοῦ
1513 1271 1783 1342 κάθαρσιν
1812 1272 1931 1335 ἑνὸς

357 1364 551 1435 ἀνδρὸς
601 1363 895 1431 ἀπογνούς.
942 1362 1034 1425 Ὠς
1066 1362 1130 1414 ἂν
1181 1363 1237 1415 δὲ
1288 1361 1578 1433 πόρρωθεν
1606 1363 1805 1426 εἰδότες
1831 1364 1931 1434 τὴν

361 1456 459 1525 μὲν
489 1454 875 1525 εἰσδεχώμεθα,
900 1454 999 1525 τὴν
1028 1454 1082 1505 δὲ
1109 1453 1424 1523 φεύγωμεν,
1452 1455 1561 1507 τῶν
1587 1455 1777 1510 παθῶν
1803 1457 1931 1510 ἐκα-

357 1549 520 1617 τέρου
557 1546 873 1615 προσθεῖναι
896 1546 977 1598 δεῖ
1000 1548 1099 1616 τὴν
1129 1545 1420 1615 διαφορὰν,
1443 1547 1538 1601 καὶ
1561 1539 1604 1614 ᾧ
1632 1548 1693 1599 τδ
1728 1548 1828 1617 μὲν
1865 1547 1928 1599 εὗ

359 1642 533 1692 ποιεῖν
561 1641 709 1708 ἡμᾶς
732 1638 865 1707 ἔχει,
897 1638 957 1690 τὸ
1002 1638 1057 1689 δὲ
1091 1638 1297 1691 κακῶς.
1364 1637 1518 1691 Ἐπεὶ
1548 1639 1655 1708 γάρ
1675 1638 1928 1707 ἁμαρτὰς-

359 1746 541 1792 vov‘ce;
566 1727 642 1799 τῷ
668 1745 727 1781 τε
745 1727 861 1798 Θεῷ
885 1730 980 1780 καὶ
1008 1729 1141 1796 ἡμῖν
1164 1728 1351 1790 αὐτοῖς
1371 1726 1636 1797 γινόμεθα
1669 1729 1924 1797 πονηροὶ,

2036 549 2170 603 tiam
2202 557 2255 603 et
2275 548 2520 603 dolorem
2546 562 2688 617 esse,
2736 557 2788 602 et
2814 547 3045 601 alteram
3073 547 3140 602 ad
3169 548 3607 604 emendationem

2037 640 2335 709 pertinere,
2369 639 2598 693 alteram
2626 654 2688 693 ea
2714 638 2926 694 affectis
2954 639 3186 694 exitium
3219 653 3412 707 parere
3445 652 3611 696 testes

2036 732 2300 789 luculenti
2327 741 2494 796 sunt;
2531 731 2731 798 prioris
2764 731 3026 786 nimirum
3062 730 3123 785 Β.
3174 731 3393 793 Petrus.
3420 742 3607 799 poste-

2038 824 2201 879 rioris
2230 823 2498 883 nefandus
2520 821 2711 887 ludas,
2739 838 2976 892 quorum
3006 823 3083 879 illi
3125 823 3323 878 bonam
3354 824 3609 879 volunta-

2035 925 2144 973 tem
2190 917 2506 972 mmstitudo
2529 916 2788 982 servavit,
2818 915 3148 985 Christoque
3186 930 3391 970 amarae
3438 917 3612 988 lacry-

2036 1024 2138 1064 mae
2180 1024 2335 1078 aeque
2383 1009 2823 1064 commendatum
2855 1015 2909 1061 et
2947 1008 3174 1061 charum
3226 1010 3605 1073 reddiderunt,

2033 1113 2197 1170 atque
2222 1109 2348 1155 ante
2396 1100 2743 1168 negationem
2781 1097 3000 1164 iuerat;
3046 1098 3194 1155 hunc
3243 1100 3309 1154 ad
3352 1100 3608 1170 laqueum

2032 1192 2235 1259 adegit,
2278 1203 2332 1246 et
2383 1193 2516 1248 abiit
2547 1192 2763 1245 vincula
2794 1199 3039 1261 portans,
3081 1192 3302 1261 quando
3350 1192 3609 1246 omnibus

2034 1285 2252 1339 libertas
2277 1285 2691 1345 conciliabatur,
2716 1299 2814 1338 sna
2841 1284 3007 1339 unius
3029 1284 3268 1339 hominis
3294 1284 3610 1353 expiatione

2033 1379 2339 1444 desperata,
2366 1378 2588 1447 quando
2619 1379 2763 1446 quod
2788 1377 3055 1431 mundum
3083 1376 3403 1431 universum
3425 1377 3611 1446 expia-

2032 1477 2137 1530 ret,
2167 1468 2564 1523 eil'undebatur.
2621 1466 2889 1521 Ceterum
2930 1475 2988 1520 ut
3041 1466 3219 1520 multo
3280 1477 3406 1521 ante
3453 1468 3606 1536 gnari

2033 1558 2181 1613 illam
2215 1558 2590 1620 admittamus,
2630 1559 2771 1611 hanc
2793 1556 3093 1625 fugiamus,
3123 1555 3413 1624 utriusque
3481 1573 3607 1623 per-

2034 1649 2362 1703 turbationis
2423 1647 2721 1703 discrimen
2752 1647 3162 1702 consideremus
3193 1662 3208 1700 :
3263 1646 3432 1703 altera
3457 1649 3603 1701 enim

2032 1739 2138 1794 hoc
2169 1739 2354 1804 habet,
2383 1749 2443 1792 ut
2494 1737 2655 1795 nobis
2702 1738 2861 1800 bene,
2906 1737 3103 1804 altera,
3150 1745 3211 1792 ut
3240 1737 3379 1792 male
3419 1736 3607 1794 faciat.

359 1823 417 1874 τδ
451 1822 549 1889 μὲν
601 1818 739 1890 ὑπὲρ
803 1821 902 1887 τῆς
930 1820 1010 1881 εἰς
1062 1819 1154 1871 τὸν
1191 1818 1472 1886 Δεσπότην
1528 1818 1924 1890 ἀγνωμοσύνης

2031 1830 2298 1896 Quoniam
2327 1830 2472 1885 enim
2500 1829 2720 1900 quoties
2757 1843 3074 1896 peccamus,
3108 1838 3162 1883 et
3191 1828 3321 1893 Deo,
3360 1838 3414 1882 et
3444 1830 3604 1885 nobis

358 1911 543 1978 ἀλγεῖν
570 1908 692 1963 οὔτε
730 1908 925 1980 βλάϐος
949 1909 1105 1962 οὐδὲν
1132 1908 1295 1969 οἴσει.
1334 1909 1429 1962 καὶ
1461 1908 1698 1977 μάλιστα
1723 1907 1922 1976 γένοιτ’

355 2005 423 2060 ἂν
448 2006 579 2074 ἡμῖν
604 2004 662 2057 ἐν
695 2002 896 2073 καιρῷ,
931 2005 991 2054 τό
1014 2018 1077 2068 γε
1110 2004 1219 2072 μὴν
1241 2004 1370 2071 περὶ
1392 2003 1555 2070 ήμῶν
1589 2004 1771 2057 αὐτῶν
1793 2002 1923 2055 θαυ-

358 2098 569 2168 μαστάς
594 2113 749 2159 τινας
766 2096 980 2164 ψήφους
1014 2092 1407 2161 ὑποθεμένους,
1438 2094 1610 2147 ἔπειτ’
1640 2094 1925 2165 ἐξεληλεγ-

356 2192 523 2260 μένας
556 2189 815 2260 ὁρῶντες,
854 2186 921 2238 δι’
972 2180 1047 2239 ὧν
1081 2184 1193 2239 τῶν
1241 2184 1470 2239 δεόντων
1502 2186 1926 2255 ἡμαρτήκαμεν,

353 2280 607 2335 ἀνιᾶσθαι
643 2281 736 2333 καὶ
767 2277 1071 2333 κόπτεσθαι
1126 2278 1224 2330 καὶ
1254 2277 1442 2349 πικρῷ
1490 2294 1600 2331 τινι
1636 2279 1929 2348 μεταμέλῳ

352 2372 450 2441 τὴν
483 2369 716 2439 καρδίαν
746 2369 980 2434 πιέζειν,
1018 2369 1094 2432 ὡς
1122 2369 1221 2421 οὐκ
1254 2367 1314 2422 ὃν
1364 2368 1558 2438 βιωτὸν
1588 2368 1927 2436 τηλικούτοις

355 2464 544 2525 κακοῖς
573 2462 800 2515 τοιοῖσδε
848 2461 1239 2530 περιπεσοῦσι.
1294 2459 1516 2530 Ταύτην
1543 2460 1599 2513 δὲ
1626 2458 1726 2529 τὴν
1749 2459 1928 2527 λύπην

353 2551 761 2622 ἀποτρέπεσθαι
786 2552 867 2604 δεῖ
898 2552 1132 2605 θανάτου
1193 2551 1410 2621 μητέρα
1450 2551 1706 2621 φανερῶς
1756 2547 1927 2603 οὖσαν

354 2649 450 2700 καὶ
469 2647 531 2701 τὸ
561 2645 763 2699 πολλοῦ
791 2661 937 2707 τινος
968 2644 1114 2713 ἡμᾶς
1145 2642 1342 2703 αὐτοὺς
1374 2641 1585 2706 ἀξιοῦν,
1604 2641 1703 2710 τὴν
1729 2642 1928 2708 ἑτέραν

352 2740 408 2792 δὲ
430 2740 492 2792 τὸ
524 2737 656 2808 περὶ
682 2736 774 2789 τὸν
812 2736 1091 2801 Δεσπότην
1122 2732 1331 2802 ἐγείρει
1363 2732 1589 2802 φίλτρον
1617 2733 1711 2785 καὶ
1740 2734 1801 2784 τὸ
1830 2749 1926 2784 σα-

357 2828 472 2897 φῶς
508 2829 707 2881 εἰδέναι
729 2825 820 2879 τὸν
850 2824 1169 2894 εὐεργέτην,
1211 2824 1305 2876 καὶ
1354 2816 1429 2877 ὧν
1462 2821 1759 2889 ὀφείλεται,
1794 2817 1931 2874 πάν-

2028 1923 2164 1991 ipsis
2190 1938 2428 1992 nequam
2452 1938 2670 1986 sumus,
2706 1922 2774 1977 de
2806 1921 3020 1977 oﬂ‘ensa
3039 1922 3099 1975 in
3129 1920 3417 1975 Dominum
3450 1922 3604 1975 dolo-

2031 2028 2144 2067 rem
2177 2027 2393 2083 capcrc,
2429 2028 2529 2067 nec
2560 2014 2732 2069 ullum
2760 2013 3145 2069 detrimentum
3175 2012 3393 2078 aﬂ'eret,
3423 2021 3479 2068 et
3509 2027 3606 2083 per

2026 2118 2193 2171 quam
2221 2112 2589 2173 opportunum
2625 2101 2811 2157 fuerit.
2858 2101 2932 2157 De
2956 2102 3114 2157 nobis
3142 2117 3269 2157 vero
3298 2103 3434 2172 ipsis
3474 2116 3599 2157 cum

2031 2193 2196 2247 nimis
2233 2192 2471 2262 gloriosa
2503 2191 2767 2262 suffragia
2798 2192 3113 2250 tulerimus.
3136 2192 3329 2249 deinde
3352 2208 3420 2250 ea
3453 2192 3603 2248 relu-

2030 2290 2141 2336 tata
2176 2281 2495 2344 viderimus,
2521 2283 2651 2349 quia
2679 2294 2800 2347 qua:
2816 2278 2902 2335 las
2933 2295 3039 2334 non
3071 2290 3189 2335 erat
3215 2282 3502 2350 consequi,
3536 2282 3601 2335 iis

2030 2371 2423 2434 exciderimus,
2458 2370 2581 2425 ideo
2603 2370 2940 2436 contristari,
2969 2380 3025 2426 et
3052 2372 3330 2441 plangere,
3358 2380 3413 2426 et
3447 2388 3603 2426 acer-

2033 2460 2098 2514 ba
2138 2459 2478 2529 paenitudine
2509 2459 2563 2515 in
2597 2459 2851 2517 medullis
2876 2460 3134 2524 cruciari,
3166 2461 3323 2528 quasi
3352 2461 3466 2529 jam
3492 2461 3602 2515 vita

2031 2552 2209 2607 vitalis
2241 2566 2352 2605 non
2387 2551 2480 2616 sit,
2522 2551 2783 2620 quoniam
2818 2552 2871 2606 in
2904 2552 3032 2608 talis
3054 2553 3197 2607 mala
3227 2553 3603 2617 inciderimus,

2031 2645 2172 2699 hanc
2200 2643 2501 2706 tristitiam,
2536 2653 2595 2697 ut
2626 2644 2818 2701 mortis
2845 2653 3076 2699 matrem
3106 2643 3252 2699 haud
3278 2644 3525 2711 dubiam,
3546 2659 3605 2698 et

2030 2739 2098 2793 ad
2130 2737 2340 2793 inferos
2366 2738 2658 2793 ducentem
2706 2738 2947 2793 aversari
2968 2752 3037 2793 ac
3071 2737 3335 2807 repellere
3363 2748 3599 2806 oportet.

2030 2829 2196 2885 istam
2244 2828 2444 2899 quippe
2489 2827 2826 2897 arrogantia,
2852 2837 2906 2883 et
2939 2828 3082 2897 quod
3114 2838 3335 2884 nosmet
3389 2831 3604 2901 magnis

357 2938 449 2982 τες
505 2918 655 2987 αὐτῷ
724 2915 1100 2978 καταστάντες
1145 2913 1260 2969 οὔτ’
1300 2915 1628 2983 εἰσφέρομεν
1652 2912 1806 2967 οὐδὲν
1833 2914 1925 2967 καὶ

2031 2921 2360 2990 quibusdam
2400 2922 2569 2976 rebus
2592 2921 2790 2992 dignos
2810 2922 3212 2986 existimamus,
3261 2921 3598 2991 superiorem

356 3008 492 3076 πρός
523 3024 585 3076 γε
618 3007 809 3067 κακοῖς
844 3002 1217 3075 ἀμειδόμεθα.
1277 3002 1545 3073 Καθάπερ
1574 3002 1755 3056 τοίνυν
1787 3004 1923 3058 ἀλα-

2031 3027 2186 3069 amor
2222 3011 2518 3081 singularis
2546 3026 2679 3080 erga
2731 3010 3021 3067 Dominum
3050 3013 3276 3076 excitat,
3301 3021 3353 3066 et
3376 3012 3602 3067 evidens

353 3099 533 3161 ζονείιι
563 3097 823 3168 πονηρὸν,
853 3094 1000 3150 οὕτω
1030 3096 1125 3149 καὶ
1144 3095 1205 3148 τὸ
1231 3096 1319 3149 διὰ
1346 3095 1554 3164 ταύτην
1583 3097 1699 3153 ταῖς
1723 3096 1924 3168 ψυχαῖς

2031 3102 2290 3173 cognitio,
2336 3113 2540 3170 quanta
2591 3103 2661 3157 ab
2689 3117 2755 3158 eo
2789 3102 3051 3157 beneﬁcia
3103 3103 3499 3171 acceperimus.
3547 3115 3603 3157 et

352 3192 636 3258 γινόμενον
696 3190 859 3257 ἄλγος
910 3189 1005 3243 καὶ
1040 3184 1253 3258 αὖθιςῆ
1290 3204 1350 3240 τε
1383 3189 1513 3257 περὶ
1556 3187 1649 3240 τὸν
1694 3189 1926 3259 Χριστδν

2034 3205 2199 3258 quam
2229 3190 2414 3246 multis
2448 3190 2762 3248 nominibus
2793 3204 2918 3246 cum
2979 3189 3053 3244 illi
3103 3191 3353 3247 obstricti
3403 3194 3599 3258 simus,

350 3282 543 3351 ἀγάπη
570 3280 680 3333 τῶν
711 3280 956 3352 ισχάτως
982 3281 1205 3332 ἔπαινον
1213 3280 1412 3348 μένων,
1436 3277 1533 3332 τοῦ
1562 3296 1620 3331 τε
1649 3281 1760 3341 τοῖς
1780 3279 1926 3335 ἐκεῖ·

2039 3294 2142 3339 uec
2203 3296 2371 3333 unum
2409 3290 2586 3337 tamen
2640 3278 3038 3347 persolramus,
3070 3282 3164 3335 sed
3194 3282 3417 3351 insuper
3446 3283 3602 3337 malis

352 3372 447 3426 θεν
481 3373 659 3442 βέλεσι
688 3372 1079 3441 κεντουμένους
1096 3370 1386 3424 ὀδυνᾶσθαι
1417 3373 1509 3423 καὶ
1540 3371 1801 3441 τήκεσθαι
1829 3372 1926 3443 τὴν

2031 3372 2175 3425 bona
2235 3386 2684 3440 compensemus.
2746 3369 3216 3434 Quemadmodum
3253 3373 3419 3442 igitur
3448 3389 3595 3427 arro-

350 3462 549 3533 ψυχὴν,
590 3462 1007 3534 μακαριώτερον
1030 3462 1145 3523 τοῖς
1178 3459 1239 3513 εὖ
1272 3459 1563 3530 φρονοῦσιν
1588 3460 1758 3513 οὐδέν.

2031 3461 2214 3530 gantia
2249 3461 2454 3515 crimen
2487 3469 2591 3523 est,
2627 3461 2699 3514 ita
2727 3470 2779 3517 et
2809 3461 2965 3517 dolor
2985 3461 3105 3529 ejus
3127 3477 3291 3517 causa
3322 3465 3391 3517 ab
3417 3465 3601 3518 anima

358 3570 675 3630 susceptus,
703 3559 920 3613 crimini
950 3557 1126 3611 aiiinis
1160 3566 1265 3611 est.
1306 3554 1370 3609 Et
1404 3572 1597 3612 rursus
1657 3565 1771 3610 tum
1836 3559 2079 3613 charitas
2133 3572 2260 3627 erga
2327 3558 2607 3611 Christum
2660 3572 2873 3612 summe
2908 3558 3258 3625 praedicanda
3318 3569 3434 3625 est;
3488 3571 3601 3616 tum

351 3655 472 3725 ejus
493 3654 690 3723 iaculis
718 3652 1142 3707 convulneratos
1200 3649 1406 3714 dolore,
1470 3653 1757 3717 macerari,
1826 3662 1880 3704 et
1951 3651 2362 3721 colliquescere,
2423 3651 2718 3720 prudentes
2776 3665 3006 3705 saturnia:
3071 3651 3421 3708 beatitudinis
3481 3656 3602 3709 loco

352 3750 582 3807 ducunt.

425 3840 582 3894 Ἐπεὶ
615 3837 662 3891 δ’
689 3836 952 3908 ἐξῄρηται
987 3833 1089 3904 μὲν
1118 3833 1217 3903 τῆς
1245 3834 1374 3905 περὶ
1400 3834 1494 3887 τὸν
1521 3836 1755 3906 Χριστὸν
1783 3837 1919 3904 ἀγάο

356 3946 463 4000 πης
495 3930 530 3999 ἡ
576 3926 816 3999 χαρίτων
874 3925 1124 3993 γέμουσα
1179 3922 1348 3989 λύπη,
1389 3924 1578 3993 ἀγάπη
1623 3924 1679 3977 δὲ
1708 3926 1816 3978 τῶν
1838 3927 1921 3978 ὲν-

355 4023 534 4084 νοιῶν,
563 4021 620 4074 αἳ
643 4019 735 4072 τὸν
766 4017 1000 4094 Χριστὸν
1014 4015 1214 4085 Ἐχουσι
1246 4019 1339 4069 καὶ
1368 4017 1466 4079 τὴν
1492 4016 1700 4069 ἐκείνου
1727 4016 1918 4084 φιλαν-

356 4112 627 4184 θρωπίαν,
659 4107 868 4171 ταύτας
903 4107 971 4160 ἂν
1005 4107 1093 4175 εἴη
1132 4105 1409 4175 προύργου
1440 4108 1505 4177 τῇ
1538 4106 1727 4175 μνήμῃ
1789 4125 1921 4160 κατ.

353 4207 500 4276 ἐχειν
551 4205 645 4257 καὶ
700 4201 956 4271 στρέφειν
984 4199 1043 4250 ὲν
1096 4201 1160 4269 τῇ
1200 4199 1347 4270 ψυχῇ
1379 4200 1469 4250 καὶ
1499 4198 1599 4267 τῆς
1636 4198 1922 4268 διατριϐῆς

356 4298 590 4368 ταυτησὶ
623 4294 893 4365 μηδέποτε
922 4291 1117 4362 σχολὴν
1146 4292 1326 4359 ἄγειν,
1348 4292 1463 4345 ἀλλ’
1487 4291 1742 4359 ἐπίτηδες
1763 4289 1922 4343 τοῦτο

358 4389 455 4458 μὲν
500 4389 584 4454 ἐφ’
624 4385 835 4439 ἑαυτῶν
882 4384 1081 4447 αὐτοὺς
1141 4383 1299 4436 ταυτὶ
1334 4382 1565 4453 μελετᾷν
1589 4383 1684 4436 καὶ
1710 4382 1925 4449 λογίζε-

358 4480 502 4539 σθαι,
532 4477 691 4530 τοῦτο
734 4477 779 4530 δ’
808 4477 868 4529 ὲν
894 4478 1014 4538 ταῖς
1060 4474 1373 4537 συνουσίαις
1422 4472 1674 4545 γλώσσης
1708 4474 1918 4544 τρυφὴν

2099 3832 2367 3899 Quoniam
2425 3847 2553 3889 vero
2595 3832 2815 3889 tristitia
2871 3833 3069 3889 divinae
3123 3838 3311 3904 gratiae
3357 3840 3520 3907 plena
3567 3858 3595 3896 a
3638 3859 3648 3874 ·

2034 3925 2302 3978 cliaritate
2328 3924 2593 3992 procedit,
2649 3922 2891 3979 Charitas
2924 3932 3107 3980 autem
3146 3925 3199 3980 in
3255 3930 3602 3997 cogitationi-

2031 4014 2132 4067 bus
2158 4013 2464 4076 Christum,
2491 4014 2747 4082 illiusque
2776 4013 3165 4084 benignitatem
3192 4020 3600 4086 complectenti-

2028 4106 2131 4160 bus
2177 4106 2354 4174 posita
2403 4115 2510 4167 est,
2537 4120 2717 4172 operae
2749 4106 2982 4172 pretium
3014 4105 3177 4161 fuerit
3206 4123 3300 4163 eas
3333 4115 3596 4166 memoria

2029 4209 2079 4251 et
2106 4198 2290 4253 animo
2323 4212 2563 4259 versare.
2591 4205 2641 4250 et
2674 4197 2746 4251 ab
2774 4195 3086 4265 huiusmodi
3124 4214 3289 4267 opera
3311 4216 3592 4272 nunquam

2028 4286 2257 4353 feriari;
2316 4289 2407 4342 sed
2453 4286 2521 4343 de
2582 4285 2849 4341 industria
2901 4297 2952 4339 et
2978 4302 3077 4356 per
3097 4289 3419 4360 semetipsos
3480 4293 3599 4349 haec

2029 4380 2298 4443 meditari,
2358 4392 2656 4446 secumque
2707 4387 2980 4445 reputare,
3025 4388 3079 4431 et
3132 4382 3186 4433 in
3238 4384 3598 4439 conventibus

2028 4471 2301 4527 sermonis
2327 4468 2573 4534 delicias,
2635 4470 3150 4538 colloquiorumque
3196 4476 3477 4529 materiam
3517 4477 3599 4529 l‘a-

358 4572 452 4624 καὶ
476 4569 749 4636 συλλόγων
773 4566 908 4637 ὓλην
933 4565 1210 4620 ποιεῖσθαι
1242 4565 1336 4618 καὶ
1369 4566 1505 4633 πρὸς
1531 4580 1594 4631 γε
1625 4564 1923 4635 πειρᾶσθαι

2031 4578 2175 4624 cere,
2210 4574 2266 4615 et
2302 4561 2491 4616 conari
2538 4562 2763 4630 insuper
2792 4570 2851 4615 ut
2898 4562 3049 4615 nullo
3103 4565 3322 4633 negotio
3346 4567 3595 4623 distracti

363 4660 554 4730 μηδενὶ
575 4659 1039 4730 διακοπτομένους
1060 4656 1265 4726 συνεχῆ
1292 4657 1498 4723 ταύτην
1518 4654 1924 4709 ἐπιδείκνυσθαι

358 4752 456 4823 τὴν
480 4752 735 4821 σπουδὴν.
752 4752 802 4804 εί
835 4749 936 4819 μὲν
961 4744 1074 4803 οἷόν
1095 4765 1155 4800 τε
1177 4747 1269 4802 διὰ
1292 4747 1429 4819 βίου,
1451 4749 1498 4799 εί
1523 4745 1568 4798 δ’
1594 4741 1688 4800 οὖν
1708 4746 1921 4814 συχνὶν,

356 4839 430 4902 ὡς
466 4840 530 4895 ἂν
581 4839 877 4909 ὲντακῆναι
927 4838 1129 4909 δυνηθῇ
1161 4838 1254 4890 καὶ
1306 4837 1556 4909 κατάσχῃ
1609 4837 1924 4891 παντάπασι

355 4931 451 5002 τὴν
479 4932 726 5005 καρδίαν.
751 4929 887 4983 υῦτε
913 4931 1021 4999 γὰρ
1050 4929 1161 5000 πῦρ
1187 4929 1441 4999 δράσειεν
1467 4927 1533 4981 ἂν
1550 4927 1726 4990 οὐδὲν,
1750 4921 1833 4989 οἷς
1860 4926 1926 4979 ἂν

356 5022 599 5087 ἐπέλθοι,
633 5022 707 5092 μὴ
746 5020 986 5089 συνεχῶς
1026 5019 1318 5088 ὁμιλῆσαν,
1366 5018 1491 5072 οὒτε
1525 5018 1782 5087 λογισμὸς
1809 5016 1925 5070 δια-

355 5113 562 5165 λείπων
595 5112 728 5180 πρδς
758 5109 937 5163 ὁτιοῦν
972 5108 1142 5171 πάθος
1173 5110 1240 5161 ἂν
1268 5108 1508 5161 διάθοιτο
1536 5108 1636 5176 τὴν
1667 5106 1921 5175 καρδίαν,

360 5205 497 5257 ἀλλὰ
524 5203 603 5256 δεῖ
626 5202 817 5272 χρόνου
841 5200 1036 5269 συχνοῦ
1065 5215 1211 5260 τινος
1247 5198 1462 5268 ἐφεξῆς.

430 5385 491 5434 (li
521 5382 619 5451 μὲν
648 5379 739 5433 οὖν
776 5381 880 5431 ὀιπὸ
911 5379 1019 5432 τῶν
1050 5380 1109 5430 ὲν
1143 5378 1395 5447 αίσθήσει
1426 5377 1609 5430 καλῶν
1636 5377 1731 5429 καλ⁵
1752 5376 1925 5446 ἡδέων

360 5478 458 5543 τὴν
492 5473 792 5537 ἐπιθυμίαν
825 5471 1070 5533 καίοντες
1097 5470 1371 5539 λογισμοὶ,
1414 5471 1547 5533 διότι
1579 5470 1674 5530 τὰς
1709 5470 1808 5535 μὲν
1838 5475 1925 5520 αι-

363 5569 584 5634 σθήσεις
646 5566 905 5635 ἐνεργοὺς
952 5565 1082 5633 ἡμῖν
1116 5564 1174 5628 ἐξ
1229 5564 1403 5631 ἀρχῆς
1432 5556 1573 5613 εἶναι
1608 5559 1927 5629 συμϐαίνει,

360 5659 485 5719 τοὺς
533 5657 589 5708 δὲ
617 5655 828 5708 ἐκεῖθεν
877 5654 1178 5725 ὁρμᾶσθαι,
1212 5653 1502 5721 σύντροφοι
1526 5656 1615 5704 καὶ
1643 5651 1929 5720 ἡλικιῶται

362 5749 460 5803 καὶ
491 5748 769 5812 πείθοντες
808 5748 890 5802 ἆτ’
923 5749 989 5801 ἂν
1020 5746 1296 5817 βούλοιντο
1336 5744 1557 5814 ῥᾳδίως,
1593 5743 1670 5813 τῷ
1700 5759 1759 5795 τε
1785 5742 1929 5812 ἡδεῖς

2027 4665 2091 4707 ac
2118 4650 2351 4709 districti
2388 4650 2631 4705 studium
2657 4651 2797 4705 istuc
2825 4649 3070 4713 assiduo,
3096 4653 3276 4720 quoad
3318 4654 3423 4708 vita
3464 4673 3595 4725 sup-

2028 4739 2369 4808 peditavcrit,
2427 4737 2473 4793 si
2503 4736 2617 4792 ficri
2667 4740 2863 4807 possit,
2902 4747 3232 4805 tractaturus;
3263 4744 3347 4795 sin
3390 4747 3595 4808 minus,

2028 4839 2084 4883 at
2108 4829 2270 4899 longo
2300 4837 2565 4897 tempore,
2590 4837 2648 4881 ut
2673 4829 2870 4882 animae
2899 4827 3164 4882 altissime
3190 4829 3594 4899 imprimuntur,

2025 4931 2081 4978 ct
2142 4935 2237 4974 cor
2271 4919 2488 4989 penitus
2546 4918 2880 4986 possideant.
2940 4916 3124 4986 Neque
3155 4922 3302 4975 enim
3341 4922 3481 4988 ignis
3538 4926 3590 4979 in

2025 5025 2147 5080 qua
2177 5008 2425 5064 inciderit
2456 5008 2511 5062 in
2539 5022 2603 5062 ea
2636 5007 2937 5076 quidquam
2966 5016 3107 5075 aget.
3135 5008 3181 5060 si
3223 5025 3285 5064 ea
3311 5013 3598 5067 coutinen-

2027 5110 2108 5157 ter
2133 5115 2241 5155 non
2295 5099 2599 5168 contingat,
2651 5112 2826 5165 neque
2876 5096 3137 5163 cogitatio
3195 5100 3589 5166 intermittens,

2028 5191 2265 5247 animam
2345 5190 2412 5243 ad
2466 5201 2850 5256 quamcunque
2896 5186 3238 5242 aﬂectioncni
3304 5196 3592 5261 aptaverit,

2029 5281 2121 5336 sed
2159 5290 2365 5349 tempus
2393 5278 2620 5334 inultum
2650 5276 3138 5345 continuatumque
3159 5280 3480 5349 requiritur.

2102 5369 2471 5439 Cogitationes
2506 5368 2668 5436 igitur
2694 5381 2722 5420 a
2757 5366 2915 5419 bonis
2938 5374 2992 5419 et
3020 5367 3279 5436 iucundis
3316 5371 3595 5425 sensibili-

2033 5477 2137 5521 bus
2186 5462 2536 5530 cupiditatem
2571 5458 2911 5517 accedentes.
2938 5460 3064 5525 quia
3095 5473 3291 5514 sensus
3321 5476 3349 5513 a
3391 5461 3592 5526 princi-

2032 5556 2121 5624 pio
2158 5556 2211 5609 iu
2243 5554 2398 5607 nobis
2424 5561 2744 5620 operantur,
2776 5561 2826 5602 et
2864 5551 2983 5603 illas
3013 5550 3139 5604 inde
3184 5549 3314 5603 oriri
3342 5546 3591 5616 coritigit,

2030 5645 2446 5699 contubernales
2495 5652 2718 5703 nostrae,
2755 5653 2806 5693 et
2848 5654 3043 5694 coaevaa
3084 5647 3237 5701 sunt,
3277 5647 3331 5690 et
3362 5652 3594 5705 persua—

2032 5738 2159 5788 dent
2197 5731 2354 5786 facile
2383 5746 2505 5801 quin
2539 5730 2847 5797 voluerint;
2879 5729 3138 5798 tumquia
3162 5729 3415 5795 jucunda:
3437 5739 3590 5797 sunt,
