4196 6308
576 355 683 416 ξοδδ

1776 345 2086 409 ΝἰίῖΟΙΛΙ
2120 342 2514 409 CABASIUE

3721 344 3830 405 656

586 483 694 522 tum
728 468 854 536 quia
886 467 1055 522 multo
1086 467 1198 536 jam
1249 475 1493 534 tempore
1527 463 1807 519 nobiscum
1838 474 1985 517 sunt.
2042 464 2145 528 Qui

2260 457 2385 516 εἶναι
2411 464 2489 532 τῷ
2514 479 2573 514 τε
2610 460 2776 515 πολὺν
2806 463 2935 533 ἡμῖν
2961 463 3150 530 χρόνον
3175 460 3421 513 συνεῖναι
3439 473 3453 487 ·
3493 459 3629 529 πρὸς
3649 458 3708 513 δὲ
3733 460 3830 513 τὸν

579 566 760 613 autem
794 559 993 611 mentis
1020 557 1287 620 rationes,
1328 553 1591 621 illiusque
1622 550 2024 621 philoSOphiam
2062 564 2151 606 se-

578 650 696 701 rius
725 648 1041 715 attigerunt,
1070 645 1154 699 his
1187 643 1356 697 multa
1388 640 1668 710 diligentia
1700 649 1785 695 est
1815 640 2153 707 necessaria,

580 745 641 795 ut
678 740 731 792 in
785 738 935 792 brevi
972 747 1238 806 tempore,
1298 744 1353 790 et
1380 733 1604 790 assidua
1654 731 2055 789 consuetudine
2084 732 2154 787 ad

580 836 785 886 bonum
826 832 1151 895 adiciantur,
1195 829 1337 897 quod
1377 835 1603 897 repente
1631 830 1857 897 arrepit,
1901 828 1995 882 sed
2030 840 2154 882 sero

577 924 758 988 valde,
802 922 1100 990 multisque
1147 922 1259 991 jam
1309 919 1437 974 aliis
1467 919 1654 989 plenos
1683 919 2003 991 ingreditur.
2053 915 2154 972 Vix

576 1016 725 1070 enim
755 1023 1010 1070 contenta
1046 1023 1099 1067 et
1124 1013 1237 1066 acri
1266 1011 1655 1068 exercitatione
1682 1011 2005 1067 diuturnum
2028 1026 2153 1066 cum

581 1106 691 1161 illis
717 1106 841 1160 aliis
875 1105 1267 1159 commercium
1320 1103 1698 1173 praecidentes,
1735 1119 1865 1159 vera
1899 1105 2155 1173 opinato-

579 1211 724 1260 rum,
788 1203 844 1247 et
898 1194 1039 1247 bona
1084 1192 1261 1248 solida
1305 1192 1678 1261 iucundorum
1725 1192 1846 1245 loco
1897 1192 2156 1246 inducere

578 1287 875 1355 possimus.
936 1281 1093 1338 Unde
1161 1300 1262 1339 nec
1312 1283 1644 1348 mirandum,
1704 1284 1749 1338 si
1781 1284 2155 1353 cogitationes

576 1379 795 1449 optima:
824 1379 967 1432 haud
1016 1376 1222 1446 ubique
1253 1376 1425 1431 malas
1453 1385 1728 1445 superent.
1752 1385 1805 1431 et
1834 1374 2155 1431 melioribus

577 1471 879 1524 deteriores
920 1468 1057 1523 nilnil
1108 1468 1418 1523 concedant
1462 1468 1607 1538 apud
1637 1482 1753 1533 eos,
1795 1467 1888 1536 qui
1944 1467 2157 1520 ratione

579 1572 836 1615 utuntur.
895 1557 1030 1613 Nam
1059 1558 1188 1627 jure
1223 1560 1434 1628 optimo
1484 1557 1732 1612 suﬂiccre
1765 1557 1942 1612 sentio
1973 1566 2032 1611 ut
2062 1557 2163 1611 bo-’

580 1666 687 1704 nus
715 1665 839 1703 esse
886 1650 1087 1717 possis,
1126 1664 1234 1702 non
1271 1648 1380 1702 hoc
1417 1647 1597 1716 ipsum
1639 1648 1685 1702 si
1712 1648 1992 1711 didiceris,
2023 1647 2156 1718 quid

580 1740 738 1792 nobis
772 1738 1071 1791 bonitatem
1108 1738 1469 1806 persuadeat;
1510 1736 1604 1791 sed
1648 1738 1718 1796 si,
1754 1737 1900 1805 quod
1933 1752 2156 1791 necesse

580 1838 686 1893 est,
724 1828 864 1882 ineo
894 1827 1061 1881 ctiam
1087 1827 1399 1881 meditando
1425 1828 1763 1891 immoreris,
1785 1839 1838 1883 et
1861 1829 2156 1898 cogitando
2188 1806 2230 1861 δ

580 1922 804 1978 insistas
836 1940 849 1976 :
885 1931 939 1975 et
967 1936 1092 1976 cum
1120 1930 1326 1976 rectam
1354 1921 1619 1977 rationem
1654 1923 2008 1993 Cognoveris,
2040 1937 2150 1976 non

581 2028 701 2068 eam
733 2014 906 2068 solum
964 2014 1105 2066 intra
1157 2023 1208 2067 te
1239 2011 1477 2077 habeas;
1528 2014 1621 2067 sed
1674 2029 1736 2067 ea
1798 2027 2016 2084 quoque
2065 2014 2156 2068 ubi

582 2124 723 2179 t'pus
753 2118 834 2163 cst
857 2117 1033 2171 utare,
1091 2106 1235 2161 sicut
1288 2117 1342 2161 ct
1370 2106 1545 2171 cibus,
1595 2117 1650 2160 et
1678 2122 1853 2172 arma,
1902 2120 1956 2162 et
1985 2106 2159 2162 medi-

585 2203 734 2267 cina,
780 2211 834 2257 et
916 2200 1111 2264 vestis,
1182 2214 1292 2254 non
1344 2197 1667 2267 simpliciter
1701 2197 1902 2269 quibus
1936 2200 2157 2265 adsunt,

576 2295 790 2365 quique
821 2307 885 2347 ea
912 2290 1215 2362 possident,
1246 2290 1594 2359 commodum
1632 2288 1816 2344 ferunt
1882 2291 2158 2345 utentibus

576 2389 704 2456 ipse
752 2398 889 2442 usus
938 2382 1277 2441 commodat.
1311 2381 1471 2448 Quod
1517 2380 1562 2436 si
1592 2395 1775 2449 pravae
1804 2380 2159 2449 cogitationes

583 2479 965 2535 incumbentes
996 2485 1231 2531 mentem
1262 2475 1563 2538 detineant,
1599 2474 1756 2527 bona:
1780 2473 2160 2527 tantummodo

584 2580 816 2640 gustata
866 2570 1200 2632 sentiantur,
1253 2566 1525 2622 deteriora
1582 2567 1829 2631 vincunt,
1886 2574 1940 2617 et
1983 2577 2163 2633 pravae

585 2664 807 2734 quidem
870 2672 1109 2716 actuosa:
1170 2673 1294 2713 cum
1329 2657 1460 2722 sint,
1486 2657 1683 2710 animat
1711 2659 1989 2726 regionem
2026 2657 2162 2712 insi-

590 2760 742 2815 dent,
769 2754 893 2808 aliae
920 2764 977 2807 ut
1006 2753 1163 2806 victae
1204 2759 1260 2806 et
1289 2750 1480 2804 otiosa:
1511 2765 1740 2819 prorsus
1771 2749 2155 2804 exturhantur.

588 2846 735 2900 Nihil
762 2845 927 2915 igitur
955 2856 1181 2907 novum,
1222 2855 1327 2895 non
1356 2839 1631 2896 aedificare
1654 2840 2039 2906 architectum,
2066 2847 2161 2895 aut

595 2936 867 2991 medicum
923 2950 1029 2989 tton
1061 2948 1278 2999 sanare,
1339 2943 1433 2985 aut
1462 2932 1713 3000 Opiﬁcem
1777 2946 2162 3002 quemcunque

595 3042 702 3081 non
722 3040 881 3080 suutn
907 3038 1105 3077 munus
1127 3021 1300 3085 obire,
1328 3020 1589 3089 quamdiu
1617 3029 1787 3073 artem
1808 3033 1912 3073 non
1939 3017 2161 3073 adhibet

594 3132 694 3173 nec
723 3115 853 3170 illud
905 3115 1127 3177 mirum,
1174 3113 1219 3167 si
1250 3112 1375 3181 quis
1400 3122 1606 3165 rectam
1636 3111 1900 3165 rationem
1931 3109 2158 3175 habens,

591 3215 841 3275 agentem
869 3219 1032 3274 porro
1081 3219 1189 3258 non
1225 3203 1458 3267 habens,
1504 3201 1713 3256 nullum
1742 3201 2034 3271 diligentia:
2057 3201 2140 3255 l'ru

591 3312 740 3353 Cttllll
764 3298 928 3365 capit.
953 3293 1146 3350 Utatur
1166 3293 1310 3349 enim
1329 3293 1600 3363 quispiam
1619 3292 1790 3348 armis
1810 3302 2001 3347 contra
2020 3292 2171 3347 inva-

593 3391 805 3451 dentes,
827 3400 1099 3458 quatenus
1129 3387 1388 3443 convenit
1420 3402 1516 3441 eos
1552 3386 1909 3453 interﬁciens,
1938 3398 2054 3440 arte
2075 3400 2171 3439 au-

594 3492 724 3544 tem,
741 3483 1041 3534 secundum
1066 3479 1241 3549 ipsam
1261 3492 1448 3548 agens.
1467 3474 1578 3532 Nos
1596 3491 1724 3533 vero
1740 3477 2169 3547 cogitationibus

594 3574 817 3643 optimis
844 3572 989 3626 sicut
1009 3570 1342 3626 consiliariis
1363 3569 1586 3634 utimur,
1616 3579 1849 3624 mentem
1882 3568 2167 3624 adverten-

598 3679 701 3729 tes,
748 3678 859 3716 non
898 3672 956 3716 ut
977 3676 1102 3714 cum
1130 3660 1379 3715 didicerit
1407 3658 1530 3730 qua:
1557 3659 2051 3731 oportet,‘.noverit,
2076 3660 2169 3715 sed

599 3765 659 3808 ut
690 3769 814 3808 cum
850 3753 1185 3822 cognoverit,
1211 3753 1628 3820 persuadeatur,
1649 3767 1880 3821 vereque
1903 3752 2168 3807 bonorum

548 3874 553 3885 ι
599 3861 842 3903 amorem
875 3845 1187 3913 concipiat;
1213 3844 1356 3914 quod
1410 3844 1598 3899 sedula
1632 3844 1987 3899 meditatione
2025 3851 2168 3913 eget,

599 3940 818 4011 quando
838 3946 1027 3993 contra
1057 3936 1110 3990 in
1139 3936 1295 3990 malis
1320 3936 1577 4007 occupari
1605 3945 1658 3990 et
1677 3937 1956 3991 immorari
1977 3938 2172 3991 anima:

601 4034 891 4087 exitiosum
924 4040 1045 4096 est;
1085 4028 1411 4099 simpliciter
1456 4038 1638 4083 autem
1674 4045 1866 4084 eorum
1899 4029 2169 4094 notiones,

601 4128 737 4181 nihil
768 4126 969 4179 habent
1002 4122 1150 4176 mali.
1202 4120 1573 4188 Quamobrem
1623 4130 1901 4190 qttomollo
1941 4120 2030 4175 hic
2085 4119 2173 4173 fu-

600 4219 815 4289 gienda,
853 4219 927 4271 ita
967 4216 1079 4270 illic
1110 4215 1477 4270 consectanda
1510 4225 1597 4268 est
1623 4213 1924 4267 meditatio.

677 4311 823 4363 Velle
859 4309 1027 4378 igitur
1059 4308 1259 4361 bonum
1310 4305 1681 4359 dillicultatem
1718 4318 1824 4357 non
1858 4304 2040 4369 habet,
2074 4319 2175 4359 nec

602 4419 690 4455 tes
714 4402 815 4454 ista
840 4399 1021 4453 studio
1075 4396 1315 4449 creditur
1368 4396 1629 4464 indigere.
1687 4395 1765 4447 Ad
1797 4395 2169 4464 accipiendum

2254 554 2379 608 νοῦν
2405 555 2498 608 καὶ
2523 555 2620 625 τὴν
2643 553 2855 607 ἐκείνου
2886 552 3204 624 φιλοσοφίαν
3232 551 3415 622 χρόνῳ
3442 549 3673 620 ὓστερον
3706 552 3832 619 ἀφιο

2256 645 2477 713 γμένοις
2506 642 2712 713 πολλῆς
2745 642 2956 712 ἀνάγκη
3008 643 3113 712 τῆς
3145 639 3511 711 σπουδῆςηὼς
3540 639 3600 691 ὲν
3638 638 3833 709 βραχεῖ

2256 736 2433 805 χρόνῳ
2462 736 2558 788 καὶ
2589 735 2849 805 συνεχοῦς
2878 735 3191 800 συνουσίας,
3215 733 3359 787 ὥστε
3387 733 3589 786 παθεῖν
3610 750 3663 785 τι
3689 731 3832 800 πρὸς

2254 828 2316 880 τὸ
2340 826 2547 895 ἀγαθὸν
2570 826 2699 880 οὔτε
2729 826 2930 880 αὐτίκα
2953 827 3155 897 τέρπον
3186 826 3286 881 καὶ
3314 825 3414 895 ὀψὲ
3446 824 3593 896 μάλα
3619 825 3832 877 πολλῶν

2255 920 2355 992 ἤδη
2390 918 2761 988 πληρωθεῖσιν
2791 919 3275 990 ἐπεισερχόμενον.
3307 917 3480 982 Μόλις
3512 917 3622 989 γὰρ
3652 918 3719 971 ἂν
3751 916 3834 988 τῷ

2257 1011 2497 1081 συντόνῳ
2523 1011 2623 1079 τῆς
2662 1011 2894 1082 μελέτης
2918 1009 2977 1064 τὸ
3010 1012 3222 1082 μακρδν
3254 1010 3356 1081 τῆς
3391 1011 3617 1064 ἐκείνων
3649 1009 3829 1063 διακό-

2252 1101 2457 1171 ψαντες
2482 1102 2772 1170 συνηθείας
2789 1102 3000 1173 τάληθῆ
3026 1102 3125 1172 μὲν
3142 1102 3249 1157 τῶν
3273 1101 3598 1168 δοκούντων,
3615 1101 3834 1171 τάγαθά

2252 1194 2311 1249 δὲ
2338 1193 2445 1247 τῶν
2476 1193 2647 1262 ἡδέων
2684 1195 3110 1263 ἀντεισαγαγεῖν
3163 1193 3489 1263 δυνηθεῖμεν
3509 1210 3522 1223 ·
3556 1192 3681 1246 ὅθεν
3710 1192 3832 1247 οὐδὲ

2255 1285 2361 1355 χρὴ
2394 1284 2719 1355 θαυμάζειν,
2754 1287 2802 1339 εἰ
2834 1285 2943 1338 τῶν
2973 1284 3258 1354 λογισμῶν
3281 1286 3330 1338 οἰ
3355 1286 3567 1356 ἄριστοι
3596 1285 3704 1338 τῶν
3731 1302 3833 1338 πο-

2255 1375 2436 1447 νηρῶν
2470 1378 2529 1430 οὐ
2564 1377 2825 1447 κρατοῦσι
2880 1376 3182 1447 πανταχοῦ,
3216 1377 3311 1430 καὶ
3343 1376 3452 1431 τῶν
3477 1377 3739 1447 χειρόνων
3769 1378 3832 1430 οὐ

2256 1469 2425 1523 πλέον
2450 1470 2670 1539 ἔχουσιν
2697 1471 2746 1522 οἰ
2780 1468 3031 1531 καλλίους
3062 1468 3214 1535 παρά
3243 1471 3355 1528 τοῖς
3386 1470 3444 1521 ἐν
3465 1468 3611 1538 λόγῳ
3641 1468 3831 1534 ζῶσιν.

2268 1558 2530 1632 Ἀρκέσαι
2581 1561 2692 1631 γὰρ
2721 1561 2788 1614 ἂν
2836 1560 3061 1621 εἰκότως
3099 1555 3257 1629 οἶμαι
3289 1560 3425 1629 πρὸς
3450 1560 3511 1613 τδ
3539 1560 3834 1631 δυνηθῆναι

2257 1650 2508 1719 γενέσθαι
2556 1649 2815 1722 χρηστὸν,
2872 1651 2934 1704 οῦ
2969 1651 3116 1704 τοῦτ’
3156 1651 3288 1703 αὐτὸ
3328 1650 3553 1720 μαθεῖν,
3622 1651 3743 1703 ὅθεν
3767 1649 3834 1703 ἂν

2258 1742 2470 1807 γένοιτο
2504 1741 2795 1810 πεισθῆναι
2826 1740 3084 1808 γενέσθαι
3115 1742 3378 1812 χρηστὸν,
3412 1742 3628 1814 ἀνάγκη
3663 1742 3716 1795 δὲ
3741 1744 3835 1795 καὶ¹

2267 1832 2610 1903 μελετῶντας
2639 1832 2923 1903 διατρῖψαι
2963 1833 3056 1891 καὶ
3085 1836 3266 1902 μεῖναι
3304 1833 3709 1903 λογιζομένους,
3738 1835 3835 1888 καὶ

2263 1926 2356 1979 τὸν
2406 1925 2562 1996 ὀρθὸν
2595 1924 2756 1993 λόγον
2790 1925 2848 1977 οὑ
2882 1925 3127 1995 μαθόντα
3155 1925 3465 1997 κτήσασθαι
3497 1927 3836 1997 μόνον,άλλά

2265 2019 2358 2071 καὶ
2409 2019 2721 2089 χρήσασθαι
2756 2018 2895 2088 πρὸς
2926 2018 2961 2073 ἃ
2990 2020 3092 2085 δεῖ,
3122 2021 3377 2091 καθάπερ
3419 2025 3511 2075 καὶ
3539 2023 3707 2075 σιτίον
3741 2025 3837 2077 καὶ

2264 2110 2427 2163 ὅπλον
2471 2111 2566 2165 καί⁵
2609 2111 2900 2181 φάρμακον
2954 2112 3049 2164 καὶ
3095 2113 3311 2181 ἱμάτιον
3343 2113 3405 2166 οῦ
3438 2115 3548 2176 τοῖς
3583 2115 3837 2168 συνοῦσιν

2265 2198 2451 2260 ἁπλῶς
2480 2200 2574 2251 καὶ
2600 2199 2962 2269 κεκτημένοις
2991 2201 3182 2268 ὄφελος
3210 2202 3347 2271 ἔχει,
3381 2205 3492 2267 τοῖς
3526 2205 3835 2274 χρωμένοις

2265 2291 2320 2344 δὲ
2358 2291 2425 2344 τὰ
2450 2281 2750 2367 γιγνόμῖενα
2780 2292 2987 2364 βοηθεῖ.
3030 2294 3095 2347 Εἰ
3126 2294 3184 2348 δὲ
3210 2296 3319 2349 τῶν
3339 2294 3621 2367 λογισμῶν
3648 2299 3696 2347 οἰ
3734 2297 3836 2365 μὲν

2267 2372 2459 2451 φαῦλοι
2493 2365 2590 2435 res}
2617 2383 2739 2435 νοῦν
2779 2384 2859 2447 εἰς
2903 2385 3130 2449 ἑαυτοὺς
3192 2386 3471 2458 ἀσχολοῖεν
3498 2365 3832 2458 ἐγκείμενοι,

2266 2474 2374 2527 τῶν
2409 2473 2455 2526 δ’
2508 2476 2730 2543 ἀγαθῶν
2785 2475 2912 2529 ὅσον
2967 2477 3251 2531 αἰσθέσθαι
3292 2483 3619 2549 γεγευμένοι
3673 2482 3836 2550 μόνον

2267 2565 2660 2635 ἀποπηδῶμεν,
2715 2569 2765 2621 τί
2806 2572 2992 2623 καινὸν
3022 2570 3090 2623 τὰ
3112 2573 3281 2641 χείρω
3309 2576 3557 2643 κρατεῖν,
3586 2575 3678 2626 καί
3711 2576 3835 2636 τοὺς

2270 2658 2371 2727 μὲν
2404 2663 2674 2728 πονηροὶς
2705 2664 2997 2731 κατασχεῖν
3023 2663 3123 2732 τὴν
3154 2664 3249 2733 τῆς
3281 2663 3460 2735 ψυχῆς
3480 2663 3658 2735 χώραν
3682 2665 3833 2733 ἐνερ-

2268 2750 2399 2816 γοὺς
2433 2749 2613 2815 ὄντας,
2653 2754 2775 2814 τοὺς
2810 2752 2856 2806 δ’
2890 2752 3249 2822 ἐκϐεϐλῆσθαι
3287 2757 3637 2809 παντάπασιν
3671 2757 3837 2823 ἡττη-

2272 2842 2464 2910 μένους
2516 2843 2675 2905 6ντας
2730 2845 2971 2924 ἀργούς;
3030 2845 3166 2898 Οὔτε
3214 2847 3395 2900 τοίνυν
3421 2848 3496 2918 μὴ
3529 2848 3836 2917 οἰκοδομεῖν

2267 2931 2465 2995 εἰδότα,
2500 2934 2532 3005 ἦ
2564 2934 2637 3005 μὴ
2666 2936 2756 2988 τὸν
2798 2937 2983 3007 ἰατρὸν
3010 2936 3255 3004 ὑγιάζειν
3286 2938 3317 3008 ἢ
3344 2939 3455 2991 τῶν
3483 2940 3835 3009 δημιουργῶν

2268 3026 2514 3079 ὁντινοῦν
2538 3027 2613 3097 μὴ
2641 3033 2706 3081 τὰ
2729 3029 2896 3082 αὑτοῦ
2927 3032 3128 3094 ποιεῖν,
3159 3031 3259 3094 ἕως
3281 3031 3338 3084 οὗ
3363 3032 3542 3102 χρῷτο
3561 3032 3829 3103 τῇτέχνῃ,

2270 3120 2459 3172 καινὸν
2484 3119 2660 3184 οὐδὲν,
2698 3118 2822 3173 οὕτε
2861 3121 3038 3175 ἐκεῖνο
3069 3120 3395 3191 θαυμαστὸν,
3421 3122 3473 3175 εί
3500 3140 3582 3186 τις
3604 3123 3693 3176 τὸν
3730 3123 3829 3193 ὀρ-

2272 3212 2363 3266 θδν
2395 3212 2552 3280 λόγον
2582 3211 2744 3282 ἔχων,
2782 3212 3005 3282 ἐνεργὸν
3029 3213 3087 3267 δὲ
3114 3214 3214 3267 οὐκ
3243 3214 3381 3284 ἔχων
3401 3214 3552 3268 οὐδὲν
3576 3215 3836 3269 ἀπώνατο

2271 3306 2371 3375 τῆς
2407 3306 2666 3375 σπουδῆς.
2706 3305 2991 3376 Χρήσαιτο
3026 3307 3135 3378 γὰρ
3171 3309 3239 3363 ἄν
3261 3324 3348 3372 τις
3384 3310 3495 3372 τοῖς
3527 3308 3626 3379 μὲν
3650 3310 3840 3374 ὅπλοις

2274 3395 2410 3465 πρὸς
2462 3396 2593 3457 τοὺς
2645 3396 2900 3459 ἐπιόντας
3046 3397 3294 3467 προσῆκε
3346 3397 3716 3469 διαχειρίζων,
3768 3402 3839 3472 τῇ

2271 3488 2434 3559 τέχνῃ
2467 3486 2523 3539 δὲ
2559 3488 2678 3539 κατ’
2703 3486 2873 3556 αὐτὴν
2895 3488 3164 3559 ὲνεργῶν’
3197 3489 3307 3542 τῶν
3336 3490 3394 3542 δὲ
3423 3490 3701 3560 λογισμῶν
3725 3494 3840 3555 τοῖς

2271 3578 2543 3647 ἀρίστοις,
2572 3578 2827 3649 καθάπερ
2859 3581 2969 3642 τοῖς
2995 3578 3323 3649 συμϐούλοις
3352 3580 3638 3651 χρώμεθα,
3670 3599 3840 3648 προσ-

2271 3667 2411 3737 έχων
2432 3668 2521 3722 τὸν
2545 3668 2689 3735 νοῦν,
2722 3669 2819 3738 οὐχ
2850 3668 2976 3721 ὅσον
3004 3667 3040 3722 ἃ
3083 3667 3166 3721 δεῖ
3197 3668 3441 3738 μαθόντα
3471 3670 3698 3739 γνῶναι,
3721 3667 3840 3721 ἀλλ’

2272 3759 2413 3814 ὥστε
2470 3761 2668 3828 γνόντα
2719 3759 3012 3828 πεισθῆναι
3041 3760 3137 3813 καὶ
3162 3762 3271 3815 τῶν
3300 3761 3378 3825 ὡς
3406 3760 3626 3831 ἀληθῶς
3659 3759 3843 3814 καλῶν

2272 3853 2452 3921 ἔρωτα
2492 3844 2673 3918 σχεῖν,
2699 3850 2728 3904 δ
2760 3852 3055 3922 περιέργου
3086 3853 3259 3906 δεῖται
3287 3851 3521 3922 μελέτης
3544 3869 3559 3883 ·
3598 3852 3722 3904 ἐπεὶ
3745 3853 3844 3907 καὶ

2272 3945 2587 3998 τούναντίον
2615 3945 2709 3997 ἐπὶ
2742 3944 2853 3996 τῶν
2895 3944 3115 4011 φαύλων
3153 3943 3216 3997 τὸ
3238 3944 3337 4012 μὲν
3371 3943 3718 4015 ἀσχολεῖσθαι
3746 3944 3843 3996 καὶ

2272 4036 2575 4108 διατρίϐειν
2610 4039 2675 4106 τῇ
2701 4036 2847 4107 ψυχῇ
2879 4036 2969 4089 τὸν
2999 4035 3244 4106 ὄλεθρον,
3272 4035 3332 4088 τὸ
3351 4036 3397 4088 δ’
3428 4035 3616 4097 ἁπλῶς
3641 4033 3843 4087 οὑτωσὶ

2274 4129 2475 4196 γνῶναι
2499 4128 2675 4182 δεινὸν
2690 4127 2865 4193 οὐδὲν,
2885 4126 3012 4180 ὅθεν
3029 4128 3245 4198 ἀνάγκη
3270 4127 3369 4196 τὴν
3394 4127 3628 4197 μελέτην
3651 4125 3842 4196 ῶσπερ

2274 4222 2390 4273 ἐκεῖ
2418 4221 2663 4288 φεύγειν,
2703 4219 2878 4283 οὕτως
2907 4218 3145 4272 ἐνταῦθα
3174 4219 3411 4274 διώκειν.

2344 4310 2421 4366 Τὸ
2452 4311 2554 4381 μὲν
2577 4310 2670 4365 οὖν
2701 4311 2910 4365 ἐθέλειν
2938 4310 3194 4378 τάγαθὸν,
3220 4310 3372 4363 οὐδὲν
3400 4308 3584 4379 ἔργον,
3616 4307 3845 4376 οὐδεμία

2277 4407 2385 4475 γὰρ
2421 4406 2515 4457 τοῦ
2571 4407 2899 4475 πράγματος
2945 4406 3166 4476 ἡγεῖται
3231 4403 3469 4472 σπουδήσ
3522 4403 3662 4471 πρὸς
3698 4401 3755 4455 δὲ
3783 4400 3846 4453 τὺ

604 4504 784 4547 autem
808 4488 1359 4556 conservandumque
1382 4501 1505 4541 cum
1534 4488 1686 4541 laber
1710 4487 1782 4540 sit
1805 4490 2161 4553 necessarius1

2278 4496 2461 4549 λαϐεῖν
2491 4494 2587 4548 καὶ
2621 4497 2795 4547 σῶσαι
2828 4495 2992 4547 πόνου
3018 4494 3298 4563 δεόμενον,
3332 4490 3711 4562 πραγματείας
3748 4488 3847 4540 καὶ

605 4585 787 4640 studio
821 4597 886 4636 ac
917 4580 1001 4633 via
1030 4578 1270 4648 quadam
1298 4593 1437 4646 Opus
1492 4587 1597 4643 est,
1631 4593 1740 4648 qua
1770 4578 1838 4632 ad
1873 4581 2173 4635 certamina

610 4678 723 4728 lnec
776 4673 1022 4726 volentes
1071 4668 1475 4738 aggrediamur,
1527 4668 1970 4739 quandoquidem
2027 4671 2174 4725 haud

607 4766 762 4817 lat-ile
789 4762 913 4817 talis
946 4763 1101 4815 labor
1129 4760 1454 4827 capessitur.
1485 4757 1640 4824 Quod
1667 4771 1848 4815 autem
1881 4761 2084 4830 ubique
2106 4762 2171 4817 ad

607 4855 905 4909 certamina
937 4852 1081 4905 velut
1132 4850 1403 4927 athletam
1444 4850 1617 4919 ungit,
1661 4865 1811 4906 amor
1841 4862 1924 4906 est
1961 4869 2174 4919 eorum,

610 4962 707 5015 pro
735 4944 936 5013 quibus
965 4954 1259 4997 certamus.
1291 4938 1386 4994 Hic
1410 4941 1554 4994 enim
1588 4941 1820 5006 labores,
1852 4947 1955 4997 etsi
1986 4944 2179 4997 admo-

610 5040 739 5090 dtnn
778 5034 1101 5088 cruciabiles
1131 5030 1405 5087 suavitate
1456 5032 1663 5087 condit.
1695 5034 1948 5088 Amorem
1996 5046 2177 5089 autem

614 5130 967 5181 honestorum
1002 5125 1134 5178 nihil
1162 5124 1311 5179 aliud
1358 5126 1633 5184 accendit.
1670 5139 1835 5193 quam
1897 5127 2177 5181 attendere

610 5220 714 5274 illis
753 5217 1017 5291 animum,
1060 5227 1112 5270 et
1136 5232 1327 5271 eorum
1352 5218 1689 5288 elegantiam
1728 5217 2058 5285 perspicere.
2111 5218 2176 5273 Et

608 5313 697 5365 hic
728 5319 813 5364 est
844 5308 1006 5377 ignis,
1047 5307 1140 5376 qui
1188 5323 1253 5362 ex
1301 5308 1656 5363 meditatione
1736 5308 1826 5363 Dei
1885 5309 1941 5362 in
1994 5311 2175 5364 anima

610 5403 894 5472 Propheta:
922 5397 1189 5452 exarsit“
1220 5417 1237 5449 ι
1268 5398 1331 5452 Ει
1355 5400 1407 5452 in
1431 5400 1780 5454 meditatione
1806 5415 1943 5463 mea,
1976 5402 2174 5471 inquit,

614 5495 935 5551 exardescet
957 5490 1121 5560 ignis.
1159 5507 1176 5539 ι
1209 5490 1347 5555 Quia
1372 5492 1500 5546 alibi
1531 5491 1844 5557 ostendens,
1875 5492 2019 5546 circa
2043 5494 2172 5562 quid

615 5586 893 5642 meditatio
918 5592 1188 5644 versetur,
1227 5590 1280 5635 et
1312 5581 1469 5651 cnjus
1504 5582 1602 5637 viri
1639 5584 1706 5638 sit
1731 5598 1888 5654 opus,
1915 5585 2014 5639 hoc
2052 5587 2172 5654 qui-

680 5762 723 5791 "
774 5759 915 5814 l’sal.
958 5773 1184 5824 xxxvm,
1224 5754 1277 5807 4.

2284 4586 2511 4658 μεθόδου
2576 4588 2735 4655 χρεία
2797 4586 2964 4649 τινὸς,
3027 4585 3143 4649 πῶς
3174 4584 3241 4638 ἂν
3291 4583 3509 4645 ἑκόντες
3549 4576 3687 4633 εἶναι
3719 4580 3846 4641 τοὺς

2280 4677 2496 4745 ἀγῶνας
2550 4675 2875 4743 ἀνελοίμεθα
2909 4674 3154 4736 τούτους,
3183 4673 3258 4735 ὼς
3294 4672 3395 4726 οὐκ
3420 4670 3479 4724 ὂν
3514 4671 3694 4741 ῥᾴδιον
3729 4666 3847 4719 ὲλέ-

2281 4769 2404 4822 σθαι
2440 4770 2653 4833 πονεῖν;
2686 4769 2844 4820 Ἔστι
2889 4767 2945 4820 δὲ
2977 4767 3036 4818 τὸ
3084 4765 3181 4834 μὲν
3215 4760 3531 4831 ἁπανταχοῦ
3565 4760 3703 4830 πρὸς
3723 4760 3849 4819 τοὺς

2276 4861 2495 4928 ἀγῶνας
2514 4861 2734 4927 ἀλεῖφον
2755 4863 2779 4911 ὁ
2807 4861 2938 4929 περὶ
2961 4853 3036 4912 ὧν
3060 4853 3445 4925 ἀγωνιζόμεθα
3469 4852 3633 4915 πόθος
3658 4868 3671 4882 ο
3692 4842 3851 4912 οὗτος

2275 4956 2385 5023 γὰρ
2409 4954 2555 5021 ἡδεῖς
2578 4956 2722 5006 ποιεῖ
2750 4957 2877 5016 τοὺς
2913 4952 3126 5013 πόνους,
3161 4947 3264 5003 κᾶν
3289 4964 3392 5001 ωσι
3426 4946 3547 4999 λίαν
3574 4944 3850 5013 όδυνηροέ.

2276 5045 2365 5098 τὸν
2398 5044 2576 5115 ἔρωτα
2607 5045 2662 5098 δὲ
2713 5046 2822 5097 τῶν
2859 5043 3043 5096 καλῶν
3073 5043 3181 5095 τῶν
3205 5040 3382 5095 ἄλλων
3420 5040 3519 5107 μὲν
3546 5038 3718 5101 οῦδὲν,
3788 5036 3851 5084 τὸ

2289 5139 2546 5206 προσχεῖν
2574 5137 2630 5189 δὲ
2660 5136 2752 5188 τὸν
2781 5135 2905 5188 ναῦν
2929 5136 3114 5197 αὐτοῖς
3143 5136 3235 5188 καὶ
3266 5131 3611 5200 καταμαθεῖν
3635 5131 3694 5181 τὸ
3717 5128 3822 5179 κάλ

2285 5226 2373 5289 λος
2404 5226 2669 5279 ἀνάπτει·
2714 5228 2806 5278 καὶ
2840 5225 2999 5277 τοῦτό
3028 5227 3146 5277 ἐστι
3177 5224 3237 5276 τὸ
3281 5222 3415 5292 πῦρ,
3447 5222 3587 5290 ὅπερ
3611 5217 3718 5273 ἀπὸ
3750 5214 3852 5284 τῆς

2285 5314 2415 5383 περί
2443 5312 2577 5366 Θεὸν
2610 5313 2841 5385 μελέτης
2868 5312 3086 5384 ἀνήφθη
3119 5315 3185 5384 τῇ
3221 5312 3315 5366 τοῦ
3354 5311 3637 5379 προφήτου
3680 5310 3853 5375 ψυχῇ.

2294 5424 2311 5458 ι
2342 5407 2450 5458 Καὶ
2476 5408 2533 5459 ἐν
2560 5409 2623 5475 τῇ
2657 5405 2857 5475 μελέτῃ
2881 5423 3001 5473 μου,
3025 5405 3211 5473 φησὶν,
3241 5402 3639 5469 ἐκκαυθήσεται
3668 5396 3805 5465 πῦρ·
3832 5416 3852 5444 ι

2283 5496 2337 5558 ὃ,
2361 5497 2587 5568 ἑτέρωθι
2607 5500 2844 5561 δεικνὺς,
2868 5498 2994 5566 περί
3014 5498 3040 5548 ὅ
3056 5513 3113 5549 τε
3138 5498 3171 5566 ἡ
3199 5494 3395 5565 μελέτη
3423 5492 3673 5553 κεὶτίνος
3695 5489 3855 5556 ἔργον

2283 5588 2493 5657 ἀνδρὸς,
2527 5590 2615 5642 τὸν
2640 5590 2739 5659 μέν
2757 5605 2889 5658 φησι
2917 5588 3005 5640 τὸν
3029 5587 3296 5657 μακάριον
3315 5587 3599 5638 ἄνθρωπον
3617 5576 3775 5642 εἶναι,
3793 5584 3857 5632 τὶ
