4134 6314
295 445 403 509 657
1118 457 1127 469 “
1287 445 1382 508 DE
1419 448 1595 512 VlTA
1629 449 1713 511 IN
1754 448 2081 512 CHRISTO
2144 454 2290 515 LIB.
2326 453 2431 516 VI.
3424 457 3533 520 653

295 559 351 612 δὲ
386 559 478 611 τὸν
503 557 599 612 τοῦ
624 557 760 612 Θεοῦ
784 559 945 630 νόμον
972 577 984 589 ⁸
1014 562 1040 614 ό
1067 559 1174 631 γὰρ
1206 564 1478 632 μακάριος
1500 562 1641 649 ἀνὴρ
1662 561 1873 633 ἡμέρας

1979 565 2099 619 dem
2129 566 2208 620 ait
2229 565 2373 620 beati
2407 564 2527 629 viri,
2552 564 2681 619 illud
2732 564 2821 621 Dei
2853 565 3046 636 legem.
3088 565 3285 623 Beatus
3322 570 3426 636 vir,
3457 574 3539 626 in-

297 649 393 701 καὶ
419 647 612 710 νυκτὸς
634 651 693 702 ὲν
715 648 791 720 τῷ
824 650 970 720 νόμῳ
996 648 1087 703 τοῦ
1109 648 1267 716 Θεοῦ,
1292 654 1446 722 φησι,
1479 647 1791 722 μελετήσει.

1978 657 2108 726 quit,
2134 658 2250 712 dies
2282 669 2336 712 et
2363 667 2546 713 noctes
2580 658 2633 711 iu
2658 658 2772 725 lege
2798 657 2889 712 Dei
2928 660 3275 715 meditabitur
3302 662 3371 715 η.

369 737 433 790 El
459 736 575 807 δὲή
619 740 749 808 περὶ
782 739 874 792 τὸν
926 740 1172 810 γραπτὸν
1220 742 1386 813 νόμον
1420 732 1621 815 μελέτη
1660 744 1721 797 τὸ
1752 743 1866 815 πῦρ

297 828 563 883 ἀνάπτειν
592 828 814 884 δύναται
842 830 1022 897 τοῦτο,
1058 819 1110 886 τί
1148 850 1281 886 ποτε
1321 834 1428 906 χρὴ
1471 834 1667 906 δρᾶσαι
1706 835 1869 906 νομί·

303 938 393 974 σαι
456 922 547 974 τὸν
602 922 766 992 νόμον
813 921 911 978 τοῦ
960 925 1298 995 πνεύματος,
1354 928 1414 991 ὃς
1459 928 1553 981 τὸν
1613 927 1867 1001 ἀληθινὸν

302 1010 477 1082 ἔρωτα
511 1012 605 1066 τοῦ
638 1014 780 1069 Θεοῦ
812 1019 926 1080 τοῖς
959 1017 1272 1086 ἀνθρώποις
1304 1020 1544 1090 ἐνέθηκε
1582 1022 1744 1092 μόνος
1774 1022 1867 1077 καὶ

301 1103 413 1175 πῦρ
443 1104 615 1174 ἀνῆψε
649 1109 819 1161 πόθου
854 1108 1154 1178 σϐεσθῆναι
1192 1113 1387 1180 μηδενὶ
1412 1113 1746 1186 δυναμένην,
1803 1117 1866 1169 οδ

300 1196 411 1248 τῶν
470 1198 676 1269 ἑτέρως
726 1200 982 1269 ἑχόντων,
1032 1205 1094 1257 οὐ
1144 1204 1254 1257 τῶν
1302 1205 1611 1260 ἐνεστώτων
1657 1209 1719 1262 οὐ
1757 1209 1868 1263 τῶν

300 1285 640 1355 μελλόντωνι
683 1290 853 1363 Ὑπὲρ
906 1285 967 1345 οὗ
1023 1311 1115 1363 μοι
1151 1295 1302 1349 δοκεῖ
1349 1297 1441 1350 καὶ
1473 1299 1729 1368 πυρίναις
1771 1319 1871 1370 φα-

301 1377 460 1445 νῆναι
510 1380 788 1449 γλώσσαις
822 1384 1153 1455 είσενεχθεὶς
1185 1388 1267 1441 ὅτι
1321 1388 1420 1458 τὴν
1484 1392 1656 1462 πυρὸς
1711 1391 1871 1463 δίκην

260 1510 268 1531 ,.
299 1469 483 1523 πάντα
535 1473 825 1542 τολμῶσαν
897 1476 1123 1547 ἀγάπην
1180 1481 1520 1550 εἰσήνεγκεν,
1600 1484 1725 1537 ἐπεὶ
1771 1486 1871 1539 καὶ

301 1559 523 1626 πρῶτον
555 1562 717 1616 αὐτὸν
743 1564 835 1619 τοῦ
870 1565 1036 1637 νόμου
1087 1569 1388 1641 νομοθέτην
1415 1573 1608 1643 ἀγάπη
1639 1575 1870 1645 κεκόμι-

301 1668 398 1702 κεν
434 1653 512 1716 είς
536 1654 634 1724 τὴν
659 1654 784 1725 γῆν,
835 1659 928 1711 καὶ
981 1659 1114 1713 αὐτὸ
1140 1661 1201 1715 τὸ
1235 1662 1327 1716 τοῦ
1379 1666 1671 1734 νομοθέτου
1706 1667 1868 1736 σῶμα

302 1742 715 1810 φιλανθρωπίας
769 1748 889 1802 ἐστὶ
941 1749 1177 1819 καρπὸς,
1226 1754 1319 1806 καὶ
1363 1754 1541 1818 ἄλλως
1565 1755 1625 1809 δὲ
1662 1755 1812 1828 αὐτῷ
1842 1757 1871 1809 ὀ

300 1833 465 1902 νόμος
502 1835 647 1901 ἄπας
676 1837 879 1908 ἔρωτος
905 1841 1062 1910 γέμει
1093 1843 1187 1896 καὶ
1212 1843 1405 1899 τοῦτον
1435 1847 1538 1916 μὲν
1560 1846 1870 1901 ἐπιδείκνυ-

300 1940 394 1978 ται
426 1927 592 1980 πᾶσιν
621 1922 705 1991 οἷς
735 1928 872 2001 ἔχει,
906 1930 1095 1986 τοῦτον
1117 1932 1175 1986 δὲ
1205 1934 1439 2004 εἰσάγει,
1467 1936 1646 2007 τούτῳ
1668 1938 1726 1991 δὲ
1752 1938 1873 1991 πεί-

300 2014 407 2080 θει,
447 2014 637 2071 τοῦτον
656 2018 715 2072 δὲ
747 2021 880 2091 παρ’
911 2022 1069 2094 ήμῶν
1114 2024 1313 2094 δῶρον,
1361 2026 1506 2096 ὑπὲρ
1542 2021 1618 2082 ὧν
1650 2029 1870 2095 ἔδωκεν,

298 2106 565 2179 ἀποχρῶν
616 2112 836 2181 ἡγεῖται
889 2113 1092 2170 λαϐών.
1127 2118 1202 2170 Οὐ
1234 2116 1344 2185 γὰρ
1373 2119 1658 2174 ἐπιτάττει
1697 2123 1871 2177 καθά-

299 2214 407 2266 περ
429 2199 707 2269 ὀφείλουσι
738 2205 969 2272 δούλοις,
1003 2207 1121 2262 ἀλλ’
1147 2208 1339 2281 ὥσπερ
1370 2211 1588 2266 πολλῶν
1613 2213 1715 2284 μὲν
1743 2212 1881 2285 παρ’

300 2288 462 2374 ήμῶν
505 2290 643 2359 πρὸς
698 2291 864 2348 αὑτὸν
910 2294 1087 2350 πόνων
1127 2298 1520 2370 ἡγησαμένων,
1582 2301 1784 2373 πολλῆς
1817 2302 1874 2356 δὲ

290 2379 602 2449 ’συνηθείας
658 2385 753 2442 καὶ
808 2384 1069 2456 φίλτρων,
1130 2388 1222 2443 ἐπὶ
1268 2390 1367 2462 τὴν
1398 2394 1686 2446 κοινωνίαν
1718 2394 1875 2449 καλεῖ

299 2469 413 2522 τῶν
446 2470 611 2527 αὑτοῦ
652 2477 979 2546 προσιόντας
1030 2479 1193 2544 εὐθὺς
1236 2482 1293 2549 ἐξ
1357 2484 1535 2554 ἀρχῆς
1562 2502 1576 2515 ·
1613 2485 1725 2553 ἐγὼ
1773 2488 1873 2555 μὲν

302 2561 446 2632 ὑπὲρ
492 2564 595 2635 τῆς
642 2565 922 2635 βασιλείας
957 2569 1272 2642 ἠγώνισμαι
1320 2575 1414 2630 καὶ
1464 2577 1680 2640 πολλοῖς
1708 2595 1873 2649 φησιν

300 2651 503 2719 ἔπλεξα
562 2657 658 2710 τὸν
705 2660 972 2728 στέφανον
1030 2664 1233 2731 πόνοις,
1296 2667 1454 2736 ὑμεῖς
1520 2668 1578 2721 δὲ
1640 2670 1874 2742 ἀπονητὶ

299 2744 543 2807 δέξεσθε,
573 2747 709 2802 αἰτῶ
738 2751 796 2802 δὲ
826 2752 958 2822 παρ’
997 2754 1151 2824 ὑμῶν
1180 2758 1301 2810 ἀντὶ
1329 2758 1557 2825 τούτων,
1588 2762 1635 2814 εἰ
1667 2763 1871 2831 φιλεῖτε

303 2836 472 2891 πλέον
501 2841 673 2898 οὐδέν.

380 2929 447 2981 Ὢ
478 2930 578 3000 τῆς
626 2933 865 3005 ἀρρήτου
905 2942 1290 3011 χρηστότητος,
1340 2945 1390 2998 εί
1427 2946 1503 3016 μὴ
1536 2945 1685 3015 φιλεῖ
1710 2948 1872 3018 μόνον

298 3016 449 3073 οὕτω
493 3023 736 3095 σφοδρῶς
777 3028 916 3082 ἀλλὰ
952 3033 1045 3086 καὶ
1097 3034 1158 3085 τὸ
1205 3035 1480 3101 φιλεῖσθαι
1525 3040 1655 3110 παρ’
1713 3016 1872 3111 ήμῶν

298 3113 562 3169 τοσούτου
620 3120 848 3188 τιμᾶται
906 3124 1000 3176 καὶ
1052 3124 1193 3196 ὑπὲρ
1243 3130 1436 3183 τούτου
1472 3132 1651 3186 πάντα
1684 3137 1866 3190 ποιεῖι

2042 741 2162 799 Jam
2192 759 2321 799 vero
2350 744 2397 800 si
2447 746 2727 801 meditatio
2755 747 2900 802 circa
2942 747 3176 804 litteram
3212 751 3344 819 legis
3397 753 3540 807 hunc

1975 835 2149 905 ignem
2178 836 2477 892 accendere
2508 845 2707 906 potest,
2743 838 2870 907 quid
2897 838 3164 895 facturam
3197 844 3538 897 existimabi-

1976 942 2098 982 mus
2121 927 2292 997 legem
2327 928 2554 998 spiritus
2576 969 2591 995 ,
2626 943 2744 998 quae
2785 929 2899 983 sola
2934 946 3120 985 verum
3149 932 3239 987 Dei
3292 949 3534 987 amorem

1977 1018 2294 1072 hominibus
2328 1019 2581 1082 inseruit,
2604 1028 2658 1073 et
2689 1034 2882 1087 rogum
2912 1021 3204 1089 quemdam
3227 1024 3433 1079 amoris
3456 1025 3539 1077 in-

1978 1108 2299 1176 ﬂammavit,
2329 1126 2492 1180 quam
2519 1111 2668 1166 nulla
2691 1126 2777 1166 res
2804 1114 3002 1180 poterit
3036 1114 3402 1184 exstinguere,
3430 1133 3536 1172 non

1981 1215 2193 1270 aspera,
2251 1217 2362 1259 non
2414 1202 2678 1273 jucunda,
2722 1218 2829 1258 non
2889 1204 3126 1272 instans,
3160 1221 3268 1261 non
3322 1207 3534 1264 futura!

1978 1292 2150 1358 Quam
2180 1293 2253 1348 ob
2282 1308 2503 1349 causam
2538 1294 2677 1349 coelo
2705 1293 2979 1350 demissus
3016 1296 3217 1364 linguis
3239 1297 3411 1367 igneis
3442 1314 3542 1368 ape

1978 1382 2229 1450 paruisse
2256 1384 2390 1437 mihi
2421 1384 2655 1449 videtur,
2681 1385 2940 1453 quoniam
2993 1385 3315 1439 charitatem
3368 1387 3542 1442 instar

1975 1474 2118 1543 ignis
2151 1475 2331 1529 omnia
2380 1475 2761 1543 depascentem
2800 1475 3001 1541 intulit,
3029 1476 3297 1546 siquidem
3323 1488 3377 1532 et
3428 1480 3541 1547 pri-

1976 1582 2128 1620 mum
2163 1566 2534 1636 legislatorem
2563 1569 2741 1636 ipsum
2772 1568 3012 1623 charitas
3052 1568 3105 1621 in
3150 1577 3324 1623 terras
3347 1583 3543 1637 appor-

1977 1658 2130 1722 tavit,
2181 1668 2233 1712 et
2276 1657 2455 1727 ipsum
2509 1657 2836 1727 legislatoris
2888 1672 3113 1727 corpus,
3182 1656 3542 1712 humanitatis

1980 1749 2101 1820 ejus
2134 1750 2331 1821 pignus
2356 1765 2419 1805 ac
2447 1750 2659 1806 fructus
2679 1759 2805 1817 est;
2841 1760 2894 1807 et
2940 1759 3201 1819 praeterea
3227 1751 3398 1821 ipsius
3456 1751 3539 1804 lrx

1982 1849 2093 1896 tota
2123 1856 2310 1895 amore
2342 1849 2553 1908 scatet;
2584 1851 2639 1896 et
2669 1842 2816 1896 hunc
2846 1842 3107 1897 omnibus
3137 1842 3335 1910 quibus
3366 1849 3543 1909 potest

1975 1934 2152 1988 modis
2209 1933 2469 1996 ostendit,
2533 1934 2679 1988 hunc
2742 1933 3063 1999 introducit,
3119 1934 3264 1987 hunc
3327 1934 3539 1996 suadet,

1974 2022 2122 2079 hunc
2148 2038 2178 2078 α
2215 2024 2372 2080 nobis
2394 2025 2441 2079 si
2480 2025 2754 2089 retulerit,
2814 2025 3102 2081 sullicienti
3161 2039 3388 2079 munere
3436 2024 3540 2078 sibi

1974 2123 2076 2165 sua
2103 2108 2159 2163 in
2188 2122 2288 2166 nos
2316 2110 2507 2165 merita
2531 2121 2886 2180 compensate
2918 2112 3230 2166 arbitratur.
3257 2110 3374 2166 Non
3396 2113 3539 2165 enim

1975 2198 2134 2267 quasi
2168 2200 2346 2255 servis
2404 2200 2661 2270 obligatis
2710 2202 2962 2271 imperat,
3007 2203 3102 2258 sed
3159 2203 3318 2273 quasi
3354 2204 3541 2259 multis

1976 2298 2199 2360 propter
2230 2291 2413 2360 ipsum
2445 2290 2930 2361 defatigationibus
2979 2292 3315 2362 perfunctos,
3356 2297 3541 2366 longa-

1972 2395 2082 2451 que
2103 2382 2499 2436 consuetudine
2526 2391 2577 2437 et
2610 2397 2797 2438 amore
2820 2383 3121 2451 devinctos,
3156 2385 3337 2441 statim
3377 2395 3435 2440 ut
3474 2388 3541 2441 ad

1978 2486 2103 2526 eum
2140 2489 2199 2529 se
2224 2474 2571 2541 contulerint,
2624 2474 2690 2528 ad
2729 2477 3166 2532 communionem
3203 2492 3383 2532 rerum
3415 2493 3541 2532 sua.-

1976 2579 2096 2618 rum
2122 2576 2304 2620 vorat.
2331 2565 2442 2634 Ego
2461 2566 2680 2636 quidem
2711 2581 2807 2637 pro
2834 2583 3002 2638 regno
3024 2569 3315 2635 decertavi,
3344 2569 3540 2640 inquit,

1979 2657 2269 2727 multisque
2334 2658 2618 2715 laboribus
2673 2674 2932 2715 coronam
2989 2663 3174 2725 nexui,
3222 2678 3386 2732 quam
3446 2678 3543 2718 vos

1976 2752 2111 2806 citra
2148 2751 2389 2806 laborem
2444 2750 2748 2820 accipietis.
2792 2750 2899 2806 Pro
2944 2754 3026 2809 his
3054 2753 3201 2809 aliud
3258 2755 3332 2809 uil
3360 2756 3538 2827 exigo,

1976 2844 2079 2899 nisi
2107 2853 2165 2899 ut
2194 2860 2278 2898 me
2307 2845 2524 2901 ametis.
2864 2882 2870 2890 ι
3418 2860 3419 2865 ‘

2048 2939 2092 2995 Ο
2124 2938 2557 3008 inexplicabilem
2580 2938 2906 2995 lmnitateml
2944 2954 3048 2995 non
3082 2940 3260 2995 solum
3297 2948 3402 2995 tam
3427 2956 3543 2997 exs-

1975 3032 2082 3087 mie
2114 3032 2310 3101 diligit,
2345 3032 2439 3085 sed
2480 3031 2643 3087 etiam
2676 3031 2848 3086 amari
2880 3047 2907 3085 a
2937 3033 3093 3087 nobis
3128 3032 3259 3086 tanti
3287 3031 3538 3091 resumat.

1976 3123 2121 3192 quod
2158 3131 2216 3178 ut
2242 3132 2632 3192 consequatur,
2660 3123 2792 3177 nihil
2824 3125 3046 3178 omittit.
3083 3125 3215 3177 Nam
3244 3124 3372 3194 quid
3394 3124 3538 3178 aliud

302 3205 409 3257 Kal
448 3207 589 3269 τίνος
621 3210 730 3279 γὰρ
760 3210 949 3266 ἕνεκεν
996 3215 1320 3287 ᾡκόδομησε
1369 3222 1472 3290 μὲν
1501 3224 1730 3293 οὐρανὸν
1779 3230 1869 3281 καὶ

1978 3214 2187 3289 fuitcur
2206 3216 2425 3281 caelum,
2449 3222 2667 3279 terram,
2692 3214 2885 3276 solem,
2907 3222 2961 3269 et
2982 3217 3359 3285 aspectubilem
3385 3232 3543 3270 mnu-

299 3296 407 3390 γῆν
440 3299 535 3350 καὶ
557 3298 709 3367 ἥλιον
763 3302 857 3356 καὶ
891 3304 981 3357 τὸν
1006 3306 1279 3378 ὁρώμενον
1325 3313 1554 3382 κόσμον,
1588 3316 1682 3369 τοῦ
1716 3318 1871 3390 δὲμὴ

299 3389 587 3482 ὁρωμένου
638 3391 699 3443 τὸ
752 3394 968 3458 κάλλος,
1000 3393 1112 3451 οἷον
1149 3402 1239 3454 καὶ
1282 3403 1427 3467 ὅπως
1456 3407 1608 3478 αὑτῷ
1640 3415 1872 3482 συνέστη

298 3477 536 3547 νεύματι
565 3484 733 3554 μόνῳ,
767 3487 861 3541 καὶ
883 3490 983 3557 τὴν
1012 3491 1249 3547 ἐνταῦθα
1287 3498 1467 3551 πᾶσαν
1490 3500 1732 3557 διδάσκει
1781 3523 1871 3573 φι-

298 3572 587 3642 λοσοφίαν,
623 3576 655 3646 ἢ
686 3576 780 3630 τοῦ
811 3595 873 3647 γε
904 3582 1039 3650 πρὸς
1086 3584 1278 3639 ἑαυτὸν
1324 3591 1660 3662 ἐπιστρέψας
1688 3572 1873 3649 πεῖσαι

296 3663 520 3733 φιλείν;
567 3669 662 3722 καὶ
702 3670 842 3734 ὅλως
890 3674 1141 3746 καθάπερ
1180 3679 1229 3730 οῖ
1257 3678 1451 3751 θερμοὶ
1483 3686 1591 3738 τῶν
1627 3678 1885 3755 ἐραστῶν

292 3756 397 3825 τήν
434 3758 639 3825 σοφίαν
670 3762 802 3830 ἡμῖν
832 3764 1204 3821 ἐπιδείκνυται
1253 3774 1348 3823 καὶ
1404 3774 1501 3844 τήν
1530 3777 1874 3848 χρηστότητα

288 3850 385 3901 καὶ
431 3852 545 3921 τὴν
574 3852 794 3926 τέχνην,
837 3857 904 3909 ἵν’
942 3860 1174 3913 ἐνθεῖναι
1210 3863 1300 3915 τὸν
1335 3864 1514 3929 ἔρωτα
1545 3869 1635 3921 τὸν
1674 3871 1870 3927 ἑαυτοῦ

283 3942 531 4016 δυνηθῇ.
559 3945 668 3999 Καὶ
691 3947 874 4002 τοίνυν
904 3953 1136 4005 ποιεῖται
1153 3956 1405 4008 τοσοῦτον
1433 3958 1522 4010 to}
1548 3962 1874 4031 πράγματος

282 4037 441 4105 λόγον
476 4038 588 4092 zeal
614 4038 787 4104 οὕτως
818 4040 943 4110 ἄγει
974 4045 1169 4100 πολλοῦ
1191 4065 1355 4114 τινος,
1376 4049 1506 4102 ὥσθ’
1524 4053 1662 4122 ὑπὲρ
1685 4056 1873 4108 seuseu

280 4132 467 4187 πάντα
510 4136 778 4205 πονήσας,
822 4134 858 4187 ἃ
898 4136 1035 4191 Θεοῦ
1076 4140 1236 4207 φύσει
1268 4142 1565 4212 προσῆκεν,
1604 4147 1706 4200 οὐκ
1738 4150 1873 4216 ἀγα-

286 4225 492 4294 πῆσαι,
528 4224 672 4279 ἀλλὰ
707 4228 845 4296 πρὸς
893 4229 1086 4297 ἑτέραν
1144 4232 1306 4298 φύσιν
1368 4234 1518 4300 ἰδεῖν,
1579 4238 1718 4291 ὥστε
1778 4242 1873 4294 καὶ

292 4317 469 4389 ταύτῃ
534 4315 676 4384 πρὸς
726 4317 889 4370 τοῦτο
946 4319 1277 4389 χρήσασθαι,
1330 4324 1397 4376 ἵν’
1448 4323 1592 4398 ἅπερ
1619 4328 1719 4381 οὐκ
1757 4325 1870 4402 εἶχε

292 4410 507 4463 πείθειν
562 4409 643 4479 τῷ
683 4410 816 4473 Θεὸς
848 4407 1008 4480 εἶναι,
1039 4413 1211 4467 ταῦτα
1245 4417 1536 4486 γενόμενος
1587 4420 1872 4495 ἄνθρωπος

291 4502 523 4573 δυνηθῇ,
559 4503 656 4554 καὶ
688 4503 754 4555 δι’
779 4504 1078 4573 ἑκατέρων,
1103 4499 1179 4561 ὧν
1210 4525 1270 4561 τε
1328 4511 1541 4564 οἴκοθεν
1566 4509 1672 4585 ἧκε
1715 4518 1874 4587 κομί-

295 4593 429 4657 ζων,
468 4589 553 4648 ὧν
580 4610 641 4646 τε
686 4593 886 4659 ἔξωθεν
927 4596 1161 4668 εἰλήφει,
1195 4599 1287 4651 τὸν
1324 4598 1602 4671 ἐρώμενον
1632 4605 1873 4676 ἀναρτή-

295 4705 484 4757 σηται.
546 4687 734 4750 Οὕτως
763 4688 792 4740 ό
822 4687 915 4740 τοῦ
962 4692 1275 4759 πνεύματος
1302 4692 1463 4759 νόμος
1493 4694 1675 4763 φιλίας
1705 4698 1876 4751 ἐπιει-

298 4779 412 4841 κῶς
479 4782 605 4833 ἐστι
651 4780 816 4849 νόμος
874 4780 967 4833 καὶ
1015 4783 1148 4850 πρὸς
1185 4785 1607 4856 εὐγνωμοσύνην
1652 4790 1878 4845 αὐτόθεν

296 4873 483 4924 ἀσκεῖ.
510 4871 613 4924 Διὰ
641 4871 800 4923 τοῦτο
846 4874 1176 4940 προσεκτέον
1209 4876 1359 4946 αὐτῷ
1394 4879 1484 4931 τὸν
1536 4881 1658 4933 νοῦν
1683 4897 1697 4911 ο
1721 4883 1875 4951 ττρῶ-

296 4981 391 5015 τον
448 4964 554 5032 μὲν
602 4964 684 5016 ὅτι
715 4962 835 5014 ούδὶ
872 4963 1033 5032 ἱδρώς
1084 4968 1234 5020 ἐστιν
1263 4969 1499 5023 ἐνταῦθα
1532 4972 1728 5038 οὐδεὶς,
1753 4976 1876 5029 οὐδὲ

297 5057 382 5109 δεῖ
414 5057 606 5107 πονεῖν
625 5055 744 5107 οὐδὲ
768 5055 1029 5123 χρήματα
1058 5058 1391 5124 ἀναλίσκειν,
1425 5063 1539 5116 οὐδ’
1565 5064 1750 5131 ἀδοξία
1781 5068 1876 5134 γέε

297 5149 433 5200 νοιτ⁹
485 5147 555 5200 ἂν
600 5146 712 5198 οὐδ’
764 5148 1023 5216 αἰσχύνη,
1051 5148 1162 5201 οὐδ’
1190 5150 1319 5203 ἄλλο
1352 5170 1413 5220 γε
1442 5154 1592 5207 οὐδὲν
1644 5159 1880 5225 ἐσόμεθα

300 5239 555 5309 χείρους,
577 5236 714 5291 ἀλλὰ
744 5238 839 5290 καὶ
865 5236 1081 5307 τέχναις
1105 5236 1223 5291 ἔστι
1252 5241 1564 5311 χρήσασθαι
1599 5247 1754 5299 οὐδὲν
1785 5244 1880 5317 ἦτ-

299 5350 419 5394 τον,
455 5330 557 5382 καὶ
586 5331 721 5399 πρὸς
746 5328 1087 5399 ἐπιτήδευμα
1134 5330 1316 5384 ὁτιοῦν
1372 5332 1517 5402 ἔχειν
1575 5336 1727 5389 οὐδὲν
1776 5338 1881 5391 κώ-

302 5426 477 5492 λυμα,
513 5423 609 5475 καὶ
639 5422 1006 5492 στρατηγήσει
1042 5422 1146 5491 μὲν
1171 5424 1199 5475 ό
1232 5426 1560 5495 στρατηγὸς,
1590 5430 1681 5481 καὶ
1709 5447 1882 5499 γεωρ-

302 5519 470 5586 γήσει
510 5514 570 5568 δὲ
600 5517 628 5567 ό
661 5513 928 5583 γεωργὸς,
985 5515 1077 5566 καὶ
1129 5515 1460 5584 δημιουργὸς
1511 5521 1879 5588 προστήσεται

304 5608 418 5657 τῶν
453 5606 635 5674 ἔργων
660 5605 753 5658 καὶ
781 5604 841 5657 οὐ
865 5604 1047 5674 δεήσει
1075 5622 1137 5673 γε
1168 5605 1347 5659 οὐδενὶ
1397 5607 1508 5660 τῶν
1538 5611 1881 5678 γιγνομένων

305 5697 398 5750 διὰ
449 5696 705 5749 τουτουσὶ
726 5698 852 5758 τοὺς
898 5695 1110 5764 λόγους.
1138 5697 1211 5750 Οὐ
1237 5697 1344 5765 γὰρ
1373 5699 1631 5768 ἐσχατιὰν
1668 5703 1879 5770 ἀνάγκη

310 5785 682 5852 καταλαϐεῖν,,
718 5789 825 5841 οὐδ’
864 5788 1007 5859 ἀήθη
1040 5788 1159 5843 τινὰ
1196 5787 1495 5857 προσέσθαι
1527 5788 1731 5860 τροφὴν
1775 5793 1883 5844 οὐδ’

385 5906 428 5935 ⁸³
453 5906 607 5961 Paul.
639 5921 675 5972 ι,
708 5906 755 5972 l,
794 5905 851 5961 ‘2.

1977 3313 2104 3363 dum
2138 3308 2439 3364 conderet?
2478 3306 2610 3377 Ejus
2646 3322 2772 3362 vero
2799 3307 2890 3377 qui
2931 3322 3038 3361 non
3074 3309 3338 3372 cernitur,
3364 3310 3542 3377 ιιιιιιιίς

1979 3402 2349 3470 pulchritudo,
2380 3412 2435 3457 et
2468 3401 2744 3472 quomodo
2775 3400 2843 3455 ab
2872 3415 2938 3456 eo
3003 3410 3137 3455 nutu
3191 3401 3310 3455 solu
3337 3402 3542 3455 Consti-

1980 3504 2128 3550 tutus
2156 3496 2247 3560 sit,
2277 3505 2330 3551 et
2359 3510 2579 3550 omnem
2632 3509 2793 3564 quam
2836 3495 2887 3547 in
2919 3493 3031 3549 haec
3063 3493 3318 3546 inferiora
3352 3508 3541 3545 curam

1977 3588 2243 3653 conferat,
2278 3602 2387 3642 non
2418 3586 2524 3643 alio
2548 3587 2654 3640 fine
2705 3585 2884 3648 docet,
2920 3599 3082 3653 quam
3134 3594 3194 3638 ut
3224 3583 3288 3636 ad
3326 3597 3385 3638 se
3413 3597 3544 3635 eou-

1982 3678 2152 3734 versis
2185 3693 2424 3733 amorem
2472 3676 2555 3731 sui
2606 3678 2853 3731 suadeat.
2906 3675 2969 3729 Et
3023 3676 3266 3739 omnino,
3302 3671 3444 3727 sicut
3486 3672 3541 3725 iu

1980 3787 2163 3826 amore
2203 3771 2495 3826 ferventes.
2530 3769 2877 3838 sapientiam,
2917 3767 3236 3827 bonitatem,
3280 3775 3334 3821 et
3368 3771 3540 3817 artem

1979 3865 2341 3925 demonstrat,
2400 3869 2458 3914 ut
2485 3860 2712 3931 injicere
2753 3859 2910 3913 nobis
2950 3857 3035 3911 sui
3079 3872 3321 3911 amorem
3350 3855 3541 3925 possit.

1982 3954 2213 4007 Proinde
2252 3953 2329 4008 rei
2365 3952 2530 4020 hujus
2579 3960 2785 4005 tantam
2825 3948 3091 4004 rationem
3123 3948 3292 4011 ducit,
3326 3956 3379 4001 et
3409 3947 3543 4000 adeo

1981 4044 2162 4114 magni
2188 4059 2306 4098 eum
2336 4043 2591 4107 aestimat,
2618 4051 2678 4096 ut
2700 4057 2824 4097 cum
2865 4057 2963 4110 pro
2993 4055 3055 4093 ea
3090 4039 3306 4093 fecisset
3339 4037 3540 4101 omnia,

1980 4152 2101 4208 quae
2134 4135 2225 4190 Dei
2274 4142 2472 4189 natura
2516 4132 2840 4204 patiebatur,
2896 4145 3001 4185 nou
3062 4130 3399 4198 ﬂllit'SCCl'Cl;
3444 4127 3539 4181 sed

1979 4231 2043 4285 ad
2095 4229 2257 4283 aliam
2291 4236 2543 4281 naturam
2609 4238 2668 4279 se
2717 4222 2890 4288 daret,
2936 4237 3043 4291 qua
3096 4223 3162 4276 ad
3196 4223 3336 4276 idem
3389 4235 3542 4288 aeque

1977 4325 2245 4384 uteretur,
2283 4325 2342 4373 ut
2368 4332 2489 4388 qua:
2520 4315 2847 4385 persuadere
2878 4329 2983 4367 non
3038 4323 3269 4383 poterat,
3294 4330 3356 4365 uo
3395 4313 3540 4382 (μιυά

1978 4416 2121 4471 Deus
2150 4422 2316 4475 esset,
2343 4425 2404 4465 ea
2438 4410 2600 4465 homo
2654 4408 2828 4464 factus
2861 4416 3065 4476 posset,
3100 4419 3151 4460 et
3188 4423 3280 4474 per
3308 4415 3540 4474 utraque

1978 4518 2090 4565 tum
2120 4505 2440 4569 domestica,
2463 4518 2585 4573 qua:
2606 4501 2825 4557 veniens
2844 4500 3119 4556 afferebat.
3145 4508 3256 4552 tum
3282 4512 3543 4563 extranea

1978 4616 2100 4672 qua:
2133 4602 2526 4667 assumpserat,
2561 4595 2787 4647 charum
2820 4592 2922 4646 sibi
2951 4593 3015 4645 ad
3052 4590 3348 4649 amieitium
3385 4610 3540 4647 suam

1979 4693 2321 4761 adiungeret.
2349 4686 2437 4741 Sic
2482 4686 2567 4741 lex
2598 4684 2844 4754 spiritus,
2874 4683 2997 4752 jure
3023 4683 3103 4736 lex
3151 4695 3234 4737 est
3265 4685 3542 4749 amicitim,
3620 4688 3624 4695 '

1980 4787 2217 4853 indeque
2267 4783 2333 4835 ad
2392 4778 2652 4835 beneﬁcia
2725 4776 3072 4847 agnoscenda
3128 4791 3230 4830 nos
3302 4787 3541 4831 exercet.

1978 4879 2159 4944 Quare
2175 4875 2417 4930 studiose
2445 4874 2652 4926 in.eam
2705 4868 3130 4923 iucumbemlum
3163 4878 3263 4921 est.
3300 4868 3542 4921 Primqu

1980 4969 2221 5040 quidem,
2248 4965 2506 5035 quoniam
2555 4976 2732 5032 neque
2760 4959 2930 5014 sudor
2956 4959 3042 5013 hic
3067 4957 3232 5014 ullus.
3260 4972 3356 5011 nec
3395 4959 3545 5011 Iabur

1980 5072 2082 5126 est,
2123 5076 2222 5115 nec
2243 5068 2512 5124 sumptus,
2539 5071 2636 5110 nec
2676 5053 2978 5117 infamiam,
3014 5059 3107 5104 aut
3136 5050 3395 5118 probrum
3450 5067 3545 5122 pa~

1983 5156 2072 5217 rit,
2112 5169 2210 5208 nec
2244 5152 2312 5207 ob
2344 5151 2488 5204 aliud
2532 5149 2678 5202 illius
2716 5145 2997 5215 quippiam
3060 5142 3285 5197 viliores
3313 5159 3541 5206 sumus;

1986 5248 2079 5302 sed
2109 5257 2163 5299 et
2195 5256 2341 5298 artes
2386 5252 2620 5296 tractare
2681 5236 3037 5291 nihilominus
3082 5235 3290 5289 licitum
3341 5244 3444 5299 est,
3491 5246 3545 5289 ct

1981 5339 2349 5409 quodcunque
2406 5333 2646 5387 studium
2704 5326 2901 5381 sectari
2947 5326 3081 5380 nihil
3114 5335 3278 5379 vetat.
3321 5325 3386 5377 Et
3438 5326 3541 5377 dux

1983 5432 2284 5486 exercitum
2335 5427 2512 5487 ducet,
2557 5432 2611 5475 et
2651 5419 2889 5488 agricola
2922 5429 3122 5472 terram
3160 5418 3324 5479 colet,
3350 5425 3402 5467 et
3430 5415 3544 5475 οβ’-

1987 5524 2070 5577 fex
2116 5518 2327 5586 urgebit
2369 5530 2526 5583 opus,
2583 5522 2635 5565 et
2698 5511 2797 5563 hac
2840 5509 3061 5578 quidem
3110 5508 3175 5558 de
3207 5518 3365 5558 causa
3408 5500 3541 5553 nihil

1984 5629 2171 5670 eorum
2200 5625 2319 5678 quze
2375 5609 2552 5661 facere
2596 5601 2906 5666 consuevit,
2970 5598 3361 5669 pratermittct.
3420 5592 3535 5643 Non

1987 5708 2040 5759 iu
2077 5700 2440 5757 remotissima
2496 5698 2608 5751 loca
2669 5692 3005 5755 abeundum,
3056 5701 3155 5741 nec
3203 5686 3410 5738 inSueta
3448 5683 3543 5735 ali-

1990 5795 2167 5848 monia
2199 5788 2526 5848 adhibenda,
2570 5802 2666 5840 uec
2696 5780 3051 5854 permutanda
3092 5775 3270 5833 vestis.
3306 5789 3401 5827 nec
3426 5788 3543 5826 eor-
