4134 6314
581 381 690 446 639

1823 379 2137 440 NlCOLAI
2178 380 2568 443 CABASILIE

3742 381 3851 445 66)

575 493 877 563 rumpenda
926 491 1202 557 valetudo,
1244 505 1344 546 nec
1375 490 1523 545 aliud
1555 486 1862 544 audendum
1896 488 2147 558 facinus;

2261 493 2491 562 ἀμεῖψαι
2523 492 2826 564 θοὶμάτιον,
2864 494 2973 549 οὐδ’
3003 494 3192 561 ὑγείαν
3212 489 3554 564 διαφθεῖραι.
3581 492 3690 545 οὐδ’
3719 494 3852 548 ἄλλο

574 586 669 640 sed
710 584 840 638 licet
892 582 1039 639 domi
1089 599 1202 639 sua:
1236 591 1570 645 manentem,
1634 581 1880 651 nihilque
1929 598 2152 637 suarum

575 676 896 733 facultatum
955 676 1317 739 amittentem,
1352 690 1477 729 cum
1543 675 1696 729 hisce
1726 675 2156 746 cogitationibus

574 768 957 839 quotidianum
993 767 1194 822 habere
1222 767 1644 821 commercium.
1672 782 1675 785 π
1700 763 1841 832 Quid
1868 781 1999 837 ergo
2027 767 2154 821 talia

577 861 717 915 bona
755 858 870 913 fieri
901 858 1176 928 prohibet,
1209 872 1309 927 pro
1339 858 1541 928 quibus
1569 857 1733 911 etiam
1759 857 1976 913 labores
2028 874 2154 928 pcr-

575 950 719 1006 ferre
748 965 965 1019 aequum
1002 958 1140 1012 erat,
1171 949 1219 1003 si
1254 950 1325 1004 ita
1366 964 1453 1004 res
1484 949 1743 1004 tulisset?
1776 948 1832 1003 Si
1873 950 2019 1003 enim
2053 950 2155 1004 ho-

576 1041 755 1096 mines
802 1050 986 1105 natos,
1028 1047 1084 1095 et
1121 1039 1176 1094 vi
1230 1039 1501 1109 cogitandi
1552 1040 1830 1111 prmdztus,
1888 1040 2156 1111 quidquid

578 1134 814 1196 tandem,
843 1142 897 1186 et
920 1132 1304 1202 qualecunque
1332 1132 1576 1201 cogitare
1619 1141 1857 1202 Oportet,
1882 1132 2157 1201 quomodo

577 1242 688 1280 non
734 1227 941 1295 optima
977 1240 1211 1297 quaque
1249 1224 1535 1295 cogitanda
1569 1223 1729 1279 sunt?
1761 1223 1847 1288 Et,
1882 1223 1927 1278 si
1972 1224 2157 1278 inania

576 1319 922 1389 abiectaque,
959 1325 1015 1372 et
1037 1332 1103 1372 ex
1139 1316 1342 1386 quibus
1362 1314 1667 1387 cogitantes
1703 1314 1995 1369 utilitatem
2032 1314 2156 1367 unl-

577 1412 683 1465 lam
708 1418 1143 1480 consequuntur,
1168 1422 1447 1479 nunquam
1484 1407 1791 1462 existimata
1833 1414 1962 1460 sunt
1986 1405 2159 1461 fortu-

577 1517 728 1565 nam,
783 1511 877 1555 aut
906 1508 1104 1564 artem,
1158 1508 1252 1554 aut
1309 1499 1519 1569 copias,
1552 1508 1648 1554 aut
1684 1496 2050 1567 quodcunque
2090 1495 2158 1551 ad

578 1594 744 1648 vitam
791 1592 1082 1649 conferens
1125 1592 1222 1649 ulli
1265 1592 1539 1648 deteriora
1596 1591 1876 1654 effectura,
1931 1590 2159 1646 minime

580 1687 827 1742 omnium
858 1687 1031 1742 bonas
1083 1686 1447 1758 cogitationes
1474 1686 1530 1741 in
1565 1685 1668 1740 hoc
1701 1683 1910 1739 crimen
1938 1697 2155 1744 vocare,

579 1792 634 1835 et
672 1780 815 1849 quod
848 1781 1049 1834 bonum
1080 1788 1183 1844 est,
1239 1794 1340 1848 pro
1386 1779 1529 1832 male
1584 1792 1848 1833 accusare
1893 1791 1993 1846 par
2050 1786 2154 1830 est.

580 1872 747 1942 Atqui
793 1874 905 1927 isto
946 1871 1107 1927 modo
1160 1871 1366 1927 bellare
1426 1870 1632 1925 nemini
1684 1868 1924 1939 expedit.
1985 1865 2157 1921 Porro

583 1962 722 2017 nihil
750 1977 975 2031 prorsus
1002 1961 1373 2026 insuavitatis,
1411 1975 1475 2014 ac
1503 1956 1765 2014 molestia:
1790 1956 2015 2015 habent.
2048 1968 2155 2007 non

583 2054 763 2122 magis
786 2069 955 2122 quam
1004 2057 1183 2123 ipsum
1227 2052 1518 2123 gaudium,
1544 2049 1713 2119 quod
1740 2062 1863 2103 vere
1897 2045 2159 2116 appellari

587 2151 841 2212 possunt.
873 2142 1003 2199 Sive
1052 2144 1199 2198 enim
1233 2143 1457 2213 optimis
1497 2142 1766 2207 laetantur,
1836 2139 1910 2193 nil
1966 2136 2161 2190 melius

589 2236 704 2290 fieri
737 2235 937 2305 poterit
973 2233 1427 2305 cogitationibus,
1460 2248 1583 2303 qua;
1605 2231 1906 2294 Christum,
1938 2237 1991 2283 et
2018 2226 2162 2281 illius

586 2326 982 2396 benignitatem
1015 2327 1479 2396 complectuntur,
1507 2324 1768 2393 quoniam
1806 2338 1983 2386 neque
2018 2321 2162 2388 ipsa-

580 2433 703 2475 :um
726 2435 932 2483 rerum,
959 2419 1014 2473 in
1031 2418 1233 2487 quibus
1246 2425 1334 2471 est
1350 2417 1577 2471 ultimus
1599 2416 1867 2469 bonorum
1890 2412 2036 2476 linis,
2068 2428 2163 2465 ne-

582 2526 691 2582 que
713 2509 995 2579 proprium
1027 2505 1329 2577 quidquam
1356 2517 1524 2559 suave
1556 2511 1611 2558 et
1631 2502 1890 2565 amicum,
1913 2498 2164 2569 quamvis

587 2601 973 2655 multolabore
1002 2597 1294 2668 quaesitum
1321 2596 1592 2659 invenias,
1641 2591 1790 2662 quod
1843 2591 2000 2646 nobis
2053 2603 2165 2658 pra:

583 2693 704 2747 istis
761 2689 1073 2745 conveniat.
1103 2686 1220 2742 Non
1261 2687 1406 2742 enim
1469 2685 1771 2742 secundum
1836 2682 2160 2751 sanguinem

582 2783 964 2838 tantummodo
1006 2780 1226 2850 genitis,
1248 2794 1349 2834 nec
1371 2778 1507 2848 ipsis
1525 2776 1869 2847 genitoribus
1894 2773 2162 2843 simplici-

581 2888 686 2941 ter,
727 2876 819 2931 sed
845 2876 958 2945 jam
994 2872 1162 2929 etiam
1214 2870 1373 2926 nobis
1402 2871 1537 2939 ipsis
1569 2869 1854 2938 coguatior
1910 2867 2164 2921 Christus

582 2980 688 3030 est,
714 2976 770 3020 ut
795 2976 957 3022 antea
989 2964 1301 3020 docuimus.
1323 2962 1461 3017 Hinc
1485 2961 1685 3017 anima:
1703 2958 2002 3029 cogitatrici
2031 2956 2165 3010 nihil

584 3060 920 3130 p~=euliarius
943 3073 1107 3128 quam
1138 3057 1191 3111 iu
1216 3058 1333 3126 ipso
1354 3064 1672 3125 occupatam
1717 3066 1861 3108 esse.
1892 3052 2083 3120 itaque
2112 3058 2168 3102 ct

2259 603 2311 639 τι
2340 585 2611 656 τολμῆσαι
2634 586 2923 657 τόλμημα,
2954 586 3069 640 ἀλλ’
3104 587 3254 639 εστιν
3285 585 3427 639 οἴκοι
3471 586 3705 655 μένοντα
3752 588 3848 640 καὶ

2262 674 2430 744 μηδὲν
2460 675 2767 730 ἀπολλύντα
2799 658 2910 730 τῶν
2943 676 3299 747 ὑπαρχόντων
3349 675 3562 738 τούτοις
3592 675 3681 729 ἀεὶ
3716 692 3842 729 συν-

2257 767 2402 819 εἶναι
2449 768 2565 830 τοῖς
2609 767 2913 839 λογισμοῖς.
2974 767 3039 821 Τί
3096 766 3191 822 οὖν
3232 765 3435 822 κωλύει
3485 767 3738 838 γενέσθαι
3778 768 3851 822 τὰ

2258 858 2486 913 τοιαῦτα
2521 860 2782 931 χρηστὸν,
2821 861 2964 928 ὑπὲρ
2993 854 3069 915 ὧν
3095 859 3190 913 καὶ
3219 860 3416 923 πόνους
3450 859 3600 924 είκδς
3633 854 3702 932 ἦν
3734 861 3852 914 ινέ-

2258 966 2393 1017 γκαι
2421 950 2658 1020 deﬂeam;
2693 951 2754 1004 Εί
2780 952 2889 1023 γὰρ
2912 952 3235 1024 ἀνθρώπους
3266 951 3426 1015 ὄντας
3469 953 3566 1005 καὶ
3617 952 3841 1021 λογίζε-

2258 1044 2382 1094 σθαι
2412 1041 2746 1113 δυναμένους
2776 1044 2956 1097 ὁτιοῦν
3007 1045 3222 1115 ἀνάγκη
3256 1044 3598 1114 λογίζεσθαι,
3632 1045 3745 1109 πῶς
3787 1046 3847 1099 οὐ

2259 1133 2328 1187 τὰ
2370 1134 2621 1205 βέλτιστα
2676 1137 2782 1206 χρὴ
2829 1135 3184 1204 λογίζεσθαις
3236 1138 3331 1190 καὶ
3385 1137 3434 1189 εί
3483 1136 3691 1207 μάταια
3746 1136 3844 1190 καὶ

2260 1226 2438 1295 φαῦλα
2465 1227 2559 1281 καὶ
2589 1218 2668 1281 ῶν
2715 1225 2912 1296 ὄφελος
2952 1227 3105 1280 οὐδὲν
3138 1229 3254 1291 τοῖς
3287 1227 3684 1297 ’λογιζομένοις
3727 1226 3848 1279 οὐδὲ

2260 1317 2481 1370 πώποτε
2514 1316 2797 1387 ἐνομίσθη,
2835 1316 3005 1388 τύχην
3040 1316 3074 1388 ἢ
3115 1319 3318 1389 τέχνην
3369 1317 3532 1389 ἢτὴν
3583 1317 3773 1371 οὐσίαν
3814 1317 3847 1386 ἢ

2259 1410 2439 1462 ὁτιοῦν
2478 1408 2587 1461 τῶν
2615 1408 2760 1461 κατά
2806 1410 2899 1462 τὸν
2959 1409 3076 1479 βίον
3128 1409 3303 1463 οὐδενὶ
3355 1409 3548 1479 χείρω,
3596 1409 3849 1477 ποιήσειν

2259 1500 2465 1570 ἥκιστα
2514 1500 2579 1570 δὴ
2640 1500 2866 1554 πάντων
2915 1505 3036 1564 ταῖς
3090 1500 3329 1568 ἀγαθαῖς
3382 1500 3619 1562 ἐννοίαις
3676 1498 3846 1551 ταῦτα

2264 1590 2596 1662 μεμψόμεθα
2647 1592 2744 1644 καὶ
2794 1592 3035 1661 τάγαθδν
3083 1593 3350 1664 διὼξομεν
3401 1593 3698 1663 πονηρίας.
3740 1593 3846 1646 Καὶ

2264 1684 2369 1753 μὴν
2399 1682 2541 1737 οὕτω
2573 1684 2672 1753 μὲν
2698 1684 2881 1738 οὐδενὶ
2917 1685 3190 1739 λυσιτελεῖ
3240 1684 3565 1756 πολεμοῦσι,
3626 1685 3842 1739 σύνεστι

2259 1776 2317 1829 δέ
2342 1794 2426 1839 τις
2457 1778 2649 1841 αὐταῖς
2697 1777 2859 1848 ἀηδία
2907 1777 3075 1848 σχολῇ
3132 1793 3219 1846 γε,
3257 1777 3316 1830 οὐ
3383 1777 3587 1847 μᾶλλον
3618 1777 3649 1845 ἢ
3680 1778 3844 1847 αὐτὴν

2261 1865 2437 1922 ταῦτα
2479 1867 2545 1922 ἀν
2592 1867 2739 1920 εῐποι
2773 1883 2856 1932 τις
2886 1868 2986 1938 τὴν
3012 1868 3186 1938 χχράν
3212 1883 3225 1897 ·
3262 1866 3374 1919 εἴτε
3413 1869 3525 1937 γὰρ
3553 1869 3667 1930 τοῖς
3722 1868 3844 1938 ἀρίο

2266 1976 2416 2022 στοις
2472 1960 2763 2030 χαίρομεν,
2816 1962 3029 2029 βέλτιον
3069 1958 3270 2029 γένοιτ’
3328 1956 3395 2014 ἂν
3443 1959 3598 2013 οὐδὲν
3628 1959 3736 2012 τῶν
3760 1962 3847 2012 ὲν-

2262 2050 2443 2112 νοιῶν,
2480 2050 2535 2103 αῖ
2568 2050 2659 2104 τὸν
2692 2050 2929 2121 Χριστὸν
2955 2050 3142 2123 ἔχουσι
3169 2054 3259 2105 καὶ
3289 2051 3388 2122 τὴν
3419 2051 3631 2105 ἐκείνου
3659 2051 3846 2121 φιλαν-

2263 2144 2539 2213 θρωπίαν,
2570 2144 2653 2197 ὅτι
2687 2144 2822 2214 μηδὲ
2855 2144 3039 2197 αὐτῶν
3074 2144 3182 2197 τῶν
3240 2145 3610 2215 πραγμάτων,
3666 2147 3723 2198 ἐν
3767 2139 3848 2207 οἷς

2264 2236 2429 2297 αὐτός
2452 2238 2597 2289 ἐστιν
2625 2237 2653 2289 ό
2681 2238 2995 2299 τελευταῖος
3025 2237 3121 2305 τῆς
3152 2237 3522 2306 χρηστότητος
3551 2237 3697 2307 ὅρος,
3727 2237 3835 2291 εἴτε

2264 2330 2327 2382 τὸ
2354 2331 2555 2382 οἰκεῖον
2587 2329 2690 2400 ἡδὺ
2728 2328 2825 2383 καὶ
2849 2332 3025 2397 φίλον,
3078 2328 3286 2382 τούτων
3337 2332 3468 2399 ἡμῖν
3502 2330 3531 2383 ὀ
3580 2335 3847 2400 προσήκει

2266 2421 2491 2491 μᾶλλον,
2523 2420 2630 2473 οὐδ’
2678 2420 2744 2474 ἂν
2789 2417 2868 2485 εἷς
2922 2420 3073 2491 εὖροι
3137 2420 3310 2473 πολλά
3369 2422 3586 2493 καμὼν.
3627 2423 3700 2476 Οὐ
3738 2425 3847 2491 γὰρ

2266 2513 2377 2568 τῶν
2428 2514 2772 2583 γιγνομένων
2837 2514 2959 2567 καθ’
3010 2509 3148 2582 αἷμα
3199 2514 3359 2581 μόνον
3400 2513 3697 2579 ἀπλῶ;,οὺ
3738 2514 3849 2569 τῶν

2266 2606 2678 2675 γεγεννηκότων
2737 2604 2940 2669 αὐτῶν,
2996 2605 3114 2659 ἀλλ’
3144 2606 3245 2677 ήδη
3300 2607 3396 2660 καὶ
3447 2607 3609 2678 ἡμῶν
3663 2609 3847 2661 αὐτῶν

2268 2699 2701 2766 συγγενέστερος
2729 2697 2757 2748 ό
2788 2697 3024 2766 Χριστὸς
3056 2697 3165 2752 ἀπὸ
3195 2698 3306 2750 τῶν
3330 2698 3612 2769 προτέρων
3635 2698 3848 2752 δέδεικο

2265 2812 2357 2847 ται
2400 2794 2598 2861 λόγων.
2643 2792 2808 2845 Ὅθεν
2875 2790 3192 2859 συμϐαίνει,
3236 2794 3333 2845 καὶ
3379 2792 3457 2862 τῷ
3513 2791 3848 2862 λογιζομένῳ

2266 2888 2365 2955 τῆς
2392 2886 2574 2955 ψυχῆς
2600 2885 2708 2938 τῶν
2741 2885 2870 2953 περὶ
2906 2883 3071 2937 αὑτοῦ
3101 2885 3273 2953 λόγων
3304 2884 3469 2952 μηδὲν
3503 2882 3846 2952 οἰκειότερον

2269 2976 2436 3045 εἶναι,
2471 2979 2613 3032 ὥστε
2650 2980 2744 3031 καὶ
2794 2976 2864 3030 δι’
2917 2971 2993 3030 ὧν
3035 2978 3252 3039 οίκείως
3279 2976 3409 3044 ἡμῖν
3434 2976 3528 3025 καὶ
3558 2972 3846 3039 συγγενῶς

2271 3073 2407 3141 ἔχει,
2445 3072 2541 3124 καὶ
2589 3065 2671 3132 οἷς
2717 3069 2914 3139 ἀρίστη
2944 3068 3131 3122 πασῶν
3170 3068 3338 3131 ἐστιν,
3380 3063 3514 3133 ἡδίω
3545 3064 3839 3133 χαρίεντος

583 3167 679 3220 per
713 3166 835 3217 quiia
876 3149 1164 3205 fariiiliaris
1193 3157 1248 3202 et
1300 3156 1570 3217 cognatus
1618 3146 1776 3201 nobis
1806 3154 1910 3210 est,
1963 3155 2017 3197 ct
2043 3157 2158 3212 quae

2272 3166 2397 3217 ὅτου
2425 3179 2507 3224 τις
2542 3160 2607 3214 ἂν
2638 3159 2809 3223 εἴποι,
2857 3159 2957 3230 τὴν
3010 3157 3292 3228 διατριϐὴν
3341 3154 3544 3224 ταύτην
3567 3148 3707 3205 εἶναι
3748 3152 3841 3222 βε-

585 3245 792 3312 optima
829 3250 886 3297 et
944 3243 1190 3297 omnium
1218 3242 1514 3312 jucundior
1558 3249 1644 3293 est
1692 3235 2032 3297 consuetudo
2069 3234 2165 3288 ba-

584 3334 806 3405 ptizatis
832 3333 1142 3399 animabus,
1178 3348 1341 3399 quam
1377 3332 1484 3385 alia
1515 3345 1859 3401 quzecunque
1900 3330 2116 3381 tandem
2146 3342 2161 3392 ;

585 3426 835 3496 intelligo
865 3435 1048 3481 autem
1108 3433 1231 3495 post
1259 3424 1539 3477 lavacrum
1574 3437 1680 3474 non
1716 3419 1869 3474 valde
1899 3419 2164 3488 squalen—

585 3520 758 3580 tibus.
785 3519 930 3574 sicut
958 3516 1195 3583 Hebraei,
1246 3531 1388 3586 quos
1436 3514 1776 3570 admirabilis
1812 3512 1904 3567 ille
1935 3511 2165 3578 Stepha-

587 3626 693 3665 nus
724 3609 1147 3664 incircumcisos
1171 3608 1337 3663 corde
1368 3616 1424 3661 et
1467 3607 1692 3661 auribus
1732 3603 2059 3659 nominabat
2091 3603 2158 3656 ⁸³.

584 3702 697 3756 Nec
745 3700 1005 3754 damnum
1070 3697 1238 3767 igitur
1304 3697 1472 3752 ullum
1535 3698 1786 3750 humana:
1846 3696 1971 3750 vitae
2041 3707 2163 3763 pro-

587 3804 704 3863 pter
762 3795 897 3848 istas
944 3790 1308 3862 cogitationes
1355 3790 1661 3859 importari,
1709 3798 1764 3841 et
1808 3787 1861 3842 iu
1928 3787 1993 3842 iis
2024 3801 2162 3855 gau-

583 3886 739 3941 d-ium
778 3901 843 3941 ac
871 3883 1205 3953 voluptatem
1253 3883 1453 3946 inesse,
1515 3897 1579 3934 ex
1645 3880 1806 3935 dictis
1856 3888 2029 3949 patet.
2078 3877 2161 3929 An

582 3993 717 4033 vere
743 3975 955 4032 utilitas
977 3990 1197 4045 quoque
1221 3974 1377 4040 insit,
1408 3983 1462 4029 et
1483 3974 1693 4041 juvent,
1734 3974 2161 4037 contineantque

583 4069 953 4140 pulcherrima
980 4076 1035 4123 et
1064 4067 1530 4138 opportunissima
1557 4066 1826 4129 omnium,
1852 4065 1904 4119 id
1940 4075 2160 4133 quoque

578 4161 693 4229 jam
721 4158 920 4229 patuit,
945 4169 1000 4212 et
1042 4156 1322 4228 apparebit
1346 4155 1604 4225 deinceps
1646 4154 1981 4217 evidentius,
2033 4167 2156 4206 cum

582 4252 898 4311 accuratius
917 4251 985 4304 de
1010 4250 1146 4317 ipsis
1167 4249 1524 4304 disseremus.

653 4343 897 4396 Primum
929 4340 1071 4395 enim
1104 4341 1261 4395 bonis
1292 4339 1716 4410 cogitationibus
1776 4339 2014 4392 animam
2070 4337 2156 4390 di-

581 4435 796 4495 stineri.
832 4434 934 4488 hoc
971 4434 1144 4502 ipsum
1176 4433 1439 4487 malarum
1468 4432 1857 4500 cogitationum
1889 4430 2154 4484 cessatio-

582 4543 703 4581 nem
729 4535 784 4581 et
816 4524 985 4579 otium
1030 4524 1254 4578 inducit.
1297 4524 1436 4578 lluic
1459 4537 1799 4591 consequens
1816 4535 1899 4575 est
1923 4521 2155 4585 radium,

478 4656 481 4657 ν
570 4635 676 4673 seu
719 4619 893 4673 lucem
932 4616 1311 4686 mysteriorum
1345 4632 1374 4669 a
1405 4616 1537 4669 vitio
1571 4630 1768 4684 purum
1810 4613 1977 4679 ferre,
2011 4614 2157 4682 quod

581 4711 738 4765 nobis
767 4709 902 4763 citra
967 4708 1206 4762 laborem
1244 4707 1510 4761 bonorum
1566 4706 1811 4760 omnium
1875 4707 2156 4758 cumulum

582 4801 770 4857 affert.
831 4799 1034 4854 Deinde
1074 4814 1300 4853 necesse
1351 4810 1434 4851 est
1485 4806 1538 4851 et
1589 4799 1732 4866 ipsas
1797 4788 2157 4866 cogitationes

580 4892 866 4946 medicinis
896 4908 925 4946 a
961 4902 1132 4946 seruet
1167 4890 1502 4960 depromptis
1537 4888 1770 4943 ofﬁcium
1829 4906 1987 4944 suum
2019 4905 2157 4958 pra:-

579 4995 745 5048 szare,
777 4989 828 5036 ct
862 4998 956 5038 car
986 4996 1148 5053 quam
1177 4980 1380 5048 optime
1415 4979 1655 5043 allicere,
1716 4980 1858 5034 sicut
1913 4996 1942 5032 a
1972 4980 2157 5049 pravis

580 5074 1004 5144 cogitationibus
1060 5075 1217 5129 malae
1270 5073 1593 5127 aﬂectiones
1648 5082 1992 5138 nascuntur;
2025 5089 2150 5127 nam

583 5165 832 5217 virtutem
870 5167 1059 5222 eodem
1120 5166 1280 5221 unedo
1314 5182 1375 5219 cx
1416 5165 1585 5218 bouis
1626 5166 1825 5220 exoriri
1885 5165 2149 5218 rationem

580 5255 764 5311 habet.
802 5255 968 5313 Plane
999 5259 1143 5313 enim
1183 5257 1237 5311 in
1265 5257 1414 5311 omni
1472 5256 1690 5324 negotio
1755 5268 1812 5311 ut
1875 5259 2014 5312 hanc
2064 5257 2145 5309 vel

579 5345 728 5400 illam
789 5348 1124 5403 voluntatem
1187 5349 1578 5417 suscipiamus,
1636 5348 1742 5402 hoc
1793 5350 1994 5402 illudve
2061 5350 2147 5402 di—

579 5452 788 5501 camus,
816 5445 911 5491 aut
946 5438 1234 5504 faciamus,
1285 5448 1377 5503 aut
1424 5439 1714 5508 patiamur,
1749 5448 1843 5492 aut
1891 5439 2153 5508 quidquid

581 5527 796 5587 tandem
882 5529 1010 5582 illud
1067 5539 1172 5595 cst,
1226 5530 1514 5599 eligamus,
1586 5532 1842 5600 COgitatio
1887 5543 1941 5584 ct
2020 5531 2156 5583 ratio

580 5622 736 5681 nobis
791 5636 1043 5677 auctores
1072 5629 1223 5683 sunt.
1272 5621 1335 5676 Et
1369 5625 1467 5686 hoc
1532 5602 1715 5683 modo
1746 5624 1989 5694 magistri
2053 5624 2159 5678 rir-

656 5795 702 5835 ⁶³
725 5798 850 5857 Aet.
888 5815 983 5865 vn,
1018 5799 1106 5857 5|.

2269 3248 2669 3317 ϐαπτισμέναις
2706 3246 2930 3317 ψυχαῖς.
2966 3248 3125 3314 Λέγω
3158 3244 3262 3316 γὰρ
3286 3246 3397 3307 τοῖς
3441 3244 3577 3312 μετά
3614 3241 3676 3294 τὸ
3718 3241 3844 3293 λου·-

2268 3343 2395 3408 τρδιν
2432 3341 2507 3411 μὴ
2527 3341 2648 3393 λίαν
2683 3340 2991 3410 αὑχμῶσιν,
3028 3337 3220 3408 ὥσπερ
3259 3335 3350 3399 οὒς
3407 3334 3515 3388 τῶν
3570 3335 3843 3406 Ἐϐραίων

2269 3429 2540 3495 Στέφανος
2590 3427 2618 3480 ό
2668 3426 2971 3496 θαυμάσιος
3006 3426 3277 3480 ἀπεκάλει
3329 3426 3741 3497 ἀπεριτμήτους
3776 3427 3841 3495 τῇ

2268 3519 2468 3590 καρδίᾳ
2504 3519 2733 3582 καὶτοῖς
2763 3518 2920 3572 ὠσίν.
2963 3517 3049 3581 Ὠς
3095 3517 3196 3585 μὲν
3243 3516 3336 3570 οὖν
3384 3516 3509 3570 οὔτε
3562 3517 3733 3588 βλάϐη
3767 3516 3844 3584 τῷ

2266 3608 2600 3679 ἀνθρωπίνῳ
2658 3608 2759 3680 βίῳ
2815 3607 3019 3674 γένοιτ’
3075 3609 3142 3661 ἂν
3172 3608 3402 3676 οὐδεμία
3441 3610 3595 3678 τιαρά
3619 3611 3840 3673 τούτους

2265 3700 2393 3764 τοὺς
2425 3700 2739 3769 λογισμοὺς,
2776 3701 2872 3754 καὶ
2928 3698 3149 3771 ἥδεσθαι
3181 3700 3273 3752 καὶ
3321 3701 3538 3771 χαίρειν
3573 3701 3844 3772 περιγίνε-

2263 3809 2355 3845 ται
2378 3794 2491 3853 τοῖς
2512 3790 2904 3861 λογιζομένοις,
2942 3791 3176 3863 φανερὸν
3233 3794 3298 3846 ἐκ
3357 3794 3467 3847 τῶν
3496 3794 3801 3865 εἰρημένω-ι
3823 3808 3838 3823 ο

2265 3886 2314 3936 εἰ
2353 3882 2409 3937 δὲ
2439 3884 2534 3936 καὶ
2559 3881 2751 3951 ὄφελός
2784 3885 2903 3935 ἐστι
2959 3883 3052 3935 καὶ
3107 3882 3302 3952 βοηθεῖ
3333 3883 3411 3954 τῷ
3445 3884 3714 3938 λυσιτελεῖ
3748 3885 3840 3938 καὶ

2266 3974 2394 4042 περὶ
2448 3973 2589 4026 αὐτὰ
2626 3973 2694 4026 τὰ
2747 3972 3011 4025 κάλλιστα
3052 3974 3148 4026 καὶ
3192 3974 3533 4044 καιριώτατα
3594 3977 3835 4037 πάντων,

2265 4065 2480 4135 ἐδείχθη
2515 4065 2614 4134 μὲν
2645 4065 2768 4135 ἤδη,
2800 4068 3051 4134 φανεῖται
3082 4064 3127 4116 δ’
3166 4067 3223 4116 ὲν
3266 4070 3378 4126 τοῖς
3436 4061 3560 4135 ὲξῖς
3617 4065 3840 4134 ἐναργέ-

2267 4176 2459 4229 στερον
2494 4158 2895 4228 ἀκριϐέστερον
2925 4160 3052 4227 περὶ
3082 4159 3264 4213 αὐτῶν
3304 4157 3695 4227 σκεψαμένοις.

2345 4338 2567 4409 Πρῶτον
2601 4340 2699 4407 μὲν
2729 4340 2835 4409 γὰρ
2873 4337 2951 4409 τῷ
3001 4341 3119 4401 ταῖς
3168 4337 3399 4405 ἀγαθαῖς
3444 4335 3678 4398 ἐννοίαις
3730 4336 3832 4407 τὴν

2261 4432 2440 4503 ψυχὴν
2493 4432 2894 4501 κατασχεθῆναι
2947 4430 3232 4500 συμϐαίνει
3275 4429 3373 4498 μὲν
3410 4427 3520 4479 τῶν
3574 4430 3835 4498 πονηρῶν

2190 4525 2235 4581 D
2266 4525 2461 4596 σχολὴν
2490 4526 2646 4591 ἄγειν
2666 4543 2681 4555 ·
2714 4524 2888 4593 ταύτῳ
2916 4523 2973 4576 δὲ
3006 4522 3318 4584 ἀκόλουθον,
3363 4521 3617 4592 καθαρὰν
3650 4524 3836 4593 apem-

2261 4619 2416 4679 aria;
2446 4621 2546 4686 τὴν
2578 4617 2685 4669 ἀπὸ
2716 4616 2825 4670 τῶν
2856 4617 3177 4686 μυστηρίων
3208 4615 3394 4685 φέρειν
3424 4614 3644 4668 ἀκτῖνα.
3676 4614 3748 4667 Τὸ
3776 4615 3836 4666 δὲ

2257 4710 2390 4777 ἡμῖν
2420 4706 2509 4760 τόν
2555 4707 2663 4759 τῶν
2708 4707 2928 4773 ἀγαθῶν
2964 4707 3222 4760 ἁπάντων
3280 4708 3393 4775 ἔχει
3449 4706 3625 4775 σωρὸν
3661 4706 3831 4776 μηδὲν

2260 4798 2873 4869 πραγματευσαμένοις,
2901 4797 3094 4850 ἔπειτα
3126 4801 3220 4853 καὶ
3248 4798 3448 4860 αὐτοὺς
3475 4796 3691 4865 ἀνάγκη
3711 4796 3835 4859 τοὺς

2256 4890 2556 4958 λογισμοὺς
2601 4892 2712 4953 τοῖς
2751 4894 2883 4961 παρ’
2914 4892 3130 4943 ἑαυτῶν
3181 4892 3499 4960 φαρμάκοις
3532 4889 3598 4943 τά
3628 4889 3836 4940 ἑαυτῶν

2263 4980 2439 5030 ποιεῖν
2498 4979 2592 5030 καὶ
2652 4979 2717 5030 τὰ
2773 4978 3036 5032 κάλλιστα
3075 4982 3294 5032 πάντων
3349 4977 3688 5048 ἐργάζεσθαι
3737 4980 3834 5048 τὴν

2262 5067 2509 5136 κχρδίαν,
2554 5069 2810 5140 καθάπερ
2862 5072 2970 5124 ἀπὸ
3024 5070 3133 5122 τῶν
3186 5071 3442 5140 πονηρῶν
3497 5071 3718 5123 ἐννοιῶν
3767 5071 3835 5124 τά

2263 5162 2472 5231 πονηρά
2511 5161 2655 5229 πάθη
2692 5163 2906 5230 φύεται.
2943 5163 3047 5215 Τὸν
3086 5162 3196 5233 γὰρ
3227 5163 3344 5216 ἴσον
3384 5162 3582 5230 τρόπον
3614 5163 3705 5213 καὶ
3733 5162 3833 5231 τὴν

2258 5255 2464 5323 ἀρετὴν
2515 5255 2623 5308 τῶν
2678 5254 2902 5312 ἀγαθῶν
2958 5257 3202 5324 ἀνίσχειν
3256 5254 3404 5316 εἰκός
3445 5256 3614 5306 ἐστιν.
3650 5253 3832 5315 Ὃλως

2258 5347 2367 5415 γὰρ
2414 5346 2618 5410 ταύτην
2652 5346 2679 5413 ἢ
2715 5349 2935 5416 ἐκείνην
2981 5349 3079 5415 τὴν
3116 5349 3342 5416 γνώμην
3384 5346 3476 5399 καί
3507 5363 3557 5395 τι
3584 5345 3763 5409 λέγειν
3794 5344 3828 5414 ἢ

2255 5441 2517 5507 πράττειν
2551 5440 2578 5509 ἢ
2613 5441 2893 5508 πάσχοντα
2927 5443 3140 5508 φέρειν,
3186 5441 3217 5509 ἧ
3259 5441 3438 5493 ὁτιοῦν
3468 5439 3574 5488 τῶν
3608 5438 3828 5490 πάντων

2255 5532 2550 5600 αἱρεῖσθαι,
2582 5533 2838 5601 λογισμοὶ
2872 5538 2962 5585 καὶ
2991 5534 3138 5599 λύγοι
3171 5532 3232 5585 τὸ
3261 5532 3442 5584 πεῖῦόν
3474 5532 3583 5583 εἰσι
3617 5547 3829 5585 παντα-

2258 5623 2377 5693 χοῦ,
2414 5625 2504 5677 καὶ
2538 5623 2693 5677 τοῦτο
2709 5645 2723 5673 ιι
2755 5625 2844 5677 ττιν
2892 5626 3095 5698 τρόπον
3124 5627 3171 5678 οἱ
3217 5623 3532 5678 διδάσκαλοι
3570 5624 3666 5694 τῆς
3700 5626 3825 5693 ripa-
