4134 6314
408 404 507 469 6δ1

1446 405 1759 469 DEVITA
1800 404 1881 465 ΙΝ
1924 403 2253 463 CHRISTO
2295 403 2440 466 LTB.
2488 404 2590 464 Vl.

3535 400 3640 462 663

411 514 512 579 τῆς
543 513 602 565 ὲν
635 511 815 583 καιρῷ
843 513 952 576 τοῖς
988 511 1258 579 συνοῦσιν,
1292 514 1375 566 ὄτι
1420 515 1545 577 τοὺς
1585 516 1843 585 ἀρίστους
1888 515 1974 566 ὲν-

2078 514 2228 579 tutis,
2259 513 2546 582 discipulis
2593 514 2710 568 suis
2764 522 3065 582 opportune
3093 512 3385 581 cogitation
3420 529 3445 567 s
3496 516 3639 580 opt:-

410 603 651 657 τίθενται
688 602 1003 673 λογισμοὺς,
1036 607 1133 659 καὶ⁵
1162 605 1237 659 αὖ
1282 605 1596 659 τούναντίον
1646 607 1694 659 οί
1744 605 1970 674 πονηροὶ

413 693 669 762 δαίμονες
701 694 975 763 πονηροὺς
1029 695 1343 765 είσάγοντες
1393 696 1614 762 τύπους,
1658 696 1734 760 ὡς
1772 699 1823 749 οἱ
1871 698 1971 766 μὲν

413 784 583 856 ταύτῃ
619 783 727 838 τῶν
768 786 1137 841 ἀτοπωτάτων
1170 788 1438 857 τεχνίτας,
1493 790 1544 843 οἱ
1574 791 1632 842 δὲ
1666 790 1772 844 τῶν
1818 791 1972 842 δεον..

414 890 520 926 των
553 875 992 944 ἀπεργασόμενοι
1027 878 1386 946 πρακτικούς.

487 965 640 1018 Ἔστι
692 966 793 1036 μὲν
844 963 938 1021 οὖν
989 969 1209 1038 ἁπάσης
1263 970 1668 1041 ἐπαινουμένης
1719 971 1968 1039 μελέτης⁹

412 1057 548 1127 πρὸς
584 1056 791 1126 ἀρετὴν
833 1060 1137 1114 ἀπόνασθαι
1173 1063 1241 1114 τὰ
1287 1063 1604 1132 γιγνόμενα,
1637 1063 1876 1133 Χριστοῦ
1913 1064 1972 1117 δὲ

414 1149 544 1217 πέρι
594 1149 689 1202 καὶ
717 1142 796 1203 ὧν
844 1150 1006 1215 αὐτὸς
1058 1151 1457 1222 φιλανθρώπως
1510 1155 1637 1225 περῖ
1682 1155 1783 1224 τῆς
1834 1155 1972 1225 ἐμῆς

410 1239 800 1309 ἐμηχανήσατο
853 1242 1147 1312 σωτηρίας,
1209 1243 1460 1308 διεξιέναι
1510 1248 1624 1310 τοῖς
1658 1246 1972 1318 λογισμοῖς,

411 1330 581 1400 αὐτὴν
613 1331 744 1401 ἡμῖν
772 1333 1028 1401 ἄντικρυς
1044 1332 1155 1403 ἔχει
1185 1334 1284 1404 τὴν
1314 1335 1653 1406 ζητουμένην
1680 1338 1847 1407 ζωὴν,
1881 1341 1974 1392 καὶ

411 1421 500 1474 διά
531 1422 749 1475 πάντων
776 1423 1123 1477 ἀποδείκνυσι
1154 1425 1479 1496 μακαρίους.
1509 1427 1618 1481 Καὶ
1646 1427 1722 1489 ὡς
1773 1428 1842 1481 ἂν
1892 1431 1977 1482 ὲν-

412 1511 598 1578 αργῶς
630 1511 879 1580 εἰδῶμεν,
913 1512 1304 1584 θεωρήσωμεν,
1334 1514 1370 1569 ἃ
1390 1517 1527 1591 τοὺς
1572 1517 1974 1588 κατορθοῦντας

412 1603 441 1654 6
480 1601 716 1672 Χριστὸς
746 1603 919 1665 αὐτὸς
959 1604 1183 1658 ἐκάλεσε
1225 1607 1548 1674 μακαρίους,
1591 1610 1641 1661 εί
1692 1611 1765 1679 μὴ
1797 1612 1975 1664 πάντα

412 1694 523 1745 τῶν
554 1693 828 1762 λογισμῶν
861 1693 1152 1764 ἐξήρτηται
1184 1695 1410 1752 τούτων.
1446 1697 1610 1762 Τίνας
1630 1700 1725 1752 οὖν
1752 1701 1975 1764 τούτους

411 1784 442 1836 6
473 1785 632 1853 μόνος
677 1785 752 1848 ὡς
796 1785 1010 1854 ἀληθῶς
1067 1788 1336 1858 μακάριος
1383 1789 1791 1860 εὐδαιμονίζεις
1845 1793 1972 1856 τοὺς

415 1876 664 1944 πτωχοὺς
711 1874 791 1945 τῷ
860 1876 1174 1945 πνεύματι,
1232 1879 1359 1940 τοὺς
1413 1879 1787 1946 πενθοῦντας,
1845 1883 1974 1945 τοὺς

415 1966 646 2035 πράους,
687 1966 814 2028 τοὺς
845 1967 1146 2030 πεινῶντας
1184 1970 1280 2022 καὶ
1313 1968 1585 2039 διψῶντας
1636 1971 1737 2041 τὴν
1768 1972 1975 2027 δικαιο-

414 2058 601 2127 σύνην,
651 2059 778 2121 τοὺς
815 2058 1134 2130 ἐλεήμονας.
1177 2062 1306 2124 τοὺς
1337 2064 1617 2134 καθαροὺς
1645 2067 1714 2135 τῇ
1753 2067 1972 2140 καρδίᾳ,

411 2149 534 2211 τοὺς
563 2149 956 2220 εἰρηνοποιοὺς,
979 2152 1105 2215 τοὺς
1127 2152 1382 2221 διωγμῶν
1402 2156 1494 2208 καὶ
1515 2158 1714 2221 παντὸς
1742 2159 1977 2224 ὀνείδους

417 2242 545 2310 περὶ
578 2242 927 2311 δικαιοσύνης
958 2243 1180 2312 καὶτῆς
1228 2246 1359 2314 περὶ
1389 2247 1624 2313 Χριστὸν
1668 2249 1977 2320 προθυμίας

415 2329 793 2396 ἀνεχομένους.
820 2325 979 2385 Οὗτοι
1011 2334 1110 2401 μὲν
1151 2329 1244 2387 οῦν
1273 2335 1322 2387 οί
1353 2335 1455 2406 τῆς
1505 2339 1780 2409 μακαρίας
1828 2342 1980 2396 ἐπει-

415 2417 684 2487 λημμένοι
722 2417 889 2490 ζωῆς.
922 2421 986 2475 Εἰ
1009 2424 1187 2476 τοίνυν
1222 2426 1329 2479 ἀπὸ
1350 2426 1746 2498 τῶνζλογισμῶν
1775 2433 1977 2486 τούτων

414 2515 513 2576 τὴν
546 2513 718 2582 καλὴν
758 2514 1130 2586 πλαττόμενον
1184 2517 1381 2573 πλάσιν
1421 2521 1612 2576 τοῦτον
1645 2524 1974 2589 σκοποῦντες

417 2604 724 2673 εὑρήσομεν
767 2606 858 2660 τὸν
896 2609 1057 2677 χορὸν
1099 2613 1190 2663 καὶ
1238 2614 1364 2677 τοὺς
1421 2617 1716 2683 στεφάνους
1767 2619 1978 2673 ἐκεῖθεν

419 2694 811 2764 πλεκομένους,
848 2699 1021 2752 ἆπασι
1068 2701 1227 2770 δῆλον
1258 2704 1324 2756 ἀν
1360 2707 1570 2771 γένοιτο
1602 2710 1841 2774 πάντως,
1874 2711 1976 2782 τὴν

421 2784 547 2851 περὶ
586 2788 835 2839 τουτουσὶ
864 2789 990 2851 τοὺς
1032 2789 1224 2854 λόγους
1270 2792 1555 2864 διατριϐὴν
1599 2798 1696 2850 καὶ
1748 2799 1977 2871 μελέτην

419 2872 538 2926 ὁδὸν
566 2877 782 2947 ἀσφαλῆ
813 2881 907 2932 καί⁸
934 2880 1185 2934 διάϐασιν
1211 2884 1302 2935 καὶ
1343 2886 1585 2955 κλίμακα
1615 2890 1708 2942 καὶ
1737 2892 1763 2944 ὅ
1810 2892 1863 2944 τί
1895 2910 1977 2957 τις

417 2964 484 3016 ἂν
514 2964 678 3032 είποι,
715 2969 851 3036 πρὸς
889 2970 986 3040 τὴν
1014 2973 1293 3043 μακαρίαν
1322 2971 1464 3030 εἶναι
1496 2978 1663 3050 ζωήν.

486 3057 693 3110 Αὐτίκα
715 3059 864 3131 γάρή
888 3062 947 3113 ἐν
968 3063 1235 3133 πνεύματι
1254 3068 1493 3137 πτωχεία
1511 3070 1603 3123 καὶ
1630 3088 1651 3123 ι
1675 3072 1733 3125 τὸ
1754 3073 1827 3142 μὴ
1845 3092 1978 3142 φρο-

2000 1834 2048 1893 Β

2072 615 2192 656 mas
2226 601 2585 670 ingenerant;
2635 610 2689 657 et
2723 610 2936 662 contra,
2987 602 3118 656 mali
3168 602 3444 656 dannones
3499 602 3639 656 [mila

2072 693 2365 747 simulacra
2403 694 2550 747 intus
2576 692 2834 756 excitant.
2870 703 2930 746 ιιι
2958 693 3061 747 ista
3097 693 3202 755 via,
3241 693 3293 746 hi
3345 692 3409 744 ad
3446 694 3643 762 turpis-

2071 782 2232 848 sima,
2264 782 2342 837 illi
2372 783 2438 838 ad
2465 783 2849 838 honestissima
2879 784 3084 853 agenda
3133 793 3449 852 provocent.

2143 958 2237 1014 Est
2267 959 2430 1027 igitur
2459 957 2727 1029 cujusque
2757 959 2986 1014 laudatae
3024 959 3391 1014 meditationis
3438 960 3641 1024 videre,

2075 1050 2352 1119 quomodo
2373 1050 2617 1105 actiones
2650 1066 2715 1105 ex
2753 1052 2952 1105 virtute
2980 1051 3263 1122 proﬁciunt
3298 1067 3313 1112 ;
3364 1049 3641 1106 Christum

2074 1146 2253 1193 autem
2288 1137 2562 1203 meditari,
2587 1147 2641 1191 et
2666 1153 2785 1207 quae
2816 1137 2863 1192 is
2883 1152 2983 1207 pro
3027 1152 3142 1192 mea
3167 1139 3342 1192 salute
3393 1152 3641 1192 amatr-er

2073 1229 2357 1292 laboravit.
2391 1229 2814 1298 cogitationibus
2868 1243 3217 1298 percurrere,
3245 1243 3430 1298 aperte
3462 1230 3630 1284 vitam

2074 1321 2232 1375 nobis
2279 1320 2560 1389 quaesitam
2620 1319 2884 1380 continet.
2953 1334 3157 1389 perque
3210 1318 3391 1373 omnia
3457 1321 3642 1373 beatos

2074 1410 2271 1465 reddit.
2302 1412 2364 1465 Et
2388 1419 2447 1465 ut
2479 1412 2620 1465 istuc
2672 1408 2959 1465 manifeste
3001 1424 3416 1477 cognoscamus,
3464 1408 3644 1463 consi-

2073 1502 2480 1566 deremus,illae
2536 1500 2932 1564 sanctimoniae,
2995 1509 3219 1570 propter
3266 1515 3405 1570 quas
3451 1516 3641 1554 earum

2074 1594 2313 1647 cultores
2344 1593 2595 1648 Christus
2629 1594 2747 1660 ipse
2786 1593 2977 1647 beatos
3040 1592 3354 1661 praedicavit
3379 1630 3395 1652 .
3463 1608 3643 1646 annon

2074 1698 2264 1737 omnes
2292 1682 2361 1737 ab
2392 1683 2541 1738 hisce
2581 1682 3001 1757 cogitationibus
3040 1682 3479 1752 proﬁciscantur.
3498 1680 3646 1747 Quos

2075 1789 2206 1844 ergo
2251 1774 2489 1839 tandem,
2519 1776 2611 1844 qui
2661 1774 2812 1830 solus
2843 1786 2898 1830 et
2938 1788 3065 1828 vere
3092 1774 3283 1829 beatus
3326 1782 3432 1837 est,
3459 1772 3647 1827 beatus

2069 1862 2280 1932 judicat
2305 1866 2326 1918 ?
2361 1865 2637 1935 Pauperes
2663 1867 2881 1935 spiritu,
2916 1867 3180 1935 lugentes,
3202 1866 3383 1929 mites,
3402 1864 3647 1920 esurien-

2075 1966 2155 2011 tes
2224 1967 2279 2011 et
2333 1957 2578 2014 sitientes
2620 1958 2887 2025 justitiam
2918 1997 2935 2023 ,
2979 1957 3384 2022 misericordes,
3442 1960 3647 2011 mundo

2072 2050 2255 2114 corde,
2309 2050 2583 2119 paciﬁcos,
2614 2049 3021 2119 persecutiones
3083 2057 3136 2102 et
3196 2062 3357 2102 omne
3387 2049 3647 2117 probrum

2077 2148 2299 2208 prapter
2355 2139 2651 2208 justitiam,
2681 2149 2736 2195 et
2779 2148 3090 2209 promptum
3144 2137 3348 2194 Christi
3401 2137 3642 2194 studium

2078 2230 2413 2285 sustinentes
2453 2231 2524 2284 “.
2556 2229 2622 2283 lli
2670 2240 2798 2286 sunt
2855 2231 2949 2300 qui
2982 2231 3196 2286 beatam
3231 2232 3394 2286 vitam
3451 2246 3649 2301 appre-

2078 2322 2405 2376 hendcrunt.
2437 2321 2493 2378 Si
2543 2321 2710 2389 igitur
2756 2322 2826 2377 ab
2876 2321 2963 2377 his
3020 2322 3442 2391 cogitationibus
3503 2325 3649 2377 hunc

2077 2415 2309 2468 chorum
2342 2414 2570 2483 pulchre
2602 2412 2920 2475 formatum,
2980 2422 3034 2467 et
3081 2428 3319 2469 coronas
3346 2413 3473 2467 inde
3515 2428 3651 2467 con-

2078 2513 2257 2560 textas
2338 2504 2700 2568 inveniemus,
2782 2503 3039 2558 omnibus
3122 2502 3279 2572 plane
3352 2505 3649 2572 constabit,

2076 2612 2297 2666 operam
2330 2607 2383 2650 ct
2416 2596 2822 2649 meditationem
2852 2594 2905 2648 in
2937 2595 3084 2650 hisce
3131 2595 3437 2650 rationibus
3489 2599 3655 2650 collo-

2078 2701 2277 2750 catam,
2306 2690 2447 2741 viam
2482 2701 2752 2749 securam,
2777 2695 2829 2740 ct
2860 2686 3149 2741 transitum
3198 2696 3254 2741 et
3288 2688 3535 2752 gradum.
3597 2696 3653 2742 et

2079 2795 2187 2847 quo
2213 2780 2335 2846 quis
2376 2779 2597 2833 nomine
2629 2777 2880 2847 appellet,
2915 2777 2981 2832 ad
3016 2777 3226 2832 beatam
3278 2779 3445 2832 vitam
3505 2793 3648 2834 esse.

2151 3044 2446 3114 Paupertas
2478 3045 2533 3097 in
2562 3041 2778 3112 spiritu,
2813 3051 2868 3097 et
2893 3060 2913 3094 ι
2951 3057 3059 3097 non
3093 3056 3305 3112 sapere.
3341 3049 3399 3096 ut
3451 3039 3651 3097 Paulus

413 3151 544 3210 νεῖν,
623 3165 754 3218 φησι
772 3151 1166 3224 Παῦλοςζύπὲρ
1186 3154 1214 3208 ὃ
1236 3156 1315 3209 δεῖ
1330 3133 1567 3229 φρονεῖν,
1587 3161 1723 3216 ἀλλά
1754 3133 1973 3235 ipsos-etv

2080 3134 2175 3199 ait,
2191 3136 2310 3204 plus
2325 3149 2486 3204 quam
2505 3142 2748 3202 oportet:
2777 3134 2867 3188 sed
2890 3148 2948 3188 sa
2957 3149 3079 3204 pere
3092 3136 3155 3188 ad
3181 3133 3527 3188 sobrietatem
3546 3134 3614 3192 ⁸⁸.
3625 3154 3644 3186 ι

412 3241 494 3301 εἰς
514 3240 575 3292 τὸ
604 3246 924 3311 σωφρονεῖν,
953 3262 972 3295 ι
994 3246 1151 3298 τίνων
1173 3249 1366 3313 γίνοιτ’
1391 3250 1456 3302 ἂν
1482 3250 1515 3320 ἢ
1548 3252 1658 3305 τῶν
1685 3254 1786 3324 τὴν
1800 3255 1976 3324 Ἰησοῦ

415 3332 695 3400 πτωχείαν
722 3334 1133 3405 ὲπισταμὲνωνς
1168 3338 1225 3400 ὃς
1256 3341 1352 3393 καὶ
1399 3340 1613 3410 φύσεως
1641 3347 1736 3398 καὶ
1773 3347 1980 3420 διατρι-

415 3424 526 3497 βῶν
574 3424 804 3494 μετέσχε
837 3429 951 3487 τοῖς
1000 3427 1207 3492 δούλοις
1264 3432 1537 3503 Δεσπότης
1568 3432 1666 3502 ὣν,
1698 3437 1792 3491 καὶ
1845 3440 1981 3509 σάρξ

414 3513 632 3581 ἐγένετο
684 3515 814 3579 Θεὸς
845 3515 940 3579 ὢν,
987 3519 1088 3572 καὶ
1136 3520 1330 3573 πενίαν
1377 3525 1406 3576 6
1452 3524 1756 3591 πλουτίζων
1806 3531 1982 3588 εῖλετο

416 3606 510 3656 καὶ
539 3606 769 3674 ἤνεγκεν
797 3607 1023 3674 ἀτιμίαν
1051 3611 1080 3661 6
1120 3612 1220 3681 τῆς
1255 3612 1415 3682 δόξης
1454 3614 1728 3684 βασιλεὺς,
1760 3623 1854 3677 καὶ
1884 3641 1979 3678 πε-

416 3697 645 3764 ριήγετο
680 3697 803 3779 μὲν.
831 3698 1118 3766 δεδεμένος
1159 3705 1185 3754 6
1219 3702 1385 3767 λύσας
1433 3707 1494 3759 τὸ
1529 3709 1705 3777 γένος,
1757 3718 1979 3784 γραφὴν

411 3786 469 3838 δὲ
504 3786 721 3851 ἐδέξατο
761 3789 1115 3858 παρανόμων,
1167 3791 1225 3856 ὃς
1257 3788 1422 3864 ἦλθεν
1455 3797 1550 3850 ἰπὶ
1581 3799 1642 3852 τὸ
1686 3800 1977 3871 πληρῶσαι

409 3875 504 3928 τὸν
531 3875 714 3944 νόμον,
768 3878 865 3931 καὶ
908 3881 1107 3949 κριτῶν
1153 3882 1412 3953 ὴνέσχετο
1453 3887 1612 3959 δήμῳ
1662 3894 1980 3965 μαινομένῳ

409 3966 508 4018 καὶ
539 3967 767 4033 φονῶντι
795 3968 1188 4039 χαριζομένων,
1216 3989 1235 4023 t
1266 3965 1419 4043 ᾦτὴν
1446 3977 1626 4046 κρίσιν
1641 3981 1821 4034 πᾶσαν
1845 3982 1979 4035 ἔδω-

409 4073 509 4109 κεν
537 4059 565 4109 6
595 4058 782 4129 Πατήρ
814 4073 831 4091 ⁶
862 4079 880 4110 ι
921 4060 1106 4114 Ταῦτα
1146 4062 1266 4115 τίνα
1311 4065 1412 4118 οὐκ
1441 4065 1507 4120 ἂν
1530 4070 1849 4137 κατενέγκοι
1887 4073 1981 4125 τῦ-

410 4152 549 4219 φονί
594 4152 804 4216 Ἄλλως
836 4153 1032 4223 τε¹τῆς
1065 4155 1442 4227 ὑπερηφανίας
1485 4160 1592 4213 ἀπὸ
1630 4160 1738 4213 τῶν
1781 4180 1980 4235 κατορ-

408 4243 709 4311 θωμάτων,
746 4244 878 4298 ὅταν
912 4246 1277 4315 ὑπερϐάλλειν
1305 4249 1557 4315 δοκῶσιν,
1595 4254 1978 4327 ὲγειρομένης,

407 4338 434 4388 6
475 4335 545 4387 τὰ
570 4334 811 4407 Χριστοῦ
846 4336 1149 4408 μελετήσας
1177 4341 1386 4394 εἴσεται
1419 4342 1493 4412 μὴ
1526 4343 1609 4397 ὅτι
1643 4347 1807 4416 μηδὲν
1838 4349 1979 4417 μέγα

406 4424 817 4493 κατωρθωκὼς,
843 4422 961 4478 ἀλλ’
981 4426 1092 4479 οὐδ’
1118 4426 1260 4498 ὑπὲρ
1284 4427 1378 4482 τοῦ
1400 4429 1627 4501 λυθῆναι
1653 4433 1747 4502 τῆς
1778 4434 1979 4505 αίχμα-

2084 3239 2446 3297 quormnnam
2477 3226 2568 3286 sit,
2603 3223 2707 3278 nisi
2734 3223 2861 3277 Jesu
2928 3232 3299 3292 paupertatem
3336 3227 3647 3291 scientium,

2084 3319 2175 3389 qui
2201 3330 2255 3373 et
2286 3329 2498 3381 natura,
2543 3325 2597 3370 et
2620 3317 2870 3370 convictu
2925 3329 3048 3370 cum
3109 3316 3281 3368 servis
3342 3318 3646 3371 communio

2083 3412 2242 3475 cavit,
2276 3424 2399 3464 cum
2426 3420 2571 3463 esset
2600 3406 2882 3469 Dominus.
2913 3414 2965 3460 et
3014 3408 3191 3461 factus
3241 3417 3322 3460 est
3350 3422 3502 3475 caro,
3526 3423 3649 3463 cum

2082 3511 2229 3559 essiet
2276 3500 2534 3569 Deus;et
2558 3501 2710 3555 dives
2755 3498 2916 3569 elegit
2967 3507 3283 3564 egestatem,
3318 3502 3648 3571 pertulitque

2083 3588 2436 3655 ignominiam
2504 3604 2598 3642 rex
2666 3587 2898 3656 gloriae;
2971 3596 3024 3641 et
3090 3586 3502 3644 circumductus
3569 3600 3655 3645 est

2081 3685 2319 3749 vinctus,
2351 3683 2442 3751 qui
2472 3696 2645 3752 genus
2699 3691 2948 3735 nostrum
3019 3678 3251 3735 vinculis
3327 3681 3488 3736 solvit
3519 3700 3533 3749 ;
3561 3699 3653 3739 ac.

2080 3775 2416 3831 cusationem
2474 3774 2794 3828 violatorum
2843 3773 2977 3838 legis
3028 3775 3081 3827 in
3133 3789 3192 3829 se
3244 3776 3506 3844 suscepit,
3557 3777 3652 3845 qui

2080 3868 2249 3936 legem
2304 3866 2621 3934 impleturus
2681 3876 2897 3921 venerat
2923 3876 3038 3935 ;et,
3069 3868 3278 3940 jmlices
3322 3882 3513 3936 passus
3545 3881 3648 3928 est,

2082 3959 2374 4013 insanienti
2435 3959 2633 4027 populo
2720 3974 2784 4012 ac
2826 3960 2987 4013 caedis
3040 3960 3199 4013 avido
3262 3962 3648 4027 gratiﬁcantes,

2087 4069 2106 4101 ι
2145 4049 2233 4103 cui
2284 4064 2448 4105 omne
2492 4049 2756 4117 judicium
2790 4050 2939 4103 dedit
2977 4049 3134 4102 Pater
3167 4051 3234 4102 ".
3279 4069 3297 4103 ι
3333 4050 3456 4105 llaec
3488 4067 3647 4119 quem

2083 4141 2283 4197 fastum
2314 4156 2420 4196 non
2452 4141 2754 4209 deprimant
2782 4140 2904 4193 iAd
2933 4140 3066 4202 hmo,
3123 4141 3380 4207 superbia
3434 4157 3462 4194 a
3492 4142 3648 4195 bonis

2080 4237 2339 4304 Operibus
2394 4232 2649 4303 (quando
2672 4232 2784 4287 visa
2813 4231 3015 4285 fuerint
3046 4235 3310 4289 excellere
3343 4237 3358 4300 )
3393 4235 3646 4299 excitata,

2082 4329 2329 4384 actiones
2355 4325 2559 4381 Christi
2597 4324 2910 4389 meditatus,
2943 4325 3099 4385 sciet,
3140 4340 3247 4379 non
3303 4327 3478 4381 solum
3514 4328 3648 4381 nihil

2083 4434 2142 4475 se
2194 4432 2449 4488 magnum
2481 4432 2606 4472 cum
2637 4416 2836 4469 virtute
2866 4414 3183 4484 praestitisse
3210 4432 3225 4483 ;
3251 4417 3345 4470 sed
3381 4433 3556 4487 neque
3579 4418 3648 4471 ad

405 4485 618 4577 λωσίας
644 4485 811 4577 αὐτὸς
836 4517 1170 4584 είσενιγκεῖν
1202 4485 1359 4572 οῦδὲν
1383 4485 1976 4590 δυνηθεὶς,ὅέ

2085 4485 2363 4567 servitutis
2426 4523 2541 4563 suae
2597 4506 2787 4576 jugum
2848 4519 2877 4558 a
2927 4505 3236 4560 cervicibus
3278 4485 3643 4576 dejiciendum

411 4603 555 4674 μετά
590 4604 653 4656 τὸ
681 4604 911 4673 λυθῆναι
958 4605 1133 4660 σῶσαι
1182 4607 1432 4676 καθαρὰν
1482 4611 1580 4679 τὴν
1628 4611 1964 4683 ἐλευθερίαν.

2079 4604 2372 4674 quidquam
2432 4607 2692 4670 prastare
2751 4598 3015 4669 potuisse,
3086 4599 3179 4668 qui
3236 4615 3336 4655 nec
3398 4601 3643 4669 adeptam

419 4693 485 4746 Ὀ
530 4693 629 4763 μὲν
670 4694 780 4762 γὰρ
832 4694 926 4747 τοῦ
975 4696 1206 4765 αἵματος
1245 4698 1391 4765 ἡμᾶς
1421 4698 1649 4769 ἐπρίατο
1682 4706 1774 4754 καὶ
1839 4721 1979 4775 παρ-

2082 4694 2383 4748 libertatem
2456 4702 2784 4743 conservare
2851 4697 3053 4742 sartam
3128 4693 3325 4740 tectam
3389 4686 3641 4754 potuerit.

409 4785 573 4853 ἔσχεν
599 4785 731 4854 ἡμῖν
766 4784 906 4838 οὕτω
953 4787 1193 4854 μεγάλου
1241 4792 1587 4858 κτησάμενος
1618 4792 1717 4862 τὴν
1764 4794 1979 4848 ὲλευοεο

2084 4782 2179 4837 Ille
2207 4782 2349 4837 enim
2384 4780 2648 4850 sanguine
2679 4792 2780 4832 suo
2811 4791 2911 4831 nos
2942 4775 3096 4839 emit,
3122 4783 3175 4828 et
3204 4776 3280 4828 ita
3311 4790 3509 4843 magno
3554 4790 3643 4828 ac-

416 4873 541 4940 ρίαν
559 4886 576 4904 ⁸
597 4873 683 4934 τίς
702 4871 759 4925 δὲ
781 4872 888 4925 τῶν
915 4873 1186 4928 λυθέντων
1206 4877 1289 4945 ἐφ’
1309 4872 1388 4938 οἷς
1420 4879 1639 4949 εἴληςρεν
1669 4881 1850 4949 ἔμεινε
1881 4886 1977 4938 καὶ

2083 4872 2339 4945 quisitam
2374 4870 2680 4925 libertatem
2732 4868 2890 4922 nobis
2913 4864 3152 4921 donavit.
3204 4862 3339 4930 Quis
3377 4879 3543 4933 porro
3577 4864 3645 4917 li-

411 4964 507 5016 τδν
532 4964 900 5030 πνευματικὸν
931 4965 1153 5021 πλοῦτον
1196 4970 1285 5022 διὰ
1334 4972 1518 5032 τέλους
1569 4972 1765 5026 ἄσυλον
1795 4974 1970 5043 ἔσχεν,

2088 4969 2400 5021 beratorum
2437 4963 2489 5016 in
2523 4962 2610 5017 his
2632 4975 2752 5030 quae
2778 4958 2987 5025 accepit
3010 4955 3328 5027 permansit,
3384 4956 3644 5022 spiritua-

417 5053 554 5105 ἀλλά
582 5053 658 5123 μὴ
680 5053 839 5106 τοῦτο
872 5055 1011 5123 μέγα
1034 5061 1413 5128 κατωρθωκὼς
1435 5063 1691 5134 ἐνομίσθη
1714 5066 1783 5118 τὰ
1807 5070 1978 5137 μικρὰ

2088 5063 2271 5130 lesque
2294 5058 2514 5112 divitias
2543 5069 2718 5125 usque
2768 5053 2834 5107 ad
2871 5052 3030 5104 linem
3060 5065 3089 5102 a
3115 5046 3463 5117 praedonibus
3494 5057 3640 5101 tutas

419 5144 560 5211 πρὸς
588 5145 689 5211 τὴν
718 5145 880 5214 χάριν
911 5146 1275 5217 ἐξαμαρτεῖνς
1309 5152 1374 5203 Τί
1410 5154 1593 5205 τοίνυν
1628 5156 1761 5223 ἡμῖν
1797 5158 1979 5218 αὐτοῖς

2087 5150 2332 5210 retinult.
2359 5163 2423 5203 ac
2453 5162 2561 5202 non
2597 5146 2737 5199 hanc
2761 5156 3007 5213 magnam
3040 5139 3458 5207 sanctimoniam
3487 5154 3640 5192 suam

421 5235 716 5288 συνειδόσιν
744 5236 974 5306 ὑπάρξει
1009 5240 1152 5305 μέγα
1185 5245 1423 5309 φρονεῖν,
1457 5239 1536 5305 οἷς
1568 5246 1600 5314 ἡ
1641 5245 1741 5313 μὲν
1770 5247 1979 5300 οἴκοθν

2087 5240 2378 5309 reputavit,
2415 5238 2550 5292 levia
2576 5235 2837 5291 adversus
2875 5232 3104 5297 gratiam
3160 5229 3407 5299 peccare?
3446 5226 3499 5282 In
3535 5243 3645 5297 quo

420 5325 589 5393 ἀρετὴ
615 5324 682 5378 δι’
715 5326 916 5395 ἑαυτὴν
946 5328 1086 5398 αὐτὴ
1121 5332 1254 5399 πρὸς
1284 5331 1438 5385 οὐδὲν
1480 5334 1638 5403 φέρει
1666 5335 1979 5400 λυσιτελές

420 5414 555 5468 εἴτι
605 5416 654 5469 δ’
703 5417 1193 5487 ἔνεστιν,ἀληθινδν
1240 5421 1465 5489 ἀγαθὸν,
1511 5425 1540 5475 6
1584 5423 1717 5487 Θεὸς
1759 5425 1984 5494 ἐνέθηκε

425 5506 594 5571 μηδὲν
627 5509 1240 5578 πραγματευσαμένοις,
1272 5514 1366 5564 καὶ
1395 5512 1515 5566 οὐδὲ
1541 5513 1704 5567 αὐτὸν
1735 5513 1866 5582 γοῦν
1893 5517 1985 5568 τδν

424 5591 621 5657 ῑξωθεν
654 5598 938 5653 ἐντεθέντα
994 5597 1223 5652 πλοῦτον
1260 5600 1469 5670 ἀψύχου
1519 5603 1796 5674 θησαυροῦ
1826 5606 1983 5675 δίκην

2084 5329 2249 5400 igitur
2277 5327 2438 5383 nobis
2474 5325 2614 5379 male
2646 5321 2886 5378 consciis
2915 5319 3101 5375 licebit
3159 5318 3406 5388 gloriari,
3444 5316 3641 5383 quibus

2087 5418 2311 5488 propria
2353 5416 2530 5471 virtus
2592 5415 2711 5483 ipsa
2754 5422 2973 5482 propter
3026 5410 3263 5479 seipsam
3298 5408 3361 5460 ad
3396 5403 3529 5458 nihil
3561 5411 3644 5455 est

2090 5512 2261 5566 utilis?
2293 5509 2349 5563 In
2385 5523 2493 5579 qua
2527 5507 2574 5563 si
2606 5506 2736 5577 quid
2798 5505 2938 5559 inest
2973 5503 3125 5564 boni,
3164 5499 3301 5552 Dens
3336 5496 3384 5549 id
3439 5495 3645 5559 absque

2090 5602 2277 5656 labore
2295 5610 2484 5656 nostro
2502 5600 2718 5656 indidit.
2732 5598 2805 5653 Ac
2826 5612 3001 5665 neque
3023 5595 3166 5664 ipsas
3181 5590 3519 5645 extrinsecus
3538 5583 3644 5633 sal-

493 5773 540 5805 "
569 5773 759 5829 Matth.
793 5791 848 5837 ν.
881 5774 1032 5830 5ου.
1112 5774 1158 5805 ⁸⁸
1199 5770 1356 5829 Rom.
1394 5791 1492 5841 xu,
1526 5777 1579 5830 '5.
1655 5782 1699 5811 ⁸⁸
1739 5780 1892 5839 Joan.
1930 5798 1980 5842 ν,
2010 5780 2099 5837 22.
