4196 6308
562 385 668 447 6ἶ3

1801 390 2112 452 NICOLAI
2142 391 2534 452 CABASILIE

3698 383 3805 445 664

557 509 666 551 tem
693 496 912 551 divitias
927 496 1086 550 nobis
1105 495 1360 561 donatas,
1382 498 1664 554 inanimati
1689 500 1935 556 thesauri
1959 503 2131 556 instar

2232 504 2494 569 ἀσφαλῶς
2527 503 2802 572 ἐξεγένετο
2831 502 3115 566 διασῶσαι,
3147 500 3290 554 οὕτω
3321 499 3540 568 φαύλως
3574 497 3799 567 ἔχομεν.

563 598 682 642 ιιιιο
705 603 930 645 servare
979 590 1228 657 contigit,
1275 590 1412 644 adeo
1445 605 1682 659 nequam
1730 606 1945 646 sumus.
1999 591 2130 646 Post

562 694 756 732 novam
793 679 938 733 enim
999 691 1330 743 creaturam,
1387 690 1442 734 et
1471 682 1809 750 sepulturam
1861 683 1915 736 in
1964 698 2126 751 aqua,

556 781 608 822 et
668 787 909 826 mensam
962 773 1102 841 ignis
1151 773 1363 840 plenam
1406 787 1578 840 usque
1614 787 1678 826 eo
1721 775 1787 825 ad
1871 776 2126 825 virtutem

555 863 854 918 imbecilles
903 865 1250 931 reperiuntur
1270 864 1432 917 etiam
1463 863 1849 931 sapientissimi
1880 864 2128 919 homines

562 964 618 1008 ut
656 955 761 1009 illis
792 969 949 1009 sacra
985 969 1172 1008 mensa
1199 955 1395 1010 crebro
1437 955 1509 1008 sit
1569 969 1732 1024 Opus,
1760 965 1812 1009 et
1858 955 2129 1024 sanguine

558 1063 569 1114 ι
595 1045 892 1116 nrgatm-io,
925 1054 978 1099 et
1007 1060 1240 1112 superna
1269 1061 1456 1109 manu,
1481 1060 1548 1100 ne
1575 1048 1628 1100 in
1676 1057 1980 1101 extremam
2020 1047 2125 1098 im-

561 1139 880 1204 trobitatcm
940 1137 1298 1205 praecipitent.
1371 1138 1437 1191 Et
1488 1138 1683 1192 horum
1751 1146 1919 1194 testes
1999 1145 2129 1191 sunt

559 1243 663 1280 nun
695 1227 937 1291 obscuri,
972 1226 1060 1295 qui
1093 1240 1191 1295 pro
1252 1227 1482 1282 honesto
1521 1239 1575 1281 et
1637 1229 1833 1282 virtute
1881 1228 2130 1296 quemvis

558 1320 794 1372 laborem
823 1319 1091 1388 aggressi,
1114 1319 1462 1389 postmodum
1494 1321 1676 1374 omnia
1713 1320 1942 1374 nefanda
1981 1334 2132 1373 com-

531 1394 771 1462 Imittere
807 1418 935 1462 sunt
969 1408 1110 1464 ausi.
1165 1408 1269 1474 Qui
1303 1409 1577 1464 mentibus
1625 1425 1684 1464 se
1718 1411 2128 1469 mandaverant,

553 1509 606 1552 et
636 1515 854 1555 onmem
883 1499 1192 1562 tumultum,
1219 1501 1492 1570 vitamque
1521 1514 1868 1554 communem
1903 1514 2001 1552 ceu
2033 1513 2128 1566 pe-

559 1601 672 1646 stes
723 1591 992 1659 fugerant,
1024 1603 1082 1643 ut
1127 1591 1238 1643 Deo
1271 1591 1372 1644 soli
1435 1601 1714 1652 vacarent,
1771 1589 1956 1644 omnia
2001 1603 2128 1642 san-

553 1682 758 1737 ctitatis
791 1681 969 1734 orlicia
1016 1681 1325 1748 (quantum
1363 1680 1417 1733 in
1501 1679 1722 1734 homine
1776 1679 1940 1733 situm
1997 1675 2128 1744 est)

553 1791 677 1830 eum
714 1775 869 1828 laude
895 1775 1261 1842 expleverant,
1285 1783 1342 1827 ιιι
1375 1781 1432 1828 et
1458 1773 1700 1827 omnium
1728 1772 1961 1825 maxima
1986 1771 2126 1838 apud

559 1869 726 1921 Deum
776 1874 1018 1935 possent,
1085 1867 1210 1936 quia
1248 1866 1468 1935 paulum
1506 1867 1572 1919 de
1606 1879 1700 1933 spe
1771 1879 1896 1932 erga
1947 1863 2126 1933 ipsum

557 1960 907 2029 remiserant,
962 1973 1064 2012 nec
1103 1958 1339 2021 amplius
1360 1957 1539 2011 omnia
1586 1956 1662 2010 illi
1721 1955 1931 2010 sincere
1977 1968 2130 2008 com-

560 2053 868 2115 mittebant,
907 2053 962 2104 in
1019 2051 1211 2122 primis
1245 2049 1475 2110 nefanda
1508 2055 1908 2119 perpetrarunt,
1957 2047 2134 2100 etim-

562 2143 814 2210 probitatt'
849 2141 980 2197 nihil
1033 2141 1226 2210 reliqui
1267 2140 1530 2194 fecerunt.
1561 2140 1615 2193 ln
1652 2154 1760 2209 quo
1793 2139 1956 2207 igitur
1986 2136 2122 2192 etre-

560 2237 787 2292 remur?
819 2236 874 2291 In
919 2246 1063 2291 recte
1094 2235 1303 2291 factis?
1358 2234 1506 2299 atqui
1565 2233 1696 2291 nihil
1737 2232 1998 2286 eximium
2057 2231 2132 2284 fe-

556 2330 756 2384 cimus.
785 2329 840 2382 lu
896 2327 1108 2396 magnis
1151 2325 1563 2395 nostris?lttqui
1621 2333 1803 2378 nostra
1829 2337 1937 2376 non
1981 2332 2134 2376 sunt.

555 2424 635 2475 Au
668 2420 796 2492 quia
827 2421 1165 2476 servavimus
1216 2435 1339 2489 quae
1395 2417 1750 2487 accepimus?
1778 2416 1890 2470 lmo
1949 2415 2136 2483 prodi-

555 2515 758 2567 .limns.
804 2510 909 2566 Sed
974 2511 1318 2580 signaculum
1379 2509 1583 2564 Christi
1629 2508 1872 2562 ferimus.
1913 2506 1979 2560 At
2029 2505 2133 2560 hoc

557 2606 735 2674 ipsum
759 2601 1018 2657 indicium
1041 2611 1124 2657 est
1146 2602 1410 2671 quodnon
1432 2600 1696 2665 ferimus;
1721 2598 1973 2667 superbis
1988 2598 2132 2651 enim

560 2695 696 2748 nihil
741 2708 867 2747 cum
904 2691 997 2746 illo
1043 2692 1262 2759 negotii,
1321 2690 1412 2758 qui
1448 2707 1466 2740 ι
1502 2690 1652 2743 mitis
1694 2698 1796 2751 est,
1823 2695 1876 2742 et
1915 2685 2136 2739 humilis

558 2787 721 2840 ent-de
743 2785 811 2840 ".
843 2803 862 2836 ι
911 2783 974 2838 Ει
1011 2782 1274 2852 contingit
1317 2792 1536 2851 propter
1577 2779 1890 2847 huiusmodi
1929 2777 2134 2847 cogita-

557 2880 736 2932 tiones
767 2876 1077 2946 superbiam
1113 2876 1286 2944 ipsam
1311 2873 1363 2926 in
1395 2888 1451 2926 sc
1483 2885 1754 2937 corruere,
1785 2877 1839 2924 ct
1881 2869 2137 2936 utrinque

567 2969 816 3027 morbum
849 2981 1194 3022 evanescere.
1225 2964 1352 3020 Sive
1374 2963 1520 3017 enim
1546 2962 1808 3031 sapimus,
1831 2975 1951 3028 quae
1975 2973 2137 3027 opor-

559 3073 654 3126 tet,
682 3076 788 3114 non
825 3071 1079 3127 magnum
1113 3057 1399 3124 sapimus:
1435 3055 1550 3110 slve
1587 3066 1841 3122 maguum
1866 3050 2133 3122 sapimus,

2230 593 2388 648 Μετὰ
2417 595 2525 662 γὰρ
2557 595 2658 662 τὴν
2695 594 2888 662 καινὴν
2933 593 3112 646 κτίσιν
3141 592 3234 644 καὶ
3264 591 3361 660 τὴν
3398 593 3453 642 ἐν
3492 589 3650 642 ῦδατι
3696 608 3804 658 xv:-

2231 689 2380 740 νείαν
2412 683 2506 737 καὶ
2538 685 2633 753 τὴν
2668 683 2839 752 πυρὸς
2870 683 3148 750 γέμουσαν
3178 680 3458 749 τράπεζαν
3490 678 3636 732 οὕτω
3665 680 3801 748 πρὸς

2231 777 2436 845 ἀρετὴν
2467 774 2709 836 ἀσθενῶς
2738 774 2953 843 ἔχουσιν
3001 773 3050 825 οἵ
3100 788 3165 838 γε
3211 771 3641 838 φιλοσοφώτατοι
3688 769 3798 821 τῶν

2231 864 2551 937 ἀνθρώπων,
2588 865 2726 917 ὥστε
2759 863 3187 933 συνεχοῦῑχρεία
3219 862 3314 930 τῆς
3350 863 3499 928 ἱερᾶς
3525 860 3798 930 τραπέζης

2231 961 2326 1012 καὶ
2356 961 2464 1014 τῶν
2495 959 2812 1029 καθαρσίων
2843 958 3090 1025 αἱμάτων
3120 957 3212 1010 καὶ
3244 957 3340 1025 τῆς
3365 954 3572 1009 ἄνωθεν
3594 954 3797 1022 χειρὸς,

2231 1052 2281 1105 εί
2310 1051 2384 1122 μὴ
2426 1051 2673 1122 μέλλοιεν
2701 1051 2783 1112 είς
2819 1049 2918 1118 τὴν
2951 1050 3188 1118 ἐσχάτην
3222 1046 3672 1117 ἐξενεχθήσεσθαι
3702 1063 3799 1098 πο-

2231 1143 2444 1214 νηρίαν.
2475 1143 2583 1195 Καὶ
2613 1141 2815 1195 τούτων
2848 1141 3125 1211 μάρτυρες
3161 1142 3351 1204 σαφεῖς
3372 1140 3422 1190 οἱ
3455 1139 3588 1208 πρὸς
3620 1137 3795 1189 πάντα

2234 1237 2333 1305 μὲν
2357 1234 2498 1304 ὑπὲρ
2532 1235 2624 1287 τοῦ
2671 1232 2839 1285 καλοῦ
2883 1233 2975 1285 καὶ
3018 1231 3117 1300 τῆς
3158 1233 3359 1300 ἀρετῆς
3393 1230 3794 1298 ἀποδυσάμενοι

2231 1329 2413 1390 πόνον,
2441 1327 2658 1380 πάντων
2687 1327 2742 1378 δὲ
2769 1325 2954 1377 κακῶν
2987 1324 3180 1376 ἔπειτα
3202 1325 3482 1392 γενόμενοι
3505 1321 3794 1390 τολμηταὶ,

2231 1420 2280 1473 οἳ
2321 1420 2388 1472 τὰ
2413 1421 2513 1488 ὅρη
2547 1417 2934 1487 κατειληφότες
2967 1416 3060 1468 καὶ
3091 1417 3273 1468 πάντα
3309 1413 3540 1483 θόρυϐον
3571 1415 3665 1466 καὶ⁵
3694 1414 3793 1481 τὴν

2231 1511 2417 1581 κοινὴν
2448 1511 2594 1579 ζωὴν
2627 1508 2814 1578 ὥσπερ
2865 1507 3041 1576 κῆρας
3071 1505 3446 1573 διαφυγόντες,
3487 1504 3626 1557 ὥστε
3672 1503 3792 1570 Θεῷ

2235 1606 2380 1674 μόνῳ
2411 1603 2720 1674 προσέχειν,
2753 1602 2846 1654 καὶ
2871 1601 3051 1655 πάντα
3095 1598 3164 1651 τὰ
3212 1597 3494 1660 κάλλιστα,
3541 1595 3619 1658 ὡς
3669 1591 3796 1662 ἐξῆν

2232 1693 2540 1764 ἀνθρώποις
2587 1691 3012 1760 κατωρθωκότες
3047 1690 3122 1752 ὡς
3161 1691 3256 1742 καὶ
3294 1690 3362 1742 τά
3391 1690 3609 1742 πάντων
3638 1686 3796 1756 μέγι-

2236 1806 2334 1840 στα
2367 1786 2519 1855 παρὰ
2547 1785 2624 1856 τῷ
2654 1785 2774 1854 Θεῷ
2822 1784 3145 1852 δυνηθῆναι,
3194 1783 3274 1836 ὅτι
3325 1783 3423 1850 τῆς
3469 1779 3603 1851 πρὸς
3637 1777 3798 1834 αὐτὸν

2237 1879 2448 1940 ἐλπίδος
2509 1876 2706 1946 μικρὸν
2766 1875 2983 1942 ύφῆκαν
3038 1873 3133 1924 καὶ⁷
3191 1870 3285 1924 τοῦ
3363 1871 3538 1925 πάντα
3604 1867 3800 1936 ἐκείνῳ

2237 1969 2546 2030 πιστεύειν,
2599 1966 2762 2027 εὐθὺς
2801 1966 2868 2017 τὰ
2919 1964 3174 2033 αἴσχιστα
3227 1963 3444 2016 πάντων
3495 1961 3800 2029 ἐτόλμησαν

2237 2060 2328 2111 καὶ
2362 2056 2664 2127 μοχθηρίας
2706 2053 2952 2106 ἐνέλιπον
2983 2052 3105 2107 οὐδὲ
3138 2052 3219 2104 ἓν.
3266 2051 3412 2103 Ἀντὶ
3443 2053 3588 2112 τίνος
3623 2049 3803 2101 τοίνυν

2238 2147 2473 2216 ὑπάρξει
2507 2147 2648 2215 μέγα
2683 2145 2938 2214 φρονεῖν;
2990 2143 3130 2209 ὑπὲρ
3163 2141 3271 2194 τῶν
3316 2139 3801 2208 κατωρθωμένωνς

2236 2241 2350 2296 ἀλλ’
2385 2240 2536 2292 οὐδὲν
2572 2238 2750 2307 μέγα·
2790 2235 2904 2288 ἀλλ’
2937 2234 3077 2302 ὑπὲρ
3107 2234 3213 2285 τῶν
3246 2235 3303 2283 ὲν
3341 2234 3471 2300 ἡμῖν
3511 2230 3797 2300 μεγάλωνς

2237 2331 2352 2385 ἀλλ’
2384 2331 2480 2400 οὐχ
2517 2329 2793 2397 ήμέτερα·
2833 2325 2946 2377 ἀλλ’
2979 2325 3058 2376 ὅτι
3085 2321 3403 2386 σεσώκαμεν
3431 2320 3574 2390 άπερ
3610 2317 3797 2372 ὲλάόοο

2241 2440 2366 2491 μεν;
2407 2420 2542 2474 ἀλλᾶ
2599 2416 3060 2486 προδεδώκαμεν·
3107 2413 3242 2466 ἀλλὰ
3280 2411 3372 2463 τοῦ
3433 2411 3671 2480 Χριστοῦ
3707 2411 3804 2481 τὴν

2239 2513 2512 2584 σφραγῖδα
2537 2511 2774 2580 φέρομεν
2796 2526 2808 2542 ⁸
2862 2509 2996 2562 ἀλλὰ
3029 2505 3174 2558 τοῦτ’
3207 2505 3338 2558 αὐτὸ
3378 2506 3697 2574 τεκμήριον,
3730 2505 3804 2566 ὼς

2236 2608 2298 2661 οξ,
2326 2609 2562 2675 φέρομεν
2581 2619 2599 2638 ο
2625 2605 2736 2664 τοῖς
2763 2601 2868 2670 γάρ
2894 2598 3268 2668 ὑπερηφάνοις
3295 2598 3444 2650 οὐδὲν
3468 2598 3646 2650 κοινὸν
3669 2596 3805 2667 πρὸς

2237 2701 2466 2759 ἐκεῖνον,
2512 2715 2528 2747 ι
2569 2695 2627 2759 ὃς
2657 2693 2832 2762 πρᾶός
2870 2693 2984 2742 ἐστι
3012 2689 3106 2742 καὶ
3134 2689 3388 2747 ταπεινὸς
3419 2691 3485 2758 τῇ
3525 2688 3740 2758 καρδία·
3778 2707 3797 2739 ι

2239 2794 2335 2844 καὶ
2391 2789 2678 2858 συμϐαίνει
2713 2783 2864 2854 παρὰ
2917 2782 3044 2842 τοὺς
3088 2780 3386 2848 λογισμοὺς
3419 2779 3658 2841 τούτους,
3704 2780 3804 2848 τὴν

2238 2883 2616 2953 ὑπερηφανίαν
2648 2877 2818 2948 αὐτὴν
2851 2877 3018 2943 ἑαυτῇ
3068 2872 3425 2941 περιπίπτειν
3454 2874 3546 2926 καὶ
3576 2871 3805 2942 φροῦδον

2240 2975 2578 3044 ἑκατέρωθεν
2609 2969 2748 3024 εἶναι
2785 2971 2844 3022 τὸ
2870 2968 3060 3030 πάθος.
3091 2966 3216 3019 Εἴτε
3248 2966 3353 3033 γὰρ
3383 2964 3417 3018 ἃ
3456 2965 3536 3017 δεῖ
3574 2963 3804 3033 φρονοῦ-

2243 3086 2366 3138 μεν,
2401 3067 2510 3118 εἴτε
2547 3063 2688 3132 μέγα
2724 3061 3049 3130 φρονοῦμεν,
3083 3058 3255 3127 τούτῳ
3283 3057 3344 3124 δὴ
3379 3053 3452 3121 τῷ
3492 3055 3632 3123 μέγα
3667 3071 3800 3122 φρο-

556 3157 660 3206 hoc
683 3152 800 3220 ipso
820 3149 1093 3202 Christum
1119 3147 1306 3217 procul
1329 3145 1521 3202 abesse
1568 3160 1595 3198 a
1621 3144 1775 3198 nobis
1818 3142 2134 3204 sentientes,

2239 3163 2346 3214 νεῖν
2371 3159 2402 3227 ή
2411 3159 2528 3227 μῶν
2551 3154 2729 3208 αὐτῶν
2752 3153 3052 3224 ᾐσθημένοι
3072 3147 3304 3219 Χριστοῦ
3331 3149 3516 3216 πόῤῥω
3539 3145 3796 3213 φέροντες

555 3252 610 3294 et
653 3255 751 3294 nos
776 3241 978 3294 nullius
1015 3241 1171 3308 pretii
1207 3254 1348 3304 esse,
1381 3239 1768 3307 intelligentes,
1792 3249 1955 3303 super
1977 3233 2135 3288 nobis

558 3333 707 3401 ipsis,
744 3341 800 3384 ut
830 3331 1078 3401 abjectis,
1112 3331 1244 3384 nihil
1276 3332 1551 3400 egregium
1581 3330 1880 3400 sapiemus.

627 3425 766 3489 Quin
796 3427 957 3478 etiam
1009 3423 1258 3491 sequitur
1314 3433 1373 3477 ut
1413 3424 1633 3494 lugeant
1685 3433 1741 3479 et
1806 3425 1990 3491 ﬂeant,
2044 3437 2138 3497 qui

557 3515 758 3569 Christi
786 3524 905 3568 acta
939 3513 1292 3568 meditantur.
1339 3515 1398 3568 Si
1429 3515 1552 3584 quis
1605 3529 1787 3570 secum
1821 3527 2031 3586 reputet
2062 3519 2142 3573 vi-

559 3607 913 3675 tlelicet,qua:
944 3621 1044 3674 pro
1102 3606 1277 3659 salute
1330 3616 1536 3671 nostra,
1597 3621 1740 3660 novo
1785 3617 1840 3662 et
1895 3609 2141 3664 inaudito

563 3698 726 3750 modo
752 3695 941 3762 gessit,
981 3705 1036 3747 et
1068 3704 1267 3762 quanta
1296 3694 1369 3749 sit
1399 3694 1610 3762 ignavia
1664 3700 1898 3761 nostra,
1931 3698 2138 3766 quique

563 3801 665 3842 nos
707 3795 852 3840 tenet
931 3786 1202 3841 somnus!
1253 3786 1382 3839 Sive
1414 3785 1560 3837 enim
1617 3787 2141 3854 pretiosissimorum

557 3881 770 3948 jactura
798 3893 899 3933 nos
922 3881 1236 3942 contristat,
1268 3886 1320 3930 et
1353 3877 1614 3930 memoria
1645 3891 1834 3930 eorum
1859 3893 1978 3944 quae
2003 3877 2142 3930 ami-

562 3973 738 4026 simus
783 3970 1047 4040 laerytnas
1077 3968 1242 4031 elicit,
1294 3968 1380 4022 hic
1418 3968 1685 4022 discimus
1739 3976 1972 4036 quantas
2006 3968 2144 4021 divi-

564 4066 666 4123 tias
698 4078 820 4118 cum
862 4063 914 4116 in
967 4060 1218 4115 manibus
1293 4059 1646 4122 haberemus,
1687 4068 1741 4114 et
1773 4059 1960 4115 liceret
2005 4060 2140 4114 reti~

561 4173 712 4221 nere,
743 4172 843 4212 nos
871 4155 1296 4226 projeeerimus:
1323 4154 1438 4208 sive.
1461 4152 1801 4208 conscientia
1827 4152 2008 4206 multae
2033 4152 2141 4205 ini-

561 4249 782 4318 quitatis
816 4263 942 4316 erga
975 4255 1085 4301 tam
1121 4247 1427 4301 studiosum
1470 4245 1868 4299 benefactorem
1899 4243 2138 4297 animam

564 4342 796 4403 mordet,
821 4349 873 4392 et
914 4347 1175 4402 macerat,
1214 4338 1339 4390 hinc
1369 4335 1605 4388 maxime
1633 4334 1986 4388 manifestum
2014 4349 2140 4388 eva-

564 4435 692 4482 tlt‘l'e
725 4439 908 4497 queat,
935 4441 1100 4495 quam
1136 4427 1391 4494 praaclara
1424 4426 1511 4478 ille
1571 4439 1695 4494 erga
1727 4439 1826 4479 nos
1889 4439 2140 4479 mansue-

2242 3251 2335 3305 καὶ
2359 3251 2511 3312 ὄντες
2539 3247 2706 3319 μηδὲν
2737 3245 2910 3312 ὑγιὲς,
2950 3243 3026 3307 ῶς
3059 3245 3152 3296 ἐπὶ
3195 3240 3418 3310 φαύλοις
3458 3241 3586 3310 ἡμῖν
3615 3240 3799 3302 αὐτοῖς

2243 3345 2304 3399 οὐ
2337 3342 2477 3412 μέγα
2504 3340 2868 3410 φρονήσομεν.

2316 3437 2428 3492 Καὶ
2461 3437 2568 3507 μὴν
2604 3435 2697 3488 καὶ
2729 3433 2946 3486 πενθεῖν
2977 3429 3269 3484 ἀκόλουθον
3296 3426 3388 3481 καὶ
3412 3424 3666 3494 δακρύειν
3693 3425 3804 3484 τοῖς

2242 3531 2310 3585 τὰ
2341 3527 2578 3599 Χριστοῦ
2629 3524 2928 3594 μελετῶσιν
2985 3521 3155 3582 εἴτις
3205 3517 3492 3584 λογίζοιτο,
3533 3515 3655 3567 τίνα
3711 3514 3806 3575 μὲν

2242 3621 2502 3692 περὶτῆς
2539 3615 2813 3686 σωτηρίας
2860 3613 3016 3682 ήμῶν
3067 3607 3495 3677 ὲκαινοτομήθη,
3538 3605 3619 3665 τίς
3669 3604 3725 3656 δὲ
3772 3603 3806 3672 ή

2246 3712 2490 3786 ῥᾳθυμία
2543 3711 2638 3764 καὶ
2669 3709 2698 3760 ό
2731 3705 2978 3774 κατέχων
3028 3703 3177 3770 ἡμᾶς
3220 3698 3424 3760 ὕπνοςί
3461 3698 3589 3786 Είτε
3620 3696 3728 3763 γὰρ
3773 3695 3806 3764 ή

2245 3805 2420 3874 ζημία
2447 3801 2554 3855 τῶν
2582 3797 2931 3868 τιμιωτάτων
2969 3793 3118 3863 ἡμᾶς
3155 3789 3334 3851 λυπεῖ,
3362 3793 3455 3844 καὶ
3491 3781 3565 3840 ὧν
3595 3787 3806 3839 ἀπολωο

2245 3896 2483 3962 λέκαμεν
2515 3889 2732 3958 ἀγαθῶν
2760 3891 2792 3957 ή
2841 3887 3028 3956 μνήμη
3078 3880 3493 3954 παρασκευάζει
3525 3875 3805 3944 δακρύειν,

2243 3985 2478 4041 ἐνταυθα
2506 3983 2594 4035 τὸν
2619 3979 2844 4032 πλοῦτον
2878 3975 3242 4046 μανθάνομεν,
3274 3973 3425 4036 ὅσος,
3453 3970 3512 4022 δν
3541 3970 3595 4018 ἐν
3628 3968 3806 4036 χεροῖν

2243 4081 2456 4148 ἔχοντες
2487 4077 2736 4142 κατέχειν
2767 4069 2910 4134 ἐξὸν,
2938 4068 3127 4119 ἔπειτα
3157 4059 3566 4134 ρίπτομεν,εῐτε
3599 4059 3659 4112 τὸ
3687 4075 3812 4110 συνε-

2242 4169 2440 4223 ειδέναι
2470 4162 2668 4233 πολλὴν
2701 4163 2829 4229 ἡμῖν
2862 4159 3044 4219 αὐτοῖς
3076 4154 3469 4224 άγνω;.”ιοσύνην
3501 4150 3632 4218 περὶ
3665 4148 3806 4202 οὕτω

2244 4260 2528 4330 φιλότιμον
2557 4255 2853 4321 εὐεργέτην
2879 4250 3066 4304 δάκνει
3116 4248 3210 4300 καὶ
3255 4246 3414 4314 τήκει
3469 4243 3571 4310 τὴν
3605 4239 3803 4310 ψυχὴν,

2242 4347 2492 4402 ἐντεῦθεν
2545 4345 2610 4397 ἂν
2661 4341 2898 4412 μάλιστα
2939 4339 3150 4406 γένοιτο
3195 4335 3370 4404 δῆλον,
3409 4333 3510 4402 ὅσῃ
3543 4333 3641 4400 μὲν
3669 4330 3804 4400 πρὶς

2241 4438 2390 4505 ἡμᾶς
2421 4425 2626 4495 ἐκεῖνος
2649 4429 2950 4501 ήμερότητι
2977 4428 3242 4496 κέχρηται
3275 4425 3366 4476 καὶ
3397 4422 3799 4492 φιλανθρωπίᾳ,

566 4522 770 4586 tudine,
799 4529 852 4573 et
891 4518 1228 4572 humanitate
1264 4533 1394 4571 usus
1419 4518 1511 4580 sit,
1547 4533 1708 4585 quam
1773 4516 2014 4571 vicissim
2037 4531 2136 4570 nos

2244 4529 2375 4597 ὅσην
2413 4525 2469 4577 δὲ
2509 4524 2644 4594 πρδις
2671 4521 2833 4575 αὐτὸν
2859 4521 3019 4588 ἡμεῖς
3047 4513 3467 4582 ἐπιδεικνύμεθα
3507 4511 3799 4580 ῥαθυμίαν.

565 4615 826 4667 adversus
848 4610 999 4663 illum
1025 4609 1282 4664 socordes
1305 4608 1692 4662 exstiterimns.
1717 4607 1960 4662 Primum
1986 4612 2130 4662 enim

567 4724 595 4757 e
623 4706 760 4760 italo
786 4702 1064 4758 descendit
1090 4709 1445 4772 utqnaereret,
1470 4709 1525 4754 et
1553 4709 1609 4754 ut
1635 4714 1862 4770 cognata
1883 4716 1981 4756 nos
2007 4717 2137 4756 voce

567 4797 792 4870 alloqui,
831 4804 882 4846 et
913 4794 1089 4848 oculis
1127 4792 1372 4864 aspicere
1448 4793 1667 4858 valeret,
1715 4793 1839 4846 fecit
1885 4809 1900 4847 :
1935 4803 1992 4845 ιιι
2020 4794 2135 4845 sive

567 4904 764 4962 genere
785 4886 1000 4940 aflinem
1030 4885 1330 4954 diligimus,
1365 4883 1478 4938 sive
1516 4886 1805 4953 Optimum,
1841 4898 2136 4950 utrumque

571 4988 684 5048 ipse
713 4983 802 5048 sit,
833 4988 885 5034 et
911 4978 1124 5033 duohus
1159 4977 1299 5041 istis,
1333 4991 1452 5045 (ιιιιε
1481 4977 1682 5043 ubique
1717 4989 1956 5027 amorem
2001 4988 2137 5028 cou-

569 5075 779 5138 nliant,
806 5073 858 5125 in
891 5072 1007 5140 ipso
1065 5070 1410 5131 coeuntibus,
1443 5067 1740 5135 plurimum
1775 5067 1841 5118 a-‘l
1897 5079 2136 5118 amorem

571 5176 816 5224 Lustrum
839 5161 1187 5222 allicieudum
1207 5160 1398 5230 possit.
1435 5158 1634 5212 Deinde
1657 5158 1951 5210 amicitiam
1985 5167 2140 5210 actu-

577 5273 691 5320 HIS,
724 5255 854 5308 illud
885 5268 1103 5324 quoque
1132 5251 1349 5319 adjecit.
1379 5251 1645 5315 Quoniam
1672 5247 1816 5302 enim
1852 5247 2144 5315 unusquis-

573 5365 677 5414 que
697 5347 935 5414 seipsum
960 5343 1154 5413 diligit,
1177 5341 1339 5397 simul
1379 5349 1584 5394 natura:
1611 5348 1916 5393 consortem
1941 5341 2135 5412 diligit.

576 5440 611 5487 δ
647 5438 678 5489 d
709 5442 911 5506 quanto
933 5435 1054 5503 quis
1101 5435 1224 5496 sibi,
1258 5448 1420 5501 quam
1455 5430 1628 5484 cuivis
1658 5429 1862 5482 homini
1910 5440 1992 5483 est
2015 5447 2139 5500 pro-

575 5526 846 5599 pinquior,
880 5534 1030 5578 tanto
1053 5537 1289 5593 sequam
1343 5522 1493 5575 illum
1547 5521 1778 5590 amplius
1829 5521 2024 5589 diligit.
2067 5522 2138 5578 Ut

575 5632 704 5684 ιπέο
761 5627 809 5670 et
860 5617 962 5671 hac
1014 5615 1218 5671 ratione
1275 5612 1552 5669 meliurem
1614 5612 1788 5666 locum
1849 5612 2138 5678 obtineret,

646 5794 687 5829 ⁸³⁷
734 5791 924 5849 Matth.
957 5811 1032 5856 XI,
1065 5790 1148 5848 l9.

2240 4617 2464 4686 Πρῶτον
2503 4615 2602 4682 μὲν
2646 4613 2755 4681 γὰρ
2805 4611 2865 4674 ἐξ
2903 4608 3131 4678 ούρανοῦ
3179 4604 3415 4672 κατῆλθε
3462 4601 3658 4671 ζητῶν,
3707 4600 3803 4652 καὶ

2238 4711 2386 4770 ὅπως
2405 4701 2791 4773 συγγενῆίπρδς
2811 4701 2958 4771 ἡμᾶς
2977 4700 3163 4768 ἀφήσῃ
3183 4695 3366 4764 φωνὴν
3386 4696 3479 4745 καὶ
3497 4693 3618 4762 ὄψιν
3636 4691 3804 4762 δείξῃ,

2241 4799 2566 4865 πεποίηκεν,
2594 4794 2669 4856 ὡς
2703 4792 2791 4854 ἂν,
2821 4791 2932 4844 εἴτε
2964 4790 3056 4843 τὸν
3077 4787 3350 4857 ὁμόφυλον
3373 4786 3672 4854 στέργομεν
3697 4783 3807 4836 εἴτε

2233 4891 2324 4942 τον
2355 4890 2596 4958 ἄριστον,
2636 4887 2941 4954 ἀμφότερον
2967 4881 3132 4942 αὐτὸς
3226 4879 3318 4930 καὶ
3345 4879 3490 4930 δυοῖν
3519 4876 3745 4938 τούτων,
3771 4874 3806 4927 ἃ.

2239 4975 2517 5046 πανταχοῦ
2555 4976 2699 5026 ποιεῖ
2748 4973 2946 5038 φιλεῖν,
2983 4972 3072 5023 ἐπ’
3119 4969 3284 5021 αὑτοῦ
3334 4967 3698 5019 συνελθόντων
3737 4965 3806 5016 τὰ

2244 5071 2479 5139 μέγιστα
2507 5064 2642 5132 πρὸς
2669 5063 2848 5130 ἔρωτα
2872 5061 3074 5130 δυνηθῇ
3097 5077 3111 5090 ’
3145 5060 3331 5110 ἔπειτα
3361 5059 3460 5128 τὴν
3494 5058 3679 5125 φιλίαν
3707 5054 3806 5109 αῦ-

2242 5160 2345 5224 ξων
2373 5158 2594 5210 κάκεῖνο
2619 5151 2984 5221 προσέθηκεν.
3021 5151 3174 5202 Ἐπεὶ
3202 5151 3306 5218 γὰρ
3330 5148 3474 5216 φιλεί
3500 5148 3596 5214 μὲν
3620 5147 3808 5200 ἑαυτὸν

2241 5251 2495 5312 ἕκαστος,
2527 5247 2671 5314 φιλεῖ
2698 5245 2752 5296 δὲ
2784 5243 2875 5296 τὸν
2906 5240 3197 5311 ὁμόφυλον,
3226 5239 3340 5292 ἀλλ’
3371 5241 3494 5292 ὅσον
3521 5236 3701 5304 ἑαυτῴ
3729 5251 3810 5296 τις

2247 5342 2516 5411 προσήκει
2546 5336 2746 5406 μᾶλλον
2775 5335 2809 5403 ἦ
2859 5335 2968 5396 τοῖς
3011 5330 3327 5400 ὁμοφύλοις,
3364 5330 3553 5382 ἑαυτὸν
3596 5327 3810 5397 στέργει

2250 5432 2452 5502 μᾶλλον
2483 5431 2516 5499 ἢ
2556 5429 2648 5480 τδν
2679 5425 2970 5496 ὁμόφυλον,
2995 5424 3070 5484 ὡς
3094 5422 3160 5475 ἂν
3183 5423 3277 5480 καὶ
3300 5421 3470 5490 ταύτῃ
3507 5421 3600 5473 τὸν
3623 5418 3815 5488 βελτίω

2243 5521 2338 5574 τοῦ
2364 5518 2638 5589 φικιῖσθαι
2668 5515 2925 5587 κατάσχῃ
2953 5516 3141 5578 τόπον,
3175 5514 3237 5565 τὸ
3264 5513 3373 5564 τῶν
3413 5511 3623 5580 ἐφετῶν
3651 5510 3814 5578 ἐσχα-

2250 5629 2363 5674 τον,
2424 5611 2518 5666 καὶ
2574 5609 2650 5679 μὴ
2709 5607 2960 5676 καθάπερ
3012 5606 3124 5667 τοῖς
3183 5603 3473 5674 ὁμοφύλοις
3531 5602 3812 5669 χαίρομεν,
