4196 6308
349 405 456 467 665

1408 417 1504 477 DE
1538 415 1716 479 νιΤΑ
1748 416 1828 477 ΙΝ
1868 414 2208 478 CHRISTO
2241 415 2391 478 LIB.
2436 417 2542 480 VI.

3470 419 3583 482 666

347 524 460 577 ἀλλ’
483 523 676 594 ὥσπερ
709 523 802 592 ὑφ’
833 525 991 594 ἡμῶν
1030 526 1210 580 αὐτῶν
1245 529 1570 597 φιλούμεθα,
1600 531 1786 584 τοῦτον
1814 532 1907 582 τὸν

2010 545 2172 597 quam
2193 538 2276 583 est
2307 528 2455 596 diligi
2479 530 2654 597 (quod
2689 537 2868 581 tamen
2917 538 2997 582 est
3033 541 3249 582 summe
3271 528 3510 597 optabile
3543 533 3586 600 ),

349 619 554 685 τρόπον
605 616 767 678 αὐτὸς
797 616 901 669 ὑπὸ
927 617 1148 672 πάντων
1177 619 1276 690 ἔχῃ
1303 621 1592 686 φιλεῖσθαι,
1625 623 1727 675 ούκ
1772 622 1915 691 ἠγά-

353 725 528 776 πησεν
559 710 688 777 ἡμῖν
711 709 978 778 ὁμόφυλος
1012 709 1086 763 ὢν
1112 711 1190 780 τῷ
1217 713 1431 780 φύσεως
1462 714 1790 781 μεταλαϐεῖν
1818 716 1917 784 τῆς

355 799 704 867 αὐτῆς,ἁλλὰ
741 801 834 852 καὶ
873 802 1071 854 ταὺτοῦ
1124 801 1374 873 σώματος
1412 805 1504 858 καὶ
1542 807 1773 876 αἵματος
1821 810 1916 861 καὶ

356 891 666 960 πνεύματος
705 894 836 961 ἡμῖν
865 894 1224 963 κοινωνήσας.
1275 896 1362 948 ἴνα
1397 897 1424 949 δ
1457 899 1716 966 περὶτῶν
1743 899 1915 965 φίλων

355 984 682 1053 ήπαροιμία
714 987 880 1053 φησὶν
927 986 1204 1056 ὑπερϐολῇ
1255 990 1534 1056 χρωμένη,
1576 989 1734 1041 τοῦτο
1777 990 1916 1058 πρὸς

355 1073 613 1142 ἀλήθειαν
645 1074 810 1137 αὐτὸς
837 1075 1053 1144 ἑκάστῳ
1083 1077 1308 1144 γένηται
1340 1077 1446 1130 τῶν
1479 1079 1910 1148 προσκειμένων,

351 1161 510 1226 ἄλλος
535 1163 721 1225 αὐτός.

421 1343 485 1396 Ei
515 1343 561 1395 δ’
587 1344 796 1407 ἐκεῖνος
837 1343 936 1412 μὲν
965 1343 1136 1405 οὓτως
1167 1344 1315 1412 ἡμᾶς
1347 1342 1578 1413 ἐζήτησε
1607 1346 1701 1397 καὶ
1732 1344 1914 1410 φιλίας

348 1433 540 1486 οὐδένα
571 1435 791 1502 παρῆκε
820 1435 990 1488 τόπον
1021 1436 1187 1504 ἀργὸν
1235 1434 1453 1501 ἑαυτοῦ,
1506 1436 1639 1489 ἀλλὰ
1676 1438 1770 1489 καὶ
1822 1437 1914 1488 τὸν

349 1525 645 1594 εὐεργέτην
680 1526 847 1590 ἔδειξε
879 1529 973 1581 καὶ
999 1527 1088 1579 τὸν
1123 1527 1350 1593 ἀδελφὺν
1380 1529 1476 1581 καὶ
1505 1529 1636 1597 ἡμῖν
1667 1528 1912 1597 ὑπῆρξεν

348 1622 472 1674 ἀντὶ
498 1615 654 1689 ἡμῶν
696 1621 898 1686 αὐτῶν,
936 1622 1028 1674 καὶ
1057 1621 1229 1674 ταῦτα
1274 1622 1334 1674 οὐ
1367 1621 1599 1692 θελήσας
1639 1623 1759 1675 οὐδὲ
1792 1623 1911 1675 νεύ-

351 1729 482 1778 ματι
531 1712 713 1781 μόνον,
856 1712 948 1764 τὴν
996 1712 1221 1781 οὐρανὸν
1276 1714 1502 1781 ἐποίησε
1547 1714 1759 1778 τοῦτον,
1795 1716 1912 1767 ἀλλ’

350 1803 537 1869 ἱδρῶσι
567 1803 660 1856 καὶ
710 1801 914 1867 πόνοις,
961 1804 1257 1879 οὐδαμόθεν
1286 1805 1436 1877 αύτῷ
1469 1805 1764 1877 προσῆκον,
1819 1807 1911 1857 καὶ

2019 627 2160 672 etne
2187 619 2344 686 quasi
2375 618 2702 687 homOpliylo
2754 617 3109 684 gauderemus
3152 633 3167 669 :
3223 617 3317 671 scd
3370 620 3511 672 sicut
3557 635 3586 672 ιι

2019 709 2175 764 nobis
2209 710 2341 778 ipsis
2371 710 2668 778 diligimur,
2723 710 2795 762 ita
2835 710 2948 776 ipse
3005 709 3074 761 ab
3124 709 3381 763 omnibus
3435 709 3586 778 diligi

2020 811 2231 868 posset,
2289 817 2395 854 non
2447 802 2580 855 satis
2614 801 2796 854 habuit
2837 800 3198 871 homopliylus
3231 811 3415 854 noster
3453 814 3577 853 esse

2016 893 2370 960 eamdemque
2424 901 2669 944 naturam
2703 891 3092 958 assumpsisse,
3150 891 3242 944 sc-l
3293 899 3346 943 et
3392 905 3590 956 corpus

2019 980 2186 1041 idem,
2219 991 2272 1035 et
2302 982 2645 1050 sanguinem,
2685 991 2738 1034 et
2767 981 3017 1048 spiritmn
3056 996 3212 1033 suum
3245 980 3402 1033 nobis
3433 996 3585 1032 com-

2019 1073 2260 1126 municat
2287 1091 2302 1125 :
2332 1082 2386 1126 et
2411 1073 2554 1140 quod
2607 1074 2672 1125 de
2697 1074 2890 1126 amicis
2943 1071 3284 1141 byperboliea
3326 1063 3616 1140 parmmia'

2015 1165 2232 1225 dicitur,
2264 1164 2366 1216 hoc
2401 1178 2524 1216 vere
2557 1164 2668 1232 ipse
2697 1164 2988 1231 unicuique
3035 1162 3135 1216 sibi
3174 1149 3614 1227 adlizerentinm,

2017 1259 2098 1318 lit,
2130 1256 2267 1309 alter
2295 1271 2416 1324 ego.

2084 1345 2201 1399 Jam
2229 1363 2356 1400 vero
2383 1347 2425 1400 si
2457 1347 2546 1400 ille
2589 1346 2809 1414 quidem
2843 1354 3126 1413 tantopere
3187 1359 3284 1398 nos
3319 1343 3590 1410 quaesivit,

2018 1437 2336 1504 nullumque
2363 1437 2617 1491 amicitia:
2670 1453 2868 1490 munus
2917 1436 3152 1503 reliquit.
3184 1435 3276 1487 sed
3339 1443 3393 1486 et
3426 1434 3591 1486 benc-

2019 1529 2297 1590 factorem,
2327 1539 2380 1582 ct
2411 1528 2634 1582 fratrem
2669 1545 2728 1583 sc
2760 1530 3015 1590 ostendit,
3053 1527 3316 1594 nobisque
3373 1541 3468 1593 pro
3496 1541 3593 1576 nu-

2018 1622 2101 1674 bis
2135 1619 2263 1684 ipsis
2291 1619 2411 1683 fuit,
2451 1629 2504 1672 ct
2535 1621 2640 1673 hoc
2663 1635 2771 1672 non
2803 1621 3099 1682 voluntate,
3137 1632 3235 1670 nec
3279 1626 3412 1669 nutu
3467 1615 3586 1669 solo

2016 1729 2125 1780 quo
2163 1712 2361 1766 cwlum
2403 1713 2504 1766 hoc
2533 1711 2680 1774 fecit,
2708 1717 2799 1766 sed
2840 1711 3130 1764 sndoribus
3177 1720 3228 1762 et
3286 1707 3588 1765 labaribns.

2017 1803 2159 1870 quod
2189 1803 2503 1870 neutiquam
2531 1802 2606 1856 illi
2638 1803 3019 1862 conveniebat,
3045 1810 3098 1855 et
3125 1815 3346 1868 angore,
3374 1810 3424 1851 et
3461 1814 3593 1852 cou-

347 1892 562 1962 ἁγωνίᾳ
608 1893 703 1944 καὶ
748 1893 944 1959 ἀτιμίᾳ
977 1894 1074 1945 καὶ
1107 1893 1345 1963 πληγαῖς
1376 1896 1468 1948 καὶ
1510 1897 1572 1948 τὸ
1605 1893 1913 1949 τελευταῖον

2021 1901 2250 1962 temptu,
2276 1900 2329 1948 et
2364 1894 2558 1964 plagis,
2591 1901 2645 1948 et
2693 1894 2760 1947 ad
2795 1903 3097 1948 extremum
3139 1900 3334 1954 morte,
3373 1904 3474 1944 nos
3497 1904 3592 1942 au-

350 1983 586 2054 θανάτῳ,
615 1985 776 2052 ἡμεῖς
807 1983 852 2035 δ’
882 1984 941 2036 ού
995 1985 1155 2053 μόνον
1197 1985 1306 2037 οὐδ’
1335 1986 1653 2054 ἡστινοσοῦν
1697 1989 1909 2056 μεμνή-

353 2075 492 2144 μεθα
547 2075 769 2144 χάριτος
834 2074 970 2144 πρὸς
1018 2075 1108 2126 τὸν
1163 2074 1306 2127 οὕτω
1357 2076 1717 2138 παντοδαπῶς
1779 2079 1909 2145 ἡμῖν

350 2167 576 2234 ἀγαθὸν,
609 2166 728 2218 οὐδὲ
780 2164 1053 2233 ζητοῦμεν
1082 2161 1167 2228 οἷς
1207 2166 1574 2234 ἀμειψόμεθα,
1627 2167 1742 2220 ἀλλ’
1769 2167 1911 2220 οὕτω

352 2255 560 2318 σκαιῶς
583 2254 796 2322 ἔχομεν,
828 2254 963 2305 ὥστε
999 2249 1079 2315 οἷς
1109 2254 1477 2322 ἀπεχθάνεται
1512 2255 1910 2322 προσκείμεῠα,

351 2347 447 2400 καὶ
468 2340 544 2399 ὧν
571 2347 795 2412 ἀπάγει,
843 2345 1048 2398 τούτων
1078 2345 1330 2415 ἐχόμεθα,
1374 2348 1468 2398 καὶ
1519 2347 1656 2415 πρὸς
1698 2347 1734 2401 ἃ
1775 2363 1910 2414 προ-

352 2436 640 2505 τρέπεται,
683 2434 856 2489 ταῦτα
879 2435 1179 2504 φεύγομεν,
1212 2437 1308 2490 καὶ
1347 2437 1520 2498 οὕτως
1553 2437 1751 2489 ἄτοπον
1791 2439 1915 2492 ἐπι-

354 2526 684 2596 δεικνύμεθα
715 2527 1018 2595 πονηρίανο
1070 2527 1232 2580 τίνων
1277 2529 1336 2580 οὐ
1393 2529 1607 2599 θρήνων
1642 2529 1781 2591 ἄξιοι
1824 2531 1916 2582 καὶ

351 2617 624 2686 δακρύων,
653 2617 708 2671 οἳ
732 2619 900 2670 τᾶλλα
940 2620 1036 2685 μὲν
1065 2618 1223 2685 λόγου
1253 2619 1398 2679 τινὸς
1435 2620 1789 2689 ἐνομίσαμεν,
1824 2619 1916 2673 τὸν

354 2707 582 2776 Σωτῆρα
607 2707 663 2760 δὲ
693 2709 786 2760 καὶ
817 2707 1076 2760 τάκείνου
1122 2708 1490 2777 περιορῶμεν,
1517 2708 1705 2778 ὥσπερ
1734 2711 1916 2773 ἄλλοις

357 2802 636 2868 προσῆκον
661 2798 867 2868 ζητεῖν,
899 2799 931 2867 ἢ
963 2800 1035 2868 μὴ
1063 2800 1192 2869 περὶ
1217 2802 1362 2869 ἡμᾶς
1392 2799 1493 2866 τῆς
1531 2802 1740 2869 ἁφάτου
1768 2818 1920 2868 γενο-

363 2891 532 2960 μένης
557 2891 768 2945 ἐκείνου
801 2892 1061 2962 προνοίας
1104 2892 1199 2944 καὶ
1231 2895 1341 2955 τοῖς
1387 2893 1486 2961 μὲν
1531 2894 1855 2964 ἐπιτηδείοις
1884 2895 1937 2948 ἃ

355 2981 441 3034 δεῖ
461 2980 697 3052 χρῆσθαι
733 2982 868 3050 πρὸς
913 2982 1068 3050 ἡμῶν
1097 2981 1400 3051 ἡγούμεθα,
1441 2983 1535 3036 καὶ
1569 2983 1676 3054 μὴν
1710 2987 1802 3038 καὶ
1832 2985 1919 3036 λό-

353 3090 475 3139 γοις
499 3073 592 3126 καὶ
611 3073 796 3142 ἔργοις
838 3074 933 3125 καὶ
969 3073 1188 3142 τέχναις
1229 3073 1466 3136 ἀπάσαις
1516 3076 1608 3126 καὶ
1643 3076 1775 3127 πᾶσι
1807 3078 1918 3136 τοῖς

353 3169 511 3237 παρὰ
547 3166 640 3219 τὸν
693 3166 827 3236 βίον,
878 3167 983 3219 κᾶν
1031 3170 1347 3237 γεωργῆσαι
1402 3167 1506 3220 xiv
1544 3169 1918 3238 στρατηγῆσαι

348 3260 472 3329 δὲῃ,
499 3257 602 3312 κᾶν
641 3258 820 3312 ὁτιοῦν
849 3259 928 3318 είς
952 3258 1013 3310 τὸ
1043 3259 1220 3311 κοινὸν
1256 3257 1594 3322 πολιτεῦσαι,
1627 3261 1731 3312 κᾶν
1760 3260 1918 3312 αὐτόν

349 3367 483 3402 τινα
517 3349 779 3418 πράττειν
803 3350 889 3416 ἐφ’
921 3348 1148 3412 ἑαυτοῦ,
1182 3347 1244 3401 τὸ
1287 3349 1432 3411 εἰκὸς
1477 3347 1748 3420 ζητοῦμεν
1794 3352 1920 3402 ἐκα-

352 3439 582 3510 σταχοῦ,
609 3441 704 3492 καὶ
743 3440 836 3492 τοῦ
864 3441 1058 3510 χρόνου
1095 3440 1187 3492 τὸν
1215 3440 1407 3510 καιρὸν
1437 3439 1791 3507 ἐπαινοῦμεν,
1823 3439 1920 3492 καὶ

348 3533 492 3593 ὅλως
525 3532 588 3584 τὸ
614 3533 938 3601 γιγνόμενον
976 3530 1070 3584 καὶ
1101 3532 1162 3583 τὸ
1193 3531 1341 3593 εἰκὸς
1368 3533 1463 3583 καὶ
1497 3531 1558 3584 τδ
1594 3531 1799 3583 δίκαιον
1825 3533 1920 3582 καὶ

347 3623 513 3676 τοῦτο
545 3622 609 3691 δὴ
645 3621 885 3689 τοῠνομα
927 3621 1208 3690 πανταχοῦ
1251 3620 1388 3673 πολὺ
1430 3621 1561 3690 παρ’
1597 3621 1778 3690 ἡμῶν,
1827 3623 1921 3688 μό-

351 3733 468 3768 νων
496 3715 554 3768 δὲ
599 3715 728 3784 πέρι
783 3714 893 3766 τῶν
935 3714 1010 3777 ὡς
1059 3712 1274 3782 ἀληθῶς
1324 3713 1648 3781 ἡμετέρων.
1687 3713 1833 3773 ὅπως

351 3807 605 3876 προσῆκε
637 3805 966 3874 φυλάξομεν,
1005 3805 1100 3856 καὶ
1137 3804 1206 3857 δι’
1251 3795 1325 3857 ὧν
1373 3803 1437 3856 ἂν
1473 3805 1604 3873 ἡμῖν
1652 3804 1832 3864 αὐτοῖς
1861 3803 1920 3854 τὸ

346 3898 564 3950 δίκαιον
612 3896 929 3963 ἀποδοῖμεν,
979 3896 1180 3965 ἥκιστα
1233 3893 1298 3963 δὴ
1329 3893 1547 3947 πάντων
1583 3891 1916 3958 σκοποῦμεν,

344 3987 547 4057 ὥσπερ
579 3987 689 4038 τῶν
741 3969 918 4040 ἄλλων
945 3987 1203 4040 ἁπάντων
1251 3985 1469 4055 χείρους
1515 3985 1664 4054 ἡμᾶς
1721 3985 1921 4045 αὐτοὺς

343 4076 689 4146 ἡγούμενοις
735 4077 798 4130 Et
833 4079 908 4146 μή
944 4093 997 4128 τι
1037 4076 1190 4141 ἄλλο,
1222 4076 1359 4146 πρὸς
1387 4074 1518 4142 γοῦν
1550 4073 1648 4142 τὴν
1676 4091 1919 4128 καινοτο-

348 4169 494 4240 μίαν
520 4167 970 4236 ἐπιστραφέντες,
999 4167 1033 4236 ii
1057 4169 1235 4220 πάντα
1269 4165 1443 4218 ἔσεισε
1465 4165 1559 4217 καὶ
1587 4165 1916 4234 μετήγαγεν,

344 4264 416 4313 ἐν
513 4260 584 4312 τὰ
616 4259 714 4324 μὲν
746 4259 890 4329 ὑπὲρ
922 4259 1014 4312 τὸν
1045 4257 1276 4328 οὐρανὸν
1313 4258 1363 4310 οί
1397 4256 1673 4326 πυθμένες
1698 4257 1795 4326 τῆς
1817 4257 1917 4323 γῆς

345 4349 521 4416 εἶδον,
549 4351 623 4420 γῆ
655 4351 712 4403 δὲ
740 4351 901 4403 αὑτὸν
922 4350 1162 4421 ὑπερέϐη
1185 4352 1278 4402 τὸν
1302 4351 1557 4419 οὐρανὸν,
1584 4349 1678 4403 καὶ
1710 4348 1921 4418 δεσμώ-

345 4465 454 4517 της
488 4444 590 4514 μὲν
619 4444 648 4496 ὁ
681 4443 860 4506 κοινὸς
880 4443 970 4496 τοῦ
1005 4442 1212 4512 κόσμου
1245 4441 1534 4512 τύραννος,
1566 4444 1614 4494 oi
1642 4441 1917 4510 δεδεμένοι

383 4543 406 4592 ὲ
444 4537 538 4592 τοῦ
573 4538 834 4604 τυράννου
883 4535 1110 4590 πατοῦσι
1163 4535 1264 4604 τὴν
1311 4533 1572 4604 κεφαλὴν,
1628 4535 1723 4586 καὶ
1760 4532 1919 4600 σῶμα

349 4631 491 4691 Θεὸς
535 4629 744 4697 ἑωρᾶτο
775 4627 956 4696 φέρων
991 4627 1085 4679 και)⁸
1137 4626 1295 4679 τοῦτο
1349 4627 1582 4695 πληγαῖς
1622 4621 1788 4686 εἶκον,
1825 4623 1916 4677 καὶ

349 4719 498 4788 αἷμα
530 4720 627 4772 καὶ
670 4713 825 4772 τοῦτο
857 4717 997 4787 χέων
1045 4717 1138 4769 ἐπὶ
1174 4717 1430 4785 σταυροῦ,
1462 4718 1556 4768 καὶ
1607 4712 1674 4770 αὖ
1727 4717 1918 4784 νεκρὸς

348 4807 646 4877 ἁ·.ορὠπου
679 4807 839 4858 σείων
871 4805 973 4874 τὴν
1017 4805 1122 4873 γῆν
1159 4805 1253 4858 καὶ
1283 4807 1498 4874 νεκροῖς
1530 4803 1677 4875 ζωὴν
1720 4805 1919 4857 ὲπανά-

348 4916 491 4966 γων,
523 4892 598 4950 ὧν
628 4899 786 4965 ἔργον
816 4895 972 4948 οὐδὲν
998 4896 1030 4966 ἢ
1064 4899 1156 4949 τὶν
1190 4898 1468 4964 Δεσπότην
1495 4895 1796 4962 ἐπιγνῶναι
1826 4897 1917 4946 καὶ

348 4991 454 5055 τῆς
490 4991 593 5057 γῆς
629 4989 931 5058 ἀναστῆναι
991 4990 1084 5042 καὶ
1119 4987 1253 5056 πρὸς
1305 4989 1536 5056 οὐρανὸν
1593 4987 1784 5055 βλέψαι
1825 4987 1917 5040 τὸν

349 5079 668 5147 ἄνθρωπον,
711 5080 760 5130 oi
809 5079 872 5148 δη
908 5077 1110 5131 τούτων
1157 5078 1582 5147 συνενεχθέντων
1615 5077 1694 5130 ἔτι
1728 5077 1921 5130 καθεύ-

349 5171 538 5232 δοντες
591 5173 684 5222 καὶ
718 5169 968 5237 καθάπερ
1001 5167 1314 5235 ἀνδριάντες
1350 5169 1488 5238 πρὸς
1536 5168 1762 5238 βροντὰς
1817 5187 1922 5221 πα-

352 5262 546 5322 θόντες
574 5259 740 5321 οὐδὲν,
770 5261 933 5310 τίνων
964 5259 1063 5310 οὐκ
1094 5257 1419 5327 ἀθλιώτεροι
1446 5274 1462 5321 ;

435 5349 556 5411 Πῶς
587 5347 658 5412 ,δὲ
708 5348 766 5400 οὐ
811 5347 1010 5399 δίκαιοι
1055 5347 1147 5399 τὸν
1195 5347 1412 5400 ἅπαντα
1441 5347 1534 5400 τοῦ
1570 5349 1686 5417 βίου
1713 5350 1910 5418 χρόνον

351 5441 587 5501 πένθους
617 5438 865 5506 ἡγεῖσθαι
901 5437 1098 5508 καιρόν
1124 5454 1139 5502 ;
1176 5438 1310 5491 Τίνα
1361 5439 1470 5508 γὰρ
1491 5439 1525 5494 ἃ
1554 5439 1865 5508 δακρύομεν
1892 5459 1907 5506 ;

349 5536 549 5596 νυῧσος;
579 5533 715 5600 ἡμῖν
745 5531 799 5585 δὲ
821 5533 881 5584 οὐ
919 5533 1067 5583 νοσεῖ
1104 5531 1213 5582 τῶν
1258 5533 1316 5585 ἐν
1338 5532 1468 5600 ἡμῖν
1504 5533 1562 5584 τὸ
1603 5533 1918 5602 βέλτιστονς

351 5627 498 5677 ἀλλὰ
527 5625 723 5686 πενίας
761 5624 854 5676 καὶ
882 5626 989 5692 μὴν
1022 5623 1158 5676 πολὺ
1191 5625 1372 5692 χεῖρον
1407 5623 1579 5694 ταύτῃ
1611 5625 1720 5678 τῶν
1753 5630 1922 5695 πενὴ-

351 5733 471 5765 τοοιν
526 5716 858 5784 πράττομεν,
915 5716 1040 5767 ὅσον
1085 5716 1514 5783 ἀναγκαιότερος
1561 5717 1794 5770 ἐνταῦθα
1827 5720 1920 5770 καὶ

355 5804 498 5860 πολὺ
534 5805 759 5875 βελτίων
789 5806 1089 5868 ὁπλυῦτος,
1160 5809 1253 5859 καὶ
1303 5808 1494 5858 πενίαν
1549 5807 1644 5875 μὲν
1691 5813 1781 5861 επὶ
1825 5807 1920 5862 τίιῦ

2014 1997 2121 2043 tem
2154 1999 2262 2043 non
2303 1985 2478 2039 solum
2511 1985 2696 2054 gratia:
2727 2000 2852 2052 erga
2888 1993 2996 2039 tam
3027 1983 3210 2036 multis
3264 1980 3438 2034 modis
3465 1994 3593 2056 pro-

2012 2083 2204 2151 pitium
2233 2079 2393 2138 nobis
2424 2093 2485 2130 ac
2512 2078 2829 2130 benevolum
2877 2077 3028 2130 obliti
3085 2089 3297 2138 sumus,
3362 2072 3457 2126 sed
3509 2072 3580 2128 ita

2013 2174 2235 2241 insuper
2263 2172 2440 2227 stolidi
2486 2182 2697 2230 smnus,
2741 2167 2886 2220 utiis
2926 2167 3310 2227 inbaareamus,
3347 2176 3468 2232 quae
3503 2162 3594 2216 ille

2013 2261 2148 2326 odit,
2181 2271 2233 2314 et
2262 2276 2292 2314 a
2314 2261 2512 2330 quibus
2539 2277 2639 2315 nos
2664 2264 2878 2317 avocat,
2913 2256 3003 2309 illa
3051 2255 3480 2322 complectamur
3503 2266 3516 2315 ;
3537 2255 3592 2303 et

2015 2351 2081 2405 ad
2113 2366 2233 2420 qua:
2261 2352 2529 2416 hortatur,
2580 2353 2683 2405 hoc
2747 2351 3042 2421 l'ugiattlll‘i,
3104 2345 3345 2409 adeoque
3386 2341 3592 2394 nefarie

2015 2457 2115 2497 nos
2145 2444 2402 2513 gerimus,
2436 2459 2557 2513 qua:
2581 2459 2686 2497 non
2716 2446 2971 2507 lamenta,
2996 2458 3133 2512 quas
3163 2450 3269 2494 non
3318 2434 3589 2500 lncrymas

2019 2517 2314 2591 meremur?
2346 2535 2450 2601 Qui
2481 2536 2583 2589 alia
2610 2537 2827 2605 quidem
2868 2536 3053 2604 aliquo
3101 2527 3330 2588 numero
3375 2539 3429 2584 et
3465 2530 3588 2583 loco

2016 2629 2288 2692 ducimus,
2321 2625 2655 2682 Salvatorcm
2680 2637 2880 2691 autem,
2919 2635 2973 2679 et
3008 2625 3263 2679 beneficia
3307 2623 3426 2692 ejus
3496 2623 3588 2674 lle-

2019 2720 2302 2788 Spicimus,
2337 2721 2494 2788 quasi
2525 2734 2587 2773 ea
2619 2720 2686 2772 all
2726 2719 2865 2772 alios
2900 2717 3226 2784 pertineant,
3257 2723 3309 2768 et
3339 2727 3444 2766 non
3490 2727 3587 2778 pro

2022 2812 2176 2864 nobis
2211 2809 2495 2865 incﬂ‘abilis
2525 2811 2612 2864 illa
2645 2809 2980 2879 providentia
3015 2814 3262 2874 suscepta
3295 2807 3385 2859 sit.
3416 2805 3477 2857 Et
3505 2803 3586 2855 [ιι-

2023 2903 2326 2957 miliaribus
2348 2903 2588 2970 quidem,
2619 2901 2904 2970 nostrique
2935 2900 3196 2955 studiosis
3233 2905 3289 2950 ut
3319 2896 3382 2950 ad
3427 2909 3586 2948 usum

2024 2993 2329 3046 necessaria
2367 3007 2434 3046 ne
2463 2991 2660 3055 desint,
2692 2992 2757 3046 ad
2787 2987 3023 3046 cilicium
3074 3001 3320 3057 spectare
3357 2985 3588 3038 arbitra-

2023 3099 2167 3138 mur.
2206 3083 2344 3148 Quin
2377 3082 2540 3137 etiam
2569 3082 2766 3147 verbis,
2799 3082 3052 3150 operibus
3077 3088 3131 3133 et
3155 3077 3364 3131 artibus
3405 3075 3586 3128 ornni-

2025 3173 2125 3228 bus
2179 3174 2231 3228 in
2289 3175 2398 3228 vita
2439 3172 2736 3241 requisitis,
2802 3187 2898 3226 seu
2944 3171 3230 3234 aramlum,
3287 3182 3383 3222 seu
3441 3165 3585 3218 mili-

2023 3263 2243 3316 tandum
2280 3263 2372 3327 sit,
2402 3279 2496 3316 seu
2524 3261 2730 3328 aliquid
2778 3276 2875 3329 per
2937 3276 3036 3314 nos
3085 3260 3232 3328 ipsos
3291 3258 3581 3327 agendum,

2024 3353 2220 3422 ubique
2249 3353 2488 3421 aequitati
2507 3353 2866 3413 consulimus.
2900 3361 2956 3405 et
2979 3351 3212 3404 oblatam
3245 3355 3584 3402 oceasloncm

2023 3446 2252 3500 libenter
2279 3445 2592 3515 arripimus,
2625 3454 2673 3497 ct
2707 3444 2935 3497 omnino
2971 3453 3322 3500 consuetum.
3344 3457 3584 3509 zequum,

2018 3539 2256 3608 justum,
2284 3548 2339 3592 et
2369 3536 2687 3606 bujusmodi
2721 3537 2940 3590 nomina
2973 3535 3176 3606 ubique
3196 3543 3249 3589 et
3280 3535 3509 3588 multmn
3531 3536 3585 3587 in

2021 3647 2113 3686 ore
2139 3641 2325 3686 nostro
2353 3639 2638 3685 versantur
2665 3630 2877 3687 :solum
2903 3637 3083 3683 autem
3118 3627 3184 3682 de
3219 3627 3286 3680 iis
3315 3641 3436 3696 qua:
3461 3641 3586 3680 vere

2021 3725 2204 3769 nostra
2229 3723 2376 3776 sunt,
2411 3729 2518 3782 quo
2546 3726 2703 3782 pacto
2733 3728 2796 3766 ea
2824 3723 2882 3766 ut
2917 3714 3073 3767 decet
3108 3711 3506 3772 custodiamus,
3533 3720 3587 3764 et

2024 3817 2118 3870 per
2141 3818 2261 3870 quae
2291 3801 2694 3870 nobismetipsis
2718 3802 2861 3869 quoi
2892 3800 3100 3870 justum
3141 3809 3225 3854 est
3271 3800 3584 3860 reddamus,
3615 3821 3620 3830 -

2021 3893 2386 3948 sollicitudine
2438 3892 2584 3946 nulla
2625 3895 2917 3962 tangimur,
2951 3891 3352 3961 quodammodo
3375 3891 3586 3945 caeteris

2021 3982 2274 4036 omnibus
2302 3983 2634 4050 indigniorcs
2689 3998 2787 4036 nos
2828 3984 3109 4036 ducentes.
3154 3981 3209 4035 Si
3245 3997 3355 4034 non
3411 3981 3583 4043 aliud,

2021 4073 2210 4128 saltem
2265 4073 2330 4126 ad
2370 4088 2549 4126 rerum
2594 4074 2884 4127 novitatem
2930 4083 3387 4134 convertercmur,
3463 4087 3586 4139 qua

2021 4163 2200 4218 omnia
2236 4163 2535 4226 concussit,
2556 4174 2605 4216 et
2633 4164 2891 4228 traduxit,
2926 4164 2979 4216 iu
3006 4179 3110 4231 qua
3143 4179 3262 4232 qua:
3292 4179 3456 4222 super
3477 4179 3586 4217 cce-

2020 4255 2104 4312 los
2132 4264 2307 4318 erant,
2338 4254 2444 4308 ima
2482 4263 2638 4307 terra:
2665 4253 2916 4308 viderunt
2947 4271 2962 4320 ;
3004 4263 3148 4308 terra
3187 4264 3365 4308 autem
3421 4271 3583 4322 supra

2022 4349 2196 4415 ipsum
2215 4347 2411 4402 coelum
2452 4347 2715 4400 ascendit.
2742 4345 2806 4401 Et
2825 4347 3038 4402 vinctus
3073 4347 3290 4416 quidem
3322 4359 3404 4401 est
3434 4363 3586 4402 com-

2023 4438 2204 4493 munis
2237 4438 2423 4492 mundi
2455 4447 2716 4508 tyrannus
2756 4456 2768 4493 :
2800 4439 2896 4509 qui
2930 4440 3094 4494 vincti
3126 4449 3304 4502 erant,
3333 4441 3450 4507 ejus
3495 4456 3582 4494 ca-

1950 4570 1996 4625 ι)
2025 4537 2117 4596 put
2139 4531 2482 4584 conculcant.
2509 4527 2576 4583 Et
2609 4528 2752 4583 Deus
2781 4542 2992 4598 gestare
3046 4545 3244 4600 corpus
3300 4533 3448 4587 visus
3477 4541 3580 4596 est,

2023 4621 2185 4688 idque
2215 4621 2385 4689 plagis
2415 4631 2470 4674 et
2505 4621 2819 4676 vulneribus
2859 4623 3079 4682 cedens,
3127 4630 3183 4676 et
3238 4624 3578 4690 sanguinem,

2024 4729 2178 4781 quem
2207 4715 2260 4766 in
2292 4729 2451 4768 cruce
2474 4713 2737 4781 proludit.
2765 4715 3050 4777 Praeterea,
3079 4729 3272 4782 corpus
3305 4726 3579 4767 lllOl'lUllllI

2023 4805 2277 4869 hominis,
2313 4817 2469 4860 teme
2495 4808 2670 4861 solum
2707 4809 3004 4871 concussit,
3035 4817 3085 4859 et
3132 4819 3374 4859 mortuos
3428 4821 3580 4857 exc:-

2021 4900 2170 4954 tavit.
2206 4898 2445 4964 Quorum
2483 4914 2681 4954 munus
2713 4900 2856 4954 aliud
2887 4901 3090 4952 nullum
3126 4905 3260 4961 erat,
3313 4898 3412 4952 nisi
3469 4895 3580 4950 Do-

2023 4992 2226 5043 minum
2253 5007 2568 5060 agnoscere,
2595 5001 2649 5045 et
2677 5007 2706 5044 e
2741 5001 2881 5044 terra
2935 5005 3233 5055 resurgere,
3266 5002 3318 5042 ct
3379 4990 3576 5043 caelum

2024 5085 2328 5153 respicere:
2353 5086 2443 5151 qui
2478 5097 2760 5154 postquam
2787 5085 2896 5135 lucc
2920 5081 3057 5134 facta
3085 5090 3228 5146 sunt,
3254 5099 3282 5134 ιι
3305 5083 3428 5134 lbuc
3455 5085 3581 5138 dur-

2025 5177 2201 5230 miunt
2244 5186 2300 5230 et
2359 5187 2616 5245 tanquam
2665 5185 2857 5228 statuae
2885 5190 2914 5226 a
2958 5174 3248 5227 tonitribus
3299 5175 3428 5226 nihil
3461 5176 3580 5228 alli-

2023 5271 2264 5332 ciuntur,
2300 5285 2410 5337 quo
2435 5285 2541 5323 non
2580 5267 2920 5321 miseriores?

2091 5359 2372 5424 Quomodo
2407 5369 2584 5413 autem
2615 5373 2722 5411 non
2751 5357 2954 5426 justum
2991 5366 3094 5420 est,
3122 5357 3432 5412 universum
3463 5357 3582 5410 vita:

2022 5451 2253 5519 Spatium
2279 5451 2456 5505 luctus
2496 5461 2706 5517 tempus
2733 5449 3087 5504 existimare?
3129 5450 3260 5516 Qua:
3288 5450 3429 5503 enim
3487 5448 3582 5501 lle.

2026 5553 2164 5596 mus.
2218 5538 2484 5591 obsecro?
2530 5535 2936 5591 Morbum?An
2996 5555 3123 5593 vero
3181 5540 3234 5592 in
3289 5537 3443 5590 nobis
3472 5551 3578 5590 non

2024 5640 2269 5696 aegrotat,
2299 5629 2439 5697 quod
2468 5637 2549 5684 est
2572 5631 3073 5698 praestantissimum
3107 5631 3129 5682 ?
3156 5629 3529 5696 Paupertatem
3559 5628 3584 5682 ?

2025 5722 2182 5789 Atqui
2215 5721 2367 5788 pejus
2406 5721 2530 5784 ista,
2557 5738 2719 5789 quam
2754 5737 3017 5790 pauperes
3055 5722 3153 5788 ipsi
3179 5717 3578 5784 conﬂictamur,

2024 5819 2226 5878 «tuante
2249 5810 2330 5863 laic
2356 5811 2524 5878 magis
2549 5811 2884 5875 necessariae,
2909 5818 2965 5866 et
2987 5811 3158 5864 multo
3178 5807 3427 5864 meliores
3453 5818 3582 5865 sunt
