4196 6308
556 354 659 414 ϐίἱῖ

1810 344 2117 413 NlCOLAi
2153 342 2541 402 CABASILrE

3685 323 3800 386 663

549 464 777 520 divitizr.
805 459 865 515 Et
897 474 1187 534 paupertas
1215 468 1434 535 quidem
1459 463 1770 522 necessario
1823 474 1943 513 cum
2000 470 2134 524 prir-

2269 448 2502 517 ταρόντος
2536 445 2750 512 ἀνάγκη
2779 441 3115 504 πεπαῦσθαι,
3145 437 3294 492 τουτὶ
3318 435 3375 490 δέ
3405 433 3468 489 τὸ
3512 432 3686 487 δεινὸν
3736 433 3798 487 οὐ

552 556 691 608 scuti
728 557 830 606 vita
862 555 1061 607 desinit
1097 574 1111 619 ;
1153 559 1289 612 hanc
1329 571 1510 612 autent
1559 554 1922 612 calamitatem
1982 564 2131 603 mors

555 646 747 699 tollere
775 661 880 699 non
910 658 1079 714 potest
1111 665 1125 712 ;
1152 652 1280 715 quin
1315 651 1514 718 potius,
1541 657 1600 729 ut
1632 646 1962 714 nobislonge
1988 643 2135 711 igno-

557 737 846 791 miniosior
898 738 969 789 sit
1003 738 1054 790 in
1100 736 1301 799 futuro,
1344 752 1566 793 necesse
1617 747 1722 790 est.
1768 736 1870 789 Sed
1919 731 2133 787 insania

553 840 632 881 est
666 829 1012 882 miserabilis.
1074 830 1216 894 Quid
1247 831 1270 883 ?
1331 845 1514 884 annon
1551 829 1723 884 malus
1750 829 1960 883 daemon
2011 826 2133 879 aui-

560 937 706 971 mnm
741 928 988 974 nostrum
1024 920 1265 975 furenter
1312 921 1573 991 exagitat,
1626 920 1682 974 in
1733 934 1896 990 quem
1931 926 2134 972 tantam

560 1011 810 1065 amentiae
843 1013 947 1063 vim
979 1010 1253 1065 cll‘umlit?
1286 1010 1341 1065 Si
1371 1013 1514 1066 enim
1545 1029 1707 1082 super
1736 1027 1896 1066 enses
1946 1008 2137 1063 ambu—

559 1104 692 1165 late,
719 1117 839 1156 sese
872 1102 1200 1171 praecipitem
1235 1103 1383 1164 dare.
1444 1104 1650 1157 amicos
1708 1102 2004 1173 praeterire,
2085 1108 2141 1154 et

565 1193 1092 1247 malevolentissimis
1120 1195 1417 1261 supplicem
1452 1195 1588 1258 fieri,
1625 1194 1668 1249 si
1700 1195 1833 1258 haec,
1893 1193 2138 1262 inquam,

563 1283 955 1337 insanientium
989 1293 1137 1346 sunt,
1155 1300 1332 1338 nonne
1368 1295 1637 1339 amantem
1665 1285 1929 1353 fugimus?
1960 1300 2141 1340 nonne

563 1372 770 1426 hostem
804 1376 1128 1429 asciscimus
1158 1376 1182 1428 ἲ
1210 1391 1395 1430 nonne
1424 1378 1490 1431 ad
1514 1379 1814 1446 gehennam
1845 1378 2140 1442 currimus,

564 1464 693 1517 dum
729 1468 936 1530 omnia,
961 1482 1081 1535 quae
1112 1482 1177 1520 eo
1198 1468 1502 1537 impellunt,
1530 1472 1880 1536 dcsignamus
1910 1471 1933 1524 i
1963 1469 2145 1536 Quare

563 1555 807 1606 omnium
842 1554 1110 1608 scelerum
1142 1558 1476 1611 conscientia
1509 1558 1801 1627 impeditos
1830 1569 1883 1611 et
1916 1573 2141 1627 oppres-

562 1659 674 1709 Sos,
708 1645 837 1699 ﬂere
881 1657 932 1700 et
959 1646 1146 1716 lugere
1205 1664 1305 1702 nos
1340 1661 1770 1717 consentaneum
1804 1662 1906 1705 est.
1967 1653 2145 1719 Atque

564 1735 770 1789 utinam
815 1736 1005 1789 horum
1039 1740 1372 1793 conscientia
1407 1741 1565 1795 nobis
1598 1742 1894 1810 contingat,
1945 1751 1998 1796 et
2023 1758 2143 1810 qua:
2171 1772 2220 1831 Β

567 1834 715 1886 sunt,
750 1840 870 1879 esse
893 1826 1143 1881 arbitrari
1180 1847 1194 1883 :
1227 1838 1278 1882 ct
1307 1844 1411 1883 non
1441 1831 1602 1883 etiam
1639 1830 1692 1884 in
1749 1830 1851 1884 hoc
1898 1830 2146 1885 infelices

568 1918 764 1980 simus,
806 1917 895 1970 ubi
934 1919 1200 1974 malorum
1256 1936 1536 1976 versemur
1579 1922 1889 1990 ignorantes
1933 1923 1978 1975 si
2046 1923 2145 1977 bo-

569 2015 693 2052 nam
726 2001 921 2055 animae
951 2002 1348 2067 habitudinem,
1389 2006 1704 2069 ctdivitias,
1739 2014 1793 2058 et
1861 2005 2145 2059 sanitatem

569 2089 901 2154 nesciamus,
936 2106 1055 2156 qua:
1088 2093 1245 2145 nobis
1283 2107 1311 2144 a
1372 2093 1591 2146 Christo
1643 2102 1959 2159 praeparata,
2012 2092 2147 2147 citra

568 2168 832 2242 laborem,
866 2182 998 2233 nihil
1031 2182 1132 2234 nisi
1170 2181 1506 2235 voluntatem
1566 2180 1915 2235 alien-cutibus
1957 2197 2148 2236 conse—

569 2271 660 2336 qui
710 2269 858 2323 licet.
899 2267 1066 2325 Valde
1128 2272 1274 2325 enizu
1309 2272 1463 2326 triste
1496 2272 1584 2337 sit,
1612 2288 1735 2325 cum
1759 2272 2012 2326 felicitate
2029 2288 2151 2340 per-

570 2359 675 2411 frui
722 2359 900 2423 liceat,
955 2361 1154 2425 eligere
1206 2363 1506 2427 miseriam,
1537 2372 1590 2416 et
1620 2378 1743 2416 cum
1781 2364 2053 2430 possimus
2099 2363 2149 2415 in

570 2452 689 2504 luce
723 2450 920 2512 vivere,
964 2466 1071 2504 non
1107 2468 1362 2505 recusare
1392 2452 1443 2504 in
1479 2452 1715 2505 tenebris
1768 2455 1979 2505 sedere.
2029 2449 2153 2505 Haec

570 2555 702 2593 vero
728 2557 833 2594 non
864 2543 1041 2596 solum
1082 2544 1350 2597 inertibus
1383 2543 1652 2610 lacrymas
1686 2553 1911 2611 possunt
1934 2543 2152 2609 dicere,

574 2633 667 2685 sed
720 2633 1066 2700 prohissimis
1097 2634 1282 2695 ctiam,
1334 2646 1386 2686 et
1422 2634 1504 2686 his
1547 2636 1801 2698 maxime,
1858 2645 2064 2701 quanto
2103 2642 2158 2687 et

576 2721 753 2789 majus
781 2722 1022 2775 sentiunt
1056 2723 1467 2777 detrimentum.
1505 2722 1717 2776 Etenim
1746 2734 1798 2777 et
1833 2726 1914 2779 his
1942 2735 1993 2778 et
2033 2740 2159 2792 gra-

581 2813 825 2866 vioribus
847 2823 1022 2867 semet
1045 2816 1435 2875 condemnant,
1452 2825 1503 2867 ct
1525 2816 1781 2868 extremis
1800 2831 1857 2870 se
1876 2816 2159 2885 suppliciis

584 2904 897 2959 multandos
932 2919 1176 2971 censent,
1208 2922 1333 2961 cum
1393 2908 1654 2976 cogitant,
1718 2907 1886 2961 Deum
1927 2908 2156 2976 nudum,

580 3009 744 3050 cruce
778 2996 1191 3066 interemptum,
1233 2998 1321 3052 cui
1361 3000 1544 3052 omnia
1582 2999 1851 3066 serviunt,
1883 3008 1937 3054 et
1966 3016 2089 3055 eum
2127 3015 2158 3055 a

2233 539 2452 591 δύναται
2475 537 2620 590 λύειν
2638 536 2671 604 ἡ
2687 535 2928 605 τελευτὴ,
2950 534 3064 587 ἀλλ’
3078 534 3292 601 ἀνάγκη
3309 531 3404 583 καὶ
3426 527 3605 597 πολλῷ
3630 527 3803 596 μείζω

2235 633 2409 683 ποιεῖν
2439 632 2568 699 ἡμῖν
2597 630 2686 681 ἐπὶ
2719 627 2812 680 τοῦ
2841 626 3126 696 μέλλοντος
3166 625 3267 693 τὴν
3323 621 3592 692 αἰσχύνην
3619 635 3630 648 ·
3666 618 3805 673 άλλά

2239 724 2403 792 μανία
2430 723 2680 778 ἐλεεινόν.
2720 721 2786 774 Τί
2816 715 2944 784 οὖν;
2999 720 3062 771 οὐ
3100 716 3336 786 πονηρδις
3393 712 3551 780 ἡμῶν
3584 710 3805 762 ἐλαύνει

2235 815 2445 884 δαίμων
2478 813 2577 884 τὴν
2607 813 2851 883 γνώμην,
2892 807 2960 882 ἧς
2983 807 3255 877 τοσαύτην
3288 805 3549 873 κατέχεεν
3579 802 3804 863 ἄνοιανς

2237 909 2300 961 Εἰ
2331 909 2440 978 γάρ
2462 907 2554 960 ἐπὶ
2589 906 2732 975 ξίφει
2780 906 2978 975 χωρεῖν
3018 903 3114 955 καὶ
3142 898 3287 953 κατὰ
3325 894 3591 967 κρημνῶν
3623 892 3808 946 ἵεσθαι

2239 1001 2337 1053 καὶ
2381 999 2509 1062 τούς
2561 998 2749 1066 φίλους
2790 995 3008 1064 ἀγνοεῖν
3039 993 3134 1047 καὶ
3185 992 3297 1052 τοῖς
3350 985 3810 1056 δυσμενεστάτοις

2240 1090 2632 1159 προσπίπτειν,
2687 1087 2864 1142 ταῦτα
2920 1082 3287 1153 μαινομένων,
3314 1081 3375 1132 οὐ
3414 1079 3508 1131 τὸν
3547 1076 3809 1145 φιλοῦντα

2241 1180 2538 1249 φεύγομεν,
2581 1179 2641 1231 οὐ
2683 1178 2774 1231 τὸν
2823 1175 3017 1246 ἐχθρὸν
3074 1170 3157 1237 οἷς
3208 1170 3473 1239 ποιοῦμεν
3498 1165 3805 1236 ζητοῦμενς

2241 1273 2340 1324 οὐκ
2375 1273 2467 1324 ἐπὶ
2517 1271 2619 1341 τὴν
2663 1269 2891 1339 γέενναν
2932 1265 3237 1335 σπεύδομεν
3292 1263 3470 1317 πάντα
3502 1259 3806 1321 ποιοῦντες,

2243 1362 2279 1417 ἃ
2306 1362 2444 1432 πρὸς
2473 1362 2688 1428 ἐκείνην
2723 1360 2891 1426 (beet;
2929 1356 3089 1412 Οὕτω
3122 1355 3223 1426 μὲν
3253 1353 3434 1429 τοίνυν
3459 1353 3595 1422 ἡμῖν
3626 1351 3810 1412 αὐτοῖς

2243 1454 2311 1505 τά
2343 1452 2602 1504 πάνδεινα
2626 1449 2891 1503 συνειδόσι
2922 1446 3180 1519 δακρύειν
3234 1443 3531 1497 ἀκόλουθον
3554 1440 3649 1494 καὶ
3681 1455 3814 1490 πεν-

2247 1544 2359 1597 θεῖν
2383 1560 2399 1575 ⁶
2432 1543 2604 1596 ταῦτα
2637 1542 2693 1596 δὲ
2713 1540 2913 1608 γένοιτ’
2939 1539 3005 1592 ἂν
3041 1539 3173 1608 ἡμῖν
3196 1535 3381 1598 αὐτοῖς
3407 1528 3812 1599 συνεγνωκέναι

2248 1636 2340 1688 καὶ
2370 1635 2437 1687 τὰ
2462 1634 2590 1686 ὄντα
2624 1633 2865 1699 δοξάζειν
2898 1629 2992 1682 καὶ
3029 1628 3105 1698 μὴ
3125 1627 3222 1681 καὶ
3242 1625 3422 1679 ’τοῦτο
3448 1623 3754 1691 δυστυχεῖν,
3888 1628 3897 1639 ⁸

2248 1725 2433 1777 κακῶν
2456 1724 2620 1793 ἐσμὲν
2640 1720 2947 1791 ἀγνοοῦσιν,
2962 1721 3057 1773 ἐάν
3083 1721 3181 1787 τὴν
3203 1716 3417 1781 εὐεξίαν
3440 1715 3534 1767 καὶ
3551 1713 3639 1765 τὸν
3655 1711 3818 1764 πλοῦ-

2247 1834 2339 1868 τον
2354 1814 2586 1884 εἰδῶμεν
2613 1814 2708 1867 καὶ
2728 1814 2787 1866 τὸ
2819 1811 3141 1882 σωφρονεῖν,
3168 1802 3243 1861 ὧν
3266 1808 3396 1880 ἡμῖν
3422 1806 3526 1859 ύπδ
3553 1805 3645 1857 τοῦ
3676 1805 3816 1872 Χρι·

2248 1907 2374 1960 στοῦ
2408 1905 2572 1977 μηδὲν
2600 1908 2868 1973 πονήσασι
2927 1899 3463 1970 κατεσκευασμένων
3521 1897 3819 1966 τυγχάνειν

2247 2000 2457 2064 ἔξεστιν
2521 2000 2834 2068 εἰσάγοντας
2890 1997 3043 2050 οὐδὲν
3087 1995 3250 2047 πλέον
3346 1991 3378 2061 ἢ
3435 1989 3812 2059 βουλομένους.

2250 2090 2420 2144 Τοῦτο
2444 2091 2552 2160 γὰρ
2590 2092 2656 2143 ἀν
2682 2091 2836 2143 δάκοι
2876 2087 3080 2158 μᾶλλον
3117 2084 3368 2155 καρδίαν,
3413 2082 3534 2146 ἐξὸν
3558 2080 3820 2146 εὐδαιμο-

2251 2186 2389 2248 νεῖν,
2414 2182 2686 2253 αἱρεῖσθαι
2713 2181 3017 2250 δυστυχεῖν,
3031 2178 3123 2231 καὶ
3141 2177 3239 2246 ζῇν
3263 2176 3320 2227 ἐν
3337 2174 3475 2243 φωτὶ
3493 2172 3825 2240 δυναμένους

2253 2277 2310 2328 ἐν
2336 2273 2516 2327 σκότει
2540 2274 2878 2342 καθημένους
2898 2269 3212 2339 ἀνέχεσθαι.
3233 2267 3420 2318 Ταῦτα
3439 2263 3497 2317 δὲ
3515 2264 3574 2316 οὐ
3595 2262 3706 2323 τοῖς
3727 2261 3824 2331 ρᾳ-

2255 2365 2441 2433 θύμως
2469 2364 2649 2433 ἔχουσι
2679 2363 2837 2432 μόνον
2865 2360 3120 2431 ἐμϐάλλει
3146 2359 3401 2426 δάκρυον,
3425 2355 3557 2406 ἀλλὰ
3585 2354 3680 2407 καὶ
3708 2354 3824 2414 τοῖς

2258 2454 2696 2516 σπουδαιοτάτοις
2728 2453 2823 2505 καλ⁵
2850 2452 3087 2522 μάλιστα
3109 2445 3483 2530 τούτοιςηόσῳ
3507 2443 3602 2497 καὶ
3638 2441 3826 2511 μείζο-

2258 2564 2346 2610 νος
2368 2546 2715 2599 αἰσθάνονται
2742 2543 2843 2612 τῆς
2873 2541 3095 2612 ζημίας.
3126 2540 3234 2592 Καὶ
3262 2537 3373 2608 γάρ
3403 2539 3498 2589 καὶ
3526 2535 3699 2588 ταῦτα
3731 2537 3826 2586 καὶ

2259 2641 2327 2693 τὰ
2345 2638 2548 2692 τούτων
2565 2638 2647 2690 ἔτι
2664 2636 2833 2707 χείρω
2849 2633 3323 2705 καταψηφίζονται
3354 2629 3503 2700 σφῶν
3521 2627 3696 2683 αὐτῶν
3712 2628 3829 2696 (καὶ

2259 2733 2497 2802 τιμῶσιν
2520 2729 2706 2792 αὐτοῖς
2741 2729 2850 2782 τῶν
2883 2728 3176 2797 ἐσχάτων),
3212 2724 3432 2777 ἐπειδάν
3481 2719 3829 2789 ἐνθυμηθῶσι

2261 2824 2394 2877 Θεὸν
2437 2823 2528 2873 ἐπὶ
2578 2818 2819 2889 σταυροῦ
2874 2817 3079 2887 γυμνὸν
3142 2816 3535 2884 σφαττόμενον,
3575 2805 3829 2879 πάντα

2262 2915 2526 2977 δουλεύει,
2560 2916 2655 2967 καὶ
2681 2912 2781 2983 τὴν
2814 2911 3172 2980 ἀντίστροφον
3202 2907 3334 2978 παρ’
3358 2905 3515 2976 ἡμῶν
3559 2905 3832 2971 εἰσπρατ-

2261 3008 2488 3075 τόμενον
2516 3004 2775 3075 ἀμοιϐὴν,
2808 3001 2925 3055 ἀνθ’
2955 2996 3030 3054 ὧν
3052 2998 3342 3077 ἀνθρώπου
3366 2997 3497 3058 Θεὸς
3541 2993 3619 3047 ῶν
3658 2991 3826 3052 αὐτδς

582 3088 741 3141 nobis
774 3089 1277 3157 compensationem
1313 3089 1556 3146 vicissim
1595 3092 1842 3162 exigere;
1874 3094 2001 3162 quia
2033 3109 2153 3147 cum

2269 3098 2479 3163 ἐδέξατο
2506 3096 2688 3165 φύσιν,
2720 3092 2973 3160 γενέσθαι
3005 3092 3169 3149 Θεούς
3202 3090 3348 3159 ἡμᾶς
3386 3088 3452 3151 ἐξ
3488 3080 3822 3154 ἀνθρώπων,

584 3187 728 3232 esset
766 3178 929 3239 Deus.
975 3190 1223 3236 naturam
1260 3182 1500 3238 hominis
1533 3184 1797 3254 suscepit,
1851 3193 1909 3239 ut
1957 3199 2057 3241 nos
2090 3201 2154 3239 ex

586 3267 901 3325 hominibus
960 3271 1029 3323 dii
1095 3272 1401 3328 ﬁeremus:
1454 3278 1509 3326 et
1579 3287 1701 3328 cum
1734 3282 1877 3328 terra
1937 3275 2156 3344 quidem

588 3359 811 3423 coelum,
842 3376 963 3414 cum
1001 3365 1264 3417 servitute
1291 3380 1544 3435 regnum,
1578 3381 1702 3420 cum
1750 3367 2070 3437 ignominia,
2105 3367 2158 3421 in

587 3463 695 3516 qua
733 3465 974 3517 eramus,
1015 3466 1196 3506 veram
1231 3454 1460 3523 gloriam
1497 3464 1857 3525 permutasse,
1899 3473 1997 3527 pro
2036 3460 2161 3527 qui-

588 3539 693 3594 bus
745 3542 1008 3596 ccelorum
1067 3542 1319 3599 conditor
1357 3556 1556 3600 terram
1617 3547 1815 3613 induit,
1865 3557 1919 3602 et
1971 3559 2161 3606 natura

593 3629 884 3696 Dominus,
936 3634 988 3687 in
1028 3633 1202 3688 forma
1256 3636 1397 3690 servi
1429 3638 1702 3706 apparuit,
1750 3649 1803 3694 et
1835 3639 2019 3706 gloria).
2071 3657 2163 3696 rex

598 3739 617 3771 ι
656 3724 915 3777 sustinuit
949 3739 1189 3791 crucem,
1227 3728 1548 3783 confusione
1579 3741 1887 3801 contempta
1918 3733 1966 3765 ³³
1987 3772 2000 3786 .
2030 3752 2051 3784 ι

662 3813 796 3866 Cum
828 3816 995 3869 multa
1013 3816 1255 3885 sint,pcr
1279 3835 1399 3887 quae
1430 3836 1742 3886 germanam
1763 3823 2164 3893 philosophiam

596 3902 849 3959 SaIVator
911 3906 1257 3963 inmundum
1326 3911 1552 3975 invexit,
1598 3916 2055 3979 mansuetudinis,
2113 3925 2169 3970 et

597 3999 984 4054 moderationis
1015 4001 1068 4053 in
1101 4002 1201 4065 ira,
1239 4003 1582 4074 leuitatisque
1625 4006 1886 4061 adversus
1918 4007 2169 4063 laedentes

596 4088 830 4158 plurima
890 4091 1131 4145 omnium
1194 4102 1248 4146 ct
1314 4095 1550 4148 maxima
1609 4097 1855 4167 exempla
1915 4100 2167 4165 dicendo,

598 4182 869 4248 faciendo,
896 4184 1174 4252 patiendo,
1215 4189 1519 4256 proposuit.
1553 4187 1689 4243 Nam
1716 4207 1784 4244 ne
1812 4192 1974 4262 longe
2005 4192 2170 4247 abea-

598 4290 741 4337 mus,
767 4290 865 4344 pro
894 4277 960 4331 iis
990 4292 1020 4331 a
1052 4278 1252 4346 quibus
1284 4292 1401 4334 erat
1432 4282 1618 4344 laesus,
1663 4274 1885 4336 carnem
1937 4292 1992 4338 et
2043 4301 2171 4338 san-

596 4365 815 4428 guinem
862 4365 1092 4420 induere
1141 4368 1420 4433 sustinuit,
1453 4382 1511 4425 et
1537 4386 1632 4424 eos
1691 4374 1929 4425 solutum
1992 4375 2167 4442 venit,

599 4470 740 4520 (plus
771 4456 1241 4511 atrocissimorum
1268 4460 1533 4514 scelerum
1564 4476 1826 4517 accusare
1859 4474 2085 4531 poterat,
2115 4475 2169 4521 et
2204 4446 2242 4499 θ

600 4557 629 4597 a
676 4544 875 4613 quibus
919 4543 1179 4614 injuriose
1214 4556 1481 4604 tractatus
1523 4552 1719 4606 fuerat.
1779 4553 1969 4611 Postea
2006 4560 2170 4613 mira-

600 4637 763 4701 culis,
790 4637 993 4705 qnibus
1024 4639 1272 4695 homines
1305 4650 1515 4698 natum
1561 4644 1865 4714 integritati
1915 4650 2171 4705 restitue-

601 4727 711 4788 Iiat,
748 4744 1055 4797 quanquam
1079 4731 1273 4787 invidis
1298 4733 1715 4804 oblatrantibus,
1744 4754 1849 4793 non
1884 4741 2044 4795 desiit
2073 4743 2170 4798 be-

599 4817 850 4874 nefacere
883 4838 897 4874 :
928 4821 1021 4876 sed
1053 4837 1198 4885 cum,
1220 4825 1364 4892 quod
1389 4825 1668 4883 daemonas
1712 4830 1967 4900 ejiciebat
1999 4849 2029 4887 e
2052 4850 2173 4888 cor-

600 4913 845 4977 poribus,
888 4912 1211 4981 Beelzebub,
1278 4926 1331 4970 et
1361 4918 1612 4988 princeps
1680 4923 2075 4978 daamoniorum
2119 4934 2174 4980 et

602 5004 1112 5061 nntledicentissima
1146 5010 1395 5064 omnium
1420 5012 1652 5079 audiret,
1685 5015 1888 5084 ejicere
1912 5032 2166 5085 perseve-

603 5099 779 5160 rat-al,
813 5105 865 5150 et
894 5114 1060 5153 unum
1093 5099 1161 5154 de
1183 5102 1464 5172 discipulis
1489 5119 1518 5157 a
1545 5120 1603 5158 se
1627 5105 1920 5159 alienatum
1963 5115 2170 5160 tantum

605 5185 796 5247 abluit.
848 5196 907 5241 ut
926 5189 1093 5243 choro
1117 5193 1425 5261 expelleret,
1456 5205 1514 5249 ut
1542 5197 1703 5250 etiam
1729 5211 1835 5250 non
1869 5213 2030 5252 secus
2050 5215 2171 5252 cum

608 5293 676 5334 co
706 5289 1032 5346 versaretur,
1053 5296 1215 5351 quam
1248 5286 1454 5339 versari
1479 5286 1712 5341 amicum
1735 5304 1856 5342 cum
1885 5290 2061 5344 amico
2084 5305 2178 5357 par

608 5381 712 5427 est.
745 5372 949 5442 Captus
1005 5391 1220 5444 quoque
1258 5394 1383 5432 cum
1417 5378 1684 5435 homicida
1734 5384 2180 5448 communicavit,

608 5472 661 5516 et
680 5464 1045 5519 secretissima
1070 5467 1348 5534 proditori,
1373 5485 1575 5540 corpus
1589 5482 1644 5525 et
1661 5476 1979 5543 sanguinem
2002 5475 2179 5544 ipsum

610 5554 884 5620 praebuit:
922 5564 976 5610 ct
1019 5555 1235 5610 tandem
1292 5572 1350 5613 se
1378 5561 1871 5629 complectentium,
1924 5563 2181 5621 osculan-

693 5732 736 5759 ⁸⁵³⁸
770 5731 929 5787 lichr.
970 5752 1066 5797 tu,
1101 5734 1155 5787 ἓ.

2260 3190 2354 3246 καὶ
2381 3190 2482 3259 τῆς
2512 3188 2609 3259 μὲν
2634 3188 2737 3257 γῆς
2776 3187 2868 3239 τὸν
2923 3186 3175 3255 οὐρανὸν,
3217 3183 3312 3248 τῆς
3338 3182 3392 3234 δὲ
3421 3178 3667 3240 δουλείας
3723 3175 3827 3245 τὴν

2263 3281 2563 3354 βασιλείαν,
2603 3280 2703 3349 τῆς
2759 3280 2816 3333 δὲ
2881 3278 3147 3347 συνούσης
3192 3275 3407 3341 ἀδοξίας
3441 3272 3539 3343 τὴν
3563 3268 3830 3339 ἀληθινὴν

2261 3372 2589 3440 ἀλλάξασθαι
2618 3373 2797 3437 δόξαν,
2829 3370 2974 3440 ὑπὲρ
3005 3362 3079 3421 ὧν
3108 3370 3135 3421 ό
3174 3366 3285 3419 τῶν
3305 3362 3550 3434 οὐρανῶν
3582 3359 3834 3431 τεχνίτης

2263 3466 2553 3521 ἐνεδύσατο
2583 3466 2713 3533 γῆν,
2746 3464 2842 3516 καὶ
2872 3464 2899 3515 ὁ
2935 3462 3035 3531 μὲν
3062 3461 3224 3529 φύσει
3251 3458 3529 3525 Δεσπότης
3556 3457 3613 3506 ἐν
3644 3452 3836 3506 δούλου

2267 3560 2473 3630 μορφῇ,
2499 3557 2527 3609 ὁ
2550 3557 2605 3609 δὲ
2635 3555 2730 3625 τῆς
2766 3554 2922 3623 δόξης
2949 3551 3203 3621 βασιλεὺς
3230 3567 3248 3601 ι
3282 3547 3546 3617 ὑπέμεινε
3576 3544 3836 3615 σταυρὸν,

2265 3648 2527 3720 αἰσχύνης
2555 3645 3000 3716 καταφρονήσας.
3048 3660 3066 3693 ι

2338 3825 2649 3898 Πραότητος
2680 3824 2736 3877 δὲ
2767 3821 2976 3878 καὶτοῦ
3016 3819 3192 3889 θυμοῦ
3223 3817 3571 3889 κρατεῖν’κα“ι
3596 3815 3670 3885 μὴ
3702 3814 3841 3882 πρ³ς

2268 3919 2395 3980 τοὺς
2433 3915 2814 3986 λελυπηκότας
2877 3912 3133 3985 χαλεπῶς
3160 3911 3326 3982 ἔχειν,
3372 3908 3586 3963 πολλῶν
3645 3908 3841 3972 ὄντων,

2248 4013 2335 4065 ¹δι’
2363 4008 2439 4065 ῶν
2465 4009 2563 4080 τὴν
2597 4008 2772 4079 ἀληθῆ
2831 4005 3151 4077 φιλοσοφίαν
3184 4008 3211 4058 ὁ
3257 4002 3448 4073 Σωτὴρ
3515 4001 3841 4070 εἰσήνεγκεν

2271 4107 2348 4168 εἰς
2384 4102 2474 4156 τὸν
2502 4100 2729 4170 κόσμον,
2779 4099 2849 4152 τά
2887 4098 3115 4151 πλεῖστα
3171 4096 3393 4149 πάντων
3456 4092 3549 4147 καὶ
3602 4092 3840 4161 μέγιστα

2271 4193 2629 4265 προστέθεικε
2680 4188 3098 4259 παραδείγματα
3132 4186 3227 4239 καὶ
3256 4179 3336 4247 οἷς
3366 4182 3589 4252 ἐποίησε
3627 4181 3723 4234 καὶ
3767 4172 3844 4231 ὧν

2270 4286 2527 4356 ἠνέσχετο
2556 4283 2804 4353 πάσχων.
2839 4279 3046 4334 Αὐτίκα
3078 4278 3188 4349 γάρ
3216 4277 3358 4346 ὑπὲρ
3396 4275 3505 4328 τῶν
3541 4273 3850 4342 λελυπηκό-

2275 4396 2381 4431 των
2430 4377 2663 4446 αἵματος
2716 4375 2981 4446 ἠνέσχετο
3026 4372 3124 4424 καὶ
3155 4378 3384 4439 σαρκὸς,
3453 4367 3550 4420 καὶ
3622 4365 3851 4425 τούτους

2272 4466 2403 4539 ἦλθε
2460 4467 2620 4520 λῦσαι
2675 4465 2880 4537 ζητῶν,
2910 4461 2992 4526 οἷς
3018 4461 3087 4515 τὰ
3116 4461 3399 4514 δεινότατα
3447 4459 3666 4513 πάντων
3697 4450 3850 4525 εῖχεν

2271 4560 2545 4629 ἐγκαλεῖν,
2582 4558 2677 4612 καὶ
2711 4557 2844 4627 παρ’
2868 4550 2943 4611 ὧν
2974 4555 3167 4607 ἔπειτα
3199 4554 3322 4613 ταῖς
3356 4550 3720 4620 εὐεργεσίαις,
3757 4541 3848 4610 αἷς

2271 4654 2372 4723 τὴν
2412 4652 2577 4721 φύσιν
2626 4647 2972 4719 ἐπηνώρθου,
3014 4645 3123 4698 τῶν
3157 4642 3451 4714 βασκάνων
3505 4638 3851 4708 ἐπιθεμένων

2272 4746 2372 4798 οὐκ
2408 4743 2609 4811 ἀνῆκεν
2633 4739 2947 4812 εὐεργετῶν
2977 4755 2990 4768 ·
3024 4737 3142 4789 ἀλλ’
3174 4737 3258 4789 ὅτι
3288 4736 3416 4797 τοὺς
3447 4732 3703 4799 δαίμονας
3732 4729 3850 4794 ἐξέκ-

2274 4836 2437 4889 ϐαλλε
2491 4833 2602 4887 τῶν
2649 4829 2958 4902 ἀνθρώπων
3018 4825 3349 4891 Βεελζεϐοὐλ
3413 4825 3509 4879 καὶ
3554 4824 3854 4892 δαιμονξων

2278 4930 2484 4998 ἄρχων,
2511 4925 2608 4978 καὶ
2637 4925 2705 4977 τά
2730 4922 3015 4976 δεινότατα
3048 4921 3267 4975 πάντων
3303 4917 3519 4971 ἀκούων
3545 4916 3699 4967 οὐδὲν
3750 4908 3846 4985 ἦτ-

2280 5036 2370 5071 τον
2420 5017 2643 5086 ἧλαυνε,
2698 5016 2794 5067 καὶ
2836 5012 2945 5064 τῶν
3008 5010 3271 5080 μαθητῶν
3336 5008 3433 5062 ἕνα
3494 5008 3628 5076 πρὸς
3688 5007 3855 5059 αὐτὸν

2280 5109 2648 5176 διαφθαρέντα
2682 5103 2933 5159 τοσοῦτον
2966 5103 3206 5171 ἀπέσχεν
3241 5100 3498 5154 ἐκϐαλεῖν
3527 5099 3622 5152 τοῦ
3668 5098 3854 5166 χοροῦ,

2283 5200 2425 5255 ὥστε
2451 5198 2546 5251 καὶ
2590 5199 2773 5266 συνῆν,
2803 5195 2839 5248 ἀ
2871 5195 3112 5247 συνεῖναι
3147 5193 3325 5261 φίλοις
3368 5191 3536 5256 εἰκὸς,
3574 5190 3669 5243 καὶ
3706 5189 3855 5242 ἀλῶν

2283 5291 2556 5346 ἐκοινώνει
2582 5287 2658 5356 τῷ
2684 5289 2940 5355 φονευτῇ,
2966 5287 3062 5337 καὶ
3076 5284 3186 5335 τῶν
3218 5283 3554 5353 ἀπορρήτων
3586 5280 3665 5349 τῷ
3714 5297 3853 5349 προ-

2277 5384 2430 5453 δότῃ,
2466 5381 2561 5433 καὶ
2589 5378 2698 5429 τῶν
2728 5376 2976 5446 αἱμάτων
2998 5372 3200 5433 αὐτῶν,
3257 5375 3354 5427 καὶ
3382 5371 3694 5440 τελευταῖον
3716 5385 3862 5437 παρ·

2280 5473 2405 5544 έσχε
2457 5468 2770 5540 περιϐαλεῖν
2828 5466 2922 5519 καὶ
2954 5464 3204 5533 φιλῆσαι,
3253 5464 3346 5516 καὶ
3391 5461 3462 5515 τὰ
3502 5460 3602 5531 μὲν
3637 5462 3858 5514 πάντων

2280 5563 2578 5620 καινότατα
2604 5558 2895 5629 ἐτολμᾶτο.
2937 5553 3113 5626 ’Υπὲρ
3142 5547 3218 5607 ὧν
3247 5552 3312 5607 εὖ
3344 5551 3668 5621 πεποίηκεν,
3715 5550 3855 5603 ἀπέ-
