4134 6314
462 356 570 417 (ΓΙ

1725 347 2039 412 NICOLAI
2078 344 2463 408 CABASILIE

3620 336 3745 401 672

464 462 670 529 missis,
697 462 781 517 sic
807 476 934 518 eum
973 463 1290 527 honoravit,
1318 471 1372 517 et
1422 477 1746 532 congressus
1794 471 2044 518 amanter
2074 505 2079 517 .

2163 458 2253 510 τῶν
2281 457 2456 510 ἄλλων
2485 454 2654 524 αὐτῷ,
2710 454 2805 506 καὶ
2838 452 3011 523 ταύτῃ
3035 452 3275 522 τιμήσας
3319 453 3347 505 ὁ
3385 451 3443 505 δὲ
3470 451 3567 506 καὶ
3605 470 3746 505 συν-

462 555 781 625 appellavit,
812 564 868 610 et
898 571 1031 610 num
1056 555 1126 610 ab
1148 570 1215 610 eo
1240 556 1385 624 plus,
1408 570 1570 624 quam
1597 554 1667 609 ab
1710 554 1836 609 aliis
1869 553 2061 622 dilige-

464 652 618 698 retur
649 649 1039 714 percunctatus
1075 649 1181 698 est.
1214 640 1462 710 Cumque
1501 640 1697 697 Petrus
1738 641 2054 711 respondis-

464 742 569 795 set,
602 748 663 789 se
695 733 941 804 diligere,
969 732 1331 787 adhuc'idem
1384 732 1712 804 interrogat:
1760 734 2059 802 au.'itoque

464 824 685 890 iterum,
721 841 742 875 ι
768 824 906 877 Amo
932 833 984 877 te
1010 824 1077 890 ⁸ο,
1112 841 1130 874 ι
1162 823 1344 877 denuo
1363 824 1558 891 quaerit
1591 839 1659 878 an
1693 825 1763 879 ab
1792 824 1911 893 ipso
1936 824 2059 877 dili-

464 924 643 981 gatur.
676 914 852 981 Atque
879 923 938 968 ιιι
958 915 1086 967 mihi
1117 914 1349 977 videtur,
1400 916 1743 985 quaesivisset
1788 914 2055 980 crebrius,

466 1005 571 1086 nisi
607 1006 803 1061 Petrus
828 1005 1189 1060 contristatus
1216 1008 1543 1075 respondere
1563 1015 1890 1071 recusasset,
1911 1005 2056 1076 quod

464 1090 513 1149 ἐ
546 1098 637 1164 qui
674 1109 860 1151 nosset
889 1096 1096 1161 omnia,
1126 1097 1192 1150 ad
1214 1100 1652 1166 cognoscendum
1683 1112 1921 1151 amorem
1971 1096 2055 1149 sui

466 1186 633 1239 multa
670 1186 834 1240 verba
865 1186 1126 1255 exigeret.
1160 1185 1483 1254 Quanquam
1517 1187 1619 1241 ista
1658 1203 1756 1241 nec
1817 1187 2054 1241 amicum

467 1276 787 1343 ignorantis,
816 1290 914 1331 nec
945 1276 1289 1343 ignorantem
1321 1291 1379 1329 se
1412 1276 1663 1346 fingentis
1711 1285 2058 1344 erant;qno-

466 1382 584 1418 runt
623 1366 852 1421 alterum
881 1365 1075 1421 fuisset
1097 1383 1304 1430 errare,
1340 1373 1568 1421 alterum
1602 1367 1877 1437 decipere,
1923 1383 2058 1421 neu-

468 1463 611 1506 trum
645 1454 875 1510 sincera:
901 1457 1150 1511 veritatis
1204 1456 1310 1511 Sed
1364 1460 1581 1512 volebat
1608 1456 1688 1510 sic
1740 1457 2052 1524 ostendere,

465 1561 525 1600 se
558 1545 774 1615 injuriae
826 1557 1046 1616 propter
1100 1550 1283 1616 priora
1340 1556 1496 1617 pacta
1524 1557 1835 1617 contempta
1893 1549 2052 1617 plane

467 1636 721 1701 oblitum,
756 1652 863 1691 non
891 1640 1038 1691 enim
1073 1639 1255 1693 denuo
1284 1654 1348 1694 ca
1377 1640 1702 1709 postulasset
1729 1657 1744 1696 :
1777 1641 1924 1711 quod
1953 1643 2054 1696 luit

468 1744 708 1785 amorem
743 1731 797 1784 in
826 1729 989 1784 Petro
1036 1734 1356 1798 accendere,
1389 1730 1481 1800 qui
1508 1731 1620 1802 jam
1652 1735 2047 1803 prepemodnm

468 1820 941 1889 exstinguebatur.
974 1820 1124 1876 Talia
1152 1822 1299 1877 enim
1353 1824 1619 1878 sciscitari
1642 1832 1696 1879 et
1724 1824 1791 1878 ad
1820 1824 1943 1878 talia
1975 1841 2059 1879 re-

475 1911 796 1980 spondenda
836 1910 1155 1981 provocare,
1198 1914 1263 1968 ad
1294 1914 1588 1970 amicitiam
1622 1915 1742 1984 plus
1798 1915 2057 1971 omnibus

469 2000 636 2067 valet,
665 2012 720 2057 et
747 2018 931 2057 rerum
963 2004 1030 2059 ad
1058 2021 1300 2060 amorem
1332 2006 1720 2076 pertinentium
1791 2008 2055 2062 memoria

470 2101 633 2161 atque
656 2107 838 2148 sermo
857 2108 961 2147 non
977 2097 1150 2150 solum
1173 2097 1470 2153 amicitiam
1489 2113 1708 2169 augere,
1737 2099 1830 2154 sed
1850 2108 1904 2153 et
1927 2114 2058 2153 non-

475 2184 605 2243 dtun
640 2193 944 2240 exstantem
976 2201 1239 2255 generare
1260 2191 1459 2258 potuit.
1489 2190 1801 2262 Atquehaec
1835 2188 2055 2259 quidem

472 2274 787 2345 hujusmodi
817 2288 1004 2335 sunto.

545 2448 797 2507 Salvator
826 2468 957 2523 ergo
1004 2454 1149 2508 hunc
1196 2454 1250 2507 in
1278 2454 1502 2508 modum
1556 2455 1608 2507 in
1638 2453 1902 2523 operibus
1933 2455 2056 2510 suis

443 2525 559 2597 vira
595 2546 809 2597 vacavit
850 2560 866 2598 :
919 2558 1030 2612 quo
1076 2545 1326 2606 docente,
1360 2553 1415 2597 et
1468 2544 1616 2613 leges
1665 2544 1889 2610 ferente,
1920 2546 2055 2615 quid

477 2633 671 2688 mitius
701 2647 765 2688 ac
792 2632 1008 2687 lenius?
1052 2635 1196 2687 Sane
1225 2644 1280 2688 et
1328 2650 1518 2704 preces
1554 2637 1725 2705 ipsas,
1755 2645 1808 2690 et
1839 2636 2054 2691 sacrifi-

476 2725 625 2779 cium
659 2739 766 2779 non
824 2739 883 2780 se
922 2726 1298 2780 admissurum
1332 2727 1429 2790 ait,
1463 2728 1509 2780 si
1553 2744 1678 2782 cum
1728 2729 1809 2782 ira
1837 2737 1932 2783 aut
1962 2745 2055 2782 sa-

477 2815 811 2882 crificemus,
840 2825 934 2871 aut
963 2831 1271 2886 precemur,
1308 2826 1362 2871 et
1388 2819 1768 2874 remissionem
1801 2831 2056 2888 peccato-

480 2891 626 2963 rum.
659 2921 951 2962 commune
998 2909 1253 2963 omnibus
1297 2907 1528 2972 donum,
1572 2910 1717 2978 quod
1766 2924 1952 2964 secum
1990 2912 2057 2966 de

479 2999 622 3052 cmlo
660 2999 987 3068 apportavit,
1036 3008 1227 3053 mutuo
1254 2999 1622 3056 irascentibus
1650 3017 1930 3071 nunquam
1960 3005 2057 3057 ila-

2160 547 2334 602 ελίιὼν
2389 547 2458 598 τὰ
2516 544 2709 613 φιλικὰ
2771 543 3020 613 διελέχθη
3091 544 3189 596 καὶ
3244 543 3577 597 πυνθάνεται
3638 544 3745 599 τὸν

2159 640 2360 693 ἑαυτοῦ
2396 637 2582 697 πόθον,
2632 638 2681 689 εί
2728 635 2992 706 μείζωνῆ
3034 639 3186 702 παρὰ
3235 637 3350 698 τοῖς
3395 635 3582 699 ἄλλοις
3621 635 3744 690 τῶν

2159 730 2394 799 ἑταίρων
2445 729 2592 781 ἐστὶν
2620 729 2678 779 ἐν
2714 724 2885 794 αὐτῷ.
2938 726 3048 778 Καὶ
3102 725 3198 778 τοῦ
3269 726 3476 795 Πέτρου
3542 727 3736 793 φιλεῖν

2160 824 2402 885 εἰπόντος
2433 821 2512 874 ἔτι
2542 820 2708 874 ταύτὸ
2742 819 3092 881 πυνθάνεται,
3140 819 3233 872 καὶ
3251 819 3330 883 to,
3370 838 3386 869 ι
3415 818 3558 870 Φιλῶ
3593 836 3672 881 σε,
3710 838 3735 871 s

2160 916 2323 970 πάλιν
2352 914 2618 976 ἀκούσας,
2638 912 2871 981 ἀνείρετ’
2900 906 3056 971 αὖθις
3078 911 3126 962 εί
3149 910 3376 975 φιλοῖτο,
3404 910 3502 962 καὶ
3534 909 3635 962 οὐκ
3658 909 3740 962 ἂν

2159 1006 2483 1075 ἐμοὶδοκεῖν
2517 1003 2739 1073 ἐρωτῶν
2770 1002 2943 1071 ἀνῆκε
3003 1000 3289 1059 πολλάκις,
3319 1001 3369 1052 εί
3414 998 3489 1067 μὴ
3518 999 3731 1068 Πέτρος

2160 1095 2392 1147 ἀπεῖπεν
2455 1091 2724 1154 ἀνιαθεὶς,
2756 1093 2803 1144 εἰ
2834 1090 2967 1160 πρὸς
3018 1090 3080 1142 τὸ
3119 1089 3312 1157 μαθεῖν
3362 1090 3446 1142 ὃτι
3497 1089 3728 1157 (partito,

2159 1184 2370 1238 πολλῶν
2407 1184 2582 1237 δέοιτο
2624 1183 2801 1250 λόγων
2855 1184 3039 1235 πάντα
3092 1180 3271 1244 εἰδώς.
3309 1180 3504 1233 Καίτοι
3549 1180 3725 1233 ταῦτα

2158 1271 2225 1348 ἦν
2267 1274 2391 1328 οὔτε
2440 1275 2529 1328 τὸν
2575 1274 2730 1343 φίλον
2752 1273 3081 1341 ἀγνοοῦντος
3125 1270 3251 1325 οὔτε
3301 1271 3391 1326 τὸν
3423 1272 3727 1339 ἀγνοοῦντα

2158 1366 2531 1435 πλαττομένου
2564 1408 2580 1431 ,
2636 1366 2698 1418 τὸ
2751 1366 2847 1434 μὲν
2905 1364 3013 1433 γὰρ
3065 1360 3134 1435 ἦν
3191 1363 3522 1428 πλανᾶσθαι,
3582 1364 3641 1417 τὸ
3680 1365 3729 1417 δ’

2156 1457 2411 1527 ἁπατᾷν,
2472 1449 2548 1508 ὧν
2623 1454 2903 1523 οὐδέτερον
2994 1452 3095 1523 τῆς
3180 1450 3514 1521 εἰλικρινοῦς
3603 1453 3729 1515 ἀλη-

2156 1549 2307 1611 θείας
2359 1566 2374 1580 ⁸
2437 1547 2577 1603 ἀλλὰ
2628 1546 2786 1600 τοῦτο
2842 1546 2941 1615 μὲν
2998 1546 3175 1599 ἐκεῖνο
3230 1544 3538 1606 δεικνύντος
3588 1561 3600 1573 ·
3651 1545 3718 1605 ὡς

2153 1642 2214 1695 οὐ
2250 1641 2602 1710 μνησικακῶν
2657 1640 2741 1709 εἴη
2794 1638 2903 1691 τῶν
2959 1636 3238 1707 προτέρων
3291 1636 3593 1704 ὁμολογιῶν
3632 1652 3720 1686 πε-

2157 1733 2510 1803 πατημένων,
2564 1731 2626 1783 οὐ
2678 1729 2788 1799 γὰρ
2834 1729 2901 1781 ἂν
2952 1728 3133 1798 ἐζήτει
3163 1728 3446 1798 δευτέρας
3481 1726 3638 1781 τοῦτο
3667 1726 3720 1779 δὲ

2159 1822 2221 1875 τὸ
2249 1820 2473 1890 φίλτρον
2493 1820 2829 1881 ἀνάπτοντος
2877 1818 2958 1884 τῷ
3008 1817 3203 1887 Πέτρῳ
3235 1817 3597 1871 κινδυνεῦσαν
3626 1818 3720 1886 ἤδη

2160 1910 2459 1980 σϐεσθῆναι
2524 1911 2748 1981 μικροῦ.
2784 1909 2860 1963 Τὸ
2886 1908 2998 1979 γὰρ
3038 1909 3293 1971 τοιαύτας
3348 1908 3448 1978 μὲν
3506 1908 3724 1970 πεύσεις

2160 2001 2483 2071 προσάγειν,
2534 2001 2674 2071 πρὸς
2728 2000 2985 2063 τοιαύτας
3010 2000 3067 2053 δὲ
3102 1999 3451 2069 παρακαλεῖν
3497 2002 3723 2071 ἀποκρί-

2162 2112 2294 2158 σεις,
2331 2094 2471 2166 π’ρδς
2501 2094 2750 2163 ἑταιρίαν
2809 2092 3010 2156 παντὸς
3069 2092 3292 2146 δύναται
3354 2093 3580 2162 μᾶλλον,
3636 2094 3727 2148 καὶ

2162 2189 2353 2258 μνήμη
2388 2187 2497 2241 τῶν
2532 2186 2766 2257 φιλικῶν
2798 2188 2894 2241 καὶ
2942 2186 3004 2240 τὸ
3048 2187 3180 2258 περὶ
3211 2188 3425 2241 τούτων
3472 2207 3525 2243 τι
3552 2189 3727 2257 λέγειν

2157 2280 2260 2349 οὐχ
2282 2279 2408 2332 ὅσον
2437 2277 2611 2349 μείζω
2662 2278 2965 2347 πεποίηκεν
3018 2273 3208 2346 οὖσαν,
3264 2279 3405 2333 ἀλλὰ
3437 2281 3532 2335 καὶ
3564 2282 3728 2352 μήπω

2160 2371 2340 2439 φῦσαν
2371 2369 2604 2438 ἐδυνήθη
2641 2372 2843 2424 τεκεῖν.
2872 2365 3024 2423 Εἶεν.

2230 2458 2387 2513 Οὕτω
2410 2459 2512 2529 μὲν
2538 2452 2633 2513 οὖν
2668 2460 2695 2511 ὀ
2727 2458 2917 2529 Σωτὴρ
2947 2459 3039 2512 ἐπὶ
3073 2460 3182 2512 τῶν
3227 2460 3407 2531 ἔργων
3453 2461 3728 2517 ἐκϐάλλων

2161 2549 2410 2619 φαίνεται
2439 2547 2536 2619 τὴν
2563 2548 2739 2618 ὀργήν
2763 2563 2777 2576 ο
2808 2547 3122 2602 διδάσκοντι
3143 2548 3198 2602 δὲ
3220 2552 3315 2603 καὶ
3345 2551 3725 2619 νομοθετοῦντι

2159 2635 2249 2710 ἄρ’
2280 2640 2428 2693 ἔστιν
2460 2639 2488 2691 ὃ
2531 2639 2638 2709 πρὸ
2692 2640 2792 2708 τῆς
2853 2639 3161 2707 πραότητός
3221 2642 3371 2694 ἔστιν
3403 2641 3586 2712 αῦτῷ;
3620 2642 3726 2694 Καὶ

2158 2731 2268 2798 γὰρ
2298 2730 2391 2781 καὶ
2446 2727 2757 2799 προσευχὴν
2788 2728 2960 2795 αὐτὴν
2996 2729 3089 2781 καὶ
3123 2728 3319 2782 θυσίαν
3349 2731 3424 2800 μὴ
3458 2731 3525 2783 ἂν
3564 2749 3730 2802 προσ·

2159 2823 2314 2873 εσθαι
2341 2821 2527 2891 φησιν,
2580 2819 2646 2889 ἢν
2687 2818 2918 2888 ὀργίλως
2946 2819 3163 2890 ἔχοντες
3186 2821 3215 2890 ἢ
3244 2822 3459 2889 θύωμεν
3484 2823 3514 2892 ἦ
3558 2840 3731 2893 προσ-

2163 2910 2478 2982 εὐχώμεθα,
2514 2911 2609 2964 καὶ
2654 2912 2850 2979 ἄφεσιν
2886 2912 3196 2980 ἁμαρτιῶν,
3236 2913 3295 2963 τὸ
3325 2914 3503 2964 κοινὸν
3552 2914 3724 2965 ἅπασι

2158 3005 2332 3075 δῶρον
2363 3004 2413 3075 (δ
2446 3004 2695 3073 κομίζων
2723 2996 2861 3074 ἦκεν
2888 3001 2948 3066 ἐξ
2992 3000 3260 3072 ούρανοῦ),
3281 3004 3392 3064 τοῖς
3421 3003 3561 3072 ὑπὲρ
3594 3004 3720 3055 ἑαυ-

482 3097 705 3152 turum;
737 3090 957 3144 tametsi
984 3105 1201 3144 omnem
1237 3091 1468 3161 lapidem
1501 3108 1839 3159 moveamus,
1875 3104 1928 3149 ct
1955 3095 2056 3149 llu-

2163 3098 2272 3150 τῶν
2298 3095 2671 3168 ὀργιζομένοις
2701 3094 2903 3155 οὖποτε
2926 3094 3142 3171 δώσειν,
3194 3092 3294 3146 κᾶν
3341 3094 3480 3163 ὑπὲρ
3530 3093 3719 3146 τούτου

481 3180 631 3234 mina
690 3181 956 3236 sudorum
1016 3170 1496 3254 lacrymaruntque
1565 3183 1900 3251 fundamus,
1955 3188 2057 3241 etsi

481 3273 664 3341 ipsum
710 3289 911 3345 corpus
943 3276 1125 3346 gladio
1160 3287 1214 3332 et
1257 3277 1367 3347 igni
1417 3277 1747 3345 objieiamus
1773 3279 1844 3333 ".
1895 3277 2056 3333 Tanti

482 3366 614 3422 fecit
644 3366 733 3422 ille
765 3370 1274 3433 mansuetudinem;
1323 3379 1376 3423 et
1405 3371 1498 3439 qui
1532 3369 1649 3437 ejus
1682 3371 1847 3423 vitam
1887 3371 2061 3424 medi-

484 3467 693 3524 tantur,
723 3473 819 3515 eos
850 3460 925 3515 ita
961 3462 1149 3516 mitem
1197 3461 1443 3515 animum
1476 3472 1604 3530 erga
1653 3476 1750 3516 eos
1782 3478 1810 3514 a
1859 3462 2060 3532 quibus

482 3551 679 3607 oil‘ensi
728 3564 879 3617 sunt,
928 3570 1118 3624 gerere
1151 3569 1368 3624 aequum
1396 3564 1501 3609 est.
1540 3554 1694 3620 Quod
1725 3555 1888 3609 etiam
1920 3556 2062 3609 indi-

482 3658 662 3698 cans:
692 3643 749 3698 Si
802 3659 979 3698 meam
1021 3644 1499 3700 mansuetudinem
1554 3647 1811 3712 nossetis,
1862 3648 2059 3715 inquit,

482 3735 647 3787 etiam
693 3749 790 3787 cor
816 3745 1059 3788 vestrum
1097 3746 1536 3791 mansuesceret.
1579 3754 1598 3789 ι
1643 3737 1845 3792 Discite
1876 3753 1905 3792 a
1948 3752 2062 3804 me,

483 3825 742 3893 ain-quia
774 3824 927 3879 mitis
953 3841 1099 3891 sum,
1127 3835 1183 3880 et
1207 3827 1430 3881 humilis
1459 3827 1647 3893 corde,
1680 3837 1736 3882 et
1766 3828 2063 3886 invenietis

485 3917 726 3987 requiem
757 3917 1047 3972 animabus
1076 3919 1273 3974 vestris
1297 3920 1365 3976 ".
1401 3937 1422 3971 ι

555 4091 819 4148 Praeterea
852 4095 931 4151 sic
951 4095 1328 4152 meditationis
1353 4096 1420 4151 de
1444 4096 1663 4153 Christo
1692 4101 2064 4155 mansuetudo

488 4188 713 4240 materia
750 4187 861 4241 liet.
909 4186 1027 4241 Non
1062 4197 1240 4256 potest
1291 4189 1434 4242 cnim
1483 4204 1655 4244 sacrae
1687 4206 1891 4246 mensae
1921 4192 2065 4247 desi-

489 4278 671 4343 derio,
718 4286 776 4332 et
828 4294 1017 4333 amore
1065 4296 1174 4334 non
1230 4282 1475 4346 incendi,
1505 4284 1685 4349 quiin
1741 4282 2062 4354 huiusmodi

488 4369 915 4436 cogitationibus
953 4370 1122 4423 vitam
1171 4373 1447 4426 consumit
1479 4390 1494 4426 :
1530 4389 1694 4442 quam
1727 4388 1851 4428 cum
1899 4376 2063 4431 cuili—

2162 3188 2339 3241 πάντα
2390 3186 2657 3255 ποιῶμεν,
2709 3184 2813 3238 κᾶν
2866 3186 3149 3252 ποταμοὺς
3197 3183 3435 3254 ἱδρώτων
3486 3182 3580 3235 καὶ
3626 3183 3723 3233 δα-

2163 3281 2348 3349 κρίων
2373 3280 2612 3347 χέωμεν,
2647 3276 2754 3329 κᾶν
2784 3276 2916 3328 αὐτὸ
2952 3274 3096 3343 ξίφει
3149 3275 3243 3327 καὶ
3279 3274 3413 3344 πυρὶ
3440 3271 3731 3343 προδῶμεν

2161 3370 2221 3420 τὸ
2252 3367 2430 3433 σῶμα,
2462 3364 2730 3417 Τοσούτου
2761 3366 2914 3424 τινὸς
2949 3364 3097 3432 ἄγων
3133 3363 3389 3432 φαίνεται
3420 3365 3727 3433 πραότητα,

2166 3458 2261 3511 καὶ
2286 3456 2460 3518 οὕτως
2490 3455 2788 3510 ἀκόλουθον
2835 3457 2960 3518 τοὺς
2988 3456 3055 3507 τὰ
3078 3453 3290 3507 ἐκείνου
3345 3454 3730 3522 λογιζομένους

2161 3549 2261 3616 τὴν
2319 3547 2543 3618 καρδίαν
2592 3547 2732 3617 πρὸς
2762 3546 2890 3607 τοὺς
2940 3544 3208 3606 ἅνιῶντας
3256 3543 3471 3613 ἥμερον
3519 3542 3738 3613 ἔχειν,δ
3842 3611 3848 3617 _

2162 3641 2257 3694 καὶ
2276 3641 2513 3707 δεικνὺς,
2541 3638 2645 3691 "Av
2669 3639 2770 3707 ἐμὲ
2787 3637 2982 3707 γνῶτε,
3007 3636 3191 3706 φησὶν,
3220 3634 3370 3697 ὅπως
3395 3638 3738 3707 ἡμερότητος

2162 3731 2290 3802 ἔχω,
2318 3731 2411 3785 καὶ
2439 3731 2569 3800 ὑμῖν
2598 3729 2908 3799 κατασταίη
2950 3731 2982 3797 ὴ
3011 3726 3228 3796 καρδία.
3269 3744 3289 3778 ι
3327 3728 3554 3781 Μάθετε
3605 3728 3736 3796 γὰρ,

2163 3826 2350 3894 φησιν,
2383 3824 2477 3877 ἀπ’
2525 3821 2685 3890 ἐμοῦ,
2739 3821 2823 3874 δτι
2859 3820 3033 3890 πρᾶός
3096 3817 3216 3887 εἰμι
3245 3817 3340 3872 καὶ
3370 3819 3629 3881 ταπεινὸς
3670 3820 3735 3888 τῇ

2164 3917 2396 3987 καρδία,
2463 3916 2558 3969 καὶ
2636 3913 2905 3985 εὑρήσετε
2975 3910 3282 3966 ἀνάπαυσιν
3344 3913 3464 3974 ταῖς
3542 3911 3739 3980 ψυχαῖς

2165 4009 2343 4080 ὑμῶν.
2376 4028 2394 4061 ι

2218 4102 2360 4166 ,Ἔτι
2390 4101 2446 4155 δὲ
2478 4100 2572 4154 καὶ
2613 4099 2762 4153 τόνδε
2790 4100 2881 4153 τὸν
2906 4100 3108 4169 τρόπον
3147 4102 3247 4170 τῆς
3294 4098 3427 4166 περὶ
3475 4096 3570 4149 τοῦ
3602 4099 3738 4165 Χριο

2167 4193 2294 4247 στοῦ
2333 4192 2565 4263 μελέτης
2600 4195 2633 4262 ή
2664 4193 2910 4263 πραότης
2937 4191 3136 4260 γένοιτ’
3166 4192 3231 4245 ὃν
3262 4191 3445 4261 ἔργον.
3481 4189 3592 4253 Τῆς
3634 4192 3734 4256 μὲν

2166 4286 2271 4354 γὰρ
2317 4285 2466 4354 ἱερᾶς
2505 4281 2784 4355 τραπέζης
2832 4284 3045 4353 ἀνάγκη
3081 4282 3268 4335 λαϐεῖν
3321 4282 3501 4349 ἔρωτα
3549 4281 3640 4333 τὸν
3687 4282 3741 4332 ἐν

2167 4375 2377 4435 τούτοις
2403 4373 2585 4439 ζῶντα
2607 4375 2718 4437 τοῖς
2754 4373 3039 4443 λογισμοῖς
3060 4390 3074 4404 ·
3108 4372 3314 4440 ταύτης
3361 4373 3418 4425 δὲ
3465 4374 3568 4425 οὐκ
3621 4371 3739 4434 ἐξὸν

489 4460 580 4514 bet
610 4458 937 4529 iniuriarum
986 4462 1214 4515 memori
1257 4464 1575 4533 contingere
1616 4464 1772 4521 nefas
1810 4468 1903 4529 sit.
1931 4469 2068 4524 resi-

2168 4473 2456 4540 τυγχάνειν
2503 4468 2946 4539 μνησικακοῦντα
2976 4468 3112 4539 πρὸς
3140 4468 3323 4520 πᾶσαν
3353 4468 3546 4535 ὀργζν,
3593 4458 3739 4524 οὗτος

489 4559 597 4606 stet
647 4550 765 4616 irae,
796 4559 853 4607 et
889 4550 959 4607 ab
987 4551 1115 4607 odio
1157 4568 1351 4622 puram
1400 4558 1641 4612 servabit
1673 4559 1937 4616 animam.
1966 4559 2066 4617 llic

489 4643 634 4697 cnim
668 4643 896 4713 sanguis
926 4644 991 4699 ad
1024 4645 1532 4702 reconciliationem
1568 4666 1596 4703 a
1632 4652 1903 4722 principio
1933 4653 2064 4709 effu-

491 4750 609 4799 sns,
659 4736 851 4792 merito
889 4738 1186 4793 iracundia:
1232 4739 1518 4810 furorique
1566 4744 1871 4801 servientes
1906 4762 2065 4801 aver-

493 4834 667 4879 satur.
703 4825 769 4880 Et
795 4843 1112 4899 quanquam
1143 4828 1209 4883 ad
1242 4830 1459 4885 Patrem
1497 4833 1754 4888 clamavit
1779 4850 1944 4903 super
1979 4836 2067 4890 in-

494 4912 902 4981 terfectoribus,
929 4920 1073 4973 sicut
1099 4919 1286 4976 Abelis
1319 4922 1546 4987 sanguis
1578 4941 1606 4976 a
1635 4923 1808 4979 Caino
1833 4924 2065 4992 eil'usus,

497 5018 605 5057 non
647 5013 829 5061 tamen
859 5009 1003 5073 apud
1037 5025 1162 5065 eum
1189 5012 1488 5068 sceleratos
1526 5015 1828 5079 accusavit,
1858 5032 1976 5080 nec,
2012 5027 2071 5072 ut

498 5095 615 5158 ille,
673 5095 742 5151 de
800 5096 968 5153 fratre
997 5102 1291 5158 vindictam
1344 5106 1631 5173 poposcit;
1685 5107 1821 5174 quin
1878 5120 2069 5165 contra

499 5184 759 5253 absolvit,
808 5195 865 5243 et
898 5202 994 5244 vos
1023 5191 1194 5247 occisi
1243 5193 1463 5249 veniam
1507 5192 1851 5251 occisorihus
1881 5198 2071 5253 conci-

502 5276 680 5333 liavit.

575 5367 718 5435 Quin
764 5371 927 5424 etiam
975 5374 1430 5432 excellentissime
1471 5377 1739 5446 justitiam
1800 5380 2076 5449 excolunt,

504 5462 600 5531 qui
651 5463 707 5517 in
759 5463 845 5518 his
892 5468 1449 5523 commentationibus
1510 5481 1642 5526 sunt
1690 5472 1895 5527 assidui
1944 5489 1959 5527 :
2008 5487 2074 5527 ex

506 5553 711 5624 quibus
758 5565 984 5628 apparet
1016 5557 1205 5613 mundi
1259 5560 1548 5616 Dominum
1586 5565 1723 5620 adeo
1773 5565 2075 5621 honorasse

592 5738 636 5769 "
667 5747 825 5795 Juun.
859 5752 968 5806 xxi,
1003 5738 1070 5795 15
1090 5754 1244 5811 seqq.

2171 4562 2427 4630 στήσεται
2448 4562 2540 4614 καὶ
2564 4560 2755 4628 μίσους
2788 4561 3019 4631 τηρήσει
3046 4557 3298 4628 καθαρὰν
3313 4556 3412 4625 τὴν
3444 4555 3643 4625 ψυχήν.
3668 4552 3742 4606 Th

2170 4653 2278 4723 γὰρ
2311 4648 2447 4722 αἷμα
2472 4650 2633 4704 τοῦτο
2664 4653 2799 4719 πρὸς
2824 4650 3124 4718 διαλλαγὰς
3148 4650 3306 4720 χεθὲν
3339 4645 3398 4711 ἐξ
3438 4646 3610 4715 ἀρχῆς
3644 4644 3743 4697 οὐκ

2172 4744 2443 4813 ἀνάσχοιτ’
2471 4743 2536 4795 ἂν
2562 4742 2792 4804 δικαίως
2828 4742 2936 4795 τῶν
2964 4742 3102 4811 ὀργῇ
3131 4744 3226 4794 καὶ
3257 4738 3416 4808 θυμῷ
3460 4735 3743 4790 δουλευόν-

2172 4853 2316 4889 των⁶
2340 4838 2390 4889 εἰ
2422 4836 2530 4905 γὰρ
2567 4837 2661 4888 καὶ
2685 4835 2872 4902 φωνὴν
2902 4835 3041 4903 πρὸς
3091 4834 3184 4886 τὸν
3216 4832 3430 4899 Πατέρα
3478 4829 3607 4896 περὶ
3639 4826 3743 4879 τῶν

2178 4927 2474 4995 μιαιφόνων
2498 4926 2703 4995 ἀφῆκε,
2723 4926 2976 4996 καθάπερ
3000 4925 3060 4978 τί,
3075 4924 3242 4977 ’Λϐελ
3265 4921 3403 4991 αἷμα
3432 4920 3605 4990 χεθὲν,
3627 4916 3737 4970 ἀλλ’

2174 5022 2272 5073 οὐκ
2290 5019 2567 5087 ἐγράψατο
2593 5017 2723 5087 παρ’
2742 5016 2893 5085 αὐτῷ
2919 5017 3047 5078 τοὺς
3070 5014 3428 5084 ἠδικηκότας,
3454 5011 3574 5064 οὐδὲ
3597 5009 3742 5071 δίκας

2176 5110 2478 5182 ἀπῄτησεν,
2512 5110 2702 5178 ῶσπερ
2734 5110 2944 5171 ἐκεῖνος
2966 5108 3059 5161 τὸν
3081 5092 3330 5175 ἀδελιρδν,
3367 5105 3458 5155 καὶ
3481 5104 3586 5173 γὰρ
3619 5104 3741 5152 απε-

2177 5200 2353 5268 λύετο,
2402 5201 2498 5254 καὶ
2528 5202 2560 5271 ἠ
2600 5200 2695 5253 τοῦ
2730 5200 3034 5268 σφαγέντος
3064 5197 3219 5268 φωνὴ
3278 5193 3609 5265 συγγνώμην
3636 5186 3741 5261 εἷλε

2174 5295 2287 5355 τοῖς
2315 5294 2624 5360 φονευταϊς.

2249 5383 2370 5436 Ἔτι
2428 5383 2486 5435 δὲ
2526 5381 2618 5435 καὶ
2682 5379 3033 5450 δικαιοσύνης
3085 5380 3316 5450 ἐργάται
3378 5377 3739 5446 διαφερόντως

2178 5472 2436 5527 ἁπάντων
2463 5473 2512 5525 οί
2568 5474 2707 5542 μετὰ
2756 5471 2959 5525 τούτων
2989 5471 3188 5536 ζῶντες
3224 5470 3333 5523 τῶν
3355 5468 3652 5537 λογισμῶν,
3694 5468 3743 5519 ἐν

2184 5559 2265 5627 οἷς
2290 5565 2319 5617 ὁ
2354 5565 2447 5617 τοῦ
2484 5564 2686 5634 κόσμου
2725 5562 3006 5633 Δεσπότης
3053 5561 3197 5615 οὕτω
3244 5560 3493 5629 φαίνεται
3512 5561 3742 5629 τιμήσας

1322 5739 1363 5773 ⁸⁸
1397 5740 1586 5798 Matth.
1619 5757 1673 5809 v,
1724 5743 1813 5811 23,
1849 5743 1947 5811 24;
1984 5760 2142 5813 xvttt,
2173 5744 2264 5811 21,
2305 5743 2394 5799 ⁸55.
2471 5744 2515 5776 ⁸³
2559 5743 2741 5800 Matth.
2776 5758 2852 5811 ιι,
2889 5743 2979 5798 29.
