4134 6314
360 349 437 412 67
449 352 478 411 'i

1397 355 1494 415 DE
1537 357 1708 417 Vl'l‘A
1755 358 1832 420 IN
1874 358 2212 422 CHRISTO
2269 364 2415 427 LIB.
2453 365 2552 428 VI.

3480 380 3592 443 674

360 460 737 531 δικαιοσύνην,
784 460 926 515 ὥστε
958 462 1095 531 μετὰ
1143 462 1253 515 τῶν
1307 464 1507 519 δούλων
1529 463 1597 537 ἦν
1628 468 1789 537 (μετὰ
1818 468 1917 521 τῶν

2027 468 2320 538 justitiam,
2358 483 2416 528 ut
2453 488 2771 535 versaretur
2815 494 2941 535 cum
2972 482 3166 547 servis,
3197 498 3321 541 cum
3364 488 3592 546 damna-

366 550 762 623 κατακρίτων),
823 554 958 619 μετά
1002 553 1111 605 τῶν
1171 558 1578 627 σφαττομένων,
1636 560 1772 630 μετὰ
1823 561 1931 615 τῶν

360 643 601 711 νεκρῶν,
636 643 723 696 ίνα
757 644 891 697 πᾶσι
924 644 985 697 τὸ
1022 644 1228 699 δίκαιον
1291 649 1474 718 ἀποδῷ
1501 664 1516 681 ο
1549 653 1643 703 καὶ
1695 651 1769 718 τῷ
1833 654 1932 722 μὲν

365 735 546 804 Πατρὶ
582 734 680 804 τὴν
726 734 886 798 δόξαν
943 738 1036 787 καὶ
1066 735 1166 806 τὴν
1210 738 1477 810 ὑπακοὴν,
1533 741 1600 810 ἢν
1649 744 1932 814 πόρρωθεν

362 826 649 896 προσῆκον
691 825 866 884 οὐδεὶς
899 828 1233 894 είσενεγκεῖν
1280 825 1416 899 εἶχε,
1462 831 1540 902 τῷ
1587 834 1835 903 τυράννῳ
1872 834 1930 887 δέ

356 917 433 969 τὰ
461 916 630 984 δεσμά
662 919 755 970 καὶ
795 916 858 969 τὸ
902 919 1264 990 περιορᾶσθαι
1287 921 1401 988 {xui
1438 923 1538 991 τὴν
1567 925 1850 996 αἰσχύνην,
1884 921 1931 996 ᾧ

354 1004 479 1056 λύει
538 1004 636 1072 τὴν
684 1004 867 1058 ἄδικον
925 1008 1104 1079 ἀρχὴν
1165 1011 1257 1063 καὶ
1305 1011 1457 1065 νόθον
1493 1012 1773 1084 ἁψάμενον
1817 1017 1930 1071 τῶν

351 1094 647 1163 ἡμετέρων
685 1097 914 1166 ἐξήλασε
967 1100 1145 1171 κρίσει
1208 1105 1561 1173 κατενεγκὼν
1597 1111 1690 1161 καὶ
1723 1109 1929 1165 δικαιο-

352 1210 519 1280 σύνῃ.

434 1302 625 1356 Ἔλεον
652 1305 708 1357 δὲ
739 1307 829 1358 καὶ
861 1308 923 1360 τὸ
947 1313 1221 1364 κοινωνεῖν
1262 1313 1452 1382 ὀδύνης
1482 1315 1705 1383 ἀλγοῦσι
1741 1319 1929 1374 καὶτὰ

355 1396 601 1467 δυσχερῆ
646 1403 756 1463 τοῖς
796 1401 977 1465 ἄλλοις
1028 1404 1192 1457 αὑτοῦ
1234 1409 1475 1475 νομίζειν
1531 1411 1699 1476 κακά,
1741 1413 1922 1481 πόθεν,

371 1491 429 1541 εί
468 1490 731 1559 ἑτέρωθεν
763 1492 835 1562 μὴ
865 1493 1066 1546 τούτων
1100 1496 1165 1548 ἂν
1197 1514 1278 1559 τις
1307 1497 1460 1552 λάὸοι
1485 1501 1594 1553 τῶν
1630 1502 1924 1573 λογισμῶν.

342 1574 437 1641 οἷς
477 1581 623 1649 ἡμᾶς
683 1583 882 1646 αὐτοὺς
940 1585 1156 1654 ὁρῶμεν
1213 1588 1416 1657 ἣκιστα
1478 1592 1720 1657 δικαίους
1768 1596 1927 1659 ὄντας

343 1669 535 1736 ἐλέου,
589 1673 742 1741 παρὰ
786 1676 965 1727 πᾶσαν
1025 1678 1352 1746 προσδοκίαν
1413 1682 1782 1751 ἐλεουμὲνους,
1826 1688 1926 1753 τὴν

341 1762 737 1829 αἰχμαλωσίαν
764 1765 1000 1836 ἐκείνην,
1050 1770 1149 1837 τὴν
1178 1770 1445 1835 δουλείαν,
1502 1774 1570 1826 τὰ
1596 1775 1791 1842 δεσμὰ,
1825 1779 1924 1847 τὴν
1956 1808 1996 1862 Β

341 1849 449 1902 τοῦ
477 1851 882 1922 δουλωσαμένου
912 1859 1132 1924 μανίαν·
1181 1862 1273 1912 καὶ
1320 1861 1393 1924 ὡς
1422 1864 1497 1932 τῷ
1530 1866 1630 1933 μὲν
1654 1866 1780 1935 ὅρος
1811 1869 1920 1922 τῶν

340 1942 433 2002 είς
463 1944 609 2010 ἡμᾶς
667 1945 849 1999 κακῶν
901 1949 1076 2010 οὐδεὶς
1108 1946 1209 2020 ἦν,
1266 1953 1381 2006 ἀλλ’
1409 1958 1495 2007 ἀεὶ
1539 1956 1920 2028 χαλετιωτέρου

346 2034 449 2083 καὶ
487 2032 731 2103 χείρονος
787 2038 1136 2108 ἐπειρώμεθα
1196 2042 1292 2095 τοῦ
1345 2046 1631 2113 τυράννου,
1680 2049 1810 2116 ἡμῖν
1864 2051 1922 2102 δέ

308 2160 317 2169 .
347 2125 693 2192 πανταχόθεν
727 2126 1013 2199 ἀμηχανία
1050 2131 1143 2183 καὶ
1166 2132 1376 2201 ἐρημία
1428 2134 1520 2186 τοῦ
1553 2134 1735 2189 δοῦναι
1761 2140 1922 2208 χεῖρά

341 2228 476 2266 τινα
526 2215 853 2284 δυναμένου·
902 2220 998 2273 καὶ
1055 2220 1133 2290 τῷ
1169 2221 1267 2292 μὲν
1305 2224 1540 2292 χρῆσθαι
1596 2229 1662 2295 τῇ
1722 2230 1919 2301 γνώμῃ

341 2310 477 2361 καθ’
511 2311 668 2379 ἡμῶν
697 2313 822 2381 ἐξῆν
863 2316 959 2368 καὶ
1008 2305 1257 2385 ἠγόμεθα
1311 2319 1567 2391 καθάπερ
1621 2324 1919 2397 ἐωνημένῳ

346 2402 730 2469 πεπραμένοι,
771 2405 904 2474 ἡμῖν
936 2407 992 2459 δὲ
1031 2408 1362 2479 παραμυθία
1418 2412 1529 2465 τῶν
1558 2414 1749 2468 δεινῶν
1797 2416 1921 2470 ούδέ

343 2489 643 2558 φάρμακον
668 2493 820 2547 οὐδὲν
841 2490 931 2566 ἦν,
981 2497 1081 2550 ούκ
1104 2499 1337 2565 οἴκοθεν,
1387 2502 1486 2573 οὐχ
1516 2504 1814 2574 εέτέρωθεν,
1857 2508 1918 2561 ού

340 2580 459 2630 τῶν
487 2581 626 2652 ὑπὲρ
658 2585 826 2653 ἡμᾶς,
854 2588 916 2639 οὐ
944 2587 1051 2640 τῶν
1075 2592 1381 2661 ὁμοφύλων,
1409 2594 1523 2647 ἀλλ’
1553 2598 1747 2667 ἐπίσης
1780 2598 1923 2653 ἄπα-

345 2687 441 2723 σιν
469 2675 529 2724 ὲν
577 2675 752 2745 καιρῷ
800 2678 1054 2746 γενέσθαι
1108 2684 1174 2752 τῇ
1233 2682 1397 2751 φύσει
1447 2686 1561 2739 τῶν
1618 2687 1920 2759 ἀνθρώπων

344 2761 558 2831 ἄπορον
586 2761 673 2835 ἦν.
710 2768 818 2820 Καὶ
847 2769 900 2821 τί
940 2769 1083 2837 λέγω
1142 2774 1456 2843 φάρμακον,
1514 2773 1595 2841 οἷς
1629 2779 1751 2831 οὐδὲ
1779 2797 1919 2850 μνη-

348 2852 556 2920 σθῆναι
584 2861 678 2908 τοῦ
707 2858 897 2926 ἰατροῦ
955 2861 1215 2932 καθαρῶς
1249 2865 1381 2935 ἐξῆν
1441 2868 1565 2921 ούδέ
1613 2869 1871 2942 δεηθῆναι
1902 2873 1915 2927 l

349 2938 517 2993 Οὖτω
563 2944 740 2997 τοίνυν
767 2947 969 3011 ἀθλίως
1005 2950 1385 3022 διακειμένους
1414 2956 1478 3008 οὐ
1515 2938 1918 3027 πρέσϐυςνούδέ

345 3030 607 3099 ἄγγελος,
645 3036 760 3088 ἀλλ’
792 3039 954 3102 αὐτὸς
983 3042 1011 3093 ό
1041 3041 1269 3113 Κύριος,
1298 3037 1343 3111 ᾧ
1376 3046 1735 3116 πολεμοῦντες
1750 3045 1912 3120 ἦμεν,

2038 562 2129 627 tis,
2172 579 2294 618 cum
2331 568 2548 635 occisis,
2583 586 2708 626 cum
2743 574 2996 638 mortuis,
3039 583 3098 628 ut
3150 576 3405 635 omnibus
3447 582 3595 651 quod

2034 654 2324 710 deberetur
2361 659 2625 715 redderet.
2679 665 2758 719 Ac
2790 663 2936 718 Patri
2988 665 3210 735 quidem
3266 668 3490 738 gloriam
3540 685 3598 730 et

2033 751 2421 817 obedientiam,
2452 772 2573 827 qua
2626 759 2700 812 illi
2751 760 2954 828 pridem
2990 761 3240 828 debetur,
3284 765 3594 831 persolvere

2033 856 2195 895 nemo
2241 855 2473 913 poterat,
2522 862 2621 903 nec
2660 858 2892 919 tyranno
2932 851 3174 915 vincula,
3218 863 3593 924 contemptum

2030 942 2085 987 et
2113 933 2351 991 dedecus
2377 939 2466 992 cui
2516 940 2761 1009 iniquum
2795 942 3001 997 ademit
3051 945 3360 1013 imperium,
3384 957 3439 1001 et
3464 962 3595 1016 spu-

2033 1024 2175 1079 tium
2223 1026 2537 1084 inrasorem
2589 1046 2620 1084 a
2654 1032 2810 1088 nobis
2835 1033 3048 1102 judicio
3088 1043 3141 1087 et
3166 1035 3378 1104 justitia
3406 1038 3594 1093 detur-

2032 1116 2216 1171 batum
2249 1120 2476 1189 expulit.

2099 1314 2534 1376 Misericordiam
2566 1332 2747 1380 autem
2778 1335 2830 1380 et
2871 1328 3170 1383 dolentium
3202 1330 3385 1386 dolere
3415 1332 3588 1386 vicem

2028 1414 2082 1459 et
2106 1407 2284 1463 aliena
2334 1410 2472 1464 mala
2506 1428 2602 1467 sua
2639 1415 2857 1481 ducere,
2893 1418 3160 1471 nndenam
3190 1420 3392 1486 potius,
3426 1435 3588 1489 quam

2028 1512 2091 1550 ex
2130 1498 2504 1566 hujuscemodi
2540 1504 2967 1573 cogitatimtibus
3011 1508 3281 1576 quispiam
3322 1511 3595 1578 adipisca-

2030 1595 2138 1650 tur,
2167 1588 2221 1642 in
2254 1591 2453 1658 quibus
2485 1596 2764 1650 cernimus
2796 1613 2896 1654 nos
2939 1599 3088 1667 ipsos
3121 1601 3346 1655 mininte
3380 1602 3593 1656 miseri-

2029 1678 2212 1734 cordia
2250 1680 2465 1749 dignos,
2505 1692 2699 1752 praeter
2738 1703 2953 1741 omnem
2987 1690 3451 1757 enpectationem
3489 1692 3592 1746 mi-

2029 1769 2382 1825 sericordiam
2421 1784 2771 1840 consecutos,
2802 1786 2856 1831 et
2894 1779 3288 1847 captivitatem,
3329 1790 3382 1835 et
3415 1782 3590 1835 servi-

2025 1867 2194 1914 tutem
2230 1861 2401 1927 illam,
2430 1860 2649 1919 vincula
2682 1866 2790 1930 illa,
2835 1879 2887 1922 et
2920 1869 3157 1924 furorem
3194 1870 3334 1939 ejus,
3365 1870 3458 1939 qui
3490 1886 3590 1925 nos

2022 1952 2266 2019 captivos
2297 1955 2486 2009 duxit?
2512 1956 2577 2010 Et
2607 1958 2695 2012 ille
2732 1959 2951 2027 quidem
2986 1961 3251 2031 amigendi
3286 1976 3387 2017 nos
3425 1961 3587 2016 ﬁnem

2020 2043 2226 2095 nullum
2283 2045 2538 2110 faciebat,
2570 2064 2730 2118 quem
2781 2051 3158 2114 imtuitiorem,
3205 2062 3260 2107 et
3294 2052 3585 2108 immanio-

2022 2148 2159 2196 rem,
2208 2150 2423 2203 semper
2478 2140 2916 2206 experiebantur.
2955 2140 3067 2197 Nos
3115 2153 3296 2197 autem
3349 2144 3588 2214 undique

2019 2220 2254 2274 consilio
2283 2224 2601 2290 agebamus,
2629 2228 2835 2296 quique
2861 2246 3084 2285 manum
3115 2233 3274 2288 nobis
3305 2234 3437 2289 dare
3460 2248 3585 2304 pos-

2020 2319 2122 2374 set,
2169 2313 2350 2367 nullus
2399 2319 2794 2384 reperiebatur.
2831 2320 2905 2374 Ac
2943 2322 3019 2375 illi
3046 2323 3260 2392 quidem
3288 2341 3411 2395 qua:
3444 2327 3574 2382 vole-

2021 2399 2112 2454 bat
2145 2401 2198 2455 in
2229 2417 2330 2457 nos
2362 2402 2583 2470 licebat,
2612 2406 2757 2461 velut
2792 2418 2971 2477 empta
3012 2411 3280 2482 mancipia
3331 2416 3586 2484 raptaba-

2020 2505 2166 2555 mur,
2203 2491 2362 2549 nobis
2387 2503 2569 2550 autem
2604 2497 2873 2554 malorum
2925 2500 3133 2556 nullum
3173 2504 3454 2572 solatium,
3487 2522 3586 2564 nec

2022 2581 2322 2636 remedium
2352 2583 2435 2638 vel
2481 2598 2513 2638 a
2554 2586 2990 2659 nobismetipsis,
3026 2591 3108 2645 vel
3141 2593 3362 2649 aliunde
3391 2610 3582 2666 suppe-

2020 2670 2252 2735 ditabat,
2313 2689 2421 2729 non
2452 2676 2523 2731 ab
2572 2677 2640 2732 iis
2664 2679 2756 2748 qui
2803 2694 2968 2748 supra
3002 2697 3123 2748 nos,
3159 2699 3268 2739 non
3309 2699 3340 2738 a
3377 2696 3586 2741 naturae

2020 2763 2210 2825 sociis,
2270 2764 2363 2820 sed
2419 2768 2704 2837 aequaliter
2750 2772 3010 2827 omnibus
3066 2773 3347 2830 hominum
3398 2779 3584 2847 generi

2020 2853 2373 2910 commodare
2414 2856 2626 2914 diﬂicile
2654 2872 2795 2915 erat.
2828 2859 2893 2916 Et
2916 2864 3047 2932 quid
3076 2864 3202 2920 dico
3236 2868 3537 2923 remedium
3564 2912 3583 2934 ,

2021 2946 2222 3012 quibus
2262 2962 2360 3001 nec
2393 2950 2708 3007 meminisse
2740 2955 2936 3010 medici
2974 2970 3221 3025 prorsus,
3259 2975 3434 3030 neque
3457 2976 3584 3017 eum

2020 3050 2215 3103 rogare
2268 3038 2502 3094 licebat!
2538 3041 2593 3095 lu
2650 3042 2752 3098 hac
2782 3046 2999 3102 miseria
3047 3048 3443 3112 conliictantes,
3474 3068 3583 3107 nou

343 3124 431 3181 είς
491 3121 550 3173 ὃν
598 3122 891 3193 ὑϐρίζομεν
939 3133 1410 3201 παρανομοῦντες,
1477 3136 1639 3200 αὐτὸς
1683 3138 1917 3208 ἠλέησεν

2022 3127 2253 3197 legatus,
2282 3145 2390 3185 non
2427 3134 2673 3198 nuntius,
2708 3136 2802 3190 sed
2831 3136 2945 3205 ipse
2979 3139 3259 3204 Dominus,
3287 3143 3376 3198 cui
3413 3146 3584 3201 rebelo

340 3206 530 3263 οἶκτον
570 3215 706 3284 ἁήδη
746 3218 843 3268 καὶ
867 3218 1028 3287 λόγου
1059 3223 1236 3290 μείζω
1292 3225 1385 3278 καὶ
1434 3227 1583 3296 παρὰ
1604 3206 1715 3282 πᾶν
1739 3229 1799 3283 τὸ
1820 3232 1913 3283 ἐπὶ

343 3302 558 3365 τούτοις
585 3307 751 3365 εἰκός.
779 3306 855 3361 Οὐ
905 3310 1015 3380 γὰρ
1064 3312 1332 3383 ἐϐουλήθη
1390 3315 1499 3370 τῶν
1544 3320 1731 3373 κακῶν
1777 3323 1910 3391 ἡμῖν

339 3392 449 3463 τὴν
476 3394 794 3466 ἀπαλλαγὴν
826 3399 1009 3467 μόνον,
1061 3401 1177 3456 οὐδ’
1219 3405 1418 3459 οἰκεῖον
1448 3409 1667 3478 ἐνόμισε
1716 3410 1779 3464 τὸ
1817 3413 1910 3466 ἄλο

341 3499 467 3549 γος,
493 3485 610 3537 ἀλλ’
637 3487 935 3558 ἐποιήσατο
958 3494 1051 3545 καὶ
1071 3558 1082 3576 .
1101 3496 1438 3566 μετέστησεν
1492 3501 1587 3569 ἀφ’
1612 3504 1769 3573 ἡμῶν
1828 3507 1909 3569 εἰς
1960 3531 1967 3539 υ

343 3575 546 3627 ἐαυτὶν
568 3576 665 3637 τὰς
693 3577 904 3645 ὀδύνας,
938 3579 1234 3653 δεξάμενος
1266 3588 1426 3651 αὐτὸς
1476 3589 1627 3643 ἐλέου
1678 3595 1910 3664 φανῆναι

343 3668 607 3731 πράττων
661 3670 847 3735 ἀξίως,
918 3673 985 3727 ἵν’
1017 3676 1170 3744 ἡμᾶς
1228 3666 1531 3749 ἐργάσηται
1582 3683 1908 3753 μακαρίους.

338 3761 454 3812 Καὶ
486 3761 617 3829 γάρ,
665 3780 685 3813 ι
714 3763 771 3814 ὲν
793 3768 913 3826 ταῖς
969 3766 1208 3837 ἡμέραις
1260 3770 1359 3837 τῆς
1404 3772 1608 3841 σαρκὸς
1662 3774 1847 3837 αὐτοῦ,
1882 3791 1902 3825 ι

340 3849 561 3914 Παῦλος
588 3846 741 3921 εἷπε,
775 3855 884 3908 τῶν
913 3857 1252 3928 ἐλεουμίνων
1285 3861 1498 3924 πολλοῖς
1540 3861 1719 3927 ἔδοξεν
1746 3861 1907 3933 εἶναι,

336 3946 433 3996 καὶ
473 3945 677 4016 ἠλεήθη
732 3948 825 4000 τὸν
854 3949 1037 4012 ἄδικον
1092 3950 1320 4006 θάνατον
1354 3954 1735 4024 ἀποθνήσκων.
1776 3958 1905 4024 Καὶ,

341 4054 360 4085 ι
404 4037 740 4090 Ἑκόπτοντο
769 4040 902 4111 γὰρ,
930 4042 1086 4111 φησι,
1149 4043 1245 4095 καὶ
1301 4043 1559 4115 ἐθρήνουν
1597 4064 1616 4097 ι
1672 4047 1909 4117 ἐπάύτῷ

332 4126 434 4196 τὴν
472 4126 567 4179 ἐπὶ
617 4126 847 4182 θάνατον
878 4131 1154 4202 ἀγομένῳ·
1199 4135 1292 4186 καὶ
1327 4134 1388 4186 ού
1442 4138 1554 4198 τοῖς
1583 4135 1670 4187 ἐπ’
1697 4138 1907 4190 ἐκείνου

333 4219 510 4286 μόνον
541 4221 637 4275 καὶ
665 4219 960 4291 θεωμένοις
975 4224 1035 4275 τὸ
1058 4226 1250 4286 πάθος.
1279 4225 1393 4277 ἀλλ’
1416 4226 1516 4297 ἤδη
1544 4230 1637 4279 καὶ
1679 4229 1906 4291 Ἡσαΐας

330 4310 629 4381 πόρῤωθεν
661 4310 816 4378 ἰδὼν,
852 4313 1120 4384 ἀδακρυτὶ
1169 4315 1268 4387 τὴν
1322 4317 1450 4370 θέαν
1491 4319 1591 4372 οὐκ
1652 4321 1903 4391 ἤνεγκεν,

330 4402 451 4454 ἀλλ’
485 4401 558 4464 ὡς
585 4403 676 4454 ἐπὶ
713 4402 896 4473 νεκρῷ
924 4405 1180 4474 μονῳδῶν
1210 4407 1363 4461 ἐλέου
1403 4407 1681 4476 γέμουσαν
1728 4412 1902 4481 ἀφῆκε

334 4493 552 4562 φωνήν·
591 4509 612 4543 ι
660 4493 892 4563 Εἰδομεν
917 4495 1108 4561 αὐτὸν,
1141 4499 1298 4565 φησὶ,
1328 4501 1423 4553 καὶ
1446 4502 1546 4553 οὐκ
1596 4498 1740 4569 εἶχεν
1770 4498 1907 4567 εἶδος

333 4584 457 4636 οὐδὲ
500 4582 712 4647 κάλλος,
743 4585 879 4638 ἀλλὰ
909 4586 969 4638 τὸ
998 4584 1136 4648 εἶδος
1171 4588 1337 4642 αὐτοῦ
1389 4590 1603 4659 ἄτιμον,
1659 4593 1909 4647 ἐκλεῖπον

334 4675 394 4723 τὸ
424 4668 572 4734 εἶδος
596 4673 758 4726 αὑτοῦ
816 4675 967 4745 παρὰ
1027 4677 1153 4740 τοὺς
1211 4678 1360 4739 υἱοὺς
1409 4679 1517 4730 τῶν
1548 4679 1904 4750 ἀνθρώπων.»

340 4764 402 4815 Ti
435 4767 539 4834 τῆς
579 4766 924 4836 συμπαθείας
973 4770 1178 4838 ταύτης
1230 4770 1429 4836 γένοιτ’
1451 4770 1518 4825 ἂν
1555 4772 1686 4837 ἴσον,
1739 4778 1788 4825 εἰ
1833 4776 1907 4843 μὴ

338 4854 624 4924 λογισμοῖς
650 4857 742 4909 καὶ
766 4856 981 4927 θελήσει
1011 4863 1259 4914 κοινωνεῖ
1287 4860 1379 4914 τοῦ
1409 4862 1610 4926 πάθους
1645 4866 1757 4925 τοῖς
1779 4865 1908 4917 δυσ-

347 4949 592 5019 τυχέσιν,
642 4949 758 5001 ἀλλ’
790 4951 972 5014 αὐτοῖς
1024 4954 1334 5023 πράγμασι,
1378 4958 1473 5008 καὶ
1516 4956 1622 5009 οὐδ’
1660 4957 1907 5028 ἀνέχεται

353 5039 585 5108 μεσίτης
618 5037 758 5092 εἶναι
786 5041 892 5093 τῶν
919 5042 1214 5112 δυσχερῶν,
1236 5045 1351 5098 ἀλλ’
1384 5047 1462 5108 είς
1494 5047 1684 5099 ἑαυτὸν
1710 5049 1768 5100 τὸ
1799 5049 1908 5101 πᾶν

356 5132 661 5200 ἀναιρεῖται
702 5134 794 5185 καὶ
834 5133 924 5187 τὸν
954 5137 1220 5204 ἡμέτερον
1254 5138 1481 5191 θάνατον
1529 5140 1861 5209 ἀποθνήσκει
1890 5157 1907 5206 ;

355 5224 574 5276 Τούτων
604 5224 708 5276 τῶν
735 5225 905 5290 λόγων
937 5226 1014 5287 είς
1051 5227 1138 5278 τὸν
1164 5227 1270 5280 τῶν
1315 5229 1605 5299 ὁμοφύλων
1650 5227 1830 5284 οίκτον
1854 5233 1907 5282 τί

352 5314 417 5368 ἂν
451 5316 818 5368 ἐπισπάσαιτο
846 5317 1047 5382 μᾶλλον
1079 5333 1094 5381 ς
1125 5318 1183 5369 Εἰ
1213 5320 1321 5388 γὰρ
1370 5319 1430 5372 τὸ
1454 5321 1767 5388 φθάσαντας
1796 5341 1905 5375 πα-

355 5405 464 5458 θεῖν
483 5406 591 5457 τῶν
614 5404 890 5475 δυσχερῶν
915 5404 1092 5457 ὁτιοῦν
1133 5405 1290 5469 ίλέως
1320 5406 1610 5478 ἐργάζεται
1638 5412 1751 5472 τοῖς
1780 5410 1907 5479 ἄρτι

356 5497 423 5548 τὰ
454 5496 543 5549 ica
571 5495 977 5549 κακοπαθοῦσιν
1025 5497 1424 5565 οἰκειουμένους
1466 5500 1564 5562 τὰς
1596 5503 1902 5573 συμφορὰς,

356 5583 407 5635 τί
443 5585 548 5637 τῶν
571 5584 761 5639 δεινῶν
787 5587 847 5638 ού
877 5587 1222 5657 πεπόνθαμεν
1245 5628 1262 5653 ,
1301 5589 1401 5642 οὐκ
1430 5590 1747 5644 ἀπόπτωσιν
1796 5609 1904 5645 πα-

430 5761 478 5794 ⁶³
510 5765 672 5822 llebr.
707 5782 759 5828 ν,
793 5765 844 5820 7.
925 5768 971 5803 ⁸⁸
1012 5766 1145 5824 Luc.
1182 5782 1337 5837 um,
1368 5769 1461 5824 27.

1937 4468 1984 4524 Ι)

1540 5770 1586 5803 ⁸⁵
1621 5771 1723 5827 lsa.
1781 5787 1897 5839 LIII,
1937 5772 1994 5827 2.

2023 3219 2290 3285 labamus,
2325 3235 2379 3276 et
2412 3224 2467 3277 in
2502 3241 2663 3293 quem
2697 3226 3014 3297 frangendis
3042 3233 3285 3302 imperiis
3310 3236 3430 3305 ejus
3455 3253 3583 3291 con-

2020 3298 2296 3368 tumeliosi
2329 3329 2570 3383 eramus,
2596 3316 2710 3385 ipse
2746 3330 2828 3373 est
2861 3320 3176 3386 miseratus,
3207 3325 3582 3383 misericordia

2022 3404 2257 3469 insueta,
2306 3414 2361 3460 et
2417 3408 2598 3463 verbis
2653 3409 3042 3479 inexplicabili,
3098 3423 3153 3467 et
3201 3432 3364 3485 supra
3417 3433 3582 3488 quam

2019 3497 2395 3553 conveniebat.
2434 3498 2548 3553 Non
2598 3501 2746 3555 enim
2800 3506 3011 3556 tantum
3068 3504 3368 3561 libertatem
3423 3511 3584 3565 nobis

2018 3588 2242 3655 cupivit,
2289 3604 2467 3659 neque
2493 3592 2738 3646 dolorem
2775 3605 3024 3650 nostrum
3060 3612 3220 3652 suum
3272 3600 3449 3664 duxit,
3486 3606 3583 3657 sed

2017 3694 2048 3734 a
2080 3680 2238 3736 nobis
2271 3681 2325 3737 in
2376 3698 2435 3738 se
2466 3683 2684 3740 dolores
2717 3694 2936 3742 nostros
2968 3690 3161 3744 ascivit
3190 3699 3355 3761 atque
3398 3701 3581 3748 trans-

2019 3772 2162 3836 tulit,
2196 3783 2251 3828 ct
2301 3774 2509 3843 placuit
2537 3775 2616 3831 eis
2648 3791 2772 3831 sors
2797 3777 3127 3844 miseranda,
3161 3792 3218 3835 ut
3262 3796 3362 3835 nos
3394 3783 3579 3839 beatos

2015 3863 2267 3918 ediceret.
2316 3863 2527 3920 Etenim
2576 3885 2595 3919 ι
2633 3868 2688 3920 in
2736 3866 2932 3923 diebus
2962 3872 3143 3925 carnis
3193 3886 3306 3924 sua:
3330 3872 3411 3939 “,
3451 3892 3469 3926 ι
3522 3885 3580 3929 ut

2015 3951 2222 4007 Paulus
2249 3953 2347 4017 ait,
2382 3956 2569 4011 multis
2612 3957 2764 4013 visus
2809 3967 2894 4012 est
2927 3960 3274 4016 miserabilis.
3312 3960 3377 4016 Et
3417 3965 3578 4018 mise-

2016 4044 2215 4099 rationi
2244 4060 2378 4101 sane
2416 4046 2520 4101 fuit
2553 4048 2737 4115 iniqua
2772 4060 2944 4103 morte
2974 4051 3256 4108 moriens:
3298 4071 3317 4103 ι
3350 4054 3578 4123 Plange-

2015 4137 2146 4191 baut
2173 4137 2340 4196 enim.
2372 4136 2569 4205 inquit,
2600 4147 2655 4191 et
2679 4138 3120 4195 lamentabantur
3142 4157 3262 4196 eum
3289 4142 3354 4206 “,
3393 4161 3411 4194 ι
3448 4158 3576 4199 cum

2015 4228 2081 4283 ad
2117 4238 2347 4281 mortem
2383 4230 2692 4283 duceretur.
2744 4228 2855 4283 Nec
2907 4231 2956 4284 id
3014 4231 3050 4284 ii
3102 4236 3301 4294 solum.
3329 4234 3420 4302 qui
3463 4243 3578 4290 tum

2014 4318 2290 4380 vivebant,
2340 4327 2394 4373 et
2447 4319 2786 4385 spectabant,
2824 4317 3105 4384 iecerunt;
3161 4321 3253 4376 sed
3306 4331 3360 4375 et
3385 4321 3576 4387 lsaias.

2015 4409 2183 4462 multo
2242 4417 2367 4462 ante
2425 4423 2548 4462 cum
2602 4409 2942 4477 prmvidissct
3003 4412 3129 4466 illud
3178 4416 3574 4482 spectaculum.

2017 4518 2120 4555 non
2152 4502 2470 4569 temperavit
2503 4500 2781 4570 lacrymis,
2817 4502 2909 4555 sed
2942 4511 3199 4569 tanquam
3237 4519 3398 4574 super
3437 4521 3580 4559 mor-

2019 4602 2110 4646 tuo
2145 4592 2469 4655 lamentans,
2496 4606 2680 4645 vocem
2714 4593 3076 4646 miserabilem
3110 4595 3285 4649 emisit
3314 4613 3329 4652 :
3368 4616 3386 4647 ι
3431 4595 3575 4650 Vidi-

2021 4699 2142 4736 ntus
2170 4697 2311 4746 eum,
2336 4683 2597 4750 inquit,ct
2629 4699 2731 4736 non
2767 4683 2997 4737 habebat
3027 4686 3469 4755 speciem,ttequc
3487 4688 3532 4741 dt
3552 4718 3578 4730 -

1990 4791 2189 4830 ,corcm
2206 4791 2221 4839 ;
2237 4777 2327 4829 sed
2347 4777 2553 4842 species
2570 4775 2686 4837 ejus
2713 4776 3055 4835 inltonm-ata.
3076 4788 3128 4829 et
3145 4778 3422 4839 deﬁciens,
3441 4795 3579 4848 prte-

2014 4877 2094 4922 ter
2136 4868 2274 4919 illios
2304 4867 2580 4920 hominum
2612 4866 2713 4921 “.i
2736 4868 2876 4931 Quid
2919 4883 3037 4920 cum
3066 4871 3165 4921 hac
3200 4872 3573 4938 compassione

2012 4958 2246 5013 conferri
2278 4959 2490 5029 potest?
2510 4959 2784 5028 Siquidem
2819 4974 2924 5012 non
2952 4960 3276 5027 cogitatione
3297 4972 3351 5016 et
3380 4964 3573 5015 volun-

2018 5062 2125 5104 tate
2152 5050 2266 5105 sola
2312 5052 2634 5104 miserorum
2681 5054 2819 5103 mala
2871 5050 3057 5114 sentit,
3085 5052 3177 5103 sed
3213 5050 3371 5106 rebus
3415 5053 3567 5121 ipsis.

2018 5156 2118 5194 nec
2150 5140 2500 5194 molestorum
2536 5156 2658 5195 esse
2709 5140 2978 5208 particeps
3025 5143 3157 5196 satis
3188 5145 3367 5204 habet.
3388 5147 3480 5198 sed
3516 5145 3571 5199 in

2013 5246 2073 5285 se
2108 5232 2281 5298 ipsum
2321 5240 2487 5284 totum
2533 5231 2779 5299 suscipit,
2832 5239 3128 5301 nostraque
3178 5241 3351 5288 morte
3407 5237 3575 5289 mori-

2012 5331 2120 5379 tur.
2143 5319 2237 5376 llis
2264 5322 2569 5376 rationibus
2603 5322 2667 5374 ad
2702 5322 3039 5378 miser-audes
3084 5324 3332 5380 homines
3379 5335 3571 5379 natura

2013 5413 2302 5467 nobiscum
2333 5414 2683 5481 conjunctos,
2714 5414 2841 5481 quid
2868 5414 3039 5484 magis
3076 5429 3176 5470 nos
3206 5415 3484 5484 impellat?
3512 5414 3568 5468 Si

2016 5504 2161 5557 enim
2197 5505 2351 5573 prius
2386 5519 2640 5573 asperum
2697 5504 2912 5573 quidvis
2968 5519 3282 5574 perpessum
3313 5519 3452 5565 esse,
3483 5518 3567 5557 re-

2013 5608 2144 5652 cens
2183 5596 2368 5650 eadem
2405 5594 2578 5663 passis
2608 5595 2882 5661 conciliat,
2915 5596 3039 5649 dum
3075 5596 3126 5648 in
3167 5595 3233 5649 iis
3260 5607 3389 5648 suas
3419 5593 3568 5646 cala-
