4134 6314
555 365 667 429 675

1819 356 2129 416 NICOLM
2171 354 2559 416 CABASI'LE

3721 361 3836 422 6ῗῦ

560 482 780 536 mitates
849 485 1276 548 recognoscunt,
1334 476 1462 544 quid
1523 491 1627 528 non
1690 474 1835 541 passi
1900 472 2132 527 sumus?

2240 470 2421 540 τρίδος
2452 471 2552 539 τῆς
2585 470 2662 533 ὡς
2687 468 2904 539 ἀληθῶς
2931 469 3245 540 ήμετέραςς
3281 471 3344 523 οὗ
3378 470 3589 537 πενίαν,
3641 476 3703 527 οὐ
3740 479 3828 529 v6-

558 572 753 627 Nomte
777 571 1129 626 amissionem
1158 570 1344 640 patriae
1375 582 1496 620 vere
1523 565 1756 621 vestrae?
1789 579 1972 617 nonne
2012 578 2146 631 pau-

562 663 861 733 pertatem?
912 678 1092 716 nonne
1122 660 1413 717 morbum?
1467 672 1644 711 nonne
1676 656 1998 710 servitutem
2054 654 2140 707 iu-

560 752 977 825 dignissimam?
1023 767 1204 808 nonne
1237 751 1506 806 insaniam
1537 747 1876 802 extremam?
1933 744 1999 799 Et
2054 745 2138 799 his

561 847 821 902 omnibus
861 865 879 897 ι
908 862 1001 914 per
1034 846 1245 899 viscera
1276 842 1665 897 misericOrdize
1700 840 1791 893 Dei
1837 837 2007 893 nosni
2037 837 2086 869 ⁸⁸
2109 858 2129 889 ι

562 939 774 993 liberati
824 952 1033 993 sumus.
1084 935 1257 1004 igitur
1287 945 1340 986 et
1384 948 1486 987 nos
1518 931 1899 992 misereantur,
1935 945 1981 984 st
2015 928 2139 997 quis

561 1046 894 1101 quocunque
926 1030 1122 1083 borum
1160 1025 1629 1081 incommodorum
1662 1023 1921 1091 iactatur,
1959 1030 2012 1073 et
2032 1020 2140 1073 nti-

561 1122 910 1179 sericordiam
966 1119 1248 1175 conservis
1311 1118 1697 1185 rependamns,
1756 1129 1921 1183 quam
1980 1112 2138 1167 nobis

560 1213 869 1267 communis
901 1210 1168 1263 Dominus
1202 1215 1332 1262 ante
1363 1207 1633 1274 praestitit.
1683 1205 1746 1257 Et
1777 1204 1880 1257 hoc
1911 1218 2142 1257 mouens

566 1301 838 1367 Salvator,
874 1316 1066 1371 nempe
1096 1315 1229 1369 erga
1275 1301 1587 1369 proximum
1637 1305 1892 1367 oportere
1929 1309 2028 1349 nos
2060 1294 2144 1346 iu-

560 1394 727 1447 duere
756 1394 1232 1448 mansuetudinem
1260 1431 1272 1452 ,
1308 1404 1405 1459 pro
1437 1389 1688 1457 exemplo
1714 1388 1954 1440 divinant
1988 1383 2141 1439 beni-

556 1486 815 1554 gnitatem
856 1485 1170 1539 intuentes:
1210 1502 1227 1535 ι
1268 1483 1474 1548 Estote,
1510 1477 2126 1548 inquit,misericordes,

558 1581 702 1636 sicut
753 1590 807 1635 et
840 1579 999 1634 Pater
1030 1589 1203 1632 vester
1239 1577 1477 1632 cwlestis
1533 1575 1848 1633 misericors
1885 1571 2061 1627 est".
2103 1590 2124 1621 ι

627 1670 889 1725 blundare
923 1681 1104 1725 autem
1153 1684 1270 1732 cor,
1315 1668 1665 1738 animamque
1701 1668 1767 1721 ad
1803 1663 2132 1722 sanctitudi-

561 1779 682 1817 nem
736 1778 1013 1827 exercere,
1046 1764 1204 1831 cujus
1258 1761 1632 1816 contentionis
1671 1769 1765 1814 aut
1815 1757 2129 1827 diligentiae,

2248 577 2341 613 σον
2386 560 2469 628 (οὐ
2499 559 2598 630 τὴν
2619 560 3014 632 χαλεπωτάτην
3043 561 3337 630 δουλείαν),
3367 563 3428 616 οὐ
3463 564 3561 634 τὴν
3585 565 3829 635 ἐσχάτην

2245 651 2482 718 μανίαν;
2547 651 2643 702 καὶ
2684 650 2887 701 τούτων
2935 650 3330 721 ἀπηλλάξαμεν
3392 653 3612 707 πάντων
3679 673 3698 704 ι
3735 656 3829 708 διὰ

2247 737 2536 807 σπλάγχνα
2591 739 2776 799 ἐλέους
2830 739 2966 790 Θεοῦ
2994 739 3173 809 ἡμῶν.
3217 758 3237 792 t
3291 741 3502 794 Οὐκοῦν
3540 743 3637 795 καὶ
3662 745 3832 813 ἡμεῖς

2234 829 2478 898 ἐλεοτμεν
2507 829 2593 892 ἂν,
2622 830 2672 883 εί
2695 846 2774 890 τις
2797 828 2920 883 καθ’
2948 828 3125 882 ὁτιοῦν
3150 830 3355 882 τούτωι
3375 832 3605 901 πράττει
3635 836 3827 898 κακῶς

2246 922 2462 976 καὶτὸν
2490 917 2671 974 οἶκτον
2734 923 3028 990 ἀποδοῖμεν
3088 925 3199 983 τοῖς
3261 922 3594 992 ὁμοδούλοις,
3651 920 3829 996 οὗπερ

2248 1015 2380 1083 ἡμῖν
2400 1014 2426 1065 ὀ
2456 1012 2637 1075 κοινὸς
2673 1014 2883 1083 ὑπῆρξε
2913 1014 3212 1083 Δεσπότης.
3268 1016 3377 1066 Καὶ
3406 1014 3565 1067 τοῦτο
3598 1016 3773 1086 δηλῶν
3794 1021 3827 1072 6

2245 1106 2458 1175 Σωτὴρ,
2488 1106 2563 1165 ὡς
2624 1105 2730 1174 ἄρα
2777 1106 2859 1157 δεῖ
2888 1107 3023 1175 πρὸς
3068 1108 3193 1169 τοὺς
3251 1107 3560 1176 ὁμοφύλους
3603 1111 3823 1179 ἡμέρως

2241 1194 2386 1264 ἔχειν
2422 1195 2503 1257 εἰς
2550 1196 2901 1264 παράδειγμα
2938 1197 3036 1266 τὴν
3064 1196 3215 1249 θείαν
3258 1199 3577 1267 ἀφορῶντας
3632 1201 3821 1268 ςριλανσ-

2242 1289 2507 1359 θρωπίαν,
2538 1308 2557 1340 ι
2595 1289 2838 1353 Γίνεσθε,
2867 1291 3055 1357 φησὶν,
3080 1292 3451 1360 οἰκτίρμονες,
3492 1291 3675 1357 καθὼς
3722 1296 3813 1347 καὶ

2240 1384 2270 1435 ὁ
2292 1381 2480 1453 Πατὴρ
2510 1382 2664 1453 ὑμῶν
2695 1381 2994 1452 οἰκτίρμων
3023 1383 3159 1436 ὲστί.
3184 1400 3205 1434 ι

2312 1662 2389 1715 Τό
2429 1679 2492 1731 γε
2518 1661 2627 1732 μὴν
2683 1662 2922 1732 καθᾶραι
2955 1663 3184 1733 καρδίαν
3245 1665 3340 1717 καὶ
3367 1666 3503 1737 πρδς
3546 1668 3816 1739 ἁγιασμὺν

2238 1755 2339 1822 τὴν
2366 1754 2550 1825 ψυχὴν
2575 1754 2840 1820 ἀσκῆσαι,
2865 1754 3013 1817 τίνος
3038 1755 3250 1822 ἀγῶνος
3273 1758 3306 1827 ἢ
3338 1758 3579 1825 σπουδῆς
3603 1761 3636 1829 ἢ
3660 1763 3816 1814 τίνων

558 1863 651 1908 aut
679 1869 912 1922 quormu
966 1830 1229 1909 sudorum
1267 1853 1467 1922 potius,
1503 1862 1599 1906 aut
1632 1850 2052 1919 cogitationum,
2083 1854 2132 1900 ct

2247 1845 2491 1913 ἱδρώτων
2525 1845 2731 1915 μᾶλλον
2773 1846 2806 1915 ἢ
2855 1847 2962 1900 τῶν
2989 1847 3207 1899 ἐννοιῶν
3235 1849 3442 1902 τούτων
3470 1853 3561 1903 καῖ
3592 1855 3689 1920 τῆς
3721 1871 3815 1918 με-

557 1946 932 2002 mcditationis
965 1961 1104 2014 opus
1129 1961 1192 2001 ac
1220 1947 1446 1998 materia
1472 1942 1665 1998 fuerit?
1690 1942 1806 1996 luto
1834 1943 1973 2010 quod
2006 1941 2132 2009 quis

554 2038 869 2093 accuratius
900 2052 1015 2093 rem
1049 2037 1431 2100 considerans,
1458 2051 1565 2089 non
1592 2049 1731 2104 opus
1763 2033 2133 2088 meditationis

554 2133 625 2184 de
674 2130 917 2191 Christo,
970 2129 1065 2185 sed
1124 2128 1297 2197 ipsam
1348 2127 1469 2183 sine
1501 2126 1669 2182 dubio
1718 2125 2131 2179 meditationem

558 2219 782 2274 dixerit.
835 2219 1078 2274 Primum
1128 2220 1276 2274 enim
1334 2219 1387 2273 in
1440 2217 1661 2287 optimis
1705 2216 2133 2286 cogitationibus

555 2311 789 2374 versari,
832 2320 890 2365 et
942 2327 970 2364 a
1024 2311 1183 2367 malis
1228 2310 1655 2380 cogitationibus
1688 2308 1992 2371 discedere,
2028 2309 2133 2363 hoc

554 2415 736 2460 autem
783 2417 870 2460 est
895 2417 992 2457 cor
1038 2418 1235 2472 purum
1286 2417 1430 2458 esse.
1476 2401 1617 2458 Cum
1650 2401 1797 2455 enim
1829 2401 2029 2469 duplex
2062 2400 2134 2453 sit

558 2496 715 2551 nobis
742 2494 871 2559 vita,
899 2495 1300 2563 dupliciterque
1326 2508 1639 2556 nascantur,
1665 2507 1771 2546 una
1807 2490 2130 2559 Spiritualis,

557 2592 726 2641 altera
762 2594 1121 2653 corporea,et
1155 2586 1384 2654 spiritus
1414 2585 1468 2638 in
1504 2585 1591 2639 bis
1622 2600 1743 2653 quae
1769 2583 2130 2651 concupisdt,

553 2676 823 2731 adversus
846 2690 1049 2742 corpus
1079 2683 1303 2742 pugnet,
1326 2689 1528 2743 corpus
1550 2673 1818 2728 adversus
1849 2674 2127 2741 spiritttm,

556 2782 683 2821 cum
720 2768 997 2820 contraria
1053 2765 1229 2829 firdus
1264 2765 1403 2819 inire
1435 2775 1492 2818 et
1524 2766 1842 2834 conspirare
1881 2766 2133 2834 imposi-

560 2859 668 2917 bile
713 2866 805 2922 st,
839 2858 1096 2913 omnibus
1139 2866 1224 2912 est
1256 2865 1529 2925 apertum,
1574 2868 1695 2910 utra
1737 2859 2128 2924 eoncupisren-

559 2953 633 3007 tia
671 2966 766 3021 per
817 2951 1136 3004 memoriam
1188 2948 1557 3018 negitationcs
1611 2948 1932 3009 obtinuerit,
1971 2948 2038 3001 ab
2065 2963 2128 3001 ea

559 3042 783 3099 alteram
814 3040 1159 3111 proﬂigatum
1186 3039 1275 3094 irl.
1305 3038 1530 3104 Deinde,
1558 3039 1955 3093 sinutcarnalis
1983 3038 2124 3102 vitae,

557 3141 614 3187 et
639 3133 1006 3202 generationis
1031 3129 1313 3192 memoria,
1347 3140 1402 3184 et
1430 3131 1716 3196 oet-upatio
1751 3129 1917 3181 attinti
1951 3129 2004 3181 in
2048 3138 2126 3180 ta-
2160 3170 2202 3226 Ο

559 3223 703 3278 libus
727 3221 1146 3290 perditissimam
1168 3220 1543 3289 cupiditatem,
1560 3229 1613 3273 ct
1636 3221 1760 3273 inde
1776 3220 2129 3274 l'XSlSlBlllelll

557 3314 1083 3371 contaminationem
1119 3312 1276 3367 παθη
1316 3331 1329 3365 :
1361 3312 1552 3367 eodem
1599 3312 1761 3367 modo
1811 3312 2010 3367 lavacri
2044 3329 2133 3381 ge-

562 3407 925 3470 nerationem,
954 3413 1007 3458 et
1035 3412 1430 3474 congruentem
1469 3404 1645 3457 eidem
1694 3403 2033 3463 alimoniam,
2078 3411 2129 3456 ct

557 3499 664 3553 alla
697 3497 861 3564 bnjns
895 3511 1050 3550 nova:
1073 3495 1198 3549 vita:
1223 3490 1742 3548 assidua'memoria
1781 3506 2130 3562 usurpantes,

559 3603 589 3640 a
629 3596 774 3640 terra
824 3587 879 3642 in
932 3586 1110 3656 ipsum
1161 3587 1360 3640 ctutum
1398 3583 1698 3639 transferre
1744 3584 1803 3638 lit
1845 3597 2136 3639 consenta-

560 3692 748 3731 uentu.

631 3854 902 3919 Quoniam
939 3862 1117 3907 autem
1162 3873 1181 3906 ι
1216 3852 1471 3909 Christus
1504 3864 1589 3909 est
1644 3869 1743 3923 pax
1788 3865 2001 3918 nostra,
2038 3858 2129 3925 qui

565 3944 690 4001 fecit
722 3957 954 4014 utraque
985 3962 1176 4012 unum,
1202 3957 1255 4000 et
1305 3947 1542 4001 medium
1594 3949 1852 4014 parietem
1886 3951 2133 4003 maceria.-

560 4038 746 4098 solvit,
804 4037 1120 4097 inimicitias
1188 4040 1239 4092 in
1303 4054 1469 4093 carne
1529 4054 1624 4094 sua
1659 4037 1726 4103 “,
1769 4059 1787 4089 ι
1832 4039 1929 4107 qui
1982 4040 2133 4107 pacis

560 4147 725 4186 causa
784 4131 969 4189 omnia
1021 4132 1242 4187 molitus
1276 4142 1377 4196 est,
1412 4133 1541 4201 quid
1599 4147 1730 4201 pace
1788 4133 2133 4202 praestantius

566 4224 708 4291 apud
736 4240 853 4288 eos,
878 4225 1079 4293 quibus
1110 4226 1292 4279 studio
1316 4234 1400 4278 est
1430 4239 1518 4278 res
1554 4224 1675 4292 ejus
1701 4225 1886 4277 animo
1915 4224 2134 4276 volvere

560 4330 628 4369 ac
679 4315 999 4368 revolvere?
1069 4314 1201 4369 Nam
1263 4326 1318 4369 et
1372 4316 1477 4383 ipsi
1531 4315 1912 4376 sectabantur,
1975 4312 2130 4365 Pauli

558 4407 740 4475 jussu,
776 4415 836 4458 ιιι
874 4404 1017 4457 nihil
1043 4419 1215 4471 teque,
1245 4415 1299 4457 et
1328 4405 1381 4457 in
1415 4421 1478 4458 ea
1521 4404 1807 4458 recolenda
1838 4404 1960 4457 aliis
1998 4419 2132 4469 prte-

2239 1937 2402 2005 λὲτης
2437 1937 2638 2005 γένοιτ’
2661 1937 2728 1991 ἂν
2765 1939 2965 2007 ἐργον;
3014 1940 3044 1992 ὃ
3076 1956 3140 2007 γε
3176 1940 3285 1992 οὐδ’
3306 1938 3471 2010 ἔργον
3530 1944 3596 1997 ἄν
3626 1961 3709 2008 τις
3736 1946 3816 1998 εῖ-

2238 2045 2332 2080 ποι
2363 2030 2462 2097 τῆς
2496 2030 2626 2097 περὶ
2657 2030 2896 2099 Χριστοῦ
2927 2030 3182 2098 μελέτης,
3216 2031 3333 2084 ἀλλ’
3362 2032 3531 2103 αὐτὴν
3559 2033 3815 2105 ἄντικρυς

2238 2114 2379 2171 εἶναι
2413 2119 2511 2187 τὴν
2543 2119 2798 2190 μελέτην,
2851 2121 3070 2175 σκοπῶν
3121 2122 3387 2193 ἀκριϐῶς.
3441 2126 3664 2195 Πρῶτον
3721 2129 3815 2198 μιν

2238 2212 2348 2279 γὰρ
2387 2210 2446 2263 τὺ
2475 2214 2712 2265 συνεῖναι
2764 2212 2873 2265 τῶν
2927 2212 3207 2281 λογισμῶν
3254 2217 3369 2278 τοῖς
3406 2216 3652 2287 ἀρίστοις
3708 2219 3815 2273 τῶν

2238 2302 2458 2368 φαύλων
2482 2302 2633 2355 ἐστὶν
2657 2304 2990 2370 ἁφεστάναν
3030 2302 3190 2357 τοῦτο
3213 2303 3272 2357 δέ
3296 2306 3412 2361 ἐστι
3455 2306 3554 2376 τήν
3587 2309 3812 2378 καρδίαν

2238 2389 2477 2458 καθαρὸν
2513 2385 2673 2443 εἶναι.
2707 2392 2902 2458 Διττῆς
2924 2391 3033 2459 γὰρ
3066 2393 3199 2462 ἡμῖν
3229 2393 3329 2463 τῆς
3383 2396 3527 2467 ζωῆς
3574 2401 3670 2451 καὶ
3714 2400 3813 2468 τῆς

2236 2484 2541 2552 γεννήτειιις
2566 2481 2755 2552 οῠσης,
2784 2485 2885 2552 τῆς
2917 2486 3015 2552 μὲν
3046 2488 3446 2558 πνευματικῆς,
3472 2489 3575 2557 τῆς
3605 2491 3661 2544 δὲ
3680 2510 3811 2562 σαρ-

2235 2573 2416 2643 κικῆς,
2452 2575 2544 2625 καὶ
2574 2573 2651 2644 τῷ
2687 2575 2785 2643 μὲν
2818 2575 3030 2644 σώματι
3052 2576 3146 2629 τοῦ
3176 2578 3491 2648 πνεύματος
3517 2578 3598 2646 οἷς
3627 2585 3813 2638 ἐπιθυ-

2236 2670 2330 2736 μεῖ
2346 2667 2749 2736 πολεμοῦντος,
2799 2667 2895 2721 τοῦ
2927 2671 3181 2737 σώματος
3209 2672 3266 2725 δὲ
3302 2675 3443 2728 κατὰ
3492 2677 3586 2728 τοῦ
3645 2677 3812 2731 πνεύ-

2238 2776 2408 2827 ματος
2445 2760 2767 2830 ἱσταμένου,
2798 2763 3064 2816 τάναντία
3108 2763 3437 2817 σπείσασθαι
3495 2769 3589 2820 καὶ
3624 2772 3807 2822 συνελ-

2234 2850 2346 2903 θεῖν
2376 2853 2659 2921 ὰμήχανον
2688 2852 2771 2913 ὃν,
2805 2856 3047 2925 ὁποτέρα
3081 2856 3188 2907 τῶν
3209 2857 3518 2927 ἐπιθυμιῶν
3531 2863 3593 2930 τῇ
3617 2863 3805 2933 μνήμῃ

2234 2946 2502 3011 κρατήσει
2532 2944 2640 3023 τῶν
2690 2945 2992 3014 λογισμῶν,
3048 2946 3124 3010 ὡς
3181 2949 3406 3003 ἑκϐαλεῖ
3443 2951 3540 3021 τὴν
3582 2954 3797 3021 ἑτέραν,

2234 3034 2401 3086 παντί
2440 3052 2540 3086 που
2565 3036 2750 3106 δῆλον.
2814 3039 3049 3093 Ἔπειτα
3081 3040 3333 3112 καθάπερ
3387 3042 3485 3109 τῆς
3527 3046 3794 3112 σαρκικῆς

2234 3124 2382 3196 Coiﬁ;
2405 3127 2625 3196 καὶτῆς
2675 3131 2984 3197 γεννήσεως
3042 3133 3077 3201 ἠ
3112 3136 3295 3204 μνήμη
3336 3134 3429 3188 καὶ⁸
3479 3135 3538 3187 τὸ
3563 3136 3789 3191 τοιοῖσδε

2237 3217 2330 3270 τὸν
2358 3218 2479 3271 κοῦν
2510 3220 2799 3289 προσέχειν
2837 3222 2938 3289 τὴν
2974 3224 3195 3277 κάκιστ’
3217 3222 3590 3294 ἀπολουμένην
3611 3223 3801 3277 ἐπιθυ-

2240 3307 2371 3375 μίαν
2407 3309 2624 3362 καὶτὸν
2666 3311 2884 3364 ἐκεῖθεν
2934 3313 3177 3384 ἐντίθησι
3209 3315 3502 3384 μολυσμὸν,
3554 3315 3643 3369 τὸν
3688 3315 3803 3369 ῐσον

2235 3400 2440 3467 τρόπον
2471 3401 2567 3471 τὴν
2590 3403 2684 3455 τοῦ
2703 3403 2931 3472 λουτροῦ
2955 3406 3208 3476 γέννησιν
3251 3409 3344 3462 καὶ
3389 3408 3490 3479 τὴν
3532 3408 3801 3480 κατάλλη-

2235 3488 2329 3542 λον
2356 3494 2421 3560 τῇ
2454 3493 2708 3562 γεννήσει
2733 3495 2940 3565 τροφὴν
2973 3498 3067 3549 καὶ
3091 3497 3260 3551 τᾶλλα
3286 3498 3349 3568 δὴ
3379 3500 3448 3567 τᾲ
3481 3501 3577 3570 τῆς
3614 3502 3805 3569 καινῆς

2237 3582 2386 3651 ζωῆς
2413 3586 2477 3652 τῇ
2503 3588 2727 3656 συνεχεί
2754 3590 2934 3660 μνήνῃ
2965 3590 3063 3659 τὴν
3090 3591 3272 3660 ψυχὴν
3298 3593 3665 3662 κατασχόντα,
3712 3594 3807 3659 τὴν

2238 3675 2535 3742 ἐπιθυμίαν
2564 3677 2710 3741 είκός
2733 3680 2884 3733 ἐστιν
2905 3683 3011 3734 ἀπὸ
3052 3683 3146 3750 τῆς
3181 3682 3283 3750 γῆς
3339 3684 3607 3738 ὲπάὐτδν
3656 3685 3807 3753 ἄγειν

2236 3764 2328 3814 τὸν
2364 3764 2618 3831 οὐρανόν.
3208 3762 3217 3771 ’

2319 3855 2472 3908 Ἐπεὶ
2494 3857 2550 3911 δὲ
2580 3858 2817 3926 Χριστός
2844 3863 2995 3916 ἐστιν
3033 3888 3048 3913 ι
3083 3865 3331 3935 ήείρήνη
3367 3868 3547 3937 ήμῶν,
3581 3871 3608 3922 ὁ
3644 3870 3802 3939 ποιή-

2236 3962 2336 4009 σας
2363 3948 2433 4001 τὰ
2487 3949 2779 4022 ἀμφότερα
2818 3951 2898 4019 ἓν,
2930 3957 3023 4008 καὶ
3052 3957 3456 4029 τὸομεσότοιχον
3507 3961 3602 4013 τοῦ
3634 3980 3808 4033 φραγ-

2238 4039 2341 4106 μοῦ
2386 4039 2576 4103 λύσας,
2603 4043 2704 4112 τὴν
2731 4043 2936 4115 ἔχθραν
2964 4049 3021 4098 ὲν
3040 4050 3105 4117 τῇ
3150 4051 3336 4118 σαρκὶ,
3382 4069 3400 4101 ι
3439 4045 3482 4119 ᾧ
3523 4052 3624 4122 τῆς
3652 4055 3801 4123 είρή-

2234 4148 2331 4198 νης
2355 4130 2521 4185 ἓνεκα
2543 4134 2610 4186 τὰ
2641 4134 2819 4188 πάντα
2871 4137 3164 4207 ἐπενοήθη,
3215 4139 3268 4191 τί
3322 4140 3428 4211 πρὸ
3454 4144 3552 4209 τῆς
3582 4145 3804 4215 εἰρήνης

2235 4224 2302 4274 ἂν
2329 4226 2416 4293 εῐη
2444 4227 2559 4288 τοῖς
2612 4226 2846 4297 μελέτην
2889 4229 3069 4300 ψυχῆς
3100 4232 3309 4285 καὶτοῦ
3348 4235 3589 4304 σπουδὴν
3613 4237 3802 4288 ’τιίικεί⁸

2235 4331 2328 4366 νου
2353 4320 2745 4387 ποιησαμένοις
2767 4339 2782 4386 ;
2835 4322 2998 4373 Αὐτοί
3024 4339 3083 4373 τε
3110 4323 3216 4391 γὰρ
3245 4323 3500 4388 διώξουσι
3536 4327 3640 4395 τὴν
3658 4329 3803 4397 είρή-

2236 4424 2354 4475 νην,
2442 4409 2655 4464 κελεύει
2683 4411 2919 4478 Παῦλος,
2954 4413 3029 4476 ὡς
3069 4416 3223 4468 οὐδὲν
3249 4415 3397 4482 ἄλλο,
3443 4420 3673 4481 καὶτοῖς
3702 4420 3797 4473 ἄλ-

560 4495 740 4555 ibuut,
770 4503 826 4546 et
854 4491 1039 4545 odittnt
1072 4493 1269 4546 inutile
1307 4494 1603 4562 depooent,
1634 4493 1942 4562 frustraque
1970 4494 2126 4547 belli-

2236 4501 2346 4561 λοις
2381 4501 2680 4571 ἡγήσονται
2713 4503 2806 4556 τοῦ
2842 4504 3169 4573 πράγματος
3237 4508 3332 4559 καὶ
3381 4506 3602 4560 λύσουσι
3642 4511 3797 4578 μῖσος

557 4599 755 4651 gerare
778 4584 1053 4647 desinent,
1085 4584 1318 4637 scientes
1351 4598 1539 4652 pacem
1563 4587 1698 4639 adeo
1728 4586 2042 4654 pretiosam,
2066 4596 2127 4639 ut

564 4672 708 4727 Deus
744 4672 858 4741 ipse
883 4670 1055 4737 dives,
1093 4680 1147 4725 et
1177 4672 1420 4726 omnium
1451 4671 1731 4739 Dominus,
1766 4690 1889 4729 cum
1921 4676 1975 4730 in
2015 4686 2125 4730 ter-

564 4779 655 4817 ras
692 4762 928 4818 venisset
980 4772 1039 4818 ut
1069 4777 1188 4826 eant
1245 4763 1556 4819 hominibus
1609 4778 1968 4835 compararet,
2026 4783 2125 4822 nec

561 4853 830 4906 inveniret
866 4850 1163 4921 quidquam
1209 4852 1458 4923 dignum,
1498 4867 1658 4909 suum
1693 4856 1866 4925 ipsius
1897 4841 2123 4927 sangui-

562 4957 688 4995 nem
724 4942 876 5011 pretii
914 4942 1031 4996 loco
1064 4942 1410 5011 impenderit.
1438 4942 1575 5008 Quia
1604 4945 1749 4999 enim
1775 4945 1888 5014 jam
1921 4947 2125 5015 produ-

561 5042 800 5096 ctoruut,
840 5042 894 5086 et
925 5033 1254 5087 exstantium
1288 5033 1425 5087 niltil
1458 5034 1672 5089 videbat
1699 5036 1940 5104 quaesito:
1982 5039 2126 5107 paci,

561 5133 620 5178 et
653 5124 1081 5179 recouciliationi
1118 5124 1534 5187 cotilerendum,
1571 5126 1732 5180 aliain
1769 5143 1963 5182 novam
1995 5144 2127 5183 con-

562 5214 704 5269 didit
746 5226 1017 5276 naturant,
1049 5218 1367 5281 sanguinem
1415 5216 1622 5271 scilicet
1669 5217 1771 5270 sibi
1804 5234 1985 5280 suum,
2016 5235 2126 5285 quo

562 5307 697 5360 dato
750 5319 874 5358 mox
933 5307 1415 5371 reconciliatumet
1477 5308 1733 5376 princeps
1794 5309 1944 5375 pacis
1998 5309 2124 5364 fuit.

568 5399 904 5471 Sanguinem
963 5397 1128 5466 igitur
1169 5401 1316 5453 illum
1372 5403 1684 5464 adorantes,
1734 5404 1863 5470 quid
1912 5404 2126 5456 tandem

564 5493 711 5547 aliud
763 5506 885 5545 cum
949 5490 1146 5544 virtute
1200 5504 1555 5560 coniunctum
1596 5502 1968 5549 causa-tantes
2015 5509 2126 5544 rent

566 5597 722 5639 suam
753 5597 810 5637 se
845 5581 1108 5649 putabant
1155 5596 1334 5650 agere,
1358 5598 1519 5649 quam
1574 5592 1631 5637 ut
1662 5583 2120 5636 reconciliationis

637 5762 681 5790 “
709 5759 839 5814 Luc.
874 5777 912 5826 t,
946 5759 1036 5814 78.
1113 5758 1155 5790 ⁶⁷
1187 5757 1321 5814 Luc.
1360 5772 1433 5821 vt,
1469 5757 1555 5809 56.
1633 5756 1676 5789 “
1710 5756 1905 5826 Epltes.
1940 5774 1999 5825 tt,
2028 5760 2113 5814 ll.

2233 4592 2493 4663 ἀνόνητον
2534 4597 2628 4649 καὶ
2671 4598 2971 4650 παύσουσιν
3004 4599 3128 4666 είκῆ
3161 4598 3554 4667 πολεμοῦντας,
3592 4601 3798 4663 ειδότες

2234 4683 2456 4752 εἰρήνην
2488 4684 2633 4739 οὕτω
2662 4687 2866 4754 τίμιον,
2904 4686 3044 4740 ὥστε
3070 4688 3162 4741 τὸν
3218 4688 3353 4742 Θεὸν
3390 4690 3550 4743 αὐτὸν
3580 4690 3673 4743 ἐπὶ
3716 4690 3792 4760 τῷ

2234 4772 2440 4842 ταύτην
2467 4776 2779 4843 ἀνθρώποις
2803 4778 3123 4848 ὠνήσασθαι
3145 4780 3523 4833 καταλαϐόντα
3542 4781 3640 4852 τὴν
3668 4782 3795 4851 γῆν,

2232 4872 2327 4916 καὶ
2358 4866 2616 4919 πλούσιον
2647 4867 2778 4920 ὄντα
2827 4870 2922 4922 καὶ
2947 4871 3165 4924 πάντων
3190 4872 3394 4942 Κύριον
3418 4873 3587 4944 μηδὲν
3620 4875 3801 4945 εὑρεῖν

2233 4955 2382 5019 ἄξιον
2410 4957 2504 5009 τοῦ
2534 4960 2836 5027 χρήματος,
2865 4960 2980 5012 ἀλλ’
3020 4962 3153 5016 αὐτὸ
3181 4964 3242 5016 τὸ
3270 4958 3410 5033 αἷμα
3446 4965 3796 5024 καταϐαλεῖν.

2244 5047 2401 5099 Ἐπεὶ
2428 5048 2536 5116 γὰρ
2568 5048 2681 5100 τῶν
2711 5049 2809 5119 ήδη
2860 5054 3279 5122 γεγεννημένων
3311 5057 3407 5109 καὶ
3432 5055 3602 5109 ὄντων
3647 5058 3801 5111 οὐδὲν

2231 5136 2381 5209 ἑώρα
2401 5139 2498 5207 τῆς
2525 5138 2865 5209 ζητουμένης
2899 5141 3123 5214 εἰρήνης
3186 5148 3283 5198 καὶ
3326 5146 3434 5198 τῶν
3468 5145 3795 5213 διαλλαγῶν,

2229 5226 2446 5306 ὃπερᾶν
2473 5227 2795 5298 ἀντίρροπον
2828 5226 2916 5301 ἦν,
2957 5233 3127 5306 ἄλλην
3159 5238 3352 5306 καινὴν
3389 5238 3572 5290 ἔκτισε
3594 5237 3807 5303 κτίσιν,⁸

2228 5305 2369 5380 αἷμα
2399 5311 2601 5378 ἐαυτῷ.
2666 5312 2761 5365 καὶ
2805 5313 2965 5369 τοῦτο
3006 5304 3128 5379 δοὺς
3156 5304 3486 5389 διαλλακτὴς
3537 5314 3605 5391 ἦν
3636 5319 3799 5382 εὐθὺς

2228 5404 2323 5454 καὶ
2352 5403 2536 5472 ἄρχων
2558 5403 2802 5471 εἰρήνης.
2828 5405 2894 5457 Oi
2927 5407 3109 5460 τοίνυν
3138 5408 3199 5459 τὸ
3233 5404 3373 5479 αίμα
3398 5413 3573 5463 ἐκεῖνο
3621 5427 3798 5479 προσ,

2229 5494 2540 5557 κιονοῦντες,
2571 5492 2623 5545 τί
2656 5493 2773 5547 ποτ’
2801 5493 2868 5546 ἂν
2901 5497 3203 5566 κατορθοῦν
3225 5498 3354 5552 ἄλλο
3402 5500 3695 5568 ζητοῦντες
3727 5501 3798 5553 τὰ

2230 5584 2438 5635 ἑαυτῶν
2469 5586 2770 5653 ήγησονται
2800 5590 3062 5656 πράττειν
3097 5588 3129 5657 ἢ
3158 5589 3463 5656 διαλλαγῶν
3514 5591 3608 5641 καὶ
3638 5592 3792 5661 εἰρῄο
3886 5602 3907 5621 ⁸
