4134 6314
254 359 362 428 6ἷ7

1360 360 1454 421 ΟΕ
1493 362 1669 423 VITA
1709 360 1786 421 iN
1825 361 2161 423 CHRISTO
2194 362 2345 425 LIB.
2391 362 2491 424 Vl.

3404 367 3515 430 678

255 493 356 548 νης
380 474 690 544 ἀνθρώποις
730 474 881 539 ὄντες
935 478 1206 544 τεχνῖται;
1243 476 1304 528 Εἰ
1344 476 1401 529 δὲ
1447 481 1545 546 τὴν
1595 476 1821 530 καθόλου

1932 484 1988 530 et
2051 477 2203 547 pacis
2254 476 2566 531 hominibus
2604 483 2853 530 auctores
2907 476 3038 531 sint.
3079 475 3236 543 Quod
3294 481 3338 533 si
3389 483 3511 534 uni-

256 566 636 635 δικαιοσύνην,
671 566 817 635 λέγω
842 566 939 634 τὴν
971 567 1198 637 ἀρετὴν,
1223 567 1413 637 ἡλίκον
1436 569 1586 621 ἐστὶν
1625 568 1832 636 ἀγαθὸν

258 660 358 713 καὶ
379 650 491 709 οἷον
519 658 655 726 αὐτῇ
690 657 911 710 σύνεστι
940 657 1161 722 κάλλος,
1195 660 1290 710 ἐπὶ
1338 660 1435 712 τοῦ
1469 661 1634 731 ἠθους
1668 661 1832 725 μόνου

262 750 532 819 πάρεστιν
564 750 694 802 ίδεῖν
736 750 826 802 τοῦ
867 751 1138 820 Σωτῆρος,
1204 751 1299 804 ἆτε
1331 753 1494 819 μόνου
1522 751 1630 804 τῶν
1674 755 1830 804 ἐναν-

260 841 393 895 τίων
421 841 551 894 αὐτὸ
605 840 847 911 καθαρὸν
898 843 1183 904 παντελῶς
1235 843 1669 913 ἐπιδειξαμένου,
1709 844 1830 910 (καὶ

262 935 370 1003 γὰρ
401 934 683 1001 ἁμαρτίαν
714 934 813 986 οὐκ
838 935 1122 1001 ἐποίησεν,
1154 934 1277 986 οὐδὲ
1308 935 1336 986 ό
1366 935 1461 987 τοῦ
1494 936 1703 1005 κόσμου
1724 935 1826 1005 ἀρ-

260 1046 368 1096 χων
394 1023 566 1077 ἐλθὼν
611 1017 795 1096 εὗρεν,
849 1019 918 1080 οῦ
970 1026 1162 1091 διῶξαι
1210 1026 1501 1096 δυνήσεται
1536 1027 1636 1096 τὴν
1680 1027 1833 1080 θείαν

257 1115 471 1181 ἐκείνην
501 1112 704 1183 ψυχὴν,
735 1116 847 1168 οὐδ’
873 1117 932 1168 ὲν
959 1108 1007 1181 ᾧ
1036 1114 1312 1184 μέμψαιτο
1356 1117 1454 1186 τὴν
1491 1115 1640 1185 ῶραν
1659 1154 1674 1178 .
1731 1117 1828 1184 βα-

258 1206 476 1267 σκάνοις
505 1206 865 1276 περισκοπῶν
888 1206 1215 1275 ὀφθαλμοῖς)
1246 1206 1338 1259 τὸν
1363 1207 1461 1276 μὲν
1479 1208 1558 1264 είς
1585 1208 1677 1260 τὶν
1698 1208 1831 1276 Χρι-

253 1298 376 1347 στὸν
408 1296 502 1348 καὶ
553 1297 756 1367 ἀρετὴν
784 1297 963 1368 ἔρωτα
1015 1297 1177 1367 δῆλον
1213 1296 1290 1360 ὡς
1342 1298 1496 1349 οὐδὲν
1546 1298 1679 1353 ἄλλο
1709 1314 1831 1352 ποι-

248 1388 446 1452 οῦντας
502 1389 536 1458 ἢ
567 1389 1001 1459 μηχανωμένους
1039 1389 1071 1457 ἢ
1115 1390 1184 1441 τὰ
1221 1389 1317 1442 τοῦ
1368 1391 1606 1459 Χριστοῦ
1667 1393 1829 1461 μελε-

247 1479 463 1541 τῶντας
490 1480 608 1532 ἔστι
637 1481 846 1534 λαϐεῖν.
888 1480 1045 1533 Οῦτω
1071 1483 1178 1549 γὰρ
1204 1483 1491 1550 περιέσται
1522 1485 1615 1535 καὶ
1648 1484 1708 1536 τὸ
1726 1484 1825 1553 τῆς

248 1571 451 1639 ἀρετῆς
473 1573 567 1623 καὶ
590 1572 652 1623 τδ
675 1572 770 1624 τοῦ
797 1572 1051 1640 Σωτῆρος
1082 1572 1281 1635 κάλλος
1314 1573 1675 1641 καταμαθεῖν,
1729 1592 1829 1627 κα-

245 1661 555 1728 ταμαθοῦσι
627 1663 685 1716 δὲ
722 1663 817 1716 καὶ
868 1665 1065 1730 φιλεῖν,
1097 1662 1172 1726 ὡς
1227 1662 1402 1717 αἴτιον
1453 1663 1512 1716 ὃν
1545 1665 1824 1734 πανταχοῦ

247 1751 344 1803 τοῦ
384 1752 564 1819 φιλεῖν
603 1753 665 1805 τὸ
693 1754 1059 1824 καταμαθεῖν,
1094 1757 1215 1806 ἐπεὶ
1250 1756 1343 1807 καὶ
1367 1754 1464 1825 τὴν
1492 1754 1635 1808 Εῦαν
1670 1757 1699 1808 ό
1729 1754 1822 1807 τοῦ

248 1841 411 1904 ξύλου
460 1844 671 1911 καρπὸς
711 1845 805 1898 καὶ
854 1845 1030 1899 ταῦτα
1063 1846 1441 1916 ἀπειρημένου
1491 1848 1681 1901 τοῦτον
1712 1842 1819 1899 εἷλε

245 1933 343 1986 τὸν
379 1934 600 2004 τρόπον’
668 1952 687 1985 ι
732 1937 1057 2006 Κατενόησε
1087 1941 1220 2007 γὰρ,
1278 1940 1466 2008 φησὶν,
1523 1939 1597 2004 ὡς
1623 1938 1823 2009 ὡραῖος

243 2017 314 2095 ἦν
337 2028 419 2087 είς
440 2025 652 2095 ὅρασιν,
682 2027 777 2079 καὶ
826 2027 991 2092 καλὸς
1012 2029 1090 2091 είς
1123 2027 1349 2098 βρῶσιν.
1393 2047 1413 2080 ι

319 2287 538 2356 Ἔρωτα
566 2287 623 2339 δὲ
648 2288 884 2353 Χριστοῦ
915 2289 1011 2341 καὶ
1034 2288 1135 2359 τῆς
1160 2289 1362 2361 ἀρετῆς
1395 2291 1538 2344 οὕτω
1558 2293 1825 2358 λαεόντας

246 2376 344 2432 καὶ
371 2378 629 2447 διωγμῶν
667 2379 808 2448 ὑπὲρ
839 2380 1021 2431 αὐτῶν
1048 2381 1199 2443 εἰκὸς
1233 2382 1565 2451 ἀνασχέσθαι
1601 2386 1693 2437 καὶ
1727 2404 1827 2455 φυ-

245 2472 367 2536 γεῖν
397 2470 613 2523 ἑλέσθαι
647 2470 845 2539 δεῆσαν
875 2472 967 2525 καὶ
1000 2471 1067 2524 τά
1092 2472 1380 2526 δεινότατα
1412 2474 1629 2528 πάντων
1658 2476 1825 2530 ἀκοῦσ-

249 2576 363 2626 σαι,
398 2561 674 2615 καὶτοῦτο
708 2563 1018 2633 χαίροντας,
1053 2564 1129 2628 ὡς
1156 2565 1221 2634 δὴ
1253 2567 1531 2633 μεγίστων
1567 2569 1659 2621 καὶ
1693 2568 1825 2621 καλ-

245 2649 447 2704 λίστων
482 2653 668 2715 αὐτοῖς
707 2654 888 2723 γερῶν
925 2656 1309 2722 ἀποκειμένων
1350 2657 1409 2709 ὲν
1447 2659 1715 2727 οὐρανοῖς.
1764 2661 1822 2712 Ὀ

148 2738 156 2747 ’
247 2742 360 2812 γὰρ
387 2747 514 2811 περὶ
541 2745 636 2798 τὸν
662 2746 959 2814 ἀθλοθέτην
984 2746 1093 2800 τῶν
1114 2747 1534 2819 ἀγωνιζομένων
1561 2749 1701 2820 ἔρως
1730 2752 1825 2804 καὶ

246 2833 410 2885 τοῦτο
454 2834 702 2900 δύναται,
760 2836 854 2890 καὶ
912 2840 1043 2907 περὶ
1090 2840 1200 2892 τῶν
1263 2842 1433 2910 μήπω
1482 2843 1824 2911 φαινομένων

244 2924 427 2979 ἄθλων
457 2930 604 2980 ποιεῖ
625 2930 903 2983 πιστεύειν
931 2931 1078 3000 αὑτῷ
1110 2934 1202 2985 καὶ
1235 2933 1459 3002 βεϐαίας
1492 2938 1572 2996 είς
1606 2936 1667 2986 τὸ
1696 2936 1824 3005 μέλ-

246 3016 338 3066 λον
366 3017 458 3067 ἐπὶ
491 3017 586 3070 τοῦ
635 3019 902 3089 παρόντος
950 3021 1100 3090 ἔχειν
1129 3023 1368 3087 ἐλπίδας.
1406 3024 1565 3078 Οὕτω
1593 3027 1661 3080 τὰ
1690 3028 1824 3096 Χρι-

245 3105 375 3159 στοῦ
397 3109 520 3171 τοὺς
549 3108 808 3165 ἑκάστοτε
829 3114 1212 3183 λογιζομένους
1235 3118 1329 3169 καὶ
1359 3117 1699 3188 μελετῶντας
1728 3107 1822 3172 καὶ

247 3201 503 3266 μετρίους
531 3196 671 3254 εῖναι
704 3206 852 3256 ποιεῖ
883 3206 977 3258 καὶ
1001 3206 1100 3274 τῆς
1126 3206 1477 3277 ἀνθρωπείας
1512 3210 1823 3277 ἒπιγνώμοο

244 3304 340 3350 νας
363 3290 674 3359 ἀσθενείας,
696 3292 838 3347 ὥστε
861 3295 1096 3359 πενθεῖν,
1126 3298 1219 3349 καὶ
1243 3300 1452 3368 πράους
1473 3300 1821 3355 ἀποδείκνυσι

241 3376 337 3426 καὶ
386 3376 630 3442 δικαίους
661 3381 755 3433 καὶ
804 3382 1220 3454 φιλανθρώπους
1265 3387 1360 3439 καὶ
1390 3389 1677 3460 σώέρονας
1729 3392 1823 3444 καὶ

240 3466 470 3538 είρὴνης
530 3472 623 3523 καὶ
678 3471 982 3542 διαλλαγῶν
1043 3477 1357 3546 ἀνθρώποις
1410 3482 1671 3551 ἐργάτας,
1728 3485 1823 3536 καὶ

239 3553 386 3609 οὕτω
420 3559 656 3627 Χριστοῦ
693 3563 788 3616 καὶ
816 3565 915 3635 τῆς
945 3568 1148 3637 ἀρετῆς
1179 3573 1607 3641 περιεχομένους
1628 3615 1643 3637 ,
1679 3575 1820 3628 ὥστε

240 3646 384 3738 ύπὲρ
414 3651 594 3703 αὐτῶν
624 3655 725 3709 οὐκ
758 3657 1053 3726 ἀνέχεσθαι
1088 3660 1274 3729 μόνον,
1307 3664 1445 3718 ἀλλὰ
1485 3668 1578 3720 καὶ
1609 3668 1820 3738 χαίρειν

238 3737 636 3812 ὑϐριζομένους
660 3748 755 3800 καὶ
782 3749 1008 3818 ἥδεσθαι
1029 3752 1418 3824 διωκομένους.
1455 3759 1565 3813 Καὶ
1595 3737 1729 3823 ὅλως
1750 3761 1819 3814 τὰ

242 3832 477 3899 μέγιστα
523 3838 631 3891 τῶν
672 3840 893 3907 ἀγαθῶν
932 3846 1027 3897 καὶ
1064 3845 1190 3899 ὅθεν
1224 3850 1341 3902 ἐστὶ
1378 3867 1687 3922 μακαριους
1722 3872 1819 3923 γε·

237 3923 425 3977 νέσθαι
447 3966 462 3989 ,
498 3927 610 3980 τῶν
647 3932 868 3985 ἐννοιῶν
902 3936 1203 3991 ἀπολαύειν
1236 3938 1412 4002 ἔξεστι
1441 3945 1658 3997 τούτων
1724 3948 1818 4000 καὶ

237 4008 381 4064 οὕτω
411 4017 654 4088 τηρῆσαι
686 4019 786 4090 μιν
815 4024 872 4075 ὲν
901 4024 980 4094 τῷ
1004 4026 1198 4098 ἀγαθῷ
1222 4031 1323 4099 τὴν
1350 4033 1602 4104 γνώμην,
1629 4036 1731 4106 τὴν
1759 4036 1817 4090 δὲ

237 4111 572 4199 γιγνομένην
605 4111 757 4182 ῶραν
785 4117 954 4186 καλὴν
989 4118 1331 4188 ἐργάσασθαι
1363 4125 1462 4195 τὴν
1489 4128 1691 4199 ψυχὴν,
1724 4131 1818 4183 καὶ

234 4195 326 4247 τὸν
361 4199 471 4251 ἀπὸ
509 4201 620 4254 τῶν
672 4206 993 4276 μυστηρίων
1042 4210 1276 4278 φυλάξαι
1318 4195 1705 4280 πλοῦτονίκαὶ
1726 4223 1818 4273 τὸν

237 4286 518 4356 βασιλικὸν
548 4294 623 4366 μὴ
653 4296 813 4368 ῥῆξαι
846 4300 981 4370 μηδὲ
1012 4303 1250 4371 ρυπᾶναι
1282 4307 1507 4375 χιτῶνα.
1534 4312 1635 4364 Διά
1658 4312 1817 4366 τοῦτο

240 4382 484 4471 καθάπερ
515 4388 581 4438 τὸ
620 4388 745 4443 νοῦν
781 4390 926 4460 ἔχειν
962 4393 1060 4447 καὶ
1092 4394 1237 4463 λόγῳ
1268 4399 1542 4471 χρῆσθαι.
1576 4404 1675 4471 τῆς
1708 4404 1815 4457 τῶν

1937 581 2147 620 versam
2211 568 2523 631 justitiam,
2575 568 2830 619 virtutem
2862 604 2880 630 ,
2935 567 3157 636 inquam
3184 608 3196 631 ,
3240 582 3504 639 quantum

1935 659 2006 711 sit
2061 660 2301 722 bonum,
2361 666 2413 711 et
2452 657 2628 725 qualis
2689 659 2809 725 ejus
2871 659 3240 726 pulchritudo,
3299 664 3350 716 in
3393 680 3509 717 mo-

1934 750 2087 803 ribus
2125 758 2177 803 et
2209 748 2318 801 vita
2372 747 2537 801 unius
2597 746 2897 802 Salvatoris
2950 760 3034 803 est
3087 750 3287 813 videre,
3325 761 3510 817 utpote

1933 842 2027 911 qui
2061 842 2212 894 solus
2261 841 2430 909 ipsam
2475 842 2880 894 contrariorum
2928 840 3223 908 puritatem
3266 842 3506 908 perferte

1934 940 2177 989 ostendit
2203 945 2426 994 (ctenim
2463 942 2744 1001 peccatum
2774 949 2884 986 non
2912 927 3078 997 fecit;
3119 948 3217 987 nec
3252 935 3506 1002 princeps

1935 1024 2100 1093 hujus
2132 1026 2320 1079 mundi
2369 1025 2618 1090 veniens,
2661 1033 2715 1078 et
2761 1024 3009 1077 invidens
3048 1024 3236 1078 oeulos
3273 1025 3509 1078 circum-

1934 1116 2121 1171 l'erens
2152 1117 2386 1178 invenit.
2418 1117 2471 1169 in
2508 1132 2619 1185 quo
2650 1116 2887 1168 animam
2914 1114 3060 1168 illam
3100 1131 3355 1169 accusare
3383 1132 3511 1184 pos-

1934 1220 2037 1272 set,
2075 1223 2174 1261 nec
2223 1210 2276 1261 in
2322 1223 2431 1277 quo
2467 1207 2588 1276 ejus
2636 1207 3100 1275 pulchritudinem
3141 1208 3505 1274 reprehende-

1934 1300 2067 1366 ret),
2108 1308 2317 1352 certum
2371 1307 2473 1363 est,
2499 1312 2738 1352 amorem
2770 1312 2895 1366 erga
2943 1297 3242 1362 Christum,
3279 1304 3331 1350 et
3378 1312 3509 1363 erga

1933 1390 2210 1453 virtutem,
2244 1389 2362 1457 ejus
2397 1389 2564 1441 vitam
2611 1387 2934 1442 meditantes
2967 1387 3282 1455 adepturos,
3314 1404 3508 1456 qnam-

1930 1477 2014 1530 vis
2060 1477 2206 1531 aliud
2268 1478 2403 1531 nihil
2458 1478 2681 1540 faciant,
2717 1484 2811 1531 aut
2868 1477 3148 1545 incipiant.
3211 1478 3303 1532 Sic
3359 1481 3505 1533 enim

1930 1568 2149 1622 abunde
2195 1567 2383 1622 licebit
2413 1580 2466 1622 et
2498 1568 2736 1627 virtutis,
2772 1576 2826 1619 et
2861 1565 3164 1622 Salvatoris
3206 1569 3512 1627 pulchritu-

1908 1657 2116 1711 dinem
2152 1658 2477 1728 intelligere.
2509 1669 2561 1712 et
2601 1658 2926 1713 intellectam
2960 1672 3166 1722 amare,
3199 1658 3419 1727 quando
3451 1660 3508 1713 in

1931 1753 2080 1804 omni
2119 1767 2177 1805 re
2230 1751 2590 1819 intelligentia
2642 1753 2760 1805 sive
2812 1752 3056 1820 cognitio
3107 1767 3347 1805 amorem
3383 1768 3508 1821 pro-

1861 1813 1898 1864 “
1931 1860 2123 1899 creare
2155 1844 2441 1899 consuevit
2468 1861 2481 1896 :
2513 1843 2781 1913 siquidem
2821 1852 2875 1896 et
2914 1843 3078 1896 Evam
3117 1841 3324 1897 fruetus
3353 1843 3509 1913 ligni,

1930 1935 2096 2005 idque
2123 1935 2299 1999 vetiti,
2329 1935 2433 1988 hoc
2468 1933 2633 1989 modo
2670 1948 2886 2002 pessum
2926 1933 3095 1987 dedit.
3127 1951 3145 1982 ι
3176 1932 3236 1987 Et
3259 1933 3509 1987 animati-

1933 2028 2096 2082 vertit
2132 2029 2349 2094 mulier,
2378 2028 2579 2096 inquit,
2609 2026 2754 2097 quod
2788 2026 2991 2080 bonum
3023 2037 3170 2081 esset
3202 2028 3405 2097 lignum
3435 2029 3505 2082 ad

1932 2120 2290 2183 vescendum,
2323 2131 2374 2175 et
2429 2121 2713 2190 pulchrum
2766 2119 2963 2180 oculis,
2994 2128 3325 2190 aspectuque
3363 2121 3510 2175 delc-

1930 2210 2128 2264 ctahile
2155 2212 2221 2263 ⁶⁹.
2256 2229 2274 2261 ι

2000 2301 2258 2353 Amorem
2313 2301 2515 2353 Chriin
2569 2310 2623 2355 et
2672 2303 2889 2356 virtutis
2939 2309 3019 2356 ’sic
3053 2304 3300 2371 azleptos,
3341 2303 3503 2355 etiam

1932 2403 2339 2459 persecutiones
2381 2404 2606 2461 propter
2660 2394 2775 2448 haec
2831 2396 3103 2450 sustinere
3148 2398 3419 2458 contra-nil,
3455 2405 3510 2467 et

1931 2497 2056 2536 cum
2119 2497 2205 2536 res
2259 2484 2573 2553 postularit,
2611 2484 2793 2552 fugam
2829 2502 2938 2541 non
2981 2502 3262 2551 recusare,
3296 2496 3349 2540 et
3383 2502 3512 2554 pro-

1933 2577 2255 2631 brosissima
2287 2594 2517 2645 quaeque
2549 2579 2760 2643 audire,
2813 2579 2975 2647 idque
3016 2595 3138 2634 eum
3175 2579 3378 2642 laetitia,
3415 2592 3508 2630 ut-

1929 2678 2056 2736 pote
2115 2668 2372 2721 maximis
2426 2668 2925 2738 pulcherrimisque
2964 2668 3200 2738 praemiis
3258 2668 3311 2721 in
3364 2669 3507 2723 caelo

1934 2758 2208 2827 repositis.
2260 2759 2428 2812 Antor
2457 2759 2602 2812 enim
2653 2760 2982 2834 certantium
3029 2776 3154 2827 erga
3192 2759 3508 2827 prmsidem,

1932 2861 2514 2920 remuneratoremque
2546 2852 2870 2906 certaminis
2897 2853 3061 2906 etiam
3099 2853 3203 2905 hoc
3230 2861 3429 2921 potest,
3452 2861 3507 2906 et

1928 2943 1995 2997 de
2027 2943 2268 3011 praemiis
2299 2942 2538 2995 nondum
2570 2943 2723 3007 visis,
2769 2943 2897 2997 facit
2923 2944 2973 2996 ei
3009 2943 3166 2996 ﬁdem
3203 2944 3426 3001 habere,
3450 2952 3507 2995 vt

1929 3034 2037 3106 jam
2092 3048 2238 3087 nunc
2288 3033 2600 3089 futurorum
2663 3049 2814 3103 spem
2873 3034 3106 3089 solidam
3154 3050 3363 3103 gerere.
3414 3033 3508 3092 Sic

1927 3124 2206 3179 Christum
2240 3138 2456 3193 semper
2477 3125 2801 3192 cogitantes,
2832 3122 3266 3191 meditantesque
3298 3132 3351 3175 et
3377 3134 3504 3173 mo-

1924 3216 2146 3268 deratos
2176 3214 2377 3277 reddit,
2408 3222 2461 3267 et
2508 3212 2763 3265 humana:
2803 3211 3137 3265 inﬁrmitatis
3181 3225 3403 3279 gnaros,
3444 3218 3504 3263 ιιι

1927 3306 2167 3371 lugeant,
2194 3306 2526 3374 eosdemque
2561 3316 2615 3357 et
2663 3304 2844 3365 mites.
2867 3314 2921 3358 et
2959 3303 3164 3372 justos.
3214 3316 3265 3355 et
3306 3303 3505 3356 Imma-

1926 3412 2049 3459 nos,
2082 3405 2137 3451 et
2168 3397 2446 3450 modestos
2484 3396 2635 3455 facit.
2664 3405 2717 3449 et
2756 3396 2908 3465 pacis
2952 3394 3375 3461 concordimquc
3421 3397 3505 3446 in-

1927 3498 2210 3557 terpretes,
2235 3490 2481 3557 adeoque
2503 3487 2748 3549 Christo,
2768 3498 2823 3541 et
2848 3488 3050 3540 virtute
3077 3486 3498 3552 circumseptus.

1925 3590 1982 3633 ut
2010 3595 2109 3648 pro
2133 3580 2200 3634 iis
2230 3594 2337 3634 non
2364 3580 2539 3635 solum
2567 3578 2843 3647 patiantur
2867 3617 2884 3639 ,
2918 3577 3010 3633 sed
3034 3577 3304 3648 gaudeant
3336 3578 3497 3630 etiam

1924 3672 2137 3739 injuriis
2185 3671 2428 3731 multari.
2485 3679 2538 3725 et
2600 3670 2650 3724 in
2696 3670 3173 3741 persecutionibus
3200 3670 3496 3723 exsultent.

1924 3763 2009 3827 Et,
2050 3776 2108 3818 ut
2143 3768 2457 3819 summatim
2490 3764 2692 3829 dicam,
2726 3763 2869 3817 bona
2910 3763 3269 3832 amplissima,
3296 3772 3350 3817 et
3379 3764 3502 3831 qui-

1924 3854 2023 3910 hus
2054 3856 2287 3910 beatitas
2333 3864 2569 3917 constat,
2601 3870 2667 3909 ex
2698 3854 3124 3924 cogitationibus
3160 3854 3276 3909 istis
3321 3853 3498 3922 perci-

1922 3962 2045 4015 perc
2079 3962 2403 4014 possumus;
2439 3957 2493 4000 et
2524 3946 2593 4000 ita
2636 3946 2687 3999 in
2718 3959 2784 4000 eo
2809 3946 2901 4014 qui
2938 3959 3154 4000 summe
3184 3945 3363 3999 bonus
3392 3954 3495 4008 est,

1922 4048 2157 4091 mentem
2183 4038 2484 4101 custodire,
2511 4038 2727 4091 solitam
2758 4035 3224 4104 pulchritudinem
3255 4050 3495 4099 servare,

1921 4129 2158 4182 animam
2191 4127 2473 4181 meliorem
2502 4128 2747 4188 reddere.
2775 4134 3143 4195 acceptusque
3168 4140 3199 4179 a
3225 4126 3498 4196 mysteriis

1920 4236 2053 4290 opes
2084 4219 2248 4283 tueri,
2276 4230 2329 4274 et
2380 4219 2615 4288 regalem
2664 4218 2903 4272 tunicam
2949 4233 3054 4271 nou
3087 4233 3361 4286 rumpere,
3395 4232 3497 4271 nec

1918 4312 2222 4368 sordidare.
2258 4310 2324 4365 Et
2355 4311 2566 4365 idcirco
2603 4309 3063 4379 quemadmodum
3100 4310 3295 4363 mentis
3344 4324 3498 4361 com—

1919 4413 2096 4475 potem
2151 4419 2294 4468 esse,
2346 4411 2401 4457 et
2448 4404 2661 4457 ratione
2696 4402 2796 4468 uti,
2829 4402 3247 4470 human-exuam
3281 4419 3326 4457 ac
3369 4417 3497 4473 pro-

235 4469 546 4566 ἀνθρώπων
580 4476 793 4544 φύσεως
831 4481 962 4534 ῖδιον
985 4520 1002 4547 ,
1031 4482 1176 4536 οὕτω
1207 4485 1277 4539 τὰ
1308 4469 1552 4556 Χριστοῦ
1587 4469 1816 4562 θεωρεῖν

1925 4498 2098 4566 prium
2131 4506 2246 4561 est;
2284 4495 2366 4549 sic
2408 4509 2496 4549 res
2527 4494 2731 4548 Christi
2775 4495 3161 4562 contemplari,
3191 4509 3327 4565 Opus
3371 4512 3493 4550 esse

236 4557 392 4628 ἔργον
419 4562 569 4618 εἶναι
600 4569 702 4637 χρὴ
730 4570 977 4637 νομίζειν
1002 4572 1098 4626 τοῦ
1125 4574 1416 4646 λογισμοῦ,
1450 4580 1685 4647 μάλιστα
1700 4557 1814 4651 ’μὲν

236 4651 316 4705 ὅτι
345 4657 403 4709 τὸ
439 4659 821 4730 παράδειγμα,
860 4664 998 4732 πρὸς
1025 4664 1053 4717 ὃ
1092 4665 1176 4719 δεῖ
1209 4667 1431 4736 βλέπειν
1468 4673 1809 4742 ἀνθρώπους.

236 4743 298 4795 ἄν
326 4750 385 4801 τέ
415 4768 465 4803 τι
492 4752 595 4823 δέῃ
616 4753 876 4822 πράττειν
907 4756 995 4825 ἐφ’
1018 4758 1231 4813 ἑαυτῶν
1261 4762 1483 4826 αὐτοὺς,
1520 4765 1586 4818 ἀν
1612 4782 1672 4819 τε
1699 4769 1812 4830 τοῖς

237 4835 414 4905 ἀλλοις
447 4844 562 4896 τῶν
605 4843 835 4899 δεόντων
870 4848 1147 4917 ἡγεῖσθαι,
1187 4852 1349 4921 μόνος
1388 4855 1537 4908 ἐστὶν
1584 4856 1809 4924 Ἰησοῦς,

236 4926 292 4991 ὃς
335 4932 430 4985 καὶ
462 4934 575 4988 τῶν
612 4935 756 4988 ἰδίων
802 4938 966 4993 ἕνεκα
1003 4943 1098 4995 καὶ
1135 4944 1237 5012 τῆς
1289 4944 1566 5010 πολιτείας
1597 4949 1814 5018 πρῶτος

239 5018 333 5070 καὶ
363 5022 529 5089 μέσος
553 5025 649 5076 καὶ
671 5025 981 5091 τελευταῖος
999 5033 1098 5100 τὴν
1128 5032 1389 5105 ἀληθινὴν
1412 5036 1693 5104 ὑπέδειξεν
1719 5042 1813 5092 ἀν-

241 5107 480 5179 θρώποις
531 5116 901 5188 δικαιοσύνην.
952 5122 1185 5177 Ἔπειτα
1237 5128 1332 5180 καὶ
1381 5127 1553 5199 γέρας
1594 5130 1743 5184 ἐστὶν
1788 5133 1817 5184 ό

241 5201 403 5266 αὐτὸς
441 5205 538 5259 καὶ
581 5208 868 5277 στέφανος,
897 5212 956 5265 ὃν
1007 5213 1089 5267 δεῖ
1125 5215 1309 5270 λαϐεῖν
1350 5220 1816 5291 ἀγωνισαμένους.

242 5292 452 5349 Οὐκοῦν
495 5297 579 5362 είς
621 5302 830 5357 ἐκεῖνον
875 5307 1011 5377 όρᾷν
1054 5308 1260 5363 δεῖκαὶ
1296 5312 1549 5365 τάκείνου
1588 5319 1810 5369 σκοπεῖν

243 5386 511 5456 ἀκριϐῶς,
533 5394 630 5446 καὶ
645 5393 721 5460 ὡς
739 5395 915 5451 ἔνεστι
937 5401 1232 5470 πειρᾶσθαι
1250 5405 1715 5475 καταμανθάνειν,
1743 5408 1810 5460 ἵν’

246 5476 472 5548 εἰδῶμεν
499 5484 575 5546 ὡς
615 5486 698 5540 δεῖ
727 5487 927 5544 πονεῖν.
970 5490 1051 5545 Td:
1082 5493 1194 5565 γὰρ
1230 5490 1367 5548 ἆθλα
1396 5499 1508 5559 τοῖς
1550 5498 1812 5568 ἀθληταῖς

251 5577 438 5640 μετρεῖ
464 5578 588 5641 τοὺς
616 5580 861 5651 ἀγῶνας,
895 5584 991 5638 καὶ
1012 5585 1186 5640 ταῦτα
1214 5586 1658 5655 ἀποσκοποῦντες
1686 5593 1812 5656 τοὺς

318 5750 362 5783 ⁸¹⁹
393 5753 526 5809 Gen.
572 5774 654 5825 nt,
690 5760 746 5817 6.
776 5764 790 5780 '

1923 4589 2272 4660 cegitationis
2303 4586 2728 4641 existimandum
2753 4594 2855 4642 est.
2884 4585 3137 4652 Maxiire,
3158 4591 3282 4657 quia
3310 4604 3466 4643 exem

1921 4682 2061 4751 plsr,
2115 4679 2182 4733 ad
2228 4677 2375 4748 quod
2414 4676 2728 4732 hominibus
2763 4679 3165 4746 respiciendum
3223 4688 3323 4739 est,
3377 4681 3497 4734 sive

1922 4788 2059 4841 opus
2094 4781 2175 4825 est
2207 4785 2367 4839 agere
2391 4769 2595 4838 aliquid
2619 4770 2773 4838 ipsos
2804 4771 2858 4821 in
2888 4770 3107 4836 seipsis,
3131 4769 3243 4822 sive
3276 4772 3399 4825 aliis
3437 4776 3490 4827 in

1919 4864 2095 4919 otlicio
2153 4862 2531 4932 praeeuntium,
2586 4861 2734 4915 solus
2789 4871 2872 4915 est
2920 4860 3105 4924 Jesus,
3138 4861 3230 4929 qui
3281 4872 3335 4915 et
3386 4879 3499 4931 qua

1919 4957 2136 5026 propria
2188 4968 2398 5021 nostra,
2441 4967 2495 5009 et
2529 4969 2634 5024 qua
2673 4955 2725 5007 in
2782 4953 3182 5008 consuetudine
3211 4956 3489 5010 convictu-

1919 5065 2026 5120 que
2057 5048 2258 5119 posita.
2283 5047 2519 5115 primus,
2552 5046 2786 5105 medius.
2819 5046 3067 5106 ultimus,
3096 5060 3278 5100 veram
3316 5047 3495 5102 homi-

1918 5141 2084 5195 nibus
2115 5140 2384 5208 justitiam
2420 5137 2679 5192 ostendit.
2729 5135 2932 5189 Deinde
2961 5147 3015 5189 ct
3061 5138 3342 5205 praemium
3374 5143 3495 5210 ipse

1916 5243 2021 5296 est,
2058 5246 2113 5285 et
2148 5246 2353 5285 corona
2380 5240 2462 5284 est
2492 5228 2831 5289 certantibus
2854 5228 3149 5283 oti-renda.
3180 5230 3369 5300 Itaque
3401 5235 3495 5291 ille

1920 5334 2047 5378 ante
2072 5323 2264 5378 oculos
2298 5322 2604 5390 ponendus,
2634 5332 2687 5372 et
2718 5336 2838 5388 quae
2879 5321 3023 5376 illius
3057 5333 3206 5387 sunt,
3236 5310 3494 5379 ammte

1920 5414 2323 5483 perpendenda,
2355 5422 2410 5466 et
2454 5420 2727 5480 quatenus
2760 5410 2907 5473 licet,
2947 5412 3010 5465 ad
3059 5428 3246 5466 eorum
3288 5415 3490 5467 intelli—

1921 5508 2159 5578 gentiam
2192 5503 2530 5568 enitendum,
2556 5512 2613 5555 ut
2647 5501 2906 5567 sciamus,
2937 5506 3213 5572 quomodo
3240 5506 3493 5559 laboran-

1923 5602 2071 5654 dmn.
2105 5595 2331 5650 Praemia
2356 5594 2501 5647 enim
2530 5594 2751 5648 athletis
2781 5611 2983 5663 agones
3015 5599 3335 5658 metiuntur,
3356 5604 3407 5646 et
3431 5594 3495 5648 in
