4134 6314
637 347 751 411 θῖθ

1917 338 2231 407 NICOLAI
2263 334 2652 396 CABASlLAZ

3809 326 3930 387 630

638 459 710 511 iis
731 456 921 519 deliri,
953 455 1169 510 labores
1204 455 1615 512 ferunttantum
1640 455 1941 511 tolerantiae
1957 452 2213 510 adhiben-

2325 451 2522 512 πόνους
2546 450 2793 520 φέρουσι,
2817 445 3074 501 τοσοῦτον
3098 444 3411 511 εἰσάγοντες
3435 441 3760 512 καρτερίας,
3788 443 3925 496 ὅσον

636 558 743 609 tes,
777 557 1044 615 quantum
1085 546 1176 600 illa
1207 546 1637 616 pulchritudinis
1695 547 1896 601 habere
1946 558 2223 613 cognove-

637 649 783 693 runt.
816 637 1019 692 Praeter
1053 640 1168 693 ba-c
1194 638 1400 701 omnia,
1419 641 1546 708 quis
1564 647 1855 693 nescitcur
1874 652 1972 692 nos
2001 637 2118 706 ipse
2136 650 2224 689 so-

596 720 613 735 ’
635 731 724 783 ius
759 729 1026 797 sanguine
1061 744 1163 783 suo
1192 738 1405 799 emptos
1440 729 1793 798 acquisierit?
1822 730 1950 799 quia
2000 744 2106 782 non
2141 734 2224 781 est

639 821 807 882 alius,
833 821 922 873 cui
952 819 1322 882 serviendum,
1352 831 1407 874 et
1436 828 1659 889 propter
1687 835 1849 889 quem
1876 818 2035 874 nobis
2061 817 2220 888 ipsis,

636 926 745 979 qua
809 911 1135 979 corporibus
1190 924 1298 979 qua
1349 910 1663 974 animabus,
1711 924 1816 979 qua
1873 922 2081 971 amore,
2117 923 2221 975 qna

549 1003 557 1011 '
637 1002 926 1065 memoria,
955 1016 1060 1069 qua
1097 1000 1299 1056 mentis
1343 1001 1561 1056 actione
1609 1001 1686 1055 uti
1734 1001 2054 1057 debeamus.
2091 1000 2221 1055 Ideo

639 1105 696 1149 et
745 1093 944 1147 Paulus
978 1112 991 1147 :
1032 1112 1049 1144 ι
1079 1090 1199 1148 Non
1246 1095 1378 1148 estis
1408 1095 1598 1161 vestri,
1631 1094 1833 1163 inquit,
1864 1093 2028 1163 empti
2071 1092 2218 1148 enim

632 1187 769 1241 estis
800 1186 970 1249 pretio
1001 1199 1199 1254 magno
1224 1185 1291 1239 "°.
1333 1204 1353 1237 ι

711 1276 922 1330 Etenim
979 1286 1197 1344 propter
1245 1275 1526 1333 hominem
1569 1294 1768 1332 novum
1826 1277 2068 1333 hominis
2123 1290 2220 1327 ua-

639 1374 760 1419 tura
817 1364 886 1417 ab
936 1363 1090 1417 initio
1118 1374 1204 1418 est
1251 1367 1493 1422 condita.
1540 1375 1593 1419 ct
1651 1381 1808 1422 mens
1850 1376 1904 1422 et
1943 1365 2220 1436 appetitus

640 1456 785 1509 illius
834 1469 965 1523 ergo
1018 1465 1205 1523 parata
1273 1464 1403 1510 sunt
1453 1472 1468 1511 :
1521 1465 1576 1511 et
1619 1458 2003 1527 cogitationem
2062 1471 2221 1512 acce-

637 1546 860 1613 pimus,
932 1554 990 1598 ut
1045 1546 1320 1601 Clu-istum
1392 1561 1832 1617 cognoscamus,
1920 1549 2218 1618 appetitum

636 1653 736 1692 seu
797 1635 1154 1699 desiderium,
1211 1646 1269 1691 ut
1315 1639 1381 1691 ad
1440 1639 1591 1693 illum
1625 1655 1960 1695 curramus:
2016 1654 2224 1693 memo-

639 1728 776 1782 riam
833 1728 1101 1782 habemus
1153 1739 1213 1782 ut
1277 1729 1428 1783 illum
1487 1739 1790 1799 portemus,
1847 1731 2106 1801 quoniam
2165 1738 2220 1785 et

638 1821 766 1873 dum
801 1818 1213 1885 fabricaremur,
1242 1820 1360 1888 ipse
1392 1821 1551 1874 nobis
1576 1822 1909 1893 archetypon
1936 1831 2074 1877 erat.
2098 1822 2217 1876 Non

636 1913 783 1964 enim
815 1920 968 1964 vetus
1002 1912 1173 1963 Adam
1215 1912 1363 1969 novi.
1411 1914 1505 1967 SPtl
1540 1928 1741 1967 norum
1786 1928 1963 1968 novus
2016 1914 2217 1968 veteris

2323 542 2507 594 ἐκεῖνα
2530 540 2763 604 κάλλους
2785 538 3033 608 ἔγνωσαν
3056 538 3225 607 ἔχειν.
3256 534 3419 606 Παρὰ
3449 534 3630 588 πάντα
3644 535 3702 589 δὲ
3726 533 3923 589 ταῦτα

2320 635 2407 697 τίς
2455 633 2555 685 οὐκ
2587 628 2765 694 οἶδεν,
2798 630 2915 685 ἀνθ’
2944 625 3019 685 ὦν
3050 631 3199 700 ἡμᾶς
3229 627 3394 692 αὐτὸς
3430 629 3704 696 ἐκτήσατο
3745 628 3923 697 μόνης

2320 727 2414 781 τοῦ
2447 726 2679 796 αἵματος
2698 723 3019 793 πριάμενος,
3058 722 3135 785 ὡς
3170 720 3275 775 οὐκ
3314 719 3463 773 ἐστιν
3513 720 3693 784 ἀλλος,
3724 713 3775 785 ᾧ
3803 718 3919 790 χρὴ

2320 818 2596 873 δουλεύειν
2626 816 2721 870 καὶ
2753 814 2886 884 πρὸς
2911 813 2972 868 ὃν
2997 814 3077 867 δεῖ
3101 812 3412 884 χρήσασθαι
3440 814 3575 882 ἡμῖν
3601 813 3789 875 αὐτοῖς
3818 815 3916 867 καὶ

2325 911 2546 978 σώμασι
2570 910 2666 962 καὶ
2692 908 2890 979 ψυχαῖς
2910 908 3003 960 καὶ
3030 905 3195 977 ἔρωτι
3220 906 3315 959 καὶ
3336 905 3441 975 μνή
3452 920 3529 975 μη
3550 904 3643 958 καὶ
3663 907 3729 974 τῇ
3758 907 3912 957 acati

2320 1002 2450 1056 νοῦν
2495 1000 2767 1071 ἐνεργείᾳ.
2814 998 2913 1053 Διά
2946 997 3105 1051 τοῦτο
3133 997 3227 1052 καὶ
3266 996 3502 1061 Παῦλος,
3557 1015 3577 1047 ‹
3614 996 3727 1050 Οὐκ
3776 997 3910 1049 ἐστὶ

2322 1093 2510 1163 φηιὶν,
2544 1092 2775 1147 ἑαυτῶνο
2814 1092 2981 1162 τιμῆς
3011 1090 3120 1162 γὰρ
3150 1089 3521 1159 ἠγοράσθητε.
3559 1107 3579 1141 ι

2388 1246 2498 1301 Καὶ
2527 1244 2636 1316 γὰρ
2663 1244 2750 1297 διὰ
2773 1244 2864 1297 τὸν
2889 1244 3076 1298 καινὸν
3100 1242 3386 1314 ἄνθρωπον
3418 1243 3711 1315 ἀνθρώπου
3736 1243 3907 1312 φύσις

2322 1338 2557 1407 συνέστη
2599 1338 2653 1389 τὸ
2682 1335 2743 1401 ἐξ
2789 1337 2997 1408 ἀρχῆς,
3031 1337 3127 1389 καὶ
3168 1335 3292 1400 νοῦς
3327 1336 3425 1390 καὶ
3468 1336 3736 1404 ἐπιθυμία
3763 1339 3907 1409 πρλις

2320 1431 2533 1484 ἐκεῖνον
2564 1428 2984 1499 κατεσκευάσθη
3009 1467 3025 1494 ,
3058 1426 3154 1480 καὶ
3184 1427 3448 1496 λογισμὸν
3477 1428 3745 1497 ἐλάϐομεν
3766 1468 3785 1493 ,
3815 1430 3903 1482 ῑνα

2318 1522 2411 1576 τὸν
2444 1520 2683 1591 Χριστὸν
2710 1519 3095 1590 γινώσκωμεν,
3129 1518 3448 1591 ἐπιθυμίαν,
3470 1520 3558 1573 ἶνα
3587 1520 3727 1590 πρὸς
3755 1521 3901 1574 ἐκεῖ-

2325 1630 2415 1665 νον
2454 1612 2744 1682 τρέχωμεν
2765 1650 2780 1673 ,
2818 1610 3040 1680 μνήμην
3073 1608 3340 1680 ἔσχομεν,
3373 1608 3439 1662 ἶν’
3474 1609 3684 1662 ἐκεῖνον
3717 1611 3899 1679 φέρωο

2327 1724 2448 1770 μεν,
2477 1706 2600 1760 ἐπεὶ
2625 1707 2720 1759 καὶ
2740 1703 3267 1775 δημιουργουμὲνοις
3287 1704 3449 1767 αὐτὸς
3476 1704 3782 1774 ἀρχέτυπον
3810 1701 3896 1773 ἦν.

2324 1800 2399 1853 Οὐ
2436 1799 2540 1870 γὰρ
2570 1801 2598 1852 6
2628 1799 2855 1862 παλαιὸς
2880 1796 2974 1852 τοῦ
3001 1795 3213 1860 καινοῦ,
3243 1795 3360 1850 ἀλλ’
3388 1800 3416 1850 6
3447 1799 3569 1860 νέος
3611 1797 3783 1867 ’Δδάμ
3801 1797 3895 1850 τοῦ

2324 1891 2562 1945 παλαιοῦ
2588 1891 2963 1961 παράδειγμα.
2990 1890 3049 1943 El
3076 1890 3184 1960 γὰρ
3208 1891 3303 1943 καὶ
3328 1889 3452 1943 καθ’
3480 1890 3779 1959 ὁμοιότητα
3803 1890 3893 1943 τοῦ

634 2002 944 2071 exemplum
976 2015 1102 2056 esse
1134 2001 1342 2056 debuit.
1383 2002 1491 2057 Etsi
1524 2005 1669 2059 enim
1695 2003 1898 2058 dicitur
1922 2004 1990 2059 ad
2024 2005 2213 2060 simili-

2324 1983 2555 2037 παλαιοῦ
2592 1984 2683 2035 τὸν
2717 1983 2838 2036 νέον
2866 1983 3081 2052 λέγεται
3113 1981 3471 2051 γεγενῆσθαι,
3514 1982 3653 2035 ἀλλά
3682 1982 3772 2037 διὰ
3799 1983 3896 2051 τὴν

635 2094 880 2149 tudinem
926 2095 1124 2149 veteris
1153 2111 1276 2151 esse
1305 2098 1586 2165 genitum;
1625 2098 1718 2154 sed
1755 2109 1974 2168 propter
2021 2113 2216 2153 corru-

636 2185 901 2254 ptiouem,
939 2200 1100 2254 quam
1139 2184 1228 2241 ille
1262 2187 1452 2256 cmpit,
1501 2188 1587 2242 hic
1621 2188 1984 2252 luereditavit,
2023 2198 2081 2243 ut
2116 2205 2214 2244 na-

637 2286 774 2330 turre
806 2276 1237 2331 imbecillitatem
1289 2279 1559 2335 medicina
1606 2295 1637 2335 a
1685 2288 1859 2336 semet
1891 2280 2209 2350 deprompta

634 2367 929 2434 tollat;et,
973 2382 1029 2422 ut
1067 2368 1269 2425 Paulus
1309 2369 1403 2436 ait,
1445 2389 1464 2422 ι
1501 2372 1860 2426 absorbeatur
1881 2374 2027 2441 quod
2061 2387 2211 2427 mor-

598 2444 605 2447 ⁷
634 2458 745 2512 tale
785 2467 872 2513 est
900 2473 931 2512 a
966 2460 1074 2513 vita
1098 2461 1141 2492 ‘“
1183 2478 1199 2515 :
1242 2479 1260 2511 ι
1295 2468 1353 2514 ιιι
1380 2470 1598 2530 promer
1634 2472 1884 2517 naturam
1919 2462 2090 2532 ipsam
2123 2477 2215 2516 ar-

624 2552 928 2623 chetypum
983 2561 1140 2606 vetus
1171 2552 1342 2605 Atiam
1378 2553 1472 2614 sit,
1518 2553 1757 2623 priorem
1797 2553 1949 2608 illum
1996 2554 2215 2630 scienti-

635 2642 737 2695 bus
780 2658 793 2694 :
845 2643 932 2695 cui
979 2652 1161 2696 autem
1210 2643 1418 2703 omnia,
1451 2655 1745 2713 antequam
1793 2644 1946 2710 liant,
1986 2645 2040 2699 in
2077 2660 2210 2700 can-

635 2743 823 2799 spectu
861 2741 1010 2794 sunt,
1050 2733 1330 2801 antiquior
1362 2734 1454 2787 ille
1489 2736 1715 2789 secundi
1763 2737 2072 2806 exemplum
2116 2738 2207 2791 sit.

636 2818 702 2871 Et
745 2819 904 2887 juxta
956 2822 1344 2889 preprietatem
1380 2829 1436 2877 et
1486 2822 1777 2892 imaginem
1808 2825 2029 2894 quidem
2065 2826 2209 2881 illius

579 2905 584 2909 ’
638 2912 799 2964 lictus
835 2919 954 2974 est;
987 2910 1082 2964 sed
1112 2927 1219 2965 non
1251 2914 1474 2976 mansit,
1511 2915 1597 2968 vel
1636 2916 1821 2983 potius
1844 2916 1912 2970 ad
1945 2916 2095 2971 illum
2129 2928 2208 2972 te-

636 3003 833 3063 tendit,
884 3002 978 3055 sed
1031 3016 1138 3055 non
1183 3002 1566 3072 apprehendit.
1619 3003 1770 3059 Unde
1817 3013 1871 3059 et
1916 3005 2087 3075 legem
2121 3006 2209 3061 ille

636 3091 901 3161 suscepit,
931 3092 1018 3146 hic
1048 3093 1304 3147 servavit.
1358 3094 1423 3149 Et
1455 3093 1819 3150 obedientiam
1859 3098 2079 3166 quidem
2112 3111 2208 3150 ve-

636 3193 728 3237 tus
761 3183 985 3251 abiecit,
1020 3198 1193 3239 novus
1228 3185 1493 3249 restituit,
1563 3203 1584 3237 ι
1621 3201 1794 3256 usque
1836 3188 1902 3242 ad
1953 3197 2206 3251 mortem,

636 3284 869 3329 mortem
901 3286 1084 3331 autem
1137 3278 1412 3343 crucis",
1451 3295 1470 3330 ι
1518 3287 1578 3332 ut
1625 3279 1826 3336 Paulus
1871 3281 1969 3335 ait.
2006 3279 2073 3334 Et
2118 3284 2207 3355 ille

2323 2076 2532 2145 φθορὰν
2581 2072 2650 2149 ἦς
2679 2074 2963 2145 ἀπήρξατο
2993 2074 3091 2142 μὲν
3130 2074 3357 2138 ἐκεῖνος,
3399 2073 3809 2146 ἐκληρονόμησε
3836 2075 3897 2171 6’3.

2321 2161 2617 2230 οῦτος,ὼς
2648 2164 2714 2218 ἀν
2753 2165 2854 2236 τὴν
2892 2164 2993 2234 τῆς
3032 2164 3248 2232 φύσεως
3276 2164 3591 2237 ἀρρωστίαν
3620 2166 3736 2228 τοῖς
3766 2184 3875 2236 παρ

2320 2259 2498 2328 ἐαυτῷ
2520 2258 2836 2329 φαρμάκοις
2864 2257 3049 2328 ἀνέλῃ,
3084 2257 3181 2310 καὶ
3263 2274 3399 2327 φησι
3424 2257 3659 2323 Παῦλος,
3692 2276 3710 2309 ι
3733 2275 3897 2311 κατα-

2320 2350 2460 2422 ποθῇ
2512 2351 2572 2404 τὸ
2607 2350 2802 2421 θνητὸν
2854 2349 2960 2403 ὑπὸ
2989 2350 3089 2420 τῆς
3119 2348 3297 2414 ζωῆς·
3332 2368 3351 2401 ι
3403 2349 3480 2412 ὡς
3515 2349 3680 2403 ἕνεκά
3708 2368 3770 2418 γε
3796 2351 3896 2418 τῆς

2323 2446 2542 2517 φύσεως
2570 2447 2742 2515 αὐτῆς
2774 2446 3083 2518 ἀρχέτυπον
3118 2447 3149 2499 6
3182 2445 3415 2510 παλαιὸς
3454 2446 3628 2516 Ἀδὰμ
3654 2448 3788 2517 ἡμῖν
3828 2446 3895 2499 ἂν

2317 2542 2407 2610 εἴη
2437 2543 2552 2602 τοῖς
2584 2539 2853 2610 πρότερον
2886 2540 3096 2592 ἐκεῖνον
3122 2538 3528 2604 ἐπισταμένοις.
3559 2533 3604 2608 ᾧ
3635 2541 3694 2594 δὲ
3721 2541 3894 2594 πά.τα

2320 2632 2453 2705 πρὶν
2487 2630 2628 2686 εἶναι
2666 2631 2772 2703 πρὸ
2802 2632 2911 2685 τῶν
2952 2631 3271 2701 ὀφθαλμῶν,
3323 2633 3354 2686 6
3384 2632 3755 2703 πρεσϐύτερος
3797 2632 3895 2686 τοῦ

2316 2726 2571 2796 δευτέρου
2608 2726 2871 2797 μίμημα,
2907 2726 2998 2778 καὶ
3049 2726 3189 2779 κατὰ
3220 2726 3322 2795 τὴν
3370 2727 3517 2781 ίδέαν
3556 2727 3768 2780 ἐκείνου
3798 2727 3895 2779 καὶ

2317 2819 2418 2888 τὴν
2445 2818 2633 2895 είκόνα
2661 2819 2970 2872 πέπλασται
3001 2817 3120 2887 μὲν,
3153 2818 3255 2871 οὐκ
3284 2817 3466 2887 ἔμεινε
3495 2819 3574 2885 δὲ,
3610 2819 3811 2888 μᾶλλον
3835 2819 3895 2872 δὲ
3932 2884 3938 2888 ἢ

2317 2908 2550 2979 ὡρμήθη
2609 2909 2710 2978 μὲν
2754 2909 2891 2978 πρὸς
2921 2908 3156 2980 ἐκείνην,
3191 2910 3252 2962 οὐ
3288 2910 3580 2981 κατείληφε
3615 2910 3695 2964 δέ.
3729 2911 3895 2963 Ὅθεν

2317 3000 2412 3053 καὶ
2441 3004 2530 3054 τδν
2564 3000 2730 3070 νόμον
2759 3001 2978 3068 ἐδέξατο
3018 3001 3117 3071 μὲν
3147 3003 3351 3062 ἐκεῖνος
3373 3041 3387 3061 ,
3418 3000 3588 3052 ἔσωσε
3613 3000 3674 3052 δὲ
3703 2994 3885 3063 οὗτος.

2316 3091 2412 3145 καὶ
2445 3090 2543 3161 τὴν
2570 3090 2819 3163 ὑπακοὴν
2850 3092 3113 3165 ἀπῃτήθη
3145 3092 3236 3164 μὲν
3273 3094 3301 3144 6
3342 3090 3588 3155 παλαιὸς,
3625 3090 3878 3144 ἀπέδωκε

2315 3184 2371 3238 δὲ
2425 3185 2453 3238 6
2482 3183 2601 3248 νέος
2640 3202 2659 3236 ι
2701 3185 2867 3254 μέχρι
2911 3185 3170 3249 θανάτου,
3222 3183 3445 3237 θανάτου
3470 3182 3525 3236 δδ
3562 3182 3821 3251 σταυροῦ,
3856 3201 3879 3235 ι

2315 3277 2457 3346 φησὶ
2489 3276 2702 3339 Παῦλος
2725 3290 2739 3305 ’
2775 3276 2870 3330 καὶ
2909 3278 2938 3329 6
2977 3277 3076 3346 μὲν
3111 3275 3442 3346 παρανομῶν
3488 3275 3645 3349 δῆλος
3676 3271 3769 3347 ἦν,
3812 3269 3896 3328 ὧν

633 3366 850 3434 quidem
888 3367 1058 3431 legem
1098 3368 1329 3435 violans,
1364 3370 1513 3425 visus
1547 3382 1631 3425 est
1664 3372 2011 3442 imperfectus
2043 3373 2095 3427 in
2121 3374 2206 3431 his

2318 3368 2428 3423 δέον
2459 3369 2747 3439 ἄνθρωπον
2782 3369 2954 3439 ἔχειν,
2990 3368 3196 3432 ἀτελῶς
3228 3368 3365 3442 ἔχων
3402 3370 3487 3439 (οὐ
3547 3370 3658 3438 γὰρ
3690 3364 3894 3441 παρῄει

631 3475 752 3526 qmu
784 3459 985 3513 habere
1016 3459 1291 3514 hominem
1337 3470 1577 3528 oportet.
1636 3459 1754 3515 Non
1792 3462 1937 3516 enim
1971 3473 2091 3518 erat
2120 3479 2212 3518 su-

634 3566 730 3619 pra
765 3561 1018 3605 naturam
1053 3554 1163 3614 lex,
1197 3554 1356 3621 cujus
1406 3563 1869 3620 trausgressorem
1902 3555 2098 3622 punire
2127 3553 2212 3610 fas

632 3647 779 3703 erat;
832 3640 921 3695 hic
978 3650 1161 3695 autem
1209 3641 1486 3710 perfectus
1530 3652 1653 3696 erat
1711 3644 1767 3697 in
1824 3644 2106 3709 omnibus,
2134 3655 2210 3711 et,

640 3746 659 3779 ‹
695 3726 873 3785 Patris
929 3732 1033 3785 mei
1089 3733 1343 3786 mandata
1374 3735 1588 3787 servari
1628 3735 1695 3799 ⁷³,
1728 3753 1748 3787 ι
1778 3736 1977 3805 inquit.
2010 3738 2075 3792 Et
2126 3739 2216 3794 ille

635 3820 854 3888 quidem
899 3821 1064 3874 vitam
1104 3822 1475 3890 imperfectam
1521 3825 1725 3890 intulit,
1760 3828 1907 3882 mille
1932 3829 2217 3896 adjnmen-

635 3920 816 3963 torum
875 3911 1156 3979 indigam;
1221 3912 1309 3966 hic
1362 3913 1801 3983 perfectissimae,
1864 3919 2212 3985 immortalis,

635 4003 883 4072 inquam,
910 4018 1111 4073 parens
1159 4005 1475 4062 hominibus
1523 4005 1700 4063 factus
1730 4018 1832 4065 est.
1886 4009 1951 4064 Et
1995 4012 2058 4066 ad
2108 4011 2212 4065 im-

635 4095 1026 4146 mortalitatem
1069 4106 1257 4147 uatura
1327 4113 1461 4152 sane
1507 4099 1575 4152 ab
1612 4100 1767 4155 initio
1816 4102 2216 4171 impellebatur,

636 4199 798 4252 qu:un
838 4188 1016 4241 serius
1058 4189 1256 4258 attigit,
1312 4189 1367 4244 in
1417 4207 1647 4260 corpore
1708 4195 2029 4261 Salvatoris,
2071 4201 2217 4266 quod

636 4275 751 4343 ipse
786 4276 838 4329 in
874 4281 1037 4332 vitam
1082 4296 1356 4348 utinquam
1403 4284 1702 4337 desiturum
1759 4303 1881 4339 cum
1916 4303 1944 4340 a
1992 4290 2219 4342 mortuis

634 4368 948 4428 excitasset,
973 4370 1080 4419 dux
1108 4370 1540 4424 innnortnlitatis
1578 4378 1760 4441 generi
1795 4387 1986 4430 nostro
2015 4381 2208 4433 Evasit.

636 4457 858 4524 Atque,
908 4467 962 4508 ut
1017 4468 1187 4510 totum
1242 4461 1502 4529 eloquar,
1552 4481 1735 4519 verum
1793 4467 2109 4531 hominem,
2157 4483 2211 4524 et

638 4550 962 4617 perlectum,
1009 4559 1061 4600 et
1104 4566 1336 4616 morum,
1395 4567 1444 4606 et
1478 4558 1623 4616 vitae,
1657 4569 1708 4611 et
1762 4560 1994 4614 aliorum
2035 4570 2206 4633 gratia

637 4642 909 4702 oniuium,
952 4642 1162 4707 primus
1194 4650 1246 4693 et
1276 4644 1427 4696 solus
1453 4646 1698 4700 Salvator
1729 4655 1984 4707 ostendit.

711 4730 985 4801 Siquidem
1020 4732 1111 4785 hic
1148 4748 1273 4785 \‘t're
1322 4746 1403 4788 est
1451 4737 1690 4793 hominis
1725 4742 1866 4804 linis,
1892 4758 1941 4798 et
1992 4747 2211 4802 intuens

638 4835 938 4878 extremum
993 4824 1192 4894 (vitam
1244 4835 1370 4893 puta
1422 4827 1829 4905 incorruptam)
1886 4833 2038 4891 lintit
2086 4856 2208 4895 eum

641 4915 803 4970 Deus.
836 4916 1116 4984 Siquidem
1151 4927 1204 4970 et
1247 4934 1446 4986 corpus
1490 4937 1520 4973 a
1550 4936 1920 4993 corrupLone,
1969 4941 2020 4982 et
2055 4947 2212 4987 triens

635 5008 705 5061 ab
739 5006 883 5060 omni
924 5019 1144 5077 peccato
1177 5011 1345 5065 libera
1394 5012 1512 5065 fuit.
1566 5011 1620 5066 in
1668 5015 1769 5068 hoc
1809 5018 1952 5070 enim
1983 5022 2209 5088 perlecti

636 5098 777 5152 ratio
833 5102 1108 5166 consistit,
1170 5118 1294 5157 cum
1356 5103 1555 5160 artifex
1604 5106 1720 5175 ipse
1772 5124 1890 5177 quae
1938 5117 2211 5179 putaverit

636 5197 911 5254 oportere,
955 5193 1137 5243 ornnia
1184 5194 1535 5259 praestiterit;
1590 5196 1809 5265 quando
1839 5207 1891 5250 et
1927 5200 2206 5256 simulacri

638 5276 906 5345 elegantia
942 5291 1181 5333 extrema
1212 5283 1440 5338 artiﬁcis
1486 5302 1651 5340 manu
1684 5287 1983 5343 inducitur.
2011 5293 2067 5345 Si
2105 5293 2207 5360 igi-

637 5376 728 5420 tur
759 5368 849 5420 ille
879 5369 1109 5422 multum
1151 5386 1178 5422 a
1218 5375 1547 5439 perfectione
1573 5376 1768 5441 abluit,
1802 5379 1889 5430 hic
1932 5380 2204 5448 perfectus

633 5470 755 5514 erat
796 5461 848 5513 in
887 5461 1159 5524 omnibus,
1188 5474 1241 5517 et
1281 5465 1346 5519 de
1384 5483 1482 5520 sua
1518 5470 1850 5536 perfectione
1891 5471 2205 5529 hominibus

636 5552 920 5621 impertiit,
952 5560 1004 5606 et
1030 5569 1198 5622 genus
1223 5564 1394 5610 totum
1427 5559 1724 5616 humanum
1765 5563 1834 5617 ad
1875 5578 1934 5619 se
1975 5567 2204 5633 aptavit,

2315 3461 2417 3531 τὴν
2438 3461 2598 3530 φύσιν
2621 3463 2650 3514 6
2673 3460 2857 3531 νόμος,
2877 3461 2936 3515 ὃν
2959 3461 3274 3531 ὑπερϐάντα
3290 3462 3759 3525 κολάζεινδίκαιον
3779 3460 3895 3532 ἢν),

2317 3553 2346 3606 6
2389 3553 2445 3606 δὲ
2476 3553 2680 3617 τέλειος
2711 3555 2769 3607 ὲν
2801 3553 3007 3608 ἅπασιν
3035 3549 3121 3625 ἦν.
3149 3555 3267 3618 καὶ,
3316 3573 3335 3606 ι
3386 3556 3701 3627 Τετήρηκα,
3738 3554 3893 3625 φησὶ,

2319 3642 2419 3706 τὰς
2446 3641 2665 3705 ἐντολὰς
2693 3641 2788 3697 τοῦ
2817 3645 3030 3716 Πατρός
3056 3663 3180 3714 μου.
3222 3663 3241 3696 ι
3276 3646 3390 3699 Καὶ
3420 3648 3450 3699 6
3484 3648 3585 3715 μὲν
3607 3636 3706 3716 τῆν
3727 3645 3891 3714 ἀτελῆ

2323 3731 2471 3801 ζωὴν
2503 3733 2849 3801 εἰσήνεγκεν,
2897 3735 2931 3806 ἢ
2979 3734 3191 3806 μυρίων
3224 3734 3398 3788 δεῖται
3434 3736 3801 3807 βοηθημάτων
3824 3752 3840 3766 ο
3865 3738 3893 3789 6

2320 3821 2376 3874 δὲ
2398 3823 2497 3893 τῆς
2519 3822 2814 3890 ἀθανάτου,
2847 3825 3030 3895 πατὴρ
3059 3826 3275 3892 ἐγένετο
3300 3828 3415 3889 τοῖς
3443 3827 3774 3897 ἀνθρώποις,
3803 3828 3891 3880 καὶ

2323 3913 2681 3986 ἀθανασίανὴ
2722 3916 2884 3986 φύσις
2922 3917 3185 3987 ἠπείγετο
3221 3918 3321 3987 μὲν
3358 3917 3418 3983 ἐξ
3444 3919 3641 3989 ἀρχῆς,
3669 3920 3890 3988 ἀφίκετο

2319 4006 2378 4060 δὲ
2412 4007 2636 4077 ὕστερον
2670 4006 2761 4059 ἐπὶ
2798 4007 2891 4061 τοῦ
2942 4008 3193 4078 Σωτῆρος
3240 4008 3511 4077 σώματος,
3558 4012 3697 4081 ὅπερ
3733 4012 3887 4075 αὐτὸς

2320 4098 2400 4158 εἰς
2445 4096 2542 4164 τὴν
2582 4097 2849 4149 ἀθάνατον
2879 4097 3026 4167 ζωὴν
3061 4096 3170 4150 ἀπὸ
3208 4099 3317 4149 τῶν
3340 4100 3551 4168 νεκρῶν
3579 4101 3888 4171 ἀναστήσας

2321 4187 2544 4257 ἡγεμὼν
2571 4187 2783 4259 ὑπῆρξε
2807 4187 2908 4256 τῆς·
2938 4188 3235 4254 ἀθανασίας
3265 4191 3344 4260 τῷ
3377 4191 3556 4258 γένει’
3589 4194 3685 4245 καὶ
3710 4194 3795 4246 ἵνα
3825 4195 3885 4247 τὸ

2321 4276 2434 4326 πᾶν
2474 4274 2634 4339 εἴπω,
2674 4277 2762 4328 τὸν
2800 4277 3053 4344 ἀληθινὸν
3093 4279 3380 4347 ἄνθρωπον
3418 4281 3512 4333 καὶ
3547 4281 3753 4334 τέλειον
3792 4283 3885 4335 καὶ

2320 4367 2538 4430 τρὸπων
2558 4368 2651 4419 καὶ
2681 4367 2825 4435 ζωῆς
2857 4372 2950 4422 καὶ
2974 4370 3284 4425 τῶνεᾶλλων
3302 4373 3466 4426 ἕνεκα.
3492 4375 3709 4428 πάντων
3738 4375 3884 4446 πρῶ-

2320 4473 2408 4519 τος
2442 4461 2535 4510 καὶ
2565 4459 2725 4527 μόνος
2757 4460 2953 4526 ἔδειξεν
2981 4465 3009 4515 6
3047 4462 3260 4534 Σωτήρ.

2387 4747 2453 4799 Εἰ
2473 4766 2533 4815 γε
2563 4749 2720 4803 τοῦτό
2748 4754 2894 4804 ἐστιν
2924 4754 2996 4815 ὡς
3025 4753 3240 4825 ἀληθῶς
3269 4756 3391 4824 ὄρος
3418 4756 3726 4828 ἀνθρώπου.
3757 4760 3881 4831 πρδς

2313 4838 2341 4889 ὂ
2371 4840 2585 4907 βλέπων
2621 4843 2844 4909 ἔσχατον
2877 4845 3140 4899 ἔπλαττεν
3180 4850 3340 4901 αὑτὸν
3378 4851 3405 4900 6
3449 4851 3616 4913 θεὸς,
3655 4852 3795 4918 λέγω
3821 4854 3882 4922 δὴ

2314 4931 2408 4982 τὸν
2439 4931 2552 4999 βίον
2581 4935 2671 4984 τὸν
2711 4935 3006 5004 ἀκήρατον,
3038 4942 3259 4994 ἐπειδὰν
3293 4942 3496 5012 φθορᾶς
3525 4941 3682 5019 μὲνῇ
3720 4946 3884 4998 καθα-

2317 5026 2409 5089 ρὸν
2454 5026 2602 5093 αὐτῷ
2658 5026 2718 5078 τὸ
2773 5028 2962 5097 σῶμα,
3018 5032 3210 5103 γνώμη
3272 5034 3328 5086 δὲ
3379 5038 3558 5105 πάσης
3612 5039 3881 5107 ἁμαρτίας

2308 5106 2704 5184 ἀντηλλαγμένη
2726 5131 2740 5145 ·
2782 5118 3017 5173 ἐνταῦθα
3053 5125 3160 5190 γὰρ
3204 5125 3411 5178 τέλειον
3452 5126 3518 5180 ἂν
3554 5106 3733 5197 εἴηντδ
3766 5129 3882 5181 κατ’

2311 5203 2497 5268 αὑτὸν,
2529 5204 2658 5257 ὅταν
2687 5209 2714 5259 6
2740 5207 3073 5279 δημιουργὸς
3103 5215 3265 5267 αὐτὸν
3289 5215 3325 5268 ἃ
3354 5217 3464 5269 δεῖν
3494 5217 3671 5288 ᾠήθη,
3708 5222 3882 5275 πάντα

2310 5294 2633 5363 ἐργάσηται,
2664 5301 2786 5352 ἐπεὶ
2809 5303 2904 5355 καὶ
2944 5304 3262 5374 ἀγάλματος
3295 5308 3726 5365 ἀποκαθίσταται
3758 5312 3884 5365 κάλ-

2309 5385 2394 5449 λος
2425 5388 2488 5457 τῇ
2520 5389 2799 5461 τελευταίᾳ
2831 5393 2922 5445 τοῦ
2948 5396 3189 5464 τεχνίτου
3223 5402 3365 5468 χειρὶ
3389 5415 3405 5429 θ
3439 5401 3487 5451 εί
3518 5405 3699 5455 τοίνυν
3726 5404 3754 5455 6
3785 5404 3883 5470 μὲν

2313 5477 2508 5531 πολλοῦ
2541 5497 2688 5544 τινος
2721 5483 2938 5549 ἐδέησεν
2968 5482 3107 5540 εἶναι
3138 5489 3359 5553 τέλειος,
3389 5491 3416 5543 6
3445 5490 3492 5543 δ’
3522 5487 3588 5561 ἧν
3621 5494 3680 5545 ὲν
3712 5495 3881 5546 ama:

2314 5570 2410 5622 καὶ
2457 5571 2553 5640 τῆς
2580 5573 2915 5645 τελειότητος
2946 5579 3060 5642 τοῖς
3099 5580 3408 5649 ἀνθρώποις
3448 5584 3746 5651 μετέδωκε,
3789 5588 3883 5639 καὶ

708 5734 758 5766 ⁷³
792 5737 807 5791 ι
850 5735 976 5792 Cor.
1010 5755 1086 5808 rt,
1120 5739 1212 5795 20.
1291 5744 1332 5775 ⁷¹
1366 5741 1407 5799 ll
1444 5746 1572 5803 Cor.
1602 5764 1653 5817 ν,
1687 5752 1736 5806 4.
1815 5755 1863 5786 ’³
1909 5753 2140 5826 Philipp.
2177 5770 2213 5809 ιι

2318 5793 2331 5808 .
2409 5757 2454 5790 ⁷³
2483 5756 2643 5813 Joan.
2678 5775 2765 5827 xv,
2798 5762 2882 5814 10.
