4196 6308
371 329 471 402 68!

1438 329 1538 392 DE
1573 303 1750 389 vm
1786 323 1868 388 IN
1907 324 2240 389 cunrsro
2276 327 2424 390 LIB.
2466 326 2573 391 τι.

3541 326 3647 391 582

368 451 430 505 τδ
461 445 618 516 γένος
651 443 800 498 ἅπαν
824 443 904 508 είς
929 441 1120 497 ἑαυτὸν
1148 441 1382 515 ἥρμοσε.
1412 441 1530 506 πῶς
1553 441 1615 498 οὗ
1639 441 1708 496 τὰ
1735 441 1962 512 δεύτερα

2079 441 2346 512 quomodo
2379 439 2684 512 posteriora
2709 439 2957 511 priorum
2987 453 3095 496 non
3123 442 3391 514 exempla,
3413 455 3467 499 et
3497 444 3644 502 hune

368 543 479 597 τῶν
502 537 791 610 προτέρων
814 535 1260 606 παραδείγματα,
1292 535 1503 590 καὶτὸν
1531 534 1632 605 μὲν
1655 534 1966 605 ἀρχέτυπον

374 633 516 690 εἶναι
555 631 667 704 χρὴ
709 627 979 700 νομίζειν,
1020 628 1111 682 τὸν
1157 628 1217 682 δὲ
1258 629 1472 683 ἐκεῖθεν
1507 627 1805 698 είλῆφθαις
1843 625 1967 679 Τῶν

378 727 490 796 γὰρ
515 722 904 784 ἀτοπωτάτων,
929 719 1069 792 πρὸς
1100 720 1169 774 τά
1198 721 1368 790 ἀτελῆ
1395 721 1467 775 τά
1498 717 1806 774 τελεώτατα
1832 715 1967 771 πάνσ-

381 837 490 875 των
533 813 848 884 ἐπείγεσθαι
890 813 1157 881 νομίζειν,
1213 816 1312 869 καὶ
1348 816 1462 878 τοῖς
1510 812 1746 884 βελτίοσι
1791 829 1968 880 παρα-

381 915 650 981 δείγματα
699 907 1024 978 προκεῖσθαι
1073 907 1141 960 τὰ
1186 908 1393 976 χείρω,
1428 907 1520 960 καὶ
1559 905 1686 968 τοὺς
1730 903 1966 973 τυφλοὺς

385 1003 634 1074 ἡγεῖσθαι
691 1000 807 1061 τοῖς
855 997 1168 1068 βλέπουσιν.
1198 995 1276 1052 Οὐ
1328 999 1438 1066 γὰρ
1499 997 1582 1050 ὅτι
1632 995 1726 1049 τὸν
1777 995 1968 1064 χρόνον

383 1095 628 1165 πρότερα
665 1093 869 1156 ἐκεῖνα,
927 1090 1139 1144 δίκαιον
1204 1089 1274 1142 ἂν
1330 1089 1422 1158 εἴη
1481 1085 1816 1156 θαυμάζειν,
1852 1084 1968 1140 ἀλλ’

379 1188 461 1240 ὅτι
491 1184 677 1238 τέλεια
721 1183 896 1238 ταῦτα
927 1183 1035 1236 τῶν
1073 1180 1278 1236 ἀτελῶν
1318 1181 1494 1252 ἀρχὰς
1539 1177 1680 1234 εἶναι
1721 1179 1968 1250 προσῆκε

381 1277 698 1332 «πισττεύειν
720 1277 900 1329 ἐκεῖνο
927 1275 1364 1344 ἐνθυμουμένους
1385 1314 1400 1338 ,
1441 1274 1524 1328 ὅτι
1554 1272 1651 1326 καὶ
1698 1271 1837 1343 πρὸς
1871 1271 1970 1342 τὴν

379 1371 674 1440 ἀνθρώπου
706 1368 898 1439 χρείαν
925 1366 1096 1421 πολλὰ
1124 1366 1566 1422 κατεσκεύασται
1595 1363 1694 1436 μὲν
1729 1365 1968 1435 πρότερα

379 1464 460 1527 δὲ,
495 1463 590 1516 καὶ
617 1464 646 1516 ὁ
685 1461 908 1515 πάντων
940 1459 1146 1512 τούτων
1191 1457 1376 1513 κανὼν
1413 1458 1698 1529 ἄνθρωπος
1740 1456 1970 1518 ὕστατος

378 1553 639 1609 ἁπάντων
682 1550 784 1620 τῆς
823 1551 928 1620 γῆς
975 1550 1319 1621 ἐξελήλυθεν.
1368 1546 1514 1604 Εἶεν.
1559 1549 1731 1617 ’Υπὲρ
1764 1548 1970 1602 τούτων

310 1694 318 1702 .
380 1647 562 1700 τοίνυν
584 1644 848 1700 ἀπάντων
881 1643 974 1696 καὶ
1004 1641 1166 1711 φύσει
1195 1642 1292 1695 καὶ
1321 1642 1518 1715 γνώμῃ
1558 1643 1654 1694 καὶ
1689 1641 1970 1709 λογισμοῖς

381 1737 666 1808 ἄνθρωπος
685 1736 822 1805 πρὸς
845 1734 938 1789 τὸν
961 1733 1198 1803 Χριστὸν
1227 1733 1390 1797 ῐεται,
1413 1733 1473 1787 ού
1499 1734 1587 1787 διὰ
1616 1731 1713 1803 τὴν
1741 1731 1972 1802 θεότητα

387 1830 568 1900 μόνον,
599 1828 635 1898 ἢ
665 1827 887 1880 πάντων
917 1822 1054 1879 οὖσα
1085 1825 1343 1895 τυγχάνει
1370 1824 1544 1889 τέλος,
1579 1822 1717 1878 ἀλλὰ
1745 1826 1843 1876 καὶ
1875 1824 1972 1892 τῆς

385 1920 598 1990 φύσεως
627 1920 795 1974 ἕνεκα
815 1919 912 1988 τῆς
933 1917 1019 1971 ἐτέ
1031 1934 1150 1987 ρας.
1180 1918 1274 1972 καὶ
1296 1912 1450 1979 οὗτος
1477 1916 1576 1987 μὲν
1597 1915 1654 1970 τὸ
1681 1915 1972 1984 κατάλυμα

384 2012 496 2065 τῶν
518 2011 889 2085 *ἀνθρωπίνων
916 2011 1158 2080 ἐρώτων,
1187 2005 1342 2072 οὗτος
1370 2008 1428 2062 δὲ
1460 2007 1640 2078 τρυφὴ
1667 2007 1972 2077 λογισμῶν,

387 2102 560 2158 καὶτὸ
590 2102 742 2172 παρὰ
766 2101 956 2156 τοῦτον
985 2100 1166 2155 ὁτιοῦν
1194 2101 1227 2170 ἢ
1259 2099 1435 2167 φιλεῖν
1467 2099 1500 2170 ἢ
1537 2098 1851 2169 λογίζεσθαι
1879 2115 1980 2152 περ

388 2193 622 2268 ριιρανὴς
640 2192 736 2248 τοῦ
763 2193 974 2257 δέοντος
1007 2190 1256 2264 ἁμαρτία
1285 2192 1382 2246 καὶ
1411 2191 1519 2244 τῶν
1549 2191 1608 2257 ἐξ
1637 2191 1813 2262 ἀρχῆς
1844 2189 1980 2242 ὑπο-

386 2290 650 2343 τεθέντων
679 2289 746 2357 τῇ
780 2285 940 2356 φύσει
967 2285 1334 2357 παρατροπή*
1368 2284 1443 2348 ὡς
1469 2283 1537 2338 ἂν
1566 2283 1625 2338 δὲ
1649 2285 1786 2354 πρὸς
1812 2282 1976 2337 αὑτὸν

389 2381 537 2450 ἐχειν
572 2379 658 2432 ἀεὶ
712 2377 998 2448 δυνώμεθα
1035 2377 1134 2449 τὴν
1181 2377 1413 2448 μελέτην
1447 2377 1544 2429 καὶ
1581 2375 1786 2446 ταύτης
1825 2367 1978 2445 ὦμεν

389 2471 654 2526 ἐκάστοτε
697 2471 798 2540 τῆς
847 2471 1107 2540 σπουδῆς,
1145 2469 1312 2523 αὑτὸν
1367 2468 1627 2540 καλῶμεν
1669 2469 1793 2524 ὅσαι
1833 2460 1978 2540 ὧραι

385 2563 496 2617 τῶν
538 2563 820 2634 λογισμῶν
863 2564 962 2633 τὴν
991 2562 1272 2616 ὑπόθεσιν.
1315 2562 1542 2626 Πάντως
1590 2561 1649 2615 δέ
1696 2561 1759 2614 ού
1799 2577 1980 2631 παρα·

389 2655 592 2723 σκευῆς
633 2654 772 2726 πρὸς
812 2654 914 2718 τὰς
961 2652 1129 2726 εὐχὰς
1163 2653 1246 2706 δεῖ
1299 2653 1396 2708 καὶ
1451 2653 1634 2707 τόπων
1671 2652 1795 2707 οὐδὲ
1849 2651 1980 2722 βοῆς

391 2749 600 2801 ἐκεῖνον
627 2747 919 2802 καλοῦσιν·
949 2747 1011 2800 οὐ
1041 2746 1150 2816 γὰρ
1179 2745 1329 2799 ἔστιν
1348 2739 1409 2801 οῦ
1443 2746 1519 2816 μὴ
1551 2745 1842 2816 πάρεστιν,
1867 2741 1978 2798 οὐδ’

396 2838 544 2892 ἐστιν
565 2839 711 2902 ὅπως
739 2838 816 2911 μὴ
847 2837 1096 2892 σύνεστιν
1118 2838 1274 2907 ἡμῖν,
1308 2837 1367 2901 ὃς
1400 2854 1463 2905 γε
1495 2838 1608 2900 τοῖς
1629 2835 1856 2907 ζητοῦσι
1881 2835 1980 2888 καὶ

397 2931 564 3002 αὐτῆς
599 2931 784 3001 ἔγγιόν
817 2933 940 2985 ἐστι
979 2929 1080 3000 τῆς
1125 2931 1382 3003 καρδίας.
1431 2929 1756 2984 Ἀκόλουθον
1793 2926 1853 2982 δέ
1887 2927 1982 2982 καὶ

395 3024 463 3078 τά
510 3023 659 3096 παρὰ
695 3023 808 3078 τῶν
851 3021 1032 3094 εὐχῶν
1069 3024 1201 3094 ἡμῖν
1233 3021 1306 3085 ὡς
1349 3022 1660 3091 ἀπαντήσει
1697 3019 1842 3090 μάλα
1886 3035 1979 3072 πι-

397 3116 630 3183 στεύειν,
667 3115 764 3171 καὶ
807 3115 885 3186 μὴ
917 3115 1238 3180 ἐνδοιάζειν,
1269 3114 1354 3167 ὅτι
1389 3113 1619 3185 πονηροὶ
1650 3113 1744 3166 τὸν
1777 3111 1981 3182 τρόπον

395 3209 581 3280 ἡμεῖς,
612 3205 752 3261 ἀλλά
790 3205 1044 3277 θαρρεῖν,
1077 3205 1160 3258 ὅτι
1192 3203 1433 3276 χρηστὸς
1459 3204 1488 3256 ὁ
1518 3200 1856 3271 καλούμενος
1887 3199 1983 3253 ἐπὶ

394 3302 522 3362 τοὺς
539 3298 868 3370 ἀχαρίστους
895 3297 992 3350 καὶ
1015 3296 1308 3367 πονηροὺς,
1325 3295 1383 3359 ὃς
1403 3311 1469 3362 γε
1486 3292 1740 3347 τοσοῦτον
1760 3293 1982 3362 ἀπέχει,

395 3391 524 3454 τοὺς
555 3388 1072 3460 προσκεκρουκότας
1105 3387 1213 3442 τῶν
1239 3385 1444 3441 δούλων
1470 3385 1760 3456 δεομένους
1789 3401 1984 3456 περιοο

401 3482 538 3553 ρᾷν,
578 3477 728 3532 ὥστε
775 3480 942 3550 μήπω
986 3475 1326 3540 καλέσαντας
1369 3475 1506 3548 μηδέ
1544 3475 1701 3546 λόγον
1739 3476 1984 3531 ὁντινοῦν

397 3572 611 3626 ἐκείνου
641 3571 1047 3641 ποιησαμένους
1072 3567 1234 3632 αὐτὸς
1263 3570 1364 3639 τὴν
1391 3569 1497 3640 γῆν
1516 3567 1839 3623 καταλαϐὼν
1855 3569 1986 3624 ἐκά-

400 3665 523 3718 λεσε
555 3666 800 3735 πρῶτος.
839 3683 856 3717 ι
889 3659 1096 3717 Ἶιλθον
1150 3662 1282 3732 γὰρ,
1332 3662 1488 3732 φησὶ,
1537 3661 1766 3716 καλέσαι
1805 3662 1986 3731 ἁμαρ-

398 3757 640 3822 τωλούς·
715 3775 736 3808 ι
789 3759 818 3810 ὁ
867 3755 926 3809 δέ
989 3754 1127 3825 μηδέ
1195 3753 1551 3825 βουλομένους
1611 3753 1756 3808 οὕτω
1815 3753 1985 3825 ζητή-

401 3865 523 3915 σας,
578 3848 664 3912 τίς
724 3847 790 3903 ἂν
837 3848 925 3918 εἴη
975 3845 1344 3916 καλούμενος;
1384 3846 1478 3900 καὶ
1531 3847 1585 3900 εί
1653 3847 1985 3917 μισούμενος

399 3941 650 4010 ἐφίλησε,
701 3938 820 4002 πῶς
847 3937 1133 3994 ἀπώσεται
1166 3937 1530 4007 φιλούμενος;
1567 3940 1632 3991 '0
1663 3939 1758 3992 καὶ
1810 3939 1986 4010 δηλῶν

398 4035 430 4086 ὁ
491 4032 726 4094 Παῦλος,
789 4049 807 4083 ι
872 4032 936 4085 El.
986 4030 1173 4101 ἐχθροὶ
1223 4029 1375 4092 ὅντες
1426 4027 1854 4099 κατηλλάγημεν
1909 4030 1988 4098 τῷ

399 4123 520 4196 Θεῷ
559 4123 647 4177 διὰ
676 4123 770 4178 τοῦ
806 4122 1040 4177 θανάτου
1077 4121 1172 4176 τοῦ
1206 4119 1338 4175 nos
1370 4119 1539 4175 αὐτοῦ
1561 4161 1576 4186 ,
1608 4123 1764 4192 φησι,
1805 4119 1988 4193 πολλῷ

404 4215 606 4285 μᾶλλον
627 4214 1060 4283 καταλλαγέντες
1078 4213 1439 4284 σωθησόμεθα
1454 4213 1511 4266 ἐν
1525 4215 1591 4283 τῇ
1611 4210 1725 4283 ζωῇ
1744 4211 1932 4267 αὐτοῦ.
1963 4229 1982 4264 ι

403 4310 514 4364 Καὶ
538 4308 646 4379 μὴν
676 4309 771 4362 καὶ
795 4307 857 4362 τὸ
880 4307 1068 4378 σχῆμα
1093 4306 1193 4375 τῆς
1217 4305 1429 4369 ἱκεσίας
1463 4303 1864 4375 ἐνθυμηθῶμεν
1883 4310 1901 4336 ⁴
1925 4305 1988 4359 ού

400 4403 510 4474 γάρ
538 4401 575 4456 ἃ
607 4400 794 4470 φίλους
827 4401 974 4464 είκὸς
1005 4397 1273 4452 αἰτεῖσθαι
1303 4399 1400 4452 καὶ
1421 4397 1746 4468 λαμϐάνειν,
1781 4395 1989 4452 τούτων

2069 534 2454 605 archetypum,
2491 533 2642 588 illum
2670 547 2803 589 vero
2861 532 2987 589 inde
3027 543 3309 605 sumptum
3335 547 3388 592 et
3417 551 3644 608 expres-

2068 640 2187 682 sum
2223 641 2330 681 non
2356 624 3321 683 existimabimus?Absurdissimum
3350 629 3550 698 quippe
3565 639 3650 686 est
3731 623 3734 626 ’

2071 728 2262 785 putare
2310 717 2558 772 omnium
2610 717 3013 786 perfectissima
3065 717 3133 773 ad
3178 718 3500 789 imperfecta
3535 722 3649 775 exi-

2069 807 2268 878 genda,
2305 815 2358 862 et
2391 809 2713 864 melioribus
2739 809 2990 878 exempla
3018 809 3289 865 deteriora
3322 826 3647 881 praeponen-

2068 901 2244 965 da,et
2276 915 2306 957 ιι
2348 902 2510 957 cmeis
2557 904 2912 972 praeeuntium
2963 902 3296 960 videntibus.
3349 902 3466 960 Non
3499 906 3646 959 enim

2069 992 2200 1063 quia
2234 993 2323 1048 illa
2349 1005 2594 1063 tempore
2629 983 2834 1062 priora,
2864 993 3000 1050 adeo
3020 995 3142 1064 jure
3170 995 3513 1062 admiramla,
3553 996 3650 1051 sed

2071 1085 2201 1156 quia
2247 1085 2363 1141 haec
2409 1085 2651 1155 perfecta
2700 1097 2848 1154 sunt,
2896 1087 3342 1157 iniperl‘eetorum
3386 1089 3651 1160 principia

2073 1191 2194 1232 esse
2219 1177 2421 1233 debere
2468 1178 2797 1234 credendum
2840 1189 2943 1243 est,
2991 1190 3045 1235 ct
3089 1180 3223 1235 illud
3274 1181 3649 1252 cogitandum,

2072 1267 2238 1323 etiam
2268 1269 2336 1324 ad
2370 1270 2611 1326 hominis
2644 1287 2805 1327 usum
2849 1273 3020 1326 multa
3049 1273 3203 1340 prius
3233 1282 3423 1344 parata
3458 1273 3651 1328 fuisse.

2073 1354 2306 1428 Propter
2345 1359 2463 1415 haec
2513 1361 2698 1416 omnia
2737 1362 2904 1432 igitur
2929 1372 2984 1418 et
3012 1371 3230 1429 natura,
3260 1374 3315 1418 ct
3347 1364 3651 1429 voluntate,

2073 1459 2128 1506 et
2160 1451 2591 1522 cogitationibus
2644 1455 2925 1512 Christum
2979 1456 3145 1512 homo
3197 1457 3492 1524 desiderat,
3542 1473 3652 1513 non

2075 1557 2294 1614 propter
2322 1545 2580 1601 deitatem
2631 1556 2864 1614 tantum,
2915 1564 3034 1619 quae
3083 1558 3166 1604 est
3212 1550 3460 1604 omnium
3507 1549 3651 1614 linis,

2075 1639 2170 1694 sed
2220 1645 2274 1694 et
2333 1649 2556 1708 propter
2609 1640 2835 1695 alteram
2871 1651 3151 1696 naturam.
3207 1640 3272 1695 Et
3309 1641 3401 1696 hie
3433 1642 3653 1714 quidem

2071 1729 2374 1801 (Christus)
2405 1731 2772 1786 diversorium
2803 1716 2887 1787 est
2939 1748 3220 1788 armorum
3259 1734 3648 1800 humanorum,

2079 1823 2167 1878 hic
2190 1823 2404 1878 deliciae
2438 1823 2853 1894 cogitationum,
2880 1832 2935 1880 et
2961 1836 3162 1896 praeter
3193 1825 3337 1884 hunc
3368 1828 3657 1898 quodcun-

2077 1930 2181 1984 que
2211 1925 2309 1970 aut
2337 1930 2544 1983 amare,
2576 1925 2670 1972 aut
2700 1917 2964 1987 cogitare,
3002 1917 3292 1974 manifesta
3323 1928 3408 1976 est
3441 1922 3510 1976 ab
3535 1921 3657 1976 olli-

2076 2007 2164 2062 eio
2202 2006 2502 2072 aberratio,
2557 2015 2612 2062 et
2657 2023 2688 2063 a
2728 2009 2923 2078 primis
2975 2020 3188 2065 natura}
3241 2012 3528 2081 principiis
3565 2015 3660 2067 de-

2077 2098 2258 2155 ﬂexio.
2302 2097 2373 2154 Ut
2403 2108 2589 2155 autem
2622 2100 2802 2171 ipsum
2839 2115 3057 2172 semper
3088 2105 3337 2159 meditari
3365 2120 3656 2174 queamus,

2077 2197 2132 2246 et
2167 2189 2223 2245 in
2251 2190 2356 2246 hoc
2377 2192 2561 2247 studio
2597 2207 3036 2261 perseveremus,
3062 2196 3240 2265 ipsqu
3261 2198 3657 2270 cogitationum

2078 2292 2461 2353 argumentum
2514 2283 2665 2338 horis
2714 2285 2976 2342 omnibus
3033 2288 3373 2346 invocemus.
3423 2291 3660 2349 Omnino

2080 2383 2261 2430 autem
2295 2389 2404 2429 non
2444 2376 2848 2446 praeparatione
2896 2381 2964 2434 ad
3009 2395 3200 2450 preces
3246 2398 3386 2454 opus
3417 2395 3520 2450 est,
3563 2403 3663 2443 nec

2080 2465 2240 2530 locis,
2285 2480 2387 2522 nec
2432 2467 2769 2524 clamoribus
2798 2477 2883 2524 est
2929 2469 3273 2530 invocandns
3311 2492 3324 2529 :
3363 2491 3472 2530 non
3514 2478 3660 2532 enim

2081 2566 2166 2613 est
2197 2557 2350 2615 locus
2386 2559 2478 2615 ubi
2530 2575 2776 2630 praesens
2826 2575 2935 2618 non
2984 2564 3078 2630 sit,
3110 2580 3210 2621 nec
3238 2579 3324 2622 est
3368 2568 3459 2624 ubi
3500 2573 3662 2627 nobis

2084 2661 2194 2702 non
2241 2647 2406 2716 adsit,
2441 2649 2534 2718 qui
2559 2651 2938 2722 quaerentibus
2968 2667 3028 2709 se
3067 2655 3184 2724 ipso
3231 2657 3397 2712 corde
3440 2661 3664 2730 propior

2081 2748 2186 2795 est.
2213 2738 2577 2812 Consequens
2615 2753 2798 2798 autem
2834 2753 2940 2808 est,
2978 2745 3142 2801 etiam
3177 2759 3496 2803 constanter
3541 2765 3665 2805 ere-

2081 2828 2235 2896 dere,
2259 2843 2382 2899 qua:
2409 2844 2723 2900 precamur,
2769 2831 2925 2890 nobis
2955 2843 3244 2901 eventura,
3276 2851 3377 2892 nec
3405 2837 3529 2893 ideo
3558 2839 3662 2892 dn-

2084 2921 2277 2988 bitare,
2310 2922 2441 2993 quia
2476 2938 2672 2980 sumus
2705 2913 2978 2996 improbi,
2997 2927 3094 2982 sed
3125 2927 3318 2994 ﬁdere,
3346 2930 3474 3000 quia
3511 2931 3668 2986 Chri-

2083 3024 2202 3071 stus
2249 3023 2336 3071 est
2378 3015 2473 3086 qui
2525 3032 2694 3087 super
2745 3018 2995 3088 ingratos
3043 3028 3096 3074 et
3141 3020 3316 3076 malos
3348 3022 3660 3079 invocatur.

2007 3142 2052 3202 c
2085 3103 2224 3172 Quia
2271 3107 2677 3163 tantum'abest
2716 3116 2830 3164 uta
2865 3110 3070 3180 quibus
3094 3111 3336 3169 oﬂ‘ensus
3364 3122 3447 3169 est
3474 3129 3664 3170 servos

2083 3210 2373 3270 precantes
2400 3201 2529 3257 velit
2568 3202 2868 3273 negligere,
2903 3215 2960 3259 ut
2984 3205 3226 3262 nondum
3257 3222 3317 3263 se
3347 3207 3663 3264 invooantes

2085 3305 2265 3364 neque
2296 3291 2463 3347 ullam
2520 3292 2694 3364 ipsius
2725 3293 2998 3351 rationem
3031 3297 3320 3364 ducentes,
3358 3299 3414 3354 in
3461 3310 3661 3355 terram

2085 3385 2365 3456 delapsus,
2386 3385 2538 3458 prior
2565 3387 2796 3443 vocarit.
2833 3406 2851 3440 ι
2879 3385 3014 3443 Veni
3041 3389 3210 3458 enim,
3238 3391 3437 3460 inquit,
3468 3407 3667 3449 vocare

2084 3489 2406 3551 peccatores
2424 3478 2499 3532 “.
2537 3497 2557 3532 ›
2594 3477 2714 3534 Jam
2749 3480 2844 3550 qui
2877 3494 2979 3535 nec
3008 3480 3252 3537 volentes
3288 3483 3362 3536 ita
3390 3485 3664 3552 quaesivit,

2084 3570 2303 3641 qualem
2342 3586 2404 3628 se
2436 3571 2728 3627 invocatus
2769 3571 3082 3629 exhibebit?
3129 3581 3184 3628 et
3217 3574 3263 3628 si
3309 3577 3502 3630 dilexit
3538 3589 3663 3631 cum

2086 3665 2217 3720 odio
2267 3665 2585 3729 haberetur,
2639 3665 2922 3736 quomodo
2983 3679 3084 3723 nos
3134 3667 3364 3737 repellet
3392 3668 3666 3725 dilectus?

2086 3755 2246 3823 Quod
2275 3765 2330 3812 et
2376 3753 2576 3811 Paulus
2619 3756 2960 3829 significans,
3011 3775 3030 3809 ι
3064 3755 3123 3812 Si
3178 3773 3300 3813 eum
3341 3759 3546 3816 inimici
3576 3777 3668 3816 es-

2087 3862 2294 3912 semus,
2332 3849 2530 3919 inquit,
2561 3850 2902 3906 reconciliati
2939 3866 3133 3907 sumus
3162 3851 3271 3907 Deo
3306 3869 3402 3923 per
3432 3865 3663 3912 mortem

2087 3938 2212 3994 Filii
2250 3940 2394 4011 ejus,
2425 3941 2601 3996 multo
2632 3944 2804 4011 magis
2841 3943 3177 3998 reconciliati
3207 3944 3342 3999 salvi
3374 3946 3580 4001 erimus
3611 3949 3664 4002 in

2089 4033 2199 4088 vita
2249 4033 2422 4103 ipsius
2453 4033 2524 4086 ⁶⁷.
2561 4051 2581 4084 ι
2619 4033 2764 4098 Quin
2795 4033 3028 4088 formam
3062 4051 3284 4105 quoque
3313 4038 3667 4107 supplicatio-

2090 4124 2178 4178 nis
2206 4124 2528 4194 c0gitsmus.
2563 4121 2682 4178 Non
2722 4125 2869 4179 enim
2901 4140 3022 4195 quae
3059 4125 3269 4180 amicos
3315 4144 3530 4198 aequum
3582 4139 3668 4185 est

2091 4227 2278 4287 petere
2329 4225 2384 4271 ει
2433 4216 2704 4286 accipere,
2733 4231 2796 4270 ea
2841 4217 3074 4286 petimus
3102 4220 3389 4289 consequi,
3422 4223 3514 4276 seel
3547 4239 3668 4293 quae

2091 4307 2236 4364 servi
2265 4307 2517 4372 obnoxii,
2559 4317 2612 4363 et
2640 4308 2880 4364 maxime
2913 4307 2991 4363 rei
3029 4323 3222 4380 rogare
3254 4316 3666 4381 permittuntur.

2093 4397 2211 4454 Non
2267 4399 2416 4455 enim
2445 4407 2506 4454 ut
2549 4414 2650 4454 nos
2683 4409 2932 4466 coronet,
2983 4397 3275 4456 Dominum
3326 4407 3667 4472 invocamus,

401 4494 661 4568 ἀξιοῦμεν
693 4495 1005 4564 τυγχάνειν,
1033 4493 1148 4548 ἀλλ’
1176 4488 1250 4548 ὦν
1280 4496 1376 4548 καὶ
1404 4495 1518 4558 τοῖς
1545 4494 1870 4558 ὑπευθύνοις
1895 4494 1979 4548 καῖ

2095 4509 2196 4549 ιιεε
2228 4503 2288 4549 ιιι
2316 4492 2420 4548 alia
2461 4492 2775 4562 huiusmodi
2821 4508 2920 4549 nos
2957 4497 3132 4565 gratia
3163 4496 3440 4569 dignetur,
3474 4503 3568 4556 sed
3613 4510 3671 4556 ut

406 4587 910 4660 προσκεκρουκόσιν
928 4589 1140 4656 ἐφεῖται
1159 4587 1366 4651 δούλοις
1380 4587 1474 4640 καὶ
1497 4587 1733 4659 μάλιστα
1753 4587 1983 4650 τούτοις.

403 4681 476 4733 Ού
505 4681 616 4750 γὰρ
643 4679 732 4732 ἵνα
761 4679 1102 4750 στεφανώσῃ,
1132 4678 1224 4732 τὸν
1254 4679 1533 4749 Δεσπότην
1561 4678 1856 4750 καλοῦμεν,
1880 4672 1991 4733 οὐδ’

402 4775 490 4828 ῖνα
539 4773 708 4843 ἀλλην
751 4772 1013 4844 τοιαύτην
1047 4772 1174 4827 τινὰ
1214 4774 1519 4841 κατάθηται
1553 4775 1737 4845 χάριν,
1777 4773 1894 4827 ἀλλ’
1922 4774 1989 4827 ἵν’

402 4866 629 4937 ἐλεήσῃ’
657 4865 806 4918 ἔλεον
824 4865 882 4918 δὲ
911 4867 1004 4919 καὶ
1035 4867 1368 4937 συγγνώμην
1397 4868 1493 4920 καὶ
1517 4867 1712 4938 χρέους
1742 4867 1988 4920 διάλυσιν

402 4959 497 5013 καὶ⁸
527 4958 595 5012 τὰ
624 4956 851 5012 τοιαῦτα
885 4957 980 5010 τοῦ
1011 4958 1404 5030 φιλανθρώπου
1437 4960 1698 5030 δεηθῆναι
1732 4960 1826 5013 καὶ
1863 4960 1986 5030 δεη-

403 5051 594 5114 θέντας
623 5051 698 5121 μὴ
731 5052 913 5112 κεναῖς
941 5050 1134 5120 χερσὶν
1166 5050 1446 5114 ἀπελθεῖν,
1481 5052 1530 5103 εί
1567 5050 1641 5122 μὴ
1667 5052 1792 5113 τοὺς
1823 5051 1990 5105 ὑπευ-

401 5141 616 5207 θύνους,
663 5140 816 5204 τίνας
847 5141 1095 5208 εἰκὸς,εῖ
1138 5158 1202 5210 γε
1236 5161 1254 5195 ι
1290 5144 1366 5212 μὴ
1415 5143 1607 5214 χρείαν
1659 5141 1879 5212 ἔχουσιν
1935 5144 1990 5197 οί

406 5234 680 5303 ἰσχύοντες
697 5232 883 5305 ίατροῦ
901 5250 916 5299 ;
939 5253 957 5285 ι
982 5235 1044 5287 El.
1064 5234 1173 5305 γὰρ
1187 5234 1324 5298 ὅλως
1339 5234 1658 5305 ἀνθρώπους
1673 5235 1988 5305 νενόμισται

405 5325 544 5395 πρὸς
588 5324 681 5378 τὸν
714 5324 846 5378 Θεὸν
878 5325 1028 5379 ἔλεον
1059 5325 1472 5397 ἐκκαλουμένην
1504 5328 1724 5396 ἀφεῖναι
1777 5327 1986 5396 φωνὴν,

407 5421 512 5472 τῶν
532 5416 696 5484 ἀξίως
718 5417 869 5470 ἐλέου
892 5419 1262 5490 πραττόντων.
1281 5421 1389 5473 τῶν
1412 5419 1814 5491 ἡμαρτηκότων
1840 5419 1991 5497 ἐσεὶν

406 5517 439 5585 ἡ
471 5511 648 5582 φωνή.
679 5508 948 5580 Καλῶμεν
976 5510 1033 5564 δὲ
1066 5511 1156 5564 τὸν
1181 5510 1314 5564 Θεὸν
1343 5514 1438 5564 καὶ
1488 5511 1703 5593 γλώττῃ
1732 5511 1826 5564 καὶ
1857 5511 1998 5580 γνώ-

477 5707 522 5740 σο
548 5705 738 5762 Matth.
771 5720 850 5768 ix.
883 5704 973 5758 ts.
1049 5672 1286 5754 ⁸τίιοιη.
1315 5714 1369 5764 v,
1405 5696 1488 5752 ιο.
1520 5697 1566 5728 σι
1595 5695 1789 5754 Matth.
1821 5713 1896 5765 ix,
1933 5697 2020 5752 ιε.

705 5889 972 5952 Pyram.
1003 5891 1116 5951 Gtt.
1167 5886 1258 5947 CL
1278 5925 1301 5945 ι

2094 4587 2444 4643 misereatur.
2496 4586 2930 4644 Misericordiam
2985 4602 3191 4656 autem,
3246 4602 3300 4646 et
3348 4593 3585 4655 veniam,
3618 4603 3672 4648 ιι

2093 4677 2260 4732 debiti
2293 4676 2694 4744 dimissionem,
2739 4689 2796 4734 et
2835 4679 3154 4750 bujusmodi
3202 4684 3272 4735 ab
3305 4683 3544 4736 humano
3577 4699 3672 4754 pe.

2094 4784 2232 4838 tere,
2265 4783 2321 4828 et
2351 4783 2597 4844 petentes
2620 4790 2731 4829 non
2763 4774 2954 4832 vacuis
2983 4775 3236 4830 manibus
3267 4774 3438 4842 abire,
3473 4777 3517 4831 si
3560 4792 3669 4832 non

2097 4864 2179 4921 fas
2210 4875 2295 4921 est
2319 4879 2464 4929 reos,
2495 4881 2635 4937 quos
2664 4867 2878 4922 tandem
2930 4865 3014 4922 ias
3057 4876 3162 4932 εει,
3202 4867 3467 4937 siquidem
3504 4886 3524 4920 ι
3563 4886 3666 4923 non

2092 4966 2179 5014 est
2205 4973 2342 5027 Opus
2381 4959 2688 5016 valentibus
2733 4959 2965 5015 medicis
2991 4959 3079 5012 ⁸⁸⁸2
3118 4976 3137 5011 ι
3174 4959 3232 5013 Si
3262 4959 3408 5013 enim
3443 4961 3668 5015 omnino

2097 5051 2343 5107 moribus
2397 5064 2677 5124 receptum
2735 5062 2840 5119 est,
2899 5051 3148 5108 homines
3183 5052 3249 5107 ad
3283 5051 3452 5108 Deum
3508 5070 3669 5111 voces

2098 5143 2536 5200 misericordiam
2573 5145 2857 5202 elicientcs
2907 5145 3147 5211 mittere,
3180 5146 3369 5217 utique
3420 5158 3672 5218 peccato-

2095 5252 2216 5290 rum
2263 5253 2366 5294 vox
2400 5240 2750 5303 miserorum,
2774 5246 2829 5293 et
2860 5238 3235 5297 misericordia
3269 5241 3668 5312 dignandorum

2098 5343 2204 5383 vox
2236 5338 2341 5384 est.
2397 5331 2763 5401 lmploramus
2810 5337 2988 5384 autem
3041 5329 3214 5386 Deum
3259 5341 3314 5387 ει
3365 5333 3575 5403 lingua,
3614 5343 3668 5386 et

2101 5429 2304 5487 mente,
2353 5430 2408 5477 et
2465 5421 2920 5494 cogitationibus,
2967 5433 3027 5478 ut
3083 5427 3336 5482 omnibus
3394 5442 3489 5496 per
3546 5442 3666 5494 quae

2107 5511 2478 5583 peccavimus,
2522 5513 2879 5583 pliarmacum
2921 5516 3098 5572 solum
3135 5518 3374 5574 salutare
3411 5516 3670 5571 adhibea-

3273 5885 3350 5982 η
