4196 6308
374 366 478 430 ωε

409 523 774 538 Μ

784 710 1183 842 ΠΕΡΙ
1292 712 1639 851 ΤΗΣ
1762 711 1972 839 ΕΝ

1496 950 1871 1040 ΛΟΓΟΣ

1410 365 1511 428 DE
1534 361 1713 429 VITA
1745 362 1826 425 IN
1866 362 2196 425 CHRISTO
2240 360 2389 441 LIB.
2430 362 2560 425 VlI.

2082 710 2704 840 ΧΡΙΣΤΩ
2806 707 3263 840 ΖΩΗΣ

1969 948 2526 1041 ΕΒΔΟΜΟΣ.

413 1130 634 1202 Οποῖος
663 1134 888 1206 γίνεται
920 1134 954 1189 d
990 1130 1379 1204 μεμυημένος
1427 1131 1545 1202 τὴν
1576 1131 1696 1189 ἀπὸ
1733 1128 1856 1187 τῶν
1894 1132 2259 1204 μυστηρίων
2300 1130 2479 1202 χάριν
2512 1128 2796 1200 φυλάξας
2826 1126 2898 1197 τῇ
2947 1127 3085 1199 παρ’
3109 1127 3335 1185 ἑαυτοῦ
3386 1128 3655 1201 σπουδῇ.

1178 1466 1381 1594 DE
1440 1466 1837 1602 VITA
1918 1466 2081 1597 IN
2158 1466 2854 1599 CHRISTO

1475 1734 1835 1825 LIBER
1971 1733 2612 1839 SEPTIMUS.

747 1932 970 2013 Qualis
1014 1933 1085 2013 fit
1108 1932 1397 1995 initiatus
1427 1928 1538 2011 qui
1572 1928 2012 2009 mysteriorum
2039 1928 2316 2008 gratiam
2359 1929 2626 2010 proprio
2667 1928 2884 1990 studio
2930 1930 3297 1994 custodiuit.

469 2177 627 2235 Ἐπεὶ
684 2176 743 2232 δὲ
779 2172 1023 2246 εἴρηται,
1077 2173 1162 2239 τίς
1199 2172 1496 2245 γενόμενος
1539 2173 1568 2226 ό
1602 2170 1832 2244 μυηθεὶς
1874 2171 1972 2225 καὶ

2150 2170 2608 2242 Quandoquidem
2637 2171 2849 2227 dictum
2901 2181 2986 2230 est
3016 2144 3197 2244 qualis
3227 2178 3403 2233 evasit
3427 2182 3523 2247 qui
3558 2176 3663 2233 fuit

387 2271 512 2326 τίνα
542 2271 640 2341 τὴν
667 2270 785 2324 όδδν
812 2268 1010 2332 ὲλθὼν,
1038 2267 1075 2324 ἃ.
1108 2268 1263 2339 παρὰ
1287 2267 1398 2322 τῶν
1434 2265 1756 2338 μυστηρίων
1782 2263 1963 2330 ἔλαϐε,

391 2361 585 2427 σώσοι,
645 2356 868 2413 σκοπεῖν
898 2359 1216 2426 ἀκόλουθον,
1275 2359 1362 2423 τίς
1419 2358 1635 2430 γένοιτο
1685 2356 1967 2423 σεσωκὼς,

391 2452 491 2506 καὶ
519 2451 765 2515 ποταπὸς
794 2450 857 2506 ἂν
881 2450 1124 2521 άποὸαίη
1147 2452 1274 2516 τοὺς
1302 2449 1541 2523 τρόπους
1570 2453 1685 2514 τοῖς
1702 2449 1800 2505 τοῦ
1831 2451 1968 2505 Θεοῦ

389 2545 460 2599 τὰ
500 2545 636 2615 παρ’
671 2543 869 2598 ἑαυτοῦ
919 2542 1200 2615 προσθείς.
1253 2544 1470 2598 Ἐκεῖνα
1506 2543 1606 2614 μὲν
1653 2542 1766 2614 γὰρ
1801 2543 1971 2599 συνά-

388 2654 478 2706 γει
506 2637 608 2709 τὴν
641 2634 809 2707 ζωὴν,
858 2633 894 2689 ἃ
932 2636 1044 2689 τῶν
1094 2635 1380 2706 προτέρων
1420 2635 1600 2703 λόγων
1629 2635 1766 2710 ἡμῖν
1797 2634 1972 2706 χωρὶς

390 2730 654 2798 ἑκάτερον
685 2726 948 2791 ὑπόθεσις
969 2722 1060 2799 ἦν,
1085 2727 1247 2781 τοῦτο
1283 2725 1385 2797 μὲν
1433 2727 1471 2792 ἡ
1501 2726 1653 2798 παρὰ
1677 2726 1790 2780 τῶν
1815 2725 1971 2780 τελεί-

393 2821 503 2875 τῶν
532 2821 713 2892 χάρις,
744 2819 906 2874 τοῦτο
933 2819 991 2874 δὲ
1022 2821 1054 2891 ἡ
1085 2819 1224 2892 πρὸς
1242 2818 1305 2873 τὸ
1338 2818 1676 2891 ωντηρῆσαι
1704 2819 1769 2872 τὸ
1799 2818 1971 2887 δῶρον

396 2898 547 2985 παρὰ
579 2913 687 2969 τῶν
720 2912 1032 2983 δεξαμένων
1062 2912 1289 2984 σπουδή.
1327 2913 1444 2967 Νῦν
1471 2912 1531 2966 δὲ
1571 2912 1849 2965 συστᾶσαν
1874 2911 1973 2964 αὐε-

390 3006 493 3077 τὴν
518 3006 812 3061 ὑπόλοιπόν
840 3004 989 3059 ἐστιν
1018 3004 1317 3076 ὁλόκληρον
1348 3004 1652 3075 θεωρῆσαι,
1705 3003 1801 3056 καὶ
1830 3003 1884 3056 τί
1909 3003 1973 3058 τὸ

310 3146 316 3163 ,
388 3092 807 3165 συναμφότερον
865 3093 1059 3162 δεῖξαι,
1097 3097 1193 3148 καὶ
1223 3089 1279 3147 οἴ
1320 3092 1439 3148 ἐστι
1483 3094 1582 3165 τὴν
1620 3093 1972 3165 ἀνθρωπίνην

384 3187 596 3259 ἀρετὴν
634 3187 859 3242 ἃπασαν
901 3188 966 3257 τῇ
1001 3187 1185 3257 χάριτι
1221 3185 1524 3240 συνελθεῖν.
1576 3186 1750 3240 Τοῦτο
1792 3185 1848 3239 δὲ
1879 3184 1974 3252 γέ-

385 3279 529 3336 νοιτ’
562 3280 653 3346 ἂν,
686 3281 781 3335 ἐὰν
809 3275 975 3334 αὑτὸν
1005 3278 1098 3334 τὶν
1127 3279 1190 3346 ἐξ
1221 3280 1554 3350 ἀμφοτέρων
1596 3296 1972 3351 συγκεκροτηο

385 3372 562 3447 μένον
592 3369 949 3441 σκεψώμεθα,
985 3370 1240 3442 καθάπερ
1277 3367 1455 3440 οἶμαι,
1486 3372 1584 3425 καὶ
1620 3370 1832 3441 ὑγείαν,
1869 3371 1897 3425 ὅ
1920 3370 1973 3424 τί

380 3466 514 3518 ἐστι
540 3464 636 3520 καὶ
662 3464 785 3518 ὅσον
821 3461 995 3531 αὐτῆς
1026 3462 1243 3532 ὄφελος,
1276 3463 1331 3516 εἰ
1355 3480 1440 3526 τις
1460 3463 1742 3518 δεικνύναι
1773 3462 1969 3530 ἐθέλοι,

2067 2261 2341 2330 initiatus,
2384 2263 2715 2336 qualemque
2753 2265 2900 2319 viam
2954 2279 3191 2337 sequens
3227 2283 3295 2324 ea
3317 2286 3441 2340 quae
3470 2285 3502 2324 e
3541 2286 3663 2343 my-

2069 2354 2253 2410 steriis
2287 2355 2531 2427 percepit
2558 2370 2781 2412 servare
2812 2358 3004 2426 possit.
3028 2357 3140 2428 jam
3169 2362 3522 2429 quaerendum
3553 2372 3658 2426 est,

2070 2448 2250 2518 qualis
2280 2446 2460 2503 factus
2497 2447 2569 2503 sit
2591 2447 2688 2519 qui
2717 2448 2980 2512 servavit,
3011 2449 3379 2521 qualibusque
3416 2452 3663 2508 moribus

2069 2538 2164 2603 sit,
2202 2538 2297 2608 qui
2340 2538 2423 2594 eis
2454 2554 2577 2610 quae
2621 2538 2719 2595 Dei
2784 2550 2937 2607 sunt,
2989 2541 3209 2612 propria
3276 2542 3493 2613 adjecit.
3534 2545 3662 2599 Haec

2070 2632 2217 2688 enim
2254 2633 2377 2688 vitae
2397 2632 2455 2688 in
2476 2632 2701 2690 Christo
2732 2648 2948 2690 summa
2978 2650 2994 2688 :
3023 2648 3146 2703 qua:
3201 2633 3362 2690 nobis
3414 2635 3658 2705 priorum

2069 2736 2385 2779 sermonum
2438 2723 2779 2792 singulorum
2821 2716 3066 2779 materia:
3114 2722 3358 2790 fuerunt,
3385 2725 3512 2780 hinc
3541 2727 3664 2797 qui-

2070 2814 2196 2870 dem
2227 2829 2295 2870 ex
2337 2818 2609 2888 mysteriis
2652 2818 2867 2889 gratia,
2895 2819 3047 2876 illinc
3100 2830 3284 2878 autem
3325 2823 3383 2879 in
3413 2826 3662 2881 custodia

2072 2903 2281 2973 recepti
2310 2904 2440 2959 doni
2489 2904 2777 2962 sedulitas.
2806 2906 2967 2964 Nunc
3028 2924 3160 2965 vero
3188 2912 3455 2983 integram
3519 2913 3664 2970 hanc

2072 3007 2347 3050 summam
2378 2997 2781 3055 considerando
2812 3003 3243 3059 monstrabimus
3292 3005 3424 3075 quid
3477 3007 3552 3064 sit
3593 3022 3660 3064 ex

2072 3096 2308 3158 utroque
2359 3092 2728 3160 compositum
2758 3132 2774 3159 ,
2821 3105 2877 3148 et
2917 3110 3209 3168 quousque
3259 3099 3433 3169 possit
3484 3101 3665 3157 omnis

2074 3179 2315 3234 humana
2373 3181 2550 3236 virtus
2612 3197 2737 3237 cum
2785 3187 2959 3254 gratia
3023 3189 3341 3244 connivere.
3394 3190 3508 3249 Hoc
3564 3209 3666 3249 au-

2074 3276 2185 3325 tem
2247 3269 2361 3326 lieri
2402 3279 2605 3341 potest,
2632 3272 2680 3327 si
2731 3273 2882 3328 illum
2930 3277 3027 3346 qui
3081 3293 3148 3332 ex
3206 3279 3476 3338 ambobus
3527 3299 3664 3340 con-

2075 3370 2207 3428 stat,
2239 3364 2638 3430 examinemus,
2691 3368 3177 3437 quemadmodum,
3217 3379 3373 3441 puto,
3414 3382 3470 3429 et
3507 3374 3667 3431 bona:

2075 3456 2406 3514 valetudinis
2431 3467 2685 3514 naturam
2718 3467 2883 3531 atque
2910 3461 3207 3518 utilitatem
3254 3465 3351 3535 qui
3378 3466 3668 3524 ostendere

378 3557 484 3611 τὸν
519 3553 757 3627 μάλιστα
807 3554 978 3624 αὐτῆς
1016 3553 1365 3610 ἀπολαύοντα
1419 3552 1646 3623 ἀγαγὼν
1684 3553 1767 3618 είς
1807 3555 1974 3622 μέσον

2080 3548 2259 3615 vellet,
2280 3550 2432 3605 illum
2459 3550 2554 3622 qui
2585 3566 2649 3607 ea
2677 3553 2939 3622 gauderet
2962 3553 3016 3609 in
3051 3555 3291 3612 medium
3338 3558 3666 3627 producens,

380 3649 616 3722 μάλιστ’
672 3649 741 3703 ἂν
793 3648 1018 3720 ποιῆσαι
1050 3640 1385 3717 καταφανές.
1437 3646 1553 3700 Καὶ
1597 3647 1664 3719 δὴ
1694 3647 1786 3701 τὸν
1829 3647 1975 3702 οὓτω

380 3743 640 3815 ζήσαντα
666 3739 776 3812 πρὸ
806 3740 916 3795 τῶν
945 3738 1245 3811 ὀφθαλμῶν
1276 3737 1578 3809 στήσαντες
1611 3737 1977 3809 μανθάνωμεν

376 3831 564 3889 αὐτοῦ
593 3830 694 3903 τὴν
727 3830 944 3897 εὐεξίαν
984 3827 1083 3883 καὶ
1116 3827 1216 3898 τὴν
1245 3826 1397 3899 ὤραν
1445 3826 1788 3897 πανταχόθεν
1818 3842 1976 3896 περι-

376 3923 772 3989 σκοποῦντες·
821 3920 1135 3994 σκεψόμεθα
1183 3919 1241 3974 δὲ
1278 3919 1388 3975 τῶν
1432 3919 1535 3991 μὲν
1580 3919 1758 3985 ἄλλως
1812 3918 1978 3975 αὐτὸν

375 4015 754 4087 κοσμούντων
793 4014 971 4080 οὐδὲν,
1001 4013 1111 4068 οὐδ’
1141 4013 1191 4066 εί
1224 4010 1472 4083 θαύμασι
1498 4011 1712 4083 λάμπει
1740 4010 1834 4064 καὶ
1867 4027 1980 4063 τοι-

374 4108 578 4178 αύτην
608 4107 797 4176 εἴληφε
832 4106 1018 4177 χάριν,
1061 4104 1179 4160 ἀλλ’
1203 4102 1367 4158 αὑτὸν
1385 4098 1577 4156 τοῦτον
1598 4100 1857 4170 καθαρῶς
1885 4099 1980 4153 καὶ

370 4204 487 4258 τὸν
528 4202 669 4255 οῐκοι
699 4200 909 4269 κόσμον
950 4197 1047 4271 τὴν
1092 4197 1192 4270 τῆς
1221 4195 1403 4269 ψυχῆς
1446 4194 1673 4266 ἀρετήν.
1719 4193 1980 4257 Ἐκείνοις

375 4296 497 4369 μὲν
536 4294 646 4364 γὰρ
689 4290 910 4346 εἰκάσαι
957 4306 1043 4353 τις
1076 4287 1143 4343 ἂν
1188 4285 1282 4342 τὸν
1335 4286 1647 4351 σπουδαῖον,
1685 4284 1780 4339 καὶ
1835 4283 1980 4339 τοῦτ’

369 4388 535 4443 αὐτὸ
566 4386 729 4458 μόνον
765 4382 968 4457 ἀρετῆς
1007 4383 1074 4437 ἂν
1114 4381 1201 4452 εἴη
1251 4381 1557 4453 τεκμήριον
1580 4397 1595 4411 ·
1629 4381 1690 4433 τὸ
1724 4379 1770 4434 δ’
1798 4379 1980 4435 αὐτῶν

373 4477 703 4552 πειρᾶσθαι
749 4476 859 4531 τῶν
891 4476 1133 4548 τρόπων,
1187 4473 1352 4528 αὐτόν
1392 4477 1511 4528 ἐστι
1560 4472 1851 4543 γινώσκειν
1888 4474 1982 4527 τὸν

370 4574 712 4645 ἄνθρωπον.
764 4569 832 4623 Τί
858 4564 954 4623 οὖν
1001 4568 1105 4632 δεῖ,
1147 4565 1328 4635 παρὸν
1367 4564 1597 4620 αὐτόθεν
1656 4565 1981 4634 μανθάνειν,

368 4663 808 4738 τεκμαερεσθαι
845 4661 942 4718 καὶ
999 4661 1205 4733 σημεῖα
1232 4657 1443 4731 ζητεῖν,
1491 4658 1621 4714 όταν
1652 4656 1835 4713 αὐτῶν
1884 4656 1979 4728 ἐξῇ

369 4763 501 4820 τῶν
556 4758 912 4831 πραγμάτων
960 4754 1273 4821 ἄπτεσθαι;
1329 4754 1508 4809 καίτοι
1571 4752 1693 4807 οὐδὲ
1752 4754 1981 4823 σημεῖον

368 4856 562 4912 τοῦτο
595 4850 797 4923 γένοιτ’
831 4851 899 4906 ἂν
949 4849 1209 4920 ἀποχρῶν
1239 4845 1469 4918 ἀρετῆς.
1518 4843 1658 4900 υῠτε
1705 4845 1814 4916 γὰρ
1843 4845 1981 4898 πᾶσι

367 4946 578 5001 τιῦτα
602 4944 716 5005 τοῖς
749 4938 1062 5003 σπουδαίοις
1086 4936 1395 5003 ἀκολουθεῖ,
1442 4933 1559 4991 οὗθ’
1590 4931 1671 4999 οἷς
1713 4932 1978 5004 ὑπῆρξεν,

372 5040 639 5114 ἐργάται
672 5038 876 5098 πάντες
914 5033 1058 5087 είσὶν
1095 5032 1318 5103 ἀρετῆς.
1350 5031 1460 5087 Καὶ
1490 5033 1602 5103 γὰρ
1648 5029 1837 5085 πολλο)⁴
1871 5029 1982 5084 τῶν

376 5130 624 5207 μεγάλα
679 5126 836 5200 παρὰ
880 5126 1002 5196 Θεῷ
1044 5123 1385 5196 δυνηθέντων
1433 5122 1588 5177 οὐδὲν
1637 5121 1984 5188 ἐπεδείξαντο

370 5222 678 5288 τοιοῦτον,
705 5224 801 5277 καὶ
824 5215 982 5284 αὖθις
1007 5217 1118 5272 τῶν
1143 5216 1398 5287 πονηρῶν
1444 5215 1621 5278 ἐνίους
1661 5214 1849 5284 ἐδέησε
1878 5230 1988 5266 τοι·-

369 5317 551 5375 αὖτὰ
596 5330 729 5368 ποτε
778 5313 1098 5383 δυνηθῆναι,
1145 5311 1243 5363 καὶ
1296 5310 1390 5362 τὸν
1440 5305 1676 5375 Χριστὸν
1729 5305 1989 5358 καλοῖσιν

370 5406 566 5462 οὐδὲν
590 5403 874 5473 ἀμήχανον
901 5397 991 5471 ἦν,
1023 5400 1084 5454 οὐ
1113 5400 1223 5455 τῶν
1255 5397 1476 5466 τρόπων
1515 5394 1676 5448 τοῦτο
1714 5393 1988 5459 διδόντων,

369 5498 515 5556 ἀλλ’
551 5496 621 5549 ἶν’
672 5497 701 5548 ό
735 5494 1069 5565 καλούμενος
1117 5492 1283 5560 φανῇ.
1315 5489 1424 5543 Καὶ
1454 5487 1545 5541 διὰ
1571 5486 1729 5540 τοῦτο
1758 5489 1856 5557 τῆς
1891 5486 1992 5555 μὲν

370 5588 619 5662 ἀρετῆς
673 5586 840 5639 ἕνεκα
887 5585 985 5640 καὶΙ
1016 5581 1235 5637 τελεταὶ
1274 5582 1370 5634 καὶ
1398 5580 1508 5641 πᾶς
1542 5579 1722 5641 πόνος,
1758 5579 1895 5650 πρὸς
1933 5579 1990 5631 δὲ

2081 3639 2429 3697 manifestum
2461 3650 2655 3699 testem
2702 3643 3009 3704 exhiberet.
3038 3645 3177 3702 Eum
3233 3664 3398 3719 porro
3450 3652 3543 3722 qui
3593 3653 3668 3709 ita

2078 3746 2139 3787 se
2168 3731 2359 3796 habet,
2404 3742 2532 3790 ante
2563 3736 2757 3792 oculos
2791 3734 3467 3809 cpnstituwtesfbonum
3495 3745 3668 3815 ipsius

2076 3829 2283 3877 statum
2305 3831 2359 3879 et
2377 3823 2663 3881 ﬂorentem
2684 3827 2929 3883 habitum
2949 3831 3127 3888 oculis
3140 3834 3498 3904 percipimus,
3527 3838 3668 3894 nihil

2080 3923 2260 3971 autem
2301 3930 2494 3973 eorum
2542 3933 2665 3988 quae
2720 3920 2944 3977 aliunde
2996 3922 3152 3978 illum
3208 3939 3479 3983 exornant
3536 3945 3671 3985 con-

2080 4002 2473 4072 siderabimus,
2530 4022 2709 4079 neque
2762 4010 2809 4066 si
2863 4012 3193 4069 mirabiliter
3218 4016 3366 4073 lucet
3389 4027 3445 4074 ct
3491 4023 3668 4090 gratia

2082 4097 2352 4163 abundat,
2378 4098 2473 4153 sed
2531 4098 2710 4169 ipsum
2747 4107 3151 4170 tantummodo,
3180 4121 3245 4162 ac
3283 4110 3667 4179 particularcm

2080 4188 2568 4260 pulchritudinem,
2596 4193 2794 4248 animas
2821 4193 3075 4251 virtutem
3106 4196 3251 4254 dico.
3278 4200 3355 4255 Ex
3382 4202 3493 4259 illis
3513 4207 3663 4260 enim

2081 4280 2388 4339 studiosum
2410 4282 2685 4354 iudicabis
2716 4295 2771 4341 et
2808 4286 2913 4343 hoc
2947 4290 3123 4344 solum
3151 4291 3258 4348 erit
3284 4294 3503 4365 virtutis
3524 4296 3667 4353 indi-

2082 4376 2227 4439 cium
2260 4394 2274 4432 :
2310 4390 2492 4432 mores
2536 4386 2717 4433 autem
2765 4378 2996 4449 alicujus
3026 4397 3192 4440 nosse
3240 4385 3417 4456 ipsum
3465 4397 3551 4446 est
3579 4406 3671 4446 co-

2084 4467 2295 4537 gnitum
2354 4467 2576 4524 habere.
2632 4469 2712 4524 Ad
2769 4469 2900 4540 quid
2956 4471 3128 4541 enim,
3185 4490 3310 4531 cum
3371 4478 3500 4535 licet
3554 4481 3670 4552 jam

2083 4574 2232 4615 nunc
2295 4560 2441 4616 scire
2469 4599 2487 4628 ,
2527 4561 2887 4645 conjectare.
2909 4564 3177 4637 signaque
3199 4605 3216 4633 ,
3251 4570 3344 4626 ubi
3391 4586 3478 4628 res
3517 4574 3670 4644 ipsas

2082 4653 2836 4724 attingeredatur,qua:rere?
2864 4659 3130 4716 Ceterum
3161 4677 3260 4717 nec
3288 4663 3431 4718 istud
3454 4666 3669 4737 signum

2084 4743 2305 4799 virtutis
2335 4754 2482 4801 esset
2527 4748 2834 4805 sufﬁciens.
2867 4748 2996 4808 Haec
3038 4753 3185 4808 enim
3242 4769 3348 4809 non
3411 4759 3673 4815 omnibus
3780 4768 3785 4773 ‘

2086 4833 2353 4892 inhaerent
2385 4837 2667 4906 studiosis,
2692 4855 2792 4896 nec
2812 4841 2916 4907 illi,
2943 4843 3036 4914 qui
3067 4858 3132 4898 ca
3175 4844 3479 4913 possident,
3501 4848 3672 4905 virtu-

2086 4935 2196 4982 tem
2218 4930 2498 4999 operando
2519 4942 2799 4989 exercent.
2821 4933 2974 4989 Multi
3001 4950 3238 5006 namque
3255 4937 3668 5007 prevalentlum

2089 5024 2236 5094 apud
2293 5022 2464 5080 Deum
2528 5026 2668 5081 nihil
2736 5027 3094 5082 ostenderunt
3149 5026 3287 5095 tale;
3343 5045 3673 5104 rursumque

2088 5131 2384 5187 pravorum
2408 5118 2677 5187 quosdam
2708 5118 3004 5187 aliquando
3044 5122 3290 5189 oportuit
3317 5123 3669 5195 talia—posse;

2089 5208 2340 5280 nihilque
2388 5210 2672 5268 Christum
2722 5211 3116 5267 invocantibus
3156 5212 3497 5285 impossibile
3534 5227 3671 5283 erat,

2094 5316 2206 5367 non
2235 5303 2483 5360 moribus
2518 5305 2623 5361 hoc
2653 5304 3070 5375 praestantibus,
3102 5306 3198 5362 sed
3243 5316 3300 5363 ut
3333 5309 3425 5364 ille
3470 5310 3561 5380 qui
3592 5310 3675 5363 in-

2096 5395 2395 5451 vocabatur
2432 5396 2758 5453 rnanit‘cstus
2789 5398 2965 5452 lieret.
2997 5396 3064 5452 Et
3093 5400 3218 5455 ideo
3252 5400 3474 5469 propter
3504 5401 3673 5451 virtu—

2096 5495 2206 5541 tem
2240 5498 2370 5543 sunt
2413 5491 2673 5560 mysteria
2714 5490 3010 5560 omnisque
3039 5492 3228 5559 labor;
3261 5498 3480 5562 propter
3509 5491 3670 5545 istam

2096 5595 2224 5635 vero
2296 5590 2623 5651 potestatem
2687 5598 2849 5639 nemo
2886 5599 3076 5640 eorum
3130 5585 3224 5655 qui
3274 5586 3459 5638 sciunt
3515 5583 3674 5639 lactis

367 5684 498 5751 τὴν
530 5675 776 5741 δύναμιν
816 5673 1036 5744 ἐκείνην
1066 5671 1244 5734 οὐδεὶς
1274 5671 1425 5725 οὐδὲν
1468 5671 1855 5741 ἐμηχανήσατο
1881 5672 1990 5723 τῶν

2092 5686 2235 5741 opus
2273 5687 2394 5730 esse
2444 5675 2738 5745 quidquam
2779 5686 3037 5746 operatus
3086 5689 3187 5730 est.
3235 5673 3302 5728 Et
3342 5673 3475 5743 quid
3515 5676 3674 5731 dico?

366 5770 821 5837 ἐπισταμένων,
846 5769 918 5831 ὡς
948 5769 1027 5821 δεῖ
1058 5766 1260 5820 πονεῖν.
1301 5764 1409 5818 Καὶ
1436 5764 1488 5817 τί
1520 5765 1662 5831 λέγω
1688 5781 1704 5830 ;
1735 5764 1826 5834 Μὴ
1852 5781 1993 5833 πνρ-

2091 5766 2203 5821 Nec
2273 5760 2624 5836 pmseﬁtium
2705 5767 2876 5823 ullum
2953 5767 3288 5824 desiderium
3361 5764 3676 5825 habuerunt
