4196 6308
1832 369 2143 432 NlCOLAl
2183 368 2266 427 CA
2280 364 2571 426 BASlL/E
3711 359 3815 424 688

564 523 658 568 aut
729 507 1151 579 iuquisiverunt,
1204 500 1273 555 de
1331 497 1533 569 quibus
1605 491 1970 565 praesentibus
2017 504 2150 560 gau-

2258 485 2418 538 όντων
2457 482 2647 536 οὐδένα
2676 480 2844 534 πόθον
2890 477 3079 533 ἔλαϐον
3107 475 3219 531 οὔδ’
3246 475 3542 548 ἐζήτησαν,
3568 469 3641 529 ὧν
3673 494 3816 548 παρ-

564 609 693 658 dere
715 571 828 654 non
857 599 1004 652 licet.
1033 614 1050 646 ι
1076 593 1251 648 Nolite
1281 589 1536 660 gaudere,
1559 584 1758 654 inquit,
1792 581 1933 651 quod
1973 580 2136 649 spiri-

2258 579 2414 631 5ντων
2465 576 2587 629 οὐδέ
2655 575 2870 645 χαίρειν
2930 572 3130 636 ἔξεστι.
3186 589 3205 622 ι
3250 571 3342 641 Μὴ
3409 571 3628 642 χαίρετε
3687 571 3818 642 γὰρ.

565 710 652 754 tus
683 695 836 750 vobis
882 690 1272 760 subjiciuntur,
1317 683 1409 739 sed
1459 679 1691 750 gaudete
1725 676 1869 747 quod
1913 673 2137 730 nomina

2258 671 2430 760 ρησὶν,
2457 669 2537 721 ὅτι
2561 667 2630 720 τὰ
2668 665 2957 736 πνεύματα
2992 665 3120 733 ὑμῖν
3163 663 3555 730 ὑποτάσσεται,
3593 665 3816 736 χαίρετε

566 799 746 844 vestra
805 757 1006 853 scripta
1048 787 1175 835 sunt
1243 777 1297 830 in
1356 773 1532 828 caelis.
1575 789 1595 822 ι
1638 768 1790 836 Quod
1836 766 2000 836 igitur
2047 777 2142 816 ne-

2258 759 2318 822 Ξέ,
2350 761 2432 853 ὅτι
2471 760 2540 812 τά
2561 757 2804 829 ὀνόματα
2834 760 2991 829 ὑμῶν
3029 760 3249 832 ἐγράφη
3279 763 3335 813 ἐν
3365 763 3480 822 τοῖς
3501 761 3772 831 οὐρανοῖς.
3797 781 3814 812 ι

566 897 674 952 que
720 879 853 933 facit
903 875 1183 946 virtutem,
1245 880 1420 935 neque
1472 863 1594 932 ejus
1656 858 1997 930 praesentiam
2050 854 2142 908 de-

569 984 877 1028 monstrare
910 975 1111 1037 potest,
1156 963 1261 1016 hoc
1305 956 1524 1028 aliquis,
1567 969 1684 1007 eam
1718 964 1990 1022 quaerens,
2027 946 2146 1001 sine

568 1063 856 1122 commodo
902 1060 1126 1113 faceret.
1177 1053 1282 1107 Sed
1334 1065 1434 1104 nec
1483 1048 1530 1104 si
1579 1045 1701 1116 quis
1741 1042 1924 1098 divina
1985 1039 2147 1109 plane

568 1160 792 1213 edoctus
844 1148 1267 1207 revelationihus
1311 1143 1585 1198 frueretur
1639 1145 1944 1204 cunctaque
1983 1131 2146 1199 sciret

572 1246 849 1320 mysteria,
876 1259 942 1298 ex
986 1242 1056 1297 iis
1085 1239 1233 1294 illum
1263 1235 1579 1305 iudicamus
1617 1239 1670 1285 et
1711 1228 1995 1282 miramur.
2052 1221 2147 1274 Et-

565 1313 712 1398 enim
741 1347 1054 1405 quanquam
1085 1331 1189 1386 ista
1221 1327 1547 1398 quandoque
1573 1318 1879 1376 viventibus
1914 1315 1967 1371 in
1991 1313 2147 1369 Chri-

568 1446 654 1488 sto
699 1430 898 1501 pratsto
955 1425 1102 1486 sint,
1158 1435 1269 1474 non
1332 1421 1663 1484 componunt
1730 1423 1830 1465 nec
1900 1405 2150 1462 el'liciunt

575 1496 764 1587 vitam,
791 1523 863 1574 ita
899 1527 955 1571 ut
994 1514 1130 1570 uihil
1165 1511 1233 1566 ad
1265 1509 1518 1563 virtutem
1545 1503 1716 1573 magis
1757 1498 2011 1554 conferre
2072 1496 2151 1548 vi-

564 1585 762 1669 deatur
783 1610 833 1662 ei
867 1607 956 1676 qui
987 1605 1087 1658 ista
1115 1601 1289 1656 solum
1321 1596 1559 1665 respicit.
1583 1591 1742 1659 Quod
1772 1587 2008 1644 ostendit
2027 1585 2153 1638 bea-

571 1717 660 1759 tus
718 1700 922 1756 Paulus
972 1696 1036 1750 ad
1095 1691 1409 1748 Corinthios
1463 1685 1758 1740 scribens:
1798 1700 1816 1732 ε
1861 1679 1918 1734 Si
1982 1691 2150 1731 nove-

579 1798 707 1858 rim,
739 1793 937 1858 inquit,
987 1785 1172 1843 omnia
1227 1781 1508 1854 mysteria,
1540 1787 1867 1842 omnemque
1911 1770 2151 1825 habuero

567 1885 882 1947 scientiam,
925 1877 1242 1935 charitatem
1295 1882 1473 1927 autem
1515 1883 1624 1922 non
1685 1865 1968 1926 habuero,
2015 1858 2147 1913 nihil

569 1994 721 2038 sum,
753 1985 804 2027 et
845 1971 1020 2026 factus
1051 1982 1170 2023 sum
1197 1964 1344 2019 velut
1375 1977 1454 2016 aes
1484 1971 1688 2015 sonans
1721 1965 1812 2009 aut
1839 1949 2149 2022 cymbalum

569 2067 837 2123 tinniens.
867 2081 885 2114 ι
924 2059 1098 2120 Unde,
1128 2043 1348 2110 caeteris
1381 2044 1789 2120 praetermissis,
1821 2043 1992 2111 ipsam
2027 2037 2151 2091 ani-

576 2176 678 2215 mae
709 2158 992 2212 videamus
1021 2152 1377 2210 voluntatem,
1409 2146 1458 2197 in
1497 2155 1605 2211 qua
1635 2135 1888 2193 consistit
1919 2130 2154 2188 hominis

569 2251 794 2308 bonitas
843 2256 898 2302 et
947 2243 1176 2306 malitia,
1214 2238 1424 2293 sanitas
1454 2241 1509 2288 et
1541 2230 1790 2291 morbus,
1824 2235 1878 2280 et
1927 2220 2156 2277 omnino

568 2346 686 2398 vita
738 2340 824 2396 vel
875 2351 1050 2402 mors,
1099 2347 1330 2403 quaeque
1367 2342 1494 2382 cum
1517 2325 1659 2380 bona
1685 2327 1770 2376 est
1805 2329 1858 2374 et
1885 2316 1953 2371 ad
1985 2315 2154 2369 Deum

567 2436 754 2492 solum
792 2429 987 2494 tendit,
1021 2427 1127 2480 vita
1161 2425 1317 2479 beata
1347 2427 1451 2474 est.

645 2527 759 2579 lloc
806 2523 951 2576 enini
1010 2507 1396 2588 mysteriorum
1434 2509 1779 2576 humanique
1813 2501 1982 2559 studii
2013 2515 2151 2570 cpus

577 2628 688 2683 est,
727 2617 868 2686 quod
902 2613 1050 2667 illius
1081 2609 1224 2677 quod
1262 2621 1383 2658 vere
1421 2604 1623 2657 bonum
1657 2605 1740 2653 est
1780 2591 2156 2650 tantummodo

575 2711 720 2766 ratio
745 2684 1040 2760 diabea‘tur
1070 2740 1084 2754 .
1139 2698 1274 2752 Nam
1327 2694 1490 2750 totius
1518 2707 1644 2762 erga
1687 2690 1933 2744 homines
1962 2684 2158 2740 divinze

581 2817 723 2858 cura:
751 2799 898 2861 ﬁnis,
935 2803 995 2849 ut
1039 2793 1306 2852 videmus,
1336 2788 1440 2841 hoc
1491 2797 1662 2838 unum
1714 2788 1816 2846 est,
1846 2787 1900 2833 et
1948 2777 2015 2832 ad
2057 2777 2159 2830 hoc

579 2893 756 2951 tendit
778 2889 957 2946 omnis
989 2888 1256 2940 bonorum
1295 2876 1584 2949 promissio
1613 2873 1897 2940 omnisque
1926 2869 2158 2924 commi-

581 2983 734 3038 natio
807 2979 1099 3034 malorum.
1153 2971 1324 3040 llujus
1355 2968 1517 3020 etiam
1552 2965 1721 3033 gratia
1788 2961 1928 3015 Deus
1995 2972 2156 3010 mun-

576 3076 714 3129 dum
768 3069 926 3124 nobis
963 3069 1108 3120 hunc
1162 3059 1470 3122 aediﬁcavit,
1518 3059 1766 3124 legesque
1814 3051 2032 3121 posuit,
2093 3061 2157 3102 ac

575 3165 732 3221 mille
757 3162 916 3217 bonis
940 3157 1263 3220 cumulavit,
1289 3154 1471 3207 multis
1511 3159 1690 3204 autem
1750 3162 1844 3200 rnr
1878 3160 1941 3198 us
1984 3151 2162 3197 exter-

577 3257 698 3312 ruit
734 3253 917 3317 malis,
945 3260 1005 3304 ut
1040 3249 1106 3303 ad
1161 3244 1516 3313 semetipsum
1561 3254 1662 3294 nos
1703 3237 1946 3292 alliceret
1985 3234 2159 3286 addu-

574 3358 839 3416 eeretque
869 3353 924 3397 ut
974 3342 1149 3412 ipsum
1202 3339 1376 3394 solum
1434 3333 1664 3389 velimus
1725 3345 1789 3384 ac
1850 3327 2160 3395 diligamus.

585 3437 702 3491 lloc
754 3415 941 3489 autem
1016 3427 1364 3483 manifestum
1434 3431 1518 3478 est
1564 3435 1629 3473 ex
1681 3435 1747 3472 eo
1811 3416 1952 3484 quod
2023 3415 2164 3466 hanc

577 3535 757 3588 solani
790 3544 818 3581 a
856 3525 1038 3585 nobis,
1067 3522 1121 3574 in
1171 3533 1314 3590 quos
1359 3512 1624 3570 beneficia
1645 3509 1899 3570 contulit,
1927 3505 2164 3574 reposcit

591 3621 920 3680 mercedem,
955 3625 1008 3669 ut
1039 3615 1273 3667 velimus
1297 3611 1499 3663 bonum
1532 3602 1748 3672 etquod
1771 3602 2056 3654 honestum
2080 3603 2165 3650 est

582 3722 770 3769 mente
809 3709 1132 3761 recolamus.
1181 3700 1297 3755 Hoc
1351 3707 1622 3753 testantur
1648 3693 1835 3748 onmia
1857 3699 2161 3762 praecepta;

588 3807 695 3860 hoc
749 3799 1161 3856 exhortationes
1216 3803 1271 3848 et
1330 3789 1511 3847 omnis
1567 3802 1748 3843 Sermo
1779 3784 2074 3854 respiciens
2111 3789 2165 3835 et

585 3897 900 3967 producens
921 3889 1208 3946 hominum
1242 3884 1550 3939 utilitatem.
1584 3879 1759 3934 llomo
1787 3879 1931 3931 enim
1955 3873 2168 3945 cupidi-

581 3999 756 4044 tatem
792 3984 1198 4044 condeninans,
1233 3975 1472 4032 carnalia
1521 3972 1788 4028 desideria
1835 3967 2161 4038 reprimens,

585 4079 931 4136 iracundiam
965 4072 1247 4128 refrenetis
1283 4070 1521 4136 malique
1551 4061 1868 4118 memoriam
1901 4057 2126 4112 abolens
2146 4093 2163 4121 ,

583 4172 728 4226 nihil
801 4169 911 4223 uisi
993 4163 1287 4220 voluntatis
1369 4159 1669 4214 bonitatem
1725 4162 1780 4208 et
1838 4149 2163 4206 modestiam

586 4261 1230 4330 exposcit;rursumqne
1277 4259 1568 4321 paupertas
1611 4248 1665 4300 in
1710 4243 1931 4313 Spiritu,
1959 4242 2164 4304 luctus,

596 4350 992 4411 misericordia,
1013 4343 1399 4403 mansuetudo,
1420 4350 1679 4394 utea-tera
1694 4342 1911 4397 cuncta,
1930 4346 2163 4401 quorum

589 4455 893 4500 sectatores
906 4439 1167 4492 ChriStus
1191 4434 1478 4504 appellavit
1503 4433 1710 4492 beatos,
1728 4423 2016 4478 manifeste
2037 4433 2162 4478 sunt

2247 853 2314 906 ’³0
2337 851 2516 953 τρίνυν
2546 852 2698 953 μήτῖ
2715 853 2860 906 ποιεῖ
2887 851 2987 923 τὴν
3014 853 3239 922 ἀρετὴν,
3271 854 3411 924 μήτε
3443 853 3572 921 γοῦν
3597 854 3820 908 δύναται

2248 942 2489 1014 μηνῦσαι
2519 941 2828 1010 παροῦσαν,
2864 941 3161 1012 περίεργον
3195 943 3249 995 εί
3275 959 3359 1007 τις
3389 945 3606 1014 ἐκείνην
3638 943 3822 1014 ζητῶν

2243 1035 2403 1088 τοῦτο
2434 1035 2910 1104 πολυπραγμονεῖ.
2955 1032 3098 1087 Ἀλλ’
3140 1033 3249 1088 οὐδ’
3283 1035 3332 1087 εί
3381 1034 3630 1104 θεωριῶν
3661 1051 3824 1088 τινων

2247 1126 2515 1181 ἀπολαύει
2546 1127 2640 1180 καὶ
2673 1124 3074 1196 ἀποκαλύψεων
3101 1126 3360 1196 τυγχάνει
3393 1128 3490 1179 καὶ
3520 1127 3590 1180 τά
3621 1127 3822 1196 μυστήο

2249 1234 2343 1286 ρια
2375 1218 2554 1271 πάντα
2597 1211 2760 1278 οἶδεν.
2809 1215 2920 1270 ἀπὸ
2951 1216 3159 1270 τούτων
3209 1216 3376 1270 αὑτὸν
3415 1217 3678 1285 είσόμεθα
3729 1218 3824 1269 καὶ

2249 1307 2634 1376 θαυμάσομεν.
2667 1306 2780 1360 Καὶ
2827 1305 2997 1360 ταῦτα
3024 1307 3133 1377 γὰρ
3172 1307 3345 1360 ἐνίοτε
3384 1307 3669 1361 ἀκολουθεῖ
3713 1312 3824 1370 τοῖς

2249 1402 2310 1454 ἐν
2341 1399 2563 1470 Χριστῷ
2597 1397 2789 1464 ζῶσιν,
2817 1397 2877 1451 οὐ
2916 1399 3233 1466 συνίστησιν
3262 1397 3370 1452 οὐδ’
3404 1398 3697 1468 ἐργάζεται
3726 1398 3826 1466 τὴν

2251 1493 2419 1563 ζωὴν,
2445 1491 2586 1545 ὥστε
2641 1491 2810 1562 μηδὲν
2852 1490 3018 1544 πλέον
3055 1491 3133 1552 είς
3167 1490 3370 1561 ἀρετὴν
3399 1487 3541 1542 εῖναι
3578 1489 3656 1558 τῷ
3689 1493 3826 1558 arpi;

2251 1586 2427 1639 ταῦτα
2461 1585 2623 1655 μόνον
2668 1585 2900 1654 ὁρῶντιο
2940 1581 3226 1635 καὶτοῦτο
3268 1583 3543 1636 δείκνυσιν
3572 1585 3601 1636 ό
3654 1587 3830 1653 μακά-

2255 1694 2370 1748 ριος
2430 1676 2667 1740 Παῦλος,
2723 1677 2781 1730 ἐν
2836 1671 2921 1738 οἷς
2973 1674 3292 1746 Κορινθίοις
3349 1674 3602 1743 γράφων,
3637 1693 3654 1726 r
3705 1675 3828 1727 Ἐὰν

2253 1769 2400 1832 εἰδῶ,
2427 1769 2585 1839 φησὶ,
2615 1766 2684 1819 τὰ
2713 1767 2993 1837 μυστήρια
3025 1765 3224 1832 πάντα,
3263 1767 3357 1818 καὶ
3384 1766 3492 1836 ἔχω
3515 1768 3700 1820 πᾶσαν
3732 1770 3829 1834 τὴν

2185 1825 2228 1885 Β
2258 1825 2742 1928 nominem];
2790 1858 2847 1910 δὲ
2881 1825 2953 1929 μὴ
2982 1857 3110 1928 εχω,
3143 1825 3297 1910 οὐδέν
3341 1825 3478 1926 εἰμί,
3512 1859 3604 1910 καὶ
3631 1825 3831 1926 γέγονα

2255 1951 2456 2024 χαλκὸς
2482 1952 2635 2020 ἠχῶν
2668 1951 2702 2022 ἢ
2746 1949 3030 2020 κύμϐαλον
3079 1949 3371 2015 ἀλαλάζον.
3406 1969 3424 2001 ι
3463 1949 3627 2002 Ὀθεν
3665 1950 3833 2004 τᾶλλα.

2257 2043 2712 2114 παραδραμόντες
2756 2045 2836 2106 είς
2883 2043 3051 2112 αὐτὴν
3081 2043 3282 2113 ίδωμεν
3329 2042 3429 2114 τὴν
3483 2042 3702 2110 θέλησιν
3734 2043 3832 2112 τῆς

2259 2129 2606 2208 ψυχῆς,ἐνῇ
2657 2135 2753 2186 καὶ
2801 2136 3108 2205 χρηστότης
3159 2134 3493 2205 συνέστηκεν
3541 2134 3832 2204 ἀνθρώπου

2261 2233 2356 2283 καὶ
2389 2228 2648 2299 πονηρία,
2687 2227 2779 2280 κάὶ
2812 2227 2872 2280 τὸ
2899 2227 3116 2296 ἀληθῶς
3137 2227 3402 2294 ὑγιαίνειν
3437 2227 3527 2279 καὶ
3545 2226 3604 2279 τὸ
3636 2229 3832 2290 νοσεῖν,

2259 2324 2355 2377 καὶ
2387 2321 2614 2374 καθόλου
2646 2319 2743 2390 ζῇν
2777 2319 2809 2390 ἢ
2837 2319 3111 2384 τεθνάναι,
3147 2318 3215 2388 ἢν
3244 2318 3304 2370 τι
3341 2319 3552 2387 ἀγαθὴν
3571 2315 3708 2372 εἶναι
3741 2323 3836 2373 καὶ

2259 2414 2398 2484 πρὸς
2425 2413 2559 2465 Θεδν
2592 2413 2752 2482 μόνον
2777 2411 2980 2482 ἔχεινῆ
3017 2410 3264 2481 μακαρία
3303 2412 3419 2463 ἐστὶ
3456 2411 3594 2482 ζωή.

2330 2503 2504 2556 Τοῦτο
2556 2503 2666 2571 γὰρ
2718 2501 2814 2555 καὶ
2872 2501 3188 2572 μυστηρίων
3241 2503 3337 2555 καὶ
3393 2501 3626 2572 μελέτης
3675 2501 3834 2571 ἔργον

2257 2593 2572 2663 ἀνθρώπου,
2635 2595 2734 2662 τὴν
2791 2594 3018 2661 γνώμην
3079 2591 3243 2662 μόνου
3293 2593 3550 2661 γενέσθαι
3606 2592 3701 2646 τοῦ
3757 2594 3834 2656 ὡς

2257 2685 2473 2756 ἀληθῶς
2505 2683 2733 2754 ἀγαθοῦ.
2761 2684 2868 2738 Kal
2893 2683 3002 2753 γὰρ
3025 2684 3124 2754 τῆς
3153 2684 3247 2738 τοῦ
3276 2684 3414 2739 Θεοῦ
3440 2685 3570 2754 περὶ
3592 2686 3652 2739 τὸ
3678 2686 3832 2754 γένος

2259 2777 2581 2848 ἐπιμελείας
2619 2777 2839 2846 ἀπάσης
2893 2777 3068 2829 ἐκεῖνο
3097 2778 3262 2847 μόνον
3293 2779 3448 2842 τέλος
3495 2777 3642 2832 ἔστιν
3683 2777 3830 2842 ἰδεῖν,

2260 2870 2352 2924 καὶ
2393 2870 2529 2938 πρὸς
2559 2868 2718 2922 τοῦτο
2747 2871 2897 2923 πᾶσα
2930 2871 3028 2938 μὲν
3059 2868 3279 2937 ἀγαθῶν
3310 2868 3612 2937 ἐπαγγελία
3653 2869 3831 2940 φέρει,

2262 2963 2412 3016 πᾶσα
2435 2961 2492 3014 δὲ
2525 2960 2710 3015 κακῶν
2737 2962 2936 3032 ἀπειλή
2967 2977 2980 2990 ο
3012 2962 3108 3014 καὶ
3129 2960 3322 3014 τούτου
3350 2961 3511 3032 χάριν
3530 2963 3557 3013 ὁ
3584 2963 3716 3024 Θεὸς
3742 2963 3835 3015 τὸν

2260 3055 2464 3125 κόσμον
2490 3055 2620 3124 ἡμῖν
2653 3051 2968 3124 ᾠκοδόμησε
3017 3053 3224 3119 τοῦτον,
3277 3057 3370 3108 καὶ
3413 3055 3604 3122 νόμους
3638 3053 3829 3124 ἔθηκε,

2186 3191 2229 3247 c
2261 3147 2354 3247 καὶ
2388 3144 2742 3247 μυρίοις-μὲν
2771 3140 2905 3214 ἧσεν
2935 3147 3184 3214 ἀγαθοῖς,
3219 3144 3426 3206 πολλοῖς
3471 3143 3526 3197 δὲ
3563 3143 3828 3214 μετῆλθεν

2264 3239 2529 3307 ἀνιαροῖς,
2564 3237 2634 3290 ἵν’
2665 3240 2746 3301 εἰς
2777 3237 2971 3290 ἑαυτὸν
3005 3237 3313 3310 ἐπιστρέψῃ
3343 3239 3439 3291 καὶ
3469 3239 3629 3308 πείσῃ
3655 3236 3831 3290 θέλειν

2265 3328 2427 3382 αύτδν
2453 3330 2547 3383 καὶ
2587 3331 2751 3399 μόνον
2780 3328 2982 3397 φιλεῖν.
3015 3328 3185 3380 Τοῦτο
3213 3329 3270 3382 δὲ
3314 3328 3497 3399 δῆλον,
3521 3330 3578 3395 ἐξ
3605 3323 3678 3381 ὧν
3707 3329 3839 3382 ταύ-

2263 3438 2364 3492 την
2402 3421 2569 3493 μόνην
2596 3421 2726 3494 παρ’
2750 3422 2930 3491 ἡμῶν,
2961 3421 3103 3492 ὺπέρ
3131 3416 3206 3476 ὧν
3232 3418 3291 3476 εὖ
3322 3424 3644 3493 πεποίηκεν,
3675 3423 3838 3477 ἀπαι-

2265 3520 2348 3570 τεῖ
2376 3517 2475 3588 τὴν
2507 3517 2701 3587 φορὰν,
2727 3515 2787 3568 τὸ
2817 3515 3022 3584 ἀγαθὸν
3050 3516 3339 3587 βούλεσθαι
3359 3520 3460 3572 καὶ
3486 3518 3584 3589 τὴν
3613 3516 3840 3589 γνώμην

2266 3601 2409 3660 εἶναι
2436 3607 2742 3678 χρηστούς’
2776 3608 2870 3662 καὶ
2903 3607 3240 3680 μαρτυροῦσι
3272 3609 3371 3678 μὲν
3396 3608 3608 3662 ἐντολαὶ
3642 3611 3838 3677 πᾶσαι,

2271 3699 2607 3772 μαρτυροῦσι
2636 3701 2692 3754 δὲ
2745 3702 3098 3772 παραινέσεις
3131 3703 3224 3756 καὶ
3273 3702 3462 3767 ἁπλῶς
3507 3703 3662 3772 λόγος
3697 3704 3841 3768 ἄπας

2267 3791 2576 3860 ἀνθρώποις
2607 3789 2800 3859 όφελος
2835 3791 2998 3861 ἔχων,
3036 3792 3116 3853 είς
3161 3789 3321 3844 τοῦτο
3353 3794 3559 3862 φέρων.
3593 3794 3704 3848 Kal
3732 3793 3841 3862 γὰρ

2267 3880 2580 3945 πλεονεξίαν
2605 3881 2849 3952 ἀναιρῶν
2899 3883 2994 3935 καὶ
3029 3883 3299 3952 σωμάτων
3345 3883 3648 3954 ἐπιθυμίαν
3678 3885 3843 3938 κολάι

2268 3970 2376 4037 ξων
2405 3973 2502 4026 καὶ
2532 3971 2703 4042 θυμὸν
2750 3973 2934 4044 ἄγχων
2987 3975 3078 4026 καὶ
3114 3973 3482 4042 μνησικακίαν
3535 3974 3841 4043 ἐκϐάλλων,

2265 4062 2420 4116 οὐδὲν
2448 4061 2481 4132 ἢ
2511 4063 2742 4134 γνώμης
2765 4065 3116 4135 χρηστότητα
3147 4065 3242 4118 καὶ
3270 4065 3571 4120 ἐπιείκειαν
3598 4069 3836 4120 ἀπαιτεῖ·

2267 4156 2360 4208 καὶ
2395 4151 2554 4219 αὖθις
2593 4157 2626 4221 ἠ
2672 4157 2730 4209 ἐν
2785 4155 3056 4225 πνεύματι
3111 4157 3351 4227 πτωχεία
3396 4159 3490 4211 καὶ
3532 4158 3592 4211 τὸ
3625 4157 3841 4212 πενθεῖν

2267 4248 2360 4300 καὶ
2399 4248 2460 4299 τὸ
2509 4247 2680 4302 ἐλεεῖν
2724 4251 2820 4302 καὶ
2868 4251 2928 4302 τὸ
2961 4250 3137 4321 πρᾶον
3184 4245 3328 4303 εἶναι
3368 4251 3462 4301 καὶ
3513 4251 3620 4302 τῶν
3664 4251 3842 4303 ἄλλων

2267 4337 2517 4405 ἕκαστον,
2547 4337 2584 4392 ἀ
2638 4339 2767 4401 τοὺς
2813 4339 3213 4409 κατορθοῦντας
3263 4341 3291 4392 ό
3335 4340 3567 4410 Χριστ“ς
3617 4341 3844 4394 ἐιάὶετιε

2270 4429 2601 4500 μακαρίους,
2641 4430 2882 4501 ἀτεχνῶς
2907 4430 3046 4501 ἔργα
3078 4431 3368 4502 θελήσεως.
3403 4431 3606 4486 Ἔτιδέ
3629 4435 3687 4485 τὸ
3717 4451 3843 4487 σνν-

586 4550 759 4606 θιιοτα
790 4525 1244 4586 νθιυιιιειιὶε..8ιιι1
1293 4533 1347 4576 et
1384 4522 1547 4575 rectis
1593 4517 1903 4574 consentire
1944 4515 2159 4586 dogma-

2272 4521 2460 4576 θέσθαι
2493 4525 2604 4586 τοῖς
2631 4523 2810 4594 ὀρθοῖς
2837 4525 2945 4577 τῶν
2975 4525 3260 4594 δογμάτων
3290 4527 3384 4578 καὶ
3432 4529 3562 4595 περὶ
3596 4526 3733 4579 Θεοῦ
3770 4529 3840 4580 τά

597 4631 743 4681 tibus
795 4631 850 4677 et
899 4618 1081 4672 omnia
1114 4617 1181 4668 ad
1215 4614 1383 4667 Deum
1418 4613 1641 4677 referre,
1681 4611 1814 4664 bene
1837 4616 2168 4662 moratorum

586 4730 714 4784 est;
767 4732 832 4769 ac
880 4710 1143 4774 omnino,
1194 4717 1414 4776 propter
1459 4703 1786 4758 eharitatem
1843 4700 1986 4756 Deus
2036 4698 2172 4752 dicit

591 4827 814 4868 omnem
849 4808 1075 4878 positam
1106 4816 1229 4858 esse
1255 4800 1461 4869 legem;
1513 4798 1748 4852 charitas
1790 4807 1968 4849 autem
2018 4794 2174 4845 bonae

589 4902 795 4958 indolis
817 4912 901 4954 est
927 4898 1120 4950 virtus.
1147 4891 1284 4945 Cum
1320 4890 1486 4958 igitur
1519 4897 1639 4957 post
1667 4901 1884 4941 omnem
1929 4882 2174 4951 discipli-

603 5010 726 5049 nam
766 4987 1227 5060 acprovidentiam
1259 4980 1551 5036 voluntatis
1583 4978 1725 5033 Deus
1754 4993 1781 5029 a
1811 4975 1964 5028 nobis
1991 4972 2176 5039 requi-

603 5097 687 5140 izat
739 5079 1289 5145 fruetus,cvidenter
1345 5076 1396 5127 in
1439 5072 1588 5126 illam
1626 5067 2103 5127 cunctaseminat,
2123 5070 2176 5116 et

591 5189 821 5232 onlnem
856 5174 907 5226 in
943 5187 1004 5225 ea
1035 5169 1254 5238 deponit
1285 5166 1350 5220 ad
1400 5166 1603 5218 bonum
1647 5164 1942 5230 potentiam
1975 5172 2039 5210 ac
2067 5156 2176 5210 dis-

607 5265 955 5338 positionem.
1025 5261 1214 5328 ltaque
1283 5257 1613 5327 baptismum
1688 5264 1905 5321 quoque
1954 5247 2174 5302 adhoc

591 5361 765 5417 nobis
811 5356 980 5420 dedit,
1015 5362 1068 5408 et
1097 5357 1149 5408 iu
1182 5353 1395 5408 caeteris
1419 5365 1518 5404 nos
1559 5347 1814 5409 initiavit,
1841 5353 1898 5398 ut
1933 5344 1988 5398 in
2018 5341 2174 5396 nobis

603 5459 808 5511 bonam
836 5451 1074 5504 efﬁceret
1099 5449 1450 5508 voluntatem,
1479 5441 1546 5496 ad
1571 5440 1712 5511 quod
1735 5439 1966 5509 pertinet
1992 5437 2175 5489 omnis

594 5547 996 5618 .mysteriorum
1032 5548 1277 5610 potestas
1322 5549 1377 5591 et
1422 5551 1560 5588 nova
1600 5534 1726 5586 inde
1755 5530 2008 5585 exoriens
2042 5529 2171 5581 vita.

598 5643 871 5694 (iuuerunt
912 5635 1048 5705 quid
1103 5633 1316 5684 tandem
1373 5627 1530 5680 nobis
1575 5623 1860 5693 potestatis
1889 5618 2177 5674 conferunt

595 5728 894 5798 mysteria?
946 5727 1025 5778 Ad
1083 5723 1315 5776 futuram
1381 5716 1544 5768 vitam
1619 5722 1946 5784 praeparant,
1989 5719 2048 5765 ut
2101 5709 2177 5762 ait

589 5819 836 5886 faulus,
861 5837 880 5870 ι
907 5818 1132 5870 virtutes
1159 5821 1284 5868 sunt
1315 5805 1528 5864 venturi
1557 5804 1764 5862 saeculi.
1789 5823 1806 5857 i
1834 5805 1974 5872 Quid
1994 5813 2174 5859 autem

2271 4614 2401 4669 ὅντα
2432 4613 2748 4705 πιστεῦσαι,
2783 4614 2892 4668 τῶν
2941 4617 3301 4685 εὐγνωμόνων
3333 4617 3542 4680 γίνεται
3565 4633 3581 4649 ’
3615 4617 3712 4670 καὶ
3745 4635 3850 4670 κα-

2274 4706 2432 4759 θόλου
2447 4704 2552 4776 τῆς
2583 4707 2803 4778 ἀγάπης
2829 4707 2993 4760 ἕνεκα
3024 4709 3200 4762 πάντα
3226 4709 3392 4780 φησὶν
3415 4711 3442 4762 ό
3464 4708 3599 4772 Θεὸς
3625 4709 3849 4778 τεθῆναι

2394 4798 2578 4894 νόμον,
2621 4800 2653 4868 ἡ
2705 4797 2781 4894 δὲ.
2813 4799 3003 4894 ἀγάπη
3044 4799 3144 4868 τῆς
3163 4799 3422 4894 *γνώμης
3456 4801 3605 4853 ἐστὶν
3652 4803 3847 4872 ἀρετή.

2277 4886 2405 4939 Ὅτε
2437 4887 2620 4940 τοίνυν
2656 4886 2794 4956 μετὰ
2836 4887 3017 4940 πᾶσαν
3055 4886 3305 4939 παιδείαν
3343 4888 3437 4940 καὶ
3465 4888 3722 4958 πρόνοιαν
3760 4889 3851 4940 θε-

2274 4977 2482 5047 λήσεως
2528 4978 2744 5047 ἡμᾶς,ὁ
2795 4976 2935 5040 Θεὸς
2981 4977 3304 5045 εἰσπράττει
3361 4978 3633 5048 καρποὺς,
3689 4977 3849 5049 δῆλός

2275 5069 2428 5121 ἐστιν
2461 5069 2541 5130 είς
2602 5068 2819 5137 ἐκείνην
2867 5067 3088 5122 ἅπαντα
3137 5069 3378 5139 σπείρων
3425 5068 3520 5121 καὶ
3581 5070 3759 5121 πᾶσαν
3790 5070 3851 5120 ἐν

2275 5161 2413 5230 αὐτῇ
2442 5159 2927 5228 καταϐαλλόμενος
2967 5161 3066 5229 τὴν
3100 5161 3179 5224 είς
3209 5159 3449 5229 τάγαθὸν
3491 5158 3722 5228 δύναμιν
3754 5161 3849 5212 καὶ

2273 5253 2652 5320 παρασκευήν.
2705 5253 2914 5303 Οὐκοῦν
2966 5252 3061 5303 καὶ
3107 5253 3166 5302 τὸ
3225 5251 3506 5320 βάπτισμα
3555 5252 3642 5303 διὰ
3693 5251 3852 5303 τοῦτο

2275 5340 2478 5393 δέδωκε
2512 5343 2603 5392 καὶ
2656 5339 2828 5392 τᾶλλα
2870 5341 3022 5409 ἡμᾶς
3077 5341 3348 5406 ἐτέλεσεν,
3405 5340 3492 5392 ἵνα
3540 5341 3677 5409 πρὸς
3717 5343 3850 5408 ἡμῖν

2275 5434 2488 5503 ἀγαθὴν
2517 5435 2717 5503 ποιήσῃ
2751 5434 2848 5502 τὴν
2884 5434 3133 5510 γνώμην,
3169 5434 3262 5485 καὶ
3312 5433 3466 5485 πᾶσα
3499 5432 3609 5482 τῶν
3645 5446 3854 5500 μυστη-

2279 5527 2409 5596 ρίων
2443 5527 2474 5595 η
2503 5525 2732 5596 δύναμις
2763 5527 2914 5594 καὶὴ
2951 5526 3112 5594 καινὴ
3151 5523 3266 5594 ζωὴ
3311 5525 3443 5593 παρ’
3473 5526 3634 5592 αὐτῇ.
3673 5523 3851 5585 Ὀλως

2275 5619 2330 5669 δὲ
2359 5618 2411 5670 τί
2447 5634 2578 5669 ποτε
2604 5619 2732 5688 ἡμῖν
2763 5618 2820 5669 al
2851 5617 3066 5668 τελεταὶ
3099 5616 3396 5682 δύνανται;
3427 5617 3566 5684 Πρὸς
3597 5615 3687 5666 τὸν
3720 5613 3854 5682 μέλ-

2276 5710 2438 5762 λοντα
2480 5710 2592 5779 βίον
2629 5708 3112 5777 παρασκευάζουσι
3142 5723 3155 5737 ’
3206 5727 3223 5760 ι
3266 5710 3534 5775 Δυνάμεις
3585 5706 3694 5773 γάρ
3746 5705 3854 5754 είσι

2283 5801 2377 5855 τοῦ
2413 5801 2696 5873 μέλλοντος
2719 5801 2934 5865 αἰῶνος,
2975 5819 2992 5850 ι
3098 5816 3228 5869 φησι
3260 5799 3466 5861 Παῦλος
3490 5813 3507 5829 ο
3539 5799 3593 5850 τί
3624 5797 3679 5850 δέ
3703 5793 3854 5848 ἐστιν
