4196 6308
551 392 649 457 691

1812 395 2122 456 NICOLAI
2156 398 2548 463 CABASILE

3679 417 3791 481 692

547 506 725 561 odisse
762 515 1031 576 oporteat,
1059 517 1110 560 ct
1139 507 1204 561 de
1229 507 1430 576 quibus
1463 506 1642 576 lugere
1689 507 1862 570 decet,
1917 507 2118 564 contri-

2229 513 2504 585 ζητῶμεν,
2539 517 2592 570 τί
2620 517 2678 571 rb
2704 520 2779 584 ὡς
2803 520 3016 591 ἀληθῶς
3047 519 3321 595 ἀνθρώπῳ
3349 525 3540 582 κακόν.
3577 529 3798 584 Πολλῶν

547 605 744 649 statur.
776 594 980 650 ldcirco
1008 612 1335 666 quaeramus,
1367 597 1497 666 quid
1536 595 1737 649 homini
1762 611 1882 650 vere
1918 599 2120 650 malum

547 687 636 742 sit.
672 686 838 743 Multa
896 703 1055 757 porro
1081 704 1206 740 cum
1249 688 1356 741 sint
1385 703 1448 741 ac
1475 687 1712 750 diversa,
1749 702 1868 756 qua:
1893 686 2002 742 isto
2033 703 2126 742 vo-

546 785 741 830 cantur
792 779 1052 845 nomine;
1085 778 1188 857 alia
1219 778 1438 846 quidem
1490 777 1704 831 cunctis
1759 776 2125 833 communiter

544 869 882 932 hominibus,
904 871 1008 924 alia
1043 885 1168 922 vero
1193 869 1521 939 quibusdam
1549 868 1919 933 incommoda,
1945 867 2124 937 gravis

544 974 627 1017 est
652 963 845 1018 anima:
877 962 1078 1016 malitia
1106 971 1160 1015 et
1194 960 1389 1015 mentis
1418 961 1662 1016 morbus.
1704 959 1910 1015 Etenim
1949 970 2123 1013 astro-

545 1067 665 1106 ium
732 1050 1014 1116 deiectus,
1065 1059 1367 1122 temporum
1449 1049 1835 1114 confusiones,
1881 1049 2122 1102 locorum

545 1143 882 1206 sterilitates,
929 1152 1087 1197 terrae
1108 1142 1424 1208 divisiones,
1449 1149 1606 1196 terra:
1639 1149 1818 1196 motus
1845 1155 1910 1194 ac
1931 1137 2119 1209 pestis,

547 1245 760 1306 egestas
797 1244 851 1290 et
873 1235 1120 1301 morbus,
1151 1233 1373 1304 injuria,
1420 1249 1608 1289 carcer
1668 1243 1724 1288 et
1789 1232 2117 1297 verbera,et

548 1326 741 1380 horum
776 1324 1202 1394 unumquodque
1249 1333 1426 1393 potest
1461 1325 1513 1378 in
1545 1325 1724 1394 seipse
1741 1324 1960 1395 quidem
1992 1337 2115 1379 esse

543 1416 770 1482 malum,
832 1415 1038 1469 homini
1095 1429 1226 1488 vero
1284 1414 1506 1468 minime
1566 1414 1768 1466 malum
1831 1420 1936 1467 est.
1989 1411 2120 1468 Haec

541 1520 778 1575 namque
812 1505 1032 1576 quidem
1068 1504 1307 1558 exterius
1349 1496 1569 1568 ve'xant,
1598 1519 1700 1559 nec
1750 1503 1892 1556 ultra
1924 1516 2124 1571 corpus

540 1607 594 1653 ct
623 1597 1001 1667 possessiones
1048 1596 1420 1650 extenduntur
1458 1613 1475 1651 ι
1529 1596 1689 1648 homo
1736 1609 1863 1648 vero
1897 1609 2003 1649 non
2038 1602 2125 1647 est

543 1707 764 1759 corpus.
799 1700 880 1754 ut,
915 1690 1020 1745 hoc
1068 1689 1376 1754 ia‘ooraute,
1428 1689 1542 1758 ipse
1576 1695 1822 1757 aegrotet,
1875 1701 2052 1755 neque
2094 1700 2123 1739 a

544 1783 751 1838 fortiori
803 1783 944 1848 illis,
971 1798 1095 1852 quae
1133 1781 1348 1850 corpori
1394 1779 1702 1834 necessaria
1735 1777 2125 1852 suppeditant,

541 1874 754 1940 ablatis,
775 1877 827 1928 in
861 1873 1198 1930 humanitate
1220 1888 1316 1926 sua
1343 1871 1458 1925 laedi
1495 1869 1710 1941 poterit.
1734 1869 1872 1936 Quin
1897 1869 2005 1923 imo
2027 1884 2126 1923 nec

541 1965 902 2022 multitudinis
928 1963 1129 2034 judicia
1163 1963 1434 2017 hominem
1465 1963 1747 2032 effingunt,
1786 1969 1846 2015 ut
1884 1963 1954 2016 sit
1977 1961 2126 2014 dcte-

541 2059 672 2124 rior,
699 2058 744 2112 si
767 2057 887 2128 quis
918 2057 984 2112 de
1034 2052 1164 2126 ἱρῇ⁵
1186 2056 1365 2111 minus
1397 2057 1531 2110 bene
1581 2055 1804 2125 judicat.
1828 2051 2036 2107 Etenim
2075 2051 2119 2105 si

542 2164 868 2219 poneremus
917 2149 1083 2212 istud,
1124 2158 1392 2217 oporteret
1440 2157 1493 2201 et
1540 2147 1677 2200 male
1728 2161 1885 2216 agere
1932 2159 2121 2218 quem-

539 2243 662 2296 dam
705 2251 758 2298 et
782 2257 879 2311 per
916 2256 977 2296 se
1002 2240 1277 2296 meliorem
1305 2253 1425 2294 esse
1457 2279 1470 2303 ,
1503 2253 1724 2308 pravum
1753 2237 1969 2308 quidem
1997 2252 2119 2292 esse

539 2334 703 2390 simul
746 2347 809 2390 ac
854 2333 1079 2396 bonum,
1122 2331 1385 2386 miserum
1437 2345 1501 2385 ac
1551 2331 1811 2393 beatum,
1846 2328 2114 2399 siquidem

542 2428 654 2482 inec
685 2426 798 2492 alii,
839 2426 930 2481 alii
963 2439 1093 2480 vero
1149 2425 1240 2479 illa
1277 2425 1589 2493 opinantur.
1627 2421 1682 2474 Si
1719 2430 1899 2475 autem
1941 2422 2108 2472 homo

541 2535 665 2575 vere
715 2520 788 2578 sit
837 2519 1086 2574 voluntas
1143 2526 1195 2572 et
1237 2517 1399 2580 ratio,
1448 2514 1596 2583 quod
1631 2513 1766 2567 nihil
1801 2513 1949 2566 aliud
1986 2527 2111 2565 cum

539 2629 606 2670 eo
640 2612 1024 2674 communicat,
1062 2610 1166 2664 hoc
1207 2609 1426 2678 quidem
1456 2607 1730 2672 virtutem,
1788 2605 1920 2660 illud
1983 2619 2114 2658 vero

541 2703 802 2760 malitiam
850 2701 1094 2756 hominis
1146 2701 1421 2768 respicere
1464 2706 1677 2766 potest;
1710 2706 1763 2750 et
1811 2697 1864 2750 in
1905 2697 1991 2750 his
2027 2696 2111 2748 in-

541 2793 839 2848 fortunium
875 2799 930 2846 et
949 2791 1075 2846 boni
1113 2805 1292 2846 mores
1313 2789 1502 2846 eodem
1546 2787 1830 2855 redibunt;
1857 2796 2116 2857 aegrotare

539 2895 595 2941 et
632 2885 773 2940 bene
826 2884 1029 2950 valere,
1087 2882 1140 2936 in
1175 2882 1470 2952 gemitibus
1496 2879 1681 2936 vivere
1711 2889 1764 2933 et
1811 2881 1864 2932 in
1901 2879 2114 2934 deliciis

539 2991 682 3041 esse,
711 2975 860 3046 quod
903 2975 958 3030 in
985 2959 1280 3045 htramque
1331 2982 1536 3042 partem
1563 2972 1809 3026 inclinat.
1844 2971 2112 3036 Quoniam

540 3079 720 3123 autem
753 3081 908 3122 error
938 3065 1164 3122 rationis
1213 3075 1296 3120 cst
1339 3064 1680 3121 mendacium
1712 3063 2116 3132 voluntatisque

537 3159 889 3228 perversitas,
936 3158 1288 3229 quaerendum
1342 3166 1592 3226 superest
1634 3171 1867 3225 quonam
1914 3156 2115 3209 indicio

546 3250 841 3306 manifesto
909 3249 1194 3318 utriusque
1263 3262 1660 3320 cegnoscamus
1710 3261 1978 3302 errorem.
2034 3246 2113 3301 Ex

542 3341 729 3397 multis
776 3351 955 3396 autem
1021 3342 1224 3412 ubique
1292 3339 1531 3396 omnium
1603 3338 1964 3394 rectissimum
2035 3346 2119 3391 est

544 3434 638 3488 Dei
677 3432 982 3503 iudicium;
1022 3432 1225 3488 bonum
1257 3440 1438 3485 autem
1498 3437 1552 3484 et
1601 3443 1790 3484 verum
1826 3439 1934 3493 est,
1970 3428 2113 3496 quod

541 3525 619 3584 illi
670 3525 872 3592 placet,
897 3523 1038 3579 istud
1091 3532 1271 3578 autem
1323 3536 1554 3591 pravum
1598 3535 1662 3573 ae
1713 3519 1928 3585 falsum,
1972 3519 2114 3588 quod

542 3617 786 3686 ejusdem
840 3631 948 3670 non
1005 3614 1213 3669 obtinet
1262 3611 1618 3678 suifragium;
1669 3619 1721 3665 et
1760 3610 1848 3665 illa
1895 3597 2112 3678 quidem

541 3723 666 3778 quae
708 3708 841 3762 utile
894 3714 1084 3761 censet
1118 3705 1325 3760 homini
1366 3703 1575 3760 discere
1633 3718 1758 3758 vera
1801 3710 1963 3767 sunt;
1994 3716 2116 3772 quae

542 3816 674 3858 vero
724 3800 863 3855 velle
905 3798 1081 3866 jubet.
1127 3804 1268 3851 bona
1303 3803 1465 3861 sunt;
1507 3810 1630 3866 quae
1661 3804 1843 3848 autem
1889 3794 1973 3848 his
2016 3794 2114 3848 ad-

544 3898 861 3953 versantur,
898 3900 1086 3943 errore
1133 3892 1189 3938 et
1248 3883 1490 3955 nequitia
1549 3883 1706 3954 plena
1751 3891 1904 3938 sunt.
1972 3883 2116 3937 Inter

536 3979 724 4035 divina
777 3991 941 4047 porro
999 3975 1240 4041 oracula,
1283 3973 1534 4044 quaedam
1597 3988 1693 4043 per
1757 3972 2005 4030 homines
2057 3972 2110 4025 in

537 4083 744 4128 terram
818 4070 979 4126 allata
1059 4077 1226 4132 sunt,
1278 4067 1509 4125 aliorum
1567 4077 1747 4120 autem
1799 4065 1914 4137 ipse
1967 4065 2109 4119 Deus

541 4165 646 4222 fuit
722 4163 997 4226 nuntius,
1057 4161 1349 4218 humanam
1426 4159 1646 4216 indutus
1711 4169 1994 4224 naturam,
2058 4167 2113 4212 et

543 4259 707 4312 homo
749 4254 990 4311 hominis
1045 4254 1228 4325 lingua
1278 4253 1498 4322 prepria
1551 4251 1933 4306 convenientia
1962 4265 2112 4304 reve-

541 4350 682 4406 latis.
731 4347 870 4414 Quid
929 4355 1111 4400 autem
1168 4344 1356 4399 utilius
1402 4345 1708 4414 praeceptis,
1756 4351 1850 4395 aut
1897 4343 2112 4412 dogma-

535 4439 690 4493 tibus
740 4437 919 4491 verius
971 4441 1078 4501 est,
1127 4434 1194 4488 de
1241 4433 1441 4501 quibus
1481 4431 1626 4486 Deus
1679 4434 1794 4502 ipse
1831 4432 2110 4501 legislator

2227 605 2407 658 τοίνυν
2441 608 2535 660 καὶ
2589 609 2948 666 παντοδαπῶν
2986 613 3178 676 όντων,
3223 614 3260 670 ἃ
3299 615 3539 688 τοῦνομα
3581 618 3796 692 δέχεται

2226 697 2406 765 τοῦτο,
2439 701 2535 752 καὶ
2566 701 2675 754 τῶν
2722 703 2822 773 μὲν
2851 703 3161 774 ἀνθρώποις
3207 708 3267 762 έν
3297 708 3465 778 κοινῷ
3495 712 3654 776 πᾶσι,
3685 714 3795 767 τῶν

2225 791 2270 842 δ’
2302 791 2468 854 ἐνίοις
2500 792 2668 848 ὄντων
2722 795 3020 866 δυσχερῶν,
3061 799 3215 852 οὐδὲν
3244 798 3358 856 οἷον
3403 802 3434 870 ή
3466 802 3568 872 τῆς
3616 803 3796 874 ψυχῆς

2227 886 2460 954 πονηρία
2495 888 2590 942 καὶ
2639 887 2698 942 τὸ
2741 887 2842 959 τὴν
2898 889 3124 960 γνώμην
3161 892 3360 944 νοσεῖν.
3400 893 3511 946 Καὶ
3552 895 3660 964 γὰρ
3701 897 3796 948 καὶ

2225 975 2442 1046 ἄστρων
2479 978 2681 1050 φθοραὶ
2709 979 2804 1032 καὶ
2833 978 2992 1049 ὡρῶν
3027 981 3242 1046 ἁταξίαι
3281 981 3382 1036 καὶ
3422 983 3616 1052 χωρῶν
3658 987 3793 1054 ἀφο-

2227 1068 2341 1138 ρίαι
2370 1069 2595 1140 καὶηγῆς
2618 1069 2929 1136 διαστάσεις
2968 1075 3064 1128 καὶ
3095 1077 3312 1144 σεισμοὶ
3345 1074 3441 1127 καὶ
3465 1074 3671 1145 λοιμοὶ,
3699 1079 3792 1130 καὶ

2227 1155 2381 1220 αὖθις
2405 1153 2565 1214 πενία
2599 1152 2694 1215 καὶ
2725 1167 2900 1226 νόσος,
2943 1163 3039 1216 καὶ
3071 1162 3230 1234 ὕϐρις
3281 1165 3374 1218 καὶ
3412 1165 3790 1236 δεσμωτήριον

2225 1249 2320 1301 καὶ
2352 1250 2579 1319 πληγαὶ,
2607 1252 2702 1308 καὶ
2726 1253 2832 1306 τῶν
2871 1255 3130 1307 τοιούτων
3154 1253 3384 1307 ἕκαστον
3412 1255 3545 1309 αὐτὸ
3586 1256 3684 1325 μὲν
3723 1259 3790 1309 ἂν

2226 1339 2314 1410 εἴη
2339 1343 2530 1406 κακὸν,
2557 1343 2832 1415 ἀνθρώπῳ
2871 1345 2928 1398 δὲ
2962 1345 3132 1398 κακὸν
3165 1346 3440 1417 οὐδαμῶς.
3469 1347 3653 1403 Ταῦτα
3689 1349 3790 1416 μὲν

2225 1431 2334 1504 γὰρ
2361 1435 2472 1494 τοῖς
2510 1434 2614 1499 ἔξω
2642 1435 2987 1506 λυμαίνεται,
3034 1438 3130 1490 καὶ
3163 1436 3413 1508 σώματος
3446 1439 3540 1492 καὶ
3571 1441 3789 1509 κτημάο

2223 1540 2332 1576 των
2361 1523 2512 1580 οὐδὲν
2545 1528 2858 1598 περαιτέρω
2887 1531 3059 1598 χωρεῖ
3081 1544 3094 1559 ⁶
3124 1531 3152 1583 ὁ
3182 1529 3238 1583 δὲ
3263 1530 3551 1602 ἄνθρωπος
3581 1531 3703 1584 οὔτε
3727 1533 3789 1585 τὸ

2229 1612 2391 1680 σῶμά
2417 1616 2585 1680 ἐστιν,
2626 1616 2713 1670 ἵνα
2744 1617 3026 1681 νοσοῦντος
3054 1617 3210 1678 αὐτὸς
3253 1623 3410 1691 νοσῇ,
3441 1619 3565 1673 οὔτε
3607 1622 3788 1691 πολλῷ

2229 1704 2428 1772 μᾶλλον
2455 1705 2564 1758 τῶν
2592 1704 2627 1760 ὃ.
2655 1705 2739 1759 δεῖ
2769 1706 2844 1776 τῷ
2885 1706 3096 1777 σώματι
3124 1708 3527 1780 χορηγούντων,
3553 1703 3625 1764 ὧν
3649 1713 3788 1783 ἀφῃ-

2231 1797 2487 1868 ρημένων
2535 1800 2615 1860 εἰς
2669 1797 2837 1866 αὐτὴν
2885 1797 3188 1868 βεϐλάφθαι
3244 1800 3343 1870 τὴν
3389 1801 3788 1872 ἀνθρωπότητα

2227 1887 2426 1957 δεήσει.
2461 1886 2564 1940 Καὶ
2599 1887 2707 1957 μὴν
2734 1885 2846 1940 οὐδ’
2873 1890 2928 1941 αί
2974 1887 3082 1942 τῶν
3114 1889 3323 1942 πολλῶν
3365 1890 3535 1960 ψῆφοι
3572 1891 3661 1942 τὸν
3688 1891 3787 1943 ἂν·

2226 1979 2442 2049 θρωπον
2507 1979 2854 2045 πλάττουσιν,
2912 1976 3127 2052 ὃπωςῇ
3174 1983 3390 2052 χείρων,
3432 1983 3485 2035 εῖ
3514 2001 3596 2044 τις
3657 1985 3785 2053 περὶ

2223 2069 2387 2123 αὑτοῦ
2419 2072 2486 2124 τὰ
2531 2070 2703 2141 χείρω
2733 2069 3014 2139 γινώσκει.
3051 2073 3161 2126 Καὶ
3197 2073 3305 2142 γὰρ
3353 2075 3403 2127 εί
3435 2073 3594 2126 τοῦτο
3621 2074 3783 2145 θήσο-

2225 2160 2532 2229 μεν,δεήσει
2566 2161 2661 2214 καὶ
2708 2161 2895 2226 κακῶς
2931 2163 3216 2233 πράττειν,
3247 2165 3341 2220 καὶ
3392 2163 3598 2234 βέλτιον
3640 2165 3786 2234 ἔχειν

2220 2251 2340 2302 κατ’
2363 2250 2544 2314 αὑτὸν,
2569 2252 2661 2304 καὶ
2681 2253 2916 2322 πονηρὸν
2940 2252 3036 2323 μὲν
3052 2247 3190 2306 εἶναι
3212 2254 3306 2307 καὶ
3322 2255 3579 2324 χρηστὸν,
3602 2255 3785 2308 ἄθλιον

2218 2341 2276 2394 δὲ
2314 2343 2408 2394 καὶ
2444 2344 2723 2413 μακάριον
2768 2343 2860 2396 τὸν
2902 2343 3086 2408 αὑτὸν,
3130 2344 3279 2397 ἔστιν
3324 2345 3409 2413 ἐφ’
3438 2340 3512 2397 ῶν
3551 2347 3658 2398 τῶν
3688 2347 3784 2414 μὲν

2217 2431 2411 2499 ταῦτα,
2437 2433 2541 2486 τῶν
2582 2435 2626 2487 δ’
2660 2435 2842 2487 ἐκεῖνα
2889 2436 3304 2505 ψηφιζομένων.
3343 2436 3407 2488 El
3447 2436 3494 2486 δ’
3530 2436 3675 2489 ἐστιν
3709 2436 3784 2500 ὡς

2218 2524 2438 2592 ἀληθῶς
2473 2524 2761 2593 ἄνθρωπος
2805 2528 2838 2594 ἡ
2889 2527 3083 2596 γνώμη
3115 2528 3208 2579 καὶ
3245 2526 3302 2579 τὸ
3344 2527 3676 2594 λογίζεσθαι,
3707 2522 3782 2581 ὧν

2215 2619 2324 2672 τῶν
2359 2619 2531 2672 ἄλλων
2569 2619 2721 2672 οὐδὲν
2752 2619 2901 2690 αὑτῷ
2937 2622 3208 2687 κοινωνεῖ,
3245 2619 3405 2673 τοῦτο
3449 2621 3547 2689 μὲν
3581 2621 3782 2691 ἀρετὴν

2215 2711 2531 2781 ἀνθρώπου,
2574 2711 2733 2764 τοῦτο
2757 2710 2813 2763 δὲ
2849 2711 3048 2764 κακίαν
3079 2710 3306 2763 δύναται
3339 2711 3527 2780 φέρειν
3551 2726 3568 2742 ο
3600 2712 3694 2764 καὶ
3720 2710 3782 2763 rb

2214 2803 2497 2874 δυστυχεῖν
2533 2804 2599 2856 ἂν
2638 2805 2722 2874 εἴη
2765 2803 2906 2857 κατὰ
2945 2803 3120 2856 ταῦτα
3161 2803 3253 2855 καὶ
3288 2803 3350 2854 rb
3390 2802 3650 2870 πράττειν
3682 2819 3780 2854 κιο

2216 2893 2345 2958 λῶς,
2401 2895 2495 2946 καὶ
2527 2895 2585 2946 rb
2626 2897 2804 2949 νοσεῖν
2846 2894 2944 2948 καὶ
2984 2897 3044 2948 rb
3086 2895 3377 2962 ὑγιαίνειν,
3411 2897 3504 2948 καὶ
3547 2895 3606 2947 τὸ
3659 2896 3781 2947 στέ-

2218 3003 2376 3039 νοντα
2404 2985 2502 3056 ζῇν
2550 2987 2645 3039 καὶ
2677 2986 2737 3037 τὸ
2777 2988 3012 3054 τρυφᾷν,
3057 2987 3126 3039 τὰ
3163 2989 3263 3057 μὲν
3308 2985 3776 3056 παρατραπέντων

2218 3078 2462 3142 ἐκείνων,
2509 3078 2576 3130 τὰ
2613 3077 2656 3128 δ’
2693 3078 2752 3129 έν
2801 3072 2882 3140 οἷς
2918 3077 3026 3130 ἔδει
3069 3078 3359 3146 μενόντων.
3397 3076 3546 3130 Ἐπεὶ
3579 3076 3635 3128 δὲ
3668 3094 3775 3128 πα.

2218 3168 2470 3240 ρατροπὴ
2503 3167 2606 3236 μὲν
2631 3167 2894 3238 λογισμοῦ
2924 3167 2986 3221 rb
3013 3167 3230 3238 ψεῦδος,
3260 3168 3355 3237 τῆς
3378 3167 3433 3221 δὲ
3460 3167 3684 3238 γνώμης
3709 3169 3772 3221 τὸ

2218 3261 2479 3330 πονηρὸν,
2507 3259 2690 3325 ζητεῖν
2721 3261 3034 3324 ὑπόλοιπον,
3058 3261 3165 3313 τίνι
3194 3261 3366 3331 τούτῳ
3392 3241 3550 3326 σαφεῖ
3571 3277 3776 3329 τεκμη-

2217 3351 2318 3421 ρίῳ
2343 3350 2610 3422 ἑκατέρας
2640 3350 2894 3420 εἰσόμεθα
2924 3351 3022 3420 τὴν
3048 3352 3406 3422 παρατροπήν
3431 3367 3447 3418 ;
3481 3350 3699 3406 Πολλῶν
3720 3353 3777 3404 δὲ

2217 3442 2527 3512 γενομένων
2563 3444 2625 3496 rb
2677 3443 2898 3496 πάντων
2935 3443 3268 3495 ἱκανώτατον
3301 3445 3334 3512 ἡ
3382 3443 3561 3514 κρίσις
3608 3443 3775 3496 αὐτοῦ

2216 3535 2309 3588 τοῦ
2348 3534 2510 3601 Θεοῦ,
2559 3535 2653 3587 καὶ
2686 3534 2897 3602 ἀγαθὸν
2931 3533 3030 3604 μὲν
3050 3536 3142 3588 καὶ
3172 3534 3392 3604 ἀληθὲς,
3427 3537 3564 3604 ὅπερ
3584 3533 3779 3605 ἐκείνῳ

2215 3626 2388 3690 δοκεῖ,
2427 3625 2633 3694 φαῦλον
2658 3625 2715 3678 δὲ
2743 3627 2836 3678 καὶ
2865 3625 3060 3695 ψεῦδος
3087 3626 3114 3678 δ
3146 3627 3220 3695 μὴ
3248 3628 3358 3679 τῶν
3385 3627 3595 3680 ἐκεῖθεν
3620 3626 3778 3697 ἔτυχε

2213 3714 2442 3787 ψήφων·
2483 3717 2574 3771 καὶ
2605 3717 2640 3770 ἃ
2671 3718 2768 3784 μὲν
2807 3717 3013 3780 ἐκεῖνος
3054 3718 3346 3785 μανθάνειν
3379 3719 3524 3783 ἀξιοῖ
3567 3720 3656 3772 τὸν
3687 3721 3779 3773 ἄν-

2216 3810 2454 3880 θρωπον,
2487 3808 2641 3862 ταῦτ’
2663 3809 2867 3877 ἀληθῆ,
2895 3807 2930 3862 ἃ
2953 3808 3008 3861 δὲ
3032 3809 3318 3877 βούλεσθαι
3347 3811 3583 3875 κελεύει,
3605 3811 3777 3864 ταῦτα

2213 3901 2424 3972 χρηστὰ
2455 3916 2470 3966 ;
2502 3901 2569 3954 τὰ
2600 3900 2656 3954 δὲ
2693 3898 2911 3962 τούτοις
2935 3900 3275 3968 πολεμοῦντα
3303 3901 3465 3970 γέμει
3499 3902 3598 3970 μὲν
3630 3902 3775 3956 ἀπά-

2211 4011 2334 4063 της,
2364 3993 2524 4064 γέμει
2559 3995 2615 4048 δὲ
2649 3992 2934 4063 πονηρίας.
2969 3993 3089 4045 Τῶν
3133 3993 3191 4046 δὲ
3223 3992 3385 4047 θείων
3419 3994 3685 4064 χρησμῶν
3725 3996 3774 4048 οἱ

2215 4086 2314 4154 μὲν
2345 4084 2646 4154 ἀνθρώπων
2673 4084 3012 4153 κομιζόντων
3060 4087 3140 4146 είς
3166 4084 3263 4154 τὴν
3312 4085 3416 4154 γῆν
3448 4082 3632 4156 ἦλθον,
3665 4087 3774 4138 τῶν

2211 4175 2265 4228 δὲ
2295 4176 2456 4238 αὐτὸς
2484 4171 2553 4245 ἦν
2591 4175 2622 4227 ὁ
2648 4175 2778 4237 Θεὸς
2825 4175 3058 4242 ἄγγελος
3086 4175 3380 4246 ἀνθρώπου
3406 4177 3570 4244 φύσιν
3615 4177 3804 4238 ἐνδὺς

2208 4270 2304 4323 καὶ
2332 4268 2616 4336 ἄνθρωπος
2651 4267 2943 4337 ἀνθρώπου
2999 4271 3149 4338 φωνῇ
3200 4270 3454 4336 συγγενεῖ
3482 4269 3548 4322 τὰ
3583 4269 3774 4322 δέοντα

2211 4359 2482 4429 μηνύσας.
2509 4359 2584 4418 ¹Τί
2613 4353 2685 4429 ἦν
2727 4359 2760 4430 ἢ
2803 4360 3172 4430 χρηστότερον
3211 4360 3321 4414 τῶν
3371 4362 3773 4431 παραγγελμά-

2209 4450 2378 4521 τωνῆ
2426 4450 2792 4520 ἀληθέστερον
2819 4450 2927 4509 τῶν
2970 4452 3281 4521 δογμάτων,
3320 4449 3405 4520 ἐφ’
3460 4446 3534 4504 ὧν
3562 4455 3590 4503 ὁ
3641 4452 3773 4512 Θεὸς

542 4531 647 4586 fuit
669 4540 726 4586 et
751 4515 1110 4590 introductor,
1129 4527 1395 4596 siquidem
1427 4526 1582 4582 solus
1604 4536 1689 4581 est
1718 4526 1941 4590 veritas,
1959 4543 2104 4582 unus

2213 4515 2378 4601 αὐτὸς
2405 4515 2849 4610 μὲνννομοθέτης,
2877 4515 3053 4602 αὐτὸς*
3073 4515 3128 4593 δὲ
3162 4515 3487 4611 δημαγωγὸς
3515 4536 3604 4608 ἦν,
3637 4541 3690 4594 et
3709 4557 3771 4607 γε

499 4631 722 4678 ~autem
763 4616 988 4676 bonus?
1021 4617 1078 4671 Si
1125 4617 1288 4686 igitur
1328 4621 1544 4687 oportet
1591 4617 1801 4674 discere
1831 4633 1953 4690 quae
1989 4627 2108 4672 tan-

539 4727 703 4782 quam
735 4709 941 4764 erratio
968 4715 1180 4762 naturze
1210 4723 1395 4761 verum
1426 4707 1701 4781 hominem
1739 4713 2103 4775 contristant,

541 4805 627 4859 his
653 4801 930 4857 contraria
955 4815 1172 4858 sumere
1207 4801 1480 4856 convenit.
1503 4799 1640 4856 Illud
1664 4801 1807 4857 enim
1837 4817 1963 4858 vere
1995 4818 2110 4856 ma-

539 4894 678 4955 lum,
715 4891 862 4966 quod
898 4901 1090 4946 contra
1123 4891 1453 4948 sententiam
1493 4891 1650 4948 istam
1698 4891 1952 4960 insurgit,
1984 4907 2109 4960 pra-

540 5001 664 5038 vum
693 4994 874 5039 autem
923 4998 1047 5040 cum
1077 4984 1174 5050 sit,
1199 4985 1444 5040 naturale
1474 4993 1559 5042 est
1585 4986 1713 5040 odio
1747 5001 1868 5041 esse
1908 4987 2107 5054 quibus

541 5077 714 5130 virtus
755 5074 906 5132 cordi
963 5087 1068 5140 est,
1097 5076 1188 5130 illo
1223 5077 1445 5132 absente
1475 5078 1800 5141 abhorrere,
1841 5087 2106 5145 praesente

537 5183 667 5222 vero
730 5168 930 5236 lugere.
992 5167 1348 5224 Contristabit
1421 5179 1633 5244 autcnk
1679 5168 1799 5222 illos
1865 5183 2105 5237 praesens

539 5261 765 5325 malum,
783 5261 897 5315 sive
949 5274 1042 5316 eos
1101 5274 1279 5317 mente
1320 5277 1426 5314 non
1461 5261 1774 5325 destitutos,
1806 5261 1922 5315 sive
1969 5262 2104 5315 alios

539 5352 979 5421 spectet,quibus
1002 5353 1109 5424 ipsi
1139 5355 1341 5423 Optima
1365 5363 1788 5423 comprecantur
1816 5372 1830 5407 :
1861 5370 2105 5423 compre—

537 5455 732 5498 cantur
752 5453 934 5500 autem
969 5447 1224 5501 omnibus
1259 5445 1594 5510 hominibus,
1625 5453 1740 5500 tum
1783 5453 1842 5500 ut
1871 5447 1937 5499 ad
1967 5447 2104 5502 divi-

538 5550 662 5589 nam
699 5537 957 5591 accedant
999 5537 1434 5592 misericordiam
1463 5577 1478 5600 .
1517 5545 1627 5589 tum
1676 5538 1805 5606 quia
1863 5538 2100 5592 divinam

538 5626 762 5692 gloriam
799 5627 996 5696 ubique
1045 5629 1418 5697 splendentem
1465 5629 1649 5683 videre
1687 5632 1946 5701 cupiunt.
1976 5632 2102 5686 ideo

535 5711 709 5765 solum
726 5716 1011 5770 molestum
1037 5725 1119 5771 est
1150 5716 1202 5770 in
1225 5716 1446 5770 Christo
1468 5719 1772 5774 viventibus
1795 5731 2099 5789 peccatum,

529 5803 710 5870 primo
739 5809 954 5876 quidem
992 5811 1118 5878 quia
1155 5823 1466 5878 rerversum
1499 5813 1721 5880 cst,ipsi
1757 5830 1883 5868 vero
1937 5816 2103 5872 mori-

2212 4631 2373 4700 μόνος
2409 4631 2506 4700 μὲν
2537 4615 2788 4700 ἀλήθέια,
2817 4633 2974 4700 μόνος
3009 4632 3064 4684 δέ
3097 4633 3245 4683 ἐστιν
3275 4632 3521 4700 ἀγαθός;
3556 4634 3616 4685 El
3659 4632 3772 4683 τοί-

2209 4737 2303 4774 νυν
2355 4720 2461 4791 χρὴ
2505 4722 2720 4790 μαθεῖν,
2759 4721 2796 4774 ἃ
2845 4723 3177 4792 παρατροπὴ
3231 4723 3333 4790 τῆς
3377 4723 3593 4790 φύσεως
3645 4721 3772 4774 ὄντα

2207 4812 2369 4864 λυπεῖ
2427 4813 2519 4864 τὸν
2581 4813 2834 4880 ἀληθινὸν
2882 4812 3191 4882 ἄνθρωπον,
3254 4813 3515 4867 τάναντία
3565 4799 3771 4866 τούτων

2209 4907 2475 4972 προσήκει
2502 4902 2709 4955 λαϐεῖν.
2755 4904 2964 4956 Ἐκεῖνο
2993 4905 3099 4973 γὰρ
3123 4903 3337 4970 ἀληθῶς
3363 4903 3557 4966 κακὸν,
3583 4903 3610 4955 ὃ
3637 4904 3774 4973 πρδς

2207 4990 2304 5061 τὴν
2343 4991 2569 5061 γνώμην
2597 4993 2820 5056 εκείνην
2848 4994 3088 5056 ἵσταται,
3123 4994 3363 5069 πονηρὸν
3389 4994 3444 5045 δὲ
3470 4993 3528 5045 ὃν
3559 4995 3654 5045 καὶ
3689 5012 3776 5061 μι-

2209 5084 2323 5135 σεῖν
2350 5083 2498 5142 εἰκὸς
2528 5084 2763 5154 ἐμέλησε
2796 5083 2888 5137 τοῦ
2923 5085 3152 5151 ἀγαθοῦ,
3198 5087 3491 5154 μισοῦντας
3517 5085 3573 5138 δὲ
3607 5085 3775 5137 ἀπεύ-

2206 5175 2398 5243 χεσθαι
2428 5176 2526 5243 μὲν
2553 5178 2803 5239 ἀπόντος,
2836 5178 3100 5244 παρόντος
3126 5179 3181 5230 δὲ
3212 5179 3492 5231 ἀνιᾶσθαι.
3521 5178 3770 5245 Λυπήσει

2205 5265 2260 5316 δὲ
2291 5265 2487 5328 αὐτοὺς
2539 5266 2712 5336 παρὸν
2747 5267 2810 5318 τὸ
2863 5267 3053 5331 κακὸν,
3088 5269 3120 5336 ἢ
3163 5269 3346 5334 σφίσιν
3397 5271 3544 5320 ἐστὶν
3575 5269 3635 5320 οὐ
3677 5267 3770 5320 τοῦ

2203 5359 2364 5426 λόγου
2416 5362 2878 5431 παρατραπεῖσιν,
2911 5361 2943 5430 ἦ
2994 5364 3110 5424 τοῖς
3144 5361 3349 5423 ἄλλοις,
3381 5359 3462 5423 οἷς
3511 5362 3666 5414 αὐτοὶ
3703 5363 3770 5412 τὰ

2206 5451 2402 5520 βελτίω
2449 5452 2835 5521 συνεύχονται·
2886 5453 3238 5520 συνεύχονται
3274 5454 3330 5506 δὲ
3363 5455 3526 5506 πᾶσιν
3556 5453 3768 5518 ἀνθρὼ-

2205 5564 2327 5607 ποις
2360 5545 2436 5614 τῷ
2467 5562 2528 5598 τε
2563 5545 2700 5613 πρὸς
2739 5547 2837 5614 τὴν
2889 5544 3042 5598 θείαν
3091 5545 3424 5614 ἁμιλλᾶσθαι
3461 5545 3767 5616 φιλανθρως

2205 5637 2357 5702 πίαν,
2399 5637 2476 5705 τῷ
2528 5654 2589 5689 τε
2637 5637 2736 5706 τὴν
2777 5637 2871 5690 τοῦ
2915 5636 3050 5692 Θεοῦ
3096 5637 3254 5702 δόξαν
3305 5638 3595 5706 ἐπιθυμεῖν
3634 5639 3764 5707 ὁρᾷν

2193 5729 2508 5797 ,ἑκασταχοῦ
2535 5728 2882 5798 λάμπουσαν,
2917 5727 3026 5780 Kal.
3049 5729 3191 5781 οὕτω
3217 5728 3377 5794 μόνον
3403 5729 3624 5798 ἀνιαρὸν
3654 5731 3764 5804 τοῖς

2206 5824 2260 5875 ἐν
2294 5821 2512 5880 Xennii
2563 5821 2727 5885 ζῶσιν
2759 5823 2790 5890 η
2828 5822 3094 5891 ἁμαρτία,
3145 5821 3360 5886 πρῶτον
3403 5819 3504 5891 μὲν
3538 5820 3620 5871 ὅτι
3671 5835 3763 5871 πο-
