4196 6308
522 375 628 437 695

1771 377 2080 440 NlCOLAl
2123 376 2512 439 CABASILIE

3674 376 3782 439 69.6

520 487 722 540 habent
765 499 1186 551 commune;eo
1236 473 1366 558 ipso.
1405 498 1586 543 autem
1636 488 1788 558 quod
1838 502 1868 542 e
1917 486 2094 542 medio

2203 505 2354 542 τεται
2387 489 2590 558 νόμοις,
2619 488 2653 559 ἠ
2698 489 2826 560 περὶ
2864 489 3028 544 αὐτὸν
3053 486 3220 554 αἰδὼς
3243 485 3493 556 αὔξεται.
3545 488 3638 542 τὸν
3663 491 3782 543 ῐσον

522 578 754 640 tollitur,
787 579 1000 632 cunctis
1027 594 1147 648 quae
1182 576 1473 648 prohibere
1529 589 1755 649 possent
1805 580 2094 651 nequitiam

2202 584 2407 653 τρόπον
2457 583 2582 646 τοὺς
2611 582 2721 636 τῶν
2777 581 2975 652 λογίων
3024 582 3338 654 ὑπερόπτας
3387 581 3530 637 κατὰ
3589 583 3782 653 μικρὸν

522 669 744 736 ablatis,
769 677 825 724 et
855 669 1062 724 ratione
1107 687 1227 740 qua:
1271 671 1475 726 bonum
1521 671 1730 727 inducit
1757 682 1878 741 post
1909 671 2094 726 multa:

2209 674 2508 737 έπιλείπει.
2541 675 2637 728 καὶ
2673 674 2927 745 προϊοῦσι
2969 675 3107 746 πρδς
3137 674 3196 728 τὸ
3226 674 3390 729 καλὸν
3419 673 3582 729 τοῦτο
3609 675 3783 740 πάθος

519 758 917 815 refrenationes
965 769 1199 825 tacente,
1245 761 1388 828 quod
1430 763 1482 814 in
1530 760 1669 816 mala
1734 769 1977 817 extrema
2031 760 2112 815 la-

521 855 730 908 huntur
768 851 925 907 facile
957 852 1298 922 intelligitur.

2216 762 2371 816 οὐδὲν
2409 762 2608 828 κοινὸν,
2640 763 2717 834 τῷ
2770 762 2830 817 δὲ
2883 763 3092 837 ταύτην
3158 764 3223 816 ὲκ
3281 763 3450 834 μέσου
3499 763 3780 832 γενέσθαι,

2207 856 2427 910 πάντων
2455 859 2566 912 ¹τῶν
2598 859 2844 928 ἐπισχεῖν
2871 857 2938 912 ἂν
2963 857 3302 928 δυνηθέντων
3361 858 3461 927 τὴν
3515 857 3783 926 πονηρίαν

519 944 904 1018 ἀνῃρημένων,
927 945 1025 998 καὶ
1057 945 1148 998 τοῦ
1171 944 1411 1012 τάγαθὸν
1435 947 1779 1016 εἰσφέροντος
1817 945 2076 1016 λογισμοῦ
2117 946 2194 1015 τῷ
2223 950 2484 1016 πολλάκις
2533 951 2992 1022 ὲπιστομισθῆναι
3029 950 3403 1022 σεσιγηκάτος,
3461 951 3550 1003 ἐπ’
3571 949 3779 1020 ἔσχατα

519 1041 718 1110 χωρεῖν
749 1040 945 1104 αὐτοὺς
965 1038 1075 1092 τῶν
1105 1039 1312 1106 κακῶν,
1338 1039 1490 1093 οὐδὲν
1514 1040 1770 1110 χαλεπόν.

590 1135 881 1204 PrOptei-ea
941 1135 1364 1190 sollicitudinem
1425 1135 1528 1190 viri
1601 1136 1754 1207 probi
1818 1137 2096 1199 retinent,

517 1238 570 1282 et
599 1227 861 1282 adversus
896 1228 1132 1282 radicem
1183 1229 1452 1283 malorum
1486 1229 1554 1283 ab
1604 1228 1762 1283 initio
1813 1229 2097 1293 resistunt,

517 1337 546 1376 ε
584 1322 728 1390 lique
750 1321 857 1375 ι)υο
881 1336 974 1377 cor
995 1324 1330 1387 custodiunt,
1356 1332 1614 1392 tanquam
1645 1322 1792 1377 aliud
1819 1321 2093 1392 quoddam

518 1415 741 1484 adytum
778 1415 1097 1469 memoriam
1131 1415 1234 1485 ipsi
1262 1415 1576 1484 scligentes.
1609 1415 1804 1470 Sciunt
1831 1416 1975 1470 enim
2005 1429 2099 1469 sa-

517 1521 736 1560 crarum
777 1506 976 1561 aedinm
1028 1509 1317 1574 plerasque
1367 1521 1436 1561 ne
1474 1515 1696 1575 tangere
1727 1504 1947 1575 quidem
1979 1503 2098 1558 lici-

518 1606 656 1661 tum,
686 1613 750 1653 ac
769 1597 1088 1667 supellectili
1137 1597 1383 1667 velisque
1452 1581 1791 1652 consecratis
1837 1595 1906 1650 ad
1948 1593 2098 1649 aliud

2277 1139 2378 1190 Διά
2406 1134 2578 1190 ταῦτα
2621 1135 2720 1207 τὴν
2763 1136 3036 1206 μέριμναν
3070 1138 3120 1189 οἱ
3157 1135 3434 1188 σπουδαῖοι
3482 1135 3781 1204 φυλάττον-

2203 1248 2318 1296 ται,
2347 1233 2442 1283 καὶ
2475 1229 2612 1300 πρὸς
2639 1233 2737 1300 τὴν
2779 1229 2935 1298 ῥίζαν
2969 1228 3026 1295 ἐξ
3053 1228 3226 1298 ἀρχῆς
3261 1228 3510 1282 ῑστανται
3534 1227 3642 1280 τῶν
3673 1245 3778 1280 κα-

2203 1324 2314 1377 κῶν
2340 1325 2433 1378 καὶ
2451 1321 2804 1393 τὴννκαρδίαν
2833 1320 2911 1392 τῷ
2932 1320 3051 1391 Θεῷ
3075 1320 3221 1390 μόνῳ
3240 1319 3493 1390 τηροῦσι,
3527 1319 3779 1388 καθάπερ

2203 1414 2333 1469 ἄλλο
2366 1431 2418 1468 τι
2459 1413 2686 1484 τέμενος
2718 1411 2817 1482 τὴν
2876 1411 3100 1482 μνήμην
3146 1410 3423 1476 ἐξελόντες
3463 1408 3632 1479 αὐτῷ.
3669 1410 3779 1462 Καὶ

2205 1507 2314 1576 γὰρ
2351 1506 2518 1569 ἴσασι,
2552 1505 2662 1558 τῶν
2706 1503 2806 1575 μὲν
2853 1502 3016 1573 ἱερῶν
3067 1503 3234 1556 οἴκων
3263 1504 3377 1564 τοῖς
3420 1501 3635 1562 πολλοῖς
3659 1500 3776 1553 οὐδὲ

2196 1598 2393 1668 ψαύειν
2423 1597 2649 1663 ὲξεῖναι,
2679 1597 2776 1650 καὶ⁵
2804 1594 3039 1649 ’σκευῶν
3083 1595 3178 1648 καὶ
3208 1593 3430 1648 πέπλων
3460 1595 3571 1656 τοῖς
3605 1591 3778 1655 οὕτως

519 1690 648 1756 quid
685 1690 759 1743 uti
796 1693 878 1744 fas
910 1703 1016 1745 non
1041 1703 1182 1753 esse,
1207 1689 1404 1743 animae
1445 1703 1576 1744 vero
1607 1689 1715 1743 Deo
1743 1687 2094 1743 sanctiﬁcata:

2197 1689 2609 1759 ἀφωρισμένοις
2647 1689 2786 1757 πρὸς
2816 1686 2946 1742 ἄλλο
2993 1703 3048 1739 τι
3082 1685 3322 1757 χρῆσθαι
3359 1684 3470 1738 τῶν
3504 1683 3778 1753 ἀθεμίτων

519 1780 727 1834 nullum
767 1795 865 1849 par
907 1795 1030 1835 esse
1074 1780 1397 1844 sacrarium,
1438 1780 1584 1834 unde
1628 1787 1879 1849 oporteat
1927 1779 2094 1833 multo

2202 1781 2364 1847 εἶναι,
2395 1781 2572 1851 ψυχῆς
2597 1781 2656 1834 δὲ
2689 1779 2809 1848 Θεῷ
2845 1777 3280 1848 καθιερωθείσης
3309 1775 3460 1830 οὐδὲν
3494 1775 3608 1829 ἶσον
3636 1773 3776 1829 εἶναι

521 1872 696 1940 magis
732 1843 954 1941 adytum
995 1887 1116 1926 esse
1151 1871 1563 1940 impenetrabile
1603 1843 1964 1944 vendentibus
2015 1879 2094 1925 at-

2202 1874 2309 1928 τῶν
2335 1843 2684 1944 εζερῶεῖ,ἐθεν
2730 1843 2824 1924 καὶ
2870 1843 3071 1941 χρῆναι
3109 1843 3312 1933 παντὸς
3353 1869 3555 1939 μᾶλλον
3585 1869 3778 1923 άδυτον

517 1982 626 2036 que
686 1966 1017 2027 ementibus,
1079 1979 1289 2020 necnon
1324 1965 1531 2021 mensis
1569 1975 1621 2020 et
1666 1963 1940 2020 cathedris
1964 1979 2096 2018 ven-

519 2055 771 2111 dentium
826 2054 1112 2110 columbas
1161 2069 1226 2109 ac
1260 2052 1534 2108 similibus
1589 2053 1888 2108 immunem
1945 2064 2092 2119 esse.

521 2147 580 2204 Si
632 2147 777 2200 enim
823 2148 1090 2201 orationis
1131 2145 1355 2201 domum
1392 2145 1474 2201 sic
1509 2159 1634 2200 esse
1675 2152 1920 2213 oportet,
1962 2141 2096 2213 quid

524 2241 826 2310 putandum
857 2248 939 2294 est
965 2239 1031 2294 de
1063 2240 1180 2308 ipso
1215 2247 1428 2304 orante,
1467 2246 1688 2308 propter
1718 2251 1878 2304 quem
1911 2234 2096 2289 locum

521 2334 687 2388 istum
736 2331 894 2386 turba
936 2345 1167 2386 vacuum
1204 2344 1327 2385 esse
1372 2327 1675 2384 convenit?
1723 2326 1790 2382 Et
1822 2341 1953 2382 vero
1987 2341 2095 2381 non

519 2439 620 2494 pro
649 2433 890 2492 tempore
917 2423 1180 2478 continuo
1211 2436 1410 2476 nomen
1441 2429 1560 2474 erat
1584 2418 1798 2481 elIicax,
1831 2432 1932 2472 nec
1949 2433 2096 2474 sem.

526 2531 620 2587 per
669 2524 788 2570 erat
829 2514 1098 2569 orationis
1141 2513 1373 2578 domus,
1406 2509 1702 2580 aliquando
1742 2507 2096 2587 precantibus

519 2585 694 2662 vacua
727 2624 742 2662 :
785 2617 842 2660 ut
866 2604 1161 2661 Christiani
1207 2611 1389 2658 autem
1442 2601 1533 2656 Dei
1572 2585 1969 2656 consociationi
2009 2600 2096 2655 in-

519 2699 759 2753 haereant
785 2710 880 2764 per
909 2708 1072 2748 omne
1099 2701 1314 2764 tempus
1365 2691 1739 2748 indesinenter
1787 2700 2094 2758 precantes,

451 2834 464 2849 .
516 2788 670 2846 Pauli
705 2789 790 2842 lex
820 2785 994 2854 jubet.
1030 2782 1144 2839 lloc
1179 2795 1360 2853 autem
1393 2798 1613 2852 quoque
1638 2783 2049 2839 consideremus
2078 2799 2093 2837 :

519 2880 645 2934 aliis
697 2876 846 2932 enim
898 2876 1143 2930 Salvator
1189 2889 1284 2944 per
1335 2875 1495 2928 verba
1548 2874 1873 2928 criminibus
1920 2873 2095 2927 abdu-

516 2987 671 3034 ccns,
711 2969 798 3023 hic
851 2969 1022 3021 utitur
1049 2974 1124 3021 ,et
1155 2966 1336 3035 lingua
1367 2972 1422 3020 et
1450 2965 1554 3030 ira,
1585 2976 1639 3019 et
1685 2978 1872 3026 manu,
1909 2974 1963 3018 et
1996 2961 2093 3017 lla-

517 3057 682 3129 gello,
714 3067 773 3111 ut
811 3054 1222 3110 meminerimus
1257 3062 1460 3123 quanta
1503 3069 1592 3108 res
1620 3053 1992 3109 sollicitudine
2022 3055 2093 3106 sit

515 3151 679 3220 digna
704 3189 718 3204 .
752 3149 876 3204 Ιιειιο
919 3147 1064 3203 enim
1107 3163 1218 3204 non
1261 3156 1369 3203 tam
1415 3157 1573 3202 erant
1611 3148 1753 3202 istud
1790 3147 2049 3218 templum
2073 3187 2088 3209 ,

516 3245 663 3316 quod
697 3241 1025 3312 prmvidehat
1056 3255 1330 3305 eversum,
1351 3241 1622 3294 honorare
1647 3238 1896 3300 volentis,
1927 3252 2089 3306 quam

521 3336 862 3394 ostendentis
896 3336 949 3388 iu
991 3349 1102 3404 quo
1133 3342 1313 3388 teneat
1346 3332 1519 3402 pretio
1551 3344 1993 3400 unumquemque
2026 3329 2093 3384 li-

519 3430 744 3490 delium.
771 3428 911 3499 apud
939 3442 1078 3498 quos
1111 3441 1332 3480 manere
1362 3423 1708 3493 promiserat,
1735 3421 1883 3476 curis
1914 3430 1967 3475 et
1999 3436 2097 3475 an-

519 3519 816 3574 xietatibus
868 3533 989 3573 esse
1029 3515 1308 3579 liberum‘;
1339 3523 1392 3568 et
1441 3513 1602 3567 simul
1639 3527 1802 3580 quam
1846 3511 1991 3565 aeris
2023 3510 2096 3565 sit

514 3607 724 3677 passio,
742 3612 1119 3674 quantumque
1145 3603 1216 3656 sit
1245 3617 1382 3669 opus
1413 3603 1599 3655 animo
1627 3601 1934 3670 spirituque
1960 3613 2091 3652 ccu-

518 3706 696 3754 stante
726 3711 790 3749 ac
825 3695 1035 3748 ratione
1071 3692 1346 3762 prudenti,
1374 3702 1427 3746 et
1449 3694 1749 3761 praesertim
1780 3693 1893 3762 ipsa
1924 3706 2088 3745 manu

519 3786 863 3850 Salvatoris,
895 3800 1056 3854 quem
1091 3784 1181 3854 qui
1219 3799 1326 3839 non
1357 3784 1504 3838 intus
1549 3792 1892 3853 receperunt,
1924 3783 2092 3838 animi

517 3876 868 3948 agitationem
913 3875 1116 3942 ejirere
1157 3881 1452 3944 nequeunt.
1503 3873 1714 3929 Idcirco
1747 3873 2092 3944 sacrilegium

518 3979 692 4025 morte
733 3968 1069 4040 puniendum
1131 3967 1213 4020 lex
1261 3974 1558 4030 statuerat,
1601 3975 1656 4020 et
1708 3963 1923 4020 Sanctis
1967 3980 2092 4021 san-

515 4070 728 4119 ctorum
770 4061 948 4114 velum
1006 4057 1376 4112 necessarium
1409 4055 1533 4112 luit.
1565 4057 1674 4113 Oza
1706 4066 1953 4112 mortuus
1986 4067 2092 4124 est,

515 4154 662 4222 quod
712 4168 854 4208 arcae
904 4151 1178 4206 vacillanti
1229 4151 1516 4220 profanam
1549 4149 1809 4204 intulerat
1843 4165 2090 4215 manum,

514 4260 570 4300 et
591 4244 751 4302 Ozias
782 4246 988 4310 lepram
1019 4258 1049 4297 e
1080 4244 1253 4298 sarris
1279 4244 1493 4298 lucrum
1528 4244 1755 4311 accepit,
1780 4258 1921 4312 qua}.
1955 4245 2094 4304 sicut

517 4341 622 4393 alia
669 4339 861 4402 multa,
916 4338 1201 4404 baptizsta'
1251 4335 1468 4399 anima},
1521 4344 1784 4404 tanquam
1827 4350 1953 4389 vero
1999 4335 2089 4389 Ι)ιοὶ

515 4430 782 4493 sacrario.
812 4443 1011 4500 purum
1043 4427 1255 4495 asylum
1304 4441 1426 4480 esse
1471 4427 1793 4480 decernunt.
1835 4424 1958 4480 Ideo
2011 4427 2093 4479 vi-

2203 1955 2485 2030 εἶναιτοῖς
2532 1964 2772 2020 πωλοῦσι
2820 1965 2914 2018 καὶ
2949 1964 3301 2033 ἀγοράζουσι,
3345 1965 3440 2016 καὶ
3488 1961 3778 2031 τραπεζῶν

2201 2059 2298 2113 καὶ
2333 2056 2669 2111 κολυσιστῶν
2700 2056 2797 2110 καὶ
2832 2054 3098 2108 τοιούτων
3133 2052 3476 2124 ἀπηλλάχθαι
3510 2055 3776 2123 πραγμά-

2183 2169 2333 2205 των.
2364 2150 2429 2203 El
2459 2149 2568 2221 γάρ
2594 2150 2689 2203 τὸν
2720 2149 2822 2220 τῆς
2869 2147 3178 2218 προσευχῆς
3226 2142 3376 2202 οἷκον
3426 2145 3598 2209 οὕτως
3629 2147 3775 2217 ἔχειν

2200 2240 2393 2312 ἐχρῆν,
2426 2241 2575 2304 ὅπως
2607 2241 2690 2296 δεῖ
2718 2239 2968 2311 νομίζειν
2991 2238 3154 2292 αὐτὸν
3183 2239 3277 2293 τδν
3298 2239 3614 2308 εὐχόμενον,
3634 2238 3775 2308 ὑπὲρ

2198 2328 2261 2388 οὗ
2295 2333 2392 2387 καὶ⁸
2415 2334 2491 2386 ητδ
2521 2333 2724 2403 χωρίον
2752 2332 2932 2386 έκεῖνο
2962 2330 3296 2401 καθαρεύειν
3341 2331 3446 2385 ἔδει
3489 2330 3773 2405 θορύϐωνς

2200 2426 2395 2480 Καίτοι
2450 2427 2528 2497 τῷ
2579 2427 2683 2497 μὲν
2719 2426 2980 2481 ἑκάστοτε
3016 2425 3259 2495 τοῦνομα
3306 2425 3407 2480 οὐκ
3431 2421 3501 2496 ἦν
3531 2425 3772 2494 ἐνεργὸν,

2197 2518 2309 2572 οὐδ’
2337 2513 2408 2588 ἦν
2439 2520 2524 2573 ἀεὶ
2554 2520 2865 2591 προσευχῆς
2899 2515 3068 2583 οἶκος,
3113 2517 3223 2572 τῶν
3253 2518 3566 2588 εὐχομένων
3603 2516 3773 2570 ἐνίοτε

2199 2612 2354 2674 κενδς
2405 2611 2520 2665 ὤν’
2563 2611 2926 2681 Χριστιανοὺς
2977 2610 3033 2664 δὲ
3079 2612 3148 2681 τῇ
3200 2609 3297 2664 τοῦ
3326 2607 3464 2663 Θεοῦ
3516 2608 3774 2679 συνουσία

2200 2703 2562 2772 προσκεῖσθαι
2593 2703 2686 2755 τὸν
2721 2703 2810 2756 ἀεὶ
2841 2701 3034 2772 χρόνον
3063 2701 3427 2764 ἀδιαλείπτως
3470 2717 3774 2772 προσευχοο

2201 2793 2419 2862 μένους,
2475 2795 2503 2846 ὁ
2561 2792 2657 2847 τοῦ
2717 2792 2933 2847 Παύλου
2964 2791 3178 2845 κελεύει
3220 2791 3406 2862 νόμος.
3453 2793 3687 2845 Κάκετνο
3716 2791 3772 2845 δὲ

2199 2884 2518 2955 συνορῶμεν
2538 2903 2552 2916 ·
2585 2885 2700 2938 τῶν
2722 2885 2831 2954 γάρ
2859 2885 3036 2940 ἄλλων
3066 2887 3094 2938 ὁ
3132 2884 3324 2954 Σωτὴρ
3355 2882 3772 2954 ἁμαρτημάτων

2197 2977 2376 3043 λόγοις
2407 2976 2637 3043 ἀπάγων
2665 2974 2897 3029 ἐνταῦθα
2949 2977 3046 3030 καὶ
3091 2974 3314 3046 γλώσσῃ
3366 2975 3627 3045 κέχρηται
3671 2973 3765 3025 καὶ

2195 3066 2332 3136 ὀργῇ
2365 3066 2457 3119 καὶ
2477 3064 2625 3135 χειρὶ
2644 3065 2737 3119 καὶ
2753 3066 2999 3137 μάστιγι,
3018 3063 3329 3133 λογίζεσθαι
3343 3063 3610 3133 παρέχων,
3631 3061 3763 3130 ὅσης

2195 3156 2338 3224 ἀξιοῖ
2372 3158 2433 3211 τὸ
2471 3159 2702 3227 πρᾶγμα
2751 3156 3008 3227 σπουδῆς.
3039 3156 3226 3210 Ταῦτα
3268 3155 3374 3225 γὰρ
3401 3155 3460 3208 ού
3499 3154 3590 3207 τὴν
3623 3152 3763 3205 νεὼν

2196 3247 2454 3301 τοσοῦτον
2510 3249 2718 3300 ἐκεῖνον
2775 3246 3101 3316 βουλομένου
3151 3245 3457 3317 σεμνύνειν,
3489 3243 3548 3296 ὃν
3597 3258 3770 3296 κατα-

2200 3343 2585 3411 σκαπτόμενον
2617 3341 2915 3413 περιεῖδεν,
2947 3343 3075 3395 ὅσον
3112 3341 3224 3395 τῶν
3265 3340 3469 3394 πιστῶν
3515 3339 3768 3402 ἕκαστον,

2196 3433 2327 3503 παρ’
2355 3431 2436 3495 οἷς
2471 3435 2842 3504 ἐπηγγείλατο
2872 3434 3076 3504 μένειν,
3115 3435 3390 3506 μερίμνης
3419 3431 3768 3502 ἀπηλλάχθαι

2196 3526 2293 3580 καὶ
2348 3527 2649 3596 φροντίδων
2702 3528 2828 3580 ὅσου
2883 3529 3145 3598 τιμᾶται,
3193 3526 3506 3590 δεικνύντος
3542 3521 3631 3596 ἦν,
3675 3523 3769 3578 καὶ

2196 3615 2315 3684 ἅμα
2341 3617 2415 3678 ώς
2449 3617 2644 3686 ἰταμὸν
2667 3617 2728 3669 τὸ
2755 3616 2952 3682 πάθος,
2975 3619 3067 3671 καὶ
3090 3616 3246 3688 χρεία
3271 3616 3445 3686 θυμοῦ
3477 3618 3571 3671 καὶ
3589 3615 3770 3685 ψυχῆς

2197 3707 2445 3777 ἑστώσης
2473 3710 2568 3763 καὶ
2598 3707 2860 3778 νήφοντος
2887 3709 3172 3778 λογισμοῦ,
3203 3709 3296 3760 καὶ
3327 3708 3433 3778 πρό
3467 3725 3530 3776 γε
3562 3707 3770 3761 τούτων

2197 3800 2367 3869 αὐτῆς
2421 3801 2520 3868 τῆς
2580 3803 2764 3871 χειρὸς
2803 3802 2898 3855 τοῦ
2941 3801 3213 3871 Σωτῆρος,
3257 3801 3317 3853 ὃν
3367 3799 3516 3853 ἔνδον
3561 3799 3638 3867 μὴ
3671 3800 3768 3852 λα-

2195 3891 2390 3954 ϐόντας
2434 3892 2528 3946 τὸν
2563 3892 2796 3959 θόρυϐον
2833 3893 3117 3964 ἀμήχανον
3147 3891 3418 3948 ἐκϐαλεῖν,
3464 3891 3563 3944 Διὰ
3593 3891 3769 3944 ταῦτα

2194 3984 2257 4035 τὸ
2307 3983 2586 4054 ἱερόσυλον
2619 3984 2838 4055 θανάτῳ
2866 3982 3200 4054 ζημιοῦσθαι
3245 3982 3410 4053 νόμος
3440 3983 3640 4044 ἔκειτο,
3674 3983 3768 4033 καὶ

2193 4078 2306 4139 τοῖς
2354 4076 2466 4129 τῶν
2518 4077 2691 4145 άγίων
2741 4077 2946 4146 Ἀγίοις
2992 4077 3500 4146 παραπετάσματος
3551 4075 3763 4143 ἐδέησε.

2207 4171 2338 4234 ’0ζά
2391 4170 2707 4242 ἀπέθνησκε
2750 4173 2818 4242 τῇ
2874 4169 3094 4240 κιϐωτῷ
3145 4168 3547 4239 περιτραπείσῃ
3609 4169 3766 4238 χεῖρα

2197 4262 2425 4332 βέϐηλον
2475 4261 2765 4331 ὑποσχὼν,
2815 4263 2910 4314 καὶ
2973 4261 3158 4325 Ὀζίας
3195 4260 3406 4330 λέπραν
3437 4259 3547 4315 τῶν
3607 4259 3768 4328 ἱερῶν

2193 4353 2474 4416 ἀπώνατο,
2511 4354 2607 4407 καὶ
2641 4352 2815 4406 πολλὰ
2862 4352 2927 4421 δὴ
2965 4351 3195 4405 τοιαῦτα
3243 4354 3310 4423 τῇ
3357 4350 3768 4421 βεϐαπτισμένῃ

2193 4446 2339 4517 ψυχῇ
2373 4445 2435 4498 τὸ
2478 4443 2738 4514 καθαρῶς
2768 4443 2968 4498 ἄσυλον
2998 4442 3077 4514 τῷ
3105 4442 3346 4514 ἀληθινῴ
3377 4441 3516 4496 Θεοῦ
3549 4442 3767 4513 τεμένει

515 4523 767 4578 velitibus
809 4522 865 4576 in
899 4519 1122 4576 Christo
1165 4533 1355 4586 puram
1403 4533 1434 4571 a
1476 4516 1842 4572 sollicitudine
1892 4518 2092 4572 habere

2197 4516 2499 4607 νομοθετεῖ.
2525 4535 2623 4589 Διά
2643 4533 2816 4588 ταῦτα
2838 4537 2952 4599 τοῖς
2975 4536 3032 4588 έν
3054 4533 3278 4605 Χριστῷ
3305 4531 3473 4599 ζῶσιν
3497 4532 3764 4603 εἰλικρινῆ

514 4618 772 4679 animam,
805 4615 858 4669 in
905 4625 1104 4681 magno
1140 4609 1352 4665 videtur
1397 4624 1519 4664 esse
1547 4610 1756 4676 pretio;
1795 4619 1847 4665 et
1881 4611 1926 4666 si
1957 4613 2083 4682 quid

515 4726 706 4764 rerum
743 4722 866 4778 quae
896 4706 1152 4759 videntur
1187 4717 1310 4758 esse
1353 4702 1505 4756 utilia
1549 4702 1878 4759 voluntatem
1921 4719 2089 4773 pene-

518 4813 644 4865 trat,
689 4815 797 4856 non
829 4798 1088 4870 pervertit
1127 4810 1374 4858 sensum,
1407 4795 1866 4865 quemadmodum
1907 4795 2087 4860 Petro,

517 4909 640 4947 r-um
695 4899 981 4946 vocantem
1039 4888 1378 4943 Salvatorem
1427 4887 1657 4955 audivit,
1715 4891 1782 4943 de
1831 4888 2088 4950 rebusin

518 5000 682 5041 manu
719 4983 916 5038 habitis
949 4981 1094 5036 nulla
1135 4995 1266 5035 cura
1304 4977 1426 5034 fuit.
1470 4981 1684 5034 Etenim
1717 4989 1770 5034 et
1813 4980 1912 5047 ipsi
1952 4995 2087 5049 qua-

517 5085 640 5130 dam
671 5075 956 5129 vocatione
984 5084 1244 5142 perpetua
1281 5084 1546 5128 vocantur
1578 5089 1673 5142 per
1701 5073 2029 5140 insculptam
2057 5087 2088 5126 a

520 5167 791 5238 mysteriis
822 5167 874 5220 in
907 5168 1088 5220 anima
1119 5165 1371 5233 gratiam,
1400 5181 1542 5235 quae,
1578 5165 1720 5219 sicut
1759 5165 1835 5217 ait
1863 5163 2087 5230 Paulus,

522 5280 541 5313 ι
575 5271 662 5316 est
697 5254 933 5330 spiritus
963 5257 1081 5312 Filii
1114 5257 1202 5312 Dei
1229 5258 1473 5312 clamans
1512 5257 1566 5311 in
1605 5257 1770 5312 corde
1805 5256 2086 5326 ipsorum:

513 5353 688 5416 Abba,
722 5352 897 5406 Pater.
936 5367 956 5402 ι
981 5349 1042 5404 Ει
1092 5351 1163 5404 ita
1187 5363 1401 5417 semper
1433 5347 1615 5402 omnia
1657 5348 1986 5417 despiciunt,
2033 5358 2090 5402 ut

516 5459 732 5513 semper
773 5442 1048 5496 Christum
1085 5440 1241 5509 sequi
1287 5438 1528 5508 possint;
1559 5439 1822 5509 quoniam
1872 5455 1978 5494 non
2007 5449 2090 5496 est

514 5549 753 5602 inquom,
786 5534 987 5601 inquit,
1031 5547 1126 5587 eos
1162 5551 1180 5582 ι
1215 5532 1440 5584 verbum
1489 5530 1597 5584 Dei
1627 5532 2003 5603 derelinquere
2033 5544 2087 5588 et

517 5629 830 5682 ministrare
860 5626 1088 5689 mensis,
1119 5644 1137 5676 ι
1174 5625 1352 5692 primo
1377 5622 1592 5691 quidem
1621 5621 1764 5692 quod
1787 5625 1921 5679 nihil
1952 5624 2086 5693 ipsis

516 5736 627 5788 prae
679 5721 788 5776 Deo
825 5730 943 5786 est;
991 5718 1184 5772 deinde
1232 5717 1488 5786 quoniam
1556 5725 1609 5770 et
1658 5726 1850 5772 caetera
1901 5721 2082 5773 omnia

515 5811 584 5865 ab
635 5808 755 5882 ipso
800 5811 1068 5866 bonorum
1094 5807 1338 5864 omnium
1365 5820 1580 5863 summo
1606 5807 1982 5878 dispensatore
2002 5826 2086 5869 rc-

2201 4631 2477 4702 μερίμνης
2503 4629 2602 4701 τὴν
2626 4627 2805 4699 ψυχὴν
2848 4626 2994 4699 ἔχειν
3022 4627 3221 4680 πολλοῦ
3244 4642 3390 4688 τινος
3428 4620 3569 4677 εῖναι
3598 4624 3765 4676 δοκεῖ’

2198 4724 2304 4778 κάν
2339 4740 2394 4776 τι
2422 4722 2522 4793 τὴν
2549 4723 2778 4791 γνώμην
2809 4718 3027 4790 εἰσέλθῃ
3058 4718 3169 4770 τῶν
3209 4715 3350 4771 εἶναι
3381 4714 3660 4788 προύργου
3692 4717 3769 4768 δοο

2199 4813 2458 4878 κούντων,
2491 4813 2592 4866 οὐκ
2626 4811 2946 4881 ἐπιστρέφει
2973 4810 3066 4863 τὸν
3089 4809 3373 4880 λογισμὸν,
3408 4811 3662 4878 καθάπερ
3692 4809 3767 4878 τῷ

2199 4905 2391 4974 Πέτρῳ
2428 4903 2540 4957 τῶν
2573 4905 2630 4957 ἐν
2668 4901 2858 4974 χερσὶν
2885 4901 3039 4956 οὐδὲν
3063 4900 3356 4972 ἐμέλησεν,
3381 4902 3505 4954 ἐπεὶ
3542 4901 3767 4955 καλοῦν-

2195 5013 2286 5059 τος
2314 4994 2407 5048 τοῦ
2444 4995 2699 5066 Σωτῆρος
2746 4995 2968 5064 ἤκουσε.
3027 4993 3140 5047 Καὶ
3187 4993 3297 5068 γὰρ
3333 4995 3428 5048 καὶ
3475 4995 3630 5047 αὐτοὶ
3672 5011 3769 5047 κα-

2193 5089 2414 5142 λοῦνται
2469 5086 2663 5156 κλῆσίν
2711 5104 2835 5140 τινα
2888 5087 3089 5156 συνεχῆ
3130 5087 3221 5138 καὶ
3265 5086 3493 5156 διηνεκῆ
3529 5086 3617 5139 διὰ
3664 5087 3764 5155 τῆς

2195 5177 2631 5249 ἐνσημανθείσης
2660 5177 2769 5230 ἀπὸ
2804 5175 2915 5228 τῶν
2964 5175 3278 5246 μυστηρίων
3317 5178 3382 5247 τῇ
3421 5176 3568 5246 ψυχῇ
3604 5177 3762 5246 χάρι-

2191 5289 2317 5334 τος,
2370 5271 2492 5341 ἥτις
2545 5272 2684 5335 ἐστὶ,
2733 5267 2944 5332 Παῦλος
2991 5263 3134 5332 εἷπε,
3187 5285 3207 5319 ι
3247 5267 3308 5321 τὸ
3352 5267 3450 5321 τοῦ
3489 5267 3619 5321 Υίοῦ
3669 5267 3760 5321 τοῦ

2193 5361 2329 5416 Θεοῦ
2357 5361 2585 5432 Πνεῦμα
2606 5364 2663 5414 ὲν
2691 5362 2812 5422 ταῖς
2831 5360 3084 5428 καρδίαις
3109 5359 3290 5414 αὐτῶν
3313 5361 3516 5432 κράζον
3532 5376 3548 5391 ο
3593 5361 3762 5414 Ἀϐΰᾶ

2191 5455 2219 5506 ὁ
2248 5453 2459 5521 Πατήρ.
2497 5469 2516 5502 ι
2555 5451 2664 5503 Καὶ
2702 5449 2874 5510 οὕτως
2924 5451 3184 5504 ἑκάστοτε
3227 5450 3445 5505 πάντων
3481 5451 3761 5523 ὑπερορῶο

2195 5562 2302 5611 σιν,
2339 5543 2422 5597 ῐν’-
2441 5543 2701 5596 ἑκάστοτε
2729 5541 2808 5612 τῷ
2831 5543 3054 5612 Χριστῷ
3081 5542 3383 5611 δυνηθῶσιν
3409 5543 3724 5596 ἀκολουθεῖν
3741 5583 3756 5607 ,

2191 5635 2274 5686 ὅτι
2300 5634 2360 5686 ού
2392 5635 2556 5686 καλόν
2586 5637 2724 5696 ἐστι,
2768 5633 2956 5702 φησὶν,
3000 5652 3019 5685 ι
3061 5635 3296 5702 ἀφέντας
3321 5635 3410 5686 τὸν
3458 5634 3617 5702 λόγον
3663 5633 3756 5686 τοῦ

2189 5725 2325 5780 Θεοῦ
2369 5726 2638 5779 διακονεῖν
2683 5725 3010 5796 τραπέζαις,
3048 5745 3067 5779 ι
3106 5727 3321 5796 πρῶτον
3356 5726 3456 5796 μὲν
3477 5727 3556 5778 ὅτι
3591 5725 3758 5795 μηδὲν

2188 5821 2369 5884 αὐτοῖς
2416 5819 2523 5891 πρὸ
2553 5818 2648 5874 τοῦ
2697 5817 2857 5885 Θεοῦ,
2911 5819 3087 5875 ἔπειθ’
3130 5821 3212 5875 ὅτι
3255 5819 3350 5876 καὶ
3393 5821 3571 5876 πάντα
3623 5815 3753 5890 παρ’
