4134 6314
309 394 428 455 ΜΠ

1387 402 1484 460 DE
1527 401 1700 462 VITA
1743 403 1824 462 IV
1865 401 2204 461 CHRISTO
2249 403 2390 461 LIB.
2431 403 2560 463 Vll.

3449 412 3552 477 6’13

306 509 471 578 αὐτῷ
509 509 676 563 τάλλα
741 509 1110 578 προσδοκῶσιν
1163 510 1456 580 εὑρήσειν,
1503 511 1614 566 τῶν
1661 511 1882 579 ἀγαθῶν

1990 523 2239 581 cepturos
2281 529 2340 568 se
2375 523 2713 583 exspectant.
2749 515 2882 568 Nam
2931 517 3298 585 quaerentibus
3321 521 3554 586 primum

308 601 441 653 ὄντι
467 602 683 655 πάντων
714 601 902 672 ταμίᾳ.
940 603 1050 655 Καὶ
1098 602 1209 672 γάρ
1253 602 1464 656 αίτοῦσι
1513 601 1734 672 πρῶτον
1785 601 1882 670 τὴν

315 690 604 759 βασιλείαν
626 690 718 742 τοῦ
753 690 911 755 Θεοῦ,
941 691 1036 746 τοῦ
1057 692 1322 760 ἀψευδοῦς
1352 693 1672 760 ἐπαγγελία,
1705 693 1883 746 πάντα

311 783 493 836 τᾶλλα
541 783 946 853 ἀκολουθήσειν.
991 785 1166 854 ’Υπὲρ
1195 785 1399 838 τούτων
1445 785 1714 856 μερίμνης
1759 786 1884 848 τοὺς

316 877 478 945 αὖτῷ
506 877 938 945 προσκειμένους
975 881 1004 932 ό
1045 878 1238 948 Σωτὴρ
1271 879 1500 946 ἀπάγων
1531 879 1886 954 ἀπάσηςθποι

315 967 422 1021 λὺν
453 967 546 1020 τοῦ
580 969 744 1037 νόμου
776 969 969 1022 τούτου
994 972 1230 1023 ποιεῖται
1260 972 1440 1038 λόγον,
1474 970 1560 1023 ῖνα
1589 986 1648 1023 τε
1676 971 1750 1038 μὴ
1777 967 1886 1020 τῶν

313 1059 587 1127 μειζόνων
633 1061 1050 1130 ἀποστερῶνται
1074 1101 1088 1122 .
1126 1062 1220 1114 καὶ
1257 1062 1339 1115 ὅτι
1372 1061 1549 1131 μάτην
1594 1064 1886 1114 κόπτονται

307 1149 724 1218 φροντίζοντες.
751 1143 828 1204 ὧν
867 1151 972 1220 πρὸ
1005 1151 1186 1206 αὐτῶν
1227 1153 1422 1222 ἐκείνῳ
1450 1152 1697 1220 μελήσει.
1739 1151 1802 1204 Ei
1831 1149 1887 1204 δὲ

304 1240 374 1293 τὸ
416 1245 689 1311 μεριμνᾷν
719 1243 860 1312 ὑπὲρ
891 1243 1097 1296 τούτων
1134 1243 1342 1312 ζημία,
1397 1244 1457 1296 τὸ
1493 1244 1746 1297 ἀνιᾶσθαι
1784 1242 1888 1296 ποῦ

307 1332 586 1402 θήσομεν,
622 1335 650 1387 ὃ
685 1336 760 1406 μὴ
801 1337 960 1405 μόνον
1009 1337 1122 1390 ἐστὶ
1154 1336 1250 1390 τοῦ
1285 1336 1420 1389 Θεοῦ
1451 1340 1518 1408 τῇ
1562 1339 1751 1408 μνήμῃ
1788 1335 1888 1399 τὴν

304 1422 500 1492 ψυχὴν
538 1426 863 1493 ἀφεστάναι,
918 1428 1052 1482 ἀλλά
1097 1429 1196 1484 καὶ
1249 1431 1597 1484 παντάπασιν
1652 1429 1890 1484 ἀσκοτῶ-

310 1516 447 1569 σθαι
487 1519 581 1571 καὶ
626 1521 827 1588 τυφλὸν
883 1519 1019 1574 εἶναι
1066 1521 1161 1575 τὸν
1193 1523 1478 1593 λογισμὸν,
1525 1523 1602 1586 ὡς
1628 1524 1723 1577 καὶ
1755 1523 1890 1591 πρὸς

308 1606 538 1662 ὄλισθον
571 1611 912 1665 παντοδαπὸν
940 1613 1194 1668 ἐντεῦθεν
1219 1615 1460 1686 εὐχερῶς
1514 1615 1694 1686 ἔχεινς
1745 1615 1890 1677 Νοῦς

306 1701 430 1768 γάρ
459 1703 678 1758 ἐπειδάν
726 1704 934 1776 ἀθυμίᾳ
980 1708 1208 1777 κάτοχος
1239 1704 1312 1778 ᾖ,
1342 1706 1420 1777 τῷ
1465 1708 1742 1762 σεσεῖσθαι
1775 1708 1889 1769 τοῖς

309 1793 534 1848 ἐκεῖθεν
564 1794 790 1864 ίλίγγοις
814 1796 908 1850 καὶ
936 1800 1292 1864 καταπεσεῖν,
1315 1800 1385 1853 τά
1411 1799 1725 1868 φαυλότατα
1751 1798 1888 1852 πάν-

1988 619 2214 673 rcguum
2255 602 2370 664 Dei,
2402 619 2523 657 vera
2557 614 2638 660 est
2669 607 2958 675 promissio
2978 618 3169 661 ca‘tera
3200 622 3391 664 cuncta
3427 629 3560 666 con—

1987 704 2282 763 sequenter
2323 696 2510 750 datum
2545 697 2629 750 iri.
2674 697 2849 764 Super
2886 699 2968 754 his
3005 702 3152 754 omni
3193 703 3558 760 sollicitudine

1987 785 2324 840 adhaerentes
2354 787 2456 841 sibi
2493 785 2740 841 Salvator
2785 805 3012 854 exuens,
3051 793 3280 845 multum
3330 794 3558 861 hujusce

1988 874 2123 944 legis
2173 875 2303 930 facit
2333 876 2535 940 locum,
2567 893 2635 930 ne
2666 877 2984 934 melioribus
3015 881 3317 950 priventur,
3345 893 3397 936 ct
3431 885 3558 953 quia

1988 967 2193 1022 frustra
2239 968 2536 1038 fatigantur
2566 970 2786 1024 solliciti
2815 971 2882 1024 de
2913 972 3110 1040 quibus
3140 983 3265 1027 ante
3306 976 3451 1044 ipsos
3480 976 3556 1030 illi

1989 1073 2118 1112 cura
2167 1069 2269 1114 est.
2316 1059 2372 1112 Si
2426 1077 2555 1114 vero
2610 1062 2678 1116 de
2723 1062 2842 1118 istis
2896 1063 3318 1121 sollicitudinem
3361 1070 3560 1123 habere

1987 1152 2311 1206 damnosum
2351 1161 2456 1213 est,
2491 1154 2582 1207 tibi
2617 1155 2891 1210 tristitiam
2945 1172 3229 1225 ponemus,
3264 1162 3406 1228 quod
3453 1177 3558 1213 non

1989 1242 2164 1297 solum
2201 1252 2282 1297 est
2315 1259 2344 1297 a
2381 1243 2472 1298 Dei
2511 1246 2884 1301 recordatione
2916 1257 3149 1301 mentem
3189 1251 3438 1312 alienari,
3467 1254 3558 1305 sed

1989 1335 2214 1388 omnino
2277 1335 2583 1400 obscurari,
2646 1353 2956 1408 caecamque
3018 1342 3282 1395 rationem
3342 1344 3557 1405 habere,

1990 1424 2060 1478 ita
2093 1424 2233 1479 utad
2266 1428 2562 1494 quamlibet
2581 1429 2796 1483 ruinam
2821 1431 3014 1484 exinde
3041 1431 3216 1486 facilis
3233 1435 3301 1486 sit
3326 1433 3560 1486 descen-

1988 1517 2120 1570 sus?
2139 1515 2291 1572 Mens
2315 1520 2459 1572 enim
2487 1530 2778 1589 postquam
2802 1523 2969 1576 animi
3001 1524 3304 1591 dejectione
3324 1525 3555 1590 laborat,

1989 1605 2034 1659 si
2066 1606 2264 1661 exinde
2311 1608 2576 1678 vertigine
2612 1621 2846 1665 vexetur
2890 1623 3053 1678 atque
3100 1613 3334 1674 decidat,
3369 1613 3560 1667 miser-

1990 1698 2128 1751 rime
2155 1713 2217 1753 se
2249 1699 2433 1765 habet,
2469 1702 2576 1754 vim
2609 1717 2765 1756 suam
2787 1713 2839 1756 et
2868 1704 3183 1774 dignitatem
3213 1713 3266 1758 et
3296 1704 3558 1774 quidquid

1991 1788 2093 1843 sibi
2129 1789 2372 1845 innatum
2394 1801 2494 1858 est,
2529 1794 2686 1848 sicuti
2720 1794 2812 1864 qui
2848 1794 3123 1865 profundo
3152 1806 3438 1864 captantur
3473 1811 3563 1849 so-

305 1903 426 1940 των
455 1888 634 1959 ἑαυτῷ
681 1890 899 1960 χρῆται,
942 1891 1043 1962 τὴν
1095 1893 1193 1961 μὲν
1227 1893 1514 1960 ἐνέργειαν
1543 1893 1646 1960 τὴν
1689 1889 1880 1944 ἑαυτοῦ

1992 1895 2126 1950 pore
2157 1897 2278 1952 quae
2328 1871 2382 1937 in
2425 1886 2678 1941 manibus
2717 1896 2928 1953 tenent,
2959 1896 3206 1956 prompte
3245 1887 3558 1956 projiciens,

305 1981 408 2034 καὶ
441 1981 543 2050 τὴν
565 1982 720 2046 ἀξίαν
770 1983 1003 2054 ἑτοίμως
1037 1984 1178 2050 ἄγαν
1222 1985 1544 2054 προϊέμενος
1573 1984 1668 2035 καὶ
1704 1983 1733 2036 ὃ
1782 1983 1884 2036 πέ-

305 2089 479 2140 φυκε,
510 2072 764 2144 καθάπερ
814 2075 865 2127 oi
907 2073 1104 2145 μακρῷ
1136 2075 1290 2144 κάρῳ
1340 2074 1778 2143 κατασχεθέντες
1815 2071 1887 2126 τά

306 2164 370 2214 ὲν
395 2164 580 2233 χερσὶ,
611 2163 813 2218 πάθεσι
833 2164 890 2218 δὲ
915 2165 1118 2235 ῥᾳδίως
1149 2164 1314 2218 είκων
1337 2165 1685 2235 ἀνδραπόδων
1704 2165 1883 2230 δίκην,

305 2250 398 2316 οἷς
439 2256 753 2310 ιπιτάττειν
784 2255 989 2316 δίκαιος
1018 2251 1086 2325 ῆν
1107 2273 1122 2289 ο
1158 2257 1252 2310 καὶ
1277 2255 1452 2317 οὕτως
1476 2256 1630 2310 οὐδὲν
1663 2255 1886 2318 κωλύει,

308 2346 418 2416 τὴν
451 2345 629 2416 ψυχὴν
648 2345 962 2413 ἀποθανεῖν,
989 2348 1188 2416 μυρίας
1213 2347 1488 2402 λαϐοῦσαν
1513 2347 1756 2415 πληγάς,
1776 2348 1888 2401 τῶν

313 2437 424 2506 μιν
449 2437 544 2505 ἀφ’
579 2437 750 2506 ὕψους
789 2437 926 2506 αὐτῇ
959 2438 1345 2508 πολεμούντων
1379 2439 1594 2493 πολλῶν
1623 2438 1816 2497 όντων.

310 2528 486 2582 Δαόὶδ
516 2527 661 2595 εἷπε,
696 2531 790 2583 τοῦ
818 2531 864 2582 δ’
893 2532 1262 2602 ὲπικουρῆσαι
1307 2533 1369 2585 ού
1421 2532 1744 2601 δυναμένου.
1787 2531 1888 2584 Διά

310 2622 478 2675 τοῦτο
519 2623 750 2686 Παῦλος,
777 2641 796 2675 ι
831 2624 897 2676 Ἦ
926 2623 1096 2692 λύπη,
1125 2625 1280 2693 φησι,
1303 2623 1396 2678 τοῦ
1427 2625 1631 2694 κόσμου
1656 2623 1890 2678 θάνατον

311 2713 765 2782 κατεργάζεταιο
803 2733 822 2766 ι
868 2714 1004 2784 πρὸς
1053 2715 1117 2786 δὴ
1164 2715 1339 2769 ταῦτα
1378 2715 1666 2786 βλέποντες
1704 2715 1754 2769 οῖ
1787 2732 1888 2768 πεο

318 2807 530 2872 ριεῖναι
583 2805 678 2859 καὶ
725 2803 825 2875 ζῇν
881 2806 1063 2868 αὑτοίς
1103 2805 1390 2876 βούλονται
1427 2807 1530 2874 τὴν
1563 2807 1742 2877 ψυχὴν
1767 2848 1782 2873 ,
1826 2806 1888 2861 ού

313 2895 504 2964 λύπην
545 2894 808 2964 φεύγουσι
839 2897 1020 2964 μόνον,
1055 2896 1192 2950 ἀλλά
1224 2897 1317 2950 καὶ
1353 2898 1627 2967 μερίμνης
1656 2897 1889 2966 ἀπέχον-

313 3004 436 3050 ται,
460 2985 743 3058 πόρρωθεν
766 2986 1164 3056 ἐκτρεπόμενοι
1192 2985 1253 3040 τὸ
1271 2989 1466 3044 κακόν.
1500 2988 1562 3042 Ei
1589 2987 1646 3042 δὲ
1666 2987 1887 3050 ’πολλοῖς

310 3079 428 3132 τῶν
468 3078 792 3142 σπουδαίων,
835 3079 1048 3131 πόλεων
1077 3081 1173 3132 καὶ
1203 3081 1490 3132 συνοικιῶν
1517 3078 1888 3148 ἐπιμελουμέ-

312 3185 454 3232 νοις,
503 3168 598 3222 καὶ
633 3167 976 3238 πραγμάτων
1023 3167 1254 3237 ἅψεσθαι
1297 3169 1518 3238 συνέϐη,
1561 3169 1697 3222 άλλά
1728 3169 1883 3239 μερί·
1914 3203 1958 3262 c

319 3276 489 3329 μναις
511 3258 665 3312 οὐδὲν
689 3260 890 3326 μᾶλλον
915 3262 1239 3328 προσέσχον,
1265 3259 1372 3312 οὐδ’
1395 3260 1686 3330 ἐξέστησεν
1711 3259 1889 3313 αὐτῶν

314 3350 416 3404 τοῦ
445 3350 845 3419 καθεστηκότος
893 3351 988 3403 τὸν
1033 3351 1314 3420 λογισμόν.
1355 3352 1729 3422 Μεριμνῶμεν
1757 3351 1885 3421 γάρ,

315 3440 566 3506 ἐπειδάν,
591 3441 721 3509 περὶ
740 3432 817 3494 ὧν
845 3441 1117 3511 ζητοῦμεν
1140 3443 1235 3494 καὶ
1257 3435 1332 3494 ὧν
1353 3443 1502 3506 ὅπως
1531 3443 1686 3496 ἐσται
1707 3444 1892 3513 τυχεῖν

319 3535 672 3603 σκοποῦμεν,
722 3532 859 3602 πρὸς
913 3535 1087 3587 ταῦτα
1142 3535 1310 3588 πόθον
1355 3536 1475 3589 τινὰ
1535 3537 1892 3605 κεκτημένοις

317 3625 519 3679 ἔπειτα
545 3626 749 3693 τυχεῖν,
799 3626 848 3677 εί
878 3625 1080 3693 γίνοιτ’
1113 3625 1180 3679 ἀν
1209 3627 1344 3695 ἡμῖν
1382 3621 1458 3680 ὧν
1486 3626 1889 3694 ἐπιθυμοῦμεν,

316 3717 520 3786 ἄδηλον
639 3716 826 3770 Ταῦτα
861 3717 969 3785 γὰρ
999 3716 1099 3788 τὴν
1133 3718 1405 3788 μέριμναν
1433 3719 1754 3770 συνιστάναι
1799 3717 1891 3770 καὶ

316 3810 666 3864 κατατείνειν
695 3809 915 3863 δύναται
937 3809 1034 3878 τὴν
1055 3801 1254 3879 ψυχὴν,
1299 3809 1435 3864 τότε
1456 3813 1583 3880 περὶ
1611 3811 1672 3864 τὸ
1697 3811 1893 3880 ζητού-

317 3918 486 3974 μενον
503 3901 726 3970 φίλτρον
747 3901 805 3954 τό
824 3918 882 3954 τε
899 3902 1025 3970 περὶ
1056 3901 1152 3954 τοῦ
1191 3902 1376 3965 τέλους
1417 3903 1517 3971 τῆς
1553 3903 1683 3972 περὶ
1722 3903 1889 3957 αὑτοῦ

315 3993 562 4060 σπουδῆς
589 3992 756 4062 μηδὲν
778 3991 976 4046 εἰδέναι
1001 3993 1169 4059 σαφές
1191 4009 1203 4022 ο
1219 3993 1284 4046 άν
1300 4009 1359 4044 τε
1379 3993 1538 4062 γάρῆ
1566 4011 1635 4046 πε
1644 3996 1697 4062 pi.
1709 3987 1784 4046 ὧν
1806 4013 1893 4063 φι-

315 4089 410 4142 λοῦ
420 4105 526 4158 μεν
543 4087 698 4141 οῦδὲν
713 4086 966 4155 εἰδῶμεν,
989 4086 1021 4155 ἢ
1047 4087 1174 4155 περὶ
1192 4077 1268 4137 ὧν
1285 4085 1551 4153 φιλοῦμεν
1570 4087 1638 4139 τά
1661 4086 1780 4138 κατ’
1805 4087 1892 4139 εύ-

314 4183 416 4250 χῆν
432 4180 691 4246 εἰδῶμεν,
714 4178 864 4230 οὐδὲν
881 4179 1012 4248 ἡμῖν
1029 4176 1288 4247 δυσχερὲς
1307 4177 1427 4230 οὐδὲ
1455 4177 1720 4245 μέριμνα,
1745 4176 1810 4229 άν
1829 4193 1890 4229 τε

314 4273 614 4340 ζητοῦντες
633 4270 662 4324 δ
683 4269 965 4338 φιλοῦμεν,
984 4268 1058 4331 ὡς
1087 4269 1148 4322 οὐ
1174 4267 1479 4338 ληψόμεθα,
1511 4269 1698 4336 σαφῶς
1737 4269 1893 4322 εἱδῶ-

319 4380 436 4432 μενι
466 4359 569 4413 τοῦ
598 4360 867 4430 μεριμνᾷν
892 4358 1066 4418 οὐδεὶς
1084 4357 1478 4412 καταλείπεται
1510 4358 1696 4419 τόπος.
1725 4358 1890 4411 Ούδε-

319 4451 417 4519 μία
443 4453 564 4521 γὰρ
581 4450 818 4504 ἐνταῦθα
836 4451 1053 4518 φροντὶς
1083 4449 1202 4502 οὐδὲ
1231 4450 1414 4520 φόϐος,
1437 4452 1492 4501 ἒν
1525 4445 1605 4511 οἷς
1628 4450 1768 4518 ότῆς
1790 4467 1888 4520 με·

1993 1969 2151 2026 facile
2194 1988 2326 2028 vero
2373 1975 2594 2041 cedens,
2649 1971 3160 2042 servorum‘more,
3196 1977 3560 2045 passionibus.

1987 2063 2188 2129 quibus
2212 2064 2480 2132 imperare
2509 2082 2724 2136 aequum
2759 2078 2908 2133 erat;
2938 2078 2991 2121 et
3019 2069 3097 2122 sic
3130 2069 3260 2120 nihil
3286 2068 3558 2136 prohibet,

1988 2153 2283 2220 quominus
2311 2156 2512 2218 anima,
2553 2157 2696 2212 mille
2726 2157 2895 2226 plagis
2925 2159 3181 2227 acceptis,
3205 2167 3410 2227 pereat,
3435 2172 3557 2210 cum

1989 2241 2146 2295 multi
2193 2243 2412 2311 quidem
2451 2246 2582 2309 sint,
2616 2257 2675 2301 ut
2721 2249 2796 2300 ait
2825 2248 3015 2312 David,
3045 2251 3140 2319 qui
3187 2264 3256 2302 ex
3299 2250 3409 2303 alto
3457 2265 3560 2314 pu-

1989 2343 2157 2401 gnam
2179 2335 2442 2389 adversus
2472 2351 2613 2399 eam,
2650 2339 2832 2391 nullus
2864 2354 2994 2392 vero
3038 2339 3110 2393 sit
3154 2341 3247 2408 qui
3293 2339 3557 2392 auxilium

1990 2427 2134 2478 ferre
2156 2424 2346 2493 possit.
2379 2423 2506 2478 Ideo
2534 2423 2760 2491 Paulus,
2817 2445 2835 2478 ι
2866 2424 3059 2482 Szeculi
3093 2426 3336 2488 tristitia,
3361 2426 3559 2493 inquit,

1991 2525 2219 2570 mortem
2285 2525 2562 2585 Operatur.
2614 2537 2634 2570 ι
2697 2518 2777 2572 Ad
2835 2535 2957 2589 quas
3018 2520 3414 2589 prospicientes
3467 2517 3563 2586 qui

1988 2621 2277 2676 superesse
2299 2608 2586 2678 vivereque
2611 2611 2711 2664 sibi
2741 2612 2930 2666 volunt
2958 2614 3223 2676 animam,
3251 2625 3355 2666 non
3383 2612 3560 2666 solum

1989 2698 2272 2754 tristitiam
2332 2699 2568 2770 fugiunt,
2626 2705 2720 2758 sed
2780 2705 2946 2760 etiam
3006 2705 3196 2775 procul
3255 2715 3564 2760 avertentes

1992 2792 2191 2845 malum
2215 2807 2242 2844 a
2272 2791 2636 2849 sollicitudine
2661 2795 2764 2850 sibi
2799 2807 3121 2865 prmcaveut.
3141 2798 3197 2853 Si
3226 2810 3353 2852 vero
3378 2801 3564 2857 multis

1989 2883 2303 2952 proborum,
2349 2886 2564 2941 urbium
2599 2888 3030 2959 societatumque
3089 2905 3275 2945 curam
3347 2892 3550 2946 haben-

1990 2977 2160 3039 tibus,
2191 2977 2257 3032 ad
2296 2979 2509 3047 negotia
2537 2996 2760 3041 manum
2796 2983 3088 3038 admovere
3117 2998 3341 3038 necesse
3377 2983 3562 3048 fuerit,

1988 3067 2136 3122 curis
2167 3075 2348 3122 tamen
2387 3085 2492 3124 non
2530 3072 2701 3142 magis
2737 3072 3103 3138 indulserunt,
3140 3089 3241 3128 nec
3279 3074 3414 3144 ipsis
3459 3076 3563 3129 hoc

1989 3173 2159 3214 causa
2192 3156 2296 3214 fuit
2327 3169 2384 3214 ut
2410 3162 2480 3214 ab
2518 3173 2738 3218 assueta
2773 3164 2986 3218 ratione
3018 3164 3352 3220 recederent.
3401 3164 3561 3220 Solli-

1993 3247 2084 3300 citi
2127 3263 2364 3316 namque
2409 3265 2624 3312 sttmtts.
2650 3267 2773 3307 cum
2813 3253 2958 3307 circa
2993 3268 3057 3306 ea
3106 3270 3226 3322 qua:
3262 3255 3560 3324 quaerimus

1993 3349 2045 3390 et
2074 3338 2292 3393 modttm
2329 3339 2609 3398 obtinendi
2640 3345 3010 3411 speculamur,
3043 3347 3278 3414 quodam
3309 3347 3561 3400 obtinen-

1992 3429 2044 3484 di
2072 3430 2344 3486 desiderio
2382 3443 2565 3501 postea
2611 3434 2845 3503 adjecto,
2879 3452 2947 3490 an
2989 3437 3150 3492 nobis
3184 3439 3404 3492 evenire
3439 3452 3565 3507 pos-

1947 3573 1950 3575 .
1993 3523 2106 3594 sint
2135 3539 2256 3592 qua
2292 3525 2610 3593 quaet-imus.
2648 3527 2913 3582 incertum
2956 3539 3057 3582 est.
3089 3528 3203 3584 Hoc
3231 3532 3375 3583 enim
3406 3530 3562 3584 exci-

1993 3621 2111 3669 tare
2137 3615 2556 3671 sollicitudinem
2581 3633 2646 3672 ac
2670 3619 2906 3673 animam
2931 3621 3160 3676 dilatare
3179 3631 3385 3691 potest;
3413 3612 3586 3691 quod.

1992 3705 2136 3760 circa
2170 3706 2458 3774 quaesitum
2491 3707 2821 3764 desiderium
2867 3721 2920 3766 et
2950 3712 3108 3766 linem
3141 3713 3209 3767 de
3251 3714 3342 3767 illo
3374 3713 3560 3783 inqui-

1994 3797 2209 3852 sitionis
2240 3798 2374 3852 nihil
2424 3799 2714 3856 manifeste
2743 3814 3034 3859 noscatur:
3065 3803 3181 3860 sive
3221 3807 3367 3860 enim
3415 3807 3560 3862 circa

1992 3904 2080 3943 ro-s
2099 3899 2308 3944 amatas
2333 3891 2468 3945 nihil
2489 3892 2788 3965 videamus,
2813 3902 2907 3947 aut
2937 3906 3143 3950 amatas
3167 3897 3415 3964 resjuxta
3439 3908 3560 3950 vota

1993 3981 2287 4035 succedere
2339 3984 2642 4048 videamus,
2695 3986 2829 4038 nihil
2895 3986 3052 4041 nobis
3104 3997 3190 4040 est
3245 4003 3560 4053 onerosum,

1995 4085 2095 4126 nec
2152 4072 2490 4137 sollicitudo,
2545 4075 2659 4130 sive
2738 4086 3044 4143 quaerentes
3093 4079 3236 4146 quod
3291 4093 3558 4140 amamus,

1995 4179 2097 4218 nos
2120 4180 2227 4218 non
2252 4166 2572 4220 obtenturos
2600 4165 2892 4221 manifeste
2913 4167 3176 4232 sciamus,
3201 4169 3560 4224 sollicitudini

1989 4255 2100 4326 jam
2137 4255 2321 4310 nullus
2357 4255 2686 4323 relinquitur
2727 4257 2900 4313 locus.
2939 4257 3034 4312 llic
3065 4261 3208 4314 enim
3250 4260 3393 4313 nulla
3427 4275 3559 4313 cura

1996 4348 2286 4417 nullusque
2325 4349 2511 4414 timor,
2546 4349 2638 4404 ubi
2671 4350 2820 4404 stetit
2849 4351 3228 4406 sollicitudinis
3273 4353 3558 4418 terminus,

1995 4440 2086 4493 sed
2116 4439 2455 4508 simpliciter,
2495 4441 2650 4509 quasi
2680 4442 2792 4507 jam
2833 4441 3047 4495 adt-sset
3077 4442 3300 4504 malum,
3340 4443 3559 4499 tristitia

321 4544 531 4614 ρίμνης
549 4541 780 4610 ιστηκεν
815 4543 957 4611 ὄρος,
977 4541 1090 4594 ἀλλ’
1114 4541 1354 4611 ἀτεχνῶς
1375 4541 1448 4605 ὡς
1474 4541 1572 4612 ἤδη
1600 4541 1693 4594 τοῦ
1720 4541 1890 4595 κακοῦ

1998 4531 2171 4586 adest.
2199 4532 2373 4584 Porro
2408 4546 2532 4585 cum
2558 4547 2621 4586 ex
2648 4532 2754 4586 illis
2782 4547 2902 4602 qute
2935 4532 3355 4622 sollicitudinem
3395 4550 3562 4605 gene-

322 4639 598 4709 παρόντος
628 4635 776 4698 λύπτι
806 4633 868 4686 τὸ
903 4633 1106 4694 πάθος·
1143 4633 1252 4685 τῶν
1284 4631 1348 4702 δὴ
1378 4633 1654 4703 μεριμνᾷν
1684 4632 1897 4684 ποιούν-

322 4746 429 4782 των
458 4727 576 4781 τῶν
622 4728 680 4779 ὲν
726 4725 949 4794 Χριστῷ
983 4723 1203 4789 ζώντων
1231 4724 1517 4794 οὐδετέρου
1551 4726 1670 4787 ταῖς
1694 4724 1896 4796 ψυχαῖς

326 4817 696 4891 ἐνοχλοῦντος,
735 4819 946 4887 ἀνάγκη
995 4818 1102 4871 τῶν
1133 4819 1242 4872 άπὸ
1266 4816 1367 4881 τῆς
1400 4816 1669 4887 μερίμνης
1699 4818 1896 4880 αὐτοὺς

325 4911 678 4982 ἀπηλλάχθαι
707 4907 918 4962 κακῶν.
959 4907 1095 4962 Οῦτε
1130 4909 1238 4978 γάρ
1269 4908 1444 4961 οὐδενὶ
1490 4909 1894 4978 προστετήκασι

326 5003 436 5054 τῶν
480 4999 793 5068 παρόντων,
851 5000 945 5052 καὶ
997 4999 1048 5052 εί
1094 5017 1150 5050 τι
1197 4999 1334 5066 πρὸς
1376 4999 1477 5070 τὴν
1505 4999 1601 5051 τοῦ
1646 4999 1897 5067 σώματος

329 5090 656 5157 ἐργάζονται
687 5088 902 5157 χρείαν,
941 5086 1004 5138 τὸ
1048 5086 1200 5149 τέλος
1227 5086 1490 5140 ἑκάστοτε
1523 5086 1623 5155 τῆς
1658 5085 1895 5155 σπουδῆς

334 5182 480 5232 ίσασι
510 5171 712 5248 τρόπον
748 5179 810 5247 δή
856 5194 980 5230 τινα
1000 5193 1015 5208 ⁸
1049 5177 1110 5230 τὸ
1143 5177 1248 5245 γὰρ
1293 5177 1372 5245 τῷ
1419 5177 1539 5247 Θεῷ
1569 5177 1760 5230 δοκοῦν
1781 5181 1896 5240 τοῖς

333 5271 515 5334 πόνοις
548 5269 798 5340 εὔχονται
824 5268 1021 5339 πέρας.
1056 5269 1155 5322 καὶ
1196 5268 1275 5326 ’ὡς
1317 5270 1593 5339 ἀπατήσει
1632 5271 1700 5324 τά
1742 5272 1896 5339 παρὰ

331 5362 439 5416 τῶν
470 5361 644 5432 εὐχῶν
681 5360 900 5424 αὐτίκα,
935 5359 1079 5428 μάλα
1109 5360 1296 5424 σαφῶς
1329 5361 1684 5426 γινώσκουσι.
1719 5361 1895 5430 Μερι-

337 5451 514 5522 μνῷεν
544 5451 653 5520 γάρ
682 5451 748 5505 ἀν
773 5451 806 5519 ἢ
831 5449 942 5502 τῶν
973 5451 1224 5518 πενήτων
1251 5450 1300 5502 οῖ
1331 5451 1540 5520 τρυφῆς
1569 5450 1896 5521 ἐπιθυμοῦν-

335 5559 423 5604 τες
469 5543 642 5611 μείζω
679 5541 789 5593 τῶν
841 5539 1010 5592 όντων
1071 5539 1171 5607 τὴν
1225 5539 1362 5608 πρὸς
1406 5541 1496 5592 τὸν
1528 5540 1641 5608 βίον
1671 5541 1892 5608 ζητοῦσι

336 5633 714 5703 παρασκευὴν,
745 5634 778 5702 ἢ
806 5632 916 5684 τῶν
962 5630 1338 5684 πλουτούντων
1367 5624 1446 5692 οἷς
1485 5633 1592 5699 πρὸ
1622 5632 1731 5684 τῶν
1761 5651 1895 5703 χρη-

341 5722 520 5789 μάτων
547 5725 722 5791 οὐδὲν,
754 5722 804 5776 οῖ
839 5723 1110 5795 μενόντων
1144 5741 1203 5776 τε
1234 5723 1363 5795 παρ)
1394 5724 1578 5786 αὐτοῖς
1607 5724 1889 5792 τρέμουσι,

345 5774 418 5881 μὴ
446 5774 678 5882 φεγξᾷὲᾷ
706 5774 925 5869 ias;
948 5774 1070 5868 ’4άὶ
1085 5774 1464 5884 esse...
1483 5774 1486 5775 ί
1505 5774 1770 5882 ὼῖγοξσὶζ
1785 5774 1890 5868 4σᾴ

1999 4630 2121 4677 rant
2147 4632 2400 4676 neutrum
2433 4623 2633 4678 animis
2672 4623 2726 4677 in
2757 4623 2976 4679 Christo
3005 4625 3298 4679 viventium
3343 4627 3558 4680 turbam

1996 4721 2184 4778 creat,
2215 4727 2438 4768 necesse
2470 4723 2628 4768 estut
2661 4728 2692 4768 a
2727 4714 2992 4768 malorum
3021 4714 3387 4769 sollicitudine
3421 4716 3547 4769 libe-

1997 4814 2206 4859 rentur.
2241 4803 2384 4859 Nulli
2425 4805 2568 4860 enim
2603 4809 2948 4876 praesentium
2997 4807 3206 4861 fortiter
3260 4809 3557 4870 adhzerent,

1998 4899 2108 4953 imo
2157 4898 2202 4952 si
2240 4897 2370 4969 quid
2413 4899 2478 4952 ad
2523 4900 2770 4969 corporis
2824 4899 3197 4954 necessitatem
3246 4911 3556 4970 operentur,

1997 4989 2162 5044 studii
2214 4989 2376 5044 tinent
2416 5005 2629 5060 semper
2672 4992 2855 5060 aliquo
2901 4991 3088 5046 saltem
3149 4991 3314 5045 modo
3352 5007 3558 5061 cogno-

1996 5090 2188 5136 scunt:
2221 5083 2366 5149 quod
2381 5081 2527 5136 enim
2567 5081 2676 5136 Deo
2717 5081 3109 5149 beneplacitum
3141 5091 3246 5147 est,
3276 5082 3557 5138 laboribus

1995 5181 2254 5240 exoptant
2297 5188 2421 5227 esse
2474 5172 2657 5235 finem,
2689 5182 2744 5226 et
2789 5187 2852 5228 ea
2884 5187 3003 5240 quae
3045 5184 3173 5228 sunt
3200 5172 3252 5228 in
3294 5175 3432 5228 votis
3462 5177 3556 5228 de-

1995 5265 2232 5334 ceptioui
2259 5279 2380 5320 esse
2405 5265 2671 5334 subjecta,
2707 5264 2873 5336 probe
2896 5273 3120 5320 norunt.
3143 5265 3372 5320 Solliciti
3401 5266 3560 5334 quip-

1996 5373 2060 5427 pe
2086 5357 2263 5412 forent
2286 5358 2429 5412 circa
2458 5372 2744 5427 pauperes,
2761 5358 2854 5425 qui
2876 5357 3086 5412 deliciis
3107 5357 3272 5412 dediti
3296 5357 3556 5422 majorem

1995 5448 2062 5502 ad
2097 5448 2299 5501 victum
2344 5447 2702 5501 substantiam
2743 5457 3013 5516 quaerunt,
3042 5456 3134 5501 aut
3176 5448 3320 5500 circa
3361 5445 3554 5498 divites

1994 5539 2197 5609 quibus
2233 5537 2366 5590 nihil
2391 5544 2474 5589 est
2501 5535 2675 5606 majus
2704 5537 2924 5601 divitiis,
2949 5537 3064 5607 qui,
3103 5537 3184 5591 his
3210 5534 3553 5588 manentibus

1994 5630 2136 5699 apud
2172 5631 2335 5696 ipsos.
2364 5635 2623 5689 tremunt,
2662 5643 2729 5680 ne
2768 5626 3005 5696 fugitiva!
3035 5628 3301 5683 labantur,
3329 5631 3382 5674 et
3418 5637 3551 5675 con-

1995 5719 2245 5788 sumptis,
2272 5717 2474 5778 dolent,
2501 5717 2714 5772 etiamsi
2758 5718 2824 5771 ad
2851 5731 2914 5772 ea
2947 5731 3068 5784 qua:
3097 5713 3330 5767 maxime
3359 5725 3550 5765 neces-

1995 5811 2136 5870 saria
2179 5818 2305 5867 sunt
2351 5809 2598 5879 corpmi,
2635 5809 2923 5876 insumpta:
2979 5806 3104 5870 sint,
3149 5812 3203 5858 et
3250 5802 3552 5874 prmscrtim
