4134 6314
558 336 665 399 ’103

1781 338 2095 398 NICOLAI
2149 337 2538 397 CABASlL/F:

3693 336 3812 397 704

555 459 607 499 «ιι
669 449 1028 514 Iacrymarnm
1061 452 1115 497 et
1162 458 1528 498 aerumnarum
1583 459 1749 513 super
1820 445 2129 500 commissis

2248 445 2315 496 Ξτι
2357 445 2468 496 τῶν
2497 443 2582 496 ἔπ’
2611 445 2780 514 ἀρετῇ
2824 442 3031 511 μισθῶν
3057 442 3425 513 ἐψεύσθησαν,
3455 445 3572 497 ἀλλ’
3614 447 3704 500 ὅτι
3741 450 3823 518 μὴ

558 533 918 589 necessariam
963 548 993 586 a
1041 532 1344 589 valentibus
1390 548 1698 587 mensuram
1737 542 1983 602 quaerent
2023 550 2037 586 :
2079 535 2132 588 hi

557 641 686 680 vero
715 635 830 680 toto
873 625 1064 677 morbo
1095 624 1269 692 ejecto
1309 624 1410 676 sibi
1436 623 1723 678 sufﬁcient.
1754 624 1954 694 Duplex
1985 625 2128 677 enim

559 733 682 772 cum
731 725 1013 784 peccatum
1065 714 1154 778 sit,
1214 727 1500 782 utramque
1535 714 1771 768 devitant
1801 714 2137 783 partem:ip-

561 825 673 862 sam
733 808 876 863 enim
930 807 1037 860 vim
1102 807 1417 876 abiecerunt
1449 806 1796 875 pmnitentes.
1821 806 2003 874 passio
2031 822 2133 860 au-

561 912 667 954 tem
733 901 871 953 mala
937 909 1030 952 aut
1078 898 1362 968 dispositio
1409 913 1514 952 non
1555 899 1837 959 remansit,
1867 914 1975 951 non
2011 913 2130 966 per-

564 993 809 1046 mittente
869 1005 989 1057 qum
1043 990 1283 1056 ipsorum
1334 987 1534 1042 animis
1590 988 1654 1042 ad
1705 989 1904 1042 bonum
1961 987 2127 1042 et'ad

567 1079 729 1134 Deum
766 1079 932 1132 indita
954 1087 1036 1132 est
1066 1078 1233 1131 animi
1265 1077 1571 1132 affectione.

2238 534 2316 603 τῷ
2360 534 2479 603 Θεῷ
2532 537 2598 604 τῇ
2647 535 2840 606 γνώμῃ
2888 534 3213 604 συνέϐησαν.
3248 535 3414 590 Ὅθεν
3468 538 3673 591 ἐκεῖνοι
3712 541 3824 607 μὲν

2239 627 2332 678 καὶ
2375 626 2772 694 μετεγνωκότος
2798 627 2884 694 ἐφ’
2913 621 2996 689 οἷς
3024 627 3292 696 ἥμαρτον,
3339 629 3541 702 κακίας
3570 631 3634 682 οὐ
3670 647 3822 682 παν-

2231 715 2402 778 τελῶς
2451 715 2700 785 καθαρὰν
2731 716 2912 784 έχουσι
2952 718 3049 788 τὴν
3093 718 3294 788 ψυχὴν,
3349 721 3441 773 καὶ
3489 720 3580 773 διὰ
3635 722 3820 775 ταῦτα

2232 807 2610 877 ταλαιπωρίας
2658 810 2805 871 τινδς
2839 811 2938 862 καὶ
2989 809 3244 881 δακρύων
3299 813 3395 864 καὶ
3443 813 3626 865 πόνων
3665 815 3822 883 ὑπὲρ

2233 898 2343 950 τῶν
2376 898 2788 968 ἡμαρτημένων
2837 899 3035 966 δεῆσαν
3080 901 3233 970 παρὰ
3273 904 3386 964 τοῖς
3417 903 3727 969 ὑγιαίνουσι
3751 907 3821 958 τὺ

2239 991 2437 1060 μέτρον
2482 991 2817 1060 ζητήσουσιο
2865 983 3012 1044 οὗτοι
3053 992 3109 1044 δὲ
3155 993 3255 1061 τὴν
3287 994 3443 1046 νόσον
3470 993 3691 1048 ἃπασαν
3720 997 3823 1050 ὲκ-

2232 1081 2487 1144 6αλόντες
2528 1083 2740 1143 ἑαυτοῖς
2778 1082 3096 1153 ἀρκέσουσι.
3126 1084 3318 1150 Διττῆς
3363 1085 3473 1152 γὰρ
3510 1085 3682 1154 οὔσης
3707 1088 3819 1154 τῆς

564 1171 836 1238 ἁμαρτίας
868 1169 1182 1238 ἀμφοτέρας
1221 1169 1482 1236 φεύγουσι
1511 1170 1608 1230 τὰς
1647 1168 1900 1238 μερίδας·
1930 1169 2030 1238 τῆς
2057 1185 2116 1220 τε
2156 1169 2266 1239 γὰρ
2311 1171 2594 1248 ἐνεργείας
2643 1171 2813 1241 αὐτῆς
2841 1171 3148 1225 ἐπαύσαντο
3197 1173 3681 1242 μεταμεληθέντες,
3716 1178 3819 1228 καὶ

563 1265 730 1326 πάθος
793 1263 1029 1332 πονηρὸν
1089 1261 1185 1314 καὶ
1233 1261 1476 1322 διάθεσις
1538 1260 1763 1328 ἡτισοῦν
1829 1260 1930 1312 οὐκ
1977 1260 2247 1328 ἐνέμεινε,
2288 1261 2382 1314 τοῦ
2448 1262 2583 1331 πρὸς
2648 1262 2885 1329 τάγαθὸν
2951 1261 3172 1314 καὶτὸν
3241 1262 3375 1315 Θεὸν

563 1356 887 1414 ὲντακέντος
917 1355 1099 1415 αὐτοῖς
1132 1353 1336 1415 πάθους
1369 1355 1449 1422 μὴ
1489 1351 1920 1422 συγχωροῦντος.

630 1447 696 1500 Ει
715 1449 826 1501 haec
839 1447 1056 1514 quidem
1079 1446 1145 1500 de
1169 1446 1391 1500 tristitia
1419 1461 1433 1498 :
1462 1446 1695 1513 gaudere
1717 1459 1846 1498 vero
1867 1444 2139 1508 convenit,

566 1541 611 1595 si
644 1555 766 1609 qua.
807 1554 1052 1593 amamus
1077 1553 1220 1592 nunc
1258 1539 1492 1592 maxime
1543 1537 1743 1592 adsunt
1794 1544 1889 1590 aut
1947 1537 2137 1592 saltem

567 1639 882 1700 sperantur.
944 1627 1152 1682 Etenim
1224 1643 1317 1696 spe
1385 1628 1720 1696 gaudemus,
1779 1626 1956 1695 inquit
2001 1626 2139 1680 Pau-

570 1725 674 1785 lus,
728 1733 982 1790 tanquam
1019 1720 1284 1774 charitate
1323 1735 1446 1772 cum
1493 1718 1691 1787 gaudio
1739 1733 1904 1788 super
1944 1718 2132 1772 eadem

572 1789 968 1876 conveniente;
998 1819 1052 1864 et
1074 1817 1219 1865 certe
1264 1811 1561 1878 gaudemus
1604 1808 1762 1863 nobis
1798 1809 1968 1878 ipsis,
1999 1824 2126 1878 qua-
2164 1789 2206 1844 Β

571 1914 732 1958 tenus
773 1918 1056 1966 amamus,
1084 1910 1139 1956 et
1186 1901 1306 1956 aliis
1328 1941 1344 1967 ,
1373 1907 1619 1954 nostrum
1667 1901 1906 1971 ipsorum
1941 1904 2134 1971 gratia.

571 1996 714 2050 Sunt
755 2005 936 2049 autem
986 1995 1077 2065 qui
1104 2004 1325 2062 propter
1352 1993 1564 2062 seipsos
1594 1993 1820 2061 iucundi
1844 2003 2134 2056 sunt.cum

574 2089 675 2155 ipsi
697 2087 807 2140 sint
823 2087 982 2140 bonis
999 2086 1263 2148 moribus,
1287 2086 1686 2156 benevolosque
1706 2087 1896 2142 obvius
1927 2087 2139 2142 habue-

574 2179 687 2232 rint
719 2178 954 2232 animos.
1002 2176 1188 2246 Itaque
1230 2178 1449 2233 virtutis
1474 2193 1662 2234 amans
1697 2193 1800 2233 nou
1826 2179 2004 2250 diligit
2035 2179 2135 2234 nisi

573 2269 716 2339 quod
773 2267 972 2322 bonum
1017 2276 1139 2322 est:
1173 2278 1392 2338 propter
1439 2270 1540 2323 hoc
1571 2269 1790 2339 quidem
1815 2270 2136 2340 sibimetipsi

572 2361 791 2430 gaudet,
841 2369 1063 2431 propter
1099 2361 1202 2416 hoc
1235 2371 1416 2415 autem
1482 2363 1646 2415 etiam
1680 2361 1985 2424 aliis,illud
2019 2361 2140 2432 qui-

573 2450 695 2506 dem
726 2491 742 2516 ,
774 2451 821 2507 si
855 2466 1032 2506 mores
1066 2451 1411 2515 conveniant,
1443 2450 1545 2504 hoc
1567 2460 1745 2504 autem
1771 2453 1814 2506 si
1840 2451 1904 2505 ad
1931 2452 2136 2506 bonum

575 2545 776 2599 auxilia
824 2552 1098 2613 praestent.
1155 2541 1354 2597 Praeter
1418 2542 1531 2596 haec
1577 2558 1706 2598 vero
1756 2543 1949 2599 alienis
1977 2543 2138 2598 bonis

576 2637 741 2689 liomo
790 2634 965 2688 bonus
1006 2633 1240 2702 gaudet,
1272 2644 1323 2689 et
1377 2633 1479 2703 ipsi
1517 2645 1764 2688 votorum
1793 2650 1858 2689 ac
1881 2635 2136 2690 desiderii

577 2739 796 2795 quoque
826 2725 948 2778 finis
985 2733 1088 2789 est,
1123 2725 1166 2778 si
1194 2724 1317 2792 quis
1349 2726 1485 2778 bene
1506 2724 1638 2794 agit.
1670 2725 1734 2780 Et
1759 2726 1862 2780 lioc
1890 2727 2140 2796 volupta-

529 2883 532 2887 ι
580 2819 650 2871 tis
678 2816 1089 2871 liberalissimus
1141 2825 1226 2870 est
1264 2815 1476 2880 modus,
1503 2815 1596 2869 ubi
1624 2830 1971 2871 communem
2011 2816 2141 2871 facit

581 2909 776 2961 animae
833 2908 1182 2976 voluptatem.
1246 2921 1346 2959 ncc
1399 2907 1636 2976 seipsum
1696 2907 1870 2962 solum
1919 2918 2008 2961 aut
2041 2923 2140 2962 sua

579 3003 866 3054 commoda
914 2999 1066 3069 cupit
1105 3039 1120 3064 ,
1159 3014 1259 3054 nec
1310 3000 1424 3054 suis
1453 3000 1629 3054 solum
1692 3000 1958 3070 gloriatur
1997 3040 2012 3064 ,
2048 3009 2144 3054 aut

582 3101 728 3144 amat
779 3090 992 3145 lucrum
1024 3132 1038 3156 ,
1066 3091 1158 3159 sed
1211 3092 1456 3147 coronari
1523 3093 1847 3162 praesumit,
1881 3093 2009 3147 dum
2047 3094 2138 3148 alii
2171 3133 2214 3190 ϐ

583 3186 827 3240 vincunt.
883 3182 937 3238 In
991 3183 1092 3238 hoc
1137 3183 1282 3238 enim
1350 3183 1513 3238 homo
1544 3193 1791 3238 naturam
1820 3195 2062 3252 superat,
2093 3194 2146 3238 et

583 3276 694 3332 Deo
746 3277 804 3330 fit
837 3277 1052 3341 similis,
1104 3277 1196 3346 qui
1226 3290 1515 3331 commune
1543 3276 1744 3329 bonum
1777 3285 1880 3330 est.
1914 3274 2018 3329 Sed
2049 3275 2145 3329 ali-

585 3367 727 3420 unde
759 3383 974 3438 quoque
997 3367 1280 3422 manifeste
1311 3367 1488 3421 elucet
1517 3367 1660 3434 quod
1685 3369 1884 3419 bonum
1922 3375 2143 3434 propter

583 3459 821 3528 scipsum
857 3467 910 3512 et
952 3473 1056 3511 non
1095 3465 1314 3526 prapter
1347 3472 1501 3512 suam
1531 3457 2144 3519 utilitatemamat,cum

583 3549 744 3601 etiam
808 3549 950 3617 apud
969 3548 1105 3601 alios
1137 3548 1350 3610 videns,
1379 3563 1484 3601 non
1514 3548 1694 3601 minus
1729 3547 1960 3602 laetetur.
1993 3549 2148 3604 Alius

583 3643 805 3710 quidem
863 3641 1093 3695 aliorum
1153 3642 1364 3694 fructus
1423 3652 1524 3704 est,
1577 3645 1836 3697 bonorum
1865 3645 2145 3699 hominum

584 3741 705 3798 est,
728 3731 980 3785 omnibus
1009 3731 1140 3786 bene
1191 3734 1324 3786 velle
1367 3735 1706 3802 gaudereque
1740 3736 1805 3790 de
1840 3738 1981 3789 bona
2015 3737 2150 3790 isto-

585 3837 706 3876 rum
761 3821 1216 3887 consideratione,
1264 3822 1472 3892 hocque
1522 3825 1735 3892 signum
1769 3825 2016 3893 perfecta:
2049 3827 2150 3880 bo-

587 3913 770 3967 nitatis
810 3912 937 3981 poni
990 3911 1068 3968 fas
1119 3921 1224 3974 est,
1277 3912 1418 3967 sicut
1447 3913 1657 3969 arboris
1711 3913 1905 3972 fertilis
1939 3915 2148 3972 fructus

587 4001 936 4059 manifestum
1004 4005 1242 4060 ostendit
1297 4004 1557 4075 vigorem.
1615 4005 1726 4063 Nec
1769 4009 1912 4062 enim
1953 4018 2148 4064 natura

587 4099 727 4151 ferre
765 4105 940 4168 potest
964 4100 1212 4151 arborem
1247 4099 1312 4150 ad
1346 4097 1552 4153 similes
1603 4101 1980 4167 producendos
2049 4115 2148 4171 ap-

589 4197 696 4239 tam
723 4202 844 4256 quae
869 4186 923 4240 in
951 4203 1008 4242 se
1040 4191 1191 4257 prius
1223 4204 1328 4242 non
1366 4189 1435 4241 sit
1458 4188 1715 4258 perfecta,
1755 4205 1856 4246 nec
1883 4192 2023 4244 inter
2048 4191 2148 4245 lio.

588 4280 762 4332 mincs
789 4278 929 4332 ullus
959 4279 1079 4333 aliis
1117 4290 1261 4333 esset
1313 4280 1462 4333 utilis
1496 4320 1511 4344 ,
1547 4283 1639 4348 qui
1705 4281 1857 4350 prius
1904 4297 2011 4336 non
2044 4283 2147 4340 sibi

589 4368 690 4436 ipsi
738 4369 1041 4435 prodesset.
1094 4369 1434 4436 Sibimetipsi
1488 4372 1631 4424 cnim
1691 4386 1798 4438 pra:
1822 4374 2032 4428 caeteris
2061 4386 2147 4431 est

3449 1265 3569 1325 ταῖς
3609 1265 3817 1335 ψυχαῖς

2319 1445 2427 1500 Καὶ
2449 1448 2578 1515 περὶ
2600 1447 2700 1516 μὲν
2722 1447 2823 1516 τῆς
2848 1447 3024 1513 λύπης
3041 1449 3310 1502 τοσαῦταο
3337 1450 3552 1519 χαίρειν
3585 1449 3641 1502 δὲ
3667 1465 3811 1518 συμ-

2245 1539 2422 1592 σαίνει
2451 1541 2552 1606 μὲν
2583 1541 2866 1608 παρόντων
2891 1542 3022 1611 ἡμῖν
3054 1540 3089 1595 ἃ
3120 1540 3405 1610 φιλοῦμεν,
3435 1541 3726 1610 συμδαίνει
3756 1543 3812 1596 δὲ

2243 1626 2634 1699 ἐλπιζομένων.
2673 1631 2780 1684 Καὶ
2827 1632 2934 1700 γὰρ
2959 1634 3027 1702 τῇ
3069 1631 3243 1685 ἑλπίδι
3275 1633 3556 1702 χαίρομεν,
3601 1633 3812 1696 Παῦλος

2241 1715 2418 1786 εἷπεν,
2457 1720 2534 1783 ὡς
2586 1721 2653 1775 ἂν
2697 1722 2798 1789 τῆς
2849 1722 3071 1793 ἀγάπης
3101 1727 3165 1794 τῇ
3219 1726 3367 1794 χαρᾷ
3417 1725 3638 1792 περὶτὰ
3667 1726 3812 1778 αὐτὰ

2243 1811 2586 1880 συνεστώσης
2609 1827 2624 1842 ο
2659 1813 2755 1864 καὶ
2784 1813 2849 1883 δὴ
2891 1814 3157 1884 χαίρομεν
3185 1816 3318 1884 ἡμῖν
3350 1815 3536 1878 αὐτοῖς
3571 1818 3810 1871 καθόσον

2242 1900 2531 1971 φιλοῦμεν,
2574 1902 2670 1956 καὶ
2723 1904 2906 1968 ἄλλοις
2947 1905 3109 1974 ἡμῶν
3156 1906 3337 1959 αὐτῶν
3367 1908 3550 1978 χάριν.
3587 1909 3704 1962 Είσὶ
3751 1909 3810 1963 δὲ

2242 1993 2293 2046 οῖ
2345 1993 2438 2046 καὶ
2473 1994 2540 2046 δι’
2579 1994 2809 2058 ἑαυτοὺς
2861 1995 3010 2065 ἡδεῖς
3069 1997 3228 2060 εἰσιν,
3276 1999 3496 2052 ἐπειδὰν
3548 2000 3692 2053 αὐτοί
3739 2017 3805 2053 τε

2241 2081 2439 2150 ἀγαθοὶ
2489 2077 2592 2136 ὦσι
2621 2084 2746 2147 τοὺς
2799 2085 3032 2154 τρόπους
3074 2088 3167 2140 κα)⁸
3228 2088 3584 2158 εὐγνωμόνων
3607 2091 3800 2159 τύχωσι

2242 2173 2350 2226 τῶν
2383 2175 2728 2246 ἐπιτηδείων.
2769 2173 2831 2228 '0
2861 2175 3042 2229 τοίνυν
3089 2177 3398 2240 σπουδαῖος.
3457 2181 3677 2248 φιλητὸν
3713 2183 3809 2250 μό-

2242 2285 2334 2320 νον
2355 2267 2717 2338 ὲπιστάμενος
2734 2267 2994 2335 τάγαθὸν,
3011 2269 3082 2323 δι’
3101 2270 3277 2323 ἐκεῖνο
3297 2272 3396 2341 μὲν
3413 2273 3590 2342 ἐαυτῷ
3606 2275 3808 2341 χαίρει,

2243 2357 2311 2410 δι’
2349 2358 2624 2411 ἑκείνοδὶ
2674 2359 2769 2412 καὶ
2808 2361 2925 2422 τοῖς
2963 2359 3165 2425 ἄλλοις,
3213 2362 3371 2417 τοῦτο
3420 2364 3522 2431 μὲν
3581 2366 3626 2418 εἰ
3681 2367 3814 2427 τοὺς

2243 2449 2479 2517 τρόπους
2501 2450 2736 2516 ἐοίκασι,
2766 2451 2928 2506 τοῦτο
2954 2453 3009 2507 δὲ
3037 2455 3086 2506 εί
3111 2453 3248 2524 πρὸς
3269 2455 3508 2522 τάγαθὸν
3531 2457 3806 2524 βοηθοῦσι.

2246 2542 2356 2594 Καὶ
2383 2542 2559 2602 ἄλλως
2587 2542 2644 2595 δὲ
2673 2543 2880 2597 τούτων
2914 2547 3085 2614 χωρὶς
3111 2547 3227 2607 τοῖς
3255 2545 3561 2615 ἀλλοτρίοις
3587 2549 3813 2615 ἀγαθοῖς

2245 2633 2272 2683 ό
2306 2633 2508 2701 ἀγαθὸς
2531 2633 2823 2705 ἄνθρωπος
2852 2635 3056 2705 χαίρει,
3089 2637 3184 2690 καὶ
3215 2637 3326 2690 τῶν
3357 2639 3529 2708 εὐχῶν
3545 2641 3690 2709 αύτῷ
3718 2643 3814 2693 καὶ

2245 2723 2346 2792 τῆς
2380 2723 2678 2792 ἐπιθυμίας
2707 2727 2804 2779 καὶ
2849 2724 3010 2779 τοῦτο
3041 2725 3235 2792 πέρας,
3272 2729 3328 2781 εί
3350 2745 3434 2789 τις
3470 2728 3531 2781 εὖ
3561 2731 3814 2798 πράττει.

2248 2813 2355 2866 Καὶ
2373 2812 2526 2866 τοῦτό
2549 2813 2696 2866 ἐστιν
2720 2815 2748 2866 ὁ
2773 2815 3224 2886 ἐλευθεριώτατος
3247 2817 3345 2882 τῆς
3369 2817 3562 2885 ἡδονῆς
3586 2820 3812 2884 τρόπος,

2246 2905 2377 2958 ὅταν
2407 2905 2592 2974 κοινὴν
2621 2905 2842 2971 ποιῆται
2873 2909 2972 2975 τὴν
3005 2907 3104 2976 τῆς
3136 2908 3311 2977 ψυχῆς
3339 2908 3548 2976 ἡδονὴν,
3591 2911 3682 2962 καὶ
3711 2911 3815 2980 οὐχ

2248 2996 2440 3049 ἑαυτὸν
2475 2997 2634 3064 μόνον
2658 2998 2751 3050 καὶ
2783 2997 2852 3050 τὰ
2893 2998 3088 3050 ἑαυτοῦ
3122 2999 3265 3070 θέλῃ,
3303 2999 3422 3051 οὐδὲ
3454 3000 3816 3068 φιλοτιμῆται

2247 3089 2358 3150 τοῖς
2378 3085 2547 3140 αὑτοῦ
2580 3088 2762 3156 μόνον,
2781 3088 2889 3142 οὐδ’
2917 3090 3106 3160 ἀγαπᾷ
3128 3088 3438 3160 κερδαίνων,
3463 3088 3577 3140 ἀλλ’
3604 3090 3811 3159 ἡγῆται

2250 3179 2664 3248 στεφανοῦσθαι,
2682 3180 2957 3234 νικώντων
2990 3181 3212 3251 ἐτέρων.
3256 3182 3344 3232 Ἐν
3378 3183 3549 3250 τούτῳ
3575 3181 3684 3251 γὰρ
3714 3182 3816 3253 τὴν

2249 3269 2412 3338 φύσιν
2442 3271 2470 3323 ὁ
2519 3269 2807 3338 ἄνθρωπος
2853 3270 3173 3342 ὑπερϐαίνει
3221 3275 3319 3326 καὶ
3348 3271 3468 3340 Θεῷ
3515 3271 3708 3333 ἔοικεν,
3748 3271 3805 3333 δς

2247 3361 2431 3415 κοινόν
2464 3361 2614 3414 ἐστιν
2637 3360 2863 3430 ἀγαθόν.
2891 3364 3098 3425 Ἀλλως
3124 3381 3182 3416 τε
3208 3363 3401 3416 τοῦτον
3423 3363 3622 3433 τρόπον
3654 3362 3813 3430 δῆλος

2249 3455 2456 3522 γίνεται
2485 3454 2552 3508 δι’
2584 3455 2746 3508 ἑαυτὸ
2785 3455 2954 3524 φιλῶν
2985 3455 3034 3508 τ’
3083 3455 3288 3522 ἀγαθὸν
3337 3456 3433 3508 καὶ
3481 3455 3540 3509 ού
3587 3456 3674 3508 διὰ
3713 3457 3813 3526 τὴν

2248 3545 2415 3598 αὐτοῦ
2449 3547 2664 3617 χρείαν,
2703 3549 2833 3600 ὅταν
2853 3547 2946 3601 καὶ
2977 3547 3108 3616 παρ’
3151 3547 3334 3610 ἄλλοις
3376 3547 3518 3615 δρῶν
3543 3548 3695 3600 οὐδὲν
3721 3543 3815 3620 ἦτ-

2247 3652 2338 3688 τον
2367 3636 2560 3706 ἦδηται
2582 3654 2594 3665 ·
2629 3637 2721 3690 καὶ
2754 3637 2915 3690 ἄλλου
2950 3637 3049 3706 μὲν
3081 3636 3210 3690 ἄλλο
3244 3655 3297 3689 τι
3344 3637 3581 3704 καρπὸς,
3613 3638 3719 3689 τῶν
3759 3637 3813 3688 δὲ

2249 3726 2470 3794 ἀγαθῶν
2525 3727 2734 3796 ἀνδρῶν
2785 3728 2844 3780 τὸ
2899 3730 3137 3797 τάγαθῆν
3200 3723 3490 3798 βούλεσθαι
3549 3731 3683 3782 πᾶσι
3728 3729 3816 3782 καὶ

2249 3815 2462 3885 χαίρειν
2500 3817 2954 3887 εὐδοκιμούντων,
3014 3819 3109 3871 καὶ
3143 3818 3304 3872 τοῦτο
3351 3821 3579 3888 σημεῖον
3617 3820 3683 3873 ἄν
3738 3835 3818 3880 τις

2250 3907 2394 3960 θεῖτο
2423 3906 2516 3960 τοῦ
2544 3908 2769 3971 τελείως
2799 3906 2941 3963 εἷναι
2982 3909 3276 3979 χρηστοὺς,
3311 3910 3564 3980 καθάπερ
3605 3911 3635 3979 ὴ
3679 3910 3816 3978 φορὰ

2249 3999 2343 4054 τοῦ
2401 4001 2826 4071 προενεγκόντος
2899 3999 3068 4067 φυτοῦ
3137 4000 3304 4068 δήλην
3373 4001 3667 4068 καθίστησι
3724 3999 3819 4068 τὴν

2251 4092 2459 4161 ἀκμήν.
2513 4091 2652 4144 Οὔτε
2683 4091 2791 4160 γὰρ
2838 4090 2903 4144 ἂν
2929 4093 2962 4160 ἡ
2995 4090 3158 4158 φύσις
3194 4093 3370 4143 έκεῖνο
3425 4091 3500 4160 μὴ
3553 4093 3817 4161 πρότερον

2251 4184 2338 4252 ἐφ’
2363 4185 2558 4238 ἑαυτοῦ
2583 4184 2867 4237 τελειωθὲν
2891 4185 2986 4237 ἐπὶ
3008 4185 3117 4238 τῶν
3157 4183 3362 4254 ὁμοίων
3387 4184 3601 4251 ἐνέγκοι
3630 4185 3818 4245 τόκων,

2251 4275 2376 4329 οὔτε
2405 4276 2513 4328 τῶν
2560 4275 2864 4344 ἀνθρώπων
2894 4276 3069 4338 οὐδεὶς
3102 4274 3285 4337 ἄλλοις
3323 4275 3388 4328 ἂν
3432 4275 3516 4344 εῐη
3562 4274 3818 4345 χρηστὸς,

2258 4367 2334 4437 μὴ
2364 4366 2508 4420 τοῦτ’
2557 4366 2688 4418 αὐτὸ
2723 4369 2987 4434 πρότερον
3035 4367 3332 4436 γενόμενος
3374 4365 3574 4434 ἑαυτῷ.
3607 4365 3821 4434 Ἐαυτῷ

589 4457 833 4515 intimus.
864 4455 963 4508 sibi
986 4455 1086 4522 ipsi
1106 4455 1388 4510 familiaris
1414 4466 1515 4520 est,
1546 4473 1608 4512 ac
1637 4463 1964 4526 praecmteris
1980 4463 2146 4533 scipsc

2270 4457 2367 4526 μὲν
2397 4457 2505 4527 γὰρ
2534 4456 2638 4525 πρὸ
2664 4455 2770 4508 τῶν
2794 4456 2968 4510 ἄλλων
2993 4456 3260 4523 σύνεστιν,
3289 4456 3467 4526 ἑαυτῷ
3497 4457 3552 4510 δὲ
3587 4457 3820 4528 συνήθης

590 4549 757 4602 utitur
789 4545 1040 4615 ,sibique
1096 4545 1236 4600 bona
1299 4547 1412 4602 vult
1475 4557 1642 4618 atque
1687 4560 1960 4619 precatur.
2007 4553 2148 4621 Quid

586 4655 719 4708 ergo
774 4637 1023 4709 proliibct
1077 4637 1370 4706 quominus
1423 4638 1524 4693 sibi
1577 4640 1729 4708 prius
1751 4641 2032 4710 inserviat,
2067 4647 2146 4700 si-

587 4730 804 4799 quidem
862 4744 928 4784 ex
980 4743 1085 4783 una
1131 4739 1283 4798 parte
1334 4728 1490 4783 bouis
1533 4731 1748 4798 gaudet,
1775 4735 1969 4790 exalia
1997 4751 2147 4797 vero.

591 4828 783 4875 natura
811 4820 960 4890 prius
995 4818 1062 4874 ad
1100 4819 1276 4889 ipsum
1305 4819 1452 4872 illum
1482 4819 1734 4890 illiusque
1760 4824 2145 4894 cogitationem

592 4912 834 4975 inclinat,
857 4913 998 4966 sicut
1049 4926 1386 4983 unaquaeque
1415 4922 1596 4966 creatu
1610 4914 1708 4966 ra?
1733 4913 1844 4968 Sibi
1875 4915 1976 4984 ipsi
2005 4917 2148 4971 enim

590 5003 646 5057 in
704 5011 874 5057 totum
919 5012 1025 5068 est,
1058 5004 1162 5058 sibi
1185 5019 1315 5057 vero
1351 5003 1585 5072 primum
1621 5013 1705 5059 est
1741 5005 1942 5061 bonum
1971 5048 1984 5071 ,
2007 5017 2060 5062 ct
2094 5017 2153 5062 ut

591 5095 972 5163 unusquisque
999 5095 1069 5150 sit
1107 5095 1243 5164 ipsc,
1273 5096 1506 5165 primum
1561 5112 1626 5149 ac
1652 5112 1943 5154 commune
1974 5099 2154 5153 omui-
2185 5132 2189 5137 ι

591 5185 693 5239 lius
717 5194 803 5239 est
831 5184 1184 5241 desiderium.

660 5272 949 5345 Propterea
971 5278 1316 5333 manifestum
1341 5288 1422 5335 est
1445 5281 1588 5349 quod
1620 5281 1664 5334 si
1699 5280 1895 5334 bonam
1924 5280 2152 5334 aliorum

591 5368 1001 5425 aestimationem
1053 5383 1197 5422 amat
1229 5381 1283 5425 et
1311 5389 1434 5426 cum
1466 5373 1761 5427 obtinuerit
1791 5373 2004 5440 gaudet,
2041 5373 2157 5440 ipse

595 5473 699 5511 non
712 5456 1002 5514 esttalium
1022 5456 1262 5511 eahmres
1280 5475 1373 5512 nec
1395 5474 1557 5527 egens
1575 5477 1588 5513 :
1617 5476 1719 5512 non
1737 5460 1879 5513 enim
1903 5475 1960 5513 se
1979 5474 2158 5513 suam-

592 5565 698 5617 que
753 5564 866 5604 rem
911 5549 1183 5620 negligens
1245 5566 1349 5618 qua
1396 5566 1532 5618 opus
1577 5552 1740 5605 liabet
1787 5551 1906 5605 aliis
1935 5547 2161 5605 studuit.

595 5641 880 5702 Quomodo
913 5641 1057 5694 enim
1092 5640 1145 5694 in
1191 5641 1425 5694 aliorum
1459 5641 1710 5693 manilius
1751 5643 1933 5709 cupiat
1963 5640 2051 5694 illa
2082 5639 2161 5692 vi-

596 5732 746 5798 dere,
806 5733 1005 5801 quibus
1049 5731 1324 5802 propriam
1357 5732 1579 5788 domum
1628 5748 1855 5788 vacuam
1900 5733 2040 5788 scit?
2099 5731 2156 5787 Si

2252 4549 2390 4614 ὲστὶ,
2427 4549 2522 4602 καὶ
2551 4549 2658 4618 πρὸ
2689 4547 2906 4600 πάντων
2937 4547 3112 4618 ἐαυτῷ
3142 4549 3358 4618 χρῆται.
3383 4549 3476 4602 καὶ
3503 4548 3572 4602 τὰ
3615 4549 3822 4618 χρηστὰ

2257 4640 2508 4710 βούλεται
2539 4642 2631 4692 καὶ
2673 4637 2914 4708 εὔχεται.
2952 4639 3018 4691 Τί
3052 4638 3146 4692 οὖν
3171 4639 3372 4692 κωλύει
3399 4642 3664 4710 πρότερον
3694 4640 3818 4691 ἑαυ-

2253 4729 2346 4784 τὸν
2373 4729 2626 4798 ὠφελεῖν,
2657 4727 2817 4796 εἴπερ
2843 4729 2870 4780 ό
2909 4729 3008 4797 μὲν
3034 4731 3146 4792 τοῖς
3187 4728 3413 4797 ἀγαθοῖς
3462 4729 3668 4798 χαίρει,
3703 4731 3737 4798 ἡ
3763 4729 3821 4781 δὲ

2258 4823 2417 4888 φύσις
2445 4821 2524 4882 είς
2554 4817 2746 4872 ἑαυτὸν
2777 4819 3044 4889 πρότερον
3069 4819 3231 4874 αὑτὸν
3255 4821 3572 4888 ἐπιστρέφει
3599 4821 3693 4873 καὶ
3721 4821 3820 4888 τὴν

2257 4912 2422 4967 αὐτοῦ
2470 4910 2727 4981 πρόνοιαν
2759 4909 3009 4981 καθάπερ
3060 4913 3154 4963 καὶ
3192 4909 3299 4963 τῶν
3339 4910 3509 4963 ὄντων
3543 4912 3813 4975 ἓκαστονς

2267 5002 2478 5072 Ἑαυτῷ
2541 5001 2640 5074 μὲν
2691 5000 2802 5073 γὰρ
2840 5001 2978 5065 ὅλως
3027 5001 3200 5065 ἐστὶν,
3254 5000 3431 5070 ἑαυτῷ
3467 5002 3526 5054 δὲ
3586 5001 3820 5073 πρώτως

2253 5095 2458 5162 ἀγαθόν
2503 5094 2674 5155 ἔστιν,
2725 5093 2820 5146 καὶ
2865 5091 2959 5146 τοῦ
3009 5092 3142 5146 αὐτὸ
3171 5093 3402 5146 ἕκαστον
3431 5088 3596 5160 εἶναι,
3631 5093 3823 5163 πρώτη

2264 5189 2360 5240 καὶ
2394 5186 2684 5254 κοινοτάτη
2707 5187 2876 5239 πᾶσιν
2901 5185 3190 5253 ἐπιθυμία.

2335 5275 2432 5328 Διὰ
2461 5274 2632 5328 ταῦτα
2664 5274 2822 5344 δῆλός
2856 5277 3027 5336 ἐστιν,
3057 5278 3106 5327 εί
3134 5273 3234 5343 τῆς
3289 5275 3401 5328 τῶν
3433 5275 3613 5330 ἄλλων
3677 5275 3826 5328 εύδοο

2263 5367 2548 5436 κιμήσεως
2576 5365 2722 5435 ἐρῴη
2755 5365 2849 5418 καὶ
2872 5366 3051 5434 χαίροι
3080 5366 3369 5434 τυχόντων,
3399 5367 3500 5418 οὐκ
3538 5366 3699 5427 αὐτὸς
3716 5366 3827 5418 τῶν

2267 5455 2527 5509 τοιούτων
2563 5455 2791 5527 ἄμοιρος
2826 5455 2900 5506 ὢν
2923 5455 3030 5507 οὐδ’
3067 5453 3301 5517 ἐλλιπῶς
3335 5455 3470 5524 ἔχων
3493 5472 3507 5485 ·
3549 5456 3670 5508 οὐδὲ
3689 5447 3824 5523 ’γὰρ

2262 5547 2422 5601 αὑτὸν
2455 5547 2694 5615 ὑπερὸὰς
2727 5550 2820 5600 καὶ
2851 5545 2950 5617 τὴν
2981 5546 3144 5599 αὐτοῦ
3176 5547 3387 5614 χρείαν,
3428 5541 3501 5599 ὧν
3529 5547 3687 5608 αὐτὸς
3715 5547 3827 5598 ἐδέ-

2265 5656 2388 5710 ησε,
2438 5638 2568 5706 περὶ
2609 5639 2717 5691 τῶν
2769 5638 2946 5692 ἄλλων
2995 5637 3302 5707 ἐφρόντιζε.
3340 5638 3461 5700 Πῶς
3511 5638 3619 5707 γὰρ
3667 5638 3732 5690 ἂν
3770 5638 3825 5686 ὲν

2262 5731 2380 5794 ταῖς
2406 5727 2513 5783 τῶν
2544 5727 2722 5786 ἄλλων
2749 5729 2938 5800 χερσὶν
2969 5726 3360 5798 ἐπιθυμήσειεν
3395 5729 3544 5796 ἰδεῖν,
3592 5722 3668 5782 ὧν
3725 5728 3822 5798 τὴν
