  <div class='ocr_page' id='page_1' title='image "/cluster/home/n/w/nwhite01/storage/ocr_20150623/150/mdp.39015078384743/360.png"; bbox 0 0 4196 6308; ppageno 0'>
   <div class='ocr_carea' id='block_1_1' title="bbox 356 334 464 398">
    <p class='ocr_par' dir='ltr' id='par_1_1' title="bbox 356 334 464 398">
     <span class='ocr_line' id='line_1_1' title="bbox 356 334 464 398; baseline 0.019 -2"><span class='ocrx_word' id='word_1_1' title='bbox 356 334 464 398; x_wconf 71' lang='grc'><strong>’105</strong></span> 
     </span>
    </p>
   </div>
   <div class='ocr_carea' id='block_1_2' title="bbox 1397 334 2602 400">
    <p class='ocr_par' dir='ltr' id='par_1_2' title="bbox 1397 334 2602 400">
     <span class='ocr_line' id='line_1_2' title="bbox 1397 334 2602 400; baseline -0.001 -3"><span class='ocrx_word' id='word_1_2' title='bbox 1397 334 1497 397; x_wconf 85' lang='lat' dir='ltr'><strong>DE</strong></span> <span class='ocrx_word' id='word_1_3' title='bbox 1536 335 1717 398; x_wconf 82' lang='lat' dir='ltr'><strong>VITA</strong></span> <span class='ocrx_word' id='word_1_4' title='bbox 1757 335 1841 399; x_wconf 85' lang='lat' dir='ltr'><strong>IN</strong></span> <span class='ocrx_word' id='word_1_5' title='bbox 1881 335 2217 397; x_wconf 70' lang='grc' dir='ltr'><strong>ΕΗΒΙὸΤο</strong></span> <span class='ocrx_word' id='word_1_6' title='bbox 2277 335 2424 397; x_wconf 85' lang='lat' dir='ltr'><strong>LIB.</strong></span> <span class='ocrx_word' id='word_1_7' title='bbox 2459 335 2602 400; x_wconf 79' lang='lat' dir='ltr'><strong>VII.</strong></span> 
     </span>
    </p>
   </div>
   <div class='ocr_carea' id='block_1_3' title="bbox 3530 340 3638 400">
    <p class='ocr_par' dir='ltr' id='par_1_3' title="bbox 3530 340 3638 400">
     <span class='ocr_line' id='line_1_3' title="bbox 3530 340 3638 400; baseline 0 0"><span class='ocrx_word' id='word_1_8' title='bbox 3530 340 3638 400; x_wconf 82' lang='lat'><strong>706</strong></span> 
     </span>
    </p>
   </div>
   <div class='ocr_carea' id='block_1_4' title="bbox 367 444 1943 521">
    <p class='ocr_par' dir='ltr' id='par_1_4' title="bbox 367 444 1943 520">
     <span class='ocr_line' id='line_1_4' title="bbox 367 444 1943 520; baseline 0.001 -18"><span class='ocrx_word' id='word_1_9' title='bbox 367 445 569 502; x_wconf 72' lang='grc' dir='ltr'><strong>ἑαυτοῦ</strong></span> <span class='ocrx_word' id='word_1_10' title='bbox 601 444 788 502; x_wconf 77' lang='grc' dir='ltr'><strong>οίκίαν</strong></span> <span class='ocrx_word' id='word_1_11' title='bbox 848 445 992 513; x_wconf 70' lang='grc' dir='ltr'><strong>ἔγνω</strong></span> <span class='ocrx_word' id='word_1_12' title='bbox 1050 447 1217 519; x_wconf 75' lang='grc' dir='ltr'><strong>κενήν</strong></span> <span class='ocrx_word' id='word_1_13' title='bbox 1243 463 1258 512; x_wconf 87' lang='lat'><strong>;</strong></span> <span class='ocrx_word' id='word_1_14' title='bbox 1289 448 1353 502; x_wconf 80' lang='lat' dir='ltr'><strong>Ei</strong></span> <span class='ocrx_word' id='word_1_15' title='bbox 1381 447 1428 501; x_wconf 83' lang='grc' dir='ltr'><strong>δ’</strong></span> <span class='ocrx_word' id='word_1_16' title='bbox 1456 447 1588 503; x_wconf 74' lang='grc' dir='ltr'><strong>ἔνιοι</strong></span> <span class='ocrx_word' id='word_1_17' title='bbox 1641 449 1755 504; x_wconf 85' lang='grc' dir='ltr'><strong>τῶν</strong></span> <span class='ocrx_word' id='word_1_18' title='bbox 1809 449 1943 520; x_wconf 75' lang='grc' dir='ltr'><strong>πρὸς</strong></span> 
     </span>
    </p>
   </div>
   <div class='ocr_carea' id='block_1_5' title="bbox 2040 444 3640 521">
    <p class='ocr_par' dir='ltr' id='par_1_5' title="bbox 2052 448 3640 521">
     <span class='ocr_line' id='line_1_5' title="bbox 2052 448 3640 521; baseline 0.006 -19"><span class='ocrx_word' id='word_1_19' title='bbox 2052 464 2184 503; x_wconf 88' lang='lat' dir='ltr'><strong>vero</strong></span> <span class='ocrx_word' id='word_1_20' title='bbox 2217 449 2440 519; x_wconf 83' lang='lat' dir='ltr'><strong>quidam</strong></span> <span class='ocrx_word' id='word_1_21' title='bbox 2474 451 2540 505; x_wconf 86' lang='lat' dir='ltr'><strong>de</strong></span> <span class='ocrx_word' id='word_1_22' title='bbox 2567 449 2712 504; x_wconf 91' lang='lat' dir='ltr'><strong>bono</strong></span> <span class='ocrx_word' id='word_1_23' title='bbox 2745 448 3058 521; x_wconf 83' lang='lat' dir='ltr'><strong>virtuteque</strong></span> <span class='ocrx_word' id='word_1_24' title='bbox 3091 449 3336 521; x_wconf 76' lang='lat' dir='ltr'><strong>perversi</strong></span> <span class='ocrx_word' id='word_1_25' title='bbox 3361 453 3640 512; x_wconf 85' lang='lat' dir='ltr'><strong>candidis-</strong></span> 
     </span>
    </p>
   </div>
   <div class='ocr_carea' id='block_1_6' title="bbox 281 537 1941 613">
    <p class='ocr_par' dir='ltr' id='par_1_6' title="bbox 281 537 1941 613">
     <span class='ocr_line' id='line_1_6' title="bbox 281 537 1941 613; baseline -0.007 -18"><span class='ocrx_word' id='word_1_26' title='bbox 281 568 284 570; x_wconf 53' lang='grc' dir='ltr'><strong>ν</strong></span> <span class='ocrx_word' id='word_1_27' title='bbox 358 539 596 608; x_wconf 72' lang='grc' dir='ltr'><strong>τάγαθὸν</strong></span> <span class='ocrx_word' id='word_1_28' title='bbox 622 537 719 592; x_wconf 80' lang='grc' dir='ltr'><strong>καὶ</strong></span> <span class='ocrx_word' id='word_1_29' title='bbox 744 537 847 607; x_wconf 78' lang='grc' dir='ltr'><strong>τὴν</strong></span> <span class='ocrx_word' id='word_1_30' title='bbox 875 539 1081 609; x_wconf 78' lang='grc' dir='ltr'><strong>ἀρετὴν</strong></span> <span class='ocrx_word' id='word_1_31' title='bbox 1120 538 1343 609; x_wconf 84' lang='grc' dir='ltr'><strong>φαύλως</strong></span> <span class='ocrx_word' id='word_1_32' title='bbox 1374 541 1631 609; x_wconf 74' lang='grc' dir='ltr'><strong>ἑχόντων,</strong></span> <span class='ocrx_word' id='word_1_33' title='bbox 1659 541 1770 595; x_wconf 83' lang='grc' dir='ltr'><strong>τῶν</strong></span> <span class='ocrx_word' id='word_1_34' title='bbox 1815 542 1941 613; x_wconf 81' lang='grc' dir='ltr'><strong>ἀρί..</strong></span> 
     </span>
    </p>
   </div>
   <div class='ocr_carea' id='block_1_7' title="bbox 363 627 1942 704">
    <p class='ocr_par' dir='ltr' id='par_1_7' title="bbox 363 627 1942 704">
     <span class='ocr_line' id='line_1_7' title="bbox 363 627 1942 704; baseline 0.002 -20"><span class='ocrx_word' id='word_1_35' title='bbox 363 647 506 684; x_wconf 83' lang='grc' dir='ltr'><strong>στων</strong></span> <span class='ocrx_word' id='word_1_36' title='bbox 545 627 920 700; x_wconf 72' lang='grc' dir='ltr'><strong>περιτιθέντες</strong></span> <span class='ocrx_word' id='word_1_37' title='bbox 979 629 1192 693; x_wconf 80' lang='grc' dir='ltr'><strong>ἑαυτοῖς</strong></span> <span class='ocrx_word' id='word_1_38' title='bbox 1242 634 1592 701; x_wconf 82' lang='grc' dir='ltr'><strong>προσωπεῖον</strong></span> <span class='ocrx_word' id='word_1_39' title='bbox 1650 633 1788 701; x_wconf 79' lang='grc' dir='ltr'><strong>πρὸς</strong></span> <span class='ocrx_word' id='word_1_40' title='bbox 1812 635 1942 704; x_wconf 81' lang='grc' dir='ltr'><strong>ἀρεο</strong></span> 
     </span>
    </p>
   </div>
   <div class='ocr_carea' id='block_1_8' title="bbox 360 709 1940 791">
    <p class='ocr_par' dir='ltr' id='par_1_8' title="bbox 360 709 1940 791">
     <span class='ocr_line' id='line_1_8' title="bbox 360 709 1940 791; baseline 0.004 -21"><span class='ocrx_word' id='word_1_41' title='bbox 360 720 465 788; x_wconf 82' lang='grc' dir='ltr'><strong>τὴν</strong></span> <span class='ocrx_word' id='word_1_42' title='bbox 495 718 805 786; x_wconf 81' lang='grc' dir='ltr'><strong>ἀλείφουσι,</strong></span> <span class='ocrx_word' id='word_1_43' title='bbox 833 717 931 769; x_wconf 77' lang='grc' dir='ltr'><strong>καὶ</strong></span> <span class='ocrx_word' id='word_1_44' title='bbox 963 709 1038 771; x_wconf 76' lang='grc' dir='ltr'><strong>ὧν</strong></span> <span class='ocrx_word' id='word_1_45' title='bbox 1092 717 1251 771; x_wconf 78' lang='grc' dir='ltr'><strong>αὐτοὶ</strong></span> <span class='ocrx_word' id='word_1_46' title='bbox 1297 719 1584 782; x_wconf 80' lang='grc' dir='ltr'><strong>παντελῶς</strong></span> <span class='ocrx_word' id='word_1_47' title='bbox 1640 721 1940 791; x_wconf 73' lang='grc' dir='ltr'><strong>ἠγνόησαν,</strong></span> 
     </span>
    </p>
   </div>
   <div class='ocr_carea' id='block_1_9' title="bbox 365 807 1945 883">
    <p class='ocr_par' dir='ltr' id='par_1_9' title="bbox 365 807 1945 883">
     <span class='ocr_line' id='line_1_9' title="bbox 365 807 1945 883; baseline 0.003 -20"><span class='ocrx_word' id='word_1_48' title='bbox 365 810 556 871; x_wconf 66' lang='grc' dir='ltr'><strong>ἄλλοις</strong></span> <span class='ocrx_word' id='word_1_49' title='bbox 587 807 842 877; x_wconf 72' lang='grc' dir='ltr'><strong>ἡγεῖσθαι</strong></span> <span class='ocrx_word' id='word_1_50' title='bbox 879 807 1160 877; x_wconf 81' lang='grc' dir='ltr'><strong>ζητοῦσιν,</strong></span> <span class='ocrx_word' id='word_1_51' title='bbox 1193 809 1330 864; x_wconf 89' lang='grc' dir='ltr'><strong>ἀλλά</strong></span> <span class='ocrx_word' id='word_1_52' title='bbox 1381 811 1570 882; x_wconf 85' lang='grc' dir='ltr'><strong>φήμης</strong></span> <span class='ocrx_word' id='word_1_53' title='bbox 1605 812 1748 877; x_wconf 78' lang='grc' dir='ltr'><strong>τινὸς</strong></span> <span class='ocrx_word' id='word_1_54' title='bbox 1797 816 1945 883; x_wconf 80' lang='grc' dir='ltr'><strong>ὲφιέ-</strong></span> 
     </span>
    </p>
   </div>
   <div class='ocr_carea' id='block_1_10' title="bbox 369 887 1946 978">
    <p class='ocr_par' dir='ltr' id='par_1_10' title="bbox 369 887 1946 978">
     <span class='ocr_line' id='line_1_10' title="bbox 369 887 1946 978; baseline 0.005 -25"><span class='ocrx_word' id='word_1_55' title='bbox 369 919 520 971; x_wconf 87' lang='grc' dir='ltr'><strong>μενοι</strong></span> <span class='ocrx_word' id='word_1_56' title='bbox 552 902 733 970; x_wconf 81' lang='grc' dir='ltr'><strong>τυχεῖν</strong></span> <span class='ocrx_word' id='word_1_57' title='bbox 767 899 926 954; x_wconf 71' lang='grc' dir='ltr'><strong>αὐτοὶ</strong></span> <span class='ocrx_word' id='word_1_58' title='bbox 954 887 1049 953; x_wconf 74' lang='grc' dir='ltr'><strong>καὶ</strong></span> <span class='ocrx_word' id='word_1_59' title='bbox 1076 900 1236 972; x_wconf 82' lang='grc' dir='ltr'><strong>δόξης</strong></span> <span class='ocrx_word' id='word_1_60' title='bbox 1263 903 1520 973; x_wconf 77' lang='grc' dir='ltr'><strong>ψευδοῦς,</strong></span> <span class='ocrx_word' id='word_1_61' title='bbox 1549 907 1610 959; x_wconf 79' lang='grc' dir='ltr'><strong>οὐ</strong></span> <span class='ocrx_word' id='word_1_62' title='bbox 1659 909 1759 976; x_wconf 82' lang='grc' dir='ltr'><strong>τῆς</strong></span> <span class='ocrx_word' id='word_1_63' title='bbox 1816 907 1946 978; x_wconf 84' lang='grc' dir='ltr'><strong>ἀρε-</strong></span> 
     </span>
    </p>
   </div>
   <div class='ocr_carea' id='block_1_11' title="bbox 368 991 1943 1065">
    <p class='ocr_par' dir='ltr' id='par_1_11' title="bbox 368 991 1943 1065">
     <span class='ocr_line' id='line_1_11' title="bbox 368 991 1943 1065; baseline 0.005 -19"><span class='ocrx_word' id='word_1_64' title='bbox 368 994 465 1062; x_wconf 87' lang='grc' dir='ltr'><strong>τῆς</strong></span> <span class='ocrx_word' id='word_1_65' title='bbox 523 992 618 1046; x_wconf 82' lang='grc' dir='ltr'><strong>καὶ</strong></span> <span class='ocrx_word' id='word_1_66' title='bbox 659 991 900 1060; x_wconf 85' lang='grc' dir='ltr'><strong>τάγαθοῦ</strong></span> <span class='ocrx_word' id='word_1_67' title='bbox 966 994 1158 1064; x_wconf 76' lang='grc' dir='ltr'>χάρινί</span> <span class='ocrx_word' id='word_1_68' title='bbox 1220 995 1296 1059; x_wconf 84' lang='grc' dir='ltr'>ὡς</span> <span class='ocrx_word' id='word_1_69' title='bbox 1354 996 1480 1059; x_wconf 79' lang='grc' dir='ltr'><strong>τούς</strong></span> <span class='ocrx_word' id='word_1_70' title='bbox 1527 1015 1593 1065; x_wconf 85' lang='grc' dir='ltr'><strong>γε</strong></span> <span class='ocrx_word' id='word_1_71' title='bbox 1654 999 1796 1053; x_wconf 79' lang='grc' dir='ltr'><strong>κατὰ</strong></span> <span class='ocrx_word' id='word_1_72' title='bbox 1850 999 1943 1054; x_wconf 73' lang='grc' dir='ltr'><strong>τδν</strong></span> 
     </span>
    </p>
   </div>
   <div class='ocr_carea' id='block_1_12' title="bbox 364 1080 1944 1158">
    <p class='ocr_par' dir='ltr' id='par_1_12' title="bbox 364 1080 1944 1158">
     <span class='ocr_line' id='line_1_12' title="bbox 364 1080 1944 1158; baseline 0.004 -23"><span class='ocrx_word' id='word_1_73' title='bbox 364 1081 520 1153; x_wconf 82' lang='grc' dir='ltr'><strong>όρθὸν</strong></span> <span class='ocrx_word' id='word_1_74' title='bbox 545 1081 703 1150; x_wconf 82' lang='grc' dir='ltr'><strong>λόγον</strong></span> <span class='ocrx_word' id='word_1_75' title='bbox 731 1080 891 1136; x_wconf 88' lang='grc' dir='ltr'><strong>τοῦτο</strong></span> <span class='ocrx_word' id='word_1_76' title='bbox 918 1081 1220 1154; x_wconf 78' lang='grc' dir='ltr'><strong>ζητοῦντας</strong></span> <span class='ocrx_word' id='word_1_77' title='bbox 1279 1086 1564 1158; x_wconf 83' lang='grc' dir='ltr'><strong>ἀμήχανον</strong></span> <span class='ocrx_word' id='word_1_78' title='bbox 1601 1088 1824 1152; x_wconf 77' lang='grc' dir='ltr'><strong>τελείως</strong></span> <span class='ocrx_word' id='word_1_79' title='bbox 1866 1087 1944 1141; x_wconf 78' lang='grc' dir='ltr'><strong>εί-</strong></span> 
     </span>
    </p>
   </div>
   <div class='ocr_carea' id='block_1_13' title="bbox 360 1172 1940 1250">
    <p class='ocr_par' dir='ltr' id='par_1_13' title="bbox 360 1172 1940 1250">
     <span class='ocr_line' id='line_1_13' title="bbox 360 1172 1940 1250; baseline 0.005 -24"><span class='ocrx_word' id='word_1_80' title='bbox 360 1191 450 1227; x_wconf 89' lang='grc' dir='ltr'>ναι</span> <span class='ocrx_word' id='word_1_81' title='bbox 477 1172 779 1244; x_wconf 87' lang='grc' dir='ltr'><strong>χρηστούς.</strong></span> <span class='ocrx_word' id='word_1_82' title='bbox 813 1173 986 1228; x_wconf 90' lang='grc' dir='ltr'><strong>Τοῦτο</strong></span> <span class='ocrx_word' id='word_1_83' title='bbox 1017 1175 1125 1246; x_wconf 83' lang='grc' dir='ltr'><strong>γάρ</strong></span> <span class='ocrx_word' id='word_1_84' title='bbox 1157 1178 1272 1230; x_wconf 70' lang='grc' dir='ltr'><strong>ἐστι</strong></span> <span class='ocrx_word' id='word_1_85' title='bbox 1323 1177 1522 1248; x_wconf 80' lang='grc' dir='ltr'><strong>φθόνου</strong></span> <span class='ocrx_word' id='word_1_86' title='bbox 1573 1180 1674 1250; x_wconf 82' lang='grc' dir='ltr'><strong>μὲν</strong></span> <span class='ocrx_word' id='word_1_87' title='bbox 1709 1180 1802 1234; x_wconf 74' lang='grc' dir='ltr'><strong>καὶ</strong></span> <span class='ocrx_word' id='word_1_88' title='bbox 1843 1180 1940 1250; x_wconf 88' lang='grc' dir='ltr'><strong>βα-</strong></span> 
     </span>
    </p>
   </div>
   <div class='ocr_carea' id='block_1_14' title="bbox 364 1259 1941 1342">
    <p class='ocr_par' dir='ltr' id='par_1_14' title="bbox 364 1259 1941 1342">
     <span class='ocr_line' id='line_1_14' title="bbox 364 1259 1941 1342; baseline 0.008 -27"><span class='ocrx_word' id='word_1_89' title='bbox 364 1262 594 1326; x_wconf 87' lang='grc' dir='ltr'><strong>σκανίας</strong></span> <span class='ocrx_word' id='word_1_90' title='bbox 622 1263 841 1334; x_wconf 84' lang='grc' dir='ltr'><strong>ἀπάσης</strong></span> <span class='ocrx_word' id='word_1_91' title='bbox 892 1259 1329 1336; x_wconf 72' lang='grc' dir='ltr'><strong>ἀπηλλαγμένων</strong></span> <span class='ocrx_word' id='word_1_92' title='bbox 1362 1270 1591 1342; x_wconf 82' lang='grc' dir='ltr'><strong>ἀνδρῶν,</strong></span> <span class='ocrx_word' id='word_1_93' title='bbox 1624 1273 1844 1342; x_wconf 77' lang='grc' dir='ltr'><strong>ἀγάπην</strong></span> <span class='ocrx_word' id='word_1_94' title='bbox 1883 1274 1941 1328; x_wconf 71' lang='grc' dir='ltr'><strong>δὲ</strong></span> 
     </span>
    </p>
   </div>
   <div class='ocr_carea' id='block_1_15' title="bbox 363 1357 1940 1438">
    <p class='ocr_par' dir='ltr' id='par_1_15' title="bbox 363 1357 1940 1438">
     <span class='ocr_line' id='line_1_15' title="bbox 363 1357 1940 1438; baseline 0.008 -30"><span class='ocrx_word' id='word_1_95' title='bbox 363 1357 502 1427; x_wconf 82' lang='grc' dir='ltr'><strong>πρὸς</strong></span> <span class='ocrx_word' id='word_1_96' title='bbox 527 1357 589 1409; x_wconf 82' lang='grc' dir='ltr'><strong>τὸ</strong></span> <span class='ocrx_word' id='word_1_97' title='bbox 613 1357 889 1426; x_wconf 70' lang='grc' dir='ltr'><strong>ὁμόφυλον</strong></span> <span class='ocrx_word' id='word_1_98' title='bbox 923 1359 1192 1432; x_wconf 79' lang='grc' dir='ltr'><strong>εἱλικρινῆ</strong></span> <span class='ocrx_word' id='word_1_99' title='bbox 1229 1363 1326 1416; x_wconf 78' lang='grc' dir='ltr'><strong>καὶ</strong></span> <span class='ocrx_word' id='word_1_100' title='bbox 1383 1363 1600 1418; x_wconf 87' lang='grc' dir='ltr'><strong>τελείαν</strong></span> <span class='ocrx_word' id='word_1_101' title='bbox 1654 1384 1940 1438; x_wconf 76' lang='grc' dir='ltr'><strong>παρασχοο</strong></span> 
     </span>
    </p>
   </div>
   <div class='ocr_carea' id='block_1_16' title="bbox 373 1449 1944 1530">
    <p class='ocr_par' dir='ltr' id='par_1_16' title="bbox 373 1449 1944 1530">
     <span class='ocr_line' id='line_1_16' title="bbox 373 1449 1944 1530; baseline 0.008 -29"><span class='ocrx_word' id='word_1_102' title='bbox 373 1449 575 1518; x_wconf 78' lang='grc' dir='ltr'><strong>μένων,</strong></span> <span class='ocrx_word' id='word_1_103' title='bbox 600 1450 740 1521; x_wconf 78' lang='grc' dir='ltr'><strong>ὅπερ</strong></span> <span class='ocrx_word' id='word_1_104' title='bbox 787 1452 904 1504; x_wconf 77' lang='grc' dir='ltr'><strong>ἐστὶ</strong></span> <span class='ocrx_word' id='word_1_105' title='bbox 929 1451 1026 1521; x_wconf 79' lang='grc' dir='ltr'><strong>τῆς</strong></span> <span class='ocrx_word' id='word_1_106' title='bbox 1058 1454 1295 1526; x_wconf 84' lang='grc' dir='ltr'><strong>ὲσχάτης</strong></span> <span class='ocrx_word' id='word_1_107' title='bbox 1325 1456 1686 1512; x_wconf 77' lang='grc' dir='ltr'><strong>ἐπιλαϐέσθαι</strong></span> <span class='ocrx_word' id='word_1_108' title='bbox 1731 1460 1944 1530; x_wconf 82' lang='grc' dir='ltr'><strong>φιλοσο-</strong></span> 
     </span>
    </p>
   </div>
   <div class='ocr_carea' id='block_1_17' title="bbox 363 1537 1942 1620">
    <p class='ocr_par' dir='ltr' id='par_1_17' title="bbox 363 1537 1942 1620">
     <span class='ocr_line' id='line_1_17' title="bbox 363 1537 1942 1620; baseline 0.009 -30"><span class='ocrx_word' id='word_1_109' title='bbox 363 1537 494 1607; x_wconf 88' lang='grc' dir='ltr'>φίας</span> <span class='ocrx_word' id='word_1_110' title='bbox 518 1555 530 1568; x_wconf 91' lang='grc'>·</span> <span class='ocrx_word' id='word_1_111' title='bbox 563 1541 782 1610; x_wconf 85' lang='grc' dir='ltr'><strong>ἀνάγκη</strong></span> <span class='ocrx_word' id='word_1_112' title='bbox 822 1541 1029 1609; x_wconf 78' lang='grc' dir='ltr'>τοίνυν,</span> <span class='ocrx_word' id='word_1_113' title='bbox 1062 1539 1144 1606; x_wconf 77' lang='grc' dir='ltr'><strong>οἷς</strong></span> <span class='ocrx_word' id='word_1_114' title='bbox 1177 1543 1279 1614; x_wconf 78' lang='grc' dir='ltr'><strong>μὲν</strong></span> <span class='ocrx_word' id='word_1_115' title='bbox 1304 1545 1512 1616; x_wconf 83' lang='grc' dir='ltr'><strong>ταύτης</strong></span> <span class='ocrx_word' id='word_1_116' title='bbox 1568 1547 1788 1616; x_wconf 79' lang='grc' dir='ltr'><strong>μέτεστι</strong></span> <span class='ocrx_word' id='word_1_117' title='bbox 1845 1550 1942 1620; x_wconf 83' lang='grc' dir='ltr'><strong>τῆς</strong></span> 
     </span>
    </p>
   </div>
   <div class='ocr_carea' id='block_1_18' title="bbox 362 1631 1944 1711">
    <p class='ocr_par' dir='ltr' id='par_1_18' title="bbox 362 1631 1944 1711">
     <span class='ocr_line' id='line_1_18' title="bbox 362 1631 1944 1711; baseline 0.008 -29"><span class='ocrx_word' id='word_1_118' title='bbox 362 1631 580 1700; x_wconf 81' lang='grc' dir='ltr'><strong>ἡδονῆς,</strong></span> <span class='ocrx_word' id='word_1_119' title='bbox 604 1632 733 1696; x_wconf 78' lang='grc' dir='ltr'><strong>τοὺς</strong></span> <span class='ocrx_word' id='word_1_120' title='bbox 759 1632 982 1687; x_wconf 85' lang='grc' dir='ltr'><strong>πάντων</strong></span> <span class='ocrx_word' id='word_1_121' title='bbox 1021 1635 1280 1705; x_wconf 78' lang='grc' dir='ltr'><strong>ἀρίστους</strong></span> <span class='ocrx_word' id='word_1_122' title='bbox 1315 1631 1459 1690; x_wconf 79' lang='grc' dir='ltr'><strong>εἷναι</strong></span> <span class='ocrx_word' id='word_1_123' title='bbox 1510 1641 1606 1692; x_wconf 72' lang='grc' dir='ltr'><strong>καὶ</strong></span> <span class='ocrx_word' id='word_1_124' title='bbox 1640 1640 1944 1711; x_wconf 81' lang='grc' dir='ltr'><strong>φιλοσοφω-</strong></span> 
     </span>
    </p>
   </div>
   <div class='ocr_carea' id='block_1_19' title="bbox 362 1723 1939 1802">
    <p class='ocr_par' dir='ltr' id='par_1_19' title="bbox 362 1723 1939 1802">
     <span class='ocr_line' id='line_1_19' title="bbox 362 1723 1939 1802; baseline 0.008 -27"><span class='ocrx_word' id='word_1_125' title='bbox 362 1723 578 1790; x_wconf 86' lang='grc' dir='ltr'><strong>τάτους,</strong></span> <span class='ocrx_word' id='word_1_126' title='bbox 608 1727 722 1788; x_wconf 78' lang='grc' dir='ltr'><strong>τοῖς</strong></span> <span class='ocrx_word' id='word_1_127' title='bbox 746 1725 802 1779; x_wconf 69' lang='grc' dir='ltr'><strong>δὲ</strong></span> <span class='ocrx_word' id='word_1_128' title='bbox 833 1727 1053 1781; x_wconf 86' lang='grc' dir='ltr'><strong>πάντων</strong></span> <span class='ocrx_word' id='word_1_129' title='bbox 1084 1728 1328 1801; x_wconf 81' lang='grc' dir='ltr'><strong>ἀρίστοις</strong></span> <span class='ocrx_word' id='word_1_130' title='bbox 1354 1731 1447 1784; x_wconf 77' lang='grc' dir='ltr'><strong>καὶ</strong></span> <span class='ocrx_word' id='word_1_131' title='bbox 1473 1731 1939 1802; x_wconf 86' lang='grc' dir='ltr'><strong>φιλοσοφωτάτοις</strong></span> 
     </span>
    </p>
   </div>
   <div class='ocr_carea' id='block_1_20' title="bbox 373 1802 2018 1898">
    <p class='ocr_par' dir='ltr' id='par_1_20' title="bbox 373 1802 2018 1898">
     <span class='ocr_line' id='line_1_20' title="bbox 373 1802 2018 1898; baseline 0.007 -32"><span class='ocrx_word' id='word_1_132' title='bbox 373 1814 468 1866; x_wconf 71' lang='grc' dir='ltr'><strong>καὶ</strong></span> <span class='ocrx_word' id='word_1_133' title='bbox 503 1813 728 1883; x_wconf 74' lang='grc' dir='ltr'><strong>ταύτης-</strong></span> <span class='ocrx_word' id='word_1_134' title='bbox 748 1818 990 1884; x_wconf 85' lang='grc' dir='ltr'><strong>μετεῖναι</strong></span> <span class='ocrx_word' id='word_1_135' title='bbox 1018 1819 1116 1888; x_wconf 82' lang='grc' dir='ltr'><strong>τῆς</strong></span> <span class='ocrx_word' id='word_1_136' title='bbox 1165 1819 1381 1890; x_wconf 75' lang='grc' dir='ltr'><strong>ἡδονῆς.</strong></span> <span class='ocrx_word' id='word_1_137' title='bbox 1429 1821 1748 1876; x_wconf 84' lang='grc' dir='ltr'><strong>’Δκόλουθον</strong></span> <span class='ocrx_word' id='word_1_138' title='bbox 1803 1826 1934 1898; x_wconf 77' lang='grc' dir='ltr'><strong>γὰρ,</strong></span> <span class='ocrx_word' id='word_1_139' title='bbox 1975 1802 2018 1856; x_wconf 73' lang='grc' dir='ltr'><strong>Β</strong></span> 
     </span>
    </p>
   </div>
   <div class='ocr_carea' id='block_1_21' title="bbox 362 1903 1937 1980">
    <p class='ocr_par' dir='ltr' id='par_1_21' title="bbox 362 1903 1937 1980">
     <span class='ocr_line' id='line_1_21' title="bbox 362 1903 1937 1980; baseline 0.01 -26"><span class='ocrx_word' id='word_1_140' title='bbox 362 1903 456 1956; x_wconf 88' lang='grc' dir='ltr'><strong>τοῦ</strong></span> <span class='ocrx_word' id='word_1_141' title='bbox 490 1905 698 1974; x_wconf 80' lang='grc' dir='ltr'><strong>ἀγαθοῦ</strong></span> <span class='ocrx_word' id='word_1_142' title='bbox 732 1909 1109 1977; x_wconf 82' lang='grc' dir='ltr'><strong>μετασχόντας</strong></span> <span class='ocrx_word' id='word_1_143' title='bbox 1140 1910 1238 1980; x_wconf 75' lang='grc' dir='ltr'><strong>τὴν</strong></span> <span class='ocrx_word' id='word_1_144' title='bbox 1268 1911 1363 1964; x_wconf 90' lang='grc' dir='ltr'><strong>τοῦ</strong></span> <span class='ocrx_word' id='word_1_145' title='bbox 1395 1911 1603 1980; x_wconf 80' lang='grc' dir='ltr'><strong>ἀγαθοῦ</strong></span> <span class='ocrx_word' id='word_1_146' title='bbox 1662 1913 1937 1970; x_wconf 84' lang='grc' dir='ltr'><strong>δεικνύναι</strong></span> 
     </span>
    </p>
   </div>
   <div class='ocr_carea' id='block_1_22' title="bbox 363 1995 1938 2076">
    <p class='ocr_par' dir='ltr' id='par_1_22' title="bbox 363 1995 1938 2076">
     <span class='ocr_line' id='line_1_22' title="bbox 363 1995 1938 2076; baseline 0.009 -29"><span class='ocrx_word' id='word_1_147' title='bbox 363 1995 524 2064; x_wconf 88' lang='grc' dir='ltr'><strong>φύσιν</strong></span> <span class='ocrx_word' id='word_1_148' title='bbox 551 2000 608 2050; x_wconf 84' lang='grc' dir='ltr'><strong>ὲν</strong></span> <span class='ocrx_word' id='word_1_149' title='bbox 633 2001 696 2070; x_wconf 79' lang='grc' dir='ltr'><strong>τῇ</strong></span> <span class='ocrx_word' id='word_1_150' title='bbox 735 2000 914 2070; x_wconf 76' lang='grc' dir='ltr'><strong>ψυχῇ·</strong></span> <span class='ocrx_word' id='word_1_151' title='bbox 949 2002 1157 2055; x_wconf 78' lang='grc' dir='ltr'><strong>ἐκείνου</strong></span> <span class='ocrx_word' id='word_1_152' title='bbox 1186 2003 1243 2056; x_wconf 80' lang='grc' dir='ltr'><strong>δὲ</strong></span> <span class='ocrx_word' id='word_1_153' title='bbox 1275 2005 1368 2058; x_wconf 89' lang='grc' dir='ltr'><strong>τοῦ</strong></span> <span class='ocrx_word' id='word_1_154' title='bbox 1390 2005 1597 2074; x_wconf 79' lang='grc' dir='ltr'><strong>ἀγαθοῦ</strong></span> <span class='ocrx_word' id='word_1_155' title='bbox 1643 2007 1804 2076; x_wconf 88' lang='grc' dir='ltr'><strong>φύσις</strong></span> <span class='ocrx_word' id='word_1_156' title='bbox 1845 2011 1938 2061; x_wconf 82' lang='grc' dir='ltr'><strong>ὲκ·</strong></span> 
     </span>
    </p>
   </div>
   <div class='ocr_carea' id='block_1_23' title="bbox 361 2086 1944 2166">
    <p class='ocr_par' dir='ltr' id='par_1_23' title="bbox 361 2086 1944 2166">
     <span class='ocr_line' id='line_1_23' title="bbox 361 2086 1944 2166; baseline 0.009 -30"><span class='ocrx_word' id='word_1_157' title='bbox 361 2086 570 2153; x_wconf 85' lang='grc' dir='ltr'><strong>χεῖσθαι</strong></span> <span class='ocrx_word' id='word_1_158' title='bbox 604 2088 700 2140; x_wconf 77' lang='grc' dir='ltr'><strong>καὶ</strong></span> <span class='ocrx_word' id='word_1_159' title='bbox 735 2090 1135 2158; x_wconf 86' lang='grc' dir='ltr'><strong>μεταδίδοσθαι.</strong></span> <span class='ocrx_word' id='word_1_160' title='bbox 1164 2093 1432 2165; x_wconf 82' lang='grc' dir='ltr'><strong>Καθάπερ</strong></span> <span class='ocrx_word' id='word_1_161' title='bbox 1469 2098 1580 2166; x_wconf 90' lang='grc' dir='ltr'><strong>γάρ</strong></span> <span class='ocrx_word' id='word_1_162' title='bbox 1611 2097 1777 2150; x_wconf 83' lang='grc' dir='ltr'><strong>αὑτοῦ</strong></span> <span class='ocrx_word' id='word_1_163' title='bbox 1805 2097 1944 2152; x_wconf 81' lang='grc' dir='ltr'><strong>πάν-</strong></span> 
     </span>
    </p>
   </div>
   <div class='ocr_carea' id='block_1_24' title="bbox 360 2177 1938 2258">
    <p class='ocr_par' dir='ltr' id='par_1_24' title="bbox 360 2177 1938 2258">
     <span class='ocr_line' id='line_1_24' title="bbox 360 2177 1938 2258; baseline 0.01 -31"><span class='ocrx_word' id='word_1_164' title='bbox 360 2191 430 2228; x_wconf 88' lang='grc' dir='ltr'>τα</span> <span class='ocrx_word' id='word_1_165' title='bbox 459 2177 696 2244; x_wconf 75' lang='grc' dir='ltr'><strong>ἐφίεται,</strong></span> <span class='ocrx_word' id='word_1_166' title='bbox 758 2179 900 2232; x_wconf 78' lang='grc' dir='ltr'><strong>οὕτω</strong></span> <span class='ocrx_word' id='word_1_167' title='bbox 956 2182 1049 2234; x_wconf 81' lang='grc' dir='ltr'><strong>καὶ</strong></span> <span class='ocrx_word' id='word_1_168' title='bbox 1097 2183 1232 2236; x_wconf 81' lang='grc' dir='ltr'><strong>αὐτὸ</strong></span> <span class='ocrx_word' id='word_1_169' title='bbox 1295 2186 1504 2255; x_wconf 82' lang='grc' dir='ltr'><strong>πέφυκε</strong></span> <span class='ocrx_word' id='word_1_170' title='bbox 1562 2187 1698 2258; x_wconf 78' lang='grc' dir='ltr'><strong>πρὸς</strong></span> <span class='ocrx_word' id='word_1_171' title='bbox 1757 2188 1938 2244; x_wconf 85' lang='grc' dir='ltr'><strong>πάντα</strong></span> 
     </span>
    </p>
   </div>
   <div class='ocr_carea' id='block_1_25' title="bbox 363 2269 1938 2349">
    <p class='ocr_par' dir='ltr' id='par_1_25' title="bbox 363 2269 1938 2349">
     <span class='ocr_line' id='line_1_25' title="bbox 363 2269 1938 2349; baseline 0.011 -32"><span class='ocrx_word' id='word_1_172' title='bbox 363 2269 592 2335; x_wconf 86' lang='grc' dir='ltr'><strong>χωρεῖν·</strong></span> <span class='ocrx_word' id='word_1_173' title='bbox 621 2269 744 2322; x_wconf 79' lang='grc' dir='ltr'><strong>οὐδὲ</strong></span> <span class='ocrx_word' id='word_1_174' title='bbox 776 2273 885 2342; x_wconf 84' lang='grc' dir='ltr'><strong>γὰρ</strong></span> <span class='ocrx_word' id='word_1_175' title='bbox 919 2271 986 2326; x_wconf 84' lang='grc' dir='ltr'><strong>ἂν</strong></span> <span class='ocrx_word' id='word_1_176' title='bbox 1016 2274 1195 2328; x_wconf 89' lang='grc' dir='ltr'><strong>πάντα</strong></span> <span class='ocrx_word' id='word_1_177' title='bbox 1228 2276 1393 2330; x_wconf 82' lang='grc' dir='ltr'><strong>αὑτοῦ</strong></span> <span class='ocrx_word' id='word_1_178' title='bbox 1425 2278 1713 2349; x_wconf 84' lang='grc' dir='ltr'><strong>τυγχάνειν</strong></span> <span class='ocrx_word' id='word_1_179' title='bbox 1738 2281 1938 2335; x_wconf 68' lang='grc' dir='ltr'><strong>ἐπεθύ-</strong></span> 
     </span>
    </p>
   </div>
   <div class='ocr_carea' id='block_1_26' title="bbox 363 2360 1935 2442">
    <p class='ocr_par' dir='ltr' id='par_1_26' title="bbox 363 2360 1935 2442">
     <span class='ocr_line' id='line_1_26' title="bbox 363 2360 1935 2442; baseline 0.011 -33"><span class='ocrx_word' id='word_1_180' title='bbox 363 2375 528 2427; x_wconf 88' lang='grc' dir='ltr'><strong>μουν,</strong></span> <span class='ocrx_word' id='word_1_181' title='bbox 565 2360 613 2411; x_wconf 86' lang='grc' dir='ltr'><strong>εί</strong></span> <span class='ocrx_word' id='word_1_182' title='bbox 664 2361 738 2430; x_wconf 83' lang='grc' dir='ltr'><strong>μὴ</strong></span> <span class='ocrx_word' id='word_1_183' title='bbox 771 2364 940 2417; x_wconf 75' lang='grc' dir='ltr'><strong>πᾶσιν</strong></span> <span class='ocrx_word' id='word_1_184' title='bbox 979 2365 1144 2418; x_wconf 80' lang='grc' dir='ltr'><strong>ἑαυτὸ</strong></span> <span class='ocrx_word' id='word_1_185' title='bbox 1194 2371 1456 2439; x_wconf 83' lang='grc' dir='ltr'><strong>παρεῖχεν</strong></span> <span class='ocrx_word' id='word_1_186' title='bbox 1489 2371 1665 2442; x_wconf 74' lang='grc' dir='ltr'><strong>ἐκεῖνο</strong></span> <span class='ocrx_word' id='word_1_187' title='bbox 1688 2388 1703 2403; x_wconf 88' lang='grc'><strong>·</strong></span> <span class='ocrx_word' id='word_1_188' title='bbox 1734 2374 1935 2442; x_wconf 87' lang='grc' dir='ltr'><strong>ματαί-</strong></span> 
     </span>
    </p>
   </div>
   <div class='ocr_carea' id='block_1_27' title="bbox 361 2439 1934 2533">
    <p class='ocr_par' dir='ltr' id='par_1_27' title="bbox 361 2439 1934 2533">
     <span class='ocr_line' id='line_1_27' title="bbox 361 2439 1934 2533; baseline 0.01 -32"><span class='ocrx_word' id='word_1_189' title='bbox 361 2466 428 2502; x_wconf 91' lang='grc' dir='ltr'>αν</span> <span class='ocrx_word' id='word_1_190' title='bbox 458 2451 566 2522; x_wconf 87' lang='grc' dir='ltr'><strong>γὰρ</strong></span> <span class='ocrx_word' id='word_1_191' title='bbox 597 2447 736 2506; x_wconf 74' lang='grc' dir='ltr'><strong>εἶναι</strong></span> <span class='ocrx_word' id='word_1_192' title='bbox 762 2454 858 2524; x_wconf 84' lang='grc' dir='ltr'><strong>τὴν</strong></span> <span class='ocrx_word' id='word_1_193' title='bbox 893 2456 1191 2528; x_wconf 77' lang='grc' dir='ltr'>ἐπιθυμίαν</span> <span class='ocrx_word' id='word_1_194' title='bbox 1229 2459 1373 2513; x_wconf 82' lang='grc' dir='ltr'><strong>οὕτω</strong></span> <span class='ocrx_word' id='word_1_195' title='bbox 1409 2439 1934 2533; x_wconf 28' lang='grc' dir='ltr'><strong>κοινοτάτηννοῦσαν,</strong></span> 
     </span>
    </p>
   </div>
   <div class='ocr_carea' id='block_1_28' title="bbox 363 2541 1940 2626">
    <p class='ocr_par' dir='ltr' id='par_1_28' title="bbox 363 2541 1940 2626">
     <span class='ocr_line' id='line_1_28' title="bbox 363 2541 1940 2626; baseline 0.011 -34"><span class='ocrx_word' id='word_1_196' title='bbox 363 2541 480 2605; x_wconf 80' lang='grc' dir='ltr'><strong>πῶς</strong></span> <span class='ocrx_word' id='word_1_197' title='bbox 506 2541 764 2610; x_wconf 81' lang='grc' dir='ltr'><strong>εὕλογον;</strong></span> <span class='ocrx_word' id='word_1_198' title='bbox 798 2545 965 2601; x_wconf 88' lang='grc' dir='ltr'><strong>Ὅθεν</strong></span> <span class='ocrx_word' id='word_1_199' title='bbox 1003 2550 1100 2602; x_wconf 74' lang='grc' dir='ltr'><strong>καὶ</strong></span> <span class='ocrx_word' id='word_1_200' title='bbox 1137 2550 1230 2603; x_wconf 73' lang='grc' dir='ltr'><strong>τὸν</strong></span> <span class='ocrx_word' id='word_1_201' title='bbox 1278 2551 1481 2620; x_wconf 81' lang='grc' dir='ltr'><strong>ἀγαθὸν</strong></span> <span class='ocrx_word' id='word_1_202' title='bbox 1522 2554 1806 2626; x_wconf 80' lang='grc' dir='ltr'><strong>ἄνθρωπον</strong></span> <span class='ocrx_word' id='word_1_203' title='bbox 1833 2556 1940 2609; x_wconf 83' lang='grc' dir='ltr'><strong>ὦσ-</strong></span> 
     </span>
    </p>
   </div>
   <div class='ocr_carea' id='block_1_29' title="bbox 364 2635 1938 2720">
    <p class='ocr_par' dir='ltr' id='par_1_29' title="bbox 364 2635 1938 2720">
     <span class='ocr_line' id='line_1_29' title="bbox 364 2635 1938 2720; baseline 0.013 -37"><span class='ocrx_word' id='word_1_204' title='bbox 364 2649 470 2703; x_wconf 88' lang='grc' dir='ltr'><strong>περ</strong></span> <span class='ocrx_word' id='word_1_205' title='bbox 504 2635 706 2704; x_wconf 79' lang='grc' dir='ltr'><strong>ἑαυτῷ,</strong></span> <span class='ocrx_word' id='word_1_206' title='bbox 733 2636 876 2692; x_wconf 83' lang='grc' dir='ltr'><strong>οὓτω</strong></span> <span class='ocrx_word' id='word_1_207' title='bbox 921 2639 1018 2694; x_wconf 71' lang='grc' dir='ltr'><strong>καὶ</strong></span> <span class='ocrx_word' id='word_1_208' title='bbox 1047 2642 1184 2695; x_wconf 81' lang='grc' dir='ltr'><strong>πᾶσι</strong></span> <span class='ocrx_word' id='word_1_209' title='bbox 1210 2645 1476 2714; x_wconf 65' lang='grc' dir='ltr'><strong>παρέχειν</strong></span> <span class='ocrx_word' id='word_1_210' title='bbox 1524 2647 1740 2713; x_wconf 78' lang='grc' dir='ltr'><strong>ἑαυτὸν,</strong></span> <span class='ocrx_word' id='word_1_211' title='bbox 1782 2653 1809 2702; x_wconf 99' lang='lat'><strong>6</strong></span> <span class='ocrx_word' id='word_1_212' title='bbox 1838 2650 1938 2720; x_wconf 84' lang='grc' dir='ltr'><strong>τῆς</strong></span> 
     </span>
    </p>
   </div>
   <div class='ocr_carea' id='block_1_30' title="bbox 364 2728 1937 2810">
    <p class='ocr_par' dir='ltr' id='par_1_30' title="bbox 364 2728 1937 2810">
     <span class='ocr_line' id='line_1_30' title="bbox 364 2728 1937 2810; baseline 0.012 -34"><span class='ocrx_word' id='word_1_213' title='bbox 364 2728 728 2798; x_wconf 84' lang='grc' dir='ltr'><strong>χρηστότητος</strong></span> <span class='ocrx_word' id='word_1_214' title='bbox 754 2731 978 2786; x_wconf 79' lang='grc' dir='ltr'><strong>ἀπαιτεῖ</strong></span> <span class='ocrx_word' id='word_1_215' title='bbox 1024 2731 1198 2801; x_wconf 85' lang='grc' dir='ltr'><strong>λόγος,</strong></span> <span class='ocrx_word' id='word_1_216' title='bbox 1233 2737 1328 2788; x_wconf 82' lang='grc' dir='ltr'><strong>καὶ</strong></span> <span class='ocrx_word' id='word_1_217' title='bbox 1378 2736 1631 2791; x_wconf 84' lang='grc' dir='ltr'><strong>ἀνιᾶσθαι</strong></span> <span class='ocrx_word' id='word_1_218' title='bbox 1661 2740 1756 2792; x_wconf 74' lang='grc' dir='ltr'><strong>καὶ</strong></span> <span class='ocrx_word' id='word_1_219' title='bbox 1812 2741 1937 2810; x_wconf 77' lang='grc' dir='ltr'><strong>ἥδε-</strong></span> 
     </span>
    </p>
   </div>
   <div class='ocr_carea' id='block_1_31' title="bbox 369 2814 1935 2898">
    <p class='ocr_par' dir='ltr' id='par_1_31' title="bbox 369 2814 1935 2898">
     <span class='ocr_line' id='line_1_31' title="bbox 369 2814 1935 2898; baseline 0.013 -32"><span class='ocrx_word' id='word_1_220' title='bbox 369 2814 494 2868; x_wconf 86' lang='grc' dir='ltr'>σθαι</span> <span class='ocrx_word' id='word_1_221' title='bbox 527 2817 618 2870; x_wconf 83' lang='grc' dir='ltr'><strong>καὶ</strong></span> <span class='ocrx_word' id='word_1_222' title='bbox 643 2818 822 2873; x_wconf 85' lang='grc' dir='ltr'><strong>ότιοῦν</strong></span> <span class='ocrx_word' id='word_1_223' title='bbox 854 2822 1089 2894; x_wconf 86' lang='grc' dir='ltr'><strong>πάσχειν</strong></span> <span class='ocrx_word' id='word_1_224' title='bbox 1112 2823 1214 2896; x_wconf 79' lang='grc' dir='ltr'><strong>τὴν</strong></span> <span class='ocrx_word' id='word_1_225' title='bbox 1267 2824 1470 2897; x_wconf 76' lang='grc' dir='ltr'><strong>ψυχὴν,</strong></span> <span class='ocrx_word' id='word_1_226' title='bbox 1521 2829 1660 2898; x_wconf 87' lang='grc' dir='ltr'><strong>πρὸς</strong></span> <span class='ocrx_word' id='word_1_227' title='bbox 1705 2831 1772 2884; x_wconf 86' lang='grc' dir='ltr'><strong>τά</strong></span> <span class='ocrx_word' id='word_1_228' title='bbox 1827 2833 1935 2886; x_wconf 84' lang='grc' dir='ltr'><strong>τῶν</strong></span> 
     </span>
    </p>
   </div>
   <div class='ocr_carea' id='block_1_32' title="bbox 367 2903 1929 2986">
    <p class='ocr_par' dir='ltr' id='par_1_32' title="bbox 367 2903 1929 2986">
     <span class='ocr_line' id='line_1_32' title="bbox 367 2903 1929 2986; baseline 0.013 -29"><span class='ocrx_word' id='word_1_229' title='bbox 367 2903 540 2962; x_wconf 84' lang='grc' dir='ltr'><strong>ἄλλων</strong></span> <span class='ocrx_word' id='word_1_230' title='bbox 567 2911 718 2966; x_wconf 82' lang='grc' dir='ltr'><strong>οὐδὲν</strong></span> <span class='ocrx_word' id='word_1_231' title='bbox 739 2907 905 2985; x_wconf 79' lang='grc' dir='ltr'><strong>ἦττον</strong></span> <span class='ocrx_word' id='word_1_232' title='bbox 944 2915 978 2986; x_wconf 73' lang='grc' dir='ltr'>ἢ</span> <span class='ocrx_word' id='word_1_233' title='bbox 1011 2918 1080 2970; x_wconf 89' lang='grc' dir='ltr'><strong>τά</strong></span> <span class='ocrx_word' id='word_1_234' title='bbox 1106 2916 1272 2971; x_wconf 80' lang='grc' dir='ltr'><strong>αὐτοῦ</strong></span> <span class='ocrx_word' id='word_1_235' title='bbox 1293 2936 1308 2950; x_wconf 77' lang='grc' dir='ltr'><strong>ο</strong></span> <span class='ocrx_word' id='word_1_236' title='bbox 1341 2921 1434 2972; x_wconf 76' lang='grc' dir='ltr'><strong>καὶ</strong></span> <span class='ocrx_word' id='word_1_237' title='bbox 1465 2919 1640 2984; x_wconf 80' lang='grc' dir='ltr'><strong>ἄλλως</strong></span> <span class='ocrx_word' id='word_1_238' title='bbox 1672 2921 1729 2976; x_wconf 81' lang='grc' dir='ltr'><strong>δὲ</strong></span> <span class='ocrx_word' id='word_1_239' title='bbox 1757 2923 1814 2976; x_wconf 79' lang='grc' dir='ltr'><strong>τὸ</strong></span> <span class='ocrx_word' id='word_1_240' title='bbox 1834 2923 1929 2978; x_wconf 91' lang='grc' dir='ltr'><strong>τοῦ</strong></span> 
     </span>
    </p>
   </div>
   <div class='ocr_carea' id='block_1_33' title="bbox 2047 539 3626 613">
    <p class='ocr_par' dir='ltr' id='par_1_33' title="bbox 2047 539 3626 613">
     <span class='ocr_line' id='line_1_33' title="bbox 2047 539 3626 613; baseline 0.004 -20"><span class='ocrx_word' id='word_1_241' title='bbox 2047 540 2250 593; x_wconf 89' lang='lat' dir='ltr'><strong>simum</strong></span> <span class='ocrx_word' id='word_1_242' title='bbox 2304 541 2512 594; x_wconf 88' lang='lat' dir='ltr'><strong>vultmn</strong></span> <span class='ocrx_word' id='word_1_243' title='bbox 2557 539 2904 606; x_wconf 89' lang='lat' dir='ltr'><strong>simulantes,</strong></span> <span class='ocrx_word' id='word_1_244' title='bbox 2925 541 2990 594; x_wconf 89' lang='lat' dir='ltr'><strong>ad</strong></span> <span class='ocrx_word' id='word_1_245' title='bbox 3033 541 3288 596; x_wconf 73' lang='lat' dir='ltr'><strong>virtutem</strong></span> <span class='ocrx_word' id='word_1_246' title='bbox 3327 541 3626 613; x_wconf 85' lang='lat' dir='ltr'><strong>inungunt,</strong></span> 
     </span>
    </p>
   </div>
   <div class='ocr_carea' id='block_1_34' title="bbox 2045 630 3638 704">
    <p class='ocr_par' dir='ltr' id='par_1_34' title="bbox 2045 630 3638 704">
     <span class='ocr_line' id='line_1_34' title="bbox 2045 630 3638 704; baseline 0.004 -20"><span class='ocrx_word' id='word_1_247' title='bbox 2045 641 2100 684; x_wconf 90' lang='lat' dir='ltr'><strong>et</strong></span> <span class='ocrx_word' id='word_1_248' title='bbox 2129 646 2360 699; x_wconf 89' lang='lat' dir='ltr'><strong>quorum</strong></span> <span class='ocrx_word' id='word_1_249' title='bbox 2390 631 2492 701; x_wconf 83' lang='lat' dir='ltr'><strong>ipsi</strong></span> <span class='ocrx_word' id='word_1_250' title='bbox 2522 632 2774 700; x_wconf 74' lang='lat' dir='ltr'><strong>protinus</strong></span> <span class='ocrx_word' id='word_1_251' title='bbox 2805 631 2976 699; x_wconf 89' lang='lat' dir='ltr'><strong>ignari</strong></span> <span class='ocrx_word' id='word_1_252' title='bbox 3014 640 3164 698; x_wconf 87' lang='lat' dir='ltr'><strong>sunt,</strong></span> <span class='ocrx_word' id='word_1_253' title='bbox 3197 630 3324 688; x_wconf 87' lang='lat' dir='ltr'><strong>aliis</strong></span> <span class='ocrx_word' id='word_1_254' title='bbox 3362 634 3638 704; x_wconf 81' lang='lat' dir='ltr'><strong>imperare</strong></span> 
     </span>
    </p>
   </div>
   <div class='ocr_carea' id='block_1_35' title="bbox 2045 722 3636 794">
    <p class='ocr_par' dir='ltr' id='par_1_35' title="bbox 2045 722 3636 794">
     <span class='ocr_line' id='line_1_35' title="bbox 2045 722 3636 794; baseline 0.004 -19"><span class='ocrx_word' id='word_1_255' title='bbox 2045 722 2255 786; x_wconf 87' lang='lat' dir='ltr'><strong>volunt,</strong></span> <span class='ocrx_word' id='word_1_256' title='bbox 2293 733 2344 776; x_wconf 89' lang='lat' dir='ltr'><strong>at</strong></span> <span class='ocrx_word' id='word_1_257' title='bbox 2381 723 2581 776; x_wconf 68' lang='lat' dir='ltr'><strong>farinam</strong></span> <span class='ocrx_word' id='word_1_258' title='bbox 2610 723 2904 792; x_wconf 84' lang='lat' dir='ltr'><strong>quamdam</strong></span> <span class='ocrx_word' id='word_1_259' title='bbox 2940 723 3244 793; x_wconf 77' lang='lat' dir='ltr'><strong>falsamque</strong></span> <span class='ocrx_word' id='word_1_260' title='bbox 3271 724 3499 794; x_wconf 75' lang='lat' dir='ltr'><strong>gloriam</strong></span> <span class='ocrx_word' id='word_1_261' title='bbox 3539 727 3636 782; x_wconf 86' lang='lat' dir='ltr'><strong>ob-</strong></span> 
     </span>
    </p>
   </div>
   <div class='ocr_carea' id='block_1_36' title="bbox 2048 814 3634 886">
    <p class='ocr_par' dir='ltr' id='par_1_36' title="bbox 2048 814 3634 886">
     <span class='ocr_line' id='line_1_36' title="bbox 2048 814 3634 886; baseline 0.004 -18"><span class='ocrx_word' id='word_1_262' title='bbox 2048 818 2223 868; x_wconf 86' lang='lat' dir='ltr'><strong>tinere</strong></span> <span class='ocrx_word' id='word_1_263' title='bbox 2254 817 2558 883; x_wconf 76' lang='lat' dir='ltr'><strong>cupientes,</strong></span> <span class='ocrx_word' id='word_1_264' title='bbox 2595 828 2706 868; x_wconf 91' lang='lat' dir='ltr'><strong>non</strong></span> <span class='ocrx_word' id='word_1_265' title='bbox 2757 814 2976 870; x_wconf 90' lang='lat' dir='ltr'><strong>virtutis</strong></span> <span class='ocrx_word' id='word_1_266' title='bbox 3008 830 3110 869; x_wconf 85' lang='lat' dir='ltr'><strong>nec</strong></span> <span class='ocrx_word' id='word_1_267' title='bbox 3141 815 3268 870; x_wconf 91' lang='lat' dir='ltr'><strong>boni</strong></span> <span class='ocrx_word' id='word_1_268' title='bbox 3326 819 3524 886; x_wconf 85' lang='lat' dir='ltr'><strong>gratia,</strong></span> <span class='ocrx_word' id='word_1_269' title='bbox 3555 817 3634 874; x_wconf 84' lang='lat' dir='ltr'><strong>sic</strong></span> 
     </span>
    </p>
   </div>
   <div class='ocr_carea' id='block_1_37' title="bbox 2044 906 3632 979">
    <p class='ocr_par' dir='ltr' id='par_1_37' title="bbox 2044 906 3632 979">
     <span class='ocr_line' id='line_1_37' title="bbox 2044 906 3632 979; baseline 0.001 -19"><span class='ocrx_word' id='word_1_270' title='bbox 2044 916 2246 976; x_wconf 80' lang='lat' dir='ltr'><strong>agunt;</strong></span> <span class='ocrx_word' id='word_1_271' title='bbox 2274 907 2421 975; x_wconf 84' lang='lat' dir='ltr'><strong>alqui</strong></span> <span class='ocrx_word' id='word_1_272' title='bbox 2444 906 2597 974; x_wconf 78' lang='lat' dir='ltr'><strong>juxta</strong></span> <span class='ocrx_word' id='word_1_273' title='bbox 2643 919 2849 960; x_wconf 86' lang='lat' dir='ltr'><strong>rectum</strong></span> <span class='ocrx_word' id='word_1_274' title='bbox 2889 921 3203 962; x_wconf 80' lang='lat' dir='ltr'><strong>sermonem</strong></span> <span class='ocrx_word' id='word_1_275' title='bbox 3257 906 3360 962; x_wconf 89' lang='lat' dir='ltr'><strong>hoc</strong></span> <span class='ocrx_word' id='word_1_276' title='bbox 3385 924 3632 979; x_wconf 67' lang='lat' dir='ltr'><strong>quaeren-</strong></span> 
     </span>
    </p>
   </div>
   <div class='ocr_carea' id='block_1_38' title="bbox 2045 999 3632 1071">
    <p class='ocr_par' dir='ltr' id='par_1_38' title="bbox 2045 999 3632 1071">
     <span class='ocr_line' id='line_1_38' title="bbox 2045 999 3632 1071; baseline 0.002 -18"><span class='ocrx_word' id='word_1_277' title='bbox 2045 1000 2518 1070; x_wconf 45' lang='lat' dir='ltr'><strong>tes,&#39;impossibde</strong></span> <span class='ocrx_word' id='word_1_278' title='bbox 2547 1008 2630 1056; x_wconf 86' lang='lat' dir='ltr'><strong>est</strong></span> <span class='ocrx_word' id='word_1_279' title='bbox 2657 1015 2782 1055; x_wconf 87' lang='lat' dir='ltr'><strong>esse</strong></span> <span class='ocrx_word' id='word_1_280' title='bbox 2809 1000 3052 1071; x_wconf 81' lang='lat' dir='ltr'><strong>perfecte</strong></span> <span class='ocrx_word' id='word_1_281' title='bbox 3091 1003 3286 1056; x_wconf 89' lang='lat' dir='ltr'><strong>bonos.</strong></span> <span class='ocrx_word' id='word_1_282' title='bbox 3335 999 3451 1057; x_wconf 90' lang='lat' dir='ltr'><strong>lloc</strong></span> <span class='ocrx_word' id='word_1_283' title='bbox 3486 1001 3632 1056; x_wconf 77' lang='lat' dir='ltr'><strong>enim</strong></span> 
     </span>
    </p>
   </div>
   <div class='ocr_carea' id='block_1_39' title="bbox 2045 1088 3635 1161">
    <p class='ocr_par' dir='ltr' id='par_1_39' title="bbox 2045 1088 3635 1161">
     <span class='ocr_line' id='line_1_39' title="bbox 2045 1088 3635 1161; baseline 0.002 -19"><span class='ocrx_word' id='word_1_284' title='bbox 2045 1089 2326 1158; x_wconf 88' lang='lat' dir='ltr'><strong>proprium</strong></span> <span class='ocrx_word' id='word_1_285' title='bbox 2355 1098 2441 1142; x_wconf 90' lang='lat' dir='ltr'><strong>est</strong></span> <span class='ocrx_word' id='word_1_286' title='bbox 2483 1088 2767 1142; x_wconf 87' lang='lat' dir='ltr'><strong>hominum</strong></span> <span class='ocrx_word' id='word_1_287' title='bbox 2810 1089 2904 1158; x_wconf 89' lang='lat' dir='ltr'><strong>qui</strong></span> <span class='ocrx_word' id='word_1_288' title='bbox 2937 1088 3087 1143; x_wconf 89' lang='lat' dir='ltr'><strong>omni</strong></span> <span class='ocrx_word' id='word_1_289' title='bbox 3117 1088 3321 1144; x_wconf 87' lang='lat' dir='ltr'><strong>invidia</strong></span> <span class='ocrx_word' id='word_1_290' title='bbox 3370 1091 3635 1161; x_wconf 85' lang='lat' dir='ltr'><strong>omnique</strong></span> 
     </span>
    </p>
   </div>
   <div class='ocr_carea' id='block_1_40' title="bbox 2044 1180 3635 1248">
    <p class='ocr_par' dir='ltr' id='par_1_40' title="bbox 2044 1180 3635 1248">
     <span class='ocr_line' id='line_1_40' title="bbox 2044 1180 3635 1248; baseline 0.002 -12"><span class='ocrx_word' id='word_1_291' title='bbox 2044 1180 2171 1236; x_wconf 91' lang='lat' dir='ltr'><strong>odio</strong></span> <span class='ocrx_word' id='word_1_292' title='bbox 2201 1190 2333 1236; x_wconf 91' lang='lat' dir='ltr'><strong>sunt</strong></span> <span class='ocrx_word' id='word_1_293' title='bbox 2359 1181 2648 1245; x_wconf 87' lang='lat' dir='ltr'><strong>immunes,</strong></span> <span class='ocrx_word' id='word_1_294' title='bbox 2693 1181 3017 1235; x_wconf 86' lang='lat' dir='ltr'><strong>charitatem</strong></span> <span class='ocrx_word' id='word_1_295' title='bbox 3074 1182 3521 1248; x_wconf 77' lang='lat' dir='ltr'><strong>vero,sinceram</strong></span> <span class='ocrx_word' id='word_1_296' title='bbox 3569 1198 3635 1239; x_wconf 85' lang='lat' dir='ltr'><strong>ac</strong></span> 
     </span>
    </p>
   </div>
   <div class='ocr_carea' id='block_1_41' title="bbox 2045 1274 3635 1344">
    <p class='ocr_par' dir='ltr' id='par_1_41' title="bbox 2045 1274 3635 1344">
     <span class='ocr_line' id='line_1_41' title="bbox 2045 1274 3635 1344; baseline 0.001 -17"><span class='ocrx_word' id='word_1_297' title='bbox 2045 1274 2338 1336; x_wconf 83' lang='lat' dir='ltr'><strong>perfectam</strong></span> <span class='ocrx_word' id='word_1_298' title='bbox 2370 1289 2500 1342; x_wconf 87' lang='lat' dir='ltr'><strong>erga</strong></span> <span class='ocrx_word' id='word_1_299' title='bbox 2545 1274 2755 1329; x_wconf 83' lang='lat' dir='ltr'><strong>similes</strong></span> <span class='ocrx_word' id='word_1_300' title='bbox 2789 1275 3131 1339; x_wconf 86' lang='lat' dir='ltr'><strong>ostendunt,</strong></span> <span class='ocrx_word' id='word_1_301' title='bbox 3165 1275 3309 1344; x_wconf 89' lang='lat' dir='ltr'><strong>quod</strong></span> <span class='ocrx_word' id='word_1_302' title='bbox 3358 1285 3441 1328; x_wconf 90' lang='lat' dir='ltr'><strong>est</strong></span> <span class='ocrx_word' id='word_1_303' title='bbox 3479 1290 3635 1328; x_wconf 88' lang='lat' dir='ltr'><strong>sum-</strong></span> 
     </span>
    </p>
   </div>
   <div class='ocr_carea' id='block_1_42' title="bbox 2047 1364 3633 1438">
    <p class='ocr_par' dir='ltr' id='par_1_42' title="bbox 2047 1364 3633 1438">
     <span class='ocr_line' id='line_1_42' title="bbox 2047 1364 3633 1438; baseline -0.001 -16"><span class='ocrx_word' id='word_1_304' title='bbox 2047 1383 2194 1422; x_wconf 86' lang='lat' dir='ltr'><strong>mam</strong></span> <span class='ocrx_word' id='word_1_305' title='bbox 2229 1366 2484 1436; x_wconf 72' lang='lat' dir='ltr'><strong>attigisse</strong></span> <span class='ocrx_word' id='word_1_306' title='bbox 2531 1366 2959 1436; x_wconf 69' lang='lat' dir='ltr'><strong>philosOphiam.</strong></span> <span class='ocrx_word' id='word_1_307' title='bbox 3011 1364 3248 1422; x_wconf 86' lang='lat' dir='ltr'><strong>Necesse</strong></span> <span class='ocrx_word' id='word_1_308' title='bbox 3283 1368 3517 1438; x_wconf 89' lang='lat' dir='ltr'><strong>proinde</strong></span> <span class='ocrx_word' id='word_1_309' title='bbox 3549 1377 3633 1422; x_wconf 89' lang='lat' dir='ltr'><strong>est</strong></span> 
     </span>
    </p>
   </div>
   <div class='ocr_carea' id='block_1_43' title="bbox 2045 1460 3633 1530">
    <p class='ocr_par' dir='ltr' id='par_1_43' title="bbox 2045 1460 3633 1530">
     <span class='ocr_line' id='line_1_43' title="bbox 2045 1460 3633 1530; baseline -0.001 -14"><span class='ocrx_word' id='word_1_310' title='bbox 2045 1461 2192 1524; x_wconf 90' lang='lat' dir='ltr'><strong>illos,</strong></span> <span class='ocrx_word' id='word_1_311' title='bbox 2221 1461 2420 1530; x_wconf 82' lang='lat' dir='ltr'><strong>quibus</strong></span> <span class='ocrx_word' id='word_1_312' title='bbox 2450 1460 2597 1516; x_wconf 90' lang='lat' dir='ltr'><strong>istud</strong></span> <span class='ocrx_word' id='word_1_313' title='bbox 2629 1461 2898 1530; x_wconf 88' lang='lat' dir='ltr'><strong>contingit</strong></span> <span class='ocrx_word' id='word_1_314' title='bbox 2923 1461 3206 1529; x_wconf 81' lang='lat' dir='ltr'><strong>gaudium,</strong></span> <span class='ocrx_word' id='word_1_315' title='bbox 3231 1462 3476 1515; x_wconf 89' lang='lat' dir='ltr'><strong>omnium</strong></span> <span class='ocrx_word' id='word_1_316' title='bbox 3510 1475 3633 1515; x_wconf 89' lang='lat' dir='ltr'><strong>esse</strong></span> 
     </span>
    </p>
   </div>
   <div class='ocr_carea' id='block_1_44' title="bbox 2042 1552 3632 1624">
    <p class='ocr_par' dir='ltr' id='par_1_44' title="bbox 2042 1552 3632 1624">
     <span class='ocr_line' id='line_1_44' title="bbox 2042 1552 3632 1624; baseline -0.001 -16"><span class='ocrx_word' id='word_1_317' title='bbox 2042 1554 2287 1624; x_wconf 80' lang='lat' dir='ltr'><strong>optimos</strong></span> <span class='ocrx_word' id='word_1_318' title='bbox 2306 1568 2371 1608; x_wconf 87' lang='lat' dir='ltr'><strong>ac</strong></span> <span class='ocrx_word' id='word_1_319' title='bbox 2397 1552 2858 1622; x_wconf 86' lang='lat' dir='ltr'><strong>sapientissimos,</strong></span> <span class='ocrx_word' id='word_1_320' title='bbox 2882 1554 2966 1608; x_wconf 88' lang='lat' dir='ltr'><strong>his</strong></span> <span class='ocrx_word' id='word_1_321' title='bbox 2995 1562 3176 1607; x_wconf 90' lang='lat' dir='ltr'><strong>autem</strong></span> <span class='ocrx_word' id='word_1_322' title='bbox 3209 1553 3458 1607; x_wconf 88' lang='lat' dir='ltr'><strong>omnium</strong></span> <span class='ocrx_word' id='word_1_323' title='bbox 3486 1553 3632 1621; x_wconf 90' lang='lat' dir='ltr'><strong>opti-</strong></span> 
     </span>
    </p>
   </div>
   <div class='ocr_carea' id='block_1_45' title="bbox 2044 1643 3629 1714">
    <p class='ocr_par' dir='ltr' id='par_1_45' title="bbox 2044 1643 3629 1714">
     <span class='ocr_line' id='line_1_45' title="bbox 2044 1643 3629 1714; baseline 0 -16"><span class='ocrx_word' id='word_1_324' title='bbox 2044 1646 2147 1701; x_wconf 87' lang='lat' dir='ltr'><strong>mis</strong></span> <span class='ocrx_word' id='word_1_325' title='bbox 2189 1654 2243 1699; x_wconf 88' lang='lat' dir='ltr'><strong>et</strong></span> <span class='ocrx_word' id='word_1_326' title='bbox 2306 1643 2734 1714; x_wconf 87' lang='lat' dir='ltr'><strong>sapientissimis</strong></span> <span class='ocrx_word' id='word_1_327' title='bbox 2779 1645 2923 1698; x_wconf 82' lang='lat' dir='ltr'><strong>istud</strong></span> <span class='ocrx_word' id='word_1_328' title='bbox 2981 1644 3301 1714; x_wconf 79' lang='lat' dir='ltr'><strong>contingere</strong></span> <span class='ocrx_word' id='word_1_329' title='bbox 3343 1645 3629 1714; x_wconf 85' lang='lat' dir='ltr'><strong>gaudium.</strong></span> 
     </span>
    </p>
   </div>
   <div class='ocr_carea' id='block_1_46' title="bbox 2044 1735 3634 1804">
    <p class='ocr_par' dir='ltr' id='par_1_46' title="bbox 2044 1735 3634 1804">
     <span class='ocr_line' id='line_1_46' title="bbox 2044 1735 3634 1804; baseline -0.001 -11"><span class='ocrx_word' id='word_1_330' title='bbox 2044 1739 2401 1803; x_wconf 78' lang='lat' dir='ltr'><strong>Consequens</strong></span> <span class='ocrx_word' id='word_1_331' title='bbox 2433 1746 2515 1791; x_wconf 85' lang='lat' dir='ltr'><strong>est</strong></span> <span class='ocrx_word' id='word_1_332' title='bbox 2547 1735 2692 1790; x_wconf 91' lang='lat' dir='ltr'><strong>enim</strong></span> <span class='ocrx_word' id='word_1_333' title='bbox 2726 1736 2852 1790; x_wconf 85' lang='lat' dir='ltr'><strong>boni</strong></span> <span class='ocrx_word' id='word_1_334' title='bbox 2886 1737 3175 1804; x_wconf 82' lang='lat' dir='ltr'><strong>participes</strong></span> <span class='ocrx_word' id='word_1_335' title='bbox 3207 1737 3334 1792; x_wconf 84' lang='lat' dir='ltr'><strong>boni</strong></span> <span class='ocrx_word' id='word_1_336' title='bbox 3361 1747 3634 1793; x_wconf 89' lang='lat' dir='ltr'><strong>monstra-</strong></span> 
     </span>
    </p>
   </div>
   <div class='ocr_carea' id='block_1_47' title="bbox 2046 1829 3633 1896">
    <p class='ocr_par' dir='ltr' id='par_1_47' title="bbox 2046 1829 3633 1896">
     <span class='ocr_line' id='line_1_47' title="bbox 2046 1829 3633 1896; baseline -0.001 -12"><span class='ocrx_word' id='word_1_337' title='bbox 2046 1846 2105 1884; x_wconf 90' lang='lat' dir='ltr'><strong>re</strong></span> <span class='ocrx_word' id='word_1_338' title='bbox 2136 1839 2390 1883; x_wconf 88' lang='lat' dir='ltr'><strong>naturam</strong></span> <span class='ocrx_word' id='word_1_339' title='bbox 2419 1829 2472 1882; x_wconf 92' lang='lat' dir='ltr'><strong>in</strong></span> <span class='ocrx_word' id='word_1_340' title='bbox 2509 1829 2724 1896; x_wconf 88' lang='lat' dir='ltr'><strong>anima;</strong></span> <span class='ocrx_word' id='word_1_341' title='bbox 2753 1829 2912 1884; x_wconf 84' lang='lat' dir='ltr'><strong>istius</strong></span> <span class='ocrx_word' id='word_1_342' title='bbox 2944 1839 3130 1884; x_wconf 88' lang='lat' dir='ltr'><strong>autem</strong></span> <span class='ocrx_word' id='word_1_343' title='bbox 3170 1831 3296 1884; x_wconf 92' lang='lat' dir='ltr'><strong>boni</strong></span> <span class='ocrx_word' id='word_1_344' title='bbox 3321 1839 3514 1885; x_wconf 87' lang='lat' dir='ltr'><strong>natura</strong></span> <span class='ocrx_word' id='word_1_345' title='bbox 3549 1839 3633 1884; x_wconf 86' lang='lat' dir='ltr'><strong>est</strong></span> 
     </span>
    </p>
   </div>
   <div class='ocr_carea' id='block_1_48' title="bbox 2044 1920 3631 1977">
    <p class='ocr_par' dir='ltr' id='par_1_48' title="bbox 2044 1920 3631 1977">
     <span class='ocr_line' id='line_1_48' title="bbox 2044 1920 3631 1977; baseline 0 -1"><span class='ocrx_word' id='word_1_346' title='bbox 2044 1920 2247 1976; x_wconf 81' lang='lat' dir='ltr'><strong>effundi</strong></span> <span class='ocrx_word' id='word_1_347' title='bbox 2301 1930 2356 1975; x_wconf 90' lang='lat' dir='ltr'><strong>et</strong></span> <span class='ocrx_word' id='word_1_348' title='bbox 2408 1921 2831 1976; x_wconf 87' lang='lat' dir='ltr'><strong>communicari.</strong></span> <span class='ocrx_word' id='word_1_349' title='bbox 2889 1920 3046 1976; x_wconf 83' lang='lat' dir='ltr'><strong>Sicut</strong></span> <span class='ocrx_word' id='word_1_350' title='bbox 3077 1921 3224 1976; x_wconf 91' lang='lat' dir='ltr'><strong>enim</strong></span> <span class='ocrx_word' id='word_1_351' title='bbox 3255 1921 3405 1977; x_wconf 89' lang='lat' dir='ltr'><strong>illius</strong></span> <span class='ocrx_word' id='word_1_352' title='bbox 3433 1933 3631 1976; x_wconf 89' lang='lat' dir='ltr'><strong>cuncta</strong></span> 
     </span>
    </p>
   </div>
   <div class='ocr_carea' id='block_1_49' title="bbox 2044 2011 3631 2080">
    <p class='ocr_par' dir='ltr' id='par_1_49' title="bbox 2044 2011 3631 2080">
     <span class='ocr_line' id='line_1_49' title="bbox 2044 2011 3631 2080; baseline -0.003 -14"><span class='ocrx_word' id='word_1_353' title='bbox 2044 2011 2378 2076; x_wconf 81' lang='lat' dir='ltr'><strong>desiderant.</strong></span> <span class='ocrx_word' id='word_1_354' title='bbox 2412 2011 2493 2066; x_wconf 92' lang='lat' dir='ltr'><strong>sic</strong></span> <span class='ocrx_word' id='word_1_355' title='bbox 2540 2020 2594 2066; x_wconf 92' lang='lat' dir='ltr'><strong>et</strong></span> <span class='ocrx_word' id='word_1_356' title='bbox 2625 2011 2804 2080; x_wconf 85' lang='lat' dir='ltr'><strong>ipsum</strong></span> <span class='ocrx_word' id='word_1_357' title='bbox 2848 2021 3037 2066; x_wconf 78' lang='lat' dir='ltr'><strong>tratum</strong></span> <span class='ocrx_word' id='word_1_358' title='bbox 3086 2020 3170 2067; x_wconf 89' lang='lat' dir='ltr'><strong>est</strong></span> <span class='ocrx_word' id='word_1_359' title='bbox 3197 2013 3265 2066; x_wconf 87' lang='lat' dir='ltr'><strong>ad</strong></span> <span class='ocrx_word' id='word_1_360' title='bbox 3296 2013 3478 2066; x_wconf 89' lang='lat' dir='ltr'><strong>omnia</strong></span> <span class='ocrx_word' id='word_1_361' title='bbox 3514 2027 3631 2066; x_wconf 88' lang='lat' dir='ltr'><strong>an:-</strong></span> 
     </span>
    </p>
   </div>
   <div class='ocr_carea' id='block_1_50' title="bbox 2045 2104 3628 2174">
    <p class='ocr_par' dir='ltr' id='par_1_50' title="bbox 2045 2104 3628 2174">
     <span class='ocr_line' id='line_1_50' title="bbox 2045 2104 3628 2174; baseline -0.001 -16"><span class='ocrx_word' id='word_1_362' title='bbox 2045 2104 2390 2174; x_wconf 84' lang='lat' dir='ltr'><strong>plcctendum</strong></span> <span class='ocrx_word' id='word_1_363' title='bbox 2422 2123 2436 2158; x_wconf 89' lang='lat'><strong>:</strong></span> <span class='ocrx_word' id='word_1_364' title='bbox 2465 2119 2593 2158; x_wconf 88' lang='lat' dir='ltr'><strong>nam</strong></span> <span class='ocrx_word' id='word_1_365' title='bbox 2617 2104 2800 2159; x_wconf 87' lang='lat' dir='ltr'><strong>omnia</strong></span> <span class='ocrx_word' id='word_1_366' title='bbox 2831 2105 2981 2160; x_wconf 82' lang='lat' dir='ltr'><strong>illius</strong></span> <span class='ocrx_word' id='word_1_367' title='bbox 3002 2106 3247 2160; x_wconf 90' lang='lat' dir='ltr'><strong>obtinere</strong></span> <span class='ocrx_word' id='word_1_368' title='bbox 3275 2120 3382 2158; x_wconf 89' lang='lat' dir='ltr'><strong>non</strong></span> <span class='ocrx_word' id='word_1_369' title='bbox 3418 2105 3628 2159; x_wconf 27' lang='lat' dir='ltr'><strong>desides</strong></span> 
     </span>
    </p>
   </div>
   <div class='ocr_carea' id='block_1_51' title="bbox 2042 2195 3628 2265">
    <p class='ocr_par' dir='ltr' id='par_1_51' title="bbox 2042 2195 3628 2265">
     <span class='ocr_line' id='line_1_51' title="bbox 2042 2195 3628 2265; baseline -0.004 -13"><span class='ocrx_word' id='word_1_370' title='bbox 2042 2207 2250 2258; x_wconf 86' lang='lat' dir='ltr'><strong>rarent,</strong></span> <span class='ocrx_word' id='word_1_371' title='bbox 2283 2196 2387 2250; x_wconf 89' lang='lat' dir='ltr'><strong>nisi</strong></span> <span class='ocrx_word' id='word_1_372' title='bbox 2417 2196 2631 2251; x_wconf 86' lang='lat' dir='ltr'><strong>cunctis</strong></span> <span class='ocrx_word' id='word_1_373' title='bbox 2662 2196 2900 2265; x_wconf 89' lang='lat' dir='ltr'><strong>seipsum</strong></span> <span class='ocrx_word' id='word_1_374' title='bbox 2927 2195 3190 2264; x_wconf 60' lang='lat' dir='ltr'><strong>praeberet</strong></span> <span class='ocrx_word' id='word_1_375' title='bbox 3215 2213 3230 2249; x_wconf 89' lang='lat'><strong>:</strong></span> <span class='ocrx_word' id='word_1_376' title='bbox 3255 2211 3453 2250; x_wconf 88' lang='lat' dir='ltr'><strong>vanum</strong></span> <span class='ocrx_word' id='word_1_377' title='bbox 3483 2197 3628 2249; x_wconf 90' lang='lat' dir='ltr'><strong>enim</strong></span> 
     </span>
    </p>
   </div>
   <div class='ocr_carea' id='block_1_52' title="bbox 2044 2288 3620 2350">
    <p class='ocr_par' dir='ltr' id='par_1_52' title="bbox 2044 2288 3620 2350">
     <span class='ocr_line' id='line_1_52' title="bbox 2044 2288 3620 2350; baseline -0.003 -4"><span class='ocrx_word' id='word_1_378' title='bbox 2044 2305 2168 2346; x_wconf 83' lang='lat' dir='ltr'><strong>esse</strong></span> <span class='ocrx_word' id='word_1_379' title='bbox 2201 2288 2529 2344; x_wconf 85' lang='lat' dir='ltr'><strong>desiderium</strong></span> <span class='ocrx_word' id='word_1_380' title='bbox 2560 2289 2692 2342; x_wconf 91' lang='lat' dir='ltr'><strong>illud</strong></span> <span class='ocrx_word' id='word_1_381' title='bbox 2740 2289 3282 2350; x_wconf 88' lang='lat' dir='ltr'><strong>communissimum,</strong></span> <span class='ocrx_word' id='word_1_382' title='bbox 3323 2305 3452 2343; x_wconf 89' lang='lat' dir='ltr'><strong>num</strong></span> <span class='ocrx_word' id='word_1_383' title='bbox 3491 2289 3620 2343; x_wconf 78' lang='lat' dir='ltr'><strong>veri-</strong></span> 
     </span>
    </p>
   </div>
   <div class='ocr_carea' id='block_1_53' title="bbox 2047 2379 3631 2449">
    <p class='ocr_par' dir='ltr' id='par_1_53' title="bbox 2047 2379 3631 2449">
     <span class='ocr_line' id='line_1_53' title="bbox 2047 2379 3631 2449; baseline -0.004 -11"><span class='ocrx_word' id='word_1_384' title='bbox 2047 2382 2226 2438; x_wconf 87' lang='lat' dir='ltr'><strong>simile</strong></span> <span class='ocrx_word' id='word_1_385' title='bbox 2254 2381 2378 2436; x_wconf 82' lang='lat' dir='ltr'><strong>est?</strong></span> <span class='ocrx_word' id='word_1_386' title='bbox 2399 2381 2551 2436; x_wconf 90' lang='lat' dir='ltr'><strong>Unde</strong></span> <span class='ocrx_word' id='word_1_387' title='bbox 2572 2379 2712 2449; x_wconf 85' lang='lat' dir='ltr'><strong>frugi</strong></span> <span class='ocrx_word' id='word_1_388' title='bbox 2741 2380 3014 2448; x_wconf 84' lang='lat' dir='ltr'><strong>hominem</strong></span> <span class='ocrx_word' id='word_1_389' title='bbox 3033 2379 3176 2433; x_wconf 87' lang='lat' dir='ltr'><strong>sicut</strong></span> <span class='ocrx_word' id='word_1_390' title='bbox 3199 2380 3300 2435; x_wconf 88' lang='lat' dir='ltr'><strong>sibi</strong></span> <span class='ocrx_word' id='word_1_391' title='bbox 3327 2381 3453 2449; x_wconf 87' lang='lat' dir='ltr'><strong>ipsi,</strong></span> <span class='ocrx_word' id='word_1_392' title='bbox 3473 2381 3550 2434; x_wconf 88' lang='lat' dir='ltr'><strong>sic</strong></span> <span class='ocrx_word' id='word_1_393' title='bbox 3577 2389 3631 2433; x_wconf 87' lang='lat' dir='ltr'><strong>ct</strong></span> 
     </span>
    </p>
   </div>
   <div class='ocr_carea' id='block_1_54' title="bbox 2046 2469 3631 2540">
    <p class='ocr_par' dir='ltr' id='par_1_54' title="bbox 2046 2469 3631 2540">
     <span class='ocr_line' id='line_1_54' title="bbox 2046 2469 3631 2540; baseline -0.001 -14"><span class='ocrx_word' id='word_1_394' title='bbox 2046 2472 2300 2527; x_wconf 84' lang='lat' dir='ltr'><strong>omnibus</strong></span> <span class='ocrx_word' id='word_1_395' title='bbox 2331 2486 2388 2525; x_wconf 91' lang='lat' dir='ltr'><strong>se</strong></span> <span class='ocrx_word' id='word_1_396' title='bbox 2421 2470 2683 2540; x_wconf 67' lang='lat' dir='ltr'><strong>prmbcre,</strong></span> <span class='ocrx_word' id='word_1_397' title='bbox 2735 2469 2988 2524; x_wconf 76' lang='lat' dir='ltr'><strong>bonitatis</strong></span> <span class='ocrx_word' id='word_1_398' title='bbox 3039 2469 3178 2523; x_wconf 84' lang='lat' dir='ltr'><strong>ratio</strong></span> <span class='ocrx_word' id='word_1_399' title='bbox 3225 2469 3484 2538; x_wconf 65' lang='lat' dir='ltr'><strong>reposcit,</strong></span> <span class='ocrx_word' id='word_1_400' title='bbox 3530 2485 3631 2524; x_wconf 86' lang='lat' dir='ltr'><strong>nec</strong></span> 
     </span>
    </p>
   </div>
   <div class='ocr_carea' id='block_1_55' title="bbox 2047 2562 3626 2633">
    <p class='ocr_par' dir='ltr' id='par_1_55' title="bbox 2047 2562 3626 2633">
     <span class='ocr_line' id='line_1_55' title="bbox 2047 2562 3626 2633; baseline -0.003 -13"><span class='ocrx_word' id='word_1_401' title='bbox 2047 2581 2154 2620; x_wconf 89' lang='lat' dir='ltr'><strong>non</strong></span> <span class='ocrx_word' id='word_1_402' title='bbox 2187 2565 2393 2628; x_wconf 81' lang='lat' dir='ltr'><strong>dolere,</strong></span> <span class='ocrx_word' id='word_1_403' title='bbox 2424 2564 2616 2624; x_wconf 66' lang='lat' dir='ltr'><strong>lauari.</strong></span> <span class='ocrx_word' id='word_1_404' title='bbox 2643 2564 2918 2633; x_wconf 87' lang='lat' dir='ltr'><strong>aliamque</strong></span> <span class='ocrx_word' id='word_1_405' title='bbox 2950 2563 3252 2632; x_wconf 86' lang='lat' dir='ltr'><strong>quamlibet</strong></span> <span class='ocrx_word' id='word_1_406' title='bbox 3282 2562 3626 2618; x_wconf 72' lang='lat' dir='ltr'><strong>affectionem</strong></span> 
     </span>
    </p>
   </div>
   <div class='ocr_carea' id='block_1_56' title="bbox 2043 2652 3629 2722">
    <p class='ocr_par' dir='ltr' id='par_1_56' title="bbox 2043 2652 3629 2722">
     <span class='ocr_line' id='line_1_56' title="bbox 2043 2652 3629 2722; baseline -0.001 -14"><span class='ocrx_word' id='word_1_407' title='bbox 2043 2654 2112 2708; x_wconf 89' lang='lat' dir='ltr'><strong>ad</strong></span> <span class='ocrx_word' id='word_1_408' title='bbox 2147 2669 2234 2708; x_wconf 86' lang='lat' dir='ltr'><strong>res</strong></span> <span class='ocrx_word' id='word_1_409' title='bbox 2258 2654 2488 2708; x_wconf 85' lang='lat' dir='ltr'><strong>aliorum</strong></span> <span class='ocrx_word' id='word_1_410' title='bbox 2531 2669 2639 2707; x_wconf 90' lang='lat' dir='ltr'><strong>non</strong></span> <span class='ocrx_word' id='word_1_411' title='bbox 2685 2654 2868 2707; x_wconf 90' lang='lat' dir='ltr'><strong>minus</strong></span> <span class='ocrx_word' id='word_1_412' title='bbox 2911 2662 3076 2722; x_wconf 89' lang='lat' dir='ltr'><strong>atque</strong></span> <span class='ocrx_word' id='word_1_413' title='bbox 3108 2652 3175 2705; x_wconf 85' lang='lat' dir='ltr'><strong>ad</strong></span> <span class='ocrx_word' id='word_1_414' title='bbox 3208 2667 3339 2707; x_wconf 87' lang='lat' dir='ltr'><strong>suas</strong></span> <span class='ocrx_word' id='word_1_415' title='bbox 3369 2652 3629 2722; x_wconf 81' lang='lat' dir='ltr'><strong>experiri.</strong></span> 
     </span>
    </p>
   </div>
   <div class='ocr_carea' id='block_1_57' title="bbox 2042 2743 3628 2814">
    <p class='ocr_par' dir='ltr' id='par_1_57' title="bbox 2042 2743 3628 2814">
     <span class='ocr_line' id='line_1_57' title="bbox 2042 2743 3628 2814; baseline -0.003 -16"><span class='ocrx_word' id='word_1_416' title='bbox 2042 2745 2278 2799; x_wconf 78' lang='lat' dir='ltr'><strong>Aliunde</strong></span> <span class='ocrx_word' id='word_1_417' title='bbox 2317 2743 2407 2799; x_wconf 83' lang='lat' dir='ltr'><strong>Dei</strong></span> <span class='ocrx_word' id='word_1_418' title='bbox 2466 2745 2725 2813; x_wconf 87' lang='lat' dir='ltr'><strong>philtrum</strong></span> <span class='ocrx_word' id='word_1_419' title='bbox 2782 2758 3036 2814; x_wconf 88' lang='lat' dir='ltr'><strong>magnam</strong></span> <span class='ocrx_word' id='word_1_420' title='bbox 3078 2743 3154 2798; x_wconf 89' lang='lat' dir='ltr'><strong>illi</strong></span> <span class='ocrx_word' id='word_1_421' title='bbox 3199 2743 3440 2814; x_wconf 75' lang='lat' dir='ltr'><strong>suggerit</strong></span> <span class='ocrx_word' id='word_1_422' title='bbox 3491 2743 3628 2796; x_wconf 73' lang='lat' dir='ltr'><strong>lacti-</strong></span> 
     </span>
    </p>
   </div>
   <div class='ocr_carea' id='block_1_58' title="bbox 2043 2835 3630 2906">
    <p class='ocr_par' dir='ltr' id='par_1_58' title="bbox 2043 2835 3630 2906">
     <span class='ocr_line' id='line_1_58' title="bbox 2043 2835 3630 2906; baseline 0.001 -15"><span class='ocrx_word' id='word_1_423' title='bbox 2043 2837 2212 2892; x_wconf 87' lang='lat' dir='ltr'><strong>tiam:</strong></span> <span class='ocrx_word' id='word_1_424' title='bbox 2245 2852 2352 2891; x_wconf 89' lang='lat' dir='ltr'><strong>non</strong></span> <span class='ocrx_word' id='word_1_425' title='bbox 2393 2837 2538 2892; x_wconf 88' lang='lat' dir='ltr'><strong>enim</strong></span> <span class='ocrx_word' id='word_1_426' title='bbox 2587 2836 2786 2891; x_wconf 88' lang='lat' dir='ltr'><strong>dilecto</strong></span> <span class='ocrx_word' id='word_1_427' title='bbox 2817 2845 3051 2903; x_wconf 85' lang='lat' dir='ltr'><strong>tantum,</strong></span> <span class='ocrx_word' id='word_1_428' title='bbox 3083 2837 3370 2890; x_wconf 86' lang='lat' dir='ltr'><strong>sed-etiam</strong></span> <span class='ocrx_word' id='word_1_429' title='bbox 3426 2835 3630 2906; x_wconf 85' lang='lat' dir='ltr'><strong>quibus</strong></span> 
     </span>
    </p>
   </div>
   <div class='ocr_carea' id='block_1_59' title="bbox 2045 2925 3457 2996">
    <p class='ocr_par' dir='ltr' id='par_1_59' title="bbox 2045 2925 3457 2996">
     <span class='ocr_line' id='line_1_59' title="bbox 2045 2925 3457 2996; baseline -0.001 -16"><span class='ocrx_word' id='word_1_430' title='bbox 2045 2925 2164 2994; x_wconf 89' lang='lat' dir='ltr'><strong>ipse</strong></span> <span class='ocrx_word' id='word_1_431' title='bbox 2195 2925 2416 2996; x_wconf 82' lang='lat' dir='ltr'><strong>gaudet,</strong></span> <span class='ocrx_word' id='word_1_432' title='bbox 2449 2925 2798 2996; x_wconf 76' lang='lat' dir='ltr'><strong>congaudere</strong></span> <span class='ocrx_word' id='word_1_433' title='bbox 2829 2939 3052 2980; x_wconf 86' lang='lat' dir='ltr'><strong>necesse</strong></span> <span class='ocrx_word' id='word_1_434' title='bbox 3083 2933 3166 2979; x_wconf 87' lang='lat' dir='ltr'><strong>est</strong></span> <span class='ocrx_word' id='word_1_435' title='bbox 3197 2926 3457 2980; x_wconf 86' lang='lat' dir='ltr'><strong>amicum.</strong></span> 
     </span>
    </p>
   </div>
   <div class='ocr_carea' id='block_1_60' title="bbox 366 2999 3629 3091">
    <p class='ocr_par' dir='ltr' id='par_1_60' title="bbox 366 2999 3629 3091">
     <span class='ocr_line' id='line_1_60' title="bbox 366 2999 3629 3091; baseline 0.006 -40"><span class='ocrx_word' id='word_1_436' title='bbox 366 2999 497 3054; x_wconf 81' lang='grc' dir='ltr'><strong>Θεοῦ</strong></span> <span class='ocrx_word' id='word_1_437' title='bbox 529 3004 749 3077; x_wconf 80' lang='grc' dir='ltr'>φίλτρον</span> <span class='ocrx_word' id='word_1_438' title='bbox 773 3007 982 3080; x_wconf 88' lang='grc' dir='ltr'><strong>ταύτην</strong></span> <span class='ocrx_word' id='word_1_439' title='bbox 1035 3011 1201 3065; x_wconf 83' lang='grc' dir='ltr'><strong>αὐτὸν</strong></span> <span class='ocrx_word' id='word_1_440' title='bbox 1229 3013 1524 3082; x_wconf 72' lang='grc' dir='ltr'><strong>ἐργάζεται</strong></span> <span class='ocrx_word' id='word_1_441' title='bbox 1567 3014 1667 3086; x_wconf 82' lang='grc' dir='ltr'><strong>τὴν</strong></span> <span class='ocrx_word' id='word_1_442' title='bbox 1727 3019 1943 3087; x_wconf 85' lang='grc' dir='ltr'><strong>χαράν·</strong></span> <span class='ocrx_word' id='word_1_443' title='bbox 2019 3019 2082 3072; x_wconf 87' lang='grc' dir='ltr'><strong>ού</strong></span> <span class='ocrx_word' id='word_1_444' title='bbox 2119 3019 2228 3091; x_wconf 80' lang='grc' dir='ltr'><strong>γὰρ</strong></span> <span class='ocrx_word' id='word_1_445' title='bbox 2297 3020 2447 3090; x_wconf 82' lang='grc' dir='ltr'><strong>αύτῷ</strong></span> <span class='ocrx_word' id='word_1_446' title='bbox 2487 3028 2564 3090; x_wconf 83' lang='grc' dir='ltr'><strong>τῷ</strong></span> <span class='ocrx_word' id='word_1_447' title='bbox 2619 3020 2930 3091; x_wconf 80' lang='grc' dir='ltr'>φιλουμένῳ</span> <span class='ocrx_word' id='word_1_448' title='bbox 2977 3019 3160 3090; x_wconf 87' lang='grc' dir='ltr'><strong>μόνον,</strong></span> <span class='ocrx_word' id='word_1_449' title='bbox 3219 3018 3359 3073; x_wconf 87' lang='grc' dir='ltr'><strong>ἀ).λά</strong></span> <span class='ocrx_word' id='word_1_450' title='bbox 3405 3017 3502 3072; x_wconf 78' lang='grc' dir='ltr'><strong>καὶ</strong></span> <span class='ocrx_word' id='word_1_451' title='bbox 3544 3013 3629 3080; x_wconf 74' lang='grc' dir='ltr'>οἷς</span> 
     </span>
    </p>
   </div>
   <div class='ocr_carea' id='block_1_61' title="bbox 359 3099 1646 3184">
    <p class='ocr_par' dir='ltr' id='par_1_61' title="bbox 359 3099 1646 3184">
     <span class='ocr_line' id='line_1_61' title="bbox 359 3099 1646 3184; baseline 0.012 -33"><span class='ocrx_word' id='word_1_452' title='bbox 359 3099 518 3164; x_wconf 82' lang='grc' dir='ltr'><strong>αὐτὸς</strong></span> <span class='ocrx_word' id='word_1_453' title='bbox 544 3103 751 3174; x_wconf 84' lang='grc' dir='ltr'>χαίρει,</span> <span class='ocrx_word' id='word_1_454' title='bbox 776 3109 988 3177; x_wconf 82' lang='grc' dir='ltr'><strong>χαίρειν</strong></span> <span class='ocrx_word' id='word_1_455' title='bbox 1019 3108 1230 3180; x_wconf 83' lang='grc' dir='ltr'><strong>ἀνάγκη</strong></span> <span class='ocrx_word' id='word_1_456' title='bbox 1264 3110 1356 3164; x_wconf 79' lang='grc' dir='ltr'><strong>τὸν</strong></span> <span class='ocrx_word' id='word_1_457' title='bbox 1386 3112 1646 3184; x_wconf 70' lang='grc' dir='ltr'><strong>ἐραστήν.</strong></span> 
     </span>
    </p>
   </div>
   <div class='ocr_carea' id='block_1_62' title="bbox 435 3193 1943 3284">
    <p class='ocr_par' dir='ltr' id='par_1_62' title="bbox 435 3193 1936 3276">
     <span class='ocr_line' id='line_1_62' title="bbox 435 3193 1936 3276; baseline 0.008 -30"><span class='ocrx_word' id='word_1_458' title='bbox 435 3193 687 3265; x_wconf 83' lang='grc' dir='ltr'><strong>Ἥκομεν</strong></span> <span class='ocrx_word' id='word_1_459' title='bbox 712 3196 772 3250; x_wconf 79' lang='grc' dir='ltr'><strong>δὲ</strong></span> <span class='ocrx_word' id='word_1_460' title='bbox 802 3197 889 3251; x_wconf 72' lang='grc' dir='ltr'><strong>ἐπ’</strong></span> <span class='ocrx_word' id='word_1_461' title='bbox 915 3199 1084 3272; x_wconf 81' lang='grc' dir='ltr'><strong>αὐτὴν</strong></span> <span class='ocrx_word' id='word_1_462' title='bbox 1117 3201 1214 3273; x_wconf 73' lang='grc' dir='ltr'><strong>τὴν</strong></span> <span class='ocrx_word' id='word_1_463' title='bbox 1247 3202 1591 3276; x_wconf 81' lang='grc' dir='ltr'><strong>τελεωτάτην</strong></span> <span class='ocrx_word' id='word_1_464' title='bbox 1642 3205 1738 3261; x_wconf 81' lang='grc' dir='ltr'><strong>καὶ</strong></span> <span class='ocrx_word' id='word_1_465' title='bbox 1768 3205 1936 3260; x_wconf 90' lang='grc' dir='ltr'><strong>καθα-</strong></span> 
     </span>
    </p>
   </div>
   <div class='ocr_carea' id='block_1_63' title="bbox 2040 3193 3629 3284">
    <p class='ocr_par' dir='ltr' id='par_1_63' title="bbox 2113 3199 3629 3272">
     <span class='ocr_line' id='line_1_63' title="bbox 2113 3199 3629 3272; baseline -0.004 -14"><span class='ocrx_word' id='word_1_466' title='bbox 2113 3202 2377 3258; x_wconf 79' lang='lat' dir='ltr'><strong>Venimus</strong></span> <span class='ocrx_word' id='word_1_467' title='bbox 2401 3201 2514 3272; x_wconf 85' lang='lat' dir='ltr'><strong>jam</strong></span> <span class='ocrx_word' id='word_1_468' title='bbox 2546 3203 2612 3255; x_wconf 90' lang='lat' dir='ltr'><strong>ad</strong></span> <span class='ocrx_word' id='word_1_469' title='bbox 2660 3199 3116 3270; x_wconf 87' lang='lat' dir='ltr'><strong>perfectissimam</strong></span> <span class='ocrx_word' id='word_1_470' title='bbox 3153 3213 3218 3254; x_wconf 88' lang='lat' dir='ltr'><strong>ac</strong></span> <span class='ocrx_word' id='word_1_471' title='bbox 3249 3215 3440 3270; x_wconf 87' lang='lat' dir='ltr'><strong>puram</strong></span> <span class='ocrx_word' id='word_1_472' title='bbox 3471 3199 3629 3253; x_wconf 84' lang='lat' dir='ltr'><strong>volu-</strong></span> 
     </span>
    </p>
   </div>
   <div class='ocr_carea' id='block_1_64' title="bbox 366 3283 1943 3370">
    <p class='ocr_par' dir='ltr' id='par_1_64' title="bbox 366 3283 1932 3366">
     <span class='ocr_line' id='line_1_64' title="bbox 366 3283 1932 3366; baseline 0.01 -31"><span class='ocrx_word' id='word_1_473' title='bbox 366 3283 468 3350; x_wconf 77' lang='grc' dir='ltr'><strong>ράν</strong></span> <span class='ocrx_word' id='word_1_474' title='bbox 489 3284 702 3357; x_wconf 77' lang='grc' dir='ltr'><strong>ἡδονήν.</strong></span> <span class='ocrx_word' id='word_1_475' title='bbox 749 3288 903 3343; x_wconf 79' lang='grc' dir='ltr'><strong>Ἐπεὶ</strong></span> <span class='ocrx_word' id='word_1_476' title='bbox 923 3289 1036 3362; x_wconf 89' lang='grc' dir='ltr'><strong>γάρ</strong></span> <span class='ocrx_word' id='word_1_477' title='bbox 1073 3292 1165 3345; x_wconf 76' lang='grc' dir='ltr'><strong>τὸν</strong></span> <span class='ocrx_word' id='word_1_478' title='bbox 1199 3292 1332 3348; x_wconf 70' lang='grc' dir='ltr'><strong>Θεὸν</strong></span> <span class='ocrx_word' id='word_1_479' title='bbox 1382 3295 1530 3363; x_wconf 86' lang='grc' dir='ltr'><strong>φιλεί</strong></span> <span class='ocrx_word' id='word_1_480' title='bbox 1557 3295 1666 3366; x_wconf 76' lang='grc' dir='ltr'><strong>πρὸ</strong></span> <span class='ocrx_word' id='word_1_481' title='bbox 1712 3296 1932 3350; x_wconf 86' lang='grc' dir='ltr'><strong>πάντων</strong></span> 
     </span>
    </p>
   </div>
   <div class='ocr_carea' id='block_1_65' title="bbox 2040 3283 3620 3370">
    <p class='ocr_par' dir='ltr' id='par_1_65' title="bbox 2040 3289 3620 3370">
     <span class='ocr_line' id='line_1_65' title="bbox 2040 3289 3620 3370; baseline -0.006 -18"><span class='ocrx_word' id='word_1_482' title='bbox 2040 3304 2269 3370; x_wconf 86' lang='lat' dir='ltr'><strong>ptatem.</strong></span> <span class='ocrx_word' id='word_1_483' title='bbox 2298 3293 2435 3349; x_wconf 84' lang='lat' dir='ltr'><strong>Cum</strong></span> <span class='ocrx_word' id='word_1_484' title='bbox 2485 3293 2629 3348; x_wconf 88' lang='lat' dir='ltr'><strong>enim</strong></span> <span class='ocrx_word' id='word_1_485' title='bbox 2679 3291 2850 3347; x_wconf 88' lang='lat' dir='ltr'><strong>Deum</strong></span> <span class='ocrx_word' id='word_1_486' title='bbox 2902 3305 3012 3362; x_wconf 70' lang='lat' dir='ltr'><strong>pra!</strong></span> <span class='ocrx_word' id='word_1_487' title='bbox 3071 3289 3288 3346; x_wconf 91' lang='lat' dir='ltr'><strong>cunctis</strong></span> <span class='ocrx_word' id='word_1_488' title='bbox 3338 3289 3517 3360; x_wconf 77' lang='lat' dir='ltr'><strong>diligit</strong></span> <span class='ocrx_word' id='word_1_489' title='bbox 3567 3289 3620 3342; x_wconf 91' lang='lat' dir='ltr'><strong>in</strong></span> 
     </span>
    </p>
   </div>
   <div class='ocr_carea' id='block_1_66' title="bbox 360 3371 1932 3459">
    <p class='ocr_par' dir='ltr' id='par_1_66' title="bbox 360 3371 1932 3459">
     <span class='ocr_line' id='line_1_66' title="bbox 360 3371 1932 3459; baseline 0.01 -34"><span class='ocrx_word' id='word_1_490' title='bbox 360 3374 390 3425; x_wconf 88' lang='lat'><strong>6</strong></span> <span class='ocrx_word' id='word_1_491' title='bbox 442 3371 552 3437; x_wconf 78' lang='grc' dir='ltr'><strong>ζῶν</strong></span> <span class='ocrx_word' id='word_1_492' title='bbox 611 3376 670 3428; x_wconf 75' lang='grc' dir='ltr'><strong>ὲν</strong></span> <span class='ocrx_word' id='word_1_493' title='bbox 705 3377 855 3448; x_wconf 82' lang='grc' dir='ltr'><strong>αὐτῷ</strong></span> <span class='ocrx_word' id='word_1_494' title='bbox 898 3381 996 3433; x_wconf 77' lang='grc' dir='ltr'><strong>καὶ</strong></span> <span class='ocrx_word' id='word_1_495' title='bbox 1034 3383 1216 3453; x_wconf 87' lang='grc' dir='ltr'><strong>χαίρει</strong></span> <span class='ocrx_word' id='word_1_496' title='bbox 1268 3382 1368 3455; x_wconf 81' lang='grc' dir='ltr'><strong>τὴν</strong></span> <span class='ocrx_word' id='word_1_497' title='bbox 1399 3385 1695 3440; x_wconf 82' lang='grc' dir='ltr'><strong>ἀκόλουθον</strong></span> <span class='ocrx_word' id='word_1_498' title='bbox 1733 3387 1932 3459; x_wconf 83' lang='grc' dir='ltr'><strong>τοσῷδε</strong></span> 
     </span>
    </p>
   </div>
   <div class='ocr_carea' id='block_1_67' title="bbox 361 3463 1936 3549">
    <p class='ocr_par' dir='ltr' id='par_1_67' title="bbox 361 3463 1936 3549">
     <span class='ocr_line' id='line_1_67' title="bbox 361 3463 1936 3549; baseline 0.012 -35"><span class='ocrx_word' id='word_1_499' title='bbox 361 3463 572 3536; x_wconf 79' lang='grc' dir='ltr'>φίλτρῳ</span> <span class='ocrx_word' id='word_1_500' title='bbox 602 3469 798 3538; x_wconf 86' lang='grc' dir='ltr'><strong>χαράν,</strong></span> <span class='ocrx_word' id='word_1_501' title='bbox 827 3470 1030 3538; x_wconf 75' lang='grc' dir='ltr'><strong>μᾶλλον</strong></span> <span class='ocrx_word' id='word_1_502' title='bbox 1070 3473 1128 3526; x_wconf 69' lang='grc' dir='ltr'><strong>δι</strong></span> <span class='ocrx_word' id='word_1_503' title='bbox 1160 3474 1560 3548; x_wconf 78' lang='grc' dir='ltr'><strong>ἀκριϐέστερον</strong></span> <span class='ocrx_word' id='word_1_504' title='bbox 1587 3476 1656 3532; x_wconf 79' lang='grc' dir='ltr'><strong>ἂν</strong></span> <span class='ocrx_word' id='word_1_505' title='bbox 1684 3478 1772 3549; x_wconf 75' lang='grc' dir='ltr'><strong>εἴη</strong></span> <span class='ocrx_word' id='word_1_506' title='bbox 1799 3478 1936 3533; x_wconf 88' lang='grc' dir='ltr'><strong>θεω-</strong></span> 
     </span>
    </p>
   </div>
   <div class='ocr_carea' id='block_1_68' title="bbox 362 3557 1935 3641">
    <p class='ocr_par' dir='ltr' id='par_1_68' title="bbox 362 3557 1935 3641">
     <span class='ocr_line' id='line_1_68' title="bbox 362 3557 1935 3641; baseline 0.01 -32"><span class='ocrx_word' id='word_1_507' title='bbox 362 3557 559 3627; x_wconf 81' lang='grc' dir='ltr'><strong>ρητέον</strong></span> <span class='ocrx_word' id='word_1_508' title='bbox 587 3559 777 3632; x_wconf 80' lang='grc' dir='ltr'><strong>αὐτὴν,</strong></span> <span class='ocrx_word' id='word_1_509' title='bbox 823 3561 988 3634; x_wconf 70' lang='grc' dir='ltr'><strong>ἡλίκη</strong></span> <span class='ocrx_word' id='word_1_510' title='bbox 1041 3564 1126 3628; x_wconf 89' lang='grc' dir='ltr'><strong>τίς</strong></span> <span class='ocrx_word' id='word_1_511' title='bbox 1159 3567 1277 3620; x_wconf 68' lang='grc' dir='ltr'><strong>ἔστι</strong></span> <span class='ocrx_word' id='word_1_512' title='bbox 1310 3568 1407 3620; x_wconf 75' lang='grc' dir='ltr'><strong>καὶ</strong></span> <span class='ocrx_word' id='word_1_513' title='bbox 1456 3567 1602 3631; x_wconf 76' lang='grc' dir='ltr'><strong>ὅπως</strong></span> <span class='ocrx_word' id='word_1_514' title='bbox 1656 3569 1770 3641; x_wconf 75' lang='grc' dir='ltr'><strong>ἔχει</strong></span> <span class='ocrx_word' id='word_1_515' title='bbox 1809 3588 1935 3624; x_wconf 87' lang='grc' dir='ltr'><strong>σκο-</strong></span> 
     </span>
    </p>
   </div>
   <div class='ocr_carea' id='block_1_69' title="bbox 360 3649 1937 3730">
    <p class='ocr_par' dir='ltr' id='par_1_69' title="bbox 360 3649 1937 3730">
     <span class='ocr_line' id='line_1_69' title="bbox 360 3649 1937 3730; baseline 0.01 -29"><span class='ocrx_word' id='word_1_516' title='bbox 360 3649 624 3716; x_wconf 83' lang='grc' dir='ltr'><strong>ποῦντας.</strong></span> <span class='ocrx_word' id='word_1_517' title='bbox 651 3654 882 3724; x_wconf 83' lang='grc' dir='ltr'>Πρῶτον</span> <span class='ocrx_word' id='word_1_518' title='bbox 911 3656 1015 3725; x_wconf 78' lang='grc' dir='ltr'><strong>μὲν</strong></span> <span class='ocrx_word' id='word_1_519' title='bbox 1046 3658 1152 3730; x_wconf 80' lang='grc' dir='ltr'><strong>γὰρ</strong></span> <span class='ocrx_word' id='word_1_520' title='bbox 1177 3659 1275 3730; x_wconf 85' lang='grc' dir='ltr'><strong>οὐχ</strong></span> <span class='ocrx_word' id='word_1_521' title='bbox 1302 3659 1495 3714; x_wconf 69' lang='grc' dir='ltr'><strong>ἑαυτὸν</strong></span> <span class='ocrx_word' id='word_1_522' title='bbox 1513 3663 1706 3716; x_wconf 87' lang='grc' dir='ltr'><strong>-αίτίαν</strong></span> <span class='ocrx_word' id='word_1_523' title='bbox 1766 3667 1937 3717; x_wconf 85' lang='grc' dir='ltr'><strong>ποιεῖ-</strong></span> 
     </span>
    </p>
   </div>
   <div class='ocr_carea' id='block_1_70' title="bbox 317 3743 1935 3824">
    <p class='ocr_par' dir='ltr' id='par_1_70' title="bbox 317 3743 1935 3824">
     <span class='ocr_line' id='line_1_70' title="bbox 317 3743 1935 3824; baseline 0.01 -29"><span class='ocrx_word' id='word_1_524' title='bbox 317 3752 319 3755; x_wconf 85' lang='grc'><em>’</em></span> <span class='ocrx_word' id='word_1_525' title='bbox 360 3758 453 3796; x_wconf 86' lang='grc' dir='ltr'>ται</span> <span class='ocrx_word' id='word_1_526' title='bbox 493 3743 594 3814; x_wconf 83' lang='grc' dir='ltr'><strong>τῆς</strong></span> <span class='ocrx_word' id='word_1_527' title='bbox 641 3746 950 3822; x_wconf 26' lang='grc' dir='ltr'><strong>ἄπ’,ὲκείνφ</strong></span> <span class='ocrx_word' id='word_1_528' title='bbox 1000 3752 1195 3821; x_wconf 81' lang='grc' dir='ltr'><strong>χαρᾶς,</strong></span> <span class='ocrx_word' id='word_1_529' title='bbox 1224 3751 1332 3806; x_wconf 75' lang='grc' dir='ltr'><strong>οὐδ’</strong></span> <span class='ocrx_word' id='word_1_530' title='bbox 1373 3753 1505 3824; x_wconf 81' lang='grc' dir='ltr'><strong>ηδύς</strong></span> <span class='ocrx_word' id='word_1_531' title='bbox 1549 3757 1699 3810; x_wconf 76' lang='grc' dir='ltr'><strong>ἐστιν</strong></span> <span class='ocrx_word' id='word_1_532' title='bbox 1747 3759 1776 3809; x_wconf 89' lang='lat'><strong>6</strong></span> <span class='ocrx_word' id='word_1_533' title='bbox 1803 3757 1935 3822; x_wconf 80' lang='grc' dir='ltr'><strong>Θεὸς</strong></span> 
     </span>
    </p>
   </div>
   <div class='ocr_carea' id='block_1_71' title="bbox 361 3835 1932 3916">
    <p class='ocr_par' dir='ltr' id='par_1_71' title="bbox 361 3835 1932 3916">
     <span class='ocr_line' id='line_1_71' title="bbox 361 3835 1932 3916; baseline 0.009 -29"><span class='ocrx_word' id='word_1_534' title='bbox 361 3835 532 3906; x_wconf 81' lang='grc' dir='ltr'><strong>αὐτῷ,</strong></span> <span class='ocrx_word' id='word_1_535' title='bbox 571 3839 651 3890; x_wconf 77' lang='grc' dir='ltr'><strong>ὅτι</strong></span> <span class='ocrx_word' id='word_1_536' title='bbox 682 3839 833 3910; x_wconf 77' lang='grc' dir='ltr'><strong>αύτῷ</strong></span> <span class='ocrx_word' id='word_1_537' title='bbox 865 3843 1013 3895; x_wconf 77' lang='grc' dir='ltr'><strong>ἑστιν</strong></span> <span class='ocrx_word' id='word_1_538' title='bbox 1041 3841 1266 3910; x_wconf 85' lang='grc' dir='ltr'><strong>ἀγαθός.</strong></span> <span class='ocrx_word' id='word_1_539' title='bbox 1301 3844 1474 3898; x_wconf 81' lang='grc' dir='ltr'><strong>Τοῦτο</strong></span> <span class='ocrx_word' id='word_1_540' title='bbox 1521 3846 1632 3916; x_wconf 88' lang='grc' dir='ltr'><strong>γάρ</strong></span> <span class='ocrx_word' id='word_1_541' title='bbox 1688 3849 1843 3900; x_wconf 75' lang='grc' dir='ltr'><strong>ἐστιν</strong></span> <span class='ocrx_word' id='word_1_542' title='bbox 1869 3848 1932 3901; x_wconf 88' lang='grc' dir='ltr'><strong>ού</strong></span> 
     </span>
    </p>
   </div>
   <div class='ocr_carea' id='block_1_72' title="bbox 360 3927 1935 4007">
    <p class='ocr_par' dir='ltr' id='par_1_72' title="bbox 360 3927 1935 4007">
     <span class='ocr_line' id='line_1_72' title="bbox 360 3927 1935 4007; baseline 0.007 -26"><span class='ocrx_word' id='word_1_543' title='bbox 360 3927 454 3981; x_wconf 82' lang='grc' dir='ltr'><strong>τὸν</strong></span> <span class='ocrx_word' id='word_1_544' title='bbox 500 3930 636 3982; x_wconf 84' lang='grc' dir='ltr'><strong>Θεδν</strong></span> <span class='ocrx_word' id='word_1_545' title='bbox 666 3930 828 3984; x_wconf 81' lang='grc' dir='ltr'><strong>αὐτὸν</strong></span> <span class='ocrx_word' id='word_1_546' title='bbox 853 3932 1070 4003; x_wconf 85' lang='grc' dir='ltr'><strong>ἀληθῶς</strong></span> <span class='ocrx_word' id='word_1_547' title='bbox 1107 3933 1389 4002; x_wconf 86' lang='grc' dir='ltr'><strong>φιλοῦντος</strong></span> <span class='ocrx_word' id='word_1_548' title='bbox 1414 3936 1510 3989; x_wconf 79' lang='grc' dir='ltr'><strong>καὶ</strong></span> <span class='ocrx_word' id='word_1_549' title='bbox 1567 3937 1763 3991; x_wconf 80' lang='grc' dir='ltr'><strong>ἑαυτὸν</strong></span> <span class='ocrx_word' id='word_1_550' title='bbox 1797 3937 1935 4007; x_wconf 82' lang='grc' dir='ltr'><strong>μᾶλ-</strong></span> 
     </span>
    </p>
   </div>
   <div class='ocr_carea' id='block_1_73' title="bbox 361 4021 1938 4096">
    <p class='ocr_par' dir='ltr' id='par_1_73' title="bbox 361 4021 1938 4096">
     <span class='ocr_line' id='line_1_73' title="bbox 361 4021 1938 4096; baseline 0.005 -23"><span class='ocrx_word' id='word_1_551' title='bbox 361 4021 454 4074; x_wconf 90' lang='grc' dir='ltr'><strong>λον</strong></span> <span class='ocrx_word' id='word_1_552' title='bbox 488 4022 787 4090; x_wconf 74' lang='grc' dir='ltr'><strong>φιλοῦντος,</strong></span> <span class='ocrx_word' id='word_1_553' title='bbox 822 4025 914 4077; x_wconf 86' lang='grc' dir='ltr'><strong>καὶ</strong></span> <span class='ocrx_word' id='word_1_554' title='bbox 961 4025 1098 4096; x_wconf 82' lang='grc' dir='ltr'><strong>πρὸς</strong></span> <span class='ocrx_word' id='word_1_555' title='bbox 1148 4026 1340 4080; x_wconf 75' lang='grc' dir='ltr'><strong>ἑαυτὸν</strong></span> <span class='ocrx_word' id='word_1_556' title='bbox 1404 4027 1462 4080; x_wconf 74' lang='grc' dir='ltr'><strong>ὲν</strong></span> <span class='ocrx_word' id='word_1_557' title='bbox 1509 4021 1591 4090; x_wconf 76' lang='grc' dir='ltr'><strong>οἷς</strong></span> <span class='ocrx_word' id='word_1_558' title='bbox 1666 4029 1938 4081; x_wconf 86' lang='grc' dir='ltr'><strong>ποιεῖσθαι</strong></span> 
     </span>
    </p>
   </div>
   <div class='ocr_carea' id='block_1_74' title="bbox 361 4112 1932 4190">
    <p class='ocr_par' dir='ltr' id='par_1_74' title="bbox 361 4112 1932 4190">
     <span class='ocr_line' id='line_1_74' title="bbox 361 4112 1932 4190; baseline 0.005 -24"><span class='ocrx_word' id='word_1_559' title='bbox 361 4112 616 4184; x_wconf 86' lang='grc' dir='ltr'><strong>καθάπερ</strong></span> <span class='ocrx_word' id='word_1_560' title='bbox 649 4115 797 4180; x_wconf 83' lang='grc' dir='ltr'><strong>τέλος</strong></span> <span class='ocrx_word' id='word_1_561' title='bbox 821 4117 1076 4184; x_wconf 85' lang='grc' dir='ltr'><strong>όρῶντος.</strong></span> <span class='ocrx_word' id='word_1_562' title='bbox 1115 4119 1226 4172; x_wconf 86' lang='grc' dir='ltr'><strong>Ποῦ</strong></span> <span class='ocrx_word' id='word_1_563' title='bbox 1261 4118 1318 4171; x_wconf 78' lang='grc' dir='ltr'><strong>δὲ</strong></span> <span class='ocrx_word' id='word_1_564' title='bbox 1357 4117 1696 4188; x_wconf 82' lang='grc' dir='ltr'><strong>εὐγνώμονος</strong></span> <span class='ocrx_word' id='word_1_565' title='bbox 1721 4119 1932 4190; x_wconf 75' lang='grc' dir='ltr'><strong>ἀνδρὸς,</strong></span> 
     </span>
    </p>
   </div>
   <div class='ocr_carea' id='block_1_75' title="bbox 365 4204 1932 4280">
    <p class='ocr_par' dir='ltr' id='par_1_75' title="bbox 365 4204 1932 4280">
     <span class='ocr_line' id='line_1_75' title="bbox 365 4204 1932 4280; baseline 0.006 -25"><span class='ocrx_word' id='word_1_566' title='bbox 365 4204 443 4274; x_wconf 80' lang='grc' dir='ltr'><strong>μὴ</strong></span> <span class='ocrx_word' id='word_1_567' title='bbox 470 4205 643 4275; x_wconf 85' lang='grc' dir='ltr'><strong>φιλεῖν</strong></span> <span class='ocrx_word' id='word_1_568' title='bbox 678 4206 842 4260; x_wconf 76' lang='grc' dir='ltr'>αὑτὸν</span> <span class='ocrx_word' id='word_1_569' title='bbox 876 4208 1080 4279; x_wconf 86' lang='grc' dir='ltr'>κυρίως</span> <span class='ocrx_word' id='word_1_570' title='bbox 1110 4211 1202 4264; x_wconf 74' lang='grc' dir='ltr'><strong>τὸν</strong></span> <span class='ocrx_word' id='word_1_571' title='bbox 1232 4210 1571 4280; x_wconf 71' lang='grc' dir='ltr'><strong>εύεργέτηνς</strong></span> <span class='ocrx_word' id='word_1_572' title='bbox 1603 4209 1706 4264; x_wconf 92' lang='grc' dir='ltr'><strong>ποῦ</strong></span> <span class='ocrx_word' id='word_1_573' title='bbox 1753 4210 1810 4264; x_wconf 74' lang='grc' dir='ltr'><strong>δὲ</strong></span> <span class='ocrx_word' id='word_1_574' title='bbox 1857 4211 1932 4264; x_wconf 83' lang='grc' dir='ltr'><strong>δι-</strong></span> 
     </span>
    </p>
   </div>
   <div class='ocr_carea' id='block_1_76' title="bbox 363 4297 1934 4372">
    <p class='ocr_par' dir='ltr' id='par_1_76' title="bbox 363 4297 1934 4372">
     <span class='ocr_line' id='line_1_76' title="bbox 363 4297 1934 4372; baseline 0.004 -24"><span class='ocrx_word' id='word_1_575' title='bbox 363 4297 541 4364; x_wconf 89' lang='grc' dir='ltr'><strong>καίου,</strong></span> <span class='ocrx_word' id='word_1_576' title='bbox 581 4299 659 4367; x_wconf 84' lang='grc' dir='ltr'><strong>τῷ</strong></span> <span class='ocrx_word' id='word_1_577' title='bbox 691 4299 937 4369; x_wconf 84' lang='grc' dir='ltr'><strong>μεγίστῳ</strong></span> <span class='ocrx_word' id='word_1_578' title='bbox 985 4300 1094 4353; x_wconf 83' lang='grc' dir='ltr'><strong>τῶν</strong></span> <span class='ocrx_word' id='word_1_579' title='bbox 1160 4300 1368 4366; x_wconf 82' lang='grc' dir='ltr'><strong>ὲφετῶν</strong></span> <span class='ocrx_word' id='word_1_580' title='bbox 1415 4304 1514 4371; x_wconf 77' lang='grc' dir='ltr'><strong>τῆς</strong></span> <span class='ocrx_word' id='word_1_581' title='bbox 1570 4301 1788 4370; x_wconf 83' lang='grc' dir='ltr'><strong>ἀγάπης</strong></span> <span class='ocrx_word' id='word_1_582' title='bbox 1837 4302 1934 4372; x_wconf 78' lang='grc' dir='ltr'><strong>τὴν</strong></span> 
     </span>
    </p>
   </div>
   <div class='ocr_carea' id='block_1_77' title="bbox 362 4387 1932 4466">
    <p class='ocr_par' dir='ltr' id='par_1_77' title="bbox 362 4387 1932 4466">
     <span class='ocr_line' id='line_1_77' title="bbox 362 4387 1932 4466; baseline 0.006 -27"><span class='ocrx_word' id='word_1_583' title='bbox 362 4387 571 4442; x_wconf 61' lang='grc' dir='ltr'><strong>ἐλάττω</strong></span> <span class='ocrx_word' id='word_1_584' title='bbox 599 4389 784 4460; x_wconf 80' lang='grc' dir='ltr'><strong>νέμειν</strong></span> <span class='ocrx_word' id='word_1_585' title='bbox 834 4392 1028 4462; x_wconf 72' lang='grc' dir='ltr'><strong>μερίδα</strong></span> <span class='ocrx_word' id='word_1_586' title='bbox 1056 4409 1072 4458; x_wconf 89' lang='grc'>;</span> <span class='ocrx_word' id='word_1_587' title='bbox 1109 4391 1212 4445; x_wconf 83' lang='grc' dir='ltr'><strong>ποῦ</strong></span> <span class='ocrx_word' id='word_1_588' title='bbox 1253 4394 1308 4446; x_wconf 78' lang='grc' dir='ltr'><strong>δὲ</strong></span> <span class='ocrx_word' id='word_1_589' title='bbox 1342 4393 1530 4462; x_wconf 86' lang='grc' dir='ltr'><strong>σοφοῦ,</strong></span> <span class='ocrx_word' id='word_1_590' title='bbox 1564 4393 1659 4447; x_wconf 89' lang='grc' dir='ltr'><strong>τοῦ</strong></span> <span class='ocrx_word' id='word_1_591' title='bbox 1695 4396 1932 4466; x_wconf 73' lang='grc' dir='ltr'><strong>ἐσχάτου</strong></span> 
     </span>
    </p>
   </div>
   <div class='ocr_carea' id='block_1_78' title="bbox 361 4479 1932 4555">
    <p class='ocr_par' dir='ltr' id='par_1_78' title="bbox 361 4479 1932 4555">
     <span class='ocr_line' id='line_1_78' title="bbox 361 4479 1932 4555; baseline 0.006 -26"><span class='ocrx_word' id='word_1_592' title='bbox 361 4479 550 4543; x_wconf 77' lang='grc' dir='ltr'><strong>τέλους</strong></span> <span class='ocrx_word' id='word_1_593' title='bbox 577 4481 705 4534; x_wconf 82' lang='grc' dir='ltr'><strong>ἀλλο</strong></span> <span class='ocrx_word' id='word_1_594' title='bbox 761 4498 816 4534; x_wconf 88' lang='grc' dir='ltr'><strong>τι</strong></span> <span class='ocrx_word' id='word_1_595' title='bbox 878 4484 1189 4555; x_wconf 80' lang='grc' dir='ltr'><strong>περαιτέρω</strong></span> <span class='ocrx_word' id='word_1_596' title='bbox 1232 4485 1477 4550; x_wconf 82' lang='grc' dir='ltr'><strong>τιθέναι;</strong></span> <span class='ocrx_word' id='word_1_597' title='bbox 1519 4485 1678 4539; x_wconf 80' lang='grc' dir='ltr'><strong>Ἐπεὶ</strong></span> <span class='ocrx_word' id='word_1_598' title='bbox 1728 4487 1783 4540; x_wconf 82' lang='grc' dir='ltr'><strong>δὲ</strong></span> <span class='ocrx_word' id='word_1_599' title='bbox 1836 4487 1932 4540; x_wconf 84' lang='grc' dir='ltr'><strong>καὶ</strong></span> 
     </span>
    </p>
   </div>
   <div class='ocr_carea' id='block_1_79' title="bbox 2037 3383 3620 3459">
    <p class='ocr_par' dir='ltr' id='par_1_79' title="bbox 2037 3383 3620 3459">
     <span class='ocr_line' id='line_1_79' title="bbox 2037 3383 3620 3459; baseline -0.01 -11"><span class='ocrx_word' id='word_1_600' title='bbox 2037 3390 2158 3459; x_wconf 85' lang='lat' dir='ltr'><strong>Ipso</strong></span> <span class='ocrx_word' id='word_1_601' title='bbox 2202 3387 2415 3451; x_wconf 87' lang='lat' dir='ltr'><strong>vivens,</strong></span> <span class='ocrx_word' id='word_1_602' title='bbox 2449 3395 2503 3440; x_wconf 88' lang='lat' dir='ltr'><strong>et</strong></span> <span class='ocrx_word' id='word_1_603' title='bbox 2537 3385 2796 3456; x_wconf 88' lang='lat' dir='ltr'><strong>gaudium</strong></span> <span class='ocrx_word' id='word_1_604' title='bbox 2832 3384 2960 3439; x_wconf 90' lang='lat' dir='ltr'><strong>huic</strong></span> <span class='ocrx_word' id='word_1_605' title='bbox 3005 3383 3177 3436; x_wconf 91' lang='lat' dir='ltr'><strong>amori</strong></span> <span class='ocrx_word' id='word_1_606' title='bbox 3219 3389 3620 3450; x_wconf 88' lang='lat' dir='ltr'><strong>consequenter</strong></span> 
     </span>
    </p>
   </div>
   <div class='ocr_carea' id='block_1_80' title="bbox 2035 3472 3618 3547">
    <p class='ocr_par' dir='ltr' id='par_1_80' title="bbox 2035 3472 3618 3547">
     <span class='ocr_line' id='line_1_80' title="bbox 2035 3472 3618 3547; baseline -0.008 -10"><span class='ocrx_word' id='word_1_607' title='bbox 2035 3495 2308 3538; x_wconf 79' lang='lat' dir='ltr'><strong>annexum</strong></span> <span class='ocrx_word' id='word_1_608' title='bbox 2381 3478 2586 3544; x_wconf 85' lang='lat' dir='ltr'><strong>sentit,</strong></span> <span class='ocrx_word' id='word_1_609' title='bbox 2650 3475 2846 3547; x_wconf 87' lang='lat' dir='ltr'><strong>majori</strong></span> <span class='ocrx_word' id='word_1_610' title='bbox 2874 3474 3157 3546; x_wconf 84' lang='lat' dir='ltr'><strong>diligentia</strong></span> <span class='ocrx_word' id='word_1_611' title='bbox 3225 3472 3618 3528; x_wconf 85' lang='lat' dir='ltr'><strong>consideranda</strong></span> 
     </span>
    </p>
   </div>
   <div class='ocr_carea' id='block_1_81' title="bbox 2037 3565 3618 3645">
    <p class='ocr_par' dir='ltr' id='par_1_81' title="bbox 2037 3565 3618 3645">
     <span class='ocr_line' id='line_1_81' title="bbox 2037 3565 3618 3645; baseline -0.008 -14"><span class='ocrx_word' id='word_1_612' title='bbox 2037 3582 2123 3631; x_wconf 91' lang='lat' dir='ltr'><strong>est</strong></span> <span class='ocrx_word' id='word_1_613' title='bbox 2169 3573 2291 3645; x_wconf 84' lang='lat' dir='ltr'><strong>ejus</strong></span> <span class='ocrx_word' id='word_1_614' title='bbox 2359 3580 2556 3626; x_wconf 86' lang='lat' dir='ltr'><strong>natura</strong></span> <span class='ocrx_word' id='word_1_615' title='bbox 2630 3577 2684 3624; x_wconf 89' lang='lat' dir='ltr'><strong>et</strong></span> <span class='ocrx_word' id='word_1_616' title='bbox 2771 3567 3043 3623; x_wconf 78' lang='lat' dir='ltr'><strong>connexio</strong></span> <span class='ocrx_word' id='word_1_617' title='bbox 3105 3566 3172 3620; x_wconf 82' lang='lat' dir='ltr'><strong>ad</strong></span> <span class='ocrx_word' id='word_1_618' title='bbox 3235 3565 3618 3636; x_wconf 86' lang='lat' dir='ltr'><strong>philosophos.</strong></span> 
     </span>
    </p>
   </div>
   <div class='ocr_carea' id='block_1_82' title="bbox 2034 3657 3620 3731">
    <p class='ocr_par' dir='ltr' id='par_1_82' title="bbox 2034 3657 3620 3731">
     <span class='ocr_line' id='line_1_82' title="bbox 2034 3657 3620 3731; baseline -0.007 -11"><span class='ocrx_word' id='word_1_619' title='bbox 2034 3667 2221 3721; x_wconf 83' lang='lat' dir='ltr'><strong>Primo</strong></span> <span class='ocrx_word' id='word_1_620' title='bbox 2251 3664 2397 3718; x_wconf 91' lang='lat' dir='ltr'><strong>enim</strong></span> <span class='ocrx_word' id='word_1_621' title='bbox 2434 3678 2545 3717; x_wconf 90' lang='lat' dir='ltr'><strong>non</strong></span> <span class='ocrx_word' id='word_1_622' title='bbox 2577 3661 2822 3731; x_wconf 87' lang='lat' dir='ltr'><strong>seipsum</strong></span> <span class='ocrx_word' id='word_1_623' title='bbox 2875 3660 3032 3730; x_wconf 89' lang='lat' dir='ltr'><strong>ponit</strong></span> <span class='ocrx_word' id='word_1_624' title='bbox 3064 3658 3283 3722; x_wconf 58' lang='lat' dir='ltr'><strong>laetitiae,</strong></span> <span class='ocrx_word' id='word_1_625' title='bbox 3313 3670 3474 3726; x_wconf 89' lang='lat' dir='ltr'><strong>quam</strong></span> <span class='ocrx_word' id='word_1_626' title='bbox 3520 3657 3620 3710; x_wconf 85' lang='lat' dir='ltr'><strong>ha-</strong></span> 
     </span>
    </p>
   </div>
   <div class='ocr_carea' id='block_1_83' title="bbox 2034 3741 3616 3824">
    <p class='ocr_par' dir='ltr' id='par_1_83' title="bbox 2034 3741 3616 3824">
     <span class='ocr_line' id='line_1_83' title="bbox 2034 3741 3616 3824; baseline -0.008 -11"><span class='ocrx_word' id='word_1_627' title='bbox 2034 3757 2128 3814; x_wconf 84' lang='lat' dir='ltr'><strong>bet</strong></span> <span class='ocrx_word' id='word_1_628' title='bbox 2165 3757 2221 3812; x_wconf 90' lang='lat' dir='ltr'><strong>in</strong></span> <span class='ocrx_word' id='word_1_629' title='bbox 2253 3757 2370 3823; x_wconf 89' lang='lat' dir='ltr'><strong>illo,</strong></span> <span class='ocrx_word' id='word_1_630' title='bbox 2398 3741 2647 3818; x_wconf 76' lang='lat' dir='ltr'><strong>causam,</strong></span> <span class='ocrx_word' id='word_1_631' title='bbox 2683 3768 2785 3808; x_wconf 92' lang='lat' dir='ltr'><strong>nec</strong></span> <span class='ocrx_word' id='word_1_632' title='bbox 2814 3753 2916 3824; x_wconf 90' lang='lat' dir='ltr'><strong>ipsi</strong></span> <span class='ocrx_word' id='word_1_633' title='bbox 2973 3751 3119 3807; x_wconf 89' lang='lat' dir='ltr'><strong>Deus</strong></span> <span class='ocrx_word' id='word_1_634' title='bbox 3181 3761 3264 3806; x_wconf 80' lang='lat' dir='ltr'><strong>est</strong></span> <span class='ocrx_word' id='word_1_635' title='bbox 3307 3750 3616 3821; x_wconf 73' lang='lat' dir='ltr'><strong>iucundus,</strong></span> 
     </span>
    </p>
   </div>
   <div class='ocr_carea' id='block_1_84' title="bbox 2033 3841 3617 3918">
    <p class='ocr_par' dir='ltr' id='par_1_84' title="bbox 2033 3841 3617 3918">
     <span class='ocr_line' id='line_1_84' title="bbox 2033 3841 3617 3918; baseline -0.005 -16"><span class='ocrx_word' id='word_1_636' title='bbox 2033 3848 2293 3918; x_wconf 88' lang='lat' dir='ltr'><strong>quoniam</strong></span> <span class='ocrx_word' id='word_1_637' title='bbox 2346 3855 2431 3902; x_wconf 91' lang='lat' dir='ltr'><strong>est</strong></span> <span class='ocrx_word' id='word_1_638' title='bbox 2479 3845 2582 3915; x_wconf 90' lang='lat' dir='ltr'><strong>ipsi</strong></span> <span class='ocrx_word' id='word_1_639' title='bbox 2635 3846 2832 3898; x_wconf 88' lang='lat' dir='ltr'><strong>bonus.</strong></span> <span class='ocrx_word' id='word_1_640' title='bbox 2889 3841 3006 3897; x_wconf 81' lang='lat' dir='ltr'><strong>Hoc</strong></span> <span class='ocrx_word' id='word_1_641' title='bbox 3043 3845 3188 3897; x_wconf 89' lang='lat' dir='ltr'><strong>enim</strong></span> <span class='ocrx_word' id='word_1_642' title='bbox 3223 3857 3332 3896; x_wconf 90' lang='lat' dir='ltr'><strong>non</strong></span> <span class='ocrx_word' id='word_1_643' title='bbox 3375 3850 3457 3896; x_wconf 88' lang='lat' dir='ltr'><strong>est</strong></span> <span class='ocrx_word' id='word_1_644' title='bbox 3493 3856 3617 3894; x_wconf 83' lang='lat' dir='ltr'><strong>vere</strong></span> 
     </span>
    </p>
   </div>
   <div class='ocr_carea' id='block_1_85' title="bbox 2033 3934 3620 4008">
    <p class='ocr_par' dir='ltr' id='par_1_85' title="bbox 2033 3934 3620 4008">
     <span class='ocr_line' id='line_1_85' title="bbox 2033 3934 3620 4008; baseline -0.006 -13"><span class='ocrx_word' id='word_1_645' title='bbox 2033 3941 2310 4008; x_wconf 82' lang='lat' dir='ltr'><strong>diligentis</strong></span> <span class='ocrx_word' id='word_1_646' title='bbox 2362 3935 2554 4001; x_wconf 78' lang='lat' dir='ltr'><strong>Deum,</strong></span> <span class='ocrx_word' id='word_1_647' title='bbox 2600 3935 2694 3990; x_wconf 74' lang='lat' dir='ltr'><strong>sed</strong></span> <span class='ocrx_word' id='word_1_648' title='bbox 2746 3934 2928 4004; x_wconf 76' lang='lat' dir='ltr'><strong>pOIius</strong></span> <span class='ocrx_word' id='word_1_649' title='bbox 2977 3935 3217 4001; x_wconf 80' lang='lat' dir='ltr'><strong>seipsum</strong></span> <span class='ocrx_word' id='word_1_650' title='bbox 3262 3937 3519 3997; x_wconf 81' lang='lat' dir='ltr'><strong>amantis,</strong></span> <span class='ocrx_word' id='word_1_651' title='bbox 3564 3939 3620 3986; x_wconf 89' lang='lat' dir='ltr'><strong>et</strong></span> 
     </span>
    </p>
   </div>
   <div class='ocr_carea' id='block_1_86' title="bbox 2035 4021 3618 4092">
    <p class='ocr_par' dir='ltr' id='par_1_86' title="bbox 2035 4021 3618 4092">
     <span class='ocr_line' id='line_1_86' title="bbox 2035 4021 3618 4092; baseline -0.003 -11"><span class='ocrx_word' id='word_1_652' title='bbox 2035 4043 2227 4082; x_wconf 89' lang='lat' dir='ltr'><strong>omnes</strong></span> <span class='ocrx_word' id='word_1_653' title='bbox 2250 4027 2494 4080; x_wconf 76' lang='lat' dir='ltr'><strong>actiones</strong></span> <span class='ocrx_word' id='word_1_654' title='bbox 2517 4026 2656 4078; x_wconf 90' lang='lat' dir='ltr'><strong>adse</strong></span> <span class='ocrx_word' id='word_1_655' title='bbox 2678 4037 2933 4092; x_wconf 86' lang='lat' dir='ltr'><strong>tanquam</strong></span> <span class='ocrx_word' id='word_1_656' title='bbox 2961 4021 3119 4075; x_wconf 83' lang='lat' dir='ltr'><strong>finem</strong></span> <span class='ocrx_word' id='word_1_657' title='bbox 3149 4021 3458 4076; x_wconf 76' lang='lat' dir='ltr'><strong>referentis.</strong></span> <span class='ocrx_word' id='word_1_658' title='bbox 3484 4022 3618 4087; x_wconf 87' lang='lat' dir='ltr'><strong>Quis</strong></span> 
     </span>
    </p>
   </div>
   <div class='ocr_carea' id='block_1_87' title="bbox 2033 4115 3614 4172">
    <p class='ocr_par' dir='ltr' id='par_1_87' title="bbox 2033 4115 3614 4172">
     <span class='ocr_line' id='line_1_87' title="bbox 2033 4115 3614 4172; baseline -0.004 0"><span class='ocrx_word' id='word_1_659' title='bbox 2033 4127 2214 4172; x_wconf 86' lang='lat' dir='ltr'><strong>autem</strong></span> <span class='ocrx_word' id='word_1_660' title='bbox 2246 4119 2410 4170; x_wconf 87' lang='lat' dir='ltr'><strong>homo</strong></span> <span class='ocrx_word' id='word_1_661' title='bbox 2438 4115 2574 4169; x_wconf 84' lang='lat' dir='ltr'><strong>bene</strong></span> <span class='ocrx_word' id='word_1_662' title='bbox 2605 4125 2848 4168; x_wconf 87' lang='lat' dir='ltr'><strong>moratus</strong></span> <span class='ocrx_word' id='word_1_663' title='bbox 2904 4126 3178 4167; x_wconf 82' lang='lat' dir='ltr'><strong>summum</strong></span> <span class='ocrx_word' id='word_1_664' title='bbox 3214 4115 3614 4167; x_wconf 82' lang='lat' dir='ltr'><strong>benefactorem</strong></span> 
     </span>
    </p>
   </div>
   <div class='ocr_carea' id='block_1_88' title="bbox 2036 4204 3612 4276">
    <p class='ocr_par' dir='ltr' id='par_1_88' title="bbox 2036 4204 3612 4276">
     <span class='ocr_line' id='line_1_88' title="bbox 2036 4204 3612 4276; baseline -0.003 -12"><span class='ocrx_word' id='word_1_665' title='bbox 2036 4225 2144 4265; x_wconf 90' lang='lat' dir='ltr'><strong>non</strong></span> <span class='ocrx_word' id='word_1_666' title='bbox 2202 4208 2389 4263; x_wconf 82' lang='lat' dir='ltr'><strong>amet?</strong></span> <span class='ocrx_word' id='word_1_667' title='bbox 2421 4205 2556 4275; x_wconf 87' lang='lat' dir='ltr'><strong>Quis</strong></span> <span class='ocrx_word' id='word_1_668' title='bbox 2613 4207 2820 4276; x_wconf 84' lang='lat' dir='ltr'><strong>justus,</strong></span> <span class='ocrx_word' id='word_1_669' title='bbox 2873 4205 3114 4258; x_wconf 71' lang='lat' dir='ltr'><strong>maximo</strong></span> <span class='ocrx_word' id='word_1_670' title='bbox 3154 4204 3280 4257; x_wconf 91' lang='lat' dir='ltr'><strong>duci</strong></span> <span class='ocrx_word' id='word_1_671' title='bbox 3345 4207 3612 4259; x_wconf 88' lang='lat' dir='ltr'><strong>minorem</strong></span> 
     </span>
    </p>
   </div>
   <div class='ocr_carea' id='block_1_89' title="bbox 2034 4294 3616 4367">
    <p class='ocr_par' dir='ltr' id='par_1_89' title="bbox 2034 4294 3616 4367">
     <span class='ocr_line' id='line_1_89' title="bbox 2034 4294 3616 4367; baseline -0.004 -11"><span class='ocrx_word' id='word_1_672' title='bbox 2034 4299 2318 4356; x_wconf 80' lang='lat' dir='ltr'><strong>charitalis</strong></span> <span class='ocrx_word' id='word_1_673' title='bbox 2362 4300 2565 4353; x_wconf 82' lang='lat' dir='ltr'><strong>tribuat</strong></span> <span class='ocrx_word' id='word_1_674' title='bbox 2607 4296 2852 4367; x_wconf 84' lang='lat' dir='ltr'><strong>partem?</strong></span> <span class='ocrx_word' id='word_1_675' title='bbox 2875 4294 3008 4361; x_wconf 88' lang='lat' dir='ltr'><strong>Quis</strong></span> <span class='ocrx_word' id='word_1_676' title='bbox 3030 4295 3250 4365; x_wconf 84' lang='lat' dir='ltr'><strong>sapiens</strong></span> <span class='ocrx_word' id='word_1_677' title='bbox 3279 4295 3421 4348; x_wconf 86' lang='lat' dir='ltr'><strong>aliud</strong></span> <span class='ocrx_word' id='word_1_678' title='bbox 3459 4298 3616 4365; x_wconf 87' lang='lat' dir='ltr'><strong>quid-</strong></span> 
     </span>
    </p>
   </div>
   <div class='ocr_carea' id='block_1_90' title="bbox 2035 4387 3612 4458">
    <p class='ocr_par' dir='ltr' id='par_1_90' title="bbox 2035 4387 3612 4458">
     <span class='ocr_line' id='line_1_90' title="bbox 2035 4387 3612 4458; baseline -0.003 -12"><span class='ocrx_word' id='word_1_679' title='bbox 2035 4391 2160 4446; x_wconf 87' lang='lat' dir='ltr'><strong>dam</strong></span> <span class='ocrx_word' id='word_1_680' title='bbox 2208 4392 2261 4446; x_wconf 90' lang='lat' dir='ltr'><strong>in</strong></span> <span class='ocrx_word' id='word_1_681' title='bbox 2311 4391 2504 4446; x_wconf 88' lang='lat' dir='ltr'><strong>ultimo</strong></span> <span class='ocrx_word' id='word_1_682' title='bbox 2535 4389 2641 4444; x_wconf 84' lang='lat' dir='ltr'><strong>fine</strong></span> <span class='ocrx_word' id='word_1_683' title='bbox 2695 4387 3188 4458; x_wconf 70' lang='lat' dir='ltr'><strong>ponatiQuoniam</strong></span> <span class='ocrx_word' id='word_1_684' title='bbox 3222 4398 3401 4442; x_wconf 87' lang='lat' dir='ltr'><strong>autem</strong></span> <span class='ocrx_word' id='word_1_685' title='bbox 3437 4390 3612 4458; x_wconf 90' lang='lat' dir='ltr'><strong>ipsum</strong></span> 
     </span>
    </p>
   </div>
   <div class='ocr_carea' id='block_1_91' title="bbox 2038 4481 3614 4551">
    <p class='ocr_par' dir='ltr' id='par_1_91' title="bbox 2038 4481 3614 4551">
     <span class='ocr_line' id='line_1_91' title="bbox 2038 4481 3614 4551; baseline 0 -16"><span class='ocrx_word' id='word_1_686' title='bbox 2038 4483 2385 4551; x_wconf 86' lang='lat' dir='ltr'><strong>prudentem,</strong></span> <span class='ocrx_word' id='word_1_687' title='bbox 2423 4481 2632 4550; x_wconf 87' lang='lat' dir='ltr'><strong>justqu</strong></span> <span class='ocrx_word' id='word_1_688' title='bbox 2667 4489 2720 4534; x_wconf 89' lang='lat' dir='ltr'><strong>et</strong></span> <span class='ocrx_word' id='word_1_689' title='bbox 2753 4483 3055 4548; x_wconf 83' lang='lat' dir='ltr'><strong>sapientem</strong></span> <span class='ocrx_word' id='word_1_690' title='bbox 3099 4496 3220 4535; x_wconf 88' lang='lat' dir='ltr'><strong>esse</strong></span> <span class='ocrx_word' id='word_1_691' title='bbox 3247 4496 3460 4550; x_wconf 67' lang='lat' dir='ltr'><strong>mquum</strong></span> <span class='ocrx_word' id='word_1_692' title='bbox 3509 4493 3614 4545; x_wconf 90' lang='lat' dir='ltr'><strong>est,</strong></span> 
     </span>
    </p>
   </div>
   <div class='ocr_carea' id='block_1_92' title="bbox 362 4559 1943 4647">
    <p class='ocr_par' dir='ltr' id='par_1_92' title="bbox 362 4571 1931 4647">
     <span class='ocr_line' id='line_1_92' title="bbox 362 4571 1931 4647; baseline 0.004 -21"><span class='ocrx_word' id='word_1_693' title='bbox 362 4574 681 4641; x_wconf 78' lang='grc' dir='ltr'><strong>εὐγνώμονα</strong></span> <span class='ocrx_word' id='word_1_694' title='bbox 714 4575 878 4628; x_wconf 80' lang='grc' dir='ltr'><strong>αὐτὸν</strong></span> <span class='ocrx_word' id='word_1_695' title='bbox 906 4576 1052 4640; x_wconf 76' lang='grc' dir='ltr'><strong>εἰκὸς</strong></span> <span class='ocrx_word' id='word_1_696' title='bbox 1079 4571 1218 4630; x_wconf 76' lang='grc' dir='ltr'><strong>εἶναι</strong></span> <span class='ocrx_word' id='word_1_697' title='bbox 1255 4579 1349 4629; x_wconf 83' lang='grc' dir='ltr'><strong>καὶ</strong></span> <span class='ocrx_word' id='word_1_698' title='bbox 1376 4577 1582 4631; x_wconf 79' lang='grc' dir='ltr'><strong>δίκαιον</strong></span> <span class='ocrx_word' id='word_1_699' title='bbox 1616 4579 1708 4631; x_wconf 79' lang='grc' dir='ltr'><strong>καὶ</strong></span> <span class='ocrx_word' id='word_1_700' title='bbox 1747 4580 1931 4647; x_wconf 79' lang='grc' dir='ltr'><strong>σοφὸν,</strong></span> 
     </span>
    </p>
   </div>
   <div class='ocr_carea' id='block_1_93' title="bbox 2040 4559 3613 4647">
    <p class='ocr_par' dir='ltr' id='par_1_93' title="bbox 2041 4571 3613 4642">
     <span class='ocr_line' id='line_1_93' title="bbox 2041 4571 3613 4642; baseline 0.001 -15"><span class='ocrx_word' id='word_1_701' title='bbox 2041 4589 2263 4628; x_wconf 89' lang='lat' dir='ltr'><strong>necesse</strong></span> <span class='ocrx_word' id='word_1_702' title='bbox 2285 4581 2369 4626; x_wconf 89' lang='lat' dir='ltr'><strong>est</strong></span> <span class='ocrx_word' id='word_1_703' title='bbox 2405 4580 2458 4626; x_wconf 89' lang='lat' dir='ltr'><strong>ut</strong></span> <span class='ocrx_word' id='word_1_704' title='bbox 2487 4572 2674 4642; x_wconf 68' lang='lat' dir='ltr'><strong>diligat</strong></span> <span class='ocrx_word' id='word_1_705' title='bbox 2706 4571 2874 4626; x_wconf 91' lang='lat' dir='ltr'><strong>Deum</strong></span> <span class='ocrx_word' id='word_1_706' title='bbox 2905 4580 2958 4625; x_wconf 90' lang='lat' dir='ltr'><strong>et</strong></span> <span class='ocrx_word' id='word_1_707' title='bbox 2983 4571 3036 4625; x_wconf 90' lang='lat' dir='ltr'><strong>in</strong></span> <span class='ocrx_word' id='word_1_708' title='bbox 3089 4572 3346 4641; x_wconf 89' lang='lat' dir='ltr'><strong>majorem</strong></span> <span class='ocrx_word' id='word_1_709' title='bbox 3393 4575 3613 4628; x_wconf 78' lang='lat' dir='ltr'><strong>modunn</strong></span> 
     </span>
    </p>
   </div>
   <div class='ocr_carea' id='block_1_94' title="bbox 362 4666 1932 4738">
    <p class='ocr_par' dir='ltr' id='par_1_94' title="bbox 362 4666 1932 4738">
     <span class='ocr_line' id='line_1_94' title="bbox 362 4666 1932 4738; baseline 0.003 -20"><span class='ocrx_word' id='word_1_710' title='bbox 362 4666 578 4733; x_wconf 72' lang='grc' dir='ltr'><strong>ἀνάγκη</strong></span> <span class='ocrx_word' id='word_1_711' title='bbox 608 4667 701 4718; x_wconf 76' lang='grc' dir='ltr'><strong>καὶ</strong></span> <span class='ocrx_word' id='word_1_712' title='bbox 733 4668 908 4734; x_wconf 80' lang='grc' dir='ltr'><strong>φιλεῖν</strong></span> <span class='ocrx_word' id='word_1_713' title='bbox 934 4667 1025 4719; x_wconf 82' lang='grc' dir='ltr'><strong>τὸν</strong></span> <span class='ocrx_word' id='word_1_714' title='bbox 1068 4667 1221 4732; x_wconf 72' lang='grc' dir='ltr'><strong>Θεὸν,</strong></span> <span class='ocrx_word' id='word_1_715' title='bbox 1260 4669 1354 4720; x_wconf 80' lang='grc' dir='ltr'><strong>καὶ</strong></span> <span class='ocrx_word' id='word_1_716' title='bbox 1407 4668 1618 4738; x_wconf 81' lang='grc' dir='ltr'><strong>χαίρειν</strong></span> <span class='ocrx_word' id='word_1_717' title='bbox 1652 4669 1800 4738; x_wconf 72' lang='grc' dir='ltr'><strong>αὐτῷ</strong></span> <span class='ocrx_word' id='word_1_718' title='bbox 1841 4675 1932 4722; x_wconf 87' lang='grc' dir='ltr'><strong>τ’.ν</strong></span> 
     </span>
    </p>
   </div>
   <div class='ocr_carea' id='block_1_95' title="bbox 361 4756 1933 4831">
    <p class='ocr_par' dir='ltr' id='par_1_95' title="bbox 361 4756 1933 4831">
     <span class='ocr_line' id='line_1_95' title="bbox 361 4756 1933 4831; baseline 0.003 -23"><span class='ocrx_word' id='word_1_719' title='bbox 361 4756 583 4824; x_wconf 78' lang='grc' dir='ltr'><strong>ἄριστον</strong></span> <span class='ocrx_word' id='word_1_720' title='bbox 604 4757 830 4827; x_wconf 83' lang='grc' dir='ltr'><strong>τρόπον,</strong></span> <span class='ocrx_word' id='word_1_721' title='bbox 873 4759 1063 4812; x_wconf 78' lang='grc' dir='ltr'><strong>ἔπειτα</strong></span> <span class='ocrx_word' id='word_1_722' title='bbox 1097 4759 1295 4829; x_wconf 86' lang='grc' dir='ltr'><strong>συνεχῆ</strong></span> <span class='ocrx_word' id='word_1_723' title='bbox 1325 4759 1418 4812; x_wconf 78' lang='grc' dir='ltr'><strong>καὶ</strong></span> <span class='ocrx_word' id='word_1_724' title='bbox 1449 4757 1674 4827; x_wconf 79' lang='grc' dir='ltr'><strong>βεϐαίαν</strong></span> <span class='ocrx_word' id='word_1_725' title='bbox 1701 4758 1804 4830; x_wconf 83' lang='grc' dir='ltr'><strong>τὴν</strong></span> <span class='ocrx_word' id='word_1_726' title='bbox 1829 4778 1933 4831; x_wconf 85' lang='grc' dir='ltr'><strong>χα-</strong></span> 
     </span>
    </p>
   </div>
   <div class='ocr_carea' id='block_1_96' title="bbox 365 4848 1934 4920">
    <p class='ocr_par' dir='ltr' id='par_1_96' title="bbox 365 4848 1934 4920">
     <span class='ocr_line' id='line_1_96' title="bbox 365 4848 1934 4920; baseline 0.002 -21"><span class='ocrx_word' id='word_1_727' title='bbox 365 4848 491 4915; x_wconf 86' lang='grc' dir='ltr'><strong>ράν,</strong></span> <span class='ocrx_word' id='word_1_728' title='bbox 517 4848 597 4901; x_wconf 73' lang='grc' dir='ltr'><strong>ἔτι</strong></span> <span class='ocrx_word' id='word_1_729' title='bbox 623 4850 680 4902; x_wconf 84' lang='grc' dir='ltr'><strong>δὲ</strong></span> <span class='ocrx_word' id='word_1_730' title='bbox 712 4851 805 4902; x_wconf 75' lang='grc' dir='ltr'><strong>καὶ</strong></span> <span class='ocrx_word' id='word_1_731' title='bbox 827 4851 1088 4920; x_wconf 82' lang='grc' dir='ltr'><strong>ὑπερφυᾶ</strong></span> <span class='ocrx_word' id='word_1_732' title='bbox 1141 4867 1264 4904; x_wconf 89' lang='grc' dir='ltr'><strong>τινα</strong></span> <span class='ocrx_word' id='word_1_733' title='bbox 1317 4853 1413 4902; x_wconf 84' lang='grc' dir='ltr'><strong>καί</strong></span> <span class='ocrx_word' id='word_1_734' title='bbox 1440 4850 1756 4920; x_wconf 79' lang='grc' dir='ltr'><strong>θαυμαστὴν</strong></span> <span class='ocrx_word' id='word_1_735' title='bbox 1808 4851 1934 4904; x_wconf 80' lang='grc' dir='ltr'><strong>ἀκό-</strong></span> 
     </span>
    </p>
   </div>
   <div class='ocr_carea' id='block_1_97' title="bbox 362 4931 1930 5012">
    <p class='ocr_par' dir='ltr' id='par_1_97' title="bbox 362 4931 1930 5012">
     <span class='ocr_line' id='line_1_97' title="bbox 362 4931 1930 5012; baseline 0.001 -21"><span class='ocrx_word' id='word_1_736' title='bbox 362 4931 552 4992; x_wconf 87' lang='grc' dir='ltr'><strong>λουθον</strong></span> <span class='ocrx_word' id='word_1_737' title='bbox 581 4936 742 4995; x_wconf 78' lang='grc' dir='ltr'><strong>είναι.</strong></span> <span class='ocrx_word' id='word_1_738' title='bbox 775 4942 981 5010; x_wconf 82' lang='grc' dir='ltr'><strong>Συνεχῆ</strong></span> <span class='ocrx_word' id='word_1_739' title='bbox 1027 4944 1148 5011; x_wconf 71' lang='grc' dir='ltr'><strong>μὶν,</strong></span> <span class='ocrx_word' id='word_1_740' title='bbox 1173 4942 1253 4995; x_wconf 85' lang='grc' dir='ltr'><strong>ὅτι</strong></span> <span class='ocrx_word' id='word_1_741' title='bbox 1295 4945 1408 5005; x_wconf 84' lang='grc' dir='ltr'><strong>τοῖς</strong></span> <span class='ocrx_word' id='word_1_742' title='bbox 1461 4940 1554 4994; x_wconf 88' lang='grc' dir='ltr'><strong>τοῦ</strong></span> <span class='ocrx_word' id='word_1_743' title='bbox 1594 4940 1930 5012; x_wconf 81' lang='grc' dir='ltr'><strong>ποθουμένου</strong></span> 
     </span>
    </p>
   </div>
   <div class='ocr_carea' id='block_1_98' title="bbox 364 5031 1932 5104">
    <p class='ocr_par' dir='ltr' id='par_1_98' title="bbox 364 5031 1932 5104">
     <span class='ocr_line' id='line_1_98' title="bbox 364 5031 1932 5104; baseline 0.003 -21"><span class='ocrx_word' id='word_1_744' title='bbox 364 5031 615 5085; x_wconf 88' lang='grc' dir='ltr'><strong>σύνεστιν</strong></span> <span class='ocrx_word' id='word_1_745' title='bbox 645 5034 928 5096; x_wconf 78' lang='grc' dir='ltr'><strong>ἑκάστοτε,</strong></span> <span class='ocrx_word' id='word_1_746' title='bbox 969 5035 1065 5086; x_wconf 74' lang='grc' dir='ltr'><strong>καὶ</strong></span> <span class='ocrx_word' id='word_1_747' title='bbox 1097 5031 1175 5095; x_wconf 70' lang='grc' dir='ltr'><strong>οἷς</strong></span> <span class='ocrx_word' id='word_1_748' title='bbox 1207 5035 1524 5104; x_wconf 74' lang='grc' dir='ltr'><strong>ἐντυγχάνει</strong></span> <span class='ocrx_word' id='word_1_749' title='bbox 1558 5035 1650 5087; x_wconf 81' lang='grc' dir='ltr'><strong>τὸν</strong></span> <span class='ocrx_word' id='word_1_750' title='bbox 1680 5035 1765 5086; x_wconf 72' lang='grc' dir='ltr'><strong>ἀεὶ</strong></span> <span class='ocrx_word' id='word_1_751' title='bbox 1805 5035 1932 5104; x_wconf 59' lang='grc' dir='ltr'><strong>χεό-</strong></span> 
     </span>
    </p>
   </div>
   <div class='ocr_carea' id='block_1_99' title="bbox 361 5115 1931 5187">
    <p class='ocr_par' dir='ltr' id='par_1_99' title="bbox 361 5115 1931 5187">
     <span class='ocr_line' id='line_1_99' title="bbox 361 5115 1931 5187; baseline 0.001 -19"><span class='ocrx_word' id='word_1_752' title='bbox 361 5131 473 5179; x_wconf 90' lang='grc' dir='ltr'><strong>νον,</strong></span> <span class='ocrx_word' id='word_1_753' title='bbox 503 5119 598 5169; x_wconf 78' lang='grc' dir='ltr'><strong>καὶ</strong></span> <span class='ocrx_word' id='word_1_754' title='bbox 623 5115 659 5170; x_wconf 74' lang='grc' dir='ltr'>ἃ</span> <span class='ocrx_word' id='word_1_755' title='bbox 690 5117 768 5185; x_wconf 81' lang='grc' dir='ltr'><strong>τῷ</strong></span> <span class='ocrx_word' id='word_1_756' title='bbox 799 5116 1014 5187; x_wconf 84' lang='grc' dir='ltr'><strong>σώματι</strong></span> <span class='ocrx_word' id='word_1_757' title='bbox 1045 5117 1266 5187; x_wconf 79' lang='grc' dir='ltr'><strong>χρῆται,</strong></span> <span class='ocrx_word' id='word_1_758' title='bbox 1309 5120 1401 5169; x_wconf 74' lang='grc' dir='ltr'><strong>καὶ</strong></span> <span class='ocrx_word' id='word_1_759' title='bbox 1439 5117 1474 5170; x_wconf 77' lang='grc' dir='ltr'><strong>ὃ.</strong></span> <span class='ocrx_word' id='word_1_760' title='bbox 1506 5116 1800 5186; x_wconf 74' lang='grc' dir='ltr'><strong>λογίζεται,</strong></span> <span class='ocrx_word' id='word_1_761' title='bbox 1835 5119 1931 5170; x_wconf 61' lang='grc' dir='ltr'><strong>κοιλ⁵</strong></span> 
     </span>
    </p>
   </div>
   <div class='ocr_carea' id='block_1_100' title="bbox 359 5203 1925 5280">
    <p class='ocr_par' dir='ltr' id='par_1_100' title="bbox 359 5203 1925 5280">
     <span class='ocr_line' id='line_1_100' title="bbox 359 5203 1925 5280; baseline 0.001 -20"><span class='ocrx_word' id='word_1_762' title='bbox 359 5208 431 5260; x_wconf 85' lang='grc' dir='ltr'><strong>δι’</strong></span> <span class='ocrx_word' id='word_1_763' title='bbox 453 5203 528 5261; x_wconf 80' lang='grc' dir='ltr'><strong>ὧν</strong></span> <span class='ocrx_word' id='word_1_764' title='bbox 568 5210 862 5278; x_wconf 79' lang='grc' dir='ltr'><strong>ὑφέστηκε,</strong></span> <span class='ocrx_word' id='word_1_765' title='bbox 895 5210 991 5262; x_wconf 75' lang='grc' dir='ltr'><strong>καὶ</strong></span> <span class='ocrx_word' id='word_1_766' title='bbox 1019 5207 1099 5272; x_wconf 73' lang='grc' dir='ltr'><strong>οἷς</strong></span> <span class='ocrx_word' id='word_1_767' title='bbox 1135 5209 1200 5280; x_wconf 78' lang='grc' dir='ltr'><strong>ζῇ</strong></span> <span class='ocrx_word' id='word_1_768' title='bbox 1230 5209 1320 5262; x_wconf 71' lang='grc' dir='ltr'><strong>καὶ</strong></span> <span class='ocrx_word' id='word_1_769' title='bbox 1375 5210 1620 5277; x_wconf 74' lang='grc' dir='ltr'><strong>περίεστι</strong></span> <span class='ocrx_word' id='word_1_770' title='bbox 1654 5211 1749 5262; x_wconf 80' lang='grc' dir='ltr'><strong>καὶ</strong></span> <span class='ocrx_word' id='word_1_771' title='bbox 1776 5213 1925 5278; x_wconf 76' lang='grc' dir='ltr'><strong>ὲνερο</strong></span> 
     </span>
    </p>
   </div>
   <div class='ocr_carea' id='block_1_101' title="bbox 361 5298 1930 5372">
    <p class='ocr_par' dir='ltr' id='par_1_101' title="bbox 361 5298 1930 5372">
     <span class='ocr_line' id='line_1_101' title="bbox 361 5298 1930 5372; baseline 0 -19"><span class='ocrx_word' id='word_1_772' title='bbox 361 5304 469 5370; x_wconf 86' lang='grc' dir='ltr'><strong>γεῖ,</strong></span> <span class='ocrx_word' id='word_1_773' title='bbox 510 5303 602 5355; x_wconf 74' lang='grc' dir='ltr'><strong>καὶ</strong></span> <span class='ocrx_word' id='word_1_774' title='bbox 637 5302 887 5355; x_wconf 82' lang='grc' dir='ltr'><strong>ὁπωσοῦν</strong></span> <span class='ocrx_word' id='word_1_775' title='bbox 927 5302 1040 5372; x_wconf 80' lang='grc' dir='ltr'><strong>ἔχει</strong></span> <span class='ocrx_word' id='word_1_776' title='bbox 1083 5303 1177 5354; x_wconf 80' lang='grc' dir='ltr'><strong>καὶ</strong></span> <span class='ocrx_word' id='word_1_777' title='bbox 1210 5301 1449 5368; x_wconf 72' lang='grc' dir='ltr'><strong>γίνεταιο</strong></span> <span class='ocrx_word' id='word_1_778' title='bbox 1487 5301 1664 5352; x_wconf 78' lang='grc' dir='ltr'><strong>πάντα</strong></span> <span class='ocrx_word' id='word_1_779' title='bbox 1705 5300 1802 5369; x_wconf 80' lang='grc' dir='ltr'><strong>μὲν</strong></span> <span class='ocrx_word' id='word_1_780' title='bbox 1851 5298 1930 5354; x_wconf 76' lang='grc' dir='ltr'><strong>οἷ-</strong></span> 
     </span>
    </p>
   </div>
   <div class='ocr_carea' id='block_1_102' title="bbox 2038 4665 3614 4734">
    <p class='ocr_par' dir='ltr' id='par_1_102' title="bbox 2038 4665 3614 4734">
     <span class='ocr_line' id='line_1_102' title="bbox 2038 4665 3614 4734; baseline 0 -13"><span class='ocrx_word' id='word_1_781' title='bbox 2038 4667 2106 4721; x_wconf 92' lang='lat' dir='ltr'><strong>de</strong></span> <span class='ocrx_word' id='word_1_782' title='bbox 2137 4668 2251 4734; x_wconf 85' lang='lat' dir='ltr'><strong>ipso</strong></span> <span class='ocrx_word' id='word_1_783' title='bbox 2273 4665 2526 4734; x_wconf 77' lang='lat' dir='ltr'><strong>gaudeat,</strong></span> <span class='ocrx_word' id='word_1_784' title='bbox 2552 4665 2749 4719; x_wconf 84' lang='lat' dir='ltr'><strong>deinde</strong></span> <span class='ocrx_word' id='word_1_785' title='bbox 2775 4665 3092 4719; x_wconf 90' lang='lat' dir='ltr'><strong>continuam</strong></span> <span class='ocrx_word' id='word_1_786' title='bbox 3127 4666 3466 4733; x_wconf 88' lang='lat' dir='ltr'><strong>solidamque</strong></span> <span class='ocrx_word' id='word_1_787' title='bbox 3491 4679 3614 4721; x_wconf 90' lang='lat' dir='ltr'><strong>esse</strong></span> 
     </span>
    </p>
   </div>
   <div class='ocr_carea' id='block_1_103' title="bbox 2042 4745 3612 4825">
    <p class='ocr_par' dir='ltr' id='par_1_103' title="bbox 2042 4745 3612 4825">
     <span class='ocr_line' id='line_1_103' title="bbox 2042 4745 3612 4825; baseline 0.001 -15"><span class='ocrx_word' id='word_1_788' title='bbox 2042 4757 2304 4821; x_wconf 73' lang='lat' dir='ltr'><strong>laetitiam,</strong></span> <span class='ocrx_word' id='word_1_789' title='bbox 2325 4770 2556 4825; x_wconf 85' lang='lat' dir='ltr'><strong>eamque</strong></span> <span class='ocrx_word' id='word_1_790' title='bbox 2591 4745 2888 4824; x_wconf 77' lang='lat' dir='ltr'><strong>quamdam</strong></span> <span class='ocrx_word' id='word_1_791' title='bbox 2922 4756 3392 4824; x_wconf 85' lang='lat' dir='ltr'><strong>supernaturalem</strong></span> <span class='ocrx_word' id='word_1_792' title='bbox 3417 4772 3480 4811; x_wconf 90' lang='lat' dir='ltr'><strong>ac</strong></span> <span class='ocrx_word' id='word_1_793' title='bbox 3508 4759 3612 4812; x_wconf 83' lang='lat' dir='ltr'><strong>mi-</strong></span> 
     </span>
    </p>
   </div>
   <div class='ocr_carea' id='block_1_104' title="bbox 2041 4846 3583 4916">
    <p class='ocr_par' dir='ltr' id='par_1_104' title="bbox 2041 4846 3583 4916">
     <span class='ocr_line' id='line_1_104' title="bbox 2041 4846 3583 4916; baseline -0.001 -12"><span class='ocrx_word' id='word_1_794' title='bbox 2041 4865 2156 4904; x_wconf 88' lang='lat' dir='ltr'><strong>ram</strong></span> <span class='ocrx_word' id='word_1_795' title='bbox 2185 4861 2307 4902; x_wconf 63' lang='lat' dir='ltr'><strong>esse</strong></span> <span class='ocrx_word' id='word_1_796' title='bbox 2345 4855 2764 4916; x_wconf 76' lang='lat' dir='ltr'><strong>consequentur.</strong></span> <span class='ocrx_word' id='word_1_797' title='bbox 2799 4847 3070 4902; x_wconf 84' lang='lat' dir='ltr'><strong>Continna</strong></span> <span class='ocrx_word' id='word_1_798' title='bbox 3107 4846 3330 4915; x_wconf 88' lang='lat' dir='ltr'><strong>quidem</strong></span> <span class='ocrx_word' id='word_1_799' title='bbox 3365 4862 3486 4902; x_wconf 89' lang='lat' dir='ltr'><strong>esse</strong></span> <span class='ocrx_word' id='word_1_800' title='bbox 3518 4850 3583 4902; x_wconf 91' lang='lat' dir='ltr'><strong>de</strong></span> 
     </span>
    </p>
   </div>
   <div class='ocr_carea' id='block_1_105' title="bbox 2040 4934 3614 5008">
    <p class='ocr_par' dir='ltr' id='par_1_105' title="bbox 2040 4934 3614 5008">
     <span class='ocr_line' id='line_1_105' title="bbox 2040 4934 3614 5008; baseline 0.001 -15"><span class='ocrx_word' id='word_1_801' title='bbox 2040 4941 2150 5003; x_wconf 80' lang='lat' dir='ltr'><strong>bet,</strong></span> <span class='ocrx_word' id='word_1_802' title='bbox 2193 4939 2446 5008; x_wconf 84' lang='lat' dir='ltr'><strong>quoniam</strong></span> <span class='ocrx_word' id='word_1_803' title='bbox 2489 4953 2702 5006; x_wconf 83' lang='lat' dir='ltr'><strong>semper</strong></span> <span class='ocrx_word' id='word_1_804' title='bbox 2734 4937 2898 4990; x_wconf 91' lang='lat' dir='ltr'><strong>rebus</strong></span> <span class='ocrx_word' id='word_1_805' title='bbox 2949 4934 3134 4989; x_wconf 86' lang='lat' dir='ltr'><strong>dilecti</strong></span> <span class='ocrx_word' id='word_1_806' title='bbox 3170 4936 3442 5002; x_wconf 87' lang='lat' dir='ltr'><strong>convivit,</strong></span> <span class='ocrx_word' id='word_1_807' title='bbox 3493 4939 3614 4994; x_wconf 72' lang='lat' dir='ltr'><strong>slve</strong></span> 
     </span>
    </p>
   </div>
   <div class='ocr_carea' id='block_1_106' title="bbox 2037 5025 3605 5096">
    <p class='ocr_par' dir='ltr' id='par_1_106' title="bbox 2037 5025 3605 5096">
     <span class='ocr_line' id='line_1_106' title="bbox 2037 5025 3605 5096; baseline 0 -15"><span class='ocrx_word' id='word_1_808' title='bbox 2037 5028 2236 5096; x_wconf 79' lang='lat' dir='ltr'><strong>quibus</strong></span> <span class='ocrx_word' id='word_1_809' title='bbox 2266 5029 2601 5082; x_wconf 55' lang='lat' dir='ltr'><strong>inccs:auter</strong></span> <span class='ocrx_word' id='word_1_810' title='bbox 2632 5026 2891 5090; x_wconf 64' lang='lat' dir='ltr'><strong>oecurrit,</strong></span> <span class='ocrx_word' id='word_1_811' title='bbox 2923 5025 3037 5078; x_wconf 89' lang='lat' dir='ltr'><strong>sive</strong></span> <span class='ocrx_word' id='word_1_812' title='bbox 3065 5025 3266 5094; x_wconf 90' lang='lat' dir='ltr'><strong>quibus</strong></span> <span class='ocrx_word' id='word_1_813' title='bbox 3294 5026 3464 5080; x_wconf 89' lang='lat' dir='ltr'><strong>utitur</strong></span> <span class='ocrx_word' id='word_1_814' title='bbox 3487 5043 3605 5081; x_wconf 83' lang='lat' dir='ltr'><strong>cor-</strong></span> 
     </span>
    </p>
   </div>
   <div class='ocr_carea' id='block_1_107' title="bbox 2037 5116 3610 5189">
    <p class='ocr_par' dir='ltr' id='par_1_107' title="bbox 2037 5116 3610 5189">
     <span class='ocr_line' id='line_1_107' title="bbox 2037 5116 3610 5189; baseline -0.002 -16"><span class='ocrx_word' id='word_1_815' title='bbox 2037 5135 2191 5187; x_wconf 88' lang='lat' dir='ltr'><strong>pore.</strong></span> <span class='ocrx_word' id='word_1_816' title='bbox 2237 5121 2352 5174; x_wconf 78' lang='lat' dir='ltr'><strong>sive</strong></span> <span class='ocrx_word' id='word_1_817' title='bbox 2395 5134 2517 5189; x_wconf 84' lang='lat' dir='ltr'><strong>qu.e</strong></span> <span class='ocrx_word' id='word_1_818' title='bbox 2571 5119 2848 5186; x_wconf 70' lang='lat' dir='ltr'><strong>recogitat,</strong></span> <span class='ocrx_word' id='word_1_819' title='bbox 2893 5116 3008 5169; x_wconf 77' lang='lat' dir='ltr'><strong>sive</strong></span> <span class='ocrx_word' id='word_1_820' title='bbox 3074 5116 3273 5184; x_wconf 84' lang='lat' dir='ltr'><strong>quibus</strong></span> <span class='ocrx_word' id='word_1_821' title='bbox 3335 5120 3610 5187; x_wconf 77' lang='lat' dir='ltr'><strong>consistit,</strong></span> 
     </span>
    </p>
   </div>
   <div class='ocr_carea' id='block_1_108' title="bbox 2037 5208 3613 5280">
    <p class='ocr_par' dir='ltr' id='par_1_108' title="bbox 2037 5208 3613 5280">
     <span class='ocr_line' id='line_1_108' title="bbox 2037 5208 3613 5280; baseline -0.003 -16"><span class='ocrx_word' id='word_1_822' title='bbox 2037 5211 2150 5265; x_wconf 87' lang='lat' dir='ltr'><strong>sive</strong></span> <span class='ocrx_word' id='word_1_823' title='bbox 2189 5211 2390 5278; x_wconf 80' lang='lat' dir='ltr'><strong>quibus</strong></span> <span class='ocrx_word' id='word_1_824' title='bbox 2415 5211 2562 5271; x_wconf 77' lang='lat' dir='ltr'><strong>vivit.</strong></span> <span class='ocrx_word' id='word_1_825' title='bbox 2596 5216 2866 5272; x_wconf 84' lang='lat' dir='ltr'><strong>snpcrest,</strong></span> <span class='ocrx_word' id='word_1_826' title='bbox 2897 5220 2949 5262; x_wconf 92' lang='lat' dir='ltr'><strong>et</strong></span> <span class='ocrx_word' id='word_1_827' title='bbox 2979 5208 3184 5277; x_wconf 91' lang='lat' dir='ltr'><strong>aliquid</strong></span> <span class='ocrx_word' id='word_1_828' title='bbox 3205 5209 3366 5273; x_wconf 88' lang='lat' dir='ltr'><strong>valet,</strong></span> <span class='ocrx_word' id='word_1_829' title='bbox 3400 5218 3613 5280; x_wconf 83' lang='lat' dir='ltr'><strong>etquo.</strong></span> 
     </span>
    </p>
   </div>
   <div class='ocr_carea' id='block_1_109' title="bbox 2038 5296 3606 5370">
    <p class='ocr_par' dir='ltr' id='par_1_109' title="bbox 2038 5296 3606 5370">
     <span class='ocr_line' id='line_1_109' title="bbox 2038 5296 3606 5370; baseline 0.003 -18"><span class='ocrx_word' id='word_1_830' title='bbox 2038 5315 2148 5369; x_wconf 89' lang='lat' dir='ltr'><strong>qtto</strong></span> <span class='ocrx_word' id='word_1_831' title='bbox 2181 5301 2340 5354; x_wconf 87' lang='lat' dir='ltr'><strong>modo</strong></span> <span class='ocrx_word' id='word_1_832' title='bbox 2380 5315 2502 5354; x_wconf 87' lang='lat' dir='ltr'><strong>sese</strong></span> <span class='ocrx_word' id='word_1_833' title='bbox 2542 5307 2722 5352; x_wconf 83' lang='lat' dir='ltr'><strong>movet</strong></span> <span class='ocrx_word' id='word_1_834' title='bbox 2752 5309 2805 5352; x_wconf 85' lang='lat' dir='ltr'><strong>et</strong></span> <span class='ocrx_word' id='word_1_835' title='bbox 2852 5299 2984 5366; x_wconf 85' lang='lat' dir='ltr'><strong>agit.</strong></span> <span class='ocrx_word' id='word_1_836' title='bbox 3019 5296 3143 5352; x_wconf 68' lang='lat' dir='ltr'><strong>llaec</strong></span> <span class='ocrx_word' id='word_1_837' title='bbox 3178 5301 3362 5354; x_wconf 89' lang='lat' dir='ltr'><strong>omnia</strong></span> <span class='ocrx_word' id='word_1_838' title='bbox 3388 5301 3606 5370; x_wconf 89' lang='lat' dir='ltr'><strong>quidem</strong></span> 
     </span>
    </p>
   </div>
   <div class='ocr_carea' id='block_1_110' title="bbox 361 5390 1943 5463">
    <p class='ocr_par' dir='ltr' id='par_1_110' title="bbox 361 5393 1930 5463">
     <span class='ocr_line' id='line_1_110' title="bbox 361 5393 1930 5463; baseline 0.001 -17"><span class='ocrx_word' id='word_1_839' title='bbox 361 5394 453 5446; x_wconf 87' lang='grc' dir='ltr'><strong>δεν</strong></span> <span class='ocrx_word' id='word_1_840' title='bbox 481 5393 618 5461; x_wconf 80' lang='grc' dir='ltr'><strong>ἔργα</strong></span> <span class='ocrx_word' id='word_1_841' title='bbox 651 5394 808 5454; x_wconf 81' lang='grc' dir='ltr'><strong>Θεοῦ,</strong></span> <span class='ocrx_word' id='word_1_842' title='bbox 839 5394 1017 5447; x_wconf 86' lang='grc' dir='ltr'><strong>πάντα</strong></span> <span class='ocrx_word' id='word_1_843' title='bbox 1039 5393 1094 5446; x_wconf 83' lang='grc' dir='ltr'><strong>δὲ</strong></span> <span class='ocrx_word' id='word_1_844' title='bbox 1129 5393 1278 5463; x_wconf 87' lang='grc' dir='ltr'><strong>αὑτῷ</strong></span> <span class='ocrx_word' id='word_1_845' title='bbox 1323 5395 1544 5463; x_wconf 66' lang='grc' dir='ltr'><strong>συκεχῆ,</strong></span> <span class='ocrx_word' id='word_1_846' title='bbox 1575 5393 1697 5444; x_wconf 84' lang='grc' dir='ltr'><strong>ὅθεν</strong></span> <span class='ocrx_word' id='word_1_847' title='bbox 1752 5394 1930 5448; x_wconf 85' lang='grc' dir='ltr'><strong>πάντα</strong></span> 
     </span>
    </p>
   </div>
   <div class='ocr_carea' id='block_1_111' title="bbox 2040 5390 3610 5463">
    <p class='ocr_par' dir='ltr' id='par_1_111' title="bbox 2040 5390 3610 5460">
     <span class='ocr_line' id='line_1_111' title="bbox 2040 5390 3610 5460; baseline 0.001 -15"><span class='ocrx_word' id='word_1_848' title='bbox 2040 5406 2185 5459; x_wconf 78' lang='lat' dir='ltr'><strong>)pet&#39;u</strong></span> <span class='ocrx_word' id='word_1_849' title='bbox 2211 5390 2299 5444; x_wconf 89' lang='lat' dir='ltr'><strong>Dei</strong></span> <span class='ocrx_word' id='word_1_850' title='bbox 2328 5391 2497 5454; x_wconf 86' lang='lat' dir='ltr'><strong>novit,</strong></span> <span class='ocrx_word' id='word_1_851' title='bbox 2528 5392 2621 5444; x_wconf 89' lang='lat' dir='ltr'><strong>sed</strong></span> <span class='ocrx_word' id='word_1_852' title='bbox 2647 5390 2750 5460; x_wconf 90' lang='lat' dir='ltr'><strong>ipsi</strong></span> <span class='ocrx_word' id='word_1_853' title='bbox 2769 5401 2898 5444; x_wconf 89' lang='lat' dir='ltr'><strong>sunt</strong></span> <span class='ocrx_word' id='word_1_854' title='bbox 2923 5392 3204 5455; x_wconf 87' lang='lat' dir='ltr'><strong>continua;</strong></span> <span class='ocrx_word' id='word_1_855' title='bbox 3230 5390 3412 5444; x_wconf 89' lang='lat' dir='ltr'><strong>omnia</strong></span> <span class='ocrx_word' id='word_1_856' title='bbox 3440 5393 3610 5460; x_wconf 87' lang='lat' dir='ltr'><strong>igitur</strong></span> 
     </span>
    </p>
   </div>
   <div class='ocr_carea' id='block_1_112' title="bbox 370 5483 1929 5554">
    <p class='ocr_par' dir='ltr' id='par_1_112' title="bbox 370 5483 1929 5554">
     <span class='ocr_line' id='line_1_112' title="bbox 370 5483 1929 5554; baseline 0.001 -18"><span class='ocrx_word' id='word_1_857' title='bbox 370 5485 472 5554; x_wconf 83' lang='grc' dir='ltr'><strong>μὲν</strong></span> <span class='ocrx_word' id='word_1_858' title='bbox 506 5485 778 5554; x_wconf 72' lang='grc' dir='ltr'><strong>αὐτῷτὴν</strong></span> <span class='ocrx_word' id='word_1_859' title='bbox 808 5486 1019 5538; x_wconf 76' lang='grc' dir='ltr'><strong>ἐκείνου</strong></span> <span class='ocrx_word' id='word_1_860' title='bbox 1074 5486 1334 5553; x_wconf 83' lang='grc' dir='ltr'><strong>συντηρεί</strong></span> <span class='ocrx_word' id='word_1_861' title='bbox 1381 5485 1623 5554; x_wconf 83' lang='grc' dir='ltr'><strong>μνήμην,</strong></span> <span class='ocrx_word' id='word_1_862' title='bbox 1665 5483 1841 5537; x_wconf 86' lang='grc' dir='ltr'><strong>πάντα</strong></span> <span class='ocrx_word' id='word_1_863' title='bbox 1871 5485 1929 5538; x_wconf 76' lang='grc' dir='ltr'>δὲ</span> 
     </span>
    </p>
   </div>
   <div class='ocr_carea' id='block_1_113' title="bbox 362 5574 1928 5648">
    <p class='ocr_par' dir='ltr' id='par_1_113' title="bbox 362 5574 1928 5648">
     <span class='ocr_line' id='line_1_113' title="bbox 362 5574 1928 5648; baseline -0.001 -19"><span class='ocrx_word' id='word_1_864' title='bbox 362 5577 426 5629; x_wconf 84' lang='grc' dir='ltr'><strong>τὸ</strong></span> <span class='ocrx_word' id='word_1_865' title='bbox 454 5577 680 5648; x_wconf 84' lang='grc' dir='ltr'><strong>φίλτρον</strong></span> <span class='ocrx_word' id='word_1_866' title='bbox 718 5576 987 5631; x_wconf 77' lang='grc' dir='ltr'><strong>ἄσϐεστον</strong></span> <span class='ocrx_word' id='word_1_867' title='bbox 1044 5575 1323 5644; x_wconf 86' lang='grc' dir='ltr'><strong>φυλάττει,</strong></span> <span class='ocrx_word' id='word_1_868' title='bbox 1373 5575 1546 5627; x_wconf 84' lang='grc' dir='ltr'><strong>πάντα</strong></span> <span class='ocrx_word' id='word_1_869' title='bbox 1600 5574 1658 5627; x_wconf 78' lang='grc' dir='ltr'><strong>δὲ</strong></span> <span class='ocrx_word' id='word_1_870' title='bbox 1717 5575 1928 5644; x_wconf 82' lang='grc' dir='ltr'><strong>τέρπει,</strong></span> 
     </span>
    </p>
   </div>
   <div class='ocr_carea' id='block_1_114' title="bbox 364 5664 1930 5732">
    <p class='ocr_par' dir='ltr' id='par_1_114' title="bbox 364 5664 1930 5732">
     <span class='ocr_line' id='line_1_114' title="bbox 364 5664 1930 5732; baseline -0.002 -10"><span class='ocrx_word' id='word_1_871' title='bbox 364 5668 462 5722; x_wconf 76' lang='grc' dir='ltr'><strong>καὶ</strong></span> <span class='ocrx_word' id='word_1_872' title='bbox 492 5666 616 5720; x_wconf 75' lang='grc' dir='ltr'><strong>οὔτε</strong></span> <span class='ocrx_word' id='word_1_873' title='bbox 653 5668 816 5730; x_wconf 77' lang='grc' dir='ltr'><strong>αὐτὸς</strong></span> <span class='ocrx_word' id='word_1_874' title='bbox 843 5667 910 5721; x_wconf 82' lang='grc' dir='ltr'><strong>ἂν</strong></span> <span class='ocrx_word' id='word_1_875' title='bbox 933 5669 1127 5720; x_wconf 76' lang='grc' dir='ltr'><strong>ἑαυτὸν</strong></span> <span class='ocrx_word' id='word_1_876' title='bbox 1169 5665 1450 5732; x_wconf 86' lang='grc' dir='ltr'><strong>ἀπολίποι,</strong></span> <span class='ocrx_word' id='word_1_877' title='bbox 1492 5664 1618 5718; x_wconf 79' lang='grc' dir='ltr'><strong>οὐδὲ</strong></span> <span class='ocrx_word' id='word_1_878' title='bbox 1673 5666 1930 5719; x_wconf 81' lang='grc' dir='ltr'><strong>παύσαιτ’</strong></span> 
     </span>
    </p>
   </div>
   <div class='ocr_carea' id='block_1_115' title="bbox 361 5755 1932 5830">
    <p class='ocr_par' dir='ltr' id='par_1_115' title="bbox 361 5755 1932 5830">
     <span class='ocr_line' id='line_1_115' title="bbox 361 5755 1932 5830; baseline -0.003 -16"><span class='ocrx_word' id='word_1_879' title='bbox 361 5762 433 5814; x_wconf 78' lang='grc' dir='ltr'><strong>ἂν</strong></span> <span class='ocrx_word' id='word_1_880' title='bbox 468 5759 647 5830; x_wconf 76' lang='grc' dir='ltr'><strong>ἑαυτῷ</strong></span> <span class='ocrx_word' id='word_1_881' title='bbox 676 5759 872 5825; x_wconf 82' lang='grc' dir='ltr'><strong>συνὼν,</strong></span> <span class='ocrx_word' id='word_1_882' title='bbox 910 5757 1034 5813; x_wconf 77' lang='grc' dir='ltr'><strong>οὔτε</strong></span> <span class='ocrx_word' id='word_1_883' title='bbox 1065 5757 1165 5830; x_wconf 81' lang='grc' dir='ltr'><strong>τὴν</strong></span> <span class='ocrx_word' id='word_1_884' title='bbox 1211 5757 1388 5830; x_wconf 71' lang='grc' dir='ltr'>χαρὰν</span> <span class='ocrx_word' id='word_1_885' title='bbox 1422 5756 1626 5827; x_wconf 83' lang='grc' dir='ltr'><strong>ταύτην</strong></span> <span class='ocrx_word' id='word_1_886' title='bbox 1666 5755 1932 5827; x_wconf 84' lang='grc' dir='ltr'><strong>διακοπῆ-</strong></span> 
     </span>
    </p>
   </div>
   <div class='ocr_carea' id='block_1_116' title="bbox 2026 5481 3604 5554">
    <p class='ocr_par' dir='ltr' id='par_1_116' title="bbox 2026 5481 3604 5554">
     <span class='ocr_line' id='line_1_116' title="bbox 2026 5481 3604 5554; baseline 0.001 -17"><span class='ocrx_word' id='word_1_887' title='bbox 2026 5483 2128 5554; x_wconf 89' lang='lat' dir='ltr'><strong>ipsi</strong></span> <span class='ocrx_word' id='word_1_888' title='bbox 2161 5484 2478 5536; x_wconf 78' lang='lat' dir='ltr'><strong>memoriam</strong></span> <span class='ocrx_word' id='word_1_889' title='bbox 2516 5481 2661 5536; x_wconf 85' lang='lat' dir='ltr'><strong>illius</strong></span> <span class='ocrx_word' id='word_1_890' title='bbox 2693 5489 2977 5552; x_wconf 58' lang='lat' dir='ltr'><strong>praestant,</strong></span> <span class='ocrx_word' id='word_1_891' title='bbox 3023 5490 3220 5536; x_wconf 90' lang='lat' dir='ltr'><strong>cuncta</strong></span> <span class='ocrx_word' id='word_1_892' title='bbox 3257 5481 3604 5538; x_wconf 87' lang='lat' dir='ltr'><strong>dilectionem</strong></span> 
     </span>
    </p>
   </div>
   <div class='ocr_carea' id='block_1_117' title="bbox 2029 5573 3608 5646">
    <p class='ocr_par' dir='ltr' id='par_1_117' title="bbox 2029 5573 3608 5646">
     <span class='ocr_line' id='line_1_117' title="bbox 2029 5573 3608 5646; baseline 0 -17"><span class='ocrx_word' id='word_1_893' title='bbox 2029 5575 2530 5646; x_wconf 83' lang='lat' dir='ltr'><strong>inexstiuguibilem</strong></span> <span class='ocrx_word' id='word_1_894' title='bbox 2566 5584 2806 5639; x_wconf 85' lang='lat' dir='ltr'><strong>servant,</strong></span> <span class='ocrx_word' id='word_1_895' title='bbox 2856 5582 3054 5630; x_wconf 86' lang='lat' dir='ltr'><strong>cuncta</strong></span> <span class='ocrx_word' id='word_1_896' title='bbox 3085 5573 3381 5637; x_wconf 74' lang='lat' dir='ltr'><strong>laetiﬁcum;</strong></span> <span class='ocrx_word' id='word_1_897' title='bbox 3425 5583 3481 5628; x_wconf 88' lang='lat' dir='ltr'><strong>et</strong></span> <span class='ocrx_word' id='word_1_898' title='bbox 3512 5591 3608 5629; x_wconf 91' lang='lat' dir='ltr'><strong>ne-</strong></span> 
     </span>
    </p>
   </div>
   <div class='ocr_carea' id='block_1_118' title="bbox 2029 5667 3604 5740">
    <p class='ocr_par' dir='ltr' id='par_1_118' title="bbox 2029 5667 3604 5740">
     <span class='ocr_line' id='line_1_118' title="bbox 2029 5667 3604 5740; baseline 0 -18"><span class='ocrx_word' id='word_1_899' title='bbox 2029 5684 2135 5738; x_wconf 85' lang='lat' dir='ltr'><strong>que</strong></span> <span class='ocrx_word' id='word_1_900' title='bbox 2171 5667 2518 5737; x_wconf 73' lang='lat' dir='ltr'><strong>semetipsum</strong></span> <span class='ocrx_word' id='word_1_901' title='bbox 2586 5669 2701 5739; x_wconf 82' lang='lat' dir='ltr'><strong>ipse</strong></span> <span class='ocrx_word' id='word_1_902' title='bbox 2767 5670 3164 5740; x_wconf 85' lang='lat' dir='ltr'><strong>derelinqueret</strong></span> <span class='ocrx_word' id='word_1_903' title='bbox 3193 5710 3210 5736; x_wconf 92' lang='lat'><strong>,</strong></span> <span class='ocrx_word' id='word_1_904' title='bbox 3257 5683 3430 5738; x_wconf 87' lang='lat' dir='ltr'><strong>nequc</strong></span> <span class='ocrx_word' id='word_1_905' title='bbox 3481 5685 3604 5722; x_wconf 84' lang='lat' dir='ltr'><strong>ces-</strong></span> 
     </span>
    </p>
   </div>
   <div class='ocr_carea' id='block_1_119' title="bbox 2030 5763 3604 5836">
    <p class='ocr_par' dir='ltr' id='par_1_119' title="bbox 2030 5763 3604 5836">
     <span class='ocr_line' id='line_1_119' title="bbox 2030 5763 3604 5836; baseline 0.001 -20"><span class='ocrx_word' id='word_1_906' title='bbox 2030 5769 2177 5816; x_wconf 86' lang='lat' dir='ltr'><strong>saret</strong></span> <span class='ocrx_word' id='word_1_907' title='bbox 2215 5775 2336 5816; x_wconf 90' lang='lat' dir='ltr'><strong>esse</strong></span> <span class='ocrx_word' id='word_1_908' title='bbox 2380 5763 2484 5819; x_wconf 85' lang='lat' dir='ltr'><strong>sibi</strong></span> <span class='ocrx_word' id='word_1_909' title='bbox 2535 5765 2810 5832; x_wconf 84' lang='lat' dir='ltr'><strong>conscius,</strong></span> <span class='ocrx_word' id='word_1_910' title='bbox 2837 5779 3012 5834; x_wconf 85' lang='lat' dir='ltr'><strong>neque</strong></span> <span class='ocrx_word' id='word_1_911' title='bbox 3049 5763 3164 5820; x_wconf 84' lang='lat' dir='ltr'><strong>fieri</strong></span> <span class='ocrx_word' id='word_1_912' title='bbox 3201 5771 3383 5836; x_wconf 83' lang='lat' dir='ltr'><strong>potest</strong></span> <span class='ocrx_word' id='word_1_913' title='bbox 3411 5773 3467 5819; x_wconf 90' lang='lat' dir='ltr'><strong>ut</strong></span> <span class='ocrx_word' id='word_1_914' title='bbox 3491 5763 3604 5818; x_wconf 72' lang='lat' dir='ltr'><strong>haec</strong></span> 
     </span>
    </p>
   </div>
  </div>
