4134 6314
587 329 686 395 ’111

1839 317 2154 382 NICOLAI
2194 315 2590 379 CABASILIB

3725 315 3839 382 712

590 449 745 513 gunt.
797 438 858 496 Si
906 451 1035 494 vero
1065 448 1288 508 quoque
1325 441 1583 505 tanquam
1628 431 1833 502 aliquid
1882 433 2163 503 proprium

2272 427 2548 498 φιλοῦσιν,
2577 425 2698 482 ἀλλ’
2721 426 2956 489 ἐκεῖνον,
2983 423 3056 479 δι’
3082 422 3142 476 ὃν
3171 420 3439 494 φιλοῦσιν.
3470 419 3535 474 Ei
3563 418 3620 472 δέ
3645 421 3743 474 καὶ
3767 421 3850 485 ὡς

585 532 871 601 diligimus
897 527 1160 591 animam,
1182 524 1378 601 magis
1409 522 1566 578 nobis
1603 521 1858 592 proprius
1885 531 1965 577 est
1994 537 2160 592 quam

588 600 708 693 ipsa
747 621 930 676 anima
962 600 1235 682 Salvator,
1268 625 1324 670 et
1355 616 1449 685 qui
1486 615 1592 669 hoc
1643 613 1821 668 solum
1868 629 1966 683 per
1995 614 2160 668 vitam

588 715 898 778 attendunt,
930 713 1110 767 sciunt
1131 709 1465 763 Salvatorem
1498 705 1564 761 ad
1595 721 1786 760 omnes
1813 704 1962 776 ipsos
1986 704 2166 760 affini-

593 816 759 860 tatem
814 803 1175 864 contraxisse,
1225 811 1278 855 et
1312 814 1406 868 per
1446 797 1595 852 illum
1645 797 1777 865 ipsis
1822 798 2060 851 animam
2109 806 2164 852 et

590 899 766 968 ipsum
811 912 931 952 esse
973 894 1176 964 aliquid
1210 894 1435 948 charum
1478 901 1534 945 et
1579 892 1962 962 propinquum.
1997 888 2165 944 Nam-

591 1005 699 1058 que
729 987 928 1056 satagit
977 985 1178 1054 aliquis
1218 984 1270 1037 in
1307 982 1572 1052 scipsum,
1615 983 1872 1052 quoniam
1903 979 2162 1050 agitatur,

587 1090 642 1134 et
677 1081 914 1148 quietetn
949 1077 1192 1129 invenire
1238 1090 1344 1128 non
1398 1082 1592 1141 potest.
1635 1072 1740 1126 nisi
1801 1073 1966 1126 Deum
2007 1071 2161 1124 inve—

591 1173 726 1231 niat.
781 1179 976 1238 praeter
1009 1168 1164 1249 [istos
1213 1178 1394 1222 autem
1447 1177 1627 1222 rectos
1679 1179 1860 1219 rerum
1901 1163 2162 1228 arbitros,

592 1280 732 1334 quos
776 1278 895 1318 esse
939 1262 1238 1330 putandum
1287 1269 1370 1314 est
1416 1259 1468 1312 in
1495 1258 1716 1312 Christo
1755 1257 2022 1320 viventes,
2055 1271 2164 1310 non

590 1365 768 1410 autem
803 1353 972 1408 Deum
1011 1354 1168 1407 rebus
1201 1352 1266 1405 ad
1305 1354 1478 1422 ipsum
1510 1348 1908 1418 pertinentibus
1937 1359 2162 1401 exuere.

590 1446 706 1502 Hoc
741 1458 919 1500 autem
975 1445 1054 1506 lit,
1101 1445 1146 1500 si
1197 1459 1321 1499 cum
1371 1442 1572 1496 bonum
1616 1441 1687 1496 sit
1727 1440 2028 1510 perfectum
2061 1436 2166 1490 im-

589 1538 828 1608 perfecta
897 1538 1164 1591 charitate
1240 1535 1574 1606 diligimus;
1656 1530 1968 1602 imperfecte
2035 1542 2166 1583 vero

589 1628 954 1696 diligimus,si
991 1627 1118 1696 quid
1157 1625 1302 1680 aliud
1335 1625 1635 1694 diligimus,
1658 1637 1898 1676 amorem
1926 1621 2006 1674 sic
2027 1619 2166 1674 divi-

588 1717 800 1771 dentes.
851 1715 983 1770 Nam
1016 1717 1096 1769 lex
1130 1716 1203 1769 ait
1243 1732 1257 1768 :
1293 1732 1313 1767 ι
1346 1716 1420 1768 Ex
1475 1724 1586 1769 tota
1635 1713 1816 1768 anima
1863 1721 1916 1766 et
1957 1726 2022 1766 ex
2056 1721 2166 1765 tcta

2265 519 2470 574 οἰκεῖόν
2488 538 2543 573 τι
2565 519 2668 591 τὴν
2692 517 2876 589 ψυχὴν
2905 515 3191 586 φιλοῦμεν,
3223 513 3553 584 οἰκειότερος
3575 514 3712 582 ⁴ἡμῖν
3748 516 3848 568 καὶ

2263 611 2364 681 τῆς
2408 610 2592 682 ψυχῆς
2630 611 2802 681 αὐτῆς
2842 609 2870 661 ὀ
2916 608 3129 678 Σωτὴρ,
3160 606 3256 660 καὶ
3299 605 3349 658 οἳ
3390 604 3550 658 τοῦτο
3589 604 3683 658 διὰ
3719 604 3846 673 βίου

2266 701 2530 756 σκοποῦσι
2592 703 2778 772 μόνον,
2829 699 2982 753 ῐσασι
3034 698 3126 752 τὸν
3184 696 3420 766 Σωτῆρα
3470 695 3610 766 πρὸς
3671 698 3848 750 πᾶσιν

2219 837 2232 846 .
2264 793 2450 857 αὐτοῖς
2473 793 2798 862 συγγένειαν
2821 779 3198 863 ἡρμοσμένον,
3219 789 3316 842 καί
3339 787 3410 841 δι’
3430 787 3637 841 ἐκεῖνον
3657 787 3849 852 αὐτοῖς

2264 884 2362 937 καί
2388 884 2488 956 τὴν
2519 885 2698 957 ψυχὴν
2729 885 2825 939 καὶ
2851 885 2983 937 αὐτὸ
3012 885 3073 937 τὸ
3097 880 3238 935 εἰναι
3270 882 3427 949 φίλον
3449 882 3545 934 καί
3580 881 3849 950 συγγενὲς

2267 973 2327 1027 δν
2363 987 2380 1005 ⁶
2408 976 2505 1027 καὶ
2549 976 2660 1046 γὰρ
2713 973 3007 1028 σπεύδεται
3058 990 3143 1036 τις
3179 973 3314 1042 πρὸς
3357 973 3574 1036 ἑαυτὸν,
3617 973 3701 1027 ὅτι
3747 975 3845 1026 καὶ

2267 1065 2574 1130 στασιάζει,
2610 1068 2704 1120 καί
2757 1068 2858 1120 οὐκ
2921 1065 2988 1119 ἂν
3042 1065 3195 1136 τύχοι
3229 1064 3492 1134 γαλήνης,
3543 1068 3591 1118 εί
3644 1066 3719 1136 μὴ
3745 1065 3845 1120 τοῦ

2265 1153 2404 1208 Θεοῦ
2428 1156 2603 1226 τύχοι,
2639 1157 2810 1227 χωρὶς
2841 1155 2899 1209 δὲ
2937 1155 3143 1208 τούτων
3167 1157 3292 1218 τοὺς
3325 1155 3522 1224 ὀρθοὺς
3553 1156 3664 1211 τῶν
3694 1175 3843 1226 πρα-

2267 1247 2498 1316 γμάτων
2547 1249 2857 1318 διαιτητὰς,
2909 1247 3005 1309 οὒς
3037 1246 3178 1300 εἶναι
3228 1248 3334 1318 χρὴ
3366 1247 3588 1318 νομίσαι
3623 1251 3748 1311 τοὺς
3783 1251 3847 1302 ἐν

2267 1340 2490 1411 Χριστῷ
2521 1341 2753 1404 ζῶντας,
2785 1341 2860 1412 μὴ
2888 1340 2980 1394 τὸν
3001 1340 3134 1393 Θεὸν
3149 1341 3257 1394 τῶν
3279 1341 3427 1409 αὑτῷ
3450 1343 3846 1412 προσηκόντων

2265 1434 2618 1502 ἀποστερεῖν.
2649 1433 2822 1485 Τοῦτο
2864 1432 2922 1486 δέ
2969 1434 3142 1498 ἐστιν,
3196 1432 3246 1484 εί
3295 1433 3505 1486 τέλειον
3537 1433 3744 1501 ἀγαθὸν
3785 1433 3847 1487 ὃν

2266 1525 2451 1578 ἀτελεῖ
2476 1529 2543 1596 τῇ
2579 1525 2713 1594 παρ’
2741 1526 2880 1597 ἡμῖν
2913 1522 3184 1595 φιλοῦμεν
3212 1524 3423 1594 ἀγάπῃ,
3469 1525 3678 1590 ἀτελῶς
3703 1525 3749 1578 δ’
3779 1526 3846 1580 ἂν

2269 1617 2542 1686 φιλοῖμεν.
2572 1619 2625 1672 ετ
2651 1635 2702 1671 τι
2733 1618 2827 1670 καὶ
2849 1616 2979 1669 ἀλλο
3011 1615 3302 1686 φιλοῦμεν,
3336 1617 3398 1670 τὸ
3430 1617 3656 1686 φίλτρον
3687 1619 3844 1690 μερί-

2269 1708 2455 1771 ζοντες
2473 1723 2487 1737 ’
2517 1709 2640 1762 ἐπεὶ
2666 1711 2759 1762 καὶ
2777 1708 2806 1760 ὁ
2829 1709 3013 1778 νόμος,
3042 1727 3060 1762 ι
3084 1706 3174 1773 Ἐξ
3193 1709 3344 1779 ὅλης.
3367 1711 3522 1780 φησιν
3548 1710 3648 1779 τῆς
3666 1711 3844 1781 ψυχῆς

591 1817 768 1861 mente
788 1806 955 1860 Deum
977 1807 1190 1877 diliges.
1217 1824 1236 1857 ι
1255 1806 1388 1862 Cum
1409 1807 1573 1876 igitur
1587 1820 1802 1860 omnem
1822 1803 2163 1859 dilectionem

2273 1801 2368 1853 καί
2425 1800 2488 1865 ἐξ
2544 1801 2676 1870 ὅλης
2727 1803 2827 1872 τῆς
2860 1801 3101 1865 διανοίας
3128 1801 3220 1854 τὸν
3254 1801 3386 1856 Θεὸν
3433 1803 3772 1873 ἀγαπήσεις.
3818 1825 3837 1859 ι

589 1897 644 1950 in
673 1897 852 1965 ipsum
891 1897 1126 1951 ferentes
1157 1907 1450 1966 reponunt.
1480 1913 1578 1952 uec
1605 1897 1768 1954 uUam
1800 1895 2010 1950 amoris
2044 1909 2165 1964 par-

590 1997 699 2042 tem
745 1991 869 2044 aliis
921 1998 1017 2044 aut
1066 1989 1426 2058 sibimetipsis
1473 1990 1811 2059 relinquunt,
1861 2002 1893 2042 a
1942 1987 2167 2057 proprio

590 2083 984 2150 communique
1036 2098 1201 2138 sensu
1257 2081 1482 2135 abeunt.
1519 2079 1673 2147 Quod
1727 2080 1874 2134 enim
1923 2079 2166 2149 undique

589 2172 953 2241 conjunctum
985 2181 1089 2236 est,
1123 2173 1226 2226 hoc
1253 2181 1339 2227 est
1368 2186 1546 2226 amor.
1563 2171 1656 2226 Sic
1683 2179 1866 2226 autem
1901 2169 1969 2225 ad
1987 2171 2164 2224 solum

593 2265 762 2320 Deum
795 2280 915 2321 sese
947 2266 1311 2335 undequaque
1345 2263 1773 2328 transferentes,
1811 2263 1910 2319 soli
1945 2263 2164 2333 quidem

593 2358 704 2413 Deo
729 2358 944 2421 vivunt,
979 2359 1157 2413 solum
1186 2356 1356 2412 Deum
1385 2355 1644 2426 diligunt,
1671 2371 1848 2425 eoque
1875 2355 1994 2410 solo
2027 2370 2164 2424 gau-

589 2449 758 2504 dent:
779 2447 1051 2518 siquidem
1087 2449 1172 2502 his
1199 2463 1320 2516 qua:
1341 2447 1648 2532 nobisgunt
1665 2446 1903 2500 maxime
1923 2444 2164 2514 propria,

591 2543 832 2607 studere,
865 2541 1136 2594 inhaerere
1169 2545 1224 2590 et
1263 2537 1524 2606 gaudere,
1554 2551 1659 2589 non
1691 2539 1794 2590 hoc
1831 2537 2011 2606 ipsum
2037 2533 2164 2589 facit

590 2633 735 2702 quod
783 2641 968 2684 nostra
1014 2638 1164 2694 sunt,
1229 2629 1323 2682 sed
1382 2629 1640 2696 quoniam
1703 2628 1806 2683 ista
1864 2626 2164 2697 diligimus,

592 2730 851 2789 tanquam
896 2719 1001 2772 hoc
1043 2730 1151 2771 non
1207 2716 1298 2779 sit,
1334 2717 1434 2768 hac
1471 2715 1801 2784 proprietate
1850 2728 1944 2780 per
1994 2714 2167 2783 ipsam

592 2827 694 2866 nos
718 2811 853 2880 ipsis
881 2807 1206 2863 consociare
1233 2805 1318 2860 vel
1336 2803 1516 2858 facere
1531 2805 1768 2873 gaudere
1797 2818 1903 2857 non
1928 2803 2165 2857 valente.

597 2889 766 2956 Multa
821 2909 954 2955 sunt
1001 2897 1146 2953 enim
1200 2910 1268 2950 ex
1311 2896 1516 2949 n0stris
1563 2910 1683 2964 quae
1731 2909 1834 2949 nos
1879 2893 2169 2949 fastidiunt

601 3005 656 3050 et
706 3009 828 3064 quae
878 2992 1037 3046 nobis
1082 2989 1214 3058 ipsis
1253 2987 1646 3056 exprobramus
1676 3005 1690 3040 :
1723 2986 1944 3056 quidam
1983 2993 2167 3040 autem

592 3082 922 3149 semetipsos
951 3076 1244 3132 manifeste
1271 3077 1530 3140 oderunt,
1555 3085 1611 3130 et
1631 3074 1816 3146 fugere
1830 3082 1885 3130 et
1912 3075 2050 3129 mori
2073 3089 2168 3128 cu-

2279 1891 2432 1945 Ἐπεί
2462 1891 2645 1946 τοίνυν
2671 1895 2854 1946 πᾶσαν
2881 1894 2962 1955 εἰς
2981 1893 3192 1946 ἐκεῖνον
3217 1895 3479 1964 φέροντες
3506 1895 3718 1950 τιθέασι
3745 1897 3842 1967 τὴν

2266 1983 2518 2052 ἀγάπην,
2571 1983 2666 2036 καὶ
2696 1983 2884 2054 φιλίας
2916 1984 3081 2054 μέρος
3117 1984 3270 2037 οὐδὲν
3305 1983 3429 2037 οὔτε
3461 1983 3645 2046 ἄλλοις
3673 2004 3844 2040 κατα-

2265 2076 2545 2130 λείπουσιν
2567 2076 2690 2129 οὔτε
2717 2077 2904 2145 σφίσιν
2929 2078 3138 2139 αὐτοῖς,
3164 2079 3228 2148 τῇ
3259 2075 3455 2148 γνώμῃ
3485 2079 3638 2146 σφῶν
3663 2081 3841 2134 αὐτῶν

2267 2168 2364 2222 καὶ
2387 2168 2605 2223 πάντων
2623 2167 2993 2238 ἀποδημοῦσι.
3021 2167 3092 2222 Τὸ
3112 2168 3221 2239 γὰρ
3243 2171 3518 2224 συνάπτον
3534 2169 3842 2242 ἑκασταχοῦ

2265 2261 2329 2314 τὸ
2379 2261 2603 2332 φίλτρον
2656 2260 2836 2314 ἐστίν’
2889 2259 3033 2314 οὕτω
3067 2260 3123 2313 δὲ
3159 2261 3300 2331 πρὸς
3353 2261 3444 2316 τὸν
3495 2263 3630 2318 Θεδν
3685 2267 3845 2335 μόνον

2270 2353 2502 2415 ἑαυτοὺς
2539 2353 2881 2423 πανταχόθεν
2911 2353 3338 2422 μετενεγκόντες
3375 2355 3525 2426 μόνῳ
3557 2356 3660 2426 μὲν
3688 2356 3841 2423 ζῶσι,

2269 2447 2433 2516 μόνον
2460 2447 2518 2500 δὲ
2552 2445 2796 2515 φιλοῦσι,
2835 2446 2981 2516 μόνῳ
3009 2447 3065 2500 δὲ
3100 2447 3420 2516 χαίρουσιν⁶
3455 2451 3578 2502 ἐπεὶ
3611 2452 3842 2514 καὶτοῖς

2267 2540 2424 2609 ἡμῶν
2443 2540 2623 2593 αὐτῶν
2646 2542 2758 2601 τοῖς
2782 2539 3142 2603 οἰκειοτάτοις
3168 2538 3457 2609 βούλεσθαι
3481 2542 3574 2594 καί
3601 2545 3843 2596 συνεῖναι

2267 2633 2362 2685 καὶ
2392 2631 2629 2703 χαίρειν,
2662 2631 2722 2684 οὐ
2752 2630 2903 2685 τοῦτ’
2933 2630 3068 2684 αὐτὸ
3117 2634 3267 2685 ποιεῖ
3295 2631 3357 2685 τὸ
3395 2633 3646 2703 ἡμέτερα
3677 2630 3837 2697 εἶναι,

2267 2723 2385 2779 ἀλλ’
2419 2725 2506 2778 ὅτι
2537 2723 2631 2777 καὶ
2659 2723 2802 2778 αὐτὰ
2829 2721 3114 2793 φιλοῦμεν,
3145 2721 3222 2788 ὣς
3260 2726 3326 2778 ἂν
3365 2725 3440 2796 μὴ
3471 2724 3627 2779 τοῦτο
3653 2723 3710 2802 ᾖ.
3741 2727 3841 2797 τῆς

2266 2817 2606 2886 οἰκειότητος
2635 2814 2842 2886 ταύτης
2864 2815 2931 2868 δι’
2963 2813 3164 2885 ἑαυτὴν
3199 2815 3457 2884 συνάγειν
3482 2818 3631 2886 ἡμᾶς
3657 2817 3842 2881 αὐτοῖς

2267 2907 2301 2978 ἢ
2344 2906 2576 2976 ποιῆσαι
2608 2907 2828 2978 χαίρειν
2865 2907 2941 2978 μὴ
2983 2906 3320 2976 δυναμένης.
3366 2907 3543 2960 Πολλά
3575 2909 3684 2978 γάρ
3729 2909 3842 2964 τῶν

2269 2999 2556 3070 ἡμετέρων
2577 3000 2727 3070 ἡμᾶς
2759 2999 2908 3070 ἀνιᾷ,
2957 3001 3052 3051 καὶ
3081 2999 3146 3068 δὴ
3192 2997 3286 3050 καὶ
3313 2998 3445 3067 ἡμῖν
3470 2999 3654 3060 αὐτοῖς
3684 2999 3837 3052 ἔστιν

2270 3085 2346 3146 ὧν
2367 3091 2715 3162 ἐπιτιμῶμεν
2737 3108 2751 3122 ·
2769 3091 2904 3145 ἔνιοι
2927 3090 2983 3145 δὲ
3005 3092 3146 3160 σφᾶς
3167 3089 3355 3154 αὐτοὺς
3373 3089 3585 3160 ἧδηνκαί
3608 3091 3828 3161 μισοῦσι

595 3175 771 3244 piunt.
794 3142 952 3225 -Snnt
987 3178 1173 3224 autem
1219 3169 1312 3237 qui
1365 3168 1537 3221 fatum
1584 3142 1986 3237 praevenerunt,
2017 3181 2163 3222 mor-

2269 3142 3834 3254 angam,gi,.'..;‘a;a;,.a..tamen;
3947 3241 3951 3243 .

595 3275 705 3318 tem
735 3278 868 3318 ense
895 3261 980 3316 vel
1007 3260 1309 3331 suspendio
1325 3260 1428 3315 sibi
1449 3259 1805 3316 asciscentes.
1826 3258 2166 3316 Undeniani-

595 3355 794 3410 festum
824 3362 910 3408 est
951 3353 1098 3423 quod
1129 3351 1413 3418 onmibus,
1443 3367 1570 3407 cum
1600 3351 1802 3422 quibus
1850 3352 2083 3406 vivimus
2112 3359 2168 3406 et

593 3447 916 3520 gaudemus,
957 3449 1174 3512 animae,
1210 3443 1462 3500 amnibus
1495 3453 1550 3500 et
1579 3446 1742 3500 nobis
1773 3445 1928 3514 ipsis,
1975 3444 2168 3500 convi-

593 3558 720 3597 vere
753 3543 1096 3608 gaudereqne
1127 3540 1257 3593 facit
1281 3555 1459 3594 amor.
1484 3538 1671 3608 Itaque
1702 3539 1749 3594 si
1780 3539 1905 3608 quis
1929 3538 2162 3594 aliorum

595 3635 736 3687 bona
773 3632 902 3686 velit
931 3641 986 3686 et
1017 3642 1166 3685 amet
1205 3646 1312 3686 non
1363 3629 1544 3685 minus
1575 3645 1738 3700 quam
1770 3632 2020 3700 prapria.
2064 3645 2165 3685 ne-

593 3737 751 3777 cesse
801 3732 890 3776 est
941 3731 1000 3775 ut
1037 3722 1126 3774 ille
1159 3737 1268 3775 non
1304 3721 1492 3774 minus
1537 3724 1819 3774 voluntate
1859 3718 2166 3774 consentiat

592 3820 651 3866 et
692 3810 762 3864 de
803 3809 967 3866 bouis
998 3810 1234 3879 gaudeat
1280 3824 1406 3864 cuin
1441 3810 1564 3865 aliis
1602 3826 1766 3880 quam
1806 3810 1910 3866 sibi
1953 3809 2059 3880 ipsi
2094 3810 2163 3866 de

594 3902 830 3974 propriis
875 3903 1038 3958 bouis
1065 3904 1392 3971 congaudet.
1427 3899 1549 3957 ideo
1590 3901 1756 3956 Deum
1797 3903 2030 3967 amanti,
2060 3917 2163 3957 na-

595 4012 716 4054 tura
739 4001 957 4068 quidem
980 4001 1046 4052 ad
1077 3998 1262 4052 divina
1285 4012 1394 4052 non
1419 4005 1624 4053 mutata
1637 4006 1732 4052 aut
1748 3999 2161 4066 transformata,

594 4097 669 4149 ita
701 4105 758 4147 ut
789 4092 892 4148 ista
939 4092 1263 4148 naturaliter
1297 4091 1400 4162 ipsi
1433 4092 1711 4157 eveniant,
1747 4090 1842 4146 sed
1882 4092 2163 4148 voluntate

593 4200 660 4238 ac
693 4184 992 4240 dilectione
1023 4183 1089 4238 ad
1133 4183 1300 4239 Deum
1339 4199 1402 4238 ex
1437 4185 1673 4254 propriis
1709 4184 1994 4248 translata,
2027 4183 2161 4236 nihil

593 4277 848 4347 prohibet
877 4279 1014 4347 quin
1049 4278 1121 4330 sit
1155 4276 1225 4330 de
1251 4278 1370 4344 ipso
1416 4277 1672 4344 gaudium
1714 4275 1961 4343 plenum,
2004 4289 2070 4330 ac
2112 4273 2159 4329 si

593 4375 989 4420 transmutatus
1059 4373 1224 4418 esset.
1287 4365 1344 4418 Si
1407 4366 1550 4418 enim
1623 4367 1916 4418 humanam
1981 4365 2160 4419 adhuc

2272 3273 2393 3327 Εἰσί
2427 3273 2484 3327 δὲ
2515 3273 2564 3328 οἳ
2594 3276 2688 3329 καὶ
2725 3274 3033 3345 ἐτόλμησαν
3072 3273 3167 3328 καί
3198 3275 3306 3346 πρὸ
3339 3274 3532 3346 μοίρας
3569 3274 3838 3344 ἀπῆλθον,

2269 3362 2594 3434 βιασάμενοι
2618 3363 2879 3436 ξίφεσινῆ
2901 3364 3082 3436 βρόχῳ
3103 3365 3201 3435 τὴν
3219 3366 3479 3438 τελευτήν
3494 3383 3510 3399 ο
3535 3366 3659 3420 ὅθεν
3681 3367 3840 3439 δῆλον

2267 3455 2350 3508 ὅτι
2377 3454 2570 3518 πᾶσιν,
2595 3448 2679 3516 οἷς
2717 3453 2988 3526 σύνεσμεν
3023 3459 3116 3510 καί
3150 3457 3445 3527 χαίρομεν,
3473 3459 3569 3511 καί
3601 3461 3666 3529 τῇ
3690 3459 3838 3530 ψυχῇ

2266 3544 2361 3596 καί
2388 3546 2504 3607 τοῖς
2529 3546 2890 3609 οἰκειοτάτοις
2917 3548 3016 3601 καὶ
3037 3547 3170 3618 ἡμῖν
3200 3549 3386 3613 αὐτοῖς
3412 3550 3474 3603 τὸ
3496 3552 3670 3619 φιλεῖν
3698 3553 3842 3604 ποιεῖ

2267 3634 2364 3688 καί.
2397 3637 2638 3690 συνεῖναι
2667 3639 2760 3690 καὶ
2789 3638 3024 3708 χαίρειν.
3060 3637 3272 3692 Οὐκοῦν
3303 3642 3359 3693 ετ
3384 3657 3470 3702 τις
3496 3642 3712 3711 τάγαθὰ
3735 3643 3840 3695 τῶν

2264 3725 2443 3780 ἀλλων
2492 3725 2668 3781 ἐθέλοι
2698 3729 2793 3782 καὶ
2843 3728 3027 3800 φιλοίη
3075 3730 3243 3800 μηδὲν
3272 3726 3438 3801 ἦττον
3481 3732 3514 3804 ἢ
3549 3735 3619 3788 τά
3648 3733 3837 3802 αὑτοῦ,

2263 3818 2453 3872 τοῦτον
2483 3819 2698 3893 ἀνάγκη
2723 3822 2816 3874 καί
2837 3823 3076 3874 συνεῖναι
3092 3825 3158 3893 τῇ
3179 3822 3373 3896 γνώμῃ
3399 3829 3493 3878 καὶ
3519 3828 3835 3897 συγχαίρειν

2264 3914 2373 3970 τῶν
2413 3913 2635 3982 ἀγαθῶν
2685 3915 2805 3976 τοῖς
2841 3915 3022 3978 ἄλλοις
3067 3915 3099 3986 ἢ
3149 3916 3330 3987 ἐαυτῷ
3368 3917 3478 3971 τῶν
3512 3919 3700 3973 αὑτοῦ.
3741 3920 3836 3972 Διά

2263 4005 2436 4059 ταῦτα
2462 4005 2540 4077 τῷ
2566 4004 2823 4075 φιλοθέῳ,
2852 4008 2954 4077 τῆς
2983 4007 3083 4076 μέν
3109 4007 3326 4077 φύσεως
3353 4010 3489 4079 πρὸς
3517 4012 3587 4063 τά
3611 4012 3728 4064 θεῖα
3762 4011 3834 4082 μὴ

2265 4097 2806 4170 μετασκευασθείσης
2833 4138 2850 4162 ,
2891 4099 3014 4170 μηδ’
3069 4100 3452 4172 ἀμειφθείσης,
3503 4101 3647 4156 ὥστε
3690 4105 3834 4171 αὐτῷ

2264 4188 2430 4258 φύσει
2445 4189 2623 4244 ταῦτα
2651 4191 3070 4261 προσγενέσθαι,
3097 4194 3198 4263 τῆς
3218 4195 3275 4247 δὲ
3306 4193 3582 4265 θελήσεως
3613 4199 3706 4252 καὶ
3736 4197 3831 4266 τῆς

2261 4285 2486 4355 ἀγάπης
2507 4286 2590 4348 εἰς
2619 4286 2709 4338 τὸν
2732 4286 2866 4338 Θεὸν
2887 4287 3124 4340 ἀπδιτῶν
3145 4287 3362 4341 οἰκείων
3388 4289 3826 4359 μετενεχθείσης,

2261 4375 2414 4428 οὐδὲν
2449 4375 2649 4430 κωλύει
2679 4376 2780 4447 τὴν
2820 4377 2909 4430 ἐπ’
2945 4378 3096 4448 αὐτῷ
3129 4378 3306 4448 χαράν
3339 4378 3634 4448 ὁλόκληρον
3666 4376 3828 4440 εἰναι,

591 4457 700 4509 fet-t
748 4465 1000 4508 naturam
1043 4462 1096 4506 ct
1128 4453 1450 4507 naturaliter
1477 4455 1531 4506 in
1560 4454 1762 4508 divinis
1809 4462 1866 4507 ut
1923 4455 2160 4523 propriis

2267 4469 2360 4521 καί.
2387 4465 2576 4538 ῶσπερ
2604 4471 2652 4521 εί
2685 4469 3124 4534 μετεσκεύαστοξ
3186 4471 3237 4523 εἰ
3275 4471 3385 4540 γάρ
3417 4471 3512 4524 καί
3541 4473 3636 4540 τὴν
3667 4472 3830 4540 φύσιν

593 4563 698 4602 non
729 4555 789 4600 ut
819 4545 950 4599 libet
985 4544 1136 4605 vivit,
1172 4545 1285 4599 illic
1334 4552 1515 4598 tamen
1557 4552 1726 4598 totam
1761 4544 1932 4600 tendit
1966 4546 2160 4600 volun-

595 4649 786 4699 tatem,
843 4652 964 4706 quae
1023 4644 1204 4705 potest
1266 4635 1503 4706 gaudere
1558 4638 1823 4707 nobisque
1878 4637 2020 4692 hanc
2069 4646 2162 4691 aut

594 4733 742 4786 illam
796 4733 925 4784 dare
969 4730 1396 4799 jucumlitatetn.
1433 4729 1560 4783 Ideo
1593 4729 1736 4783 sicut
1779 4729 1871 4799 qui
1918 4732 2158 4799 seipsum

591 4837 738 4881 amat
785 4827 983 4896 gaudet
1030 4827 1316 4896 praesentia
1350 4839 1536 4880 secum
1578 4837 1836 4896 reputans
1885 4827 2049 4890 bona,
2081 4827 2162 4880 sic

593 4921 687 4988 qui
721 4920 888 4973 Deum
923 4919 1385 4974 solumamantex
1409 4918 1554 4972 illius
1586 4921 1744 4973 bonis
1772 4920 1876 4974 sibi
1901 4919 2164 4990 jucundi-

596 5024 764 5066 tatem
797 5013 1083 5081 colligunt,
1103 5020 1158 5066 et
1188 5012 1351 5066 rebus
1373 5011 1520 5067 illius
1552 5012 1830 5066 ditescunt
1844 5021 1900 5066 et
1924 5013 2162 5082 glorian-

598 5117 710 5169 tur,
736 5107 803 5160 de
832 5108 1001 5174 gloria
1031 5106 1154 5174 ejus
1187 5105 1528 5175 superhiunt,
1561 5108 1629 5160 de
1667 5105 1786 5174 ipso
1825 5106 2164 5174 triumphant

595 5202 823 5252 adorato
869 5198 1341 5266 magnilicatoque.
1375 5197 1478 5262 Qui
1533 5211 1661 5251 vero
1708 5197 2062 5268 sibimetipsis
2085 5200 2163 5251 vi-

593 5297 752 5350 vunt,
767 5289 866 5342 etsi
885 5289 953 5340 de
968 5288 1114 5342 veris
1128 5289 1395 5358 gaudeant
1411 5290 1590 5346 bonis.
1608 5289 1868 5358 integram
1890 5299 2161 5359 nequeunt

592 5396 820 5451 carpere
852 5381 1122 5444 laetitiam,
1160 5381 1252 5434 sed
1284 5382 1427 5436 sicut
1455 5384 1523 5438 de
1562 5381 1720 5436 bonis
1749 5385 1988 5452 gaudent
2018 5398 2159 5452 prae-

595 5475 864 5532 sentibus.
916 5473 999 5527 sic
1047 5473 1195 5538 ipsos
1232 5474 1298 5526 de
1329 5474 1649 5529 absentibus
1676 5483 1768 5527 aut
1805 5473 2161 5544 praasentibus

579 5569 754 5622 malis
803 5566 992 5622 dolere
1019 5579 1118 5634 par
1150 5575 1267 5630 est;
1305 5565 1373 5618 iis
1405 5574 1586 5619 autem
1629 5565 1722 5634 qui
1764 5567 1930 5620 vitam
1962 5565 2017 5620 in
2051 5565 2162 5620 Deo

599 5665 1013 5727 reposuerunt,
1069 5653 1163 5707 ubi
1215 5652 1429 5722 quidem
1498 5661 1582 5707 est
1648 5653 1990 5722 iucunditas,
2047 5653 2161 5706 tri-

597 5749 745 5810 stitia
772 5762 904 5803 vero
927 5747 1097 5811 nulla,
1111 5759 1236 5801 cum
1259 5745 1426 5799 multa
1454 5744 1670 5814 quidem
1704 5747 1809 5800 sint
1837 5759 1960 5815 qua:
1977 5747 2160 5817 hujus.-

2261 4555 2344 4610 ἔτι
2381 4558 2538 4630 φέρει
2565 4558 2661 4630 τὴν
2681 4559 3056 4631 ἀνθρωπίνην,
3093 4562 3189 4614 καὶ
3222 4563 3387 4629 φύσει
3423 4565 3534 4625 τοῖς
3565 4563 3726 4623 θείοις
3755 4561 3831 4625 ὡς

2261 4651 2483 4715 οἰκείοις
2499 4651 2560 4704 οὐ
2587 4653 2860 4716 σύνεστιν,
2886 4652 3024 4706 ἀλλὰ
3045 4653 3145 4721 τήν
3168 4669 3231 4721 γε
3259 4653 3484 4724 θέλησιν
3511 4655 3627 4708 ἐκεῖ
3651 4657 3831 4707 πᾶσαν

2263 4743 2398 4812 ἔχει,
2444 4746 2478 4814 ἢ
2511 4747 2678 4815 κυρία
2725 4747 2874 4798 ἐστὶν
2902 4745 3076 4809 οὕτως
3118 4745 3150 4814 ἢ
3193 4746 3426 4809 ἐκείνως
3460 4747 3697 4816 χαίρειν,
3737 4750 3833 4802 καί

2261 4835 2464 4906 ταύτην
2493 4838 2550 4888 ἐν
2577 4837 2712 4904 ἡμῖν
2742 4838 2969 4904 κρατεῖν
3007 4837 3040 4907 ἢ
3083 4837 3302 4906 ἐκείνην
3335 4838 3433 4907 τὴν
3461 4837 3684 4909 ἡδονήν.
3719 4841 3828 4895 Καὶ

2260 4927 2437 4980 τοίνυν
2465 4924 2720 4996 καθάπερ
2759 4928 2787 4978 ὁ
2835 4926 3008 4994 φιλῶν
3047 4927 3241 4980 ἑαυτὸν
3269 4927 3550 4997 χαίρειτά
3591 4929 3831 4997 παρόντα

2261 5015 2410 5082 αὐτῷ
2447 5015 2796 5083 λογιζόμενος
2835 5017 3038 5084 ἀγαθὰ,
3081 5015 3254 5076 οὕτως
3284 5018 3334 5069 οἱ
3371 5017 3463 5070 τὸν
3499 5017 3632 5070 Θεὸν
3669 5018 3831 5086 μόνον

2261 5106 2542 5178 φιλοῦντες
2582 5109 2693 5161 ἀπὸ
2729 5108 2838 5161 τῶν
2871 5108 3094 5177 ἀγαθῶν
3122 5109 3230 5162 τῶν
3265 5111 3476 5163 ἐκείνου
3510 5110 3608 5181 τὴν
3638 5111 3830 5182 ἡδονὴν

2261 5202 2479 5264 ἑαυτοῖς
2520 5203 2836 5270 συνάγουσι,
2872 5203 2968 5257 καὶ
3006 5205 3119 5267 τοῖς
3147 5203 3358 5257 ἐκείνου
3395 5204 3688 5258 πλουτοῦσι
3737 5207 3832 5259 aut

2239 5291 2698 5377 ’φιλοτιμοῦνται,
2731 5293 2826 5346 καί
2863 5295 2999 5364 πρὸς
3035 5294 3137 5363 τὴν
3170 5293 3381 5347 ἐκείνου
3421 5295 3832 5364 μεγαλαυχοῦσι

2260 5381 2438 5446 δόξαν,
2475 5384 2572 5437 καὶ
2606 5383 2997 5452 στεφανοῦνται
3033 5386 3515 5456 προσκυνουμένου
3569 5389 3660 5439 καὶ
3693 5389 3828 5440 θαυ-

2265 5471 2577 5542 μαζομένου
2615 5473 2992 5543 σεμνύνονται.
3026 5476 3137 5528 Kal.
3167 5476 3213 5528 οἰ
3247 5476 3346 5547 μὲν
3368 5477 3579 5538 ἑαυτοῖς
3603 5477 3830 5543 ζῶντες,

2262 5563 2366 5616 κᾶν
2400 5565 2492 5616 ἐπὶ
2520 5565 2634 5626 τοῖς
2658 5564 2884 5634 ἀληθέσι
2909 5566 3176 5638 χαίρωσιν
3203 5567 3449 5634 ἀγαθοῖς,
3476 5569 3710 5636 ἄμικτον
3732 5573 3832 5625 οὐκ

2264 5657 2330 5708 ἂν
2382 5658 2680 5726 καρποῖντο
2699 5657 2797 5726 τὴν
2831 5657 3045 5727 ἡδονὴν,
3076 5658 3191 5711 ἀλλ’
3223 5656 3410 5728 ὥσπερ
3441 5659 3692 5728 χαίρουσι
3723 5661 3832 5713 τῶν

2263 5746 2484 5814 ἀγαθῶν
2531 5751 2644 5808 τοῖς
2679 5749 2970 5820 παροῦσιν,
3019 5747 3194 5815 οὕτως
3225 5749 3412 5817 ἀλγεῖν
3447 5750 3646 5810 αὐτοὺς
3682 5752 3832 5816 εἰκὸς
