4134 6314
326 302 461 392 τιτι

1396 333 1494 393 DE
1533 333 1713 396 VlTA
1774 333 1857 393 IN
1898 333 2231 394 CHRISTO
2266 334 2416 395 LIB.
2459 334 2595 395 VII.

3506 331 3614 396 7M

328 446 455 498 ὑπὲ
468 467 504 516 ρ
543 447 649 499 τῶν
682 444 926 500 ἀπΞντων
964 446 995 516 ἦ
1026 445 1132 498 τῶν
1167 446 1447 516 παρ-ἓντων
1490 449 1697 512 κακῶν,
1734 452 1850 510 τοῖς
1888 448 1930 501 δ’

2048 449 2188 503 modi
2227 458 2412 519 agunt,
2468 448 2679 502 nullum
2729 455 2912 502 autem
2950 445 3261 502 contristat.
3313 446 3426 503 Nec
3470 448 3617 503 enim

331 538 404 587 ὲν
437 537 536 604 τῷ
568 538 688 607 Θεῷ
725 538 822 606 τὴν
876 538 1018 606 ζωὴν
1053 538 1370 605 μεταθεῖσιν
1425 539 1588 609 ἡδονὴ
1645 540 1744 608 μέν
1798 542 1943 594 ἑστιν

329 629 689 699 εἰλικρινὴς,
718 629 862 699 λύπη
897 629 951 681 δὲ
975 628 1224 697 οὐδεμία,
1263 628 1478 682 πολλῶν
1511 630 1609 700 μὲν
1641 632 1809 684 ὄντων
1837 633 1945 685 τῶν

336 721 583 773 ἐκείνου
610 719 926 783 ποιούντων,
955 720 1217 783 ἀνιῶντος
1238 720 1294 773 δὲ
1312 722 1548 786 οὐδενός.
1577 721 1713 775 Οὔτε
1740 724 1846 795 γὰρ
1869 723 1946 794 τῷ

341 810 487 880 Θεῷ
523 812 768 864 σύνεστιν
795 812 952 863 οὐδὲν
986 811 1169 881 ἀηδὲς,
1259 811 1449 878 ζῶσιν,
1477 813 1600 866 οὕτε
1633 814 1739 867 τῶν
1762 815 1945 880 αὑτοῖς

344 903 659 970 παρόντων
687 902 936 970 αἴσθησίς
968 905 1138 967 ἑστιν,
1169 902 1224 955 εῐ
1252 920 1302 955 τι
1329 906 1422 957 καὶ
1466 905 1691 959 δύναται
1719 909 1906 960 λυπεῖν
1926 924 1941 939 ο

341 998 450 1046 καὶ
487 995 600 1064 γάρ
630 997 837 1049 ἑαυτῶν
862 993 1049 1065 ζητεῖν
1069 997 1289 1061 αὐτοὺς,
1309 999 1335 1049 ὁ
1367 997 1467 1065 τῆς
1491 999 1700 1061 τελείας
1724 1001 1945 1068 ἀγάπης

335 1084 524 1152 λόγος
561 1086 622 1137 οὑ
686 1088 978 1156 συγχωρεῖ,
1040 1106 1058 1137 ι
1120 1088 1195 1139 Οὐ
1251 1087 1360 1156 γάρ
1415 1088 1587 1155 ζητεῖ,
1661 1092 1818 1161 φησὶ,
1876 1092 1945 1145 τὰ

336 1177 565 1245 αὐτῆς,
609 1196 627 1229 ι
666 1178 779 1231 ἀλλ’
812 1177 1105 1246 ἀγαπῶσιν
1134 1181 1219 1232 ὅτι
1242 1178 1514 1250 μακάριος
1540 1181 1568 1231 ὁ
1600 1181 1942 1251 φιλούμενος,

340 1271 452 1321 καὶ
502 1270 565 1322 τὸ
615 1271 786 1331 πάθος
815 1270 1015 1324 ἄτοπον
1048 1272 1138 1322 καὶ
1176 1271 1472 1340 ὑπερφυὲς,
1519 1273 1586 1340 γῆ
1624 1274 1717 1327 καὶ
1753 1276 1943 1338 σποδὸς

338 1360 424 1411 τὰ
459 1360 565 1412 τοῦ
597 1359 734 1414 Θεοῦ
776 1360 883 1413 τῶν
915 1361 1132 1414 οίκείων
1172 1362 1532 1416 ἀλλάττονται
1578 1366 1671 1416 καὶ
1705 1367 1942 1431 γίνονται

343 1455 777 1522 παραπλήσιον,
805 1454 992 1523 ὥσπερ
1014 1455 1060 1506 εἰ
1078 1452 1307 1523 πένητες
1324 1454 1518 1524 ἄνδρες
1546 1456 1635 1506 καὶ
1658 1455 1944 1525 δυστυχεῖς

340 1548 435 1608 εἰς
483 1547 777 1615 βασιλικὴν
810 1547 1233 1609 εἱσπεπαικότες
1280 1547 1458 1600 οίκίαν
1485 1547 1680 1616 ἀθρόον
1718 1548 1820 1616 μὲν
1844 1548 1943 1618 τὴν

343 1640 620 1692 σύνοικον
665 1639 1047 1708 ἀποτρίψοιντο
1100 1640 1313 1702 πενίαν,
1380 1641 1687 1709 περιθεῖντο
1736 1641 1792 1693 δὲ
1843 1640 1942 1709 τὴν

343 1732 485 1783 ἐκεῖ
515 1732 876 1815 λαμπρότητε
910 1733 1116 1786 πᾶσαν.
1167 1731 1338 1801 ’Υπὲρ
1372 1724 1432 1783 οὗ
1479 1734 1572 1783 καὶ
1611 1731 1816 1800 νομίζω
1848 1734 1939 1785 καὶ

348 1823 599 1890 βιαστάς
618 1824 807 1883 αὑτοὺς
829 1821 1086 1890 λέγεσθαι
1110 1827 1204 1876 καὶ
1226 1823 1325 1892 τὴν
1350 1823 1627 1894 βασιλείαν
1647 1823 1942 1893 ἁρπάζειν,

343 1915 443 1966 ὅτι
482 1916 561 1983 μὴ
595 1916 715 1976 τοὺς
749 1914 1020 1976 δώσοντας
1050 1915 1384 1982 ἀναμένουσι
1418 1916 1537 1967 οὐδὲ
1569 1916 1696 1976 τοὺς
1721 1917 1947 1987 αἱρησο-

349 2007 566 2075 μένους
611 2007 1042 2072 ἀποσκοποῦσιν,
1117 2007 1231 2059 ἀλλ’
1258 1992 1554 2076 αὐτόματοι
1611 2007 1704 2059 τοῦ
1760 2009 1951 2078 θρόνου

346 2098 690 2168 δράτ-ονται
716 2099 807 2150 καὶ
829 2100 946 2160 ταῖς
966 2098 1100 2167 παρ’
1123 2098 1335 2150 ἑαυτῶν
1359 2096 1557 2165 ψήφοις
1580 2098 1952 2166 περιτίθενται

350 2192 421 2242 τὸ
459 2189 719 2258 διάδημα.
760 2188 820 2241 El
874 2191 982 2256 γάρ
1019 2187 1119 2241 καὶ
1168 2188 1563 2258 λαμϐάνουσιν,
1597 2187 1711 2239 ἀλλ’
1761 2190 1860 2241 οὑκ
1892 2191 1951 2242 ἑν

350 2280 547 2348 τούτῳ
600 2279 912 2348 νομίζουσιν
953 2278 1325 2347 εὐδαιμονεῖν,
1388 2280 1496 2331 οὐδ’
1561 2279 1795 2331 ἐνταῦθα
1849 2280 1945 2349 τὴν

349 2372 563 2440 ἡδονὴν
591 2373 823 2440 ἔχουσιν,
855 2370 972 2422 ἀλλ’
1006 2373 1064 2425 ἑν
1096 2368 1173 2439 τῷ
1204 2370 1514 2440 φιλουμένῳ
1539 2371 1937 2437 συνεγνωκέναι

350 2465 464 2529 τὴν
496 2462 800 2531 βασιλείαν,
828 2463 920 2515 καὶ
942 2464 1248 2533 χαίρουσιν,
1275 2463 1372 2530 οὑχ
1388 2463 1469 2525 ὅτι
1491 2463 1673 2523 αὑτοῖς
1699 2466 1950 2515 κοινωνεῖ

352 2557 478 2608 τῶν
501 2555 738 2622 ἀγαθῶν,
766 2554 878 2606 ἀλλ’
901 2557 984 2607 ὅτι
1015 2557 1223 2617 ἐκεῖνος
1249 2557 1306 2606 ὲν
1331 2553 1581 2619 ἀγαθοῖς,
1610 2552 1704 2605 τοῦ
1733 2554 1788 2605 δὲ
1815 2557 1945 2623 παρ’

356 2649 582 2701 ἑαυτῶν
614 2647 797 2717 ἔχουσι
835 2647 925 2699 καὶ
955 2648 1053 2717 τῆς
1076 2647 1286 2708 οἰκείας
1315 2644 1772 2715 εὐγνωμοσύνηςο
1805 2645 1946 2698 ὥστε

360 2743 419 2791 εἰ
474 2739 636 2808 μηδὲν
692 2740 877 2802 αὐτοῖς
926 2735 994 2809 ἦν
1050 2739 1232 2791 κοινὸν
1292 2739 1428 2808 πρὸς
1482 2736 1760 2807 βασιλείαν
1811 2736 1945 2806 μηδὲ

372 2830 609 2901 μερίτας
661 2831 858 2889 αὑτοὺς
912 2830 1009 2897 τῆς
1074 2831 1483 2900 μακαριότητος
1532 2831 1560 2880 ὁ
1624 2827 1943 2897 φιλούμενος

364 2923 630 2981 ἐποιεῖτο,
690 2919 858 2988 μηδὲν
913 2914 1075 2988 ἦττον
1125 2919 1467 2988 εὐδαιμονεῖν
1511 2919 1603 2971 καὶ
1633 2915 1940 2987 βασιλεύειν

1975 1792 2020 1851 Β

2050 540 2192 593 inest
2238 540 2376 608 Deo,
2422 540 2507 593 cui
2557 539 2772 604 vivunt,
2829 538 3040 609 aliquid
3099 538 3480 607 injucundum,
3518 553 3622 594 nec

2048 630 2183 700 ipsis
2232 631 2583 700 praestantium
2633 638 2716 683 est
2760 644 2979 695 sensus,
3037 628 3082 684 si
3131 628 3261 697 quid
3291 629 3625 685 contristare

2048 731 2248 789 potest.
2307 720 2422 777 Non
2477 723 2622 775 enim
2683 723 2829 789 ipsos
2885 735 3003 774 sese
3045 735 3311 789 quan-ere,
3372 719 3626 790 perlectis

2049 814 2337 868 charitatis
2363 815 2503 868 ratio
2529 815 2833 883 permittit;
2880 832 2897 864 I
2932 813 3088 876 Nam,
3113 813 3309 882 inquit,
3340 829 3444 866 non
3477 829 3625 881 quee-

2046 909 2119 962 rit
2146 923 2266 976 quae
2290 924 2386 961 sua
2417 916 2545 961 sunt
2579 924 2592 973 ;
2627 928 2644 957 ι
2712 910 2805 959 sed
2834 913 3018 959 amant
3046 906 3303 959 dilectum
3330 921 3450 961 esse
3498 907 3623 961 bear

2053 1011 2189 1065 tum,
2216 1008 2271 1053 et
2305 1001 2488 1069 paSsiu
2533 990 2771 1054 absurda
2802 1004 2855 1052 ct
2902 997 3217 1061 immodica,
3247 1007 3389 1053 terra
3417 1008 3471 1052 et
3508 998 3628 1066 pul-

2050 1093 2159 1152 vis,
2195 1106 2295 1160 pro
2326 1092 2443 1145 suis
2460 1091 2674 1145 divinos
2696 1091 3405 1145 commutantcharacteres
3425 1092 3622 1161 hisque

2052 1182 2262 1235 similes
2294 1182 2460 1247 ﬁunt;
2497 1182 2959 1250 quemadmodum
2993 1180 3037 1234 si
3062 1180 3312 1236 homines
3354 1197 3626 1253 pauperes

2046 1283 2100 1327 et
2130 1273 2311 1327 miseri
2347 1274 2399 1327 in
2427 1276 2627 1343 regiam
2656 1273 2924 1327 irruentes
2946 1272 3194 1337 domum,
3214 1281 3378 1328 totam
3400 1274 3622 1343 quidem

2046 1373 2200 1413 suam
2218 1370 2477 1413 exuerent
2494 1361 2796 1430 penuriam,
2815 1371 3092 1430 totamque
3104 1362 3290 1431 Tulgen
3301 1375 3403 1416 tem
3424 1364 3493 1418 ibi
3515 1380 3628 1419 ma-

2045 1450 2410 1522 gniﬁcentiam
2450 1452 2760 1508 induerent.
2806 1453 3033 1523 Propter
3069 1455 3213 1523 quod
3251 1456 3503 1510 existimo
3526 1454 3630 1512 eos

2048 1543 2230 1596 vocari
2248 1545 2512 1599 violentos
2532 1560 2833 1614 rapereque
2849 1561 3098 1615 regnum;
3118 1547 3260 1615 quod
3277 1548 3501 1602 daturos
3519 1565 3625 1603 non

2046 1644 2365 1703 exspectant
2416 1650 2515 1690 nec
2563 1637 2826 1704 eligentes
2887 1638 3212 1705 respiciunt,
3266 1640 3360 1693 sed
3410 1640 3629 1710 ipsimet

2050 1728 2307 1780 thronum
2330 1737 2605 1797 occupant
2628 1740 2677 1782 et
2702 1728 2943 1798 propriis
2960 1729 3235 1799 sull'ragiis
3257 1732 3358 1786 sibi
3374 1732 3627 1789 diadema

2053 1820 2493 1890 circumponunt.
2525 1819 2689 1887 Atqui
2726 1819 2769 1872 si
2809 1819 3053 1888 capiunt,
3092 1837 3196 1874 non
3226 1830 3405 1877 tamen
3436 1825 3489 1878 in
3523 1826 3625 1881 hoc

2053 1925 2110 1962 se
2134 1910 2324 1963 beatos
2353 1924 2474 1964 esse
2500 1911 2751 1971 credunt,
2780 1927 2883 1965 nec
2925 1913 3125 1966 exinde
3155 1916 3487 1984 voluptatem
3524 1917 3626 1973 ha-

2052 1999 2202 2063 bent,
2242 1999 2336 2053 sed
2387 2002 2529 2068 quod
2580 2002 2632 2053 in
2680 2003 2881 2056 dilecto
2928 2019 3152 2072 regnum
3191 2021 3313 2060 esse
3357 2008 3623 2073 sentiunt,

2052 2092 2418 2161 gaudentque,
2443 2109 2549 2146 non
2584 2097 2727 2162 quod
2764 2095 2896 2164 ipsis
2938 2096 3078 2150 bona
3106 2098 3500 2164 communicat,
3531 2102 3627 2156 sed

2051 2183 2193 2247 quod
2221 2182 2308 2237 ille
2361 2185 2415 2237 in
2456 2183 2622 2238 bonis
2669 2195 2785 2253 est;
2818 2187 2889 2240 ita
2944 2194 3004 2242 ut
3039 2189 3085 2242 si
3134 2190 3269 2244 nihil
3314 2192 3445 2261 ipsis
3483 2206 3629 2249 esset

2053 2286 2346 2326 commune
2384 2289 2506 2327 cum
2553 2288 2738 2340 regno,
2769 2290 2869 2328 nec
2916 2276 3062 2344 ipsos
3115 2280 3467 2336 beatitudinis
3500 2300 3626 2352 par-

2051 2363 2243 2432 ticipes
2282 2362 2524 2418 efﬁceret
2562 2365 2815 2431 dilectus,
2853 2368 3209 2424 nihilominus
3248 2385 3432 2428 essent
3462 2376 3622 2440 beati,

2053 2466 2359 2523 regnarent,
2401 2466 2821 2520 coronanntur,
2855 2474 3155 2530 omnesque
3186 2465 3495 2521 fruerentur
3525 2475 3627 2525 hoc

2046 2560 2237 2615 regno.
2267 2545 2423 2603 Unde
2462 2549 2661 2601 merito
2702 2559 2986 2618 propterea
3014 2566 3259 2623 raptores
3299 2573 3626 2617 vocarentur

2051 2648 2104 2690 et
2168 2638 2388 2693 violenti
2452 2639 2761 2694 divinorum
2820 2641 3086 2699 bonorum
3143 2662 3520 2721 possessores,
3571 2656 3625 2710 in

2048 2727 2364 2784 fruitionem
2390 2745 2576 2784 eorum
2596 2747 2714 2786 sese
2735 2733 3090 2803 impellentes.
3111 2737 3200 2793 lsti
3227 2751 3353 2795 sunt
3382 2744 3474 2813 qui
3500 2746 3626 2801 odio

2052 2821 2251 2877 habent
2269 2821 2502 2887 animas,
2517 2838 2610 2878 eas
2639 2826 2892 2892 perdunt,
2907 2835 2961 2881 et
2985 2842 3173 2884 earum
3192 2831 3314 2888 loco
3332 2833 3625 2895 Dominum

2047 2914 2348 2967 animarum
2382 2915 2670 2982 recipiunt.

362 3013 468 3065 καὶ
522 3011 915 3080 στεφανοῦσθαι
961 3014 1054 3064 καὶ
1102 3013 1309 3073 πάντας
1354 3011 1453 3079 τῆς
1490 3010 1768 3080 βασιλείας
1843 3006 2133 3061 ἀπολαύειν
2190 3006 2425 3079 ἐκείνης.
2464 3007 2625 3059 Ὅθεν
2673 3008 2924 3080 ἅρπαγες
2948 3014 3176 3079 εἰκότως
3203 3016 3273 3071 ἂν
3311 3018 3401 3071 διὰ
3464 3021 3624 3078 τοῦτο

360 3104 619 3157 καλοῖντο
677 3107 768 3157 καὶ
832 3105 1052 3175 βιασταὶ
1087 3104 1199 3157 τῶν
1240 3104 1400 3157 θείων
1454 3104 1696 3171 ἀγαθῶν,
1734 3106 1812 3166 είς
1844 3103 1943 3171 τὴν
1983 3099 2282 3152 ἀπόλαυσιν
2318 3099 2496 3152 αὐτῶν
2526 3100 2749 3164 ἑαυτοὺς
2792 3104 3159 3170 είσωθοῦντες.
3212 3104 3373 3164 Οὗτοί
3400 3113 3540 3168 εἰσιν
3576 3117 3625 3168 οί

360 3197 469 3258 τὰς
499 3198 676 3266 ψυχάς
709 3195 989 3267 μισοῦντες
1023 3197 1118 3250 καὶ
1146 3196 1475 3259 ἀπολλύντες
1545 3197 1639 3249 καὶ
1702 3196 1907 3249 τούτων
1940 3193 2031 3246 τὸν
2062 3193 2171 3243 τῶν
2200 3191 2387 3260 ψυχῶν
2419 3192 2695 3261 Δεσπότην
2724 3195 3238 3266 ἀντιλαμϐάνοντες.

444 3293 511 3347 Τί
540 3293 632 3347 οὖν
657 3295 754 3362 τῆς
787 3295 960 3363 χαρᾶς
994 3291 1199 3362 ταύτης
1224 3293 1257 3361 ἢ
1296 3291 1484 3362 μεῖζον
1514 3292 1547 3360 ἢ
1577 3291 1940 3362 βεϐαιότερον;

2121 3284 2262 3351 Quid
2294 3285 2460 3351 igitur
2494 3285 2597 3339 hoc
2623 3288 2818 3356 gaudio
2855 3291 3030 3359 majus
3063 3295 3142 3347 vel
3173 3296 3437 3352 solidius?
3466 3297 3620 3366 Quod
3714 3318 3720 3322 ‘

363 3382 501 3448 τοῖς
533 3386 632 3454 μὲν
670 3386 779 3454 γὰρ
807 3386 1019 3447 ἑαυτοῖς
1043 3385 1292 3454 χαίρουσι
1340 3382 1399 3436 τὸ
1427 3384 1617 3455 χαρίεν
1646 3382 1945 3436 ἀποϐαλεῖν

364 3478 433 3528 ob
463 3476 574 3528 τῶν
601 3476 910 3546 ἀδοκήτων·
948 3478 1006 3528 ἑν
1049 3475 1225 3528 οὐδενὶ
1269 3475 1379 3544 γάρ
1430 3475 1524 3528 ὲπὶ
1555 3473 1649 3527 τοῦ
1681 3473 1946 3545 παρόντος

362 3569 611 3636 τάγαθὸν
650 3570 930 3639 ἀκίνητον,
973 3567 1098 3622 ὅθεν
1131 3570 1191 3621 οὑ
1228 3567 1297 3621 δι’
1327 3561 1402 3621 ὧν
1436 3568 1795 3634 ἀπολαύουσι,
1825 3564 1945 3634 χαί-

364 3679 533 3732 ρουσι
573 3661 796 3729 μᾶλλον,
824 3661 857 3731 ἢ
891 3660 957 3714 δι’
989 3654 1065 3714 ὧν
1099 3662 1226 3729 περὶ
1256 3661 1350 3715 τοῦ
1383 3661 1611 3713 πλούτου
1656 3660 1942 3730 τρέμουσι,

362 3755 635 3807 ἀνιῶνται
657 3770 670 3784 ·
711 3754 824 3816 τοῖς
859 3751 915 3805 δὲ
942 3753 1037 3805 καὶ
1065 3755 1092 3805 ὁ
1123 3752 1396 3823 θησαυρὸς
1427 3753 1533 3804 τῶν
1563 3752 1781 3817 ἀγαθῶν
1808 3752 1945 3804 ἀσυ-

362 3845 459 3906 λος
520 3843 612 3895 καὶ
667 3843 830 3913 ἡδονὴ
874 3842 1053 3911 λύπης
1093 3841 1346 3910 ἄμικτος,
1406 3843 1498 3896 καὶ
1552 3842 1714 3908 φόϐος
1771 3841 1946 3902 οὐδεὶς

363 3937 514 4005 ὑπὲρ
560 3935 799 3998 ἑστῶτος
854 3933 948 3988 καὶ
998 3934 1218 4004 βεϐαίου
1253 3935 1601 4004 πράγματος.
1630 3933 1741 3984 Καὶ
1769 3936 1816 3984 οἱ
1847 3931 1948 4002 μὲν

363 4028 463 4082 καὶ
507 4024 660 4078 αὑτοὶ
690 4025 912 4087 εἰκότως
936 4024 1303 4076 ὑποπτεύουσι
1333 4022 1431 4092 τὴν
1465 4022 1664 4092 χαρὰν,
1693 4020 1768 4088 μὴ
1809 4021 1946 4089 πρὸς

365 4118 758 4184 ὑπερηφανίαν
792 4114 995 4177 αὐτοὺς
1028 4113 1219 4184 ἐξάγῃ,
1279 4114 1483 4183 σφόδρα
1540 4111 1676 4182 πρὸς
1720 4113 1951 4174 ἑαυτοὺς

367 4214 700 4283 βλέποντας.
733 4209 760 4261 ὃ
799 4210 860 4260 τὸ
899 4207 1149 4260 πλεῖστον
1182 4206 1248 4259 ἂν
1278 4206 1376 4275 τῆς
1418 4203 1613 4274 ἡδονῆς
1659 4203 1947 4272 ὑποτέμοι,

366 4309 485 4365 τοῖς
519 4304 573 4355 δὲ
617 4301 855 4355 τοιοῦτον
901 4300 1021 4352 οὐδὲ
1073 4299 1296 4368 ἰενοχλεῖ,
1332 4297 1540 4349 ἑαυτῶν
1576 4296 1673 4364 μὲν
1701 4296 1799 4348 οὑκ
1833 4297 1949 4347 ἐπι-

370 4415 433 4448 στ
445 4394 788 4466 ρεφομένοις,
814 4396 870 4446 ἑν
893 4391 971 4462 τῷ
994 4390 1112 4461 Θεῷ
1134 4391 1189 4443 δὲ
1213 4392 1308 4455 τὴν
1331 4388 1561 4458 δύναμιν
1581 4387 1946 4457 ποιουμένοις,

370 4493 431 4542 ἑν
463 4487 659 4556 ἐκείνῳ
694 4486 748 4538 δὲ
787 4485 1185 4555 καυχωμένοις,
1217 4482 1312 4535 καὶ
1342 4481 1475 4542 ὅλως
1503 4481 1603 4548 οὑχ
1633 4480 1756 4532 ὅσον
1795 4480 1947 4531 αὐτοὶ

374 4601 670 4657 χωρουσιν.
695 4591 800 4634 ουδ’
831 4582 1019 4648 ὥσπερ
1048 4577 1371 4646 ἀνθρώπους
1403 4575 1614 4641 χαίρειν
1637 4571 1802 4634 εἰκὸς,
1827 4571 1945 4624 ἀλλ’

377 4674 634 4745 ὑπερφυᾶ
681 4688 802 4723 τινα
847 4669 941 4723 καὶ
991 4667 1141 4721 θείαν
1187 4664 1530 4732 καρποῦνται
1578 4662 1677 4731 τὴν
1726 4661 1940 4730 ἡδονήν.

378 4771 569 4821 Οἰκίαν
600 4765 697 4834 μὲν
735 4768 843 4829 γὰρ
872 4761 1049 4822 οἰκίας
1101 4757 1153 4811 εῐ
1191 4775 1271 4819 τις
1321 4754 1640 4817 ἀλλάξαιτο,
1691 4752 1945 4805 καλλίονα

381 4857 716 4927 φαυλοτέρας
738 4855 831 4905 καὶ
857 4853 1047 4921 ἡδονῆς
1077 4849 1404 4917 ἀντείληφεν
1435 4834 1751 4915 ἡδονὴν,⁶ἧς
1786 4845 1944 4914 ἥδετο

380 4952 477 5019 τὴν
494 4949 763 5018 προτέραν
786 4945 974 5005 οἰκῶν,
999 4946 1063 5012 ἢν
1083 4942 1227 5003 είκὺς
1248 4936 1470 5011 ἥδεσθαι
1493 4940 1581 4991 τὸν
1601 4940 1943 4991 ἀπολαύοντα

378 5046 476 5107 τῆς
504 5041 763 5107 δευτέρας
786 5055 800 5068 ·
845 5038 920 5100 ὡς
957 5038 1013 5089 δὲ
1043 5037 1136 5089 καὶ
1174 5036 1427 5104 σώματος
1462 5036 1511 5087 εί
1568 5034 1780 5102 μηχανῇ
1837 5047 1940 5082 τινι

378 5133 530 5200 τύχοι
561 5130 859 5191 καλλίονος,
904 5130 964 5179 τὸ
1003 5127 1174 5197 παρὸν
1223 5125 1510 5179 ἀποϐαλὼν
1562 5125 1657 5177 καὶ
1710 5123 1808 5192 τὴν
1852 5122 1939 5174 ἐπ’

377 5222 528 5292 αὑτῷ
554 5222 728 5291 χαράν
769 5218 1028 5288 ᾕμειψεν,
1080 5217 1175 5269 καὶ
1223 5214 1445 5267 τοσοῦτο
1482 5215 1664 5283 χαίρει
1716 5212 1938 5280 μᾶλλον,

377 5314 498 5366 ὅσον
524 5305 768 5379 ἀμείνονι
797 5309 994 5379 χρῆται
1027 5307 1262 5376 σώματι.
1298 5304 1507 5358 Οὐκοῦν
1531 5306 1657 5357 ὅταν
1683 5306 1744 5356 οὑ
1776 5303 1937 5372 μόνον

381 5406 538 5472 σῶμα
576 5405 670 5455 καὶ¹
710 5402 906 5462 οίκίαν,
941 5398 1052 5451 ἀλλ’
1081 5397 1273 5451 ἑαυτὸν
1313 5396 1622 5466 ἀπορρίψας
1660 5395 1752 5447 τὸν
1803 5395 1939 5458 Θεδν

380 5498 699 5566 κομίσηται,
729 5494 825 5546 καὶ
863 5485 1017 5553 οὗτος
1049 5489 1196 5560 αὑτῷ
1232 5492 1322 5540 καὶ
1366 5489 1617 5557 σώματος
1647 5488 1738 5541 καὶ
1767 5487 1942 5555 ψυχῆς

381 5595 472 5643 καὶ
496 5589 710 5642 οἰκείων
741 5586 834 5639 καὶ
865 5585 1034 5653 φίλων
1058 5585 1150 5635 καὶ
1188 5580 1402 5633 πάντων
1429 5581 1818 5648 ἀντικαταστῇ,
1850 5584 1944 5631 καὶ

382 5682 575 5749 ἡδονὴν
611 5679 828 5747 ἀνάγκη
871 5676 967 5745 τὴν
1013 5676 1111 5743 μὲν
1149 5673 1451 5740 ὑπερϐῆναι
1499 5672 1675 5723 πᾶσαν
1706 5671 1801 5738 τὴν
1839 5670 1948 5721 τῶν

378 5774 703 5844 ἀνθρώπων,
724 5771 821 5841 τὴν
842 5768 899 5821 δὲ
924 5768 1132 5831 λαϐεῖν,
1155 5766 1187 5836 ἢ
1219 5765 1355 5836 πρὸς
1381 5764 1479 5834 τὴν
1504 5763 1653 5816 θείαν
1676 5762 1950 5832 ἥρμοσται

592 5892 864 5948 Ρλτιιοι.
914 5887 1033 5945 Gn.
1082 5885 1123 5945 C
1140 5885 1183 5945 L
1198 5925 1213 5942 .

2051 3378 2195 3432 enim
2246 3377 2353 3431 illis
2407 3377 2501 3447 qui
2553 3378 2808 3449 gaudium
2858 3380 3001 3437 inse
3062 3395 3294 3453 ponunt,
3344 3389 3621 3458 objectum

2048 3469 2231 3540 gaudii
2298 3470 2564 3539 rapiatur,
2623 3487 2737 3526 non
2775 3480 2953 3529 estex
3007 3475 3352 3545 improvisis;
3385 3483 3438 3535 in
3468 3485 3617 3539 nulla

2048 3563 2191 3616 enim
2242 3576 2424 3615 rerum
2459 3564 2813 3631 praesentium
2843 3566 3041 3623 stabile
3075 3570 3351 3639 reperitur
3377 3574 3618 3641 bonum;

2048 3651 2189 3705 unde
2219 3667 2325 3705 non
2363 3653 2533 3723 magis
2562 3653 2631 3708 de
2659 3655 2861 3723 quibus
2888 3656 3152 3713 fruuntur
3181 3662 3439 3732 gaudent,
3454 3680 3615 3734 quam

2049 3744 2114 3796 de
2148 3743 2251 3797 illis
2298 3759 2399 3812 pro
2431 3742 2636 3812 quibus
2665 3749 2994 3802 tremiscunt
3028 3748 3238 3805 dolent.
3289 3750 3385 3807 His
3436 3767 3618 3809 autem

2049 3836 2343 3889 thesaurus
2372 3846 2452 3889 est
2483 3837 2750 3893 bonorum
2771 3854 3018 3907 securus,
3046 3843 3474 3914 jucunditasquc
3501 3847 3621 3900 sine

2053 3925 2294 3991 triStitia,
2324 3928 2610 3997 nullusque
2645 3928 2806 3983 timor
2836 3947 2933 4000 pro
2971 3934 3125 3986 ﬁrma
3169 3936 3461 4004 stabilique
3491 3953 3621 4006 pos-

2051 4018 2313 4070 sessione.
2343 4018 2424 4070 Illi
2451 4019 2669 4086 quidem
2715 4023 2879 4073 etiam
2926 4022 3028 4089 ipsi
3062 4026 3257 4078 merito
3310 4028 3618 4095 suspiciunt

2051 4104 2331 4172 gaudium,
2368 4120 2436 4157 ne
2466 4107 2618 4175 ipsos
2648 4109 2714 4161 ad
2745 4110 3056 4175 superbiam
3098 4114 3341 4178 extollat,
3379 4119 3614 4171 multum

2054 4197 2105 4247 in
2134 4210 2189 4250 se
2211 4195 2631 4265 videntes,quod
2656 4201 2946 4253 maximam
2983 4211 3188 4270 partem
3212 4207 3393 4273 gaudii
3417 4213 3624 4263 rescin-

2054 4287 2181 4340 dere
2204 4298 2406 4355 potest;
2439 4290 2521 4342 his
2546 4301 2724 4342 autent
2771 4292 2903 4344 nihil
2940 4294 3045 4345 tale
3084 4297 3411 4349 anxietatem
3444 4299 3618 4362 all‘ert,

2042 4394 2174 4432 cum
2229 4380 2329 4448 ipsi
2348 4396 2453 4432 non
2482 4380 2533 4432 in
2558 4396 2615 4433 se
2636 4381 2931 4448 conﬁdant,
2954 4385 3046 4437 sed
3065 4386 3131 4438 ad
3151 4384 3319 4440 Deum
3343 4404 3497 4442 suam
3519 4406 3585 4459 po
3605 4423 3614 4431 -

2052 4472 2272 4525 tentiam
2293 4473 2545 4534 rei'erant,
2567 4473 2620 4526 in
2636 4474 2835 4542 illoque
2852 4475 3176 4542 glorientur.
3195 4494 3257 4532 ac
3271 4484 3495 4535 omnino
3514 4499 3620 4538 non

2054 4574 2314 4633 quantum
2346 4566 2445 4633 ipsi
2482 4568 2663 4619 valent
2698 4576 2791 4619 aut
2817 4583 2914 4634 par
2945 4579 3029 4623 est
3061 4569 3309 4626 homines
3342 4575 3624 4644 suscipere

2051 4658 2330 4725 gaudium,
2375 4658 2468 4710 sed
2494 4661 2965 4731 super-naturalem
2984 4677 3046 4715 ac
3079 4662 3316 4716 divinam
3353 4667 3619 4735 colligunt

2042 4752 2454 4817 jncunditatem.
2479 4749 2533 4803 Si
2556 4753 2690 4819 .quis
2722 4767 2881 4819 porro
2903 4753 3124 4805 domum
3157 4769 3255 4822 pro
3284 4756 3467 4822 domo,
3499 4759 3615 4826 pul-

2047 4844 2315 4897 chriorem
2362 4858 2461 4911 pro
2525 4843 2733 4907 viliore,
2797 4854 3178 4910 t-ommutaret,
3222 4847 3616 4913 jucnndilatem

2047 4932 2208 4986 etiam
2246 4932 2570 5001 anticiparet
2605 4948 2702 5001 pro
2728 4933 3090 5002 jucunditate,
3113 4935 3256 4990 illius
3290 4939 3429 4996 loco.
3454 4957 3616 5007 quam

2046 5027 2324 5095 carpebat,
2342 5027 2573 5093 priorem
2601 5028 2821 5079 domum
2841 5041 3137 5095 orcupans,
3160 5030 3299 5082 hanc
3319 5048 3478 5099 quam
3500 5052 3625 5087 sen-

2004 5134 2011 5139 '
2049 5121 2152 5173 tire
2177 5120 2470 5173 verisimile
2489 5129 2573 5173 est
2592 5120 2890 5187 posteriore
2915 5120 3199 5177 fruentem.
3222 5125 3435 5179 Pariter
3455 5130 3619 5182 etiam

2051 5212 2095 5265 si
2116 5212 2345 5280 quadam
2373 5212 2771 5266 machinatione
2806 5214 3086 5280 pulchrius
3106 5216 3370 5271 obtineret
3398 5235 3622 5287 corpus,

2051 5319 2289 5372 pra-scus
2318 5304 2592 5368 exuendo,
2621 5317 2821 5356 novum
2848 5318 3062 5373 quoque
3084 5320 3249 5374 super
3272 5309 3373 5361 hoc
3397 5309 3621 5374 partici-

2051 5404 2201 5461 paret
2219 5395 2495 5462 gaudium,
2512 5403 2770 5463 tantoque
2794 5397 2964 5463 magis
2983 5398 3175 5464 gaudet
3189 5405 3260 5453 et.
3280 5404 3484 5462 quanto
3507 5412 3625 5449 me-

2052 5488 2185 5540 liore
2206 5503 2432 5554 corpore
2453 5486 2740 5540 frueretur.
2761 5489 2893 5540 Cum
2917 5489 3079 5557 igitur
3098 5504 3201 5540 non
3231 5490 3400 5541 solum
3421 5499 3620 5549 corpus

2054 5589 2103 5632 et
2148 5579 2395 5640 domum,
2438 5580 2530 5631 sed
2564 5577 2800 5645 seipsum
2834 5578 3162 5646 abjii-iendo,
3197 5574 3361 5629 Deum
3390 5575 3617 5642 recepit,

2008 5672 2017 5677 ’
2051 5680 2106 5723 et
2132 5671 2217 5727 hic
2244 5669 2347 5737 ipsi
2378 5668 2431 5720 in
2462 5672 2732 5738 corporis,
2763 5670 2979 5731 animae,
3012 5665 3384 5727 familiarium,
3410 5665 3622 5718 amico-

2056 5779 2176 5817 rum
2217 5764 2573 5834 omniumque
2602 5766 2781 5818 locum
2814 5762 3070 5817 suffectus
3097 5768 3200 5818 est,
3240 5757 3478 5810 lmtitiam
3527 5772 3628 5812 ne-

3223 5871 3301 5929 23
