4134 6314
549 270 574 302 \

622 379 731 441 715

1850 392 2159 452 NICOLAI
2204 393 2597 456 CABASILE

3768 411 3874 473 ’71ιῖ

619 511 776 552 cesse
803 508 888 553 est
921 496 1163 568 qualibet
1198 497 1479 556 hominum
1505 503 1551 555 la
1573 502 1686 556 titia
1713 512 1991 572 praestare,
2018 508 2152 561 illan

2252 511 2684 578 ιμακαριότητα
2725 511 2817 562 καὶ
2860 513 3035 583 τοιᾷδε
3080 515 3349 588 προσήκει
3391 521 3726 589 μετασκευῇ.
3773 522 3875 575 Διὰ

619 608 725 663 que
748 606 963 647 sumere
988 608 1106 661 qnze
1131 592 1323 647 divinae
1342 603 1623 663 eoaptatur
1642 596 1961 651 beatitudini
1982 599 2183 667 talique

618 685 1085 740 transformationi
1140 685 1413 738 «convenit.
1473 684 1680 740 Idcirco
1733 686 1937 743 Christi
1999 690 2183 743 laetitia

619 779 721 849 ipsi
759 778 995 847 gaudere
1042 778 1346 831 dicuntur:
1389 779 1452 831 de
1495 794 1601 848 quo
1648 779 1792 835 enim
1840 781 1931 836 ille
1965 783 2182 853 gaudet,

620 873 723 924 hoc
771 871 887 939 ipse
920 868 1049 922 facit
1095 868 1353 922 laetitiam.
1394 867 1588 938 Seipso
1615 870 1759 923 enim
1790 870 2021 939 gaudet;
2058 886 2181 925 cum

614 973 796 1016 autem
834 976 895 1015 ea
921 960 1336 1029 quanlaztilicare
1366 970 1613 1029 possunt.
1646 959 1833 1014 eadem
1870 970 2019 1025 sunt,
2059 960 2186 1015 hinc

613 1054 865 1121 sequitur
890 1050 1283 1121 utjucunditas
1311 1051 1501 1106 eadem
1531 1052 1621 1105 sit.
1646 1051 1709 1105 Et
1730 1052 1835 1108 hoc
1866 1068 1973 1108 non
2006 1055 2181 1107 solum

594 1147 933 1215 conjectura
961 1144 1360 1214 ratiocinioque
1388 1153 1515 1210 stat,
1554 1145 1645 1197 sed
1675 1161 1738 1199 ex
1760 1147 1875 1214 ipso
1904 1143 2184 1199 Salvatore

615 1236 902 1299 nanileste
926 1236 1182 1302 loquente
1210 1241 1388 1305 potest
1406 1242 1660 1289 accnrate
1692 1234 1849 1287 disci.
1882 1235 2179 1301 Postquam

607 1327 751 1379 cnim
787 1324 1072 1379 charitatis
1101 1324 1245 1393 leges
1277 1324 1586 1387 induxerat,
1627 1324 1922 1394 discipulos
1954 1325 2183 1379 hortans

608 1428 668 1471 ut
708 1420 763 1472 in
808 1416 969 1472 linem
1003 1416 1105 1485 ipsi
1148 1415 1498 1471 dilectionem
1559 1418 1942 1473 inconcussam
1982 1424 2181 1472 custo-

604 1512 806 1572 dirent,
848 1527 866 1560 ι
909 1508 1031 1564 llznc
1062 1510 1279 1565 loeutus
1306 1526 1443 1576 ,sum
1493 1510 1663 1575 \obis,
1704 1510 1899 1579 inquit,
1949 1518 2009 1563 ut
2048 1525 2180 1580 gau-

603 1604 753 1656 dium
787 1616 967 1655 meum
1001 1600 1056 1655 in
1091 1602 1245 1655 vobis
1282 1611 1521 1664 maneat,
1554 1612 1607 1655 et
1641 1601 1900 1670 gaudium
1934 1608 2178 1654 vestrum

604 1695 675 1747 sit
718 1694 957 1763 plenum.
997 1712 1015 1743 ι
1048 1692 1277 1763 Propter
1322 1694 1448 1760 hoc,
1478 1694 1676 1764 inquit,
1729 1694 1953 1762 diligere
1985 1693 2180 1763 praeei-

601 1788 713 1856 pio,
750 1795 828 1850 ut,
866 1789 989 1839 dum
1023 1785 1259 1840 amicitia
1309 1787 1495 1839 omnia
1530 1801 1649 1839 mea
1679 1785 1835 1839 vobis
1864 1785 2175 1838 communia

601 1880 755 1943 facit,
789 1879 853 1932 de
897 1894 982 1932 me
1013 1886 1065 1929 rt
1093 1877 1159 1931 de
1199 1876 1337 1931 meis
1381 1877 1570 1931 eadem
1603 1893 1666 1931 ac
1696 1892 1795 1949 ego
1826 1877 2012 1931 laetitia
2042 1892 2145 1948 gau

2282 1894 2394 1963 ςωὴ
2420 1896 2594 1965 ὑμῶν,
2621 1876 2779 1966 φησι.

598 1971 792 2024 dentis.
854 1969 1048 2023 Mortui
1102 1970 1246 2022 eni'n
1304 1970 1455 2030 estis,
1481 1977 1534 2022 et
1579 1969 1689 2022 vita
1736 1981 1934 2032 vestra,
1976 1968 2172 2036 inquit,

596 2063 916 2116 abscondita
954 2071 1037 2116 est
1081 2062 1137 2115 in
1184 2062 1426 2124 Christo,
1455 2061 1507 2115 in
1544 2061 1675 2123 Deo,
1707 2059 1895 2115 eodem
1931 2060 2092 2113 modo
2122 2066 2176 2113 et

594 2154 857 2222 gaudium
913 2166 962 2209 et
1015 2165 1208 2217 ca-tera
1262 2153 1485 2219 omnia;
1536 2154 1781 2222 nihilque
1822 2150 2050 2207 humani
2090 2158 2174 2205 est

594 2249 738 2317 apud
772 2249 942 2317 ipsos.
998 2246 1057 2300 Et
1094 2248 1276 2301 omnia
1310 2247 1461 2302 brevi
1514 2262 1770 2301 sermone
1811 2244 2172 2300 manifestans

592 2345 790 2398 beatus
835 2340 1061 2404 Paulus,
1100 2358 1117 2390 ι
1158 2340 1275 2394 Non
1311 2340 1465 2406 estis,
1508 2339 1710 2409 inquit,
1744 2341 1952 2404 veSIri;
1996 2339 2171 2409 pretio

586 2437 734 2490 enim
765 2435 931 2505 empti
969 2435 1136 2499 estis;
1164 2452 1181 2483 ι
1214 2443 1430 2504 emptus
1452 2445 1635 2505 auum
1664 2447 1774 2486 non
1808 2430 1874 2485 ad
1914 2432 2167 2495 semetip-

589 2546 732 2594 sum,
776 2528 872 2585 sed
900 2530 966 2583 ad
995 2527 1517 2597 Clllpltll'elll.0(2ulos
1545 2526 1752 2593 dirigit,
1776 2532 1829 2577 et
1860 2522 2162 2578 secundum

588 2622 736 2675 illius
765 2622 1096 2674 voluntatem
1126 2619 1275 2672 vivit.
1294 2617 1395 2682 Qui
1421 2625 1601 2672 autem
1631 2616 1945 2671 hominibus
1974 2614 2161 2679 servit,

585 2728 817 2780 corpore
870 2722 1083 2766 tantum
1135 2710 1293 2778 juxta
1340 2708 1598 2779 placitum
1636 2708 1841 2763 domini
1888 2708 2158 2771 vincitur;

583 2806 865 2860 volumate
940 2818 1072 2858 vero
1137 2804 1463 2871 rationeqne
1535 2801 1676 2855 sicut
1739 2801 1869 2855 libet
1945 2800 2155 2855 utitur:

583 2886 740 2968 quem
778 2912 906 2952 vero
926 2895 1182 2951 Christus
1214 2895 1367 2957 emit,
1403 2909 1513 2957 non,
1539 2893 1654 2962 jam
1677 2901 1760 2948 est
1789 2908 1923 2948 suus
1944 2934 1959 2957 ,
1993 2891 2162 2962 siqni-

518 2998 533 3012 '
581 2994 705 3044 dem
755 3004 863 3043 non
890 2998 976 3045 est
1026 2988 1189 3042 homo
1215 2987 1310 3058 qui
1358 2996 1527 3041 totum
1554 2987 1684 3040 emit
1716 2986 2021 3047 hominem.
2058 2999 2156 3042 nec

582 3093 665 3138 est
697 3083 929 3152 pretium
971 3097 1081 3152 quo
1106 3082 1280 3151 possit
1314 3082 1608 3136 humanam
1644 3094 1828 3135 emere
1860 3079 2101 3135 animant
2138 3096 2153 3133 :

580 3176 725 3230 unde
755 3190 915 3230 nemo
947 3174 1110 3229 solvit
1143 3175 1227 3231 vel
1257 3190 1474 3230 servum
1528 3172 1655 3228 fecit
1685 3172 1965 3227 hominem
2007 3172 2148 3227 ultra

2287 600 2446 654 τοῦτο
2476 604 2569 655 καὶ
2602 604 2703 671 τήν
2750 604 2843 657 τοῦ
2889 605 3130 677 Χριστοῦ
3178 611 3355 678 χαρὰν
3410 611 3566 664 αὐτοὶ
3617 612 3873 682 λέγονται

2288 693 2532 764 χαίρειν·
2559 688 2602 762 ᾧ
2620 696 2736 766 γὰρ
2767 698 2979 761 ἐκεῖνος
3004 701 3206 771 χαίρει,
3231 703 3390 755 τοῦτο
3416 706 3511 756 καὶ
3535 706 3698 764 αὐτὸς
3729 712 3874 760 ποιεῖ

2286 785 2388 854 τὴν
2420 788 2616 855 χαράν.
2648 788 2844 858 Χαίρει
2875 791 2984 862 γὰρ
3010 793 3212 864 ἑαυτῷ,
3244 794 3354 847 τῶν
3381 795 3436 848 δὶ
3462 797 3688 866 τέρπειν
3714 798 3845 852 δυνα

2294 878 2475 947 μένων
2514 879 2622 936 τῶν
2656 882 2836 936 αὐτῶν
2871 884 3044 940 ὄντων
3073 886 3371 941 ἀκόλουθον
3404 891 3497 942 καὶ
3544 891 3736 961 ἡδονὴν
3767 896 3859 964 τὴι

2289 971 2466 1042 αὐτὴν
2500 968 2641 1029 εἶναι
2665 989 2677 1002 ·
2711 978 2809 1031 καλ⁸
2836 977 2998 1030 τοῦτο
3025 980 3127 1032 οὐκ
3159 981 3381 1034 εἰκάσαι
3413 983 3508 1035 καὶ
3542 983 3867 1049 λογίσασθαι

2287 1064 2451 1132 μόνον
2475 1064 2646 1130 ἐστιν,
2678 1066 2792 1120 ἀλλ’
2815 1067 2983 1121 αὐτοῦ
3012 1072 3200 1139 σαφῶς
3218 1072 3469 1140 λέγοντος
3486 1074 3581 1126 τοῦ
3611 1076 3864 1147 Σωτῆρος

2289 1156 2480 1225 μαθεῖν
2519 1160 2788 1228 ἀκριϐῶς.
2840 1162 2993 1214 Ἐπεὶ
3037 1163 3145 1234 γὰρ
3177 1165 3302 1228 τοὺς
3344 1168 3474 1236 περὶ
3518 1169 3617 1236 τῆς
3642 1170 3864 1241 ἀγάπης

2284 1250 2547 1319 εἰσήγαγε
2565 1251 2765 1322 νόμους
2782 1256 2874 1307 καλ⁸
2893 1255 3128 1326 παρῄνει
3147 1259 3262 1321 τοῖς
3281 1260 3556 1329 μαθηταῖς
3572 1262 3862 1329 φυλάττειν

2285 1340 2435 1413 αὐτῷ
2456 1343 2543 1396 διὰ
2567 1347 2759 1409 τέλους
2787 1347 2847 1399 τδ
2873 1346 3098 1420 φίλτρον
3123 1351 3400 1420 ἀκίνητον,
3441 1373 3458 1405 ι
3495 1354 3677 1407 Ταῦτα
3704 1357 3861 1411 λελάο

2290 1433 2431 1502 ληκα
2462 1436 2611 1505 ὑμῖν,
2630 1439 2815 1509 φησλν,
2844 1440 2929 1492 ἴνα
2953 1442 2985 1508 ή
3014 1440 3157 1511 χαρὰ
3183 1442 3216 1512 ἡ
3248 1443 3352 1514 ἐμή
3399 1445 3527 1514 ὑμῖν
3560 1446 3739 1520 μείνῃ,
3768 1452 3859 1502 καὶ

2285 1526 2318 1594 ή
2349 1528 2496 1597 χαρὰ
2531 1531 2662 1599 ὑμῖν
2706 1529 2994 1603 πληρωθῇ.
3041 1550 3059 1584 ι
3101 1533 3200 1587 Διὰ
3229 1534 3407 1602 τοῦτο,
3445 1539 3599 1607 φησὶ,
3649 1542 3855 1594 κελεύω

2287 1617 2484 1686 φιλεῖν,
2513 1620 2601 1674 ἵνα
2636 1622 2733 1691 τῆς
2764 1623 2950 1691 φιλίας
3000 1625 3180 1679 πάντα
3207 1626 3357 1697 τάμά
3386 1631 3542 1684 κοινά
3586 1635 3680 1685 καὶ
3705 1634 3855 1703 ὑμῶν

2285 1711 2573 1781 ποιούσης,
2601 1713 2702 1777 τὴν
2729 1715 2818 1768 ἐπ’
2855 1717 2978 1785 ἐμοὶ
3005 1720 3099 1771 καὶ
3125 1720 3239 1781 τοῖς
3263 1720 3416 1788 ἐμοῖς
3440 1724 3538 1791 τὴν
3569 1724 3739 1795 αὐτὴν
3758 1722 3854 1798 ἦτε

2283 1804 2564 1873 χαίροντες
2613 1805 2810 1878 ήδονὴν
2851 1809 3010 1880 ἐμοί·
3058 1828 3076 1861 ι
3142 1811 3470 1868 Ἀπεθδδκετε
3498 1816 3642 1882 γὰρ,
3700 1821 3791 1872 καὶ
3818 1824 3850 1890 ή

2804 1901 3116 1966 κέκρυπται
3144 1905 3200 1955 ἐν
3231 1903 3307 1975 τῷ
3341 1906 3561 1975 Χριστῷ
3589 1911 3647 1962 ἐν
3665 1908 3801 1980 Θεῷ,
3828 1930 3847 1964 ι

2277 1987 2369 2039 τὸν
2405 1981 2522 2041 ἴσον
2562 1992 2764 2058 τρόπον
2812 1995 2907 2045 καὶ
2948 1995 2981 2063 ἡ
3013 1994 3158 2064 χαρὰ
3190 1997 3281 2049 καὶ
3319 1998 3490 2051 τάλλα
3521 2002 3599 2053 πά
3635 2018 3719 2064 τα,
3761 2005 3851 2057 καὶ

2276 2081 2427 2134 οὐδὲν
2479 2082 2818 2154 ἀνθρώπινον
2882 2087 3014 2157 παρ’
3060 2091 3264 2145 αὐτοῖς.
3322 2085 3430 2145 κει
3484 2096 3661 2147 πάντα
3708 2096 3848 2164 λόγῳ

2277 2172 2473 2242 βραχεί
2494 2174 2669 2240 δηλῶν
2692 2179 2718 2229 6
2750 2179 3023 2248 μακάριος
3043 2181 3276 2250 Παῦλος,
3305 2202 3323 2235 ι
3354 2183 3466 2239 Οῦκ
3490 2188 3635 2253 ἐστε,
3661 2189 3850 2256 φησὶν,

2274 2265 2506 2329 ἑαυτῶν,
2549 2268 2898 2341 ἠγοράσθητε
2925 2272 3035 2342 γὰρ
3069 2279 3257 2346 τιμῆς,
3297 2295 3315 2328 ι
3352 2280 3380 2331 6
3408 2279 3465 2330 δὲ
3494 2281 3850 2350 πεπραμένος

2267 2358 2329 2409 οῦ
2360 2360 2493 2427 πρὸς
2548 2362 2767 2427 ἑαυτὸν,
2802 2363 2936 2415 ἀλλὰ
2969 2369 3060 2416 τὸν
3091 2368 3399 2437 ἐωνημένον
3432 2372 3535 2441 ὁρᾷ
3585 2374 3679 2425 καὶ
3712 2375 3846 2445 πρὸς

2269 2448 2367 2517 τὴν
2402 2450 2615 2503 ἐκείνου
2654 2452 2721 2521 ζῇ
2753 2453 3002 2525 γνώμην.
3037 2459 3233 2512 Καίτοι
3263 2464 3376 2524 τοῖς
3413 2465 3513 2531 μὲν
3534 2465 3844 2535 ἀνθρώποις
3934 2488 3946 2501 ·

2265 2540 2293 2632 6
2315 2538 2584 2595 δουλεύων
2606 2544 2664 2595 τὸ
2689 2544 2849 2615 σῶμα
2867 2547 3072 2602 δέδεται
3093 2551 3253 2620 μόνον
3273 2554 3407 2622 πρὸς
3433 2556 3491 2608 τὸ
3511 2557 3588 2625 τῷ
3607 2559 3842 2632 δεσπότῃ

2265 2631 2477 2698 δοκοῦν,
2516 2635 2615 2705 τὴν
2649 2637 2703 2688 δὲ
2745 2639 2970 2709 γνώμην
3005 2642 3100 2696 καὶ
3130 2642 3220 2696 τὸν
3249 2644 3513 2717 λογισμὸν
3555 2631 3837 2722 ἐλεύθερός

2263 2727 2431 2788 ἐστιν,
2459 2727 2489 2780 ὅ
2522 2745 2573 2780 τι
2610 2728 2676 2782 ἂν
2709 2728 2958 2797 βούλοιτο
3005 2733 3275 2804 χρῆσθαι·
3317 2737 3377 2790 δν
3433 2739 3490 2793 δὲ
3529 2742 3556 2793 6
3602 2743 3835 2813 Χριστὸς

2262 2814 2556 2885 ἠγόρασεν,
2589 2820 2689 2871 οὐκ
2719 2819 2870 2873 ἔστιν
2897 2823 3049 2887 ὅπως
3102 2825 3255 2880 ἐστὶν
3306 2828 3522 2894 ἑαυτοῦ,
3570 2832 3695 2886 ἐπεὶ
3740 2837 3834 2888 καὶ

2258 2907 2349 2960 τὸν
2377 2906 2666 2976 ἄνθρωπον
2703 2910 2999 2985 ὀλόκληρον
3026 2915 3329 2987 ἀνθρώπων
3361 2921 3459 2990 μὲν
3483 2924 3657 2985 οὐδεὶς
3681 2924 3832 2994 ὠνή-

2260 3013 2411 3062 σατο,
2441 2999 2548 3051 οὐδ’
2584 3000 2731 3054 ἐστιν
2761 2997 2823 3057 οῦ
2849 3006 3160 3077 τιμήματος
3190 3011 3361 3080 ψυχὴν
3384 3010 3567 3064 λαϐεῖν
3594 3013 3825 3068 δυνατὸν

2256 3089 2606 3163 ἀνθρωπίνην
2622 3109 2636 3123 σ
2660 3092 2785 3147 ὅθεν
2815 3095 2991 3161 οὐδεὶς
3017 3099 3211 3154 ἔλυσεν
3229 3101 3556 3172 ἄνθρωπονῆ
3592 3101 3818 3156 ἐδουλώ-

2259 3200 2387 3236 σατο
2422 3183 2516 3237 τοῦ
2547 3184 2799 3256 σώματος
2839 3193 3171 3262 περαιτέρω,
3215 3197 3240 3247 6
3282 3195 3337 3248 δὲ
3379 3194 3564 3265 Σωτὴρ
3598 3196 3824 3250 ἅπαντα

577 3284 813 3338 corpus;
853 3266 1105 3322 Salvator
1129 3276 1307 3322 autem
1339 3277 1509 3321 to'um
1537 3266 1811 3320 hominem
1836 3266 1986 3319 emit.
2009 3264 2148 3320 Cum

2253 3275 2345 3329 τὸν
2370 3245 2656 3347 ἄνθρωπον
2676 3245 2938 3350 τυγχάνει
2962 3245 3262 3355 πριάμενος
3285 3304 3298 3317 ·
3319 3288 3403 3339 ὅτε
3425 3245 3827 3353 καλιάνθρωποι

574 3361 737 3416 etiam
786 3361 1037 3416 homines
1086 3370 1306 3431 propter
1336 3374 1551 3415 Servum
1601 3360 1886 3428 pecuniam
1939 3358 2147 3413 solum-

577 3455 739 3511 modo
764 3456 1005 3523 solvunt,
1031 3454 1123 3510 ille
1149 3453 1505 3523 semetipsum
1540 3452 1690 3506 dedit
1719 3452 1994 3522 pretium;
2025 3464 2149 3503 cor-
2190 3447 2195 3453 ’

571 3564 675 3617 pus
700 3556 755 3601 et
781 3548 1018 3602 animam
1038 3560 1136 3614 pro
1154 3552 1335 3600 nostra
1355 3542 1854 3605 libertatetradidit;
1875 3540 2002 3594 illud
2022 3539 2141 3609 qui-

570 3642 695 3692 dem
720 3637 854 3690 mori
875 3636 1027 3698 fecit,
1049 3636 1188 3688 hanc
1208 3643 1388 3691 autem
1418 3650 1447 3686 a
1479 3647 1707 3702 corpore
1733 3631 2021 3697 liberavit;
2041 3630 2145 3684 hoc

572 3728 791 3795 quidem
818 3728 987 3797 plagis
1006 3726 1444 3788 fuitcruciatum,
1465 3725 1554 3779 illa
1575 3739 1843 3788 vero,non
1868 3722 2044 3778 solum
2060 3737 2144 3777 oc-

570 3821 686 3874 riso
702 3833 952 3887 corpore,
972 3818 1064 3875 sed
1085 3818 1246 3873 etiam
1281 3826 1405 3873 ante
1426 3818 1647 3872 vulnera
1677 3816 1880 3870 doluit:
1907 3835 1925 3867 ι
1947 3815 2141 3870 Tristis

566 3921 672 3974 est,
703 3912 901 3982 inquit,
923 3912 1104 3967 anima
1123 3926 1239 3965 mea
1259 3924 1431 3980 usque
1459 3911 1524 3964 ad
1561 3920 1811 3966 mortem.
1843 3929 1861 3961 ι
1892 3910 1960 3964 Ει
1981 3910 2051 3962 ita
2081 3924 2139 3964 se

565 4014 740 4059 totum
760 4004 1000 4069 tradens,
1015 4010 1187 4059 totum
1207 4002 1339 4057 emit
1355 4001 1651 4067 hominem;
1668 4016 1796 4073 ergo
1810 4001 2134 4077 vomntatem

564 4106 619 4152 et
633 4097 773 4152 hanc
797 4098 1065 4167 praecipue
1089 4095 1444 4167 comparavit.
1465 4094 1676 4151 Etenim
1717 4093 1933 4149 aliunde
1958 4092 2136 4148 domi-

564 4206 668 4245 nus
684 4199 803 4247 erat
817 4189 1189 4258 universaque
1207 4199 1414 4242 natura:
1431 4196 1628 4241 nostra:
1644 4184 1944 4239 dominium
1966 4185 2135 4238 hahe-

563 4284 653 4336 bat
688 4297 703 4334 :
736 4295 844 4349 quo
878 4294 1005 4335 vero
1035 4279 1350 4333 servitutem
1382 4278 1721 4348 fugiebamus
1753 4276 1857 4331 hoc
1888 4277 2135 4331 voluntas

561 4382 697 4435 erat,
722 4383 776 4425 et
808 4382 867 4426 ut
896 4372 986 4423 illa
1014 4370 1297 4437 potiretur,
1314 4370 1567 4423 uibilnon
1589 4380 1668 4423 est
1691 4378 1965 4436 operatus.
1987 4370 2133 4435 Quo—

562 4466 709 4519 niam
733 4466 876 4517 enim
899 4463 1147 4514 voluntas
1166 4469 1283 4515 erat
1298 4474 1461 4528 quam
1480 4460 1777 4528 quaerebat,
1797 4476 1898 4514 non
1928 4462 2132 4515 violen-

2255 3365 2354 3433 μὲν
2381 3368 2520 3436 ὑπὲρ
2548 3370 2888 3443 ἀνδραπίδου
2917 3376 3176 3444 χρήματα
3208 3376 3605 3431 καταϐάλλουσι
3636 3378 3821 3447 μόνον,

2248 3459 2453 3522 ἐκεῖνος
2487 3460 2542 3513 δὲ
2575 3462 2768 3515 ἑαυτὸν
2802 3465 3090 3535 εἰσήνεγκε
3122 3469 3217 3520 καὶ
3243 3468 3306 3521 τὸ
3345 3470 3507 3540 σῶμα
3540 3470 3820 3539 προῦδωκε

2249 3551 2341 3602 καὶ
2372 3552 2471 3622 τὴν
2499 3550 2681 3622 ψυχὴν
2714 3553 2853 3626 ὑπὲρ
2886 3557 2986 3626 τῆς
3037 3558 3315 3627 ἡμετέρας
3355 3561 3692 3630 ἐλευθερίας,
3727 3564 3821 3615 καὶ

2245 3641 2305 3693 τὸ
2337 3643 2434 3710 μὲν
2463 3644 2759 3699 ἀποθανεῖν
2786 3647 3030 3718 εποίησε,
3053 3649 3151 3718 τὴν
3175 3649 3231 3703 δὲ
3256 3652 3314 3702 τὸ
3339 3655 3544 3707 οἰκεῖον
3566 3654 3817 3722 ἀφείλετο

2245 3731 2425 3800 σῶμα,
2459 3735 2553 3787 καλ⁸
2592 3736 2654 3788 τὸ
2685 3737 2785 3806 μὲν
2824 3738 3076 3811 ὠδυνήθη
3111 3739 3504 3813 πληττόμενον,
3536 3744 3720 3814 ἐκείνη
3758 3743 3817 3798 δὲ

2241 3824 2474 3895 ⁴ηνιάσθη
2516 3827 2578 3879 οὐ
2629 3830 3000 3900 σφαττομένου
3030 3833 3124 3885 τοῦ
3158 3832 3408 3903 σώματος
3447 3837 3630 3905 μόνον,
3678 3837 3815 3891 άλλά

2242 3921 2335 3967 καὶ
2391 3917 2495 3985 πρὸ
2532 3917 2635 3989 τῆς
2665 3920 2898 3992 πληγῆς.
2952 3943 2971 3974 ι
3031 3923 3332 3995 Περίλυπός
3380 3929 3519 3989 ἐστι.
3563 3933 3748 4001 φησιν,
3779 3934 3812 4001 ή

2237 4002 2385 4075 ψυχή
2413 4023 2516 4075 μου
2537 4007 2638 4068 ἕως
2668 4008 2919 4064 θανάτου.
2953 4029 2971 4061 ι
3000 4012 3106 4064 Καὶ
3128 4011 3299 4076 οὕτως
3322 4015 3445 4068 ὅλον
3470 4014 3594 4079 δοὺς
3622 4016 3812 4069 ἑαυτὸν

2238 4095 2360 4149 ὅλον
2390 4098 2608 4152 ὠνεῖται
2644 4102 2736 4154 τὸν
2763 4101 3070 4173 ἄνθρωπον,
3106 4105 3304 4158 οὐκοῦν
3338 4107 3431 4158 καὶ
3460 4107 3557 4178 τὴν
3590 4108 3813 4177 θέλησιν

2237 4191 2467 4260 ἐπρίατο
2509 4194 2604 4246 καὶ
2652 4195 2889 4263 μάλιστα
2928 4196 3156 4269 ταύτην.
3213 4198 3291 4252 Τὰ
3351 4199 3452 4268 μὲν
3511 4200 3622 4271 γάρ
3670 4200 3809 4257 ἄλλα

2235 4283 2501 4355 δεσπότης
2527 4282 2596 4358 ἦν
2625 4291 2720 4342 καὶ
2748 4288 2844 4358 τῆς
2870 4289 3084 4357 φύσεως
3114 4291 3272 4363 ήμῶν
3303 4293 3517 4364 ἁπάσης
3548 4296 3769 4365 ἐκράτει
3789 4311 3804 4325 ·

2234 4368 2277 4441 ᾧ
2313 4377 2370 4429 δὲ
2403 4376 2500 4447 τὴν
2534 4378 2780 4433 δουλείαν
2811 4381 3140 4450 ἐφεύγομεν,
3169 4385 3202 4452 ἠ
3231 4383 3452 4451 θέλησις
3474 4379 3562 4455 ἦν,
3600 4387 3693 4438 καὶ
3716 4386 3802 4438 ἵνα

2233 4468 2437 4539 ταύτην
2474 4470 2607 4535 ἕλοι,
2644 4472 2824 4526 πάντα
2873 4476 3192 4545 εἰργάσατο.
3238 4476 3338 4529 Διὰ
3377 4477 3536 4529 τοῦτο
3584 4480 3683 4548 γάρ
3710 4477 3798 4529 ὅτι

560 4569 643 4611 ter
659 4556 769 4624 egit
808 4568 908 4608 nec
942 4552 1145 4621 rapuit,
1167 4553 1259 4606 sed
1282 4554 1442 4605 emit:
1464 4551 1605 4606 unde
1625 4551 1803 4605 nullus
1820 4564 2126 4623 emptorum

2252 4562 2458 4634 {unum
2489 4565 2693 4634 ἐζήτει,
2725 4566 2897 4635 βίαιον
2928 4568 3081 4620 οὐδὲν
3107 4568 3365 4640 ἐποίησεν
3392 4570 3500 4623 οὐδ’
3527 4573 3795 4640 ἥρπασεν,

561 4662 722 4705 utens
747 4648 1123 4714 voluntatepro
1154 4645 1469 4715 semetipso,
1498 4645 1642 4714 juste
1685 4645 1863 4705 faciet.
1903 4645 1994 4698 sed
2016 4660 2129 4700 em-

560 4751 793 4809 ptorem,
821 4740 1074 4793 orbatum
1127 4736 1490 4807 possessione,
1512 4736 1633 4805 jure
1668 4736 1839 4790 Iredet.
1874 4735 2128 4791 Uteretur

558 4844 735 4886 autem
767 4833 966 4901 aliquis
998 4832 1062 4885 ad
1088 4828 1438 4897 semetipsum
1465 4828 1758 4890 voluntate,
1779 4829 2122 4897 semetipsum

556 4926 740 4979 volens
765 4925 982 4995 suisque
1017 4923 1277 4996 gaudens.

624 5108 811 5161 Restat
844 5117 901 5161 ut
935 5124 1093 5162 nemo
1127 5108 1392 5162 bonorum
1424 5121 1489 5160 ae
1520 5104 1788 5174 justorum
1819 5120 1879 5160 se
1908 5104 2119 5174 diligat,

550 5201 643 5255 sed
677 5200 851 5252 solum
885 5211 1203 5269 emptorem,
1228 5198 1499 5270 siquidem
1526 5198 1752 5251 omnino
1787 5212 2011 5252 necesse
2032 5206 2116 5250 est

548 5292 684 5344 tales
716 5304 838 5344 esse
878 5288 1143 5359 quosdam
1165 5299 1495 5359 emptorum,
1528 5288 1684 5345 sinon
1737 5303 1962 5352 omnes;
2005 5287 2115 5341 fru-

543 5394 656 5438 stra
696 5395 933 5447 namque
966 5378 1164 5434 factam
1196 5395 1321 5435 esse
1346 5380 1680 5435 tremendam
1721 5380 1859 5434 hanc
1881 5379 2115 5449 emptio-

540 5488 690 5536 nem,
733 5470 1009 5540 quomodo
1048 5470 1242 5523 rationi
1296 5471 1770 5526 consentaneum?
1820 5470 2109 5540 Diligentes

540 5580 722 5621 autem
765 5565 914 5620 illum
946 5563 1120 5619 solum
1157 5570 1478 5629 sequeretur
1511 5542 1699 5632 puram
1732 5564 1801 5618 ab
1833 5563 1977 5617 omni
2011 5562 2107 5616 tti-

536 5659 686 5710 stitia
716 5656 1109 5726 jucunditatem
1154 5653 1374 5718 habere,
1402 5654 1527 5722 quia
1567 5655 1697 5708 nihil
1736 5666 1929 5724 prmter
1959 5657 2104 5723 ipso-

532 5764 653 5800 rum
698 5749 1009 5802 voluntates
1051 5748 1284 5802 dilectus
1320 5744 1469 5809 facit,
1503 5749 1791 5800 maximam
1830 5728 2010 5802 autem
2046 5757 2102 5802 et

534 5828 1004 5909 supernaturalem
1047 5857 1109 5896 ac
1152 5841 1426 5907 divinam,
1470 5850 1652 5909 utpote
1700 5842 1961 5910 integiam
2011 5844 2101 5899 hic

2231 4654 2347 4710 ἀλλ’
2386 4657 2695 4728 ἠγόρασεν·
2759 4659 2879 4711 ὅθεν
2935 4661 3043 4714 τῶν
3095 4664 3462 4730 πεπραμένων
3509 4665 3682 4725 οὐδεὶς
3719 4662 3801 4724 είς

2229 4746 2419 4800 ἑαυτὸν
2448 4749 2728 4817 χρώμενος
2751 4752 2815 4819 τῇ
2841 4749 3060 4819 θελήσει
3079 4751 3147 4803 τὰ
3173 4752 3356 4805 δίκαια
3394 4757 3628 4821 ποιήσει,
3661 4754 3797 4809 ἀλλά

2225 4839 2315 4890 τὸν
2348 4839 2655 4909 ἐωνημένον
2705 4841 2953 4912 ἀδικήσει
2982 4843 3077 4896 τοῦ
3110 4846 3392 4912 κτήματος
3440 4848 3794 4916 ἀποστερῶ-ι’

2150 5002 2154 5006 _
2224 4932 2402 5003 χρῷτο
2428 4935 2472 4987 δ’
2494 4937 2559 4988 ἄν
2587 4954 2666 4998 τις
2696 4938 2827 5007 πρὸς
2852 4939 3043 4993 ἑαυτὸν
3077 4943 3145 5011 τῇ
3164 4939 3378 5011 θελήσει
3408 4942 3599 4995 ἑαυτὸν
3629 4942 3799 4997 θέλων

2223 5027 2316 5078 καὶ
2349 5029 2457 5087 τοῖς
2487 5028 2680 5080 ἑαυτοῦ
2715 5029 2939 5099 χαίρων.

2290 5116 2552 5169 Λείπεται
2599 5120 2664 5189 δὴ
2720 5123 2924 5189 μηδένα
2974 5122 3084 5175 τῶν
3131 5127 3386 5195 χρηστῶν
3428 5128 3520 5179 καλ⁵
3561 5127 3790 5180 δικαίων

2220 5205 2411 5259 ἑαυτὸν
2439 5209 2635 5275 φιλεῖν,
2661 5210 2797 5263 ἀλλὰ
2826 5213 2917 5264 τὸν
2953 5215 3301 5281 ἀγοράσαντα
3332 5218 3514 5287 μόνον,
3545 5218 3664 5271 ἐπεὶ
3694 5221 3789 5272 καὶ

2216 5298 2366 5351 πᾶσα
2426 5300 2663 5372 ἀνάγκη,
2719 5304 2993 5368 τοιούτους
3040 5302 3324 5361 εἶναιτῶν
3365 5308 3784 5380 ἁγορασθὲντων

2215 5388 2389 5453 ἐνίους
2424 5391 2473 5441 εί
2508 5389 2604 5443 καὶ
2637 5392 2711 5462 μὴ
2745 5393 2951 5456 πάντας
2973 5411 2986 5426 ο
3035 5397 3214 5468 μάτην
3253 5399 3360 5468 γὰρ
3393 5400 3651 5466 γενέσθαι
3687 5402 3785 5471 τὴν

2210 5481 2354 5551 ὠνὴν
2382 5483 2596 5552 ἐκείνην
2623 5485 2721 5555 τὴν
2747 5489 3019 5560 φρικώδη,
3056 5489 3176 5553 πῶς
3199 5490 3457 5559 εῦλογον;
3489 5493 3783 5562 φιλοῦντας

2208 5572 2264 5624 δὲ
2291 5575 2496 5626 ἐκεῖνον
2519 5576 2679 5641 μόνον
2706 5579 2972 5649 ἑπόμενον
3002 5581 3067 5634 ἂν
3093 5583 3202 5652 εἴη,
3228 5583 3474 5653 καθαρὰν
3503 5585 3605 5655 μὲν
3621 5586 3781 5649 ἀνίας

2207 5666 2401 5727 αὐτοὺς
2437 5667 2653 5738 ἁπάσης
2695 5670 2920 5741 ’ήδεσθαι
2954 5672 3169 5744 ἡδονὴν,
3202 5676 3282 5729 ὅτι
3318 5675 3469 5744 οὐδὲν
3505 5677 3653 5748 παρὰ
3680 5677 3780 5739 τὰς

2205 5756 2383 5810 αὐτῶν
2411 5760 2438 5810 6
2460 5758 2781 5828 φιλούμενος
2819 5765 3069 5833 πράττει,
3102 5766 3370 5837 μεγίστην
3401 5766 3456 5819 δὲ
3485 5769 3578 5820 καὶ
3606 5771 3778 5837 ὑπερ-

2203 5849 2313 5914 φυᾶ
2353 5851 2445 5903 καὶ
2498 5851 2667 5920 θείαν,
2718 5853 2798 5905 ὅτι
2849 5872 2907 5907 τε
2942 5854 3237 5924 ὀλόκληρον
3291 5857 3523 5912 ἐνταῦθα
3557 5857 3779 5913 κινοῦσι
