4196 6308
471 373 576 436 ἿΠ

1495 368 1599 428 DE
1632 369 1809 428 VlTA
1841 367 1917 428 1N
1961 365 2297 426 CHRISTO
2336 363 2479 427 LIB.
2520 365 2653 426 VII.

3596 359 3704 429 718

467 488 566 559 τὴν
594 483 828 554 δύναμιν
869 481 966 549 τῆς
1006 482 1200 550 χαρᾶς,
1236 481 1328 532 καὶ
1375 481 1457 532 ὅτι
1502 481 1563 531 τὸ
1590 480 1792 549 τέρπον
1836 477 2035 537 αὐτοὺς
2067 484 2107 537 Λ

2067 484 2107 537 Λ
2138 475 2339 530 lmtitiae
2375 478 2667 547 potentiam
2719 476 3063 541 exhauriunt,
3098 486 3261 548 atque
3314 480 3514 533 laetitize
3549 482 3702 548 ipso-

468 581 652 634 πᾶσαν
698 572 1019 640 ὓπερὸαίνει
1067 572 1308 641 χαρίτων
1344 572 1674 642 ὑπερϐολήν.
1710 570 1818 623 Καὶ
1862 568 2037 628 ἄλλως

471 672 532 724 δὲ
595 668 842 735 καθάπερ
907 662 1122 732 ἀνάγκη
1186 663 1281 715 τὸν
1347 662 1659 729 ἀνθρώποις
1717 660 2038 713 δουλεύοντα

472 758 778 822 λυπεῖσθαι,
807 754 982 816 οὔτως
1012 754 1226 824 ἀνάγκη
1257 755 1348 807 τὸν
1373 755 1451 823 τῷ
1476 752 1696 823 Χριστῷ
1716 752 2037 806 δουλεύοντα

476 854 701 926 χαίρειν.
739 850 814 903 Οὐ
844 849 951 919 γὰρ
980 849 1062 899 ἔτι
1091 847 1189 917 τὴν
1220 847 1410 910 αὑτοῦ,
1446 845 1578 899 ἀλλά
1609 847 1708 914 τὴν
1747 841 1839 896 τοῦ
1872 858 2035 910 πριαο

475 945 635 1015 μένου
660 942 853 1012 χωρῶν
882 943 908 992 6
934 941 1032 1008 μὲν
1061 940 1148 993 διὰ
1174 939 1351 992 πόνων
1379 939 1597 1008 ἔρχεται
1621 938 1713 990 καὶ
1734 935 1936 988 ὀδυνῶν
1958 932 2037 1002 τῷ

468 1036 564 1089 καὶ
591 1033 766 1100 λύπης
796 1032 893 1084 καὶ
930 1031 1108 1085 πόνων
1146 1031 1437 1102 ὑπευθύνῳ
1470 1028 1797 1092 ἀκολουθῶν,
1829 1027 2036 1086 ἐκεῖνος

465 1127 525 1180 δὲ
542 1125 659 1187 πῶς
681 1122 1036 1194 ἀνιαθήσεται
1058 1124 1158 1191 τῆς
1198 1122 1459 1192 ἀληθινῆς
1484 1122 1659 1190 χαρᾶς
1696 1116 2030 1190 ἡγουμένηςς

476 1217 631 1269 Ἐκεῖ
665 1215 764 1284 μὲν
792 1215 902 1283 γὰρ
929 1216 956 1265 ὁ
993 1211 1321 1265 καταϐαλὼν
1354 1212 1495 1279 ὑπὲρ
1528 1208 1865 1279 ἀνδραπόδου
1900 1205 2036 1276 χρή-

462 1302 617 1380 ματα
656 1309 717 1360 οὐ
768 1306 928 1360 τοῦτο
969 1302 1146 1371 ζητῶν
1208 1299 1531 1363 κατέϐαλεν,
1588 1299 1657 1352 ἵν’
1717 1293 1776 1351 εὖ
1829 1297 2035 1367 ποιήσῃ

463 1402 556 1455 τὸν
610 1399 986 1470 πεπραμένον,
1048 1394 1167 1449 ἀλ>’
1218 1394 1287 1447 ἵν’
1340 1394 1503 1456 αὐτὸς
1530 1392 1742 1445 ἐκεῖθεν
1799 1391 1859 1444 εὖ
1888 1392 2035 1461 πάθῃ

464 1498 646 1547 καίτοι
688 1491 797 1545 τῶν
853 1489 1064 1542 ἐκείνου
1106 1486 1347 1557 κερδάνῃ
1409 1484 1615 1547 πόνων,
1670 1482 1793 1535 ὅθεν
1839 1484 1868 1534 6
1914 1483 2036 1534 δου-

466 1585 641 1638 λεύων
680 1583 755 1646 ὡς
790 1581 855 1634 ἂν
895 1581 975 1642 είς
1002 1579 1103 1648 τὴν
1134 1578 1244 1631 τῶν
1274 1575 1629 1645 κεκτημένων
1664 1572 2034 1640 ἀναλυόμενος

473 1678 667 1748 χρείαν
702 1675 800 1728 καὶ
853 1673 918 1726 δι’
951 1667 1025 1727 ὧν
1078 1670 1240 1731 αὐτὸς
1272 1668 1726 1736 ταλαιπωρείται,
1783 1666 2032 1730 συνάγων

2139 587 2262 625 rum
2295 571 2568 638 ohjectum
2624 568 2888 625 maximas
2919 572 3122 639 gratias
3176 581 3500 639 exsuperat.
3531 570 3703 626 Cante-

2143 678 2261 716 rum
2302 670 2360 715 ut
2391 660 2706 716 hominibus
2735 662 3064 716 servientem
3104 661 3290 716 dolere
3326 677 3550 719 necesse
3597 672 3704 725 est,

2140 755 2220 808 sic
2252 768 2476 807 necesse
2508 762 2593 807 est
2623 752 2843 809 Christo
2899 755 3247 808 l‘amulantem
3281 755 3539 824 gaudere.
3574 755 3705 811 Eleo

2138 846 2254 899 nim
2311 860 2418 899 non
2473 846 2583 914 jam
2616 861 2791 909 suam,
2826 845 2918 900 sed
2978 846 3236 913 emptoris
3265 846 3498 917 gratiam
3534 848 3706 900 adim-

2139 939 2318 1008 plens.
2355 955 2496 993 unus
2530 941 2749 1010 quidem
2805 943 2983 996 luctus
3013 953 3066 996 et
3107 941 3357 996 laborum
3416 939 3706 996 tributario

2136 1032 2420 1096 serviens,
2454 1048 2550 1101 per
2600 1034 2811 1087 labores
2866 1045 2920 1088 et
2972 1035 3206 1103 gemitus
3266 1035 3518 1099 incedit;
3570 1034 3706 1087 alter

2137 1133 2340 1190 autem,
2375 1139 2497 1177 vera
2533 1125 2714 1181 latitia
2745 1126 2901 1189 (lucc,
2935 1130 3206 1196 quomodo
3242 1110 3658 1182 contristaretur
3681 1126 3706 1178 ?

2140 1215 2213 1269 Ex
2276 1232 2387 1271 una
2465 1217 2681 1286 quidem
2751 1229 2933 1287 parte,
2990 1221 3081 1286 qui
3132 1236 3230 1290 pro
3281 1237 3440 1275 servo
3490 1223 3705 1276 divitias

2137 1308 2332 1369 solvit,
2365 1324 2469 1362 non
2505 1310 2621 1363 illas
2658 1312 2819 1364 solvit
2862 1328 3111 1378 qiuerens
3134 1351 3147 1373 .
3178 1321 3238 1367 ut
3287 1315 3452 1383 empti
3505 1331 3704 1384 procu-

2136 1406 2281 1450 raret
2316 1397 2537 1460 bonum,
2565 1398 2656 1451 sed
2694 1410 2754 1453 ut
2788 1400 2900 1467 ipse
2932 1402 3082 1455 illinc
3111 1403 3246 1456 bene
3280 1404 3350 1456 sit
3381 1415 3433 1458 et
3461 1406 3526 1460 de
3555 1406 3706 1459 labo-

2138 1487 2287 1539 ribus
2317 1486 2434 1553 ejus
2471 1489 2744 1544 lucretur:
2777 1492 2916 1544 unde
2943 1493 3377 1563 serviens,quasi
3409 1511 3703 1567 con-‘ump—

2134 1584 2221 1630 tus
2257 1578 2323 1630 ad
2371 1589 2809 1647 comparatorum
2864 1582 3153 1637 utilitatem
3174 1623 3190 1647 ,
3214 1596 3266 1639 et
3296 1585 3401 1638 illis
3437 1600 3530 1654 per
3562 1602 3701 1655 quos

2134 1667 2251 1735 ipse
2287 1670 2450 1723 miser
2501 1680 2581 1724 est
2604 1711 2616 1728 .
2655 1671 2878 1725 delicias
2926 1686 3179 1729 aStruens
3202 1714 3216 1736 ,
3246 1675 3526 1731 continuis
3558 1678 3704 1730 sub,

467 1769 694 1830 ὲκείνοις
717 1767 936 1836 ἡδονὰς,
970 1765 1246 1832 διηνεκέσι
1271 1764 1486 1817 σύνεστι
1506 1761 1730 1823 λύπαις.
1764 1758 2030 1813 Ἐνταῦθα
2067 1818 2105 1836 n

2067 1818 2105 1836 ἢ
2129 1758 2316 1827 Ῑίιτίωτ
2368 1761 2661 1814 aerumnis.
2696 1762 2768 1815 Ex
2802 1763 2907 1817 alia
2962 1779 3088 1819 vero
3136 1773 3288 1834 parte
3316 1807 3330 1827 .
3363 1769 3699 1823 contrarium

462 1860 526 1912 δὲ
575 1857 928 1911 τούναντίονο
962 1858 1141 1910 πάντα
1195 1853 1303 1922 γὰρ
1347 1853 1483 1924 πρὶς
1538 1853 1638 1923 τὴν
1668 1851 1775 1903 τῶν
1828 1848 2031 1903 δούλων
2067 1848 2106 1915 ν

2067 1848 2265 1915 νεεκ
2322 1864 2442 1901 nam
2505 1852 2570 1902 ad
2630 1867 2909 1905 servorum
2969 1855 3456 1912 Considerationem
3519 1860 3700 1915 omnia

470 1949 825 2018 εὐδοκίμησιν
857 1946 1176 2016 εἴργασται,
1224 1948 1318 1999 καὶ
1350 1947 1412 1997 τὸ
1441 1944 1637 2013 λύτρον
1670 1942 1892 2005 ἔδωκεν,
1934 1942 2034 2011 οὐχ

467 2042 556 2094 ἴνα
585 2041 747 2102 αὐτὸς
778 2038 1030 2108 ἀπολαύῃ
1058 2056 1109 2091 τι
1133 2037 1244 2089 τῶν
1266 2035 1559 2099 λυθέντων,
1599 2034 1717 2087 ἀλλ’
1742 2033 1828 2086 ἵνα
1850 2032 2032 2086 αὐτῶν

466 2132 724 2185 τάκείνου
754 2131 1003 2203 γένηται,
1054 2130 1149 2182 καὶ
1181 2128 1371 2198 κέρδος
1413 2127 1443 2179 6
1472 2125 1741 2195 δεσπότης
1851 2124 1945 2177 καὶ
1982 2122 2032 2174 oi

468 2224 566 2277 τοῦ
597 2224 856 2276 δεσπότου
888 2224 1042 2275 πόνοι
1069 2224 1180 2284 τοῖς
1210 2219 1441 2282 δούλοις,
1473 2220 1569 2270 καὶ
1598 2218 1691 2270 τὸν
1724 2216 2033 2286 ἐωνημένον

472 2316 593 2368 ἰλον
616 2316 774 2376 αὐτὸς
803 2317 831 2366 6
852 2314 1209 2385 πεπραμένος
1236 2313 1334 2384 ἔχῃ
1364 2312 1565 2365 λαϐὼν.
1600 2310 1698 2363 Διά
1716 2309 1887 2363 ταῦτα
1905 2309 2034 2371 τοὺς

481 2408 556 2477 μὴ
587 2406 724 2477 πρὸς
753 2406 953 2475 ταύτην
988 2405 1453 2475 ἀποπηδήσαντας
1483 2404 1582 2473 τὴν
1606 2402 1872 2463 δουλείαν,
1899 2400 2035 2454 ἀλλά

476 2501 583 2569 πρὸ
600 2500 778 2567 πάσης
796 2496 1106 2567 ἐλευθερίας
1129 2497 1376 2549 τάκείνου
1407 2492 1806 2562 ποιησαμένους
1834 2491 2033 2559 δεσμὰ,

470 2591 682 2662 χαίρειν
711 2590 947 2658 ἀνάγκη,
987 2588 1216 2641 πλοῦτον
1248 2587 1435 2648 πενίας
1472 2585 1564 2638 καὶ
1602 2583 1878 2654 βασιλείαν
1912 2584 2035 2636 δεσ-

475 2684 749 2756 μωτηρίου
780 2683 876 2736 καὶ
908 2683 1064 2748 δόξαν
1091 2681 1191 2749 τὴν
1218 2680 1477 2734 ἀνωτάτω
1503 2680 1603 2748 τῆς
1636 2676 1873 2747 ἐσχάτης
1911 2675 2035 2729 ἀτι-

480 2779 602 2846 μίας
637 2773 1045 2843 άλ).αξαμὲνους
1067 2790 1080 2803 ·
1105 2773 1242 2842 ὅπερ
1270 2772 1381 2839 γὰρ
1432 2769 1540 2823 τῶν
1590 2768 1893 2838 ἀνθρώπων
1924 2769 2037 2830 τοῖς

477 2869 760 2932 δεσπόταις
792 2868 967 2933 ἔξεστι
999 2867 1173 2923 ποιεῖν
1216 2867 1298 2926 είς
1327 2863 1454 2923 τοὺς
1482 2860 1703 2924 δούλους
1746 2860 1899 2930 παρὰ
1927 2861 2036 2913 τῶν

473 2964 672 3034 νόμων,
687 2963 847 3016 τοῦτο
861 2963 971 3019 τοῖς
988 2958 1192 3019 δούλοις
1208 2955 1420 3024 ἐφεῖται
1439 2954 1576 3023 πρὸς
1594 2953 1686 3006 τδν
1714 2952 1889 3007 κοινὸν
1916 2952 2042 3005 δεσ-

469 3059 641 3127 πότην
670 3055 755 3108 διὰ
777 3052 875 3123 τὴν
899 3049 991 3104 τοῦ
1025 3048 1283 3103 δεσπότου
1307 3043 1733 3115 φιλανθρωπίαν.
1762 3042 2038 3105 Ἐκείνους

2136 1939 2275 1994 facta
2311 1949 2438 1993 sunt
2471 1960 2483 2001 ;
2514 1945 2751 2009 pretium
2812 1944 2960 1998 dedit
2988 1983 3002 2007 ,
3028 1960 3143 1999 non
3192 1957 3249 2002 ut
3280 1948 3395 2017 ipse
3450 1951 3516 2004 de
3550 1952 3700 2006 solu-

2130 2031 2206 2085 tis
2238 2031 2440 2100 aliquid
2473 2035 2744 2089 obtineret
2769 2036 2906 2090 lucri
2928 2077 2942 2100 ,
2976 2039 3070 2093 sed
3100 2049 3159 2094 ut
3188 2054 3286 2095 sua
3322 2042 3536 2096 illorum
3576 2057 3701 2111 pro-

2133 2124 2249 2193 pria
2291 2123 2510 2185 faceret.
2543 2137 2796 2196 essetque
2825 2129 3098 2188 dominus.
3136 2141 3194 2186 ut
3216 2132 3423 2188 domini
3461 2134 3699 2197 labores.

2133 2214 2345 2269 lucrum
2379 2216 2582 2276 servis.
2615 2232 2681 2273 ac
2741 2229 2912 2273 totum
2962 2230 3260 2286 emptorem
3316 2234 3534 2293 emptus
3583 2225 3702 2294 ipse

2135 2305 2460 2370 possideret.
2496 2307 2620 2357 ideo
2674 2308 2765 2376 qui
2826 2324 2932 2363 non
2988 2311 3251 2367 adversus
3297 2314 3439 2368 hanc
3472 2317 3702 2372 recalci-

2138 2404 2353 2452 travcre
2411 2398 2772 2464 servitutem,
2806 2401 2899 2453 sed
2934 2411 3061 2455 ante
3114 2417 3331 2458 omnem
3392 2405 3701 2463 libertatem

2138 2486 2384 2540 fecerunt
2414 2488 2587 2557 ipsius
2622 2488 2859 2554 vincula.
2886 2493 3125 2556 gaudere
3176 2508 3274 2549 eos
3322 2510 3547 2551 necesse
3593 2508 3698 2564 est,

2135 2592 2259 2632 cum
2299 2578 2517 2634 (ιίνίιίιοδ
2548 2583 2645 2649 pro
2674 2590 3019 2650 paupertate,
3053 2598 3277 2652 regnum
3311 2601 3409 2655 pro
3440 2602 3663 2644 carcere
3683 2631 3700 2656 ,

2137 2683 2407 2723 summam
2448 2670 2677 2739 gloriam
2716 2685 2815 2739 pro
2865 2671 3054 2728 ultima
3085 2674 3293 2730 vilitate
3330 2691 3432 2745 per
3457 2693 3705 2734 commu-

2138 2768 2305 2813 tatum
2364 2761 2723 2829 acceperint.
2754 2762 2911 2829 Quod
2949 2765 3097 2819 enim
3131 2766 3414 2822 hominum
3463 2770 3704 2826 dominis

2139 2865 2236 2920 per
2262 2852 2406 2922 leges
2441 2853 2494 2906 in
2527 2868 2713 2909 servos
2738 2855 2914 2910 facere
2942 2856 3065 2912 licet
3086 2895 3102 2921 ,
3132 2857 3237 2913 hoc
3264 2862 3441 2916 servis
3471 2863 3523 2916 in
3550 2878 3704 2917 com-

2141 2960 2358 2999 munem
2408 2946 2688 3001 dominum
2742 2962 2836 3017 per
2879 2947 3268 3006 humanitatem
3317 2951 3531 3008 Domini
3567 2970 3700 3011 con-

2139 3050 2352 3092 cessum
2394 3045 2510 3090 est.
2541 3036 2671 3092 litos
2703 3040 2846 3091 enim
2901 3053 3185 3095 servorum
3216 3049 3269 3095 et
3320 3041 3536 3098 illorum
3584 3062 3705 3114 quae

472 3149 574 3219 μὲν
590 3148 697 3219 γὰρ
714 3146 821 3199 τῶν
840 3143 1038 3197 δούλων
1063 3146 1153 3194 καὶ
1171 3141 1279 3193 τῶν
1299 3139 1466 3191 ὄντων
1481 3138 1591 3198 τοϊς
1608 3134 1808 3196 δούλοις
1829 3134 1857 3185 6
1872 3132 2034 3201 νόμος
2059 3142 2105 3206 c

2059 3142 2105 3206 ο
2137 3129 2312 3183 servis
2340 3137 2499 3194 sunt,
2535 3129 2615 3183 lex
2653 3131 2939 3185 constituit
2969 3132 3243 3199 dominos,
3294 3135 3399 3191 nisi
3450 3136 3699 3193 domina-

471 3239 698 3309 κυρίους
721 3236 1070 3303 καθίστησιν,
1108 3232 1176 3286 ἂν
1202 3230 1276 3301 μὴ
1302 3228 1576 3297 πρόωνται
1598 3227 1697 3294 τὴν
1715 3223 2033 3278 δεσποτείαν

475 3331 605 3400 μηδ’
656 3328 868 3397 ἀφῶσιν
918 3324 1115 3386 αὐτοὺς
1163 3321 1265 3392 τῆς
1325 3319 1596 3381 δουλείας,
1649 3310 1796 3370 οὗτοι
1841 3316 1899 3369 δὲ
1939 3315 2034 3368 τδν

473 3420 688 3476 ἑαυτῶν
738 3420 1007 3487 δεσπότην
1058 3415 1244 3486 ἔχουσι
1290 3412 1389 3467 καὶ
1420 3409 1531 3465 τῶν
1569 3409 1782 3463 ἐκείνου
1835 3406 2035 3477 κληρο-

470 3511 758 3582 νομοῦσιν,
805 3510 874 3564 ἂν
919 3508 1016 3561 τὸν
1048 3506 1215 3575 ζυγὸν
1247 3504 1462 3558 ἐκείνου
1515 3501 1781 3572 στέρξωσι
1811 3500 1909 3554 καὶ
1935 3501 2036 3570 τὴν

471 3603 621 3675 ὠνὴν
661 3600 974 3656 ἑνδεσθώσι.
1014 3599 1124 3651 Καὶ
1156 3596 1312 3650 τοῦτό
1343 3592 1544 3648 ἔστινὸ
1570 3591 1783 3655 Παῦλος
1812 3590 2036 3645 ἐκέλευ-

481 3712 600 3761 σεν,
647 3692 910 3762 «Χαίρετε
936 3691 996 3742 ἐν
1027 3686 1249 3759 Κυρίῳ,
1281 3704 1301 3738 ι
1326 3685 1523 3754 λέγων,
1552 3685 1645 3737 τὸν
1684 3684 2037 3754 ἀγοράσαντα

464 3790 561 3843 διὰ
593 3783 690 3841 τοῦ
721 3785 925 3856 Κυρίου
952 3779 1151 3852 δηλῶν,
1206 3779 1299 3832 καὶ
1340 3779 1368 3831 6
1405 3775 1596 3847 Σωτὴρ
1642 3774 2037 3845 ἐναργέστερον

467 3884 534 3933 τὸ
568 3879 670 3949 τῆς
701 3876 877 3948 χαρᾶς
909 3873 1082 3926 αίτιον
1121 3869 1403 3939 σημαίνων
1432 3869 1589 3937 ἡμῖν,
1614 3867 1705 3920 τὸν
1733 3868 1829 3935 τῆς
1859 3865 2036 3935 χαρᾶς

470 3969 624 4040 αύτῷ
673 3965 1078 4033 κοινωνήσοντα
1124 3961 1310 4014 δοῦλον
1360 3959 1566 4027 ἀγαθὸν
1634 3955 1892 4026 ὀνομάζει
1941 3955 2038 4009 καὶ

476 4062 686 4129 Κύριον
711 4059 920 4118 ἑαυτὸν,
946 4074 964 4107 ι
979 4053 1221 4119 Είσελθε,
1240 4052 1433 4120 λέγων,
1453 4048 1623 4116 ἀγαθὲ
1642 4047 1816 4109 δοῦλε,
1835 4047 1914 4108 είς
1941 4046 2040 4115 τὴν

470 4152 650 4224 χαράν
668 4149 764 4202 τοῦ
785 4147 990 4219 Κυρίου
1013 4161 1162 4209 sou,»
1183 4145 1264 4197 ὅτι
1282 4142 1465 4204 δοῦλος
1490 4140 1709 4210 ἔμεινας
1736 4138 1830 4190 καὶ
1857 4137 1918 4189 τὸ
1936 4135 2039 4205 τῆς

466 4245 627 4316 ὠνῆς
654 4246 717 4297 οὐ
748 4241 1040 4314 διέῥρηξας
1062 4254 1208 4308 γραμ
1223 4236 1469 4306 ματείον,
1491 4233 1663 4301 αὐτὴν
1683 4229 1913 4301 κομίζου
1940 4232 2040 4298 τὴν

469 4334 564 4389 τοῦ
604 4332 949 4405 κτησαμένου
982 4330 1179 4401 χαράν.
1218 4327 1377 4380 Ἐστι
1408 4324 1518 4396 γὰρ
1548 4325 1580 4395 ἡ
1616 4322 1757 4392 αὐτὴ
1786 4322 1932 4392 χαρά
1976 4320 2039 4373 ού

476 4428 646 4495 μόνον
696 4426 785 4479 διά
822 4424 884 4477 τὸ
940 4421 1131 4493 χαρίεν
1178 4418 1377 4473 ταύτὸν
1409 4416 1491 4481 δν,
1530 4414 1753 4469 ἀλλ’ὅτι
1799 4414 1893 4468 καὶ
1940 4414 2041 4480 τῆς

2130 3219 2338 3275 tionem
2364 3221 2663 3290 ahjecerint
2694 3220 2925 3291 illosque
2956 3223 3306 3280 liberaveth
3336 3242 3368 3281 a
3399 3230 3700 3298 servitute;

2134 3308 2223 3363 isti
2270 3324 2403 3364 vero
2455 3323 2615 3363 suum
2669 3311 2947 3378 possident
2991 3313 3276 3369 dominum
3330 3326 3386 3372 et
3427 3318 3701 3375 bonarum

2134 3397 2255 3469 ejus
2286 3398 2523 3452 lueredes
2554 3408 2704 3460 sunt,
2736 3399 2784 3453 si
2811 3400 3002 3469 jugum
3037 3401 3156 3470 ejus
3189 3414 3376 3461 amant
3401 3416 3456 3461 et
3493 3409 3703 3464 redem-

2132 3491 2320 3561 ptione
2346 3504 2468 3548 sese
2494 3491 2789 3547 obstrictos
2821 3492 3043 3551 habent.
3065 3492 3130 3548 Et
3147 3495 3251 3552 hoc
3278 3508 3362 3553 est
3388 3501 3531 3568 quod
3554 3501 3702 3556 Pau-

2143 3583 2232 3655 lus
2248 3581 2504 3637 hortatus
2529 3590 2633 3649 est,
2649 3583 2836 3639 dicens
2863 3603 2874 3637 :
2908 3603 2927 3637 ι
2955 3584 3265 3641 Gaudetain
3292 3588 3554 3646 Domino:
3582 3611 3605 3643 ,ι
3642 3604 3702 3648 ut

2137 3672 2451 3738 Dominum,
2470 3674 2619 3728 illum
2639 3675 2734 3744 qui
2752 3679 3112 3743 comparavit,
3134 3679 3429 3734 ostendens
3444 3698 3469 3750 ς
3497 3691 3551 3735 et
3578 3681 3701 3737 Sal-

2134 3772 2294 3817 vator
2328 3763 2632 3820 evidentius
2667 3765 2850 3835 gaudii
2875 3780 3096 3821 causam
3133 3766 3292 3821 nobis
3318 3767 3699 3835 manifestans.

2140 3853 2294 3907 illum
2332 3853 2426 3921 qui
2478 3868 2634 3909 suam
2683 3855 3113 3924 participaturus
3155 3868 3238 3911 est.
3286 3856 3565 3925 laetitiam,
3602 3862 3704 3916 ho-

2134 3961 2268 4000 num
2301 3958 2462 4001 vocat
2495 3962 2738 4013 servum,
2768 3962 2888 4003 sese
2944 3959 3124 4004 autem
3172 3949 3460 4005 Dominum
3521 3954 3704 4022 appel-

2139 4035 2262 4090 lans
2289 4054 2301 4089 :
2328 4054 2351 4087 ι
2385 4037 2552 4102 Intra,
2575 4038 2714 4092 bone
2734 4054 2910 4103 serve,
2927 4040 2982 4093 in
3013 4042 3270 4110 gaudium
3288 4043 3502 4096 Domini
3525 4046 3600 4098 tui
3626 4061 3644 4100 :
3676 4064 3696 4096 ε

2138 4128 2266 4197 quia
2331 4141 2521 4182 servus
2578 4129 2932 4197 permansisti
2982 4146 3083 4186 nec
3144 4133 3439 4201 emptionis
3496 4134 3702 4205 fregisti

2139 4219 2477 4285 schedulam,
2510 4219 2685 4289 ipsum
2718 4220 2986 4290 emptoris
3026 4223 3212 4291 accipe
3263 4225 3521 4294 gaudium
3550 4266 3564 4280 .
3591 4229 3702 4281 Ea-

2139 4312 2263 4366 dem
2285 4313 2429 4367 enim
2460 4322 2543 4368 est
2574 4313 2774 4376 laetitia=
2804 4328 2913 4367 non
2948 4315 3125 4369 solum
3150 4317 3276 4384 quia
3292 4318 3488 4373 eadem
3511 4328 3594 4374 est
3616 4336 3704 4376 res

2137 4404 2422 4460 laetiﬁcans
2447 4445 2463 4471 ,
2494 4406 2587 4460 sed
2618 4406 2785 4460 etiam
2816 4405 2947 4476 quia
2983 4407 3371 4463 benevolentiae
3408 4411 3550 4466 idem
3586 4428 3704 4467 tuo-

476 4516 903 4589 εὐγνωμοσύνης
925 4518 952 4568 6
978 4511 1138 4575 αὐτὸς
1156 4514 1356 4581 τρόπος
1376 4525 1392 4542 ο
1431 4508 1680 4576 καθάπερ
1700 4505 1810 4574 γὰρ
1831 4505 2037 4566 ἐκεῖνος
2070 4501 2114 4557 D

2070 4501 2114 4557 Β
2141 4498 2244 4553 dus
2265 4506 2389 4552 est.
2420 4496 2891 4563 Quemadmodum
2925 4499 3069 4552 enim
3093 4500 3192 4555 ille
3242 4516 3349 4557 non
3380 4504 3701 4573 sihimetipei

471 4613 573 4681 οὐχ
628 4607 809 4678 ἑαυτῷ
866 4607 1090 4676 ἦρεσεν,
1144 4601 1281 4655 ἀλλά
1327 4602 1438 4661 τοῖς
1482 4597 1694 4657 δούλοις
1739 4595 1900 4664 ἔζησε
1943 4594 2036 4648 καὶ

473 4702 716 4758 ἀπέθανε
746 4701 845 4755 καὶ
877 4698 1202 4767 γεγέννηται
1237 4693 1336 4764 τὴν
1372 4692 1564 4762 ἀρχὴν,
1605 4689 1699 4743 καὶ
1744 4690 1821 4750 είς
1848 4686 2037 4740 ἑαυτὸν

474 4794 790 4850 ἐπανελθὼν
821 4794 914 4845 καὶ
945 4792 1036 4844 τὸν
1067 4790 1257 4859 θρόνον
1288 4787 1427 4856 ἔχων
1448 4784 1541 4835 τὸν
1574 4779 1866 4849 πατρικὸν,
1905 4778 2037 4847 ἡμῖν

480 4892 596 4942 ἐκεῖ
618 4887 860 4957 κάθηται
886 4884 979 4937 καὶ
1015 4879 1364 4953 παράκλητός
1398 4880 1513 4931 ἐστι
1535 4876 1671 4946 πρὸς
1703 4872 1867 4957 αὑτὸν
1898 4869 2038 4939 ὑπὲρ

473 4979 632 5050 ἡμῶν
667 4978 734 5030 δι’
754 4956 979 5036 ίαίῶνος,
1011 4971 1154 5023 οὕτω
1177 4971 1271 5023 καὶ
1298 4967 1403 5020 τῶν
1426 4964 1648 5026 δούλων,
1679 4956 1760 5024 οἷς
1782 4963 1810 5011 6
1835 4957 2040 5050 Δεσπό-

597 5070 704 5141 πρδ
727 5067 837 5120 τῶν
863 5064 1052 5135 ψυχῶν
1085 5061 1325 5131 ἐγένετο,
1350 5055 1560 5110 ἑαυτῶν
1578 5055 1679 5107 οὐκ
1710 5046 2038 5117 ἐπιστρεφό-

477 5138 652 5233 μενοι*
673 5159 836 5232 μόνον
865 5153 1110 5225 φιλοῦσιν
1135 5153 1361 5205 ἐκεῖνον.
1392 5143 1643 5208 Τοιοῦτος
1656 5138 1726 5214 ἦν
1761 5140 2038 5233 Ἰωάννης,

481 5230 577 5306 καὶ
603 5230 692 5304 διά
719 5248 878 5302 τοῦτο
906 5238 1403 5313 παρενδοκιμηθεὶς
1430 5234 1636 5289 ἐκείνου
1671 5230 1934 5302 φανίντος
1956 5243 2041 5279 το-

480 5344 672 5396 σοῦτον
709 5341 904 5408 ἀπεῖχε
938 5331 1345 5404 δυσχεραίνειν,
1384 5327 1528 5381 ὥστε
1552 5323 1713 5387 αὐτὸς
1741 5317 1808 5392 ἦν
1857 5323 1885 5375 6
1927 5320 2037 5382 τοῖς

478 5432 732 5503 ἀγνοοῦσι
769 5427 952 5483 αὐτῶν
984 5425 1271 5495 κηρύττων
1297 5419 1391 5473 καὶ
1412 5418 1511 5486 τῆς
1531 5414 1777 5485 γλώττης
1801 5412 2037 5503 ἐκείνης,

480 5502 576 5594 ἀφ’
596 5523 665 5600 ἦς
695 5523 1009 5577 συνέϐαινεν
1027 5517 1201 5585 αὐτῷ,
1224 5514 1321 5585 τὴν
1351 5510 1558 5564 ἐλάττω
1579 5506 1842 5600 φέρεσθαι
1854 5502 2038 5600 δόξαν,

483 5594 636 5670 οὐδὲν
672 5614 823 5686 ἣδιον
851 5608 918 5683 ἦν
948 5607 1098 5677 αύτῷ
1118 5623 1132 5638 ·
1166 5606 1263 5658 καὶ
1300 5601 1453 5673 ἠξίου
1481 5600 1574 5652 τὸν
1612 5598 1712 5669 μὲν
1736 5597 1819 5659 είς
1848 5594 2038 5686 ἑαυτὸν

482 5685 892 5778 ἀναρτήσασθαι
925 5703 986 5755 τὸ
1015 5699 1244 5769 θέατρον
1282 5697 1375 5749 καὶ
1405 5688 1948 5760 καταδημαωγῆσαι
1975 5685 2037 5737 τὺ

481 5799 635 5868 γένος
668 5799 834 5865 eum,
881 5797 976 5851 καὶ
1017 5792 1224 5853 πάντας
1252 5788 1403 5857 αὐτῷ
1438 5787 1725 5855 προσέχειν
1757 5783 1850 5836 τὸν
1889 5778 2035 5845 νοῦν,

2138 4589 2372 4658 placuit.
2400 4588 2495 4643 sed
2531 4603 2629 4656 pro
2662 4590 2838 4645 servis
2873 4590 3003 4644 vixit
3031 4600 3088 4646 et
3139 4602 3388 4651 mortuus
3419 4606 3524 4655 est,
3552 4597 3704 4665 getti-

2138 4690 2335 4751 tusque
2367 4691 2451 4737 est
2479 4683 2548 4737 ah
2592 4682 2769 4747 initio,
2799 4694 2854 4736 et
2887 4685 2952 4738 ad
2983 4700 3042 4739 se
3081 4700 3352 4751 reversus,
3380 4695 3434 4740 et
3481 4696 3704 4756 paterno

2138 4774 2344 4841 potitus
2366 4775 2589 4839 throno,
2611 4776 2769 4830 nobis
2801 4776 2875 4830 ibi
2902 4776 3079 4841 sedet,
3104 4784 3159 4830 et
3183 4792 3282 4845 pro
3313 4780 3467 4833 nobis
3486 4781 3551 4834 ad
3578 4796 3700 4835 eum

2140 4881 2355 4935 semper
2387 4867 2716 4921 intercessor
2748 4868 2964 4921 exsistit
2992 4884 3008 4931 ;
3038 4867 3118 4921 sic
3146 4867 3316 4922 estde
3347 4869 3521 4924 servis
3541 4912 3557 4936 ,
3588 4874 3705 4940 qui-

2139 4957 2244 5012 bus
2274 4958 2535 5013 Dominus
2566 4971 2649 5013 est
2680 4974 2792 5027 prae
2838 4959 3019 5012 anima
3047 4944 3298 5029 ,"quique
3347 4960 3414 5015 ad
3445 4977 3565 5017 sese
3596 4980 3703 5019 non

2139 5052 2339 5105 reversi
2379 5050 2529 5105 illum
2572 5052 2752 5105 solum
2794 5051 3063 5121 diligunt.
3093 5050 3246 5107 Talis
3288 5063 3407 5108 erat
3441 5053 3703 5117 Joannes.

2140 5152 2194 5196 et
2238 5142 2361 5196 ideo
2392 5152 2666 5208 tentatus,
2696 5143 2788 5197 illo
2819 5153 3144 5213 apparente,
3193 5154 3401 5201 tantum
3437 5148 3611 5204 abfuit
3648 5160 3708 5203 ut

2142 5250 2282 5305 aegre
2312 5234 2499 5298 ferret,
2519 5246 2575 5289 ut
2600 5236 2718 5303 ipse
2749 5234 3130 5303 ignorantibus
3158 5237 3307 5307 ipsos
3348 5249 3497 5293 esset
3527 5255 3706 5309 praeco

2143 5337 2306 5397 atque
2335 5327 2741 5382 demonstrator
2764 5363 2781 5379 .
2804 5325 2977 5398 Hujus
3014 5328 3213 5397 linguae
3232 5371 3247 5394 ,
3279 5345 3388 5400 qua
3417 5333 3705 5387 convenie-

2147 5415 2238 5469 bat
2263 5416 2333 5477 ei.
2365 5415 2535 5468 minui
2576 5414 2804 5482 gloriam
2833 5454 2849 5479 ,
2884 5416 3021 5471 nihil
3054 5417 3158 5488 ipsi
3185 5418 3485 5487 jucundum
3538 5433 3657 5477 erat
3688 5440 3704 5487 ;

2144 5505 2475 5574 dignumque
2502 5504 2786 5575 judicabat
2814 5512 2875 5560 ut
2909 5506 2998 5562 ille
3024 5509 3273 5562 omnium
3307 5508 3359 5560 in
3392 5524 3450 5562 se
3478 5523 3706 5566 conver.

2144 5605 2283 5649 teret
2313 5595 2523 5657 oculos,
2555 5603 2608 5648 et
2635 5609 2800 5650 omne
2845 5596 2952 5652 sibi
2996 5597 3307 5653 conciliaret
3339 5613 3542 5662 genus,
3576 5616 3707 5654 nec—

2149 5701 2256 5741 non
2295 5695 2353 5740 ut
2379 5701 2569 5742 omnes
2598 5688 2673 5743 illi
2702 5689 3004 5757 praeberent
3034 5697 3289 5752 mentem,
3327 5689 3467 5743 sicut
3500 5706 3704 5760 sponsa

2141 5794 2339 5850 sponso
2371 5796 2387 5846 ;
2423 5781 2538 5848 ipse
2574 5796 2698 5836 veri.
2721 5821 2739 5848 ,
2765 5783 2810 5836 si
2845 5794 2995 5839 stans
3043 5791 3227 5854 posset
3276 5781 3429 5835 illum
3478 5784 3705 5848 audire,
