4134 6314
506 308 607 368 710

1752 297 2058 359 NlCOLAI
2102 297 2241 356 ΕΑΒ
2260 297 2480 357 \SILE

3643 296 3788 357 ’1Ξο

501 423 645 494 quod
680 421 824 476 omni
861 418 1283 489 prosequebatur
1315 417 1515 479 studio,
1548 414 1725 469 dilecti
1758 428 1940 467 vocem
1970 427 2067 464 au-

501 517 639 553 .timr
707 512 908 553 Paulus
965 521 1166 553 nulpm-
1215 525 1334 553 mm
1386 509 1529 553 illius
1583 518 1709 553 sunt
1756 505 2070 553 mmrendo.

2175 409 2426 477 καθάπερ
2461 408 2535 478 τις)
2567 409 2783 478 νυμφίῳ
2814 408 2908 479 τὴν
2937 409 3185 480 νύμφην,
3221 407 3383 472 αὐτὸς
3413 409 3469 462 δὲ
3502 411 3791 482 ἀγαπᾷν.

2180 504 2227 553 εἰ
2266 504 2551 553 παρεστὼς
2581 502 2771 553 ἀκούοι
2794 488 3041 553 λέγοῦτος
3072 447 3179 553 καί
3197 500 3354 553 τοῦτο
3379 502 3479 553 τῆς
3510 505 3787 553 σπουδῆς

501 517 665 569 diret.
706 512 908 566 Paulus
965 521 1167 575 autem,
1215 525 1334 577 quae
1386 509 1529 562 illius
1583 518 1710 561 sunt
1756 505 2070 573 quaerendo,

488 623 612 661 non
676 605 1051 659 tantummodo
1113 603 1464 671 SCDlCliprlJlll
1554 599 1904 667 contempsit,
1981 596 2072 649 sed

402 728 423 745 κ
507 701 668 755 etiam
711 698 930 752 tradidit
964 714 976 749 :
1010 698 1061 749 in
1116 695 1416 765 gehennam
1450 690 1590 744 enim
1652 688 1809 741 irruit.
1858 695 2074 756 propter

502 809 650 853 eum,
685 807 805 845 nam
841 791 1149 858 passionem
1198 788 1347 840 auxit
1380 794 1433 840 et
1460 784 1616 854 quasi
1655 783 1884 850 aenigma
1918 788 2070 833 erat.

503 884 661 949 Qttud
692 882 837 935 enim
874 879 1222 932 Vehementer
1251 874 1448 927 amarit
1491 886 1637 933 eum,
1666 882 1826 938 quem
1861 864 2070 926 dilexit,

501 976 620 1029 laedi
659 972 940 1041 cupiebat,
972 980 1025 1023 et
1058 968 1292 1022 dixisses
1344 980 1448 1017 non
1496 964 1668 1017 solum
1710 960 1914 1013 amoris
1962 956 2072 1010 fer-

502 1050 686 1122 vorem
737 1064 908 1133 magis
938 1076 1103 1130 quam
1140 1058 1439 1128 gehennam
1487 1056 1663 1122 ipsum
1720 1061 2068 1110 consumere,

502 1161 593 1215 sed
643 1160 804 1214 etiam
853 1154 982 1209 illud
1040 1153 1219 1221 ipsum
1274 1148 1528 1219 gaudium
1582 1161 1645 1200 ex
1695 1142 1879 1197 dilecti
1936 1156 2068 1196 con-

501 1256 641 1308 victu
708 1264 983 1320 superare.
1032 1232 1500 1312 Quemadmodum
1551 1238 1692 1291 enim
1743 1236 1891 1288 illam
1943 1247 2071 1287 con-

502 1360 762 1405 temnere,
784 1348 862 1397 sic
890 1343 1033 1395 istud
1072 1339 1229 1392 facile
1261 1334 1543 1403 despicere
1578 1331 1770 1393 suasit,
1792 1328 1917 1380 licet
1953 1339 2068 1378 ma-

500 1440 751 1493 nifestam
803 1435 1085 1488 habuisset
1111 1441 1163 1484 et
1209 1425 1536 1499 gustavisset
1589 1422 1710 1490 ejus
1764 1416 2066 1487 pulchritu-

498 1534 641 1586 dinis
665 1527 1077 1595 experientiam,
1105 1520 1359 1590 quoniam
1396 1532 1519 1570 esse
1553 1528 1677 1567 cum
1710 1512 1823 1567 illo,
1862 1510 2065 1568 vivere,

501 1632 556 1676 et
616 1632 974 1687 conregnare,
1008 1614 1075 1666 ub
1131 1613 1393 1680 seipsum,
1424 1607 1614 1675 suique
1664 1604 1835 1673 ipsius
1865 1600 2069 1671 glorifi-

500 1714 771 1768 cationvm
805 1717 954 1769 cr:it.,
1010 1708 1120 1773 ipse
1147 1717 1272 1755 vero
1326 1714 1433 1753 non
1470 1713 1567 1752 sua
1598 1695 1767 1763 magis
1799 1709 1959 1762 quam
2011 1693 2068 1744 ilo

502 1809 605 1859 lius
640 1804 865 1872 gloriam
921 1797 1215 1867 quaerebat,
1252 1794 1379 1845 illud
1409 1791 1571 1844 etiam
1624 1786 1865 1856 praeponi
1921 1784 2067 1836 desi-

499 1898 746 1949 derabat.
769 1892 882 1944 Non
920 1891 1083 1958 igitur
1115 1886 1432 1939 desiderans
1479 1889 1696 1949 propter
1720 1876 2065 1943 semetipsum

500 1988 857 2045 desiderabat,
896 1984 986 2036 sed
1025 1988 1242 2048 propter
1301 1975 1448 2027 illum
1505 1974 1557 2025 in
1625 1974 1780 2039 cujus
1816 1969 2066 2039 gratiam,

500 2083 543 2135 si
584 2076 924 2148 fugiendum,
958 2072 1202 2142 fugisset.
1233 2068 1288 2120 Si
1344 2066 1506 2137 igitur
1550 2076 1649 2115 nec
1695 2064 1870 2115 solum
1929 2057 2070 2112 desi-

500 2173 713 2228 derium
767 2172 820 2222 in
883 2166 963 2219 sui
1025 2163 1194 2234 gratia
1257 2155 1665 2224 volebat,quid
1724 2151 1939 2206 tandem
2002 2152 2070 2203 de

500 2263 752 2320 caeteris?
801 2257 1051 2318 Etenim,
1102 2256 1147 2307 si
1206 2261 1421 2320 propter
1476 2262 1634 2317 quem
1688 2245 1870 2297 omnia
1919 2241 2068 2306 fecit,

503 2351 1003 2435 omnia,sustinuit,
1036 2350 1342 2413 hunc,non
1373 2343 1438 2395 ad
1473 2357 1533 2397 se
1564 2337 1885 2407 respiciens,
1913 2351 2065 2404 qna:-

503 2428 819 2511 sivit,'nec
878 2453 935 2497 ut
1003 2443 1114 2510 ipse
1184 2438 1489 2496 frueretur,
1541 2430 1798 2497 neglectis
1860 2428 2069 2482 caneris

502 2555 623 2608 quae
680 2532 1038 2601 contempsit.
1103 2527 1256 2582 Unde
1303 2534 1451 2595 patet
1521 2522 1672 2574 illum
1734 2520 1959 2573 omnino
2012 2535 2071 2574 se

503 2631 723 2697 ιιιεῑμερ,
768 2634 1043 2689 totamque
1090 2621 1171 2673 sui
1214 2618 1381 2686 ipsius
1423 2614 1728 2682 opinionem
1787 2610 2069 2680 abjccisse,

504 2721 569 2772 ad
627 2716 904 2770 Christum
969 2713 1146 2766 solum
1209 2708 1520 2762 advolasse.
1567 2704 1835 2770 Quoniam
1892 2712 2070 2755 autem

502 2809 636 2876 nihil
672 2807 921 2859 odiosum
954 2816 1052 2856 nec
1090 2798 1355 2853 voluntati
1391 2810 1699 2864 repugnans
1732 2793 1875 2863 apud
1919 2793 2070 2845 illum

501 2910 639 2961 erat,
673 2898 872 2951 accidit
918 2903 977 2947 ut
1022 2893 1269 2945 voluntas
1320 2889 1456 2942 mira
1489 2896 1656 2947 esset,
1689 2900 1796 2954 qua
1858 2897 2070 2952 semper

506 2992 807 3047 fruebatur,
836 2986 979 3040 nulla
1033 2994 1211 3037 autem
1250 2979 1489 3033 molestia
1546 2979 1598 3031 in
1634 2977 1726 3029 illa
1768 2974 1930 3029 fuerit
1979 2988 2076 3042 po-

463 3084 466 3089 “
507 3084 603 3133 tita
645 3080 847 3131 anima.
884 3077 941 3129 Si
977 3076 1117 3128 enim
1154 3072 1221 3125 de
1260 3070 1535 3139 aliquibus
1588 3075 1829 3137 gemeret
1858 3075 1912 3119 et
1940 3078 2071 3118 con-
2100 3102 2141 3160 Ο

505 3172 820 3223 tristaretur
847 3206 862 3228 ,
898 3180 1008 3218 non
1045 3173 1224 3216 tamen
1279 3162 1454 3213 luctus
1508 3157 1756 3211 vincebat
1806 3153 2071 3225 jucundi-

507 3269 693 3323 tatem,
732 3272 830 3312 nec
859 3254 1062 3324 aliquid
1110 3253 1258 3307 illum
1296 3267 1361 3306 ex
1394 3251 1488 3305 illa
1530 3249 1873 3309 deturbahat,
1904 3246 2078 3316 siqui-

509 3355 628 3404 dem
664 3347 1019 3404 desolationis
1051 3344 1196 3399 illius
1244 3346 1453 3411 species
1487 3342 1684 3409 gaudio
1720 3340 2030 3408 replebatur
2059 3354 2073 3390 ε

509 3461 631 3497 nam
666 3441 946 3497 charitatis
976 3449 1030 3493 et
1068 3434 1529 3507 magnanimitatis
1565 3432 1742 3486 luctus
1791 3442 1909 3484 erat
1968 3431 2078 3483 fru-

507 3550 630 3591 ctus
663 3552 679 3599 ;
714 3534 847 3588 nihil
881 3532 958 3585 illi
1002 3532 1292 3583 molestum
1330 3528 1412 3581 vel
1443 3538 1696 3594 asperum
1741 3525 1821 3576 vel
1853 3522 2077 3591 pusilla-

508 3627 654 3679 nime
684 3627 736 3676 in
767 3638 863 3676 cor
892 3620 1124 3674 induxit.
1162 3618 1314 3684 Quod
1347 3618 1491 3670 enim
1528 3629 1746 3684 semper
1796 3614 2075 3683 gauderet,

506 3729 570 3765 ex
605 3727 669 3764 eu
706 3708 1052 3763 manifestum
1105 3715 1222 3767 est,
1258 3704 1402 3772 quod
1452 3702 1590 3755 alios
1639 3702 1961 3754 hortabatur
2008 3700 2073 3753 ad

508 3819 721 3872 semper
752 3801 1093 3871 gaudendum
1124 3815 1138 3852 :
1172 3816 1192 3848 ι
1224 3796 1465 3851 Gaudete
1505 3795 1646 3848 enim
1668 3832 1684 3857 ,
1734 3793 1913 3862 inquit
1944 3831 1959 3856 ,
2012 3793 2065 3844 in

511 3897 741 3949 Dnmino
800 3908 1012 3961 semper
1047 3908 1061 3958 ;
1092 3894 1290 3945 iterum
1345 3889 1469 3942 dico
1492 3929 1507 3954 ,
1545 3886 1774 3958 gaudete
1808 3901 1824 3949 ;
1856 3904 1874 3936 ι
1926 3895 2077 3939 certe

512 4007 619 4042 non
688 3988 809 4041 aliis
855 3985 1199 4055 praecepisset
1239 3982 1385 4046 talia,
1423 3982 1552 4050 quin
1600 3979 1715 4049 ipse
1768 3977 2073 4051 exemplum

513 4079 815 4134 tradiderit.

571 4164 719 4223 TuTis
730 4178 814 4223 est
831 4176 1140 4221 sanctorum
1154 4165 1282 4230 vita,
1298 4164 1487 4233 sicque
1505 4176 1649 4216 nunc
1667 4160 1881 4231 quidem
1898 4158 2074 4224 beata,

510 4261 987 4314 sicutconveniens
1006 4267 1109 4319 est,
1133 4270 1225 4309 eos
1244 4270 1366 4307 esse
1387 4256 1597 4307 locutos
1621 4253 1712 4321 qui
1741 4268 1804 4304 ex
1824 4252 1928 4305 fide
1953 4266 2078 4318 spe-

508 4366 613 4421 que
636 4347 981 4403 beatitudinis
1005 4346 1307 4412 percipiuut
1327 4344 1583 4407 fructum;
1600 4352 1881 4410 pestquam
1898 4353 2075 4394 autem

512 4446 787 4502 abierunt,
854 4439 966 4490 haec
988 4443 1072 4488 est
1098 4444 1269 4495 _tanto
1315 4434 1527 4496 melior,
1564 4442 1771 4500 quanto
1795 4432 1956 4486 rebus
1995 4434 2076 4499 ip-

514 4536 589 4587 sis
623 4531 727 4583 frtri
756 4543 917 4597 quam
974 4539 1193 4592 sperare
1238 4524 1531 4590 perfectius
1560 4533 1662 4586 est,
1688 4533 1742 4577 et
1774 4539 1906 4593 pura
1946 4526 2071 4577 boni

518 4625 657 4676 \lbiU
692 4621 793 4673 lide
826 4626 1065 4687 praestat.
1103 4612 1277 4683 Hujus
1314 4623 1494 4667 autem
1534 4616 1653 4667 vitae
1685 4614 1824 4668 bona
1859 4628 2071 4671 suntex

517 4724 670 4785 parte
707 4710 797 4763 Dei
827 4708 1053 4778 spiritus
1081 4707 1143 4759 ad
1158 4705 1557 4773 optionis,unde
1578 4707 1811 4774 perfecta
1836 4719 1917 4763 est
1944 4710 2074 4762 cha-

518 4807 673 4865 l'thS,
719 4800 874 4869 juxta
914 4814 1072 4866 quam
1118 4806 1202 4851 est
1240 4796 1393 4849 beata
1451 4800 1580 4849 vita.
1624 4796 1881 4866 Accipere
1930 4782 2073 4851 enim

516 4896 774 4964 mysteria
808 4890 1011 4944 Christi
1052 4889 1318 4958 permisit,
1350 4891 1523 4956 ipsum
1552 4900 1732 4942 autem
1765 4890 2077 4958 accipienti-

523 4992 619 5040 l:ns
653 4986 814 5045 dedit,
852 4986 1049 5051 inquit,
1079 4990 1396 5050 potestatem
1448 4982 1585 5036 filios
1624 4981 1716 5035 Dei
1747 4984 1862 5036 lieri
1890 5000 1904 5047 ;
1936 4983 2073 5037 filio-

521 5091 848 5133 tttttt-atttctti
882 5087 961 5129 est
1001 5077 1236 5143 perlecta
1277 5075 1539 5139 charitas,
1573 5091 1601 5129 a
1631 5090 1738 5145 qua
1768 5077 1945 5130 omnis
1973 5090 2073 5130 ex-

518 5163 701 5224 cessit.
742 5167 922 5219 timor.
976 5167 1082 5219 Nec
1122 5166 1264 5218 enim
1321 5168 1630 5221 mercedum
1685 5167 1932 5234 amissio,
1976 5183 2074 5222 nec

518 5276 687 5333 pasam
733 5257 896 5311 metui
944 5268 1171 5324 possunt
1200 5273 1230 5313 a
1272 5260 1447 5313 taliter
1485 5268 1701 5313 amante
1733 5276 1746 5312 :
1775 5260 1877 5313 hoc
1929 5261 2071 5313 enim

518 5367 820 5413 servorum,
863 5350 992 5401 illud
1034 5358 1213 5401 autem
1248 5352 1709 5405 mercenariorum
1739 5362 1841 5405 est.
1872 5351 2073 5404 Candi-

515 5449 617 5500 dus
638 5458 765 5499 vero
789 5457 942 5495 amur
970 5442 1145 5493 solum
1173 5451 1252 5493 est
1278 5440 1529 5495 filiorum.
1553 5441 1615 5495 Et
1646 5443 1716 5496 ita
1744 5456 1922 5496 veram
1948 5443 2076 5495 cha-

513 5540 726 5591 ritatem
750 5535 919 5604 gratia
941 5532 1138 5588 animis
1157 5532 1488 5586 initiatorum
1513 5535 1924 5601 infundit.Quod
1951 5535 2075 5604 qui-

515 5628 635 5680 dem
656 5628 707 5678 in
729 5627 846 5679 illos
866 5634 1115 5693 operetur
1132 5633 1181 5677 ct
1203 5627 1468 5692 quodnam
1488 5627 1718 5691 praebeat
1735 5628 2074 5694 experimen-

514 5729 628 5772 tum
654 5716 792 5770 scire
823 5726 1045 5783 possunt
1080 5716 1170 5785 qui
1209 5715 1505 5770 didicerunt
1534 5731 1547 5768 ε
1585 5717 1726 5784 quod
1772 5728 1948 5770 autem
1984 5732 2075 5785 ge—

2180 504 2227 554 εἰ
2266 504 2551 569 παρεστὼς
2581 502 2771 555 ἀκούοι
2794 488 3041 568 λέγοῦτος
3072 488 3167 554 καί
3197 500 3354 555 τοῦτο
3379 502 3479 568 τῆς
3510 505 3787 569 σπουδῆς

2176 593 2436 645 ἀπόναιτο
2468 594 2668 660 πάσης,
2694 594 2793 659 τὴν
2833 592 2926 645 τοῦ
2960 590 3283 659 φιλουμένου
3308 593 3513 661 φωνήν.
3539 591 3787 655 Παῦλος

2175 684 2233 734 δὲ
2298 683 2555 736 τάκείνου
2618 683 2797 752 ζητῶν
2854 685 2915 736 οὐ
2971 682 3243 752 περιεῖδεν
3296 683 3493 735 ἑαυτὸν
3564 683 3780 753 μόνον,

2173 772 2290 829 ἀλλ’
2350 776 2447 845 ἤδη
2515 776 2608 826 καὶ
2666 774 2990 843 προῦδωκε·
3054 775 3152 826 καὶ
3213 773 3321 844 γὰρ
3380 775 3784 845 είςλγέενναν

2173 835 2393 916 ἐνέϐαλε
2428 835 2487 917 τό
2523 866 2573 931 γ’
2609 864 2697 916 ἐπ’
2712 835 2896 933 ἀὖ-τῷ,
2930 863 3023 916 καὶ
3076 865 3182 933 γὰρ
3222 835 3439 933 ἱηθξατο
3575 867 3780 929 πάθος

2173 958 2266 1009 καὶ
2323 951 2390 1026 ἦν
2441 956 2628 1026 ὥσπερ
2680 957 2941 1024 αἴνιγμα·
2994 956 3209 1024 ὅτιγὰρ
3267 956 3514 1025 σφοδρῶς
3568 959 3776 1028 ἐφίλη-

2174 1066 2263 1101 σεν
2317 1049 2495 1112 αὐτὸν,
2536 1049 2594 1101 ὃν
2631 1049 2907 1119 ἐφίλησεν,
2941 1048 3208 1118 ἐπεθύμει
3243 1048 3611 1119 ζημιωθῆναι,
3654 1059 3771 1104 καὶ

2179 1143 2380 1209 ἔοικεν,
2412 1149 2487 1204 ὼς
2521 1143 2581 1194 ού
2614 1143 2835 1211 γεέννης
2867 1142 3027 1211 μόνον
3060 1141 3417 1211 σφοδρότερον
3441 1142 3762 1213 ἀνέφλεγεν

2173 1236 2339 1287 αὑτὸν
2367 1238 2394 1288 ὁ
2437 1235 2580 1303 ἔρως
2626 1235 2856 1300 ἐκεῖνος,
2901 1234 3037 1287 ἀλλὰ
3084 1235 3180 1285 καὶ
3213 1234 3388 1303 αὐτῆς
3428 1233 3528 1301 τῆς
3574 1237 3632 1286 ἐν
3671 1235 3757 1303 τῷ

2171 1330 2409 1380 συνεῖναι
2450 1327 2526 1395 τῷ
2562 1326 2878 1394 φιλουμένῳ
2910 1327 3085 1395 χαρᾶς
3117 1325 3578 1395 ἐπικρατέστερον
3609 1323 3752 1395 εἶχε.

2173 1417 2444 1486 Καθάπερ
2489 1416 2594 1484 γὰρ
2636 1417 2836 1482 ταύτης
2882 1418 3247 1483 καταφρονεῖν
3279 1413 3523 1478 ἔπειθεν,
3571 1414 3755 1479 οὕτως

2169 1509 2382 1576 ἐκείνην
2429 1507 2625 1578 ῥᾳδίως
2657 1506 2938 1576 περιορᾷν,
2989 1508 3166 1559 καίτοι
3214 1505 3361 1573 σαφῆ
3404 1510 3599 1576 πεῖραν
3642 1510 3753 1577 ἠδη

2166 1601 2259 1652 τοῦ
2318 1600 2548 1661 κάλλους
2594 1597 2762 1651 αὐτοῦ
2801 1596 3030 1651 λαϐόντα
3082 1599 3178 1650 καὶ
3229 1601 3585 1667 γεγευμένον,
3631 1602 3751 1653 ἀλλ’

2166 1694 2335 1745 ὅτιτὸ
2377 1694 2475 1761 μὲν
2509 1692 2700 1761 ἐκείνῳ
2750 1694 2985 1745 συνεῖναι
3023 1696 3118 1747 καὶ
3166 1692 3335 1764 συζῇν
3382 1698 3477 1746 καὶ
3534 1695 3753 1763 συμϐα-

2101 1765 2140 1817 B
2176 1786 2407 1838 σιλεύειν
2454 1784 2589 1853 πρὸς
2616 1783 2782 1837 αὑτοῦ
2832 1787 2925 1836 καὶ
2963 1784 3063 1852 τῆς
3098 1784 3508 1854 εὐδοκιμήσεως
3551 1783 3619 1858 ἦν
3644 1789 3749 1856 τῆς

2171 1877 2358 1940 αὑτοῦ,
2403 1878 2430 1928 ό
2462 1876 2517 1928 δὲ
2547 1875 2646 1927 οὐκ
2683 1875 2864 1941 ἐξῄτει
2900 1876 2969 1927 τὰ
3006 1873 3197 1928 ἑαυτοῦ
3237 1875 3377 1945 ὑπὲρ
3402 1875 3502 1945 τῆς
3535 1880 3745 1931 ἐκείνου

2172 1972 2352 2038 δόξης,
2389 1971 2483 2023 καὶ
2513 1969 2672 2023 τοῦτο
2698 1969 2960 2038 προέσθαι
2988 1969 3263 2038 πρόθυμος
3293 1965 3383 2037 ἦν.
3421 1972 3621 2024 Οὐκοῦν
3643 1979 3737 2027 καὶ

2171 2062 2451 2133 ἐπιθυμῶν
2476 2065 2534 2116 ού
2556 2063 2617 2115 δι’
2650 2063 2839 2114 ἑαυτδν
2863 2061 3232 2132 ἐπεθύμησεν,
3265 2062 3400 2116 ἀλλὰ
3430 2063 3500 2116 δι’
3520 2067 3726 2130 ἐκεῖνον,
3799 2093 3809 2101 -

2172 2154 2310 2221 ὑπὲρ
2342 2147 2402 2207 οὗ
2432 2154 2546 2216 καὶ,
2572 2156 2761 2221 φυγεῖν
2790 2152 3009 2221 δεῆσαν,
3052 2152 3247 2221 ἔφυγεν
3265 2152 3331 2207 ἄν
3362 2168 3377 2183 ⁶
3397 2154 3448 2206 εί
3482 2155 3651 2208 τοίνυν
3678 2156 3738 2207 το

2183 2252 2343 2321 μόνον
2377 2250 2596 2318 θελητὸν
2629 2251 2727 2302 οὐκ
2763 2249 2954 2318 ἤθελεν
2984 2247 3184 2300 ἐαυτοῦ
3231 2249 3413 2317 χάριν,
3459 2249 3516 2301 τί
3564 2249 3750 2302 λοιπὸν

2172 2341 2302 2393 ἄλλο
2330 2342 2438 2393 τῶν
2463 2340 2712 2402 πάντων;
2743 2340 2801 2390 Ei
2833 2340 2940 2407 γάρ
2974 2339 3114 2407 ὑπὲρ
3140 2329 3199 2390 οὗ
3227 2338 3405 2391 πάντα
3424 2341 3750 2410 εἰργάσατο,

2174 2434 2350 2486 πάντα
2369 2430 2425 2483 δὲ
2455 2432 2733 2499 ἠνέσχετο,
2764 2430 2823 2481 οὐ
2850 2430 2984 2498 πρὸς
3003 2429 3197 2481 ἑαυτὸν
3221 2429 3435 2498 βλέπων
3454 2431 3750 2500 ἐζήτησεν,

2172 2521 2281 2575 οὐδ’
2302 2520 2551 2583 ἵνάύτδς
2573 2519 2823 2590 ἀπολαύῃ
2846 2520 3010 2588 σχολῇ
3031 2519 3093 2584 γέ
3117 2536 3169 2572 τι
3188 2518 3297 2572 τῶν
3322 2518 3519 2584 ἄλλων,
3549 2514 3628 2573 ὦν
3653 2538 3749 2575 κα-

2172 2614 2523 2683 τεφρόνησεν·
2544 2610 2666 2664 ὅθεν
2680 2611 2835 2680 δῆλος
2859 2607 2923 2679 ῆν
2941 2610 3132 2664 ἐαυτὸν
3157 2609 3430 2673 παντελῶς
3447 2609 3637 2680 φυγὼν
3656 2614 3746 2665 καὶ

2174 2706 2272 2772 τὴν
2305 2702 2532 2773 γνώμην
2586 2701 2803 2755 ἃπασαν
2858 2700 3144 2768 ἐξαγαγὼν
3203 2703 3304 2770 μὲν
3346 2701 3560 2768 ἐαυτοῦ,
3611 2701 3745 2771 πρὸς

2174 2798 2267 2850 τὸν
2301 2795 2535 2865 Χριστὸν
2558 2794 2615 2848 δὲ
2665 2797 2826 2863 μόνον
2859 2795 3082 2862 ἐνεργὸν
3116 2793 3275 2864 ἔχων.
3314 2796 3466 2848 Ἐπεὶ
3507 2796 3561 2848 δέ
3594 2797 3739 2848 οὐδὲν

2175 2890 2449 2942 ἀπευκτὸν
2493 2885 2615 2939 οὐδὲ
2661 2888 2728 2955 τῇ
2784 2885 3001 2956 θελήσει
3052 2886 3313 2954 πολέμιον
3359 2887 3491 2953 παρ’
3531 2887 3728 2954 ἐκείνῳ,

2181 2979 2465 3032 συνέϐαινε
2499 2977 2818 3046 θαυμαστὴν
2865 2976 2966 3045 μὲν
2994 2972 3133 3030 εἶναι
3159 2978 3258 3048 τὴν
3286 2977 3498 3049 ἡδονὴν,
3572 2979 3724 3046 συνῆν

2176 3072 2262 3123 ἀεὶ
2296 3069 2390 3122 καὶ⁵
2420 3068 2638 3137 συνέζη,
2671 3067 2867 3137 ἀηδίαν
2888 3067 2943 3119 δὲ
2969 3067 3234 3137 οὐδεμίαν
3262 3068 3359 3136 τῆς
3394 3068 3556 3139 ψυχῆς
3594 3067 3732 3118 ἐκεί-

2179 3180 2275 3229 νης
2300 3164 2548 3233 κρατεῖν.
2582 3160 2781 3229 Είμγάρ
2805 3159 2898 3212 καὶ
2925 3159 3074 3212 ἐστιν
3108 3160 3248 3231 ὑπὲρ
3278 3154 3352 3213 ὧν
3386 3160 3623 3215 ὠδυνᾶτο
3644 3159 3738 3211 καὶ

2183 3260 2421 3323 ἔστενεν,
2444 3257 2559 3311 ἀλλ’
2581 3258 2681 3310 οὐκ
2703 3256 2922 3325 ἐκράτει
2949 3256 3047 3326 τῆς
3078 3256 3266 3326 ἡδονῆς
3291 3255 3349 3307 τὸ
3371 3254 3600 3325 λυποῦν,
3638 3253 3740 3307 οὐδ’

2180 3351 2470 3420 ἐξέκρουεν
2501 3348 2664 3403 αὐτὸν
2687 3348 2905 3416 ἐκείνης
2926 3346 3097 3412 οὐδὲν,
3125 3349 3247 3400 ἐπεὶ
3271 3346 3482 3415 καὶτῆς
3511 3346 3744 3417 ἀθυμίας

2178 3441 2387 3511 ταύτης
2438 3440 2498 3492 τὸ
2547 3439 2733 3509 σχῆμα
2771 3442 2948 3510 χαρᾶς
2996 3439 3195 3508 ἔγεμε·
3234 3437 3328 3490 καὶ
3376 3437 3486 3507 γὰρ
3518 3440 3741 3506 ἀγάπης

2177 3535 2271 3587 καὶ
2316 3532 2724 3601 μεγαλοψυχίας
2759 3526 2828 3601 ἦν
2865 3533 2896 3599 ἡ
2933 3529 3078 3599 λύπη
3124 3530 3357 3599 καρπὸς,
3408 3530 3563 3584 οὐδὲν
3596 3531 3743 3600 σύτῷ

2178 3625 2373 3693 πικρὸν
2403 3625 2436 3694 ἢ
2464 3625 2652 3693 ἄγριον
2678 3624 2710 3693 ἦ
2745 3623 3087 3692 μικρόψυχον
3116 3623 3193 3684 είς
3216 3622 3315 3691 τὴν
3342 3622 3572 3690 καρδίαν
3596 3623 3741 3691 εἰσῆ-

2178 3730 2297 3780 γεν.
2328 3713 2453 3767 Ὅτι
2498 3713 2605 3781 γὰρ
2657 3712 2875 3781 ἔχαιρεν
2910 3711 3196 3776 ἑκάστοτε,
3246 3710 3405 3781 δῆλος
3456 3707 3541 3779 ῆν,
3584 3713 3643 3775 ἐξ
3669 3707 3741 3764 ὧν

2175 3807 2287 3869 τοῖς
2318 3806 2497 3867 ἄλλοις
2530 3804 2763 3874 παρῄνει
2791 3803 3025 3856 πάντοτε
3051 3802 3293 3871 χαίρειν·
3328 3801 3586 3874 «Χαίρετε
3613 3804 3734 3873 γὰρ,

2179 3895 2365 3965 φησῖν,
2386 3897 2441 3948 ἐν
2480 3895 2666 3964 Κυρίῳ
2700 3894 2951 3955 πάντοτε,
2974 3893 3136 3945 πάλιν
3164 3893 3296 3962 ἐρῶ,
3341 3895 3614 3963 χαίρετε,ι
3643 3896 3738 3947 οὐκ

2178 3985 2245 4037 ἂν
2269 3984 2453 4047 ἄλλοις
2486 3984 2788 4047 ὑποτιθεὶς,
2829 3983 2856 4034 ὃ
2885 3985 2961 4053 μὴ
2994 3983 3260 4052 πρότερον
3288 3982 3490 4049 ἔδειξεν
3520 3987 3609 4037 ἐπὶ
3634 3985 3737 4038 τῶν

2177 4075 2354 4145 ἔργων
2389 4077 2574 4138 αὐτός.

2252 4167 2494 4235 Τοιαύτη
2525 4166 2633 4219 τῶν
2662 4169 2830 4235 ἁγίων
2861 4172 2893 4240 ἡ
2928 4171 3040 4242 ζωὴ
3074 4172 3169 4225 καὶ
3198 4172 3338 4227 οὕτω
3370 4174 3621 4244 μακαρία
3650 4172 3735 4225 νῦν

2182 4258 2299 4327 μὲν,
2331 4259 2519 4323 ὥσπερ
2555 4260 2868 4328 ἀκόλουθον,
2905 4265 3029 4326 τοὺς
3079 4263 3254 4318 ἐλπίδι
3289 4266 3382 4318 καὶ
3422 4264 3600 4319 πίστει
3643 4263 3729 4330 τὴν

2185 4350 2566 4418 μακαριότητα
2599 4354 3048 4421 καρπουμένους·
3086 4355 3307 4408 ἐπειδὰν
3339 4357 3395 4408 δὲ
3419 4354 3723 4421 ἀπαλλαγῶο

2182 4457 2288 4504 σιν,
2312 4440 2484 4504 οὓτως
2507 4443 2770 4512 ἀμείνων,
2795 4446 2904 4514 ὅσῳ
2923 4447 3015 4499 τοῦ
3047 4446 3146 4515 μὲν
3170 4446 3387 4510 ἐλπίξεν
3418 4448 3722 4515 τελεώτερον

2182 4533 2366 4585 αὐτῶν
2404 4533 2509 4586 τῶν
2552 4537 2897 4605 πραγμάτων
2927 4538 3207 4605 λαϐέσθαι,
3249 4540 3342 4592 τοῦ
3372 4541 3429 4592 δὲ
3472 4539 3726 4593 πιστεύειν

2180 4626 2211 4693 ὴ
2243 4624 2460 4695 καθαρά
2486 4625 2580 4680 τοῦ
2623 4626 2826 4693 ἀγαθοῦ
2873 4627 3102 4698 θεωρία·
3134 4630 3336 4697 ταύτης
3383 4630 3478 4700 τῆς
3509 4631 3649 4701 ζωῆς
3674 4631 3731 4683 τὰ

2183 4718 2281 4785 μὲν
2314 4718 2458 4783 παρὰ
2485 4718 2579 4770 τοῦ
2608 4718 2743 4771 Θεοῦ
2772 4722 2988 4789 πνεῦμα
3022 4720 3315 4785 υἱοθεσίας,
3350 4723 3471 4774 ὅθεν
3506 4724 3734 4793 ήτεὶεία

2181 4806 2393 4873 ἀγάπη,
2423 4808 2546 4859 καθ’
2586 4807 2653 4878 ἢν
2686 4811 2717 4877 ὴ
2759 4810 3009 4878 μακαρία
3041 4810 3178 4879 ζωή.
3216 4812 3296 4864 Τὰ
3340 4813 3438 4881 ρὲν
3469 4815 3579 4880 γὰρ
3610 4830 3732 4878 μυσ-

2178 4899 2340 4965 τήρια
2363 4897 2456 4949 τοῦ
2480 4899 2715 4967 Χριστοῦ
2750 4902 2992 4971 παρέσχε
3018 4901 3300 4968 λαϐέσθαι,
3329 4906 3438 4965 τοῖς
3466 4905 3521 4957 δέ
3542 4906 3733 4957 ἐκεῖνον

2178 4987 2452 5053 λαϐοῦσιν,
2479 5009 2494 5039 ι
2511 4988 2742 5051 Ἔδωκε,
2772 4994 2963 5060 φησιν,
2987 4994 3232 5054 ἐξουσίαν
3254 4994 3415 5051 τέκνα
3439 4992 3574 5045 Θεοῦ
3596 4993 3735 5061 γενέο

2179 5080 2324 5145 σθαι,
2343 5101 2359 5132 ι
2393 5081 2499 5133 τῶν
2527 5083 2729 5135 τέκνων
2760 5084 2814 5135 δὲ
2842 5086 2873 5153 ὴ
2898 5086 3077 5138 τελεία
3106 5083 3318 5155 ἀγάπη,
3359 5079 3424 5156 ἦς
3449 5087 3592 5148 ἀπας
3620 5088 3737 5139 ἀπε-

2180 5173 2407 5240 λήλαται
2430 5172 2755 5240 φόϐος.οθτε
2777 5177 2885 5243 γὰρ
2906 5176 3114 5244 μισθῶν
3141 5177 3442 5244 ἀποτυχίαν
3465 5176 3589 5229 οὔτε
3609 5177 3735 5247 πλη-

2181 5268 2281 5332 γὰς
2312 5266 2683 5319 ἔστιιδεδιέναι
2712 5271 2801 5319 τον
2837 5271 3064 5331 ἐκείνως
3109 5268 3355 5335 ἐρῶντα·
3401 5269 3463 5321 τὸ
3510 5269 3611 5339 μὲν
3638 5269 3735 5338 γὰρ

2179 5357 2403 5420 δούλων,
2452 5358 2627 5409 ἐκεῖνο
2674 5358 2728 5408 δὲ
2781 5357 3070 5426 μισθωτῶν
3095 5374 3109 5389 ·
3144 5359 3205 5411 τὸ
3243 5360 3289 5412 δ’
3315 5359 3458 5412 οὕτω
3489 5360 3735 5427 καθαρῶς
3818 5400 3825 5415 κ

2181 5449 2354 5517 φιλεῖν
2422 5448 2597 5516 μόνων
2653 5447 2860 5514 γίνεται
2912 5451 3022 5501 τῶν
3073 5449 3225 5502 υἱῶν.
3287 5449 3585 5519 Καὶλοῦτω
3644 5451 3731 5520 τὴν

2172 5539 2391 5607 ἀγάπην
2436 5540 2533 5608 τὴν
2588 5537 2844 5609 ἀληθινὴν
2890 5540 2923 5607 ἡ
2966 5540 3124 5609 χάρις
3173 5538 3413 5608 ἐντίθησι
3464 5540 3584 5600 ταῖς
3636 5538 3732 5607 ψυ-

2172 5632 2296 5699 χαῖς
2348 5628 2456 5680 τῶν
2511 5629 2873 5698 μεμυημένων
2894 5646 2908 5661 ⁶
2942 5630 2969 5682 ὅ
3011 5647 3065 5683 τι
3094 5630 3194 5700 μὲν
3219 5632 3299 5692 εἰς
3324 5630 3521 5690 αὐτοὺς
3551 5628 3729 5696 δρῶσα

2178 5721 2271 5772 καὶ
2300 5719 2489 5787 ἥντινα
2518 5710 2867 5793 παρεχομένη
2892 5724 3107 5794 πεῖραν,
3142 5725 3332 5776 εἰδεῖεν
3364 5722 3428 5776 ἂν
3461 5723 3508 5773 οἱ
3536 5719 3725 5790 μαθόν-
