4196 6308
416 354 516 420 721

1428 368 1527 428 DE
1563 368 1740 429 VITA
1780 368 1857 428 IN
1896 369 2228 430 CIIRlSTO
2269 371 2406 433 LIB.
2457 370 2588 432 Vll.

3478 366 3659 448 ,πρε

408 486 500 530 τες
519 485 534 498 ο
567 468 641 532 ώς
670 469 715 522 δ’
746 471 955 527 ἔνεστιν
979 475 1277 547 ὁλοσχερῶς
1310 481 1505 545 εἰπεῖν,
1538 482 1647 535 τῶν
1666 481 1827 535 θείων
1847 484 1975 550 ἀγα·

2090 481 2339 536 neraliter
2393 481 2499 535 dici
2546 490 2743 550 potest,
2773 480 3082 536 divinorum
3140 480 3404 535 bonorum
3433 497 3660 551 percep-

411 562 522 615 θῶν
551 562 802 631 αἴσθησιν
834 567 1061 633 ἐνιεῖσα,
1097 573 1189 623 καὶ
1228 572 1304 639 τῷ
1343 573 1533 641 γεῦσαι
1566 575 1816 643 μεγάλων
1852 577 1979 642 περὶ

417 652 681 723 μειζόνων
724 654 1041 723 ἐλπίζουσα,
1092 663 1186 714 καὶ
1228 663 1454 731 βεϐαίαν
1492 667 1764 719 ἐντιθεῑσα
1800 667 1981 720 πίστιν

415 744 529 798 ἀπὸ
554 745 661 799 τῶν
686 746 783 817 ήδη
814 750 1102 819 παρόντων
1129 755 1259 817 περὶ
1288 756 1394 810 τῶν
1422 759 1592 828 μήπω
1620 760 1978 828 φαινομένων.

417 834 498 887 Τά
529 836 582 887 δὲ
619 837 747 907 παρ’
771 838 928 907 ήμῶν
961 842 1021 894 τὸ
1053 838 1316 897 διασῶξαι
1365 848 1463 915 τὴν
1502 849 1726 918 ἀγάπην
1749 863 1762 881 ⁸
1791 849 1850 902 οὐ
1874 851 1982 920 γὰρ

418 927 578 996 ἀρκεῖ
602 929 661 980 τὺ
688 929 915 999 φιλῆσαι
953 933 1112 1001 μόνον
1138 938 1229 989 καὶ
1257 938 1509 1003 δέξασθαι
1533 941 1593 994 τὸ
1624 942 1815 1005 πάθος.
1847 943 1982 996 ἀλλὰ

416 1014 610 1067 δεῖκαὶ
644 1020 977 1088 συντηρῆσαι
1003 1026 1094 1075 καὶ
1115 1024 1192 1093 τῷ
1222 1028 1351 1095 πυρὶ
1381 1030 1696 1099 προσθεῖναι
1725 1037 1822 1102 τὴν
1854 1032 1984 1103 ὓλην

413 1105 551 1197 ὥστε
566 1113 1057 1179 κατασχεῑνδΤοῦτο
1074 1115 1181 1188 γάρ
1200 1120 1313 1172 ἐστι
1333 1121 1392 1173 τὸ
1408 1124 1587 1189 μένειν
1607 1126 1663 1177 ἐν
1684 1127 1748 1194 τῇ
1770 1126 1979 1197 ἀγάπῃ,

413 1198 472 1249 ὲν
494 1190 538 1265 ᾧ
555 1200 703 1253 πᾶσα
734 1205 1090 1271 μακαριότης,
1120 1208 1181 1260 τὸ
1205 1210 1384 1278 μένειν
1409 1214 1587 1281 μὲνςέν
1616 1215 1691 1285 τῷ
1714 1190 1852 1287 ὦεῷ,

412 1305 574 1382 νοντα
605 1290 660 1343 δὲ
694 1291 839 1382 ἔχειν
871 1295 1034 1348 αὐτόν
1060 1312 1075 1328 ο
1112 1316 1131 1349 ι
1154 1299 1213 1352 '0
1239 1301 1348 1371 γὰρ
1380 1303 1579 1369 μένων,
1608 1308 1793 1376 φησὶν.
1828 1311 1885 1363 ὲν
1917 1315 1980 1382 τῇ

413 1379 608 1451 ἀγάπῃ
666 1382 724 1432 ὲν
760 1381 839 1453 τῷ
891 1383 1010 1455 Θεῷ
1065 1387 1212 1456 μένει
1247 1391 1340 1443 καὶ
1400 1394 1428 1445 ὀ
1471 1393 1603 1456 Θεὸς
1638 1397 1696 1450 ιν
1752 1379 1975 1470 esse};

412 1472 573 1525 τοῦτο
606 1473 663 1526 δὲ
696 1474 932 1542 γίνεται,
977 1479 1072 1532 καὶ
1106 1487 1418 1550 πεπηγυῖαν
1458 1489 1514 1540 ὲν
1551 1491 1617 1558 τῇ
1654 1491 1850 1564 γνώμῃ
1886 1493 1983 1564 τὴν

353 1571 357 1576 ’
413 1566 641 1637 ἀγάπην
667 1567 887 1638 ἔχομεν,
916 1573 1134 1628 ἐπειδὰν
1165 1576 1252 1629 διὰ
1277 1578 1380 1631 τῶν
1406 1582 1634 1635 ἐντολῶν
1658 1583 1984 1655 ἀφικώμεθα

413 1657 509 1711 καὶ
536 1660 662 1723 τοὺς
687 1661 781 1727 τοῦ
808 1663 1135 1733 φιλουμένου
1166 1667 1432 1738 σώσωμεν
1462 1673 1681 1742 νόμους.
1725 1678 1860 1729 Ἀπὸ
1886 1678 1983 1747 μὲν

416 1750 526 1840 γὰρ
560 1751 670 1804 τῶν
704 1753 998 1821 ἐνεργειῶν
1027 1759 1060 1828 ή
1091 1758 1235 1830 ψυχὴ
1277 1763 1577 1818 διατίθεται
1609 1769 1745 1837 πρὸς
1780 1769 1982 1840 ταύτην

2088 574 2289 626 tionem
2349 571 2603 637 infundit,
2663 587 2979 641 magnorum
3021 580 3180 638 gustu
3214 571 3281 625 de
3341 573 3658 626 melimilttts

2087 679 2237 733 spem
2296 665 2520 725 excitat,
2563 673 2674 717 eta
2710 662 2822 731 jam
2877 661 3239 731 praesentibus
3293 662 3357 716 de
3416 665 3654 717 nondum

2086 756 2469 825 apparentibus
2490 755 2695 809 tirmam
2724 754 2879 808 [idem
2900 756 3053 808 indit.
3081 753 3253 808 Penes
3269 769 3366 809 nos
3381 765 3658 808 autemest

2086 861 2306 900 scrvare
2334 846 2676 900 cbaritatem.
2712 845 2832 899 Non
2860 846 3002 898 enim
3033 843 3295 899 dilexisse
3324 845 3660 912 passionem-

2085 954 2188 1007 que
2218 937 2489 1007 recepisse
2520 936 2736 999 sufficit,
2779 937 2873 990 sed
2904 946 3115 1005 oportet
3140 938 3298 989 etiam
3332 951 3659 990 conservare

2086 1030 2478 1100 materiamque
2508 1030 2615 1099 igni
2650 1030 2888 1099 praebere
2930 1041 2986 1084 ut
3018 1032 3339 1085 retineatur.
3373 1029 3484 1082 lloc
3511 1030 3655 1082 enim

2084 1132 2164 1177 est
2197 1138 2415 1177 manere
2436 1123 2489 1176 in
2517 1122 2804 1185 cltaritate,
2830 1122 2885 1176 in
2914 1138 3018 1190 qua
3042 1123 3222 1176 omnis
3244 1130 3325 1175 est
3357 1122 3656 1180 beatitudo,

2086 1231 2305 1269 manere
2342 1217 2547 1270 scilicet
2574 1216 2626 1269 in
2669 1216 2799 1277 Deo,
2833 1215 3095 1284 illumque
3129 1216 3514 1268 immattentcm
3561 1217 3660 1268 ha-

2084 1307 2232 1360 bere.
2279 1307 2410 1360 Nam
2445 1326 2463 1357 ι
2503 1308 2604 1374 Qui
2658 1317 2861 1366 manet.
2899 1307 3093 1376 inquit,
3150 1310 3199 1359 in
3265 1308 3554 1370 charitate,
3606 1307 3658 1358 in

2086 1398 2195 1451 Ι)ρο
2225 1406 2405 1453 manet
2426 1408 2479 1452 et
2512 1398 2652 1455 Deus
2679 1401 2731 1453 in
2771 1399 2884 1453 illo.
2927 1418 2944 1449 ι
2981 1398 3092 1453 lloc
3127 1408 3303 1452 autem
3336 1399 3411 1462 tit,
3447 1411 3500 1452 et
3532 1398 3663 1452 suti-

2085 1489 2267 1543 datam
2297 1489 2350 1543 in
2396 1490 2676 1543 voluntate
2716 1489 3039 1565 charitaten:
3089 1490 3375 1549 habemus,
3418 1504 3539 1542 cum
3569 1503 3662 1551 per

2087 1582 2338 1635 mandata
2390 1580 2742 1650 pervenimus
2791 1589 2845 1634 et
2907 1579 3083 1632 dilecti
3120 1580 3263 1647 leges
3301 1580 3661 1632 scnavimns.

2086 1673 2410 1728 Actionibus
2436 1672 2578 1726 enim
2605 1671 2669 1724 ad
2699 1671 2843 1724 hunc
2874 1670 2957 1724 vel
2991 1670 3155 1723 istum
3193 1668 3439 1721 habitum
3477 1669 3661 1721 anima

2086 1764 2413 1833 disponitur,
2444 1771 2603 1830 prout
2640 1763 2741 1816 illac
2781 1761 3044 1817 bonitatis
3070 1762 3151 1813 vel
3202 1759 3423 1833 malitiae
3468 1760 3664 1812 chara-

415 1839 451 1908 ἢ
484 1840 699 1932 ἐκείνην
727 1844 827 1913 τὴν
850 1844 985 1911 ἕξιν,
1021 1824 1264 1913 δέτὼξεν
1297 1852 1495 1924 ἔχωσιν
1519 1824 1986 1932 ὲκεῖύαιψχρηστό-

2090 1866 2288 1911 cterem
2322 1857 2542 1920 habent,
2571 1857 2841 1924 siquidem
2887 1855 3008 1909 illas
3040 1854 3377 1922 aequirimus
3411 1866 3463 1907 et
3500 1854 3667 1907 disci-

417 1945 578 1997 τητος
615 1931 649 2001 ἢ
691 1934 983 2005 πονηρίας,
1040 1939 1163 1991 ἐπεὶ
1213 1943 1308 1995 καὶ
1355 1943 1467 1997 τῶν
1517 1947 1721 2015 τεχνῶν
1770 1931 1986 2012 ὲκείνας

418 2020 674 2090 κτώμεθα
718 2029 814 2078 καὶ
867 2029 1231 2100 μανθάνομεν,
1291 2028 1366 2088 ὧν
1417 2036 1482 2089 ἂν
1533 2040 1653 2099 ταῖς
1686 2039 1987 2109 ἐνεργείαις

417 2114 849 2186 συνεθισθῶμεν.
913 2121 978 2173 Oi
1027 2122 1082 2176 δὲ
1130 2125 1226 2178 τοῦ
1280 2126 1414 2179 Θεοῦ
1479 2129 1633 2199 νόμοι
1690 2136 1820 2202 περὶ
1879 2135 1989 2188 τῶν

417 2206 719 2276 ἑνεργειῶν
771 2210 1016 2280 κείμενοι
1067 2214 1176 2267 τῶν
1225 2214 1581 2286 ἀνθρωπίνων
1635 2222 1731 2273 καὶ
1784 2224 1987 2288 ταύτας

418 2299 696 2367 ὁρίζοντες
741 2305 837 2356 καὶ
896 2304 1035 2377 πρὸς
1092 2307 1301 2361 ἐκεῖνον
1355 2312 1643 2375 τάττοντες
1679 2315 1841 2384 μόνον
1891 2316 1989 2384 τὴν

417 2390 711 2445 ἀκόλουθον
743 2395 854 2457 τοῖς
882 2397 1241 2467 κατορθοῦσιν
1270 2401 1326 2451 ὲν
1340 2403 1585 2471 τιθέασιν
1615 2404 1748 2470 ἕξιν,
1789 2409 1902 2463 ἔστι
1930 2413 1991 2464 τὸ

424 2480 711 2551 βούλεσθαι
736 2485 802 2537 τά
826 2484 1087 2541 δοκοῦντα
1114 2488 1190 2559 τῷ
1213 2493 1475 2565 νομοθέτῃ
1501 2495 1595 2548 καὶ
1633 2500 1782 2569 μόνῳ
1814 2502 1991 2555 πᾶσαν

420 2573 744 2631 ὑποτάττειν
759 2578 859 2648 τὴν
875 2581 1101 2650 γνώμην
1118 2583 1213 2636 καὶ
1230 2584 1369 2652 πλὴν
1387 2586 1597 2640 ἐκείνου
1618 2588 1794 2642 θέλειν
1813 2592 1989 2657 οὐδὲν,

421 2667 560 2738 ὅπερ
580 2668 695 2720 ἐστὶ
720 2671 882 2738 μόνον
900 2673 1144 2745 ἀκριϐῶς
1164 2674 1360 2729 είδέναι
1379 2676 1552 2745 φιλεῖν
1570 2696 1586 2711 ο
1607 2681 1700 2732 καὶ
1727 2682 1812 2736 διὰ
1835 2683 1992 2737 τοῦτό

423 2778 587 2830 φησιν
632 2764 659 2816 ὁ
700 2764 930 2836 Σωτήρο
979 2768 1137 2821 «Ἐὰν
1179 2768 1274 2834 τὰς
1306 2771 1527 2832 ἐντολάς
1557 2791 1659 2842 μου
1694 2778 1993 2848 τηρήσητε,

429 2855 633 2941 μενεῖτε
662 2856 721 2909 ἐν
749 2858 813 2927 τῇ
850 2858 1040 2931 ἀγάπῃ
1073 2878 1194 2930 μου.
1236 2881 1255 2913 ι
1288 2864 1506 2935 Ταύτης
1542 2866 1598 2920 δὲ
1628 2867 1726 2936 τῆς
1768 2870 1993 2941 ἀγάπης

424 2940 582 3011 ἔργον
612 2946 644 3013 ἡ
679 2946 927 3016 μακαρία
963 2948 1098 3020 ζωήο
1156 2950 1254 3021 τὴν
1275 2954 1384 3025 γὰρ
1415 2956 1632 3026 θέλησιν
1663 2940 1996 3031 πανταχόθεν

423 3034 727 3102 συνάγουσα
759 3040 853 3091 καὶ
900 3040 1011 3094 τῶν
1062 3042 1238 3098 ἀλλων
1295 3047 1582 3116 ἀπάγουσα
1631 3051 1848 3107 πάντων
1903 3056 1996 3108 καὶ

416 3126 585 3179 αὐτοῦ
619 3129 712 3184 τοῦ
748 3130 994 3197 θέλοντος
1021 3135 1096 3205 τῷ
1126 3137 1347 3207 Χριστῷ
1392 3141 1673 3213 συνίστησι
1729 3146 1898 3216 μόνῳ·
1926 3150 1990 3217 τῇ

419 3217 639 3289 θελήσει
668 3221 726 3274 δὲ
767 3223 836 3276 τὰ
871 3226 1116 3297 ἡμέτερα
1176 3230 1357 3284 πάντα
1384 3232 1670 3288 ἀκολουθεῖ
1713 3239 1807 3291 καὶ
1867 3239 1989 3293 ὅποι

421 3312 579 3382 φέρει
634 3316 894 3385 χωροῦσι,
931 3321 1026 3372 καὶ
1082 3321 1332 3391 σώματος
1381 3325 1526 3396 ὁρμὴ
1567 3329 1662 3382 καὶ
1719 3329 1988 3400 λογισμοῦ

421 3400 637 3470 κίνησις
665 3405 777 3457 καὶ¹
809 3407 960 3460 πᾶσα
997 3410 1196 3479 πρᾶξις
1232 3414 1323 3465 καὶ
1364 3415 1473 3467 πᾶν
1501 3417 1682 3470 ὁτιοῦν
1709 3419 1992 3487 ἀνθρώπι-

419 3509 533 3546 νοψ
567 3494 661 3547 καὶ
690 3496 881 3568 ὅλωςή
921 3498 1142 3570 θέλησις
1176 3502 1236 3556 τὸ
1276 3504 1567 3575 καθ’ήμᾶς
1600 3509 1723 3577 ἄγει
1779 3514 1871 3566 καὶ⁸
1896 3516 1992 3582 φέ-

422 3601 529 3654 ρει,
573 3586 673 3639 κᾶν
697 3589 880 3661 ἐκείνη
907 3594 1214 3664 κατασχεθῇ
1243 3613 1365 3661 που,
1414 3600 1591 3653 πάντα
1637 3603 1995 3661 ἐκεῖ.ιδέδεται

420 3674 519 3727 καὶ
545 3676 753 3749 ταύτης
789 3683 1078 3751 κρατήσας
1111 3684 1402 3757 ὁλόκληρον
1433 3689 1544 3759 ἔχει
1567 3692 1656 3745 τὸν
1701 3694 1842 3750 νοῦν.
1895 3697 1997 3751 05-

421 3766 557 3819 κοῦν
583 3764 664 3832 οἷς
724 3773 758 3840 ή
794 3772 987 3845 γνώμη
1037 3776 1131 3830 τοῦ
1195 3779 1433 3848 Χριστοῦ
1477 3786 1598 3837 κατ’
1628 3786 1802 3858 ἄκρας
1852 3790 1997 3845 ἑάλω

422 3860 518 3944 καὶ
543 3861 693 3933 μόνῳ
722 3864 1071 3933 πρόσκειται,
1102 3870 1196 3922 καὶ
1230 3872 1411 3925 πάντα
1440 3875 1540 3927 ὅσα
1575 3877 1858 3944 βούλονται
1904 3864 1997 3935 καὶ

425 3943 501 4003 ὧν
537 3952 705 4022 ὲρῶσι
765 3957 861 4010 καὶ
904 3956 940 4011 ἃ
973 3958 1249 4029 ζητοῦσιν,
1303 3965 1514 4029 ἐκεῖνός
1577 3943 1719 4033 ἔστι,
1783 3972 1997 4037 τούτοις

427 4042 548 4133 ῦλον
578 4044 640 4097 τὸ
672 4041 812 4100 εἷναι
874 4051 969 4104 καὶ
1003 4053 1035 4120 ή
1064 4052 1178 4123 ζωὴ
1229 4056 1360 4126 παρ’
1392 4057 1561 4127 αὐτῷ,
1618 4060 1739 4112 ἐπεὶ
1770 4062 1866 4114 καὶ
1900 4063 1997 4133 τὴν

432 4131 647 4202 θέλησιν
684 4137 854 4207 αὐτὴν
885 4140 983 4191 οὐκ
1024 4140 1139 4194 ἔστι
1191 4142 1291 4214 ζῇν
1322 4146 1411 4197 καὶ
1468 4149 1688 4219 ἐνεργὸν
1729 4146 1867 4205 εἶναι
1922 4131 1998 4223 μὴ

431 4225 492 4277 ὲν
519 4225 595 4296 τῷ
623 4228 841 4300 Χριστῷ
877 4231 1168 4299 μένουσαν,
1217 4236 1299 4289 ὅτι
1338 4240 1447 4291 πᾶν
1473 4240 1675 4306 ἀγαθὸν
1706 4243 1842 4307 ἐκεῖ,
1901 4261 2001 4298 κα-

430 4316 608 4393 θάπερ
646 4323 920 4393 ὀφθαλμὸς
947 4328 1015 4381 τὰ
1046 4330 1209 4384 αὐτοῦ
1241 4335 1414 4385 ποιεῖν
1443 4333 1540 4386 ούκ
1575 4334 1641 4389 ἂν
1677 4336 1776 4408 ἔχῃ
1816 4338 1890 4407 μὴ
1923 4339 1999 4408 τῷ

427 4415 571 4482 φωτὶ
604 4416 910 4486 χρώμενος.
955 4420 1184 4492 Ἐκείνῳ
1231 4440 1293 4475 τε
1341 4423 1451 4497 γὰρ
1486 4426 1649 4495 μόνον
1704 4429 1999 4498 ἐργάζεται

2092 1967 2211 2007 mus
2237 1948 2400 2016 artes,
2460 1953 2663 2019 quibus
2718 1950 3100 2017 pcr'actioncs
3147 1950 3512 2002 assetevimus.
3574 1946 3662 2001 Dei

2091 2057 2218 2096 vero
2250 2043 2396 2112 leges
2425 2043 2491 2097 ad
2520 2053 2674 2099 actus
2700 2044 2967 2099 humanos
3001 2044 3292 2099 attincntes
3326 2045 3555 2112 illosque
3577 2043 3670 2096 de-

2092 2135 2362 2198 finientes,
2390 2145 2443 2188 et
2467 2136 2534 2189 ad
2561 2135 2711 2189 ilium
2741 2137 2920 2191 solum
2952 2137 3293 2197 ordinantes,
3323 2151 3668 2204 consequen-

2089 2234 2196 2279 tem
2232 2228 2398 2282 rectis
2431 2227 2681 2297 injiciunt
2712 2229 3152 2297 dispositionem,
3192 2230 3335 2296 quod
3367 2229 3577 2284 Scilicet
3603 2245 3664 2281 ea

2091 2334 2213 2388 quae
2266 2319 2411 2374 bona
2468 2320 2718 2376 videntur
2778 2321 3098 2391 legislatori,
3133 2325 3304 2378 velint
3347 2324 3533 2392 illique
3563 2324 3665 2377 soli

2095 2420 2263 2465 totam
2296 2412 2623 2466 submittant
2671 2414 3038 2478 voluntatem,
3069 2429 3133 2469 ac
3178 2425 3375 2485 prmtcr
3405 2416 3555 2470 illum
3587 2417 3670 2471 ni-

2090 2502 2167 2556 hil
2201 2503 2335 2572 ipsis
2359 2504 2566 2574 placeat
2598 2523 2611 2558 :
2641 2504 2788 2574 quod
2825 2505 3002 2561 solum
3036 2516 3118 2560 est
3148 2508 3380 2575 perfecte
3420 2509 3562 2564 scire
3585 2509 3671 2563 di-

2091 2592 2281 2662 ligere.
2305 2590 2432 2647 Ideo
2465 2593 2715 2647 Salvator
2744 2593 2821 2646 ait
2850 2610 2865 2648 :
2905 2611 2923 2643 ι
2968 2593 3024 2647 Si
3050 2596 3301 2648 mandata
3341 2608 3457 2648 mea
3488 2611 3674 2649 scrva-

2094 2684 2305 2747 veritis,
2331 2685 2624 2739 manebitis
2659 2684 2714 2738 in
2747 2684 3037 2739 dilectione
3074 2701 3214 2739 mea.
3254 2704 3272 2737 ο
3310 2687 3459 2740 Illius
3489 2703 3669 2741 autem

2096 2773 2376 2827 charitatis
2434 2787 2574 2844 opus
2631 2783 2717 2830 est
2763 2774 2922 2829 beata
2971 2775 3096 2828 vita.
3150 2776 3485 2831 Voluntatem
3521 2779 3669 2832 enim

2096 2864 2340 2934 undique
2369 2866 2704 2922 contrahens
2736 2875 2786 2920 et
2819 2869 2888 2921 ab
2914 2869 3169 2921 omnibus
3194 2868 3317 2923 aliis
3342 2880 3399 2923 et
3430 2870 3548 2937 ipso
3580 2886 3673 2924 vo-

2099 2957 2240 3011 lente
2278 2973 2593 3027 segregans,
2621 2959 2724 3014 soii
2748 2960 2967 3014 Christo
3002 2960 3296 3027 conciliat;
3332 2962 3671 3016 voluntatem

2097 3063 2226 3102 vero
2273 3060 2474 3103 cuncta
2512 3059 2699 3104 nostra
2738 3060 3065 3119 sequuntur,
3101 3061 3155 3105 et
3190 3070 3297 3121 quo
3337 3054 3494 3115 ferat.
3528 3056 3673 3109 ince-

2100 3139 2307 3193 duntet
2326 3141 2575 3208 corporis
2606 3151 2809 3205 motus,
2832 3153 2880 3196 et
2912 3144 3142 3200 rationis
3169 3160 3387 3211 cursus,
3409 3155 3465 3202 et
3495 3150 3673 3202 omnis

2096 3240 2252 3286 actus
2311 3239 2366 3286 ct
2406 3231 2552 3286 aliud
2614 3234 2891 3299 quodlibet
2944 3239 3281 3302 humanum;
3336 3247 3390 3291 ct
3444 3254 3673 3308 prorsus

2100 3324 2352 3377 voluntas
2386 3325 2530 3392 quod
2563 3325 2629 3378 ad
2667 3340 2767 3378 nos
2796 3326 2989 3381 attinet
3020 3328 3131 3395 agit
3157 3338 3211 3383 et
3238 3330 3396 3398 gerit,
3428 3332 3545 3385 etsi
3576 3332 3672 3385 illa

2094 3416 2415 3480 retineatur,
2447 3416 2630 3469 omnia
2688 3431 2822 3469 nexa
2863 3418 3194 3480 consistunt,
3224 3428 3277 3474 et
3312 3420 3418 3473 illa'
3442 3422 3669 3489 potitus,

2094 3516 2263 3563 totam
2300 3508 2463 3562 habet
2490 3516 2747 3562 mentem.
2783 3506 2996 3574 Quibus
3040 3510 3206 3576 igitur
3238 3511 3492 3566 voluntas
3515 3527 3674 3579 pror-

2096 3617 2190 3656 sus
2210 3616 2393 3659 amore
2413 3601 2615 3655 Christi
2640 3603 2909 3656 detinetur
2935 3614 2988 3657 et
3011 3603 3138 3657 huic
3168 3604 3268 3658 soli
3299 3604 3660 3666 submittitur.

2094 3708 2437 3763 quaecunque
2482 3695 2694 3757 volunt,
2724 3693 2961 3763 diligunt
3006 3711 3070 3749 ac
3120 3706 3391 3764 quarunt,
3432 3696 3520 3749 ille
3548 3707 3671 3759 est;

2099 3787 2210 3841 iiiis
2247 3796 2420 3842 totum
2454 3795 2540 3841 est
2581 3804 2701 3843 esse
2734 3789 2955 3859 vitaque
2989 3790 3040 3842 in
3080 3790 3219 3857 ipso,
3252 3790 3521 3859 siquidem
3557 3791 3671 3859 ipsa

2100 3880 2352 3934 \oluntas
2384 3894 2491 3933 non
2524 3890 2610 3934 est
2635 3880 2818 3932 vivere
2846 3890 2897 3933 et
2931 3880 3039 3932 vim
3077 3881 3302 3940 habere.
3329 3881 3432 3935 nisi
3459 3891 3672 3934 rnancat

2100 3970 2154 4022 in
2205 3969 2446 4031 Christo,
2495 3971 2638 4037 quod
2694 3970 2768 4022 ibi
2807 3979 2915 4024 stat
2954 3986 3115 4024 omne
3147 3973 3373 4035 bonum,
3410 3973 3673 4040 quemad-

2101 4064 2320 4134 modum
2354 4066 2546 4119 oculus
2587 4081 2687 4119 nec
2740 4082 2868 4120 suas
2904 4066 3194 4122 facultates
3234 4083 3494 4121 exercere
3552 4070 3670 4122 sine

2102 4156 2303 4208 lumine
2343 4163 2541 4225 potest.
2604 4153 2742 4208 llnic
2790 4160 2933 4207 enim
2969 4156 3142 4208 solum
3177 4156 3360 4210 lumen
3402 4156 3667 4214 visionem

2100 4252 2376 4312 oneratur,
2398 4252 2451 4297 et
2481 4243 2731 4296 voluntas
2764 4259 2870 4296 non
2905 4245 3047 4297 valet
3075 4259 3237 4313 agere
3265 4245 3368 4301 nisi
3404 4247 3455 4300 in
3490 4250 3666 4303 solum

2102 4335 2328 4389 bonum.
2366 4334 2523 4389 Unde
2546 4348 2669 4388 cum
2705 4333 2792 4385 ille
2818 4333 2886 4387 sit
2911 4335 3154 4388 omnium
3182 4335 3449 4392 bonorum
3482 4340 3668 4394 distri-

2106 4430 2288 4491 butor,
2313 4426 2359 4480 si
2397 4433 2564 4478 totam
2596 4424 2651 4477 in
2677 4424 2794 4493 ipso
2826 4440 2939 4479 non
2966 4429 3284 4495 reponimus
3308 4430 3664 4497 voluntatem,

426 4505 527 4575 τὴν
549 4507 673 4579 ὕψιν
696 4507 757 4561 τὸ
791 4511 926 4580 φῶς,
950 4513 985 4582 ἦ
1007 4530 1065 4573 τε
1093 4514 1311 4586 θέλησις
1337 4519 1473 4589 πρὸς
1536 4520 1563 4573 ὃ
1588 4521 1813 4575 δύναται
1842 4525 1992 4592 ἐνερ-

2090 4518 2192 4573 sed
2226 4518 2425 4587 aliquid
2453 4516 2755 4572 voluntatis
2774 4527 2927 4572 extra
2950 4519 3265 4574 thesaurum
3296 4523 3457 4575 istum
3485 4524 3665 4589 cadat,

428 4600 571 4666 γεῖν,
615 4601 774 4669 μόνον
800 4604 944 4669 ,ἐστὶ
976 4605 1234 4672 τάγαθόν·
1270 4608 1391 4661 ὅθεν
1453 4612 1575 4664 ἐπεὶ
1634 4614 1839 4683 ταμίας
1888 4616 1994 4669 τῶν

426 4689 648 4756 ἀγαθῶν
676 4692 933 4746 ἀπάντων
962 4695 1191 4763 ἐκεῖνος,
1222 4699 1270 4750 εί
1307 4701 1382 4769 μὴ
1414 4702 1598 4755 πᾶσαν
1628 4705 1727 4774 τὴν
1770 4706 1997 4776 γνώμην

428 4783 490 4834 ἐν
533 4784 682 4852 αὐτῷ
711 4786 968 4857 φέροντες
994 4789 1253 4861 θήσομεν,
1319 4793 1454 4847 ἀλλά
1507 4812 1558 4848 τι
1588 4796 1687 4864 τῆς
1721 4796 1998 4868 θελήσεως

429 4871 534 4936 ἔξω
552 4875 657 4944 τοῦ
690 4875 970 4949 θησαυροῦ
993 4881 1182 4937 τούτου
1213 4886 1386 4951 πέσοι,
1431 4888 1604 4957 ἀργόν
1640 4889 1755 4941 ἐστι
1782 4889 1876 4942 καὶ
1915 4906 1999 4942 νε-

428 4967 579 5034 κρόν.
606 4985 625 5018 ι
649 4968 775 5022 Ἐὰν
794 4972 869 5041 μή
891 4989 975 5035 τις
990 4971 1149 5045 μείνῃ
1165 4976 1295 5045 γὰρ,
1334 4977 1522 5047 φησὶν,
1556 4980 1612 5030 ὲν
1630 4977 1774 5046 ἐμοὶ,
1795 4978 1997 5049 ὲόλήθη

430 5061 537 5126 ἔξω
562 5061 636 5125 ὡς
661 5063 722 5115 τὸ
778 5065 963 5134 κλῆμα
995 5067 1089 5118 καὶ
1144 5066 1440 5138 ἐξηράνθη,
1511 5069 1607 5121 καὶ
1664 5069 1999 5135 συνάγουσιν

432 5150 574 5203 αὐτά
605 5152 698 5204 καὶ
720 5152 800 5216 είς
839 5155 902 5207 τὸ
927 5153 1035 5224 πῦρ
1081 5154 1333 5224 βάλλουσι
1388 5157 1484 5208 κοιλ¹
1519 5156 1756 5209 καίεται·
1788 5176 1805 5208 ι
1856 5160 1904 5209 εἰ
1942 5157 2000 5211 δὲ

432 5243 639 5296 καὶτὸν
671 5246 903 5315 Χριστὸν
938 5246 1278 5316 μιμήσασθαι
1327 5247 1420 5299 καὶ
1449 5245 1550 5316 ζῇν
1613 5247 1737 5300 κατ’
1763 5249 1997 5312 ἐκεῖνον,

432 5338 494 5388 ὲν
532 5337 752 5408 Χριστῷ
786 5338 886 5409 ζῇν
908 5340 1047 5405 ἐστι,
1086 5342 1180 5394 καὶ
1216 5339 1374 5392 τοῦτο
1426 5338 1525 5408 τῆς
1558 5338 1783 5408 γνώμης
1817 5339 1997 5409 ἔργον,

432 5428 563 5481 ὃταν
600 5431 712 5491 τοῖς
738 5429 830 5481 τοῦ
853 5429 989 5482 Θεοῦ
1020 5429 1351 5500 βουλήμασιν
1376 5430 1683 5500 ὑπακούσῃ.
1722 5429 1993 5501 Καθάπερ

434 5522 642 5583 ἐκεῖνος
674 5520 781 5574 τῶν
805 5522 1001 5575 ἑαυτοῦ
1034 5523 1308 5589 θελήσεων
1341 5521 1577 5586 ὑπέταξε
1644 5524 1708 5592 τῇ
1751 5522 1872 5592 θείᾳ
1902 5525 2001 5591 τὴν

436 5612 811 5685 ἀνθρωπίνην,
845 5616 943 5668 καὶ¹
990 5615 1077 5669 ἴνα
1104 5614 1265 5668 τοῦτο
1317 5614 1527 5681 διδάξαι
1577 5618 1671 5668 καὶ
1710 5616 1804 5684 τῆς
1836 5615 2001 5685 ὀρθῆς

438 5702 586 5775 ζώης
618 5706 969 5776 παράδειγμα
1039 5709 1169 5777 ἡμῖν
1212 5707 1523 5771 καταλίποι,
1571 5709 1664 5760 τὸν
1694 5707 1833 5777 ὑπὲρ
1906 5709 1998 5761 τοῦ

441 5798 649 5869 κόσμου
679 5798 933 5867 θάνατον,
960 5799 1046 5853 ὅτε
1082 5800 1181 5870 μὲν
1203 5799 1489 5855 ἀποθανεῖν
1509 5799 1747 5870 ἐδέησεν,
1768 5800 1824 5851 οὐ
1859 5815 1974 5872 παρ

2102 4610 2265 4660 inane
2299 4615 2351 4660 et
2381 4614 2654 4661 mortuum
2691 4619 2792 4661 est.
2834 4623 2852 4656 ι
2899 4607 3054 4670 Nam,
3087 4608 3287 4677 inquit,
3326 4611 3432 4665 nisi
3453 4613 3576 4680 quis
3612 4613 3666 4666 in

2102 4714 2186 4752 me
2208 4702 2491 4762 manserit,
2516 4698 2749 4752 mittitur
2775 4697 2920 4752 foras
2943 4698 3082 4752 sicut
3110 4701 3338 4767 palmes,
3365 4711 3417 4754 et
3436 4704 3666 4769 arescit;

2101 4798 2149 4843 et
2187 4789 2446 4858 colligunt
2477 4802 2623 4854 eum,
2659 4799 2712 4842 et
2743 4789 2796 4843 in
2839 4789 3015 4858 ignem
3045 4791 3291 4856 mittunt,
3318 4802 3369 4845 et
3394 4794 3665 4847 comburi-

2102 4887 2211 4935 tur.
2249 4899 2268 4930 ι
2318 4880 2375 4933 Si
2416 4896 2542 4935 vero
2580 4897 2796 4954 quoque
2817 4880 3092 4935 Christum
3142 4881 3341 4933 imitari
3376 4884 3666 4954 vivereque

2103 4970 2398 5024 secundum
2446 4953 2624 5034 illuni,
2664 4972 2713 5024 in
2753 4968 2970 5024 Christo
2992 4958 3185 5023 vivere
3226 4980 3329 5037 est,
3366 4973 3468 5027 hoc
3500 4978 3663 5029 etiam

2101 5074 2185 5117 est
2215 5079 2350 5132 opus
2381 5064 2697 5125 voluntatis,
2734 5062 2951 5131 quando
2993 5060 3092 5114 Dei
3141 5063 3411 5119 mandatis
3461 5066 3664 5121 obedit.

2103 5155 2572 5220 Quemadmodum
2646 5154 2737 5206 ille
2796 5168 3019 5205 suarum
3079 5153 3417 5210 voluntatum
3469 5157 3665 5211 divina:

2104 5244 2672 5312 subjecithumanam,
2703 5253 2871 5312 utque
2919 5243 3075 5297 nobis
3118 5244 3222 5299 hoc
3280 5248 3587 5302 ostenderet
3615 5258 3666 5301 ιιι

2104 5347 2264 5393 rectae
2328 5337 2452 5391 vitae
2507 5336 2787 5404 exemplar
2847 5335 3205 5406 relinqueret,
3269 5349 3496 5393 mortem
3569 5356 3665 5407 pro

2104 5429 2329 5493 mundo,
2351 5444 2474 5483 cum
2494 5428 2737 5497 oportuit
2756 5430 2914 5489 mori,
2942 5445 3048 5482 non
3075 5431 3286 5496 abnuit;
3342 5431 3659 5498 priusquam

2105 5531 2284 5575 autem
2319 5523 2555 5573 venisset
2582 5529 2819 5588 tempus,
2864 5520 3184 5587 deprecatus
3224 5528 3328 5580 est,
3372 5521 3667 5574 ostendens

2103 5616 2246 5683 quod
2298 5629 2406 5668 non
2438 5612 2756 5680 sibimctipsi
2793 5613 3026 5681 placeret
3065 5614 3116 5665 in
3152 5611 3511 5680 passionibus,
3545 5613 3663 5679 sed,

2106 5716 2164 5760 ut
2206 5707 2280 5759 ait
2313 5705 2529 5767 Paulus,
2563 5705 2820 5758 obedicns
2878 5706 3051 5758 iactus
3109 5702 3173 5755 ad
3218 5715 3433 5753 crucem
3489 5715 3658 5770 venit,

2106 5798 2261 5868 quasi
2297 5814 2401 5853 non
2436 5813 2596 5853 unam
2639 5797 2989 5861 voluntatem,
3011 5803 3101 5849 aut
3133 5808 3199 5848 cx
3224 5793 3429 5850 duabus
3467 5811 3660 5865 unam,
