4134 6314
477 311 584 375 723
647 364 659 377 .

1734 316 2041 379 NlCOLAl
2080 316 2466 378 CABASILIE

3599 302 3725 365 724

471 424 568 482 sed
617 430 847 482 duarum
899 430 1238 484 voluntatum
1278 431 1627 486 concordiam
1684 431 1931 488 habens:
1963 431 2040 487 sic

2161 433 2414 504 ητήσατο,
2488 433 2623 503 πρὶν
2668 431 2724 485 δὲ
2770 431 2928 502 ἥκειν
2991 412 3082 483 τδν
3137 424 3323 507 καιρὸν
3374 418 3673 492 ἀπηύξατο
3702 458 3721 481 ο

472 531 697 588 apparet
724 537 820 590 per
841 525 1022 578 omnia
1070 524 1120 577 in
1146 525 1477 593 perfectione
1501 525 1792 579 voluntatis
1822 526 2034 580 beatam

473 607 778 663 consistere
805 609 992 665 vitam.
1024 611 1154 666 Dico
1182 628 1309 666 vero
1341 614 1393 666 in
1432 614 1705 682 praesenti.
1735 614 1851 669 Duo
1885 630 2038 667 nam-

473 709 581 762 que
611 711 739 752 cum
787 701 918 765 sint,
958 702 1159 770 quibus
1198 703 1361 758 homo
1392 714 1630 770 constat,
1672 723 1823 763 mens
1854 719 1905 762 et
1941 724 2036 761 vo-

475 788 680 853 luntas,
723 807 942 849 necesse
961 805 1061 858 est,
1097 796 1396 851 secundum
1436 798 1538 853 ista
1580 799 1707 865 duo,
1745 802 2039 855 convenire

475 884 824 950 roaptarique
855 884 985 951 Deo,
1021 886 1169 940 illum
1202 888 1290 956 qui
1318 904 1380 939 ex
1411 900 1527 942 toto
1554 888 1766 944 futurus
1800 900 1885 945 est
1911 891 2040 945 bea—

478 979 588 1030 tus,
623 983 804 1025 tuente
829 975 1046 1042 quidem
1085 992 1217 1044 pure
1248 979 1517 1033 videntem
1548 979 1724 1039 illum.
1760 982 2041 1036 voluntate

475 1075 606 1113 vero
643 1061 879 1128 perfecte
921 1064 1258 1135 diligentem.
1289 1069 1429 1123 Nulli
1454 1086 1581 1125 vero
1613 1071 1666 1128 in
1696 1074 2038 1141 corruptibili

475 1167 703 1221 corpore
764 1155 1057 1212 vivetttium
1106 1162 1365 1230 competit
1419 1164 1676 1232 utrinque
1710 1163 2038 1230 beatiﬁcari.

474 1246 566 1299 sed
623 1248 756 1302 tales
820 1250 1069 1307 homines
1118 1255 1232 1307 sola
1291 1257 1401 1310 vita
1454 1258 1804 1328 corruptione
1870 1260 2039 1314 libera

474 1342 743 1411 excipiet;
775 1343 830 1398 in
863 1346 1120 1413 prmsenti
1156 1362 1307 1411 vero,
1337 1349 1441 1402 sub
1482 1351 1779 1405 voluntatis
1816 1351 2039 1419 quidem

476 1443 725 1502 respectu
780 1436 1007 1504 perfecti
1049 1450 1177 1491 sunt
1211 1439 1265 1493 in
1308 1439 1393 1494 his
1426 1456 1547 1510 quae
1578 1449 1703 1495 sunt
1759 1441 1826 1495 ad
1873 1440 2042 1497 Deum

476 1525 642 1587 beati.
677 1541 784 1580 non
828 1535 1009 1581 autem
1062 1531 1164 1585 sub
1214 1540 1464 1600 respectu
1506 1533 1705 1587 mentis
1735 1531 2041 1589 efficaciae:

477 1617 800 1670 rbaritatcm
839 1619 1059 1688 quidem
1105 1623 1244 1687 apud
1290 1636 1384 1677 eos
1429 1622 1720 1692 perfectam
1779 1626 2042 1692 reperies,

478 1723 670 1777 puram
708 1721 890 1765 autem
926 1711 1021 1767 Dei
1062 1714 1326 1769 visionem
1359 1716 1602 1771 minime.
1645 1716 1698 1772 Si
1737 1718 1880 1772 enim
1914 1719 2047 1786 ipsis

2145 525 2359 589 δεικνὺς
2385 524 2458 587 ὡς
2481 525 2579 594 οὐχ
2613 523 2788 594 ἑαυτῷ
2814 524 3034 596 ήρεσεν,
3062 521 3118 573 ἐν
3139 516 3218 580 οἷς
3241 517 3497 585 ἔπασχεν,
3525 510 3671 574 ἀλλ’,
3694 510 3728 562 δ

2148 632 2314 686 φησιν
2342 619 2368 670 ὁ
2410 616 2644 680 Παῦλος,
2678 617 2915 684 ὑπήκοος
2946 618 3236 682 γενόμενος
3291 608 3383 661 ἐπὶ
3411 606 3503 660 τὸν
3538 620 3721 656 σταυ-

2151 711 2241 779 ρὸν
2269 707 2453 780 ἦλθεν,
2488 710 2562 773 ὡς
2595 709 2659 763 ἂν
2682 710 2741 763 οὗ
2791 709 3006 778 θέλημα
3028 705 3165 775 ἔχων
3213 701 3324 772 ἒνῆ
3359 701 3423 754 ὲκ
3453 697 3597 751 δυοῖν
3625 694 3721 756 ἓν,

2147 801 2281 857 ἀλλὰ
2312 801 2408 854 δύο
2437 800 2763 870 θελημάτων
2811 798 3123 869 ὁμολογίαν·
3164 794 3307 848 οὕτω
3339 791 3590 858 φαίνεται
3619 784 3721 838 διὰ

2149 894 2378 947 πάντων
2410 894 2466 945 ὲν
2501 896 2569 963 τῇ
2595 891 2899 958 τελειότητι
2929 889 3029 957 τῆς
3061 887 3337 956 θελήσεως
3385 878 3719 934 συνεστάναι

2147 985 2246 1055 τὴν
2276 986 2552 1055 μακαρίαν
2583 982 2749 1054 ζωήν.
2780 982 2939 1049 Λέγω
2964 980 3023 1033 δὲ
3051 980 3108 1032 ὲν
3141 976 3218 1047 τῷ
3249 973 3501 1046 παρόντι.
3552 970 3720 1022 Δυοῖν

2147 1076 2258 1147 γὰρ
2288 1076 2466 1129 ὄντοιν
2491 1077 2547 1129 ὲν
2575 1071 2657 1135 οἷς
2691 1076 2717 1126 ὁ
2740 1072 3047 1141 ἄνθρωπος,
3073 1067 3169 1121 τοῦ
3199 1064 3294 1120 νοῦ
3330 1063 3427 1117 καὶ
3450 1061 3552 1129 τῆς
3570 1058 3720 1128 γνὼ-

2154 1184 2283 1236 μης.
2315 1167 2528 1236 ἀνάγκη
2583 1166 2682 1232 μὲν
2718 1165 2841 1219 κατ’
2871 1162 3038 1231 ἄμφω
3082 1157 3256 1213 ταῦτα
3296 1153 3573 1208 συνελθεῖν
3630 1148 3715 1219 τῷ

2149 1259 2270 1328 Θεῷ
2298 1259 2395 1313 καὶ
2425 1257 2758 1329 συναφθῆναι
2783 1255 2874 1308 τδν
2902 1255 2959 1320 ἐξ
2984 1251 3278 1321 ὁλοκλήρου
3317 1246 3578 1317 μέλλοντα
3608 1259 3721 1311 μα-

2150 1338 2345 1423 κάριον
2378 1345 2539 1415 εῖναι,
2579 1348 2657 1417 τῷ
2697 1350 2799 1418 μὲν
2833 1345 2908 1417 νῷ
2940 1334 3204 1413 καθαρῶς
3236 1339 3402 1394 αύτδν
3437 1330 3717 1404 θεωροῦν·

2150 1459 2238 1502 τα,
2261 1441 2329 1511 τῇ
2356 1439 2553 1511 γνώμῃ
2584 1438 2640 1492 δὲ
2694 1435 2918 1501 τελείως
2966 1433 3252 1505 φιλοῦντα.
3312 1426 3611 1498 Συμδαίνει
3655 1423 3718 1476 δὲ

2151 1534 2328 1588 οὐδενὶ
2387 1531 2497 1588 τῶν
2532 1533 2591 1585 ὲν
2651 1528 2876 1600 φθαρτῷ
2913 1528 3129 1596 σώματι
3180 1522 3400 1589 ζώντων
3429 1520 3496 1573 δι’
3523 1514 3719 1572 ἑκατέ-

2156 1642 2264 1695 ρων
2299 1624 2659 1693 εὐδαιμονεῖν,
2686 1622 2821 1676 ἀλλά
2870 1617 3143 1678 τοιούτους
3194 1613 3519 1683 ἀνθρωπους
3556 1609 3716 1677 μόνος

2152 1719 2182 1771 ὁ
2216 1716 2422 1788 φθορᾶς
2448 1713 2870 1783 ἀπηλλαγμένος
2899 1709 3108 1773 δέξεται
3128 1705 3261 1777 βίος,
3292 1704 3385 1757 ἐπὶ
3406 1701 3461 1754 δὲ
3492 1698 3587 1753 τοῦ
3616 1716 3723 1752 πα-

478 1804 865 1870 cum‘corpore
922 1805 1233 1862 viventibus
1280 1808 1431 1861 adest
1474 1810 1620 1879 quod
1663 1808 1903 1878 futurum
1936 1819 2046 1877 est,

2161 1781 2341 1879 ροντοξ
2375 1808 2474 1877 τῆς
2517 1781 2613 1876 μεν
2648 1781 2924 1876 θελήσεως
2979 1802 3144 1855 ἕνεκα
3200 1796 3398 1850 τέλειοι.
3451 1793 3521 1847 τὰ
3578 1790 3720 1860 πρδς

473 1892 695 1962 jamque
747 1897 1110 1979 certaminum
1142 1900 1529 1967 experientiam
1570 1902 1792 1964 habent,
1837 1910 1892 1956 at
1937 1917 2047 1957 non

479 1985 846 2049 continenter,
888 2001 987 2039 nec
1022 1998 1309 2052 perpetuo,
1350 2005 1452 2044 nec
1484 1989 1746 2060 perfecte,
1774 1992 1883 2045 vita
1916 2007 2053 2061 prae-

478 2075 621 2129 senti
675 2091 783 2129 non
839 2077 1200 2145 permittente,
1243 2087 1297 2134 et
1352 2080 1497 2147 ideo,
1529 2100 1548 2133 ι
1587 2080 1696 2152 Spe
1728 2084 2051 2152 gaudemus,

479 2163 654 2233 inquit
697 2164 917 2230 Paulus,
971 2178 1024 2222 et
1059 2184 1155 2238 per
1187 2170 1346 2225 lldem
1392 2173 1758 2239 ambulamus,
1815 2191 1922 2230 non
1958 2192 2053 2245 per

478 2257 712 2324 speciem
746 2266 800 2310 et
830 2273 894 2313 ex
926 2270 1080 2329 parte
1104 2263 1526 2331 cognoscimus;
1555 2282 1573 2316 ι
1605 2273 1840 2320 attamen
1889 2267 2053 2322 Chii-

480 2356 626 2403 stum
660 2351 924 2415 vidit,sed
950 2367 1056 2408 non
1087 2356 1348 2408 continuo
1375 2357 1465 2410 tali
1499 2358 1666 2413 astitit
1701 2359 1917 2415 visioni.
1940 2358 2055 2416 Hoc

479 2441 624 2495 enim
653 2458 855 2511 semper
892 2444 1070 2499 solum
1112 2444 1355 2501 futurum
1392 2447 1618 2508 videbit.
1652 2456 1706 2501 et
1755 2450 1897 2503 istud
1938 2451 2056 2517 ipse

480 2527 891 2593 demonstravit,
924 2534 1065 2601 siqui
1088 2535 1193 2588 lem
1248 2536 1315 2590 de
1347 2538 1636 2604 prmsentia
1672 2536 1760 2593 illa
1791 2538 2053 2595 discurrit

482 2617 747 2685 adficiens
776 2638 790 2674 :
831 2640 849 2671 ι
893 2621 958 2674 Et
984 2623 1063 2676 sic
1098 2638 1313 2692 semper
1341 2639 1465 2679 cum
1493 2626 1726 2681 Domino
1756 2628 1986 2684 erimus.
2032 2645 2050 2678 ι

484 2704 640 2765 Unde
663 2713 708 2766 si
730 2713 855 2779 quis
887 2714 939 2765 in
961 2712 1182 2768 Christo
1220 2730 1343 2770 cum
1379 2730 1608 2786 corpore
1635 2718 1787 2784 vivit,
1805 2728 1859 2773 et
1888 2721 2053 2773 vitam

485 2815 768 2880 teternam,
807 2813 867 2857 ut
896 2802 1100 2862 Paulus
1131 2806 1383 2862 hortatus
1412 2817 1518 2869 est,
1545 2808 1673 2863 hinc
1705 2810 1874 2866 valuit
1899 2826 2057 2867 assu-

488 2911 660 2959 mere,
689 2898 830 2953 hanc
864 2898 916 2952 in
967 2899 1249 2953 voluntate
1296 2900 1563 2967 possidet,
1596 2916 1695 2971 per
1726 2902 2053 2960 cbaritatem

488 2987 733 3044 lmtitiam
791 2999 1124 3045 consecutus
1175 2990 1623 3058 inenarrabilem,
1656 2994 1800 3067 “ipsa
1858 2996 2059 3051 mentis

487 3094 622 3149 pura
672 3082 883 3137 visione
940 3081 1043 3150 ipsi
1083 3083 1137 3135 in
1198 3083 1439 3137 futurum
1500 3092 1796 3153 reservata,
1846 3085 2060 3157 ﬁdeque

2150 1900 2244 1954 τὸν
2279 1899 2416 1952 Θεὸν
2442 1899 2492 1951 οἱ
2529 1898 2816 1967 μακάριοι,
2840 1896 2942 1962 τῆς
2988 1892 3045 1947 δὲ
3095 1890 3237 1945 κατά
3266 1886 3393 1941 νοῦν
3437 1883 3719 1954 ἐνεργείας

2152 1991 2356 2046 οὐκέτι·
2393 1990 2617 2058 ἀγάπην
2646 1989 2745 2061 μὲν
2779 1988 2908 2058 παρ’
2945 1985 3128 2048 αὐτοῖς
3178 1980 3392 2035 τελείαν
3443 1976 3717 2047 εὑρήσεις,

2153 2087 2289 2140 Θεοῦ
2347 2085 2406 2140 δὶ
2444 2085 2682 2155 θεωρίαν
2741 2080 2989 2149 καθαρὰν
3038 2075 3313 2144 οὐδαμῶς.
3366 2071 3571 2140 Είγάρ
3627 2068 3742 2137 καὶ,

2156 2177 2426 2246 πάρεστιν
2475 2175 2662 2235 αὐτοῖς
2715 2172 2796 2225 ιτι
2851 2168 2946 2223 καὶ
2988 2167 3126 2235 μετά
3177 2163 3430 2232 σώματος
3482 2159 3619 2224 ζῶσι
3664 2158 3724 2209 τδ

2160 2264 2374 2333 μέλλον,
2419 2264 2515 2317 καὶ
2558 2264 2753 2330 πεῖραν
2801 2257 2960 2325 ἔσχον
2987 2255 3087 2327 ἤδη
3120 2253 3228 2307 τῶν
3277 2250 3476 2307 ἄθλων.
3517 2246 3631 2300 ἀλλ’
3659 2247 3721 2299 οὐ

2160 2355 2401 2426 συνεχῶς
2423 2355 2541 2407 οὐδὲ
2563 2351 2829 2422 διηνεκῶς
2865 2348 2991 2403 οὐδὲ
3027 2346 3272 2409 τελείως,
3301 2342 3396 2398 τοῦ
3428 2341 3545 2411 βίου
3598 2336 3726 2392 τσῦ-

2156 2464 2249 2501 του
2281 2447 2356 2515 μὴ
2409 2443 2836 2515 συγχωροῦντος,
2873 2441 2970 2496 καὶ
3029 2438 3119 2493 διὰ
3149 2436 3330 2501 τοῦτο,
3369 2453 3388 2487 ι
3434 2434 3518 2502 Τῇ
3552 2430 3725 2484 ἐλπίδι

2157 2537 2441 2610 χαίρομεν,
2475 2533 2608 2602 φησὶ
2635 2531 2871 2598 Παῦλος,
2901 2531 2997 2584 καὶ
3018 2525 3105 2583 διὰ
3127 2526 3360 2589 πίστεως
3400 2519 3727 2596 περιπατοῦο

2161 2648 2283 2701 μεν,
2324 2630 2385 2684 οὑ
2423 2628 2513 2682 διὰ
2551 2627 2746 2693 εἴδους,
2814 2625 2908 2679 καὶ
2961 2625 3023 2677 ἐκ
3077 2620 3276 2691 μέρους
3307 2616 3714 2687 γινώσκομενοι

2158 2723 2337 2777 καίτοι
2366 2722 2456 2774 τὸν
2508 2719 2745 2789 Χριστὸν
2776 2712 2937 2776 εἶδεν,
3024 2711 3138 2766 ἀλλ’
3168 2710 3293 2780 ούχῖ
3351 2710 3607 2764 ἑκάστοτε
3662 2707 3725 2773 τῇ

2159 2815 2362 2883 θεωρίᾳ
2408 2810 2581 2881 ταύτῃ
2618 2808 2805 2878 συνῆν.
2857 2805 2930 2860 Τὸ
2963 2804 3071 2873 γὰρ
3112 2803 3204 2857 ἀεὶ
3245 2801 3403 2853 τοῦτο
3450 2799 3510 2851 τὸ
3533 2796 3726 2865 μέλλον

2161 2905 2362 2975 δψεται
2403 2903 2584 2974 μόνον,
2628 2895 2909 2953 καὶτοῦτο
2949 2895 3110 2956 αὐτὸς
3166 2891 3380 2956 ἔδειξεν,
3425 2886 3546 2940 ἐπεὶ
3593 2886 3718 2950 περὶ

2160 2998 2262 3065 τῆς
2305 2994 2608 3065 παρουσίας
2634 2991 2845 3059 ἐκείνης
2894 2986 3169 3055 διεξῆλθεν
3208 2980 3510 3048 ἐπαγαγὼν,
3549 3000 3567 3030 ι
3603 2977 3713 3032 Καὶ

2163 3088 2306 3142 οῦτω
2332 3091 2560 3145 πάντοτε
2593 3086 2689 3139 σὺν
2719 3083 2906 3152 Κυρίῳ
2959 3078 3216 3148 ἐσόμεθω
3248 3096 3266 3129 ι
3298 3076 3414 3129 ὅθεν
3444 3074 3496 3127 εῐ
3541 3090 3624 3134 τις
3660 3070 3720 3123 ὲν

488 3187 650 3226 manu
666 3173 733 3226 ad
753 3172 1348 3227 charitatem'ducente.
1365 3172 1517 3240 Quod
1549 3176 1843 3232 ostendens
1870 3176 2057 3232 beatus

2168 3179 2393 3251 Χριστῷ
2422 3180 2558 3249 μετὰ
2598 3179 2693 3230 τοῦ
2722 3176 2972 3245 σώματος
3000 3175 3067 3241 ζῇ
3099 3173 3192 3226 καὶ
3220 3170 3317 3237 τῆς
3354 3168 3571 3221 αἰωνίου
3617 3162 3726 3226 ζω-

486 3262 704 3327 Petrus,
727 3279 747 3314 ι
772 3263 828 3318 lu
848 3280 1006 3332 quem
1026 3279 1190 3322 nunc.
1207 3264 1403 3335 inquit.
1421 3280 1526 3320 non
1549 3266 1809 3331 videntes,
1830 3269 1923 3322 sed
1943 3283 2057 3323 cre‘

2168 3274 2257 3342 ἧς,
2354 3271 2564 3336 Παῦλος
2595 3270 2903 3333 ἐκέλευσεν,
2940 3264 3149 3318 ἐνθένδε
3179 3261 3417 3334 ἠδυνήθη
3447 3253 3729 3320 λαϐέσθαι,

486 3355 696 3412 dentes.
723 3356 1206 3411 exsultatishetitia
1236 3357 1585 3412 inenarrabili
1617 3367 1669 3411 et
1700 3359 2057 3425 gloriﬁcata.»

2172 3363 2231 3414 ἐν
2256 3364 2321 3432 τῇ
2355 3362 2549 3433 γνώμη
2586 3360 2792 3432 ταύτην
2822 3359 2935 3429 ἔχει
2955 3358 3022 3410 δι’
3044 3356 3279 3428 ,ἀγάπης
3313 3353 3405 3406 ἐπὶ
3435 3345 3728 3448 τὴνῄχαράν

489 3446 885 3518 ἀφικνούμενος
938 3450 1036 3518 τὴν
1090 3449 1423 3517 ἀπὸῥρητον,
1493 3452 1589 3515 τῆς
1644 3452 1741 3516 μὲν
1773 3449 1869 3502 τοῦ
1919 3452 2008 3503 νοῖ
2058 3451 2307 3522 καθαρᾶς
2335 3453 2511 3523 ὅψεως
2563 3455 2641 3516 είς
2667 3453 2727 3505 τδ
2763 3450 2951 3521 μέλλον
2983 3445 3386 3515 ταμιευομένης
3418 3439 3590 3506 αὐτῷ,
3636 3439 3731 3504 τῆς

490 3545 549 3597 δὲ
593 3547 826 3605 πίστεως
895 3544 989 3595 ἐπὶ
1050 3543 1151 3613 τὴν
1186 3545 1408 3610 ἀγάπην
1449 3543 1920 3611 χειραγωγούσης·
1975 3541 2004 3595 θ
2053 3544 2320 3607 δεικνὺςὸ
2358 3546 2625 3614 μακάριος
2655 3544 2882 3613 Πέτρος,
2926 3561 2944 3592 ι
2978 3541 3071 3607 Εἰς
3100 3538 3157 3596 ὃν
3190 3538 3313 3611 ἄρτι
3359 3535 3436 3610 μὴ
3482 3532 3731 3608 ὁρῶντες,

493 3639 649 3710 φησι,
679 3635 1026 3698 πιστεύοντες
1054 3632 1111 3689 δὲ
1140 3632 1473 3702 ἀγαλλιᾶσθε
1526 3635 1672 3705 χαρᾷ
1731 3632 2084 3708 ἀνεκλαλήτῳ
2133 3637 2228 3692 καὶ
2265 3636 2681 3713 δεδοξασμένῃτι

569 3732 623 3786 In
679 3732 782 3786 bac
816 3740 996 3784 autem
1030 3729 1297 3784 cltaritate
1327 3730 1623 3799 laetitiaque
1652 3739 1869 3805 constat
1900 3731 2059 3786 beata

493 3828 632 3881 vita.
680 3823 803 3878 Haec
839 3823 949 3877 vita
993 3822 1190 3893 partim
1225 3823 1447 3891 quidem
1507 3814 1875 3877 absconditur
1904 3825 2061 3894 juxta

496 3915 650 3971 Pauli
709 3913 930 3968 verbum
969 3930 984 3966 :
1032 3930 1049 3962 ι
1091 3912 1459 3966 Absconditur
1498 3913 1664 3974 enim,
1716 3914 1914 3984 inquit,
1949 3919 2058 3972 vita

498 4018 719 4071 nostra;
759 4025 777 4057 ι
842 4005 1036 4075 partim
1093 4015 1273 4059 autem
1334 4006 1636 4072 rcvelatur;
1670 4017 1745 4069 et,
1789 4008 1933 4062 sicut
1983 4009 2060 4063 ait

502 4100 779 4161 Dominus,
821 4117 841 4151 ι
882 4097 1116 4166 Spiritus
1148 4098 1234 4151 ubi
1272 4099 1386 4151 vult
1420 4096 1611 4166 spirat,
1644 4107 1697 4152 et
1728 4113 1911 4152 vocem
1936 4100 2057 4167 ejus

501 4194 680 4253 audis,
716 4192 808 4246 sed
842 4206 948 4243 non
975 4191 1082 4245 scis
1117 4191 1256 4242 unde
1288 4190 1468 4243 veniat
1492 4203 1597 4243 nec
1620 4205 1728 4255 quo
1751 4190 1910 4243 vadat
1936 4207 1952 4253 ;
1978 4192 2059 4243 sic

500 4291 584 4336 est
620 4279 795 4334 omnis
818 4279 908 4346 qui
944 4287 1106 4332 natus
1135 4287 1215 4330 est
1236 4290 1297 4329 ex
1332 4276 1547 4344 spiritu.
1584 4294 1601 4326 ι
1645 4273 1798 4337 Quod
1824 4276 1967 4328 enim
1998 4278 2063 4329 ιιιὶ

503 4376 672 4438 ipsam
718 4369 944 4439 gratiam
975 4378 1324 4434 generamcm
1382 4376 1435 4419 et
1487 4365 1811 4419 furtnantem
1857 4366 2071 4429 attinet,

2249 3734 2340 3787 Ἐν
2367 3733 2540 3804 ταύτῃ
2570 3732 2627 3787 δὲ
2655 3735 2722 3804 τῇ
2761 3733 2951 3804 ἀγάπῃ
2997 3731 3091 3783 καὶ
3122 3729 3187 3798 τῇ
3219 3726 3365 3797 χαρᾷ
3413 3724 3447 3793 ἡ
3487 3719 3728 3791 μακαρία

2169 3824 2286 3878 ἐστὶ
2316 3825 2453 3894 ζωή*
2483 3824 2621 3893 αῦτη
2656 3826 2689 3893 ἠ
2728 3823 2842 3893 ζωὴ
2867 3823 2934 3876 τὰ
2973 3822 3071 3891 μὲν
3117 3818 3417 3889 κρύπτεται
3473 3813 3617 3866 κατά
3643 3809 3727 3864 τὸν

2170 3916 2383 3971 Παύλου
2409 3917 2586 3984 λόγον,
2629 3936 2648 3969 ι
2678 3917 2990 3985 Κέκρυπται
3018 3913 3146 3981 γὰρ,
3185 3910 3349 3979 φησὶν
3377 3947 3391 3970 ,
3435 3907 3468 3976 ὴ
3506 3904 3621 3967 ζωὴ
3669 3903 3730 3968 ὴ·

2171 4009 2308 4077 μῶν³
2349 4026 2368 4062 ι
2404 4009 2472 4063 τὰ
2505 4009 2560 4062 δὲ
2593 4008 2839 4077 φαίνεται
2872 3999 3020 4078 καὶῇ
3056 4020 3221 4074 φησιν
3260 4003 3287 4054 ὁ
3331 3998 3554 4064 Κύριος,
3613 4013 3632 4044 ι
3663 3991 3732 4046 To

2165 4099 2383 4169 πνεῦμα
2412 4100 2546 4151 ὅπου
2582 4096 2725 4152 θέλει
2763 4098 2906 4158 πνεῖ,
2934 4096 3028 4147 καὶ
3056 4094 3157 4162 τὴν
3185 4090 3367 4160 φωνὴν
3387 4086 3550 4141 αὑτοῦ
3579 4086 3733 4139 ἁκού-

2168 4207 2271 4252 εις,
2313 4191 2543 4255 ἀλλ’,οὐκ
2560 4183 2710 4251 οίδας
2738 4188 2900 4241 πόθεν
2960 4186 3180 4256 ἔρχεται
3212 4184 3307 4237 καὶ
3371 4179 3472 4234 ποῦ
3511 4178 3726 4244 ὑπάγει,

2172 4278 2347 4342 οὕτως
2408 4280 2525 4332 ἐστὶ
2600 4280 2707 4341 πᾶς
2761 4280 2788 4331 ὁ
2845 4274 3247 4345 γεγεννημένος
3319 4269 3519 4341 ὲκξτοῦ
3582 4265 3731 4321 πνεύ-

2185 4391 2372 4444 ματος.
2403 4391 2421 4425 ι
2464 4373 2532 4427 Ἀ
2564 4373 2663 4443 μὲν
2701 4372 2809 4441 γὰρ
2840 4373 2919 4436 είς
2971 4371 3138 4440 αὐτὴν
3188 4368 3285 4438 τὴν
3324 4363 3601 4435 γεννῶσαν
3641 4359 3726 4414 καὶ

505 4464 632 4536 quid
672 4464 786 4531 ipsa
818 4467 904 4513 est
932 4466 986 4511 rt
1018 4457 1294 4522 quomodo
1319 4465 1619 4523 regenerat,
1649 4455 1967 4509 abscondita
1994 4472 2052 4511 es

2186 4466 2528 4519 πλάττουσαν
2552 4465 2677 4535 ἥκει
2721 4466 2904 4535 χάριν,
2949 4465 2976 4515 ὃ
3002 4481 3056 4516 τι
3085 4461 3145 4515 τέ
3195 4463 3342 4513 ἐστιν
3369 4457 3508 4527 αὑτὴ
3547 4454 3639 4508 καὶ
3677 4451 3727 4505 ὃν

509 4560 655 4619 vita;
688 4551 1072 4607 manifestatur
1106 4557 1289 4603 autem
1321 4548 1634 4603 viventibus
1666 4550 1754 4616 qui
1784 4550 2073 4619 participes

507 4648 682 4702 elierti
720 4654 868 4701 sunt.
901 4644 1028 4711 quid
1073 4642 1144 4694 sit
1192 4641 1257 4695 ad
1293 4640 1457 4693 Deum
1497 4640 1784 4696 inellabilis
1831 4658 1984 4695 amor
2023 4651 2073 4694 et

510 4738 691 4791 innixa
742 4751 903 4805 super
949 4749 1014 4789 ro
1059 4731 1261 4787 laetitia.
1311 4730 1434 4785 lber.
1465 4732 1605 4784 enim
1641 4732 1755 4802 ipsa
1792 4733 2075 4788 manifesta

511 4841 655 4885 sunt.
689 4841 741 4884 et
765 4827 991 4899 gratiam
1029 4823 1352 4880 invisibilem
1377 4823 1640 4886 indicant,
1663 4824 1835 4892 primo
1858 4824 2075 4892 quidem

511 4922 764 4990 quoniam
813 4920 928 4973 haec
978 4926 1106 4973 sunt
1145 4916 1328 4985 gratiae
1386 4912 1629 4981 fructus;
1673 4930 1820 4976 nam,
1880 4914 2075 4981 inquit,

522 5028 539 5057 ι
579 5008 808 5061 Fructus
862 5007 1085 5075 spiritus'
1161 5013 1245 5060 est
1302 5005 1561 5068 Charitas,
1622 5004 1877 5071 gaudium
1916 5020 1930 5068 ;
1966 5022 1982 5054 ι
2048 5019 2077 5058 a

517 5102 694 5155 fructu
754 5115 879 5153 vero
938 5101 1101 5153 arbor
1155 5097 1535 5165 cognoscitur;
1574 5096 1768 5151 deinde
1819 5096 2077 5165 quoniam

518 5193 742 5261 spiritus
777 5191 1080 5259 adaptionis
1117 5199 1199 5244 est
1232 5192 1425 5259 gratia,
1455 5189 1695 5244 Charitas
1720 5197 1901 5242 autem
1932 5187 2077 5257 quod

521 5282 978 5354 propinquitatem
1018 5282 1160 5333 hanc
1200 5281 1555 5345 obtinuerint,
1586 5290 1640 5335 et
1670 5281 1811 5347 quod
1845 5282 1953 5335 sint
1989 5284 2079 5337 lilii

525 5374 638 5439 Dei,
668 5372 800 5426 nihil
825 5371 1017 5425 set-vile
1058 5385 1157 5424 nec
1199 5372 1595 5425 mercenarium
1630 5371 1890 5426 habentes
1918 5383 2083 5428 testa-

521 5474 631 5519 tur.
664 5461 777 5518 Hoc
809 5472 988 5515 autem
1037 5458 1199 5514 etiam
1234 5461 1397 5514 modo
1434 5461 1692 5516 Salomon
1726 5464 1932 5517 invenit
1961 5480 2080 5519 ma-

525 5563 660 5608 trem
692 5553 843 5623 pueri
879 5551 1129 5613 viventis,
1180 5548 1566 5620 sufficiensque
1592 5554 1735 5621 quod
1761 5556 2079 5624 peperisset,

2182 4560 2516 4613 ἀναπλάττει
2546 4561 2766 4628 τρόπον,
2812 4557 3025 4625 ἀφανής
3072 4556 3219 4606 ἐστιν
3276 4553 3310 4622 ἠ
3333 4550 3466 4619 ζωὴ,
3497 4549 3734 4617 φαίνεται

2184 4649 2241 4702 δὲ
2265 4648 2373 4702 τῶν
2441 4648 2680 4720 μεριτῶν
2738 4647 2977 4711 ζώντων,
3020 4645 3156 4713 ὅπερ
3212 4643 3360 4695 ἐστὶν
3392 4641 3419 4692 ὁ
3470 4638 3606 4707 πρὸς
3655 4635 3735 4685 τὸν

2184 4741 2317 4795 Θεὸν
2342 4742 2650 4811 ἀπόρρητος
2679 4740 2816 4808 ἔρως
2855 4739 2948 4790 καὶ
2975 4739 3007 4806 ἡ
3040 4735 3127 4788 ἐπ’
3160 4733 3309 4802 αύτῷ
3364 4730 3530 4803 χαρά.
3561 4727 3737 4779 Ταῦτα

2187 4834 2298 4902 γὰρ
2331 4832 2469 4885 αύτά
2504 4848 2564 4883 τε
2593 4830 2726 4898 δῆλα
2751 4828 3055 4898 καθέστηκε
3092 4825 3187 4880 καὶ
3215 4825 3313 4894 τὴν
3335 4821 3519 4891 ἀφανῆ
3551 4815 3738 4888 μηνύει

2186 4925 2375 4993 χάριν,
2407 4921 2624 4991 πρῶτον
2685 4919 2782 4990 μὲν
2807 4920 2890 4973 ὅτι
2941 4919 3153 4989 καρπὸς
3176 4917 3348 4970 ταῦτα
3382 4913 3502 4984 τῆς[
3528 4913 3739 4982 χάριτος

2189 5016 2238 5085 (⁸
2283 5014 2341 5069 Ὅ
2364 5013 2573 5083 καρπὸς
2614 5015 2744 5080 γὰρ,
2803 5013 2955 5081 φησι,
3014 5010 3110 5064 τοῦ
3167 5008 3487 5077 Πνεύματος
3533 5002 3737 5070 ἀγάπη,

2188 5105 2352 5176 χαρὰ,
2387 5124 2404 5155 ι
2440 5103 2549 5157 ἀπὸ
2577 5103 2631 5157 δὲ
2665 5102 2757 5156 τοῦ
2790 5101 3005 5173 καρποῦ
3027 5101 3091 5155 τὸ
3116 5099 3331 5168 δένδρον
3370 5094 3737 5166 γινώσκεται)⁶

2188 5198 2360 5251 ἔπειθ’
2393 5197 2475 5251 ὅτι
2507 5195 2724 5265 πνεῦμα
2747 5194 2847 5265 μὲν
2886 5193 3152 5254 υἱοθεσίας
3177 5192 3210 5259 ἡ
3242 5190 3421 5259 χάρις,
3455 5187 3486 5254 ἡ
3515 5183 3573 5236 δὲ
3612 5181 3740 5248 ἀγά-

2192 5311 2268 5360 πη
2305 5289 2400 5361 τὴν
2436 5288 2754 5356 συγγένειαν
2780 5288 2986 5355 ταύτην
3019 5285 3200 5347 αὐτοῖς
3230 5281 3514 5353 μαρτυρεῖ,
3557 5274 3650 5328 καὶ
3670 5272 3739 5335 ὡς

2192 5380 2302 5435 εἶεν
2337 5383 2447 5437 υἱοὶ
2506 5379 2638 5434 Θεοῦ
2710 5379 2875 5448 μηδὲν
2908 5377 3121 5447 ἔχοντες
3203 5367 3560 5442 μισθαρνικδν
3618 5362 3741 5434 μηδὲ

2190 5472 2451 5526 δουλικὸν.
2487 5471 2688 5524 Τοῦτον
2711 5470 2769 5523 δὲ
2807 5469 2898 5523 τὸν
2936 5467 3137 5536 τρόπον
3189 5466 3285 5518 καὶ
3315 5458 3567 5527 Σολομὼν
3622 5448 3738 5522 εὗρε

2189 5562 2289 5632 τὴν
2314 5563 2523 5632 μητέρα
2553 5561 2649 5614 τοῦ
2692 5560 2891 5625 ζῶντος
2920 5559 3153 5620 παιδίου,
3193 5555 3282 5609 καὶ
3313 5552 3537 5621 σημεῖον
3567 5546 3739 5612 ἐνόμι-

525 5646 798 5712 rt-pntavit
845 5642 1132 5707 indicium,
1164 5655 1405 5695 amorem
1460 5643 1887 5702 vehementem:
1941 5650 2057 5703 undi

2194 5646 2287 5703 σεν
2318 5650 2501 5703 ἱκανὸν
2535 5650 2839 5720 παρασχεῖν
2866 5648 3033 5717 αὐτὴν
3089 5645 3185 5699 τοῦ
3245 5643 3423 5695 τεκεῖν
3451 5639 3511 5689 τὸ
3545 5635 3742 5720 σερὸὂρτξ

524 5740 735 5790 twnest
794 5731 1087 5788 absurdum
1141 5732 1278 5787 ﬁlios
1320 5728 1413 5785 Dei
1474 5731 1702 5788 viventis
1757 5734 1857 5790 hoc
1919 5739 2080 5793 etiam

2195 5738 2389 5791 φιλεῖν*
2424 5737 2545 5789 ὅθεν
2575 5735 2728 5787 οὐδὲν
2768 5739 2849 5786 εἴη
2892 5735 3112 5786 ἀπεικὸς
3169 5733 3260 5796 καὶ
3298 5728 3421 5785 τοὺς
3479 5722 3625 5782 υἱοὺς
3657 5737 3739 5771 του
