4196 6308
390 301 498 367 725

1468 305 1565 367 DE
1606 306 1780 369 VITA
1826 308 1901 367 IN
1933 306 2449 370 CHRISTO’LIB.
2482 310 2610 372 VII.

3545 298 3655 366 79:6

388 417 592 483 ζῶντος
621 414 758 469 Θεοῦ
786 415 862 484 τῷ
887 417 1173 487 τεκμηρίῳ
1198 416 1368 486 τούτῳ
1398 421 1713 489 μανθάνειν.
1758 423 1945 479 Καθά-
1972 433 1992 485 Α

2090 422 2206 493 igno
2237 423 2579 495 recognosci.
2607 420 3078 488 Quemadmodum
3113 420 3258 475 illam
3289 419 3424 473 nihil
3453 419 3657 473 habere

390 527 498 580 περ
523 507 760 577 ἐκείνην,
806 507 882 570 ὡς
910 509 1064 561 οὐδὲν
1103 503 1247 577 εἶχεν
1278 510 1457 564 κοινὸν
1484 512 1621 583 πρὸς
1672 515 1732 567 τὸ
1776 518 1971 590 τεθνη-

398 602 494 664 κὸς
513 600 747 657 παιδίον.
788 600 820 667 ή
846 600 972 670 περὶ
1001 600 1062 652 τὸ
1094 600 1204 664 ζῶν
1237 602 1592 676 φιλοστοργία
1624 612 1716 660 καὶ
1746 610 1978 679 πρόνοια

401 692 590 758 σαφῶς
612 691 905 761 ἐδήλωσεν,
943 691 1085 744 οὕτω
1106 694 1196 745 καὶ
1222 693 1432 757 τούτοις
1464 698 1498 766 ἠ
1522 700 1652 769 περὶ
1679 701 1769 753 τὸν
1795 700 1974 766 ζῶντα

404 786 540 838 Θεὸν
579 782 741 846 αἰδὼς
774 784 866 835 καὶ
897 783 956 834 τὸ
989 783 1210 855 φίλτρον
1235 786 1507 853 ἀπόδειξίς
1538 791 1684 845 ἐστιν
1714 795 1973 863 ἐναργὴς,

403 877 487 930 ὅτι
516 877 573 928 οὐ
598 876 803 942 νεκρῶν
828 874 1044 942 ἐγένετο
1104 879 1381 947 πατέρων,
1451 879 1544 942 οὓς
1577 883 1697 935 οὐδὲ
1740 884 1879 938 θάτττ
1894 903 1976 938 ειν

401 971 525 1032 τοὺς
548 967 690 1021 οὕτω
740 967 953 1031 ζῶντας
1010 967 1394 1039 συνεχώρησεν
1420 975 1448 1023 ὸ
1476 974 1692 1043 Σωτήρ·
1726 980 1771 1043 (ι
1806 977 1977 1044 ’Ἄφες

398 1061 529 1129 γὰρ,
572 1060 729 1129 φησὶ,
770 1061 898 1122 τοὺς
941 1061 1169 1129 νεκροὺς
1216 1062 1385 1131 θάψαι
1435 1065 1564 1125 τοὺς
1626 1068 1838 1122 ἑαυτῶν
1883 1088 1979 1124 νε..

396 1154 563 1222 κροὺς
592 1152 640 1219 ι)
672 1153 794 1205 ἐπεὶ
832 1154 954 1206 οὐδὲ
994 1157 1136 1208 κατά
1184 1155 1346 1209 τοῦτο
1395 1158 1555 1225 μόνον
1612 1161 1831 1232 ἀγάπης
1880 1167 1979 1237 τὴν

398 1247 631 1314 υἱότητα
693 1246 1004 1315 βεϐαιοῦσιν
1042 1248 1281 1316 ἑαυτοῖς,
1304 1250 1384 1303 ὅτι
1410 1253 1486 1314 ti);
1518 1255 1689 1324 πατρὶ
1732 1256 1810 1327 τῷ
1860 1257 1980 1325 Θεῷ

397 1336 755 1408 πρόσκεινται
786 1337 881 1389 καὶ
917 1337 1184 1405 φιλοῦσιν,
1213 1340 1333 1393 ἀλλ’
1369 1343 1451 1396 ὅτι
1503 1345 1599 1397 καὶ
1651 1347 1862 1402 ἐοίκασι
1889 1349 1980 1404 διὰ
2008 1329 2019 1332 θ

399 1429 495 1495 τὴν
530 1428 753 1498 ἀγάπην
784 1430 954 1499 αὐτῷ,
992 1431 1073 1484 ὅτι
1120 1450 1176 1485 τε
1199 1436 1248 1486 οἱ
1294 1434 1392 1504 μὲν
1420 1437 1758 1508 ἀγαπητικοί
1817 1442 1979 1505 εἰσιν,

396 1522 425 1570 ὁ
454 1520 511 1571 δὲ
540 1520 673 1582 Θεὸς
705 1520 896 1589 ἀγάπη
955 1524 1094 1589 ἐστὶ,
1145 1525 1240 1578 καὶ
1298 1524 1518 1598 ἀγάπης
1560 1529 1725 1583 ἕνεκα
1786 1532 1979 1596 ζῶσιν.

398 1615 459 1666 ΟΞ
495 1614 601 1683 γὰρ
631 1612 847 1684 ἀληθῶς
896 1614 1096 1681 ζῶντες
1148 1610 1295 1670 οὗτοί
1348 1621 1476 1683 εἰσι,
1511 1624 1644 1691 παρ’
1683 1616 1762 1686 οἷς
1794 1625 1852 1677 τὸ
1882 1644 1981 1679 κα-

396 1704 494 1757 λὸν
546 1704 707 1758 τοῦτο
750 1707 1011 1776 τρέφεται
1058 1708 1252 1772 πάθος,
1320 1714 1577 1782 καθάπερ
1609 1707 1685 1767 ὧν
1747 1715 1979 1770 ἄπεστιν

400 1795 599 1859 ἐκεῖνο,
637 1797 815 1851 πάντα
849 1799 1039 1869 νεκρά.
1073 1800 1171 1852 Διά
1192 1801 1351 1853 τοῦτο
1382 1806 1489 1870 γὰρ
1518 1779 1599 1858 ὅτι
1626 1807 1758 1871 uici,
1804 1808 1873 1861 δι’
1901 1801 1978 1861 ὧν
2013 1779 2057 1834 Β

404 1888 638 1955 ποιοῦσι,
667 1890 760 1943 τὸν
777 1891 988 1961 πατέρα
1010 1893 1236 1961 τιμῶσι,
1266 1897 1357 1947 καὶ
1389 1896 1593 1961 ζῶντες
1614 1900 1769 1953 αὐτοὶ
1798 1901 1976 1967 ζῶντα

402 1982 733 2052 κηρύττουσι
751 1982 843 2036 τὸν
870 1985 1022 2048 Θεὸν,
1086 1985 1218 2056 παρ’
1244 1981 1305 2042 οὗ
1327 1990 1704 2060 γεγέννηνται,
1733 1993 1828 2048 καὶ
1879 1994 1982 2063 τὴν

400 2072 770 2144 ἁνεκλάλητον
799 2073 1073 2147 γέννησιν,
1106 2078 1175 2148 ἢν
1206 2078 1419 2134 ἐκεῖθεν
1448 2082 1853 2154 ἐγεννήθησαν,
1906 2087 1974 2156 τῇ

398 2168 686 2236 καινότητι
736 2168 837 2234 τῆς
868 2167 1038 2237 ζωῆς,
1099 2164 1214 2244 ἕνῇ
1247 2175 1391 2225 κατὰ
1427 2173 1520 2227 τὸν
1564 2177 1777 2230 Παύλου
1825 2178 1982 2247 λόγον

402 2259 797 2330 περιπατοῦσι,
848 2262 1203 2332 πιστούμενοι
1235 2265 1330 2318 τὸν
1382 2267 1441 2319 ἐν
1463 2269 1714 2336 οὐρανοῖς
1761 2271 1983 2341 Πατέρα

399 2349 741 2415 δοξάζουσιν.
788 2349 978 2415 Οὕτως
1047 2353 1378 2425 ἀποῤῥήτως
1427 2358 1522 2410 καὶ
1583 2359 1984 2429 φιλανθρώπως

402 2442 725 2510 γεννῶνται,
750 2445 840 2496 καὶ
875 2443 951 2503 ὡς
980 2442 1146 2509 ἔοικε,
1175 2444 1261 2500 διὰ
1288 2447 1443 2501 τοῦτο
1482 2450 1614 2513 Θεὸς
1661 2452 1719 2505 ού
1753 2454 1983 2523 νεκρῶν,

403 2534 541 2589 ἀλλά
575 2532 792 2598 ζώντων
836 2535 984 2588 ἐστὶν
1027 2538 1055 2590 ὀ
1094 2536 1248 2602 Θεὸς,
1297 2539 1380 2592 ὅτι
1410 2542 1560 2611 »παρ’
1618 2544 1847 2608 ἐκείνοις
1887 2546 1985 2617 τὴν

402 2629 612 2682 οἰκείαν
646 2629 897 2698 εὑρίσκει
940 2629 1119 2694 δόξαν·
1152 2631 1277 2685 ὅθεν
1319 2635 1415 2687 καὶ
1471 2633 1604 2704 πρὸς
1654 2638 1782 2701 τοὺς
1815 2656 1986 2708 πονη-

409 2722 535 2793 ροὺς
558 2721 766 2787 ἔλεγεν,
807 2739 826 2772 ι
857 2722 916 2775 Et
946 2721 1081 2787 Θεὸς
1110 2726 1227 2793 είμι
1281 2725 1417 2794 ἐγὼ,
1452 2727 1555 2779 ποῦ
1603 2729 1753 2782 ἐστιν
1797 2730 1829 2800 ἡ
1859 2730 1987 2795 δόξα

414 2828 554 2882 μου;
583 2831 600 2865 ι
645 2810 818 2865 Τοῦτο
851 2812 1025 2884 δηλῶν
1053 2816 1081 2868 ὁ
1110 2815 1297 2880 Δαΰὶδ,
1338 2836 1357 2868 ι
1387 2817 1523 2888 Οὐχὶ
1554 2821 1601 2873 οἱ
1630 2820 1814 2891 νεκροὶ
1843 2820 1989 2874 αίνέ-

414 2909 561 2961 σουσί
584 2926 664 2971 σε,
700 2908 894 2978 Κύριε,
931 2909 1117 2979 φησιν,
1153 2910 1270 2964 ἀλλ’
1306 2913 1471 2981 ἡμεῖς
1497 2913 1547 2966 οιί
1607 2914 1829 2978 ζῶντες.
1869 2934 1889 2966 ι

480 3000 776 3072 Τοιαύτηή
812 3003 867 3054 ὲν
920 3000 1142 3072 Χριστῷ
1176 3002 1311 3074 ζωὴ,
1369 3005 1467 3056 καὶ
1500 3003 1644 3058 οὔτω
1683 3007 1987 3077 κρύπτεται

2080 532 2374 571 commune
2427 532 2551 570 cum
2606 530 2773 582 puero
2826 524 3043 568 mortuo
3079 524 3361 565 maternus
3408 527 3564 565 amor
3599 521 3655 563 οι

2080 609 2390 665 sollicitudo
2449 607 2593 664 clare
2650 606 3189 681 demenstraverunt,
3220 603 3298 656 sic
3348 613 3404 655 et
3459 603 3511 656 in
3552 603 3658 656 illis

2079 715 2204 768 erga
2265 699 2431 751 Deum
2489 698 2758 751 viventem
2813 696 3086 750 veneratio
3137 704 3191 747 et
3246 692 3485 747 eharitas
3537 693 3657 745 viva

2082 800 2208 845 suiit
2234 791 2653 851 demonstratio,
2684 791 2828 859 quoi
2864 805 2973 842 non
3006 806 3069 842 ex
3104 786 3335 840 mortuis
3363 786 3506 838 enati
3528 795 3659 839 sunt

2084 883 2353 951 patrihus,
2374 897 2513 950 quos
2542 896 2640 935 nec
2666 881 2897 949 sepelire
2931 880 3115 933 taliter
3141 879 3382 931 viventes
3410 876 3659 946 permisit

2084 974 2381 1028 Salvator:
2429 992 2447 1023 ι
2506 971 2658 1035 Sine,
2708 972 2904 1040 inquit,
2940 979 3190 1023 mortuos
3248 983 3380 1021 suos
3427 965 3660 1034 sepelire

2083 1075 2355 1120 mortuos.
2399 1084 2416 1114 ι
2453 1062 2572 1118 Non
2605 1065 2748 1119 enim
2796 1080 2860 1117 ex
2911 1062 3011 1115 hoc
3045 1061 3327 1115 chaiitatis
3370 1059 3489 1112 solo
3518 1057 3660 1110 lilio-

2083 1174 2203 1213 rum
2238 1157 2585 1226 adoptionem
2623 1156 2724 1211 sibi
2766 1155 3006 1219 ﬁrmant,
3034 1155 3176 1223 quod
3206 1152 3315 1206 Deo
3346 1152 3489 1204 velut
3519 1150 3659 1219 patri

2083 1252 2364 1306 adhaerent
2393 1250 2696 1304 reverentia
2728 1260 2781 1305 et
2817 1263 3023 1312 amore,
3046 1247 3138 1302 sed
3168 1245 3310 1316 quod
3349 1259 3444 1315 per
3477 1244 3661 1297 chari-

2085 1356 2250 1402 tatem
2284 1347 2482 1401 habent
2519 1362 2641 1400 cum
2680 1346 2767 1400 illo
2799 1344 3236 1406 similitudinem,
3264 1351 3531 1412 quatenus
3559 1337 3662 1407 ip-i

2084 1439 2375 1507 diligentes
2410 1448 2558 1500 sunt,
2588 1438 2728 1494 Deus
2755 1449 2937 1493 autem
2972 1444 3054 1490 est
3084 1435 3326 1498 dileCIio,
3360 1443 3407 1487 el
3444 1444 3665 1500 propter

2082 1529 2401 1583 charitatem
2447 1532 2656 1583 vivunt.
2710 1525 2844 1582 Nam
2903 1541 3023 1579 vere
3080 1527 3320 1578 viventes
3374 1522 3462 1576 isti
3508 1530 3663 1583 sunt,

2084 1619 2223 1688 apud
2257 1634 2397 1689 quos
2426 1618 2627 1673 nobilis
2663 1619 2767 1672 ista
2791 1615 2996 1686 passio
3030 1617 3292 1678 nutritur,
3318 1614 3460 1667 sicut
3488 1613 3592 1666 illis
3633 1630 3661 1663 ει

2085 1709 2285 1779 quibus
2336 1714 2509 1776 ahest,
2544 1709 2729 1763 omnia
2782 1718 2913 1764 sunt
2952 1717 3188 1763 mortua.
3239 1705 3315 1760 Ex
3366 1705 3467 1759 hoc
3516 1704 3662 1757 enini

2084 1806 2228 1872 quod
2265 1801 2383 1866 ﬁlii,
2422 1818 2516 1872 per
2541 1818 2602 1856 ea
2627 1818 2748 1873 quae
2776 1801 3002 1863 faciunt,
3032 1811 3238 1872 patrem
3274 1800 3579 1861 honorant,
3611 1804 3667 1849 et

2084 1897 2185 1966 ipsi
2218 1897 2464 1950 viventes
2498 1895 2770 1949 viventem
2809 1895 3110 1964 praedirant
3144 1896 3334 1956 Deum,
3368 1907 3395 1945 a
3431 1906 3541 1961 quo
3571 1903 3665 1957 ge-

2085 1988 2254 2042 nerati
2299 1998 2471 2053 sum;
2529 1997 2583 2041 et
2628 1986 2962 2041 ineffabilem
3010 1986 3441 2056 generationem,
3499 1999 3663 2052 quam

2082 2077 2278 2131 exinde
2318 2087 2729 2144 contraxerunt,
2780 2077 3020 2131 novitate
3070 2076 3194 2130 vitze
3250 2078 3300 2128 in
3357 2075 3662 2143 qua,jnxta

2083 2166 2239 2221 Pauli
2279 2168 2466 2233 verba,
2503 2169 2806 2233 ambulant,
2853 2167 2955 2222 ﬁde
3007 2168 3171 2237 pleni,
3215 2165 3433 2220 Patrem
3491 2167 3664 2235 quiin

2085 2262 2238 2316 cadis
2263 2271 2349 2315 est
2382 2261 2707 2330 gloriﬁcant.
2739 2261 2831 2316 Sic
2862 2262 3089 2331 mystice
3121 2261 3469 2329 humaneque
3500 2275 3667 2329 gene-

2086 2364 2300 2421 rantur,
2337 2364 2411 2419 et,
2457 2363 2511 2408 ut
2543 2369 2759 2424 :equum
2792 2364 2895 2417 est,
2942 2353 3084 2407 Deus
3137 2367 3242 2407 non
3297 2360 3381 2406 est
3419 2362 3668 2406 mortuo-

2088 2466 2232 2513 rum,
2258 2448 2352 2505 sed
2384 2448 2655 2513 vivorum,
2690 2446 2833 2517 quod
2872 2447 3148 2516 propriam
3192 2448 3244 2500 in
3292 2445 3428 2514 ipsis
3460 2446 3670 2501 invenit

2088 2542 2340 2611 gloriam.
2375 2541 2441 2595 Et
2467 2540 2590 2598 ideo
2639 2540 2705 2593 ad
2757 2540 2977 2609 iniquos
3013 2539 3190 2593 dixit:
3228 2557 3246 2590 ι
3286 2538 3339 2593 Si
3373 2538 3513 2590 Deus
3566 2552 3675 2606 ego

2090 2649 2231 2696 sum,
2268 2633 2462 2687 nhiest
2505 2632 2675 2702 gloria
2709 2633 2865 2685 mea?
2919 2649 2937 2682 ι
2979 2630 3092 2686 Hoc
3126 2633 3425 2686 ostendens
3475 2628 3669 2693 Datid,

2096 2745 2114 2778 ι
2155 2725 2274 2780 Νοιι
2303 2725 2497 2791 tnqrtui
2531 2725 2830 2779 laudabunt
2863 2731 2933 2786 te,
2957 2722 3205 2788 Domine,
3231 2721 3427 2791 inquit,
3449 2719 3542 2775 sed
3570 2736 3671 2776 nos

2089 2820 2183 2888 qui
2215 2818 2471 2873 vivimus.
2511 2836 2528 2868 ι

2165 3000 2314 3054 Talis
2345 3009 2426 3053 cst
2452 2998 2505 3052 in
2540 2997 2762 3053 Christo
2792 2998 2935 3063 vita;
2966 2996 3045 3052 sic
3087 2994 3465 3056 absconditur,
3496 3001 3550 3047 et
3584 2993 3664 3048 sic

406 3099 504 3149 καὶ
542 3096 686 3149 οὕτω
716 3098 967 3165 φαίνεται
1000 3096 1076 3163 τῷ
1102 3101 1240 3163 φωτὶ
1267 3097 1372 3149 τῶν
1399 3097 1581 3151 καλῶν
1619 3099 1817 3168 ἔργων,
1847 3101 1983 3169 ὅπερ

2096 3092 2473 3147 manifestatur
2519 3093 2725 3146 lumine
2772 3091 3043 3146 bonorum
3091 3105 3343 3159 operum,
3395 3088 3524 3158 quid
3592 3088 3665 3141 sit

406 3189 562 3240 ἐστὶν
617 3190 651 3256 ὴ
687 3188 901 3255 ἀγάπη.
953 3188 1043 3240 Ἐν
1075 3189 1247 3259 ταύτῃ
1281 3188 1393 3257 γὰρ
1433 3189 1814 3259 ἡλαμπρότης
1845 3191 1989 3244 ἀπά-

410 3297 515 3348 σης
538 3279 685 3331 ἐστὶν
720 3279 947 3347 ἀρετῆς,
977 3279 1074 3332 καὶ
1136 3282 1233 3348 τὴν
1265 3282 1323 3331 ὲν
1374 3281 1595 3351 Χριστῷ
1659 3281 1826 3356 ζωὴν,
1866 3284 1989 3336 ὅσον

405 3373 492 3434 εἰς
521 3371 620 3439 τὴν
654 3369 1001 3440 ἀνθρωπίνην
1034 3370 1190 3438 φέρει
1221 3372 1473 3441 σπουδὴν,
1518 3372 1700 3443 ἐκείνη
1733 3373 1989 3449 συνίστη-

405 3481 519 3516 σιί.
549 3461 714 3515 Ὅθεν
736 3462 835 3514 οὐκ
863 3462 927 3515 ἀν
958 3478 1041 3524 τις
1092 3462 1329 3531 ἁμάρτοι
1363 3463 1510 3532 ζωὴν
1561 3464 1732 3536 αὐτὴν
1761 3482 1989 3536 προσει-

403 3553 549 3608 πώνο
577 3554 672 3608 καὶ
703 3553 811 3623 γὰρ
841 3553 1034 3617 ἓνωσίς
1081 3556 1196 3607 ἐστι
1246 3557 1381 3623 πρὸς
1407 3558 1497 3610 τὸν
1527 3557 1680 3621 Θεὸν,
1743 3560 1903 3612 τοῦτο
1933 3560 1990 3614 δὲ

402 3650 546 3719 ζωὴ,
574 3648 831 3719 καθάπερ
854 3648 1088 3701 θάνατον
1129 3649 1289 3717 ἴσμεν
1317 3651 1408 3703 τὸν
1457 3651 1565 3705 ἀπὸ
1618 3652 1754 3705 Θεοῦ
1782 3634 1991 3725 χωρισ-

406 3743 533 3813 μὸν.
552 3742 651 3794 Διά
672 3739 827 3794 τοῦτο
850 3740 979 3812 γάρ.
1005 3759 1022 3790 ι
1045 3742 1112 3794 Ἦ
1134 3741 1322 3803 ἐντολὴ
1342 3743 1534 3809 αὐτοῦ,
1550 3747 1706 3815 φησὶ,
1729 3745 1841 3817 ζωὴ
1864 3745 1994 3800 aldi-

401 3835 520 3898 νιός
549 3837 685 3894 ἐστι,
700 3851 719 3884 ι
739 3833 835 3903 τὴν
853 3828 1074 3903 ἀγάπην
1094 3834 1562 3902 λέγων,κα“ιξαύτὸς
1584 3839 1611 3890 ὁ
1635 3838 1841 3908 Σωτὴρ.
1871 3858 1887 3891 ι
1912 3840 1994 3892 T3:

405 3928 658 3997 ῥήματα.
685 3923 721 3979 ἀ
759 3922 869 3993 ἐγὼ
907 3925 1052 3979 λαλῶ
1084 3926 1235 3994 ὑμῖν,
1293 3927 1512 3995 πνεῦμά
1564 3929 1680 3980 ἐστι
1734 3929 1826 3980 καὶ
1873 3930 1987 3999 ζωή

406 4021 581 4073 ἔστιν·
611 4037 629 4069 ι
664 4012 737 4072 ὧν
768 4018 827 4070 τὸ
856 4017 1148 4086 κεφάὶαιον
1176 4021 1208 4087 ἡ
1228 4020 1436 4087 ἀγάπη,
1470 4018 1584 4083 καὶ.
1630 4019 1689 4070 ’0
1719 4021 1896 4089 μένων
1936 4021 1992 4072 ἒν

408 4114 479 4182 τῇ
517 4110 704 4180 ἀγάπῃ
746 4111 801 4163 ὲν
848 4110 927 4177 τῷ
956 4110 1074 4180 Θεῷ
1109 4110 1263 4180 μένει
1296 4116 1392 4164 καὶ
1452 4113 1478 4164 ὁ
1505 4110 1636 4174 Θεὸς
1671 4113 1729 4165 ὲν
1761 4110 1932 4181 αὐτῷ,
1969 4131 1986 4163 ι

404 4194 453 4269 ᾧ
485 4201 680 4253 ταύτόν
731 4202 881 4254 ἔστιν
921 4200 979 4253 ὲν
1018 4205 1082 4270 τῇ
1121 4200 1235 4271 ζωῇ
1271 4201 1459 4271 μένειν
1496 4202 1590 4254 καὶ
1627 4202 1725 4271 τὴν
1754 4201 1900 4273 ζωὴν
1936 4204 1993 4255 ἐν

405 4288 584 4358 αὐτῷ·
607 4310 624 4340 ι
649 4289 789 4357 Ἐγὼ
811 4291 920 4359 γάρ
943 4292 1080 4358 εἰμι,
1114 4292 1300 4359 φησὶν,
1324 4292 1356 4363 ἡ
1387 4291 1556 4362 ζωή.»
1593 4292 1656 4347 Et
1682 4293 1738 4345 δὲ
1763 4296 1853 4345 καὶ
1877 4294 1989 4364 ζωή

405 4380 566 4432 ἐστιν
593 4378 864 4449 ήκινοῦσα
884 4379 952 4434 τὰ
974 4380 1151 4443 ζῶντα
1182 4379 1434 4449 δύναμις,
1462 4381 1512 4434 τί
1542 4382 1602 4433 τὸ
1642 4381 1826 4436 κινοῦν
1864 4383 1993 4446 τοὺς

2097 3186 2361 3241 charitas.
2400 3186 2458 3237 In
2486 3185 2586 3239 hac
2622 3184 2764 3239 enim
2803 3186 2985 3238 omnis
3014 3194 3098 3239 est
3140 3183 3354 3238 \irttttis
3388 3180 3666 3251 splendor,

2095 3286 2147 3333 et
2174 3280 2337 3331 vitam
2382 3278 2434 3330 in
2466 3277 2710 3341 Christo,
2749 3287 3015 3346 quantum
3056 3276 3120 3329 ad
3148 3277 3441 3330 humanam
3476 3274 3670 3327 attinet

2097 3369 2448 3431 activitatein,
2500 3368 2589 3421 illa
2626 3367 3105 3437 compmiit.Unde
3161 3383 3268 3420 non
3311 3376 3518 3420 erraret
3575 3365 3670 3434 qui

2097 3462 2268 3528 ipsam
2303 3462 2573 3514 vocaVerit
2596 3460 2760 3513 vitam
2791 3478 2803 3512 :
2840 3461 2957 3513 nuit
2988 3460 3132 3514 enim
3162 3458 3270 3513 Deo
3302 3477 3315 3510 :
3343 3460 3458 3512 haec
3484 3468 3669 3511 :ttttrm

2097 3553 2330 3608 societas
2358 3561 2441 3607 est
2474 3553 2603 3614 vita,
2636 3552 2799 3607 sicuti
2831 3558 3060 3605 mortem
3098 3566 3219 3605 esse
3256 3552 3465 3603 si-imus
3496 3564 3525 3602 a
3560 3549 3672 3603 Deo

2096 3645 2519 3715 separationem.
2554 3644 2699 3705 Ideo,
2746 3663 2761 3694 ι
2801 3644 3121 3697 Mandatum
3155 3643 3294 3711 ejus,
3333 3640 3528 3710 inquit,
3566 3641 3673 3695 vita

2095 3746 2295 3791 aeterna
2350 3746 2433 3790 est
2455 3778 2467 3799 ,
2500 3756 2518 3787 ι
2563 3738 2626 3791 de
2666 3735 2934 3790 charitate
2960 3734 3229 3805 loquens;
3260 3744 3312 3788 et
3346 3733 3462 3803 ipse
3485 3732 3677 3787 Salva-

2099 3836 2181 3880 tor
2214 3844 2229 3881 :
2268 3826 2620 3897 (“0113291350
2672 3827 2827 3881 vobis
2892 3828 3108 3897 loquor,
3163 3826 3390 3896 spiritus
3458 3835 3511 3879 et
3568 3826 3675 3880 vita

2097 3929 2242 3984 sunt,
2277 3940 2295 3971 ι
2335 3935 2563 3986 quorum
2594 3929 2755 3988 caput
2785 3930 2870 3975 est
2896 3921 3175 3985 eliaritas;
3207 3928 3283 3988 et,
3315 3940 3332 3971 ι
3359 3918 3461 3985 Qui
3495 3929 3678 3973 manet

2101 4012 2153 4066 in
2181 4012 2464 4073 charitate,
2510 4012 2563 4065 in
2623 4012 2731 4066 Deo
2765 4022 2968 4076 manet,
3001 4023 3053 4067 et
3100 4012 3239 4067 Dens
3267 4014 3317 4065 in
3349 4013 3478 4078 illo;
3515 4032 3532 4063 ι
3580 4010 3675 4063 uhi

2100 4107 2242 4159 idem
2305 4110 2387 4159 est
2441 4104 2494 4156 in
2547 4106 2659 4157 \ita
2694 4119 2917 4157 manere
2971 4112 3024 4157 et
3072 4105 3238 4157 vitam
3279 4105 3333 4157 in
3384 4103 3504 4171 ipso
3532 4118 3675 4157 esse.

2105 4216 2123 4249 ι
2162 4196 2274 4265 Ego
2304 4196 2472 4259 enim,
2524 4195 2721 4264 inquit,
2773 4210 2894 4247 sum
2960 4195 3090 4248 vita.
3133 4213 3151 4243 ι
3208 4194 3267 4250 Si
3297 4211 3425 4249 vero
3456 4210 3677 4266 quoque

2102 4288 2205 4341 vita
2244 4295 2325 4341 est
2352 4287 2592 4356 petentia
2630 4302 2750 4353 qua:
2779 4285 3013 4339 viventia
3044 4296 3243 4350 movet,
3268 4288 3393 4357 quid
3418 4296 3502 4342 est
3531 4288 3676 4356 quod

2102 4387 2285 4433 movet
2326 4393 2449 4433 vere
2497 4378 2744 4432 viventes
2795 4377 3068 4443 homines,
3122 4394 3357 4448 quorum
3419 4381 3559 4435 Deus
3595 4392 3680 4435 est

406 4471 489 4534 ώς
517 4470 731 4538 ἀληθῶς
752 4470 958 4536 ζῶντας
983 4471 1302 4542 ἀνθρώπους
1340 4466 1414 4527 ὧν
1439 4475 1571 4539 Θεὸς
1597 4477 1748 4529 ἐστιν
1780 4479 1806 4530 ὁ
1835 4476 1990 4542 Θεὸς,

2103 4470 2263 4537 Deus,
2297 4471 2388 4541 qui
2417 4486 2523 4524 non
2567 4479 2931 4535 mortuorum,
2971 4473 3058 4526 sed
3098 4473 3348 4528 vivorum
3384 4483 3469 4527 est
3500 4474 3683 4528 Deus?

407 4558 472 4622 ὃς
498 4559 564 4613 οὗ
579 4559 789 4629 νεκρῶν
806 4559 942 4613 ἀλλὰ
969 4560 1189 4624 ζώντων
1213 4563 1329 4614 ἐστὶ
1369 4561 1522 4628 Θεὸς,
1550 4565 1703 4618 οὐδὲν
1722 4565 1787 4619 ἂν
1813 4565 1993 4636 εὕροις

407 4651 569 4723 ἢτὴν
605 4651 827 4722 ἀγάπην
857 4652 1050 4723 αὐτὴν,
1088 4652 1122 4724 ἢ
1171 4653 1246 4724 μὴ
1285 4656 1446 4724 μόνον
1483 4658 1678 4720 αὐτοὺς
1712 4659 1836 4720 ἄγει
1897 4663 1993 4713 καὶ

413 4744 772 4813 φέρει,-ἀλλά
812 4747 907 4798 καὶ
958 4747 1169 4798 ἑαυτῶν
1224 4748 1411 4816 ἐξάγει
1447 4751 1667 4821 ῥᾳδίως,
1729 4752 1821 4804 καὶ
1851 4752 1997 4806 οὕτω

415 4837 572 4906 ζωῆς
626 4838 827 4908 μᾶλλον
876 4839 1097 4909 ἀπάσης
1162 4843 1242 4903 εἰς
1292 4842 1493 4905 αὐτοὺς
1542 4841 1765 4896 δύναται
1835 4843 1993 4915 δρᾷν,

415 4931 562 4985 ὥστε
585 4933 679 4985 καὶ
708 4933 853 5002 ζωῆς
881 4934 1342 5004 ἑπικρατέστερον
1377 4936 1497 5004 ἔχει
1526 4937 1538 4989 ί
1571 4936 1682 4989 Καὶ
1706 4934 1815 5004 γὰρ
1850 4934 1996 5004 ζωῆς

416 5024 601 5079 πείθει
640 5027 1025 5095 καταφρονεῖν,
1057 5026 1117 5078 οὐ
1153 5028 1251 5095 τῆς
1287 5028 1517 5097 ῥεούσης
1544 5028 1725 5097 μόνον,
1755 5027 1867 5081 ἀλλ’
1893 5028 1994 5098 ἤδη

414 5119 628 5187 καὶτῆς
657 5118 922 5188 enim;
961 5119 1014 5171 τί
1044 5113 1137 5171 οῦν
1164 5118 1503 5196 δικαιότερον
1549 5120 1616 5173 ἂν
1647 5122 1745 5191 τῆς
1774 5121 1996 5190 ἀγάπης

415 5211 637 5263 καλοῖτο
665 5210 810 5282 {cui};
838 5213 1002 5284 χωρὶς
1036 5213 1091 5266 δὲ
1115 5212 1319 5265 τούτων
1346 5210 1374 5264 ὃ
1404 5212 1620 5265 πάντων
1652 5212 1999 5282 περιῃρημέ-

416 5319 529 5354 νων
563 5302 722 5370 μόνον
755 5306 1111 5373 meamea;
1141 5306 1267 5367 τοὺς
1317 5302 1529 5366 ζῶντας
1555 5303 1850 5356 ἀποθανεῖν
1899 5302 1999 5355 οὐκ

420 5395 510 5464 ἑᾷ.
547 5394 703 5447 τοῦτό
734 5397 881 5449 ἐστιν
911 5398 944 5468 ἡ
977 5398 1114 5467 ζωὴ,
1170 5395 1416 5449 τοιοῦτον
1443 5394 1555 5465 δὲὴ
1591 5395 1806 5463 ἀγάπη.
1853 5395 2000 5448 Πάν-

419 5502 536 5538 των
564 5485 674 5557 γάρ
695 5487 805 5540 τῶν
836 5488 1013 5541 ἄλλων
1046 5490 1136 5542 ἐπὶ
1166 5486 1261 5541 τοῦ
1311 5486 1600 5557 μέλλοντος
1657 5485 1855 5548 αίῶνος
1906 5503 2004 5539 κα-

419 5578 840 5646 ταργουμένων.
984 5597 1115 5649 φησι
1155 5579 1393 5642 Παῦλος,
1438 5580 1470 5648 ἡ
1517 5578 1705 5647 ἀγάπη
1764 5578 2001 5647 μένουσα

426 5667 591 5737 μόνον
625 5668 759 5739 πρὸς
786 5670 876 5723 τὸν
899 5671 1011 5742 βίον
1035 5673 1246 5724 ἐκεῖνον
1272 5671 1434 5739 ἀρκεῖ
1462 5670 1520 5722 ὲν
1556 5667 1777 5738 Χριστῷ
1823 5669 1998 5739 Ἰησοῦ

2100 4562 2244 4618 Nihil
2281 4564 2525 4619 invenies
2548 4566 2650 4619 nisi
2676 4564 3006 4619 “charitatein
3045 4566 3216 4636 ipsam
3239 4608 3253 4631 ,
3293 4582 3413 4636 qum
3447 4582 3554 4620 non
3586 4582 3678 4619 so-

2101 4657 2210 4710 lum
2243 4672 2338 4711 eos
2360 4657 2513 4711 ducit
2540 4666 2595 4711 et
2632 4658 2762 4728 agit,
2798 4657 2891 4713 sed
2940 4660 3101 4713 etiam
3139 4676 3201 4713 ex
3248 4650 3380 4729 ipsis
3441 4660 3675 4713 faciliter

2099 4750 2287 4820 exigit,
2325 4758 2379 4805 et
2416 4751 2488 4804 ita
2524 4752 2698 4820 magis
2751 4767 2912 4821 quam
2949 4754 3128 4806 omnis
3156 4753 3262 4805 vita
3292 4761 3469 4821 potest
3500 4753 3552 4806 in
3588 4752 3673 4819 ip—

2102 4858 2192 4898 sos
2227 4858 2405 4913 agere,
2438 4846 2511 4898 ita
2557 4852 2614 4897 ut
2650 4845 2757 4899 vita
2790 4845 3065 4913 potentior
3105 4845 3208 4898 sit!
3261 4844 3470 4898 Etenim
3504 4848 3671 4897 vitam

2102 4945 2455 4990 contemnere
2499 4935 2713 5000 suadet,
2762 4951 2869 4989 non
2939 4942 3152 4989 tantum
3213 4935 3519 4990 eﬂluentem
3581 4939 3677 4991 sed

2102 5030 2265 5083 etiam
2292 5037 2546 5084 stantem.
2579 5029 2718 5095 Quid
2743 5043 2873 5099 ergo
2893 5026 3099 5095 justius
3126 5043 3288 5096 quam
3315 5029 3557 5084 cliaritas
3584 5047 3680 5084 vo-

2102 5133 2319 5178 caretur
2354 5124 2502 5178 vita?
2527 5121 2655 5177 Sine
2694 5121 2761 5175 iis
2790 5120 2934 5190 quod
2968 5123 3226 5178 etnniltus
3258 5124 3455 5181 alilatis
3490 5128 3669 5182 solum

2104 5223 2383 5285 superstes
2408 5214 2654 5269 viventes
2680 5212 2817 5266 mori
2854 5227 2959 5267 non
2993 5211 3146 5275 sinit,
3167 5214 3268 5269 hoc
3296 5226 3379 5271 est
3399 5218 3505 5273 vita
3534 5237 3547 5273 :
3572 5219 3675 5273 lni-

2098 5306 2341 5376 jusmoili
2368 5315 2550 5361 autem
2583 5314 2665 5359 est
2696 5303 2960 5357 charitas.
2989 5302 3258 5360 Omnibus
3288 5304 3432 5360 enim
3456 5307 3576 5363 aliis
3607 5309 3676 5363 ad

2102 5398 2270 5452 vitam
2307 5396 2544 5452 futuram
2597 5394 2998 5458 deﬁcientibus,
3055 5403 3114 5450 ut
3180 5396 3255 5451 ait
3304 5398 3527 5461 Paulus,
3558 5400 3675 5454 sola

2105 5492 2345 5546 charitas
2371 5505 2619 5553 manens,
2649 5489 2714 5557 ad
2762 5488 2900 5542 hanc
2932 5489 3095 5544 vitam
3144 5489 3345 5544 suﬂiiit
3373 5491 3424 5541 in
3454 5489 3675 5545 Christo

2105 5580 2234 5637 Jarsu
2269 5581 2503 5635 Domino
2549 5590 2762 5651 nostro,
2798 5596 2959 5654 quem
2994 5581 3148 5639 decet
3184 5580 3363 5637 omnis
3406 5580 3580 5652 gloria
3611 5579 3669 5635 in

2109 5675 2328 5732 mecula.
2360 5673 2554 5730 Amen.

425 5760 1353 5839 τῷκυρῖῳἡμῶν,ᾧπρέπειπᾶτα
1388 5764 1764 5829 δύξααίώνιος.
1801 5763 1994 5835 Ἀμην.
2087 5790 2107 5807 .
