4196 6308
380 368 490 436 720

1415 380 1699 444 ORATIO
1727 387 2035 449 CONTRA
2075 392 2651 457 FENERATORES.

3529 370 3631 456 τεὴ

378 489 628 583 δώσομεν
654 488 748 583 καὶ
777 491 1209 561 μεγαλοψύχους,
1241 488 1316 547 ὧν
1346 497 1605 564 φειδωλία
1635 502 1729 553 καὶ
1757 502 1946 573 φιλαρα

2060 525 2152 563 nes
2180 511 2432 565 liberales
2468 522 2518 566 et
2556 514 2661 567 alta
2703 488 2884 568 metite
2922 512 3178 582 prmditus
3221 512 3390 567 fuisse
3422 525 3629 583 eertum

382 578 553 648 γυρία
609 580 706 633 καὶ
754 582 1077 651 μικρολογία
1139 585 1231 637 καὶ
1276 585 1600 659 γλισχρότῆς
1646 593 1964 663 ἐγκλήματα

386 671 503 746 [ῑσ.
531 670 819 739 φειδωλίας
847 689 902 725 κ.
934 689 986 726 τ.
1004 677 1065 728 λ.
1097 676 1191 728 καὶ
1207 676 1595 749 γλισχρότητος
1620 683 1786 754 ἐγκλή
1796 683 1962 756 ματα]

389 766 692 834 πανταχοῦ.
727 764 917 818 Καίτοι
958 766 1207 836 μοιχείας
1245 770 1345 840 μὲν
1394 773 1489 824 καὶ
1524 775 1690 841 φόνου
1725 780 1819 829 καὶ⁵
1866 777 1961 829 τοῦ

390 858 765 928 τοιχωρυχεῖν,
799 859 897 910 καὶ
955 860 1004 912 εί
1050 860 1126 932 μὴ
1159 860 1316 925 δίκας
1350 864 1379 916 ό
1418 863 1580 934 νόμος
1615 867 1801 932 ἐτίθει,
1856 870 1962 922 κᾶν

392 950 603 1020 ἀπῆγον
626 950 675 1001 oi
704 949 960 1013 κίνδυνοι,
995 951 1116 1020 μεθ’
1139 949 1214 1008 ὧν
1245 954 1459 1024 ἀνάγκη
1485 958 1555 1008 τὰ
1583 960 1811 1012 τοιαῦτα
1840 960 1962 1012 τολ-

395 1039 600 1107 μᾶσθαι
621 1055 636 1070 ο
664 1038 827 1092 τόκου
848 1038 906 1091 δὲ
926 1040 1099 1104 οὐδεὶς
1121 1043 1337 1112 ἡγεῖται
1355 1047 1537 1111 πόνος,
1555 1049 1676 1101 οὐδὲ
1699 1050 1961 1105 κινδύνων

388 1127 549 1197 γέμει
579 1129 642 1181 τὸ
674 1131 932 1200 πρᾶγμα,
956 1130 1091 1184 ἀλλά
1118 1132 1200 1186 δεῖ
1228 1135 1373 1188 τοῦτ’
1399 1135 1531 1189 αὐτὸ
1559 1139 1720 1207 μόνον
1747 1141 1963 1208 κερδαί-

386 1236 502 1271 νειν
532 1222 1141 1289 πραγματευσαμένους
1163 1226 1340 1283 οὐδέν.
1372 1226 1438 1280 Τί
1470 1228 1654 1281 τοίνυν
1686 1229 1745 1281 τὸ
1774 1231 1962 1283 πεῖθον

385 1310 588 1380 ἄνδρας
653 1312 1063 1382 ἀνελευθέρους,
1128 1316 1354 1385 κέρδους
1411 1318 1557 1372 οὕτω
1613 1322 1960 1391 πραγμάτων

386 1402 818 1472 ἀπηλλαγμένου
850 1409 1237 1475 καταφρονεῖν,
1264 1410 1313 1461 εἰ
1339 1408 1414 1478 μὴ
1441 1409 1649 1477 σφόδρα
1668 1428 1751 1472 τις
1782 1411 1963 1465 ἔκειτο

385 1491 647 1557 κ’όλασις;
678 1491 800 1545 Ὅτι
829 1492 886 1545 δὲ
918 1491 1091 1566 οὕτως
1122 1494 1346 1565 ᾐδοῦντο
1372 1496 1463 1550 τὸν
1491 1497 1656 1568 νόμον
1701 1497 1961 1569 Ἑϐραῖοι,

387 1581 549 1651 δῆλον
589 1582 650 1646 ἐξ
690 1576 763 1635 ὧν
795 1585 890 1637 καὶ
930 1582 1025 1637 νῦν
1063 1584 1143 1638 ἔτι
1173 1586 1273 1655 τὴν
1306 1587 1531 1657 γνώμην
1566 1587 1824 1652 σώζουσι,
1869 1588 1963 1642 καὶ

389 1677 542 1744 κοινῇ
574 1673 779 1745 τιμῶσι
810 1675 902 1728 τὸν
932 1675 1119 1746 νόμον,
1160 1678 1337 1731 καίτοι
1371 1678 1582 1731 πολλῶν
1626 1679 1790 1733 ἓνεκα
1828 1679 1961 1732 πολὺ

389 1767 500 1819 τῶν
530 1764 776 1820 παλαιῶν
802 1766 1151 1839 φαυλοτέρως
1178 1770 1309 1837 περὶ
1332 1769 1429 1839 τὴν
1457 1769 1756 1839 θρησκείαν
1786 1771 1963 1823 διατε-

392 1859 598 1923 θέντες.

463 1955 593 2008 Ὅτε
622 1951 804 2008 τοίνυν
836 1949 1113 2024 Ἑϐραίοις
1159 1950 1220 2005 τὸ
1269 1952 1468 2022 χρῆσαι
1524 1951 1698 2006 τόκων
1735 1950 1962 2016 εὐθύνας

390 2043 554 2116 εἶχεν,
608 2041 690 2109 οἷς
720 2045 898 2100 πολλά
926 2042 927 2045 “
954 2044 1063 2098 τῶν
1119 2044 1510 2113 ἀπειρημένων
1561 2045 1920 2115 συνεχωρεῖτο
1944 2059 1959 2073 ⁸

387 2141 710 2210 Χριστιανοὶ
740 2140 863 2194 τίνα
889 2134 984 2193 τοῦ
1016 2136 1244 2209 κέρδους
1278 2136 1472 2190 τούτου
1511 2134 1746 2191 δώσουσι
1783 2136 1961 2205 δίκην,

387 2229 466 2296 οἷς
493 2232 675 2285 καὶτὸ
705 2234 883 2301 μεῖναι
914 2231 1076 2302 μέχρι
1110 2227 1222 2282 τῶν
1262 2227 1534 2293 παλαιῶν,
1567 2227 1839 2298 ἔγκλημα,
1868 2227 1963 2281 καὶ

388 2325 451 2376 τὺ
486 2323 563 2393 μὴ
608 2322 900 2394 παρελθεῖν
934 2322 994 2375 τὸ
1027 2323 1263 2391 πρᾶγμα
1297 2319 1638 2390 δικαιοσύνῃ,
1683 2317 1963 2389 βασιλείας

390 2417 543 2469 ἐστὶν
574 2416 823 2468 ἐκπεσεῖν
844 2430 858 2444 ·
892 2414 985 2467 καὶ
1015 2414 1124 2485 γάρ
1150 2411 1377 2483 πορνεία
1407 2411 1508 2482 μὲν
1554 2394 1784 2473 ἐκείνοις
1813 2409 1964 2462 οὐδὲν

392 2507 570 2560 ἐδόκει
597 2506 788 2571 δεινὸν,
812 2508 906 2559 καὶ
930 2505 1168 2577 καθαρὸν
1184 2500 1253 2576 ἦν
1271 2503 1508 2573 εὐθύνης
1533 2501 1786 2555 τοσοῦτον
1810 2501 1963 2567 ἄγος·

401 2618 420 2650 ι
454 2598 593 2668 Παρ’
623 2599 755 2666 ἡμῖν
802 2598 937 2667 μηδὲ
970 2594 1346 2666 ὀνομαζέσθω,
1388 2613 1408 2647 ι
1447 2593 1645 2664 φησίν·
1689 2592 1828 2647 ἀλλὰ
1871 2593 1964 2647 καὶ

392 2690 691 2761 ὀφθαλμῶν
718 2691 1034 2745 ἀκολάστων
1062 2690 1204 2742 εἰσιν
1238 2687 1488 2741 εύθῦναι.
1539 2687 1649 2739 Καὶ
1708 2687 1820 2747 τοῖς
1868 2684 1966 2754 μὲν

395 2781 622 2852 ὀμνύναι
652 2781 746 2836 καὶ
778 2780 940 2852 νόμος
971 2776 1041 2850 ἦν
1094 2794 1109 2808 ⁸
1143 2778 1240 2835 νῦν
1272 2778 1328 2830 δὲ
1360 2775 1672 2848 ὑποκριτῶν
1702 2776 1799 2828 καὶ
1824 2773 1965 2842 φαύ-

398 2847 504 2928 λων
533 2875 626 2928 καὶ
642 2847 903 2928 τοιούτουΧ
920 2847 1222 2943 κόμματος.
1247 2871 1356 2924 Καὶ
1372 2871 1486 2931 τοῖς
1512 2847 1611 2935 μὲν
1633 2864 1761 2935 ἐξῆν
1791 2866 1967 2934 μισεῖν

400 2967 490 3018 τὸν
525 2965 740 3036 ἐχθρὸν,
770 2963 864 3017 νῦν
897 2963 953 3015 δὲ
992 2963 1139 3016 τοῦτ’
1175 2962 1308 3015 αὐτὸ
1345 2961 1656 3024 κολάζεται,
1696 2960 1794 3010 καὶ
1822 2955 1966 3010 οὓτω

392 3058 531 3127 πέρι
560 3072 915 3126 συγγνωμης,
944 3054 1086 3110 ὥστε
1114 3053 1474 3124 ὲνισχημένου
1506 3050 1582 3121 τῷ
1613 3048 1790 3120 κακῷ,
1832 3048 1965 3119 μηδὲ

390 3155 521 3224 περὶ
558 3155 665 3207 τῶν
712 3153 887 3216 ἄλλως
914 3151 1323 3223 ἡμαρτημένων
1356 3148 1739 3219 παραιτεῖσθαι
1761 3147 1965 3216 τολμᾷν

389 3249 466 3310 ὡς
504 3248 606 3300 οὐκ
653 3246 770 3300 ὲνὺν
801 3246 904 3316 τῆς
936 3245 1272 3314 συγγνώμης
1322 3244 1637 3313 τυγχάνειν,
1697 3241 1773 3310 μὴ
1827 3240 1960 3307 πρὸς

392 3342 518 3404 τοὺς
547 3340 916 3410 λελυπηκότας
945 3337 1397 3409 διηλλαγμένους,
1420 3336 1526 3389 κᾶν
1556 3334 1818 3404 μυριάκις
1835 3335 1964 3403 περὶ

391 3435 577 3490 αὐτῶν
607 3433 989 3505 μεταγνῶμεν,
1025 3431 1128 3485 κᾶν
1162 3431 1445 3500 ποταμοὺς
1480 3429 1733 3497 δακρύων
1763 3428 1964 3498 ἐκχέω-

394 3543 517 3597 μεν.
565 3526 678 3580 Καὶ
720 3524 865 3579 οὕτω
918 3525 979 3576 τὸ
1034 3523 1197 3593 μόνον
1237 3523 1344 3577 τῶν
1374 3520 1732 3591 ἀνθρωπίνων
1778 3520 1964 3573 κακῶν

391 3619 704 3689 φάρμακον,
754 3615 985 3686 ἐδυνήθη
1032 3615 1170 3683 πρὸς
1215 3612 1313 3684 τὴν
1342 3614 1495 3669 νόσον
1537 3613 1739 3682 ταύτην
1789 3613 1961 3675 οὐδὲν,

389 3711 531 3766 ἀλλά
561 3711 811 3781 κρεῖττον
848 3708 947 3779 μέν
970 3708 1086 3760 ἐστι
1111 3706 1213 3776 τῆς
1241 3706 1622 3776 πολυυμνήτου
1651 3707 1962 3776 μετανοίας,

390 3805 632 3860 καὶτῶν
683 3798 807 3856 κατ’
845 3801 1015 3872 αὐτὴν
1067 3798 1332 3871 ἱδρώτωνο
1365 3802 1614 3870 κρεῖττον
1659 3798 1716 3851 δέ
1766 3798 1966 3852 θυσιῶν

392 3897 768 3969 ίλαστηρίων·
822 3895 1127 3950 ἀπόνασθαι
1174 3893 1231 3947 δὲ
1285 3893 1395 3945 τῶν
1428 3893 1870 3963 κατορθωμάτων
1902 3894 1964 3947 ού

392 3990 691 4062 συγχωρεῖ,
725 3986 828 4042 κᾶν
872 3987 1131 4057 ὑπερφυᾶ
1159 4002 1282 4039 τινα
1311 3984 1548 4054 τύχωσιν
1568 3984 1720 4048 ὄντα,
1775 3985 1967 4055 πόρρω

394 4085 495 4138 καὶ
520 4085 620 4152 τῆς
673 4081 911 4151 ἐσχάτης
943 4079 1052 4132 τῶν
1102 4077 1510 4145 ἐπαινουμένων
1544 4075 1759 4147 μερίδος
1780 4090 1793 4104 °
1846 4075 1963 4127 ἀλλ’

393 4175 589 4244 ὥσπερ
621 4172 755 4242 φλὸξ
785 4172 817 4243 ἢ
848 4171 1015 4241 ἀχλὺς
1045 4169 1383 4236 ὲπιχεθεῖσα,
1418 4167 1596 4219 πάντα
1634 4166 1962 4235 διέφθειρεν,

392 4262 542 4317 οὕτω
585 4262 646 4314 τὸ
679 4264 1063 4332 μνησικακεῖν,
1104 4258 1337 4329 ἔσχατον
1372 4258 1562 4311 κακόν.
1605 4257 1877 4326 Ἑϐραίοις
1910 4256 1967 4309 δὲ

391 4356 543 4427 ἐξῆν,
573 4354 717 4408 τὸδὲ
744 4355 901 4408 τόκον
950 4351 1219 4416 δανείζειν
1285 4351 1572 4421 ἠλαύνετο.
1631 4350 1740 4404 Ποῦ
1790 4350 1968 4403 τοίνυν

392 4450 595 4513 κακίας
636 4448 725 4501 τὸν
762 4447 922 4501 τόκον
954 4447 1228 4516 ⁹τάξομεν,
1280 4446 1409 4499 ὅταν
1457 4445 1661 4498 ἀτόπου
1701 4443 1967 4513 πονηρίας

2066 609 2169 663 est,
2205 599 2345 652 inter
2389 617 2527 667 quos
2575 604 2863 667 tenacitas,
2898 603 3123 657 avaritia
3153 642 3167 666 ,
3210 603 3397 656 sordes
3426 603 3630 672 passim

2064 691 2338 760 vigebant.
2363 693 2530 747 Porro
2556 694 2624 748 ab
2653 695 2938 757 adulterio,
2971 710 3001 749 a
3038 698 3203 757 caede,
3235 709 3264 747 a
3295 693 3634 762 perfossione

2065 781 2352 846 parietum,
2388 786 2607 837 tametsi
2646 784 2726 836 lex
2768 799 2981 853 poenam
3018 799 3123 837 non
3166 785 3422 849 sanciret,
3451 791 3633 837 tamen

2064 873 2331 941 pericula,
2366 889 2490 927 cum
2527 875 2729 943 quibus
2760 876 3027 944 ejusmodi
3057 875 3299 930 facinora
3314 874 3635 933 necessario

2064 973 2466 1030 perpetrantur,
2499 965 2625 1021 inde
2653 976 2986 1033 avocarent;
3021 965 3258 1020 fenerari
3306 976 3484 1020 autem
3511 966 3634 1019 nul-

2066 1053 2152 1106 lus
2186 1062 2410 1121 putatur
2443 1056 2614 1120 labor,
2647 1074 2747 1111 nec
2777 1066 2861 1113 est
2910 1059 3274 1126 periculosum
3317 1058 3590 1125 negotium
3615 1096 3632 1120 ,

2064 1147 2159 1201 sed
2195 1146 2249 1200 id
2285 1148 2460 1203 solum
2509 1165 2706 1219 augere
2755 1162 3023 1219 qumstum
3076 1151 3215 1205 nihil
3262 1151 3637 1207 laborantibus

2063 1250 2300 1311 oportet.
2335 1242 2473 1309 Quid
2523 1243 2690 1312 igitur
2723 1244 2974 1298 homines
3000 1244 3227 1298 minime
3268 1245 3536 1314 ingenuos
3567 1242 3634 1296 ad

2064 1333 2278 1387 lucrum
2320 1335 2457 1389 adeo
2489 1335 2750 1390 molestiis
2785 1350 3016 1390 vacuum
3055 1338 3510 1391 contemnendum
3548 1337 3635 1390 in-

2065 1423 2310 1483 duceret,
2349 1426 2393 1476 si
2429 1432 2536 1477 tam
2572 1440 2736 1494 grave
2781 1426 3113 1495 supplicium
3156 1428 3492 1496 propositum
3530 1442 3635 1481 non

2062 1515 2249 1568 esset?
2274 1511 2532 1568 Hebrmos
2567 1526 2749 1569 autem
2783 1516 2922 1570 hanc
2956 1517 3125 1587 legem
3159 1518 3240 1571 sic
3269 1518 3548 1581 reveritus,
3571 1532 3635 1572 ex

2064 1618 2129 1658 eo
2159 1611 2323 1672 patet,
2346 1604 2488 1671 quod
2522 1604 2684 1656 etiam
2721 1604 2885 1657 hodie
2913 1606 3101 1659 eadem
3133 1615 3262 1659 sunt
3298 1605 3553 1673 opinione
3574 1620 3639 1659 ac

2065 1694 2360 1755 sententia,
2394 1703 2448 1747 et
2495 1706 2616 1747 eam
2650 1693 2859 1748 honore
2887 1703 3312 1763 prosaquuntur,
3343 1695 3552 1747 tametsi
3584 1694 3638 1746 in

2067 1784 2253 1837 multis
2282 1785 2442 1853 longe
2480 1799 2642 1854 quam
2684 1784 2922 1852 majores
2957 1784 3201 1854 ipsorum
3230 1783 3477 1854 ignavius
3512 1785 3639 1840 reli—

2065 1877 2245 1943 gionis
2273 1875 2519 1931 instituta
2556 1876 2764 1930 colunt.

2134 1965 2402 2032 Quoniam
2448 1967 2611 2037 igitur
2640 1966 2812 2020 fenori
2845 1967 2976 2020 dare
3003 1964 3246 2021 Hebraeis
3271 1964 3486 2035 crimini
3514 1965 3637 2027 fuit,

2064 2060 2264 2130 quibus
2290 2061 2457 2115 multa
2484 2061 2644 2115 nobis
2666 2061 2827 2115 vetita
2861 2059 3302 2127 indulgebautur,
3327 2073 3446 2127 quae
3467 2072 3641 2127 poema

2065 2153 2135 2208 ob
2175 2152 2480 2207 istiusmodi
2520 2153 2732 2207 lucrum
2780 2152 3122 2205 Christianos
3154 2150 3482 2207 manebunt.
3514 2149 3641 2217 qui-

2065 2243 2167 2299 bus
2191 2253 2246 2298 et
2285 2243 2585 2298 consistere
2617 2244 2669 2296 in
2702 2241 2930 2296 vetustis
2959 2242 3115 2308 culpa
3150 2249 3267 2303 est;
3300 2247 3357 2295 et
3381 2240 3637 2306 scriptam

2064 2337 2236 2407 legem
2268 2336 2478 2405 jusdtia
2520 2349 2626 2388 non
2662 2348 3007 2402 exsuperare,
3042 2340 3127 2386 est
3167 2345 3337 2399 regno
3375 2331 3638 2385 caelorum

2064 2429 2351 2485 excidere?
2371 2427 2580 2482 Etenim
2613 2425 2903 2481 fornicatio
2934 2409 3044 2480 illis
3076 2440 3181 2478 non
3218 2423 3501 2477 videbatur
3529 2433 3638 2475 tam

2065 2521 2325 2585 absurda,
2353 2529 2409 2575 et
2436 2520 2741 2575 istiusmodi
2774 2517 3034 2588 ﬂagitium
3069 2516 3319 2571 dedecori
3354 2530 3461 2570 non
3490 2524 3630 2567 erat.

2068 2614 2226 2683 Apud
2260 2630 2359 2669 nos
2388 2623 2570 2668 autem
2627 2630 2647 2662 ι
2689 2626 2787 2665 nec
2814 2611 3146 2674 nominetur,
3179 2629 3199 2661 ι
3227 2609 3405 2679 inquit
3433 2608 3473 2660 ³.
3496 2607 3640 2673 Quin

2068 2709 2229 2762 etiam
2282 2717 2535 2776 aspectus
2584 2705 2821 2761 lascivus
2860 2720 2985 2759 cum
3042 2711 3264 2773 peccato
3317 2701 3642 2768 coniunctus

2067 2813 2173 2855 εει.
2207 2801 2384 2869 Atque
2430 2798 2507 2859 illi
2544 2798 2765 2868 quidem
2794 2799 2984 2866 jurare
3028 2795 3191 2848 etiam
3228 2794 3344 2864 lege
3374 2791 3657 2867 jubebang

2074 2901 2184 2966 tur,
2219 2891 2365 2961 quod
2402 2906 2547 2944 nunc
2600 2889 3030 2959 bypocritarum,
3059 2895 3113 2940 et
3149 2885 3561 2953 improborum,
3587 2886 3664 2936 et~

2070 2984 2383 3051 huiusmodi
2415 2981 2601 3035 farinae
2634 2981 2912 3035 hominum
2946 2968 3048 3034 est.
3081 2976 3143 3031 Et
3166 2977 3270 3030 illis
3296 2975 3510 3045 quidem
3542 2975 3645 3027 ini-

2068 3077 2271 3132 micum
2322 3075 2506 3131 edisse
2568 3073 2985 3146 permittebatur
3028 3092 3043 3127 :
3088 3086 3233 3126 nunc
3272 3070 3451 3139 ipsum
3500 3068 3643 3122 istuc

1992 3178 2035 3236 ο
2071 3169 2312 3238 punitur,
2340 3167 2584 3236 adeoque
2622 3182 2728 3221 non
2767 3166 3086 3233 ignoscitur,
3117 3175 3175 3217 ut
3201 3164 3302 3216 hac
3336 3176 3478 3215 noxa
3509 3161 3644 3213 irre—

2067 3259 2220 3323 titus,
2256 3274 2356 3313 nec
2400 3258 2629 3311 aliorum
2672 3267 3011 3327 peccatorum
3053 3254 3260 3308 veniam
3305 3266 3497 3321 rogare
3541 3264 3640 3302 au-

2066 3352 2230 3416 deat;
2263 3353 2405 3420 quod
2440 3348 2652 3403 veniam
2690 3346 2839 3400 nullo
2876 3346 3037 3397 modo
3085 3350 3511 3411 coiiseqnautur,
3544 3337 3641 3407 qui

2066 3460 2097 3498 a
2131 3444 2333 3514 quibus
2370 3442 2479 3495 laesi
2512 3450 2664 3500 sunt,
2701 3454 2822 3493 cmn
2856 3436 2923 3491 iis
2956 3435 3008 3488 in
3042 3433 3268 3502 gratiam
3303 3448 3407 3484 mm
3465 3430 3642 3483 redie-

2067 3537 2199 3595 rint,
2231 3533 2334 3589 etsi
2369 3533 2564 3586 millies
2601 3532 2814 3585 illorum
2847 3527 3125 3598 pteniteat,
3152 3524 3250 3578 etsi
3306 3521 3528 3576 ﬂumina
3569 3520 3640 3574 la-

2071 3643 2378 3700 crymarum
2414 3624 2765 3696 profundant.
2792 3624 2970 3690 Atque
3002 3621 3073 3674 ita
3103 3618 3246 3688 quod
3275 3616 3495 3671 unicum
3522 3630 3639 3666 ma-

2072 3722 2247 3775 lorum
2303 3720 2663 3772 humanorum
2733 3714 3030 3769 remedium
3081 3718 3220 3774 erat,
3272 3709 3339 3762 ad
3393 3706 3643 3760 morbum

2070 3813 2217 3867 hunc
2261 3810 2637 3880 depellendum
2679 3808 2814 3861 nihil
2861 3806 3038 3870 valet;
3093 3804 3186 3858 sed
3260 3796 3642 3855 laudatissima

2070 3905 2467 3974 pmnitentia,et
2495 3900 2786 3956 sudoribus
2811 3901 2953 3967 ejus,
2983 3906 3039 3951 et
3066 3894 3350 3950 sacriﬁciis
3379 3889 3640 3960 propitia»

2071 3994 2226 4048 toriis
2253 4001 2336 4047 est
2362 3991 2655 4060 potentius.
2682 3987 2936 4043 Fructum
2970 4001 3185 4054 quoque
3226 3986 3492 4037 bonorum
3522 3996 3646 4047 ope-

2072 4101 2190 4137 rum
2220 4097 2413 4151 capere
2444 4098 2549 4134 non
2586 4083 2739 4142 sinit,
2791 4078 3144 4149 quantumvis
3191 4076 3390 4129 eximia
3419 4084 3471 4126 et
3498 4089 3647 4126 sum-

2070 4177 2176 4229 mis
2212 4176 2373 4244 digna
2423 4173 2677 4226 laudibus
2729 4172 2932 4224 fuerint
2981 4185 2995 4224 :
3044 4168 3134 4223 sed
3185 4164 3641 4235 quemadmodum

2070 4267 2266 4320 nebula
2299 4261 2586 4333 superfusa
2618 4261 2803 4315 omnia
2834 4256 3137 4325 corrumpit
3175 4294 3189 4316 ,
3218 4255 3298 4308 sic
3335 4250 3644 4319 malignitas

2069 4359 2234 4413 animi
2276 4369 2491 4425 propter
2514 4362 2749 4408 veterem
2783 4350 3039 4420 iniuriam
3064 4347 3264 4402 malum
3303 4342 3641 4398 teterrimum

2070 4449 2254 4502 omnia
2298 4449 2470 4501 vitiat.
2513 4445 2753 4500 Hebraeis
2810 4452 2990 4496 tatnen
3032 4431 3646 4494 licebat.'Commodare

396 4547 581 4615 χεῖρον
609 4541 830 4611 ὁρῶμεν
859 4541 1063 4604 κακόν;
1098 4540 1171 4591 Τὸ
1211 4541 1344 4609 γὰρ,
1376 4540 1474 4608 τὴν
1510 4539 1608 4607 μὲν
1649 4536 1964 4607 ἐπιτρέψαι,

2073 4553 2256 4596 autem
2294 4539 2452 4595 fenus
2515 4539 2831 4603 neutiquam
2899 4533 3115 4589 licebat.
3145 4532 3264 4599 Quo
3315 4530 3479 4600 igitur
3526 4527 3648 4581 loco

391 4637 456 4691 τὸ
478 4637 558 4696 δὲ,
593 4635 854 4700 κωλῦσαι,
881 4633 934 4686 τί
961 4632 1028 4686 ἂν
1052 4632 1138 4703 εἴη
1166 4630 1471 4693 δεικνύντος
1501 4630 1724 4701 ’ἐτερονς

392 4732 632 4789 nefando
659 4728 861 4785 scelere
894 4729 1030 4785 nihil
1073 4730 1321 4784 videmus
1365 4729 1701 4798 improbius?
1724 4729 1860 4784 Nam
1899 4730 1989 4785 illa
2028 4730 2367 4803 permisisse,
2392 4728 2497 4785 hoc
2542 4728 2803 4792 vetuisse,

333 4831 338 4835 ’
395 4826 510 4883 dixi
546 4821 825 4878 ostendit?

468 4916 602 4975 Εἶτα
620 4919 886 4990 τολμήσει
909 4932 993 4978 τις
1016 4916 1249 4986 εὐθύνης
1278 4915 1361 4969 ἔτι
1385 4915 1627 4987 καθαρὸν
1647 4915 1855 4985 τιθέναι
1884 4920 1975 4971 τὸν

396 5017 579 5078 τόκον,
605 5007 666 5067 οὗ
704 5011 1089 5084 μισανθρωπία
1110 5013 1206 5065 καὶ
1230 5011 1499 5066 ἀκολασία
1522 5002 1712 5065 καὶτὰ
1736 5013 1972 5082 μέγιστα

396 5109 509 5163 τῶν
548 5107 733 5161 κακῶν
777 5105 1110 5174 ἀνεκτότερα
1136 5104 1287 5157 δοκεῖ
1333 5104 1486 5172 παρά
1517 5103 1636 5172 θεῷ
1670 5105 1969 5175 νομοθέτης

398 5202 499 5255 καὶ
549 5197 710 5251 τοῦτό
752 5199 868 5250 ἐστι
903 5196 1216 5266 μαίνεσθαι,
1251 5196 1283 5265 ἢ
1314 5196 1415 5265 τὴν
1443 5194 1539 5267 τού
1568 5196 1757 5250 καινοῦ
1800 5197 1966 5265 νόμου

402 5292 658 5346 παιδείαν
711 5289 882 5358 χείρω
939 5287 1182 5357 νομίζειν
1239 5287 1332 5340 τοῦ
1399 5286 1666 5341 παλαιοῦ·
1726 5290 1818 5340 καὶ
1879 5288 1970 5339 τὸν

399 5383 642 5453 Χριστὸν
661 5382 742 5443 είς
767 5381 859 5432 τὸν
887 5378 1092 5448 κόσμον
1123 5379 1320 5439 ἐλθεῖν.
1354 5374 1454 5431 οὐκ
1484 5380 1571 5447 ἐφ’
1612 5371 1656 5446 ᾧ
1684 5378 1972 5447 πληρῶσαι

400 5478 496 5531 τὸν
523 5474 687 5544 νόμον
706 5509 723 5535 ,
752 5469 980 5524 ἀλλ’ἵνα
1023 5472 1259 5542 κενώσῃ.
1303 5471 1363 5524 El
1395 5470 1452 5523 δὲ
1483 5470 1642 5523 τοῦτο
1670 5470 1975 5539 περιφανὴς

403 5569 659 5639 ἀθεότης,
689 5572 785 5625 καὶ⁵
811 5571 1084 5640 πλήρωμα
1117 5567 1212 5620 τοῦ
1244 5567 1409 5636 νόμου
1442 5567 1679 5636 Χριστὸς
1714 5581 1728 5595 ’
1758 5565 1974 5618 δεικνύο

404 5679 590 5716 τωσαν
624 5661 834 5731 βέλτιον
868 5660 1011 5717 εῐναι
1044 5663 1138 5716 καὶ
1174 5657 1632 5731 φιλοσοφώτερον,
1668 5661 1856 5711 πατεῖν
1884 5656 1975 5711 τὸν

485 5842 505 5873 ³
538 5838 733 5909 Epltes.
767 5858 819 5907 ν,
849 5841 902 5895 5.

2076 4635 2219 4689 inter
2256 4632 2467 4704 piacula
2516 4646 2739 4687 usuram
2797 4628 3218 4691 constituemus,
3269 4623 3487 4692 quando
3538 4628 3644 4673 tam

2891 4724 3021 4793 quid
3074 4721 3221 4776 aliud
3267 4735 3432 4790 quam
3497 4714 3644 4786 quod

2151 4916 2214 4972 Et
2238 4916 2419 4971 adhuc
2444 4912 2664 4969 audebit
2695 4910 2819 4981 quis
2849 4923 3072 4965 usuram
3108 4921 3138 4960 a
3170 4903 3400 4959 crimine
3443 4904 3648 4958 immu-

2079 5024 2200 5062 nem
2232 5016 2486 5070 statuere,
2525 5019 2631 5073 qua
2657 5003 2840 5056 odium
2877 5001 2930 5053 in
2966 4997 3239 5061 homines,
3276 5004 3330 5049 et
3372 4994 3560 5059 libido,
3596 5004 3650 5049 et

2076 5108 2297 5171 peccata
2338 5097 2576 5151 maxima
2617 5091 2985 5149 tolerabiliora
3007 5088 3148 5157 apud
3177 5088 3344 5142 Deum
3374 5087 3649 5155 legislato-

2077 5210 2190 5249 rem
2215 5177 2649 5261 judicanturi'Et
2671 5185 2798 5256 quid
2821 5194 2903 5239 est
2926 5181 3190 5245 insanire,
3216 5180 3317 5234 nisi
3343 5195 3495 5235 novae
3517 5178 3650 5248 legis

2078 5286 2418 5355 disciplinam
2445 5280 2616 5336 veteri
2640 5276 2952 5333 inferiorem
2982 5272 3261 5335 arbitrari,
3290 5281 3344 5326 et
3364 5269 3645 5327 Christum

2022 5384 2029 5389 ’
2084 5381 2137 5434 in
2173 5378 2431 5432 mundum
2470 5373 2706 5436 venisse,
2740 5385 2847 5424 non
2876 5381 2935 5422 ut
2967 5368 3135 5437 legem
3165 5366 3434 5435 impleret,
3468 5364 3561 5418 sed
3589 5375 3651 5420 ut

2080 5475 2371 5525 eVacuaret
2411 5477 2572 5534 atque
2620 5460 2932 5520 everteret?
2962 5458 3117 5526 Quod
3142 5458 3188 5512 si
3216 5459 3330 5511 haec
3358 5462 3443 5509 est
3474 5454 3653 5507 mani»

2088 5563 2222 5616 festa
2261 5560 2532 5628 impietas,
2566 5566 2616 5610 et
2649 5554 2931 5625 plenitudo
2968 5553 3103 5621 legis
3128 5549 3380 5607 Christus
3411 5555 3513 5605 est,
3548 5547 3650 5599 do-

2082 5662 2241 5710 ceant
2270 5652 2346 5706 illi
2382 5650 2576 5705 melius
2616 5664 2679 5703 ac
2710 5647 3014 5718 sapientius
3044 5657 3166 5699 esse
3200 5648 3549 5695 contemnere
3571 5637 3650 5695 le-
