4196 6308
558 333 662 397 731

1821 330 2130 395 NICOLAI
2172 329 2560 391 CABASILIE

3599 329 3830 394 ’732

564 471 685 528 gem
726 467 891 523 quam
925 465 1168 514 servare,
1196 458 1251 506 et
1285 464 1508 505 usuram
1546 448 1945 504 humanitatem
1979 449 2148 504 admi-

2271 447 2438 515 νόμον,
2472 446 2506 514 ἢ
2539 445 2738 510 σώζειν
2760 463 2773 478 ·
2808 446 2904 503 καὶ
2951 449 3135 515 τόκον,
3180 444 3590 516 φιλανθρωπίαν
3620 445 3834 517 θαυμα-

565 548 814 610 rabilem,
857 554 911 601 et
940 544 1284 600 fraudatores
1331 545 1463 599 istos
1503 544 2002 612 compilatnresque
2036 545 2142 599 hu-

564 640 844 696 maniores
871 652 992 693 esse
1024 638 1089 693 iis
1121 637 1213 708 qui
1241 639 1411 706 gratis
1445 637 1576 691 dant
1609 645 1883 689 mutuum.
1909 635 2145 690 Necesse

568 742 654 788 est
687 732 861 795 enim,
885 731 978 801 qui
1018 730 1120 785 hoc
1150 744 1256 784 non
1289 738 1545 798 possunt,
1570 728 1624 781 in
1671 728 1901 783 alterum
1950 742 1980 782 e
2009 726 2147 781 duo-

567 828 670 882 bus
703 826 969 890 iucidere,
999 832 1091 879 aut
1123 839 1249 879 cum
1279 822 1483 877 Judaeis
1529 837 1683 877 novae
1714 821 1818 892 legi
1850 821 2142 886 obsistere,

567 933 873 989 eorumque
924 917 1151 972 insanire
1203 916 1362 986 quasi
1416 916 1708 986 quamdam
1773 916 2144 971 haereditatetn

569 1012 755 1073 adire;
804 1020 899 1066 ant
942 1012 988 1065 si
1024 1012 1130 1065 hoc
1167 1008 1421 1079 fugiunt,
1460 1009 1875 1063 fundamentum
1926 1008 2070 1077 quod
2116 1023 2147 1063 a

570 1104 842 1172 principio
874 1102 1239 1169 constitutum
1274 1111 1380 1163 est.
1413 1117 1522 1156 non
1564 1101 1887 1161 convellere.
1935 1110 1988 1156 et
2022 1116 2150 1156 usu-

575 1209 690 1249 ram
724 1203 971 1250 extremo
1010 1196 1280 1264 supplicio
1332 1195 1617 1252 addicere:
1656 1194 1800 1265 quod
1855 1193 2151 1263 amplecte-

571 1297 782 1349 rentur,
819 1285 863 1341 si
897 1286 979 1339 vel
1010 1285 1283 1341 tantillum
1328 1292 1602 1354 saperent.

647 1376 739 1432 Sic
765 1379 1008 1439 enim_se
1046 1391 1136 1432 res
1168 1376 1353 1431 habet.
1384 1374 1683 1445 Oportebat
1715 1374 2032 1429 hominibus
2079 1372 2154 1428 ie-

573 1485 692 1542 ge."
723 1470 1040 1540 contingere
1069 1468 1454 1539 sapientiorem
1484 1476 1540 1522 et
1568 1468 1848 1524 meliorem
1876 1485 1891 1523 :
1919 1477 1974 1524 et
2025 1467 2156 1523 adea

576 1574 659 1614 rat
694 1561 976 1630 legislator
1006 1560 1116 1632 (cui
1150 1561 1297 1618 enim
1333 1562 1385 1616 id
1436 1562 1616 1630 potius
1656 1560 2153 1631 committeretur?)

575 1653 815 1707 litteram
849 1654 1001 1707 illam
1043 1652 1168 1709 loco
1190 1669 1438 1708 movens.
1466 1652 1735 1720 Quoniam
1764 1663 1945 1709 autem
1974 1670 2003 1707 a
2028 1655 2160 1709 cha-

576 1747 741 1799 ritate
772 1745 866 1801 Dei
929 1754 986 1800 et
1016 1745 1251 1815 proximi
1295 1747 1553 1801 unhersa
1583 1747 1934 1817 lex‘pendet,
1975 1747 2156 1802 homi-

576 1836 752 1891 cidam
788 1845 960 1891 morte
991 1837 1249 1903 multans,
1297 1847 1350 1892 et
1392 1839 1719 1903 adulterum,
1756 1850 1811 1895 et
1845 1840 2019 1895 furem
2047 1881 2062 1907 ,
2107 1848 2163 1895 et

578 1925 773 1981 falsum
803 1937 992 1983 testem
1027 1928 1447 2005 reum-faciens,
1480 1939 1534 1986 et
1583 1946 1805 1987 usuram
1848 1931 2071 1997 tollens,
2107 1940 2163 1988 et

579 2021 768 2075 odium
823 2022 1087 2077 adversus
1133 2023 1447 2092 proximum
1503 2027 1849 2095 propulsans,
1908 2037 1965 2082 et
2019 2029 2157 2083 tales

579 2111 826 2179 quaedam
860 2112 1008 2182 leges
1034 2112 1100 2167 ad
1140 2122 1385 2168 mutuam
1422 2118 1746 2174 cltaritatem
1784 2118 2040 2174 homines
2074 2120 2163 2174 in-

580 2204 837 2267 vitantes,
889 2204 1069 2259 solum
1114 2215 1366 2275 poterant
1419 2207 1620 2272 facere,
1645 2220 1704 2265 ut
1748 2212 1888 2267 bene
1930 2213 2163 2269 meritus

582 2307 886 2359 amaretur,
917 2305 971 2351 et
1004 2305 1068 2351 ut
1105 2297 1198 2367 qui
1233 2315 1339 2354 non
1372 2299 1876 2367 inromntodasset,
1916 2305 1965 2359 ei
2000 2306 2167 2362 vicis-

581 2386 686 2443 sim
724 2387 859 2441 nihil
892 2387 1428 2457 incommodaretur;
1461 2393 1514 2447 in
1542 2409 1777 2459 quorum
1809 2407 2006 2451 neutro
2037 2412 2167 2453 vera

582 2480 728 2537 inest
762 2481 1097 2539 humanitas.
1128 2480 1264 2536 Nam
1297 2490 1351 2537 et
1392 2499 1500 2539 non
1538 2485 1745 2550 odisse,
1789 2488 2034 2543 nondum
2082 2499 2168 2545 est

582 2591 800 2643 amare;
841 2578 979 2631 bene
1013 2577 1272 2631 meritum
1316 2587 1497 2633 autem
1528 2579 1778 2650 diligere,
1830 2597 1939 2636 non
1983 2582 2162 2637 homi-

583 2683 733 2732 nem,
766 2670 861 2724 sed
907 2669 1235 2724 beneficium
1270 2672 1505 2727 amantis
1544 2682 1652 2728 est.
1684 2674 1820 2729 Cum
1863 2675 1968 2731 hoc
2006 2676 2171 2733 modo

583 2762 936 2827 cltaritatem,
987 2777 1110 2829 quae
1152 2776 1183 2815 a
1235 2765 1515 2821 veteribus
1546 2765 1655 2822 illis
1701 2767 1900 2822 litteris
1935 2769 2164 2831 aberat.

585 2854 849 2909 inducere
880 2864 1158 2924 oporteret
1192 2857 1319 2924 (hoc
1351 2857 1497 2911 enim
1533 2867 1651 2912 erat
1694 2858 1905 2926 impleri
1942 2860 2166 2928 legem),

583 2960 746 3016 quem
780 2947 945 3002 alium
970 2948 1103 3003 huic
1133 2949 1456 3017 provinciae,
1488 2965 1652 3019 quam
1676 2951 1847 3019 ipsius
1875 2952 2009 3023 legis
2038 2968 2171 3006 con-

586 3050 983 3094 summatorem
1012 3057 1331 3110 praeponere
1358 3057 1576 3111 :equum
1606 3044 1759 3099 erat?
1790 3044 1978 3115 Itaque
2014 3047 2175 3101 indu-

2255 538 2406 609 στὴν,
2432 540 2527 593 καὶ
2553 540 2680 603 τοὺς
2695 541 3077 614 άποστερητὰς
3099 542 3355 596 τουτουσὶ⁸
3374 542 3470 596 καὶ
3491 540 3829 609 λωποδύτας,

2254 631 2808 703 φιλανθρωποτέρους
2854 635 2965 688 τῶν
3016 636 3221 706 προῖκα
3272 633 3547 704 χρηστῶν.
3590 633 3833 703 Ἀνάγκη

2254 726 2363 797 γάρ
2388 726 2548 780 τοῦτο
2570 727 2646 797 μὴ
2675 728 3034 798 δυναμένους,
3061 728 3233 798 ἑτέρῳ
3279 727 3425 781 δυοῖν
3453 726 3833 796 περιπίπτεινο

2253 821 2286 891 ἧ
2317 820 2455 890 μετὰ
2484 817 2593 872 τῶν
2626 820 2900 875 Ἰουδαίων
2924 820 3067 874 κατά
3090 820 3185 875 τοῦ
3205 818 3393 874 καινοῦ
3416 819 3612 890 στῆναι
3644 802 3835 888 νόμου,

2256 915 2482 985 καὶτῆς
2527 916 2755 970 ἐκείνων
2817 915 3231 986 κληρονομῆσαι
3288 917 3525 982 μανίας’
3582 912 3614 983 ἢ
3673 912 3839 967 τοῦτο

2256 1009 2563 1078 φεύγοντας
2590 1010 2690 1082 τὴν
2732 1012 2792 1076 ἐξ
2845 1011 3024 1082 ἀρχῆς
3066 1010 3328 1065 ὑπόθεσιν
3385 1008 3571 1079 σαφῶς
3611 1009 3835 1073 ειδέναι,

2258 1103 2353 1154 καὶ
2385 1102 2562 1166 δίκαις
2593 1103 2683 1155 τὸν
2703 1104 2864 1157 τόκον
2894 1107 3016 1167 ταῖς
3050 1103 3306 1173 ἐσχάταις
3332 1102 3664 1172 ὑπαγαγεῖν,
3698 1104 3838 1174 ὅπερ

2258 1193 2449 1248 ἑλοιντ¹
2480 1195 2547 1249 ἂν
2566 1194 2633 1265 ἢν
2655 1195 2907 1250 ὁπωσοῦν
2938 1195 3311 1266 σωφρονῶσιν.

2336 1377 2492 1447 Ἔχει
2543 1378 2651 1447 γάρ
2706 1376 2902 1440 οὕτως.
2940 1377 3153 1443 Ἔδειξε
3202 1395 3384 1433 τοινυν
3427 1378 3487 1431 ἐν
3530 1378 3843 1448 ἀνθρώποις

2261 1468 2521 1536 γενέσθαι
2553 1467 3016 1538 φιλοσοφώτερον,
3050 1469 3148 1523 καὶ
3193 1468 3421 1536 καλλίω,
3453 1468 3550 1522 καὶ
3582 1467 3773 1538 παρὼν
3812 1470 3844 1522 δ

2262 1561 2583 1631 νομοθέτης.
2617 1563 2716 1629 Τίς
2740 1564 2851 1634 γὰρ
2880 1562 2947 1618 ἂν
2989 1563 3311 1618 ἐπιστεύετο
3336 1564 3406 1616 τὰ
3439 1563 3769 1636 γράμματα,
3805 1561 3840 1634 ἢ

2263 1655 2292 1706 ὀ
2314 1655 2487 1709 ταῦτα
2508 1655 2670 1719 δούςς
2713 1657 2945 1709 Ἔπειτα
2975 1655 3054 1720 δὲ,
3084 1655 3133 1707 εί
3158 1657 3260 1726 τῆς
3293 1655 3430 1726 πρὸς
3462 1655 3554 1708 τὸν
3583 1656 3717 1709 Θεὸν
3747 1656 3843 1710 καὶ

2264 1746 2394 1808 τοὺς
2442 1745 2766 1815 ὁμοδούλους
2800 1746 3026 1816 ἀγάπης
3072 1747 3368 1817 ἐξήρτηται
3430 1746 3616 1815 νόμος,
3672 1746 3700 1799 δ
3749 1748 3843 1800 τὸν

2265 1831 2589 1902 ἀνδροφόνον
2603 1833 2922 1899 ἀποτιννὺς,
2947 1834 3041 1888 καὶ
3058 1835 3149 1888 τὸν
3177 1835 3383 1906 μοιχὸν,
3411 1835 3507 1889 καὶ
3531 1837 3624 1889 τὸν
3652 1851 3845 1906 τοιχω-

2269 1926 2452 1996 ρύχον,
2490 1924 2586 1978 καὶ
2611 1924 2710 1997 τὴν
2734 1924 2904 1996 ψευδῆ
2963 1929 3274 1997 μαρτυρίαν
3306 1927 3573 1995 ἐλαύνων,
3604 1929 3705 1983 καὶ
3750 1928 3844 1982 τὸν

2265 2019 2424 2072 τόκον
2455 2018 2724 2089 ἀναιρῶν,
2771 2020 2867 2073 καὶ
2895 2019 2956 2072 τὸ
3000 2019 3139 2092 πρὸς
3168 2020 3262 2075 τὸν
3294 2020 3722 2093 πλησίον’μῖσος
3755 2023 3846 2075 ὲκ-

2267 2112 2500 2178 6άλλων,
2556 2113 2654 2166 καὶ
2695 2112 2931 2167 τοιοῦτοι
2967 2113 3033 2181 δή
3079 2129 3223 2177 τινες
3252 2112 3410 2183 νόμοι
3458 2112 3598 2184 πρὸς
3640 2112 3741 2183 τὴν
3766 2112 3847 2176 εις

2266 2204 2532 2275 ἀλλήλους
2549 2205 2772 2274 ἀγάπην
2795 2205 2922 2268 τοὺς
2938 2204 3035 2257 ἀνθ
3045 2204 3259 2276 ρώπους
3279 2203 3639 2268 διατιθέντες.
3657 2203 3846 2259 τοσοῦ-

2267 2314 2360 2351 τον
2414 2297 2762 2367 ἠδυνήθησαν
2818 2298 3004 2368 μόνον,
3061 2298 3188 2352 ὅσον
3239 2298 3335 2351 τὸν
3397 2296 3497 2369 μὲν
3547 2299 3847 2368 εὐεργέτην

2268 2390 2495 2458 ποιῆσαι
2514 2389 2709 2457 φιλεῖν,
2736 2389 2935 2460 δρᾶσαι
2964 2389 3021 2443 δὲ
3049 2390 3218 2461 μηδὲν
3242 2391 3413 2444 κακὸν
3432 2391 3524 2445 τὸν
3547 2391 3847 2461 ἠδικηκότα

2275 2483 2478 2553 μηδὲν·
2519 2476 2597 2537 ὧν
2641 2482 2931 2554 οὐδέτερον
2965 2483 3186 2551 ἀληθῶς
3228 2482 3640 2553 φιλανθρωπία·
3678 2485 3739 2537 τό
3786 2499 3847 2535 τε

2270 2575 2378 2642 γὰρ
2408 2571 2483 2643 μὴ
2517 2574 2720 2643 μισεῖν,
2748 2573 2903 2627 οῦπω
2921 2573 3096 2643 φιλεῖν
3117 2576 3257 2639 ἐστι,
3304 2574 3367 2628 τό
3401 2591 3460 2630 τε
3493 2575 3588 2628 τὸν
3620 2591 3850 2644 πεποιη-

2273 2666 2405 2719 κότα
2445 2665 2644 2734 φιλεῖν,
2676 2667 2739 2721 οὐ
2782 2666 2876 2721 τὸν
2914 2667 3206 2739 ἄνθρωπόν
3244 2670 3363 2721 ἐστι
3391 2668 3699 2738 φιλοῦντος,
3730 2668 3847 2722 ἀλλ’

2273 2755 2406 2807 αὐτὸ
2431 2755 2497 2825 δὴ
2521 2754 2582 2808 τὺ
2614 2754 2676 2810 εὖ
2699 2757 3053 2812 πεπονθέναι.
3077 2758 3281 2812 Τοῦτον
3305 2759 3371 2830 δὴ
3396 2759 3490 2814 τὸν
3522 2760 3726 2831 τρόπον
3750 2760 3848 2831 τὴν

2272 2848 2499 2919 ἀγάπην
2544 2849 2656 2903 τῶν
2724 2851 2972 2905 παλαιῶν
3033 2852 3383 2925 γραμμάτων
3427 2854 3675 2908 ἀποῦσαν
3727 2854 3848 2908 δέον

2274 2940 2519 3004 εἰσάγειν
2551 2956 2566 2971 ⁸
2606 2939 2766 2995 τοῦτο
2813 2943 2924 3014 γὰρ
2964 2938 3036 3016 ἦν
3082 2946 3442 3018 πληρωθῆναι
3479 2947 3568 2999 τὸν
3620 2947 3787 3013 νόμον
3831 2961 3849 2978 ⁸

2274 3034 2398 3086 τίνα
2420 3033 2530 3087 τῶν
2553 3032 2728 3088 ἄλλων
2749 3035 3087 3104 είσενεγκεῐν
3106 3039 3256 3104 εἰκὸς
3276 3034 3414 3111 ﬁmi]
3438 3039 3525 3092 τὸν
3550 3038 3641 3093 τοῦ
3674 3038 3842 3108 νόμου

586 3131 689 3186 xit.
726 3129 844 3185 Non
872 3134 1018 3188 enim
1048 3142 1434 3189 testamentum
1464 3135 1688 3205 aliquod
1723 3136 1942 3192 tertium
1981 3153 2166 3209 exspe-

2278 3126 2612 3198 τελειωτήνς
2645 3128 2846 3183 οὐκοῦν
2879 3130 3225 3200 εἰσήνεγκεν.
3258 3133 3333 3186 Οὐ
3366 3131 3469 3202 γὰρ
3490 3130 3556 3202 δὴ
3578 3129 3847 3201 διαθήκην

586 3234 821 3289 ctamus,
862 3242 961 3283 nec
1012 3228 1181 3281 alium
1213 3228 1400 3297 populi
1431 3228 1711 3283 ductorem
1742 3230 2173 3286 moderatorem-

588 3332 717 3386 que,
744 3318 834 3388 qui
864 3320 1118 3376 meliores
1140 3322 1284 3390 leges
1306 3319 1468 3375 ferat.
1495 3319 1732 3377 Proinde
1745 3336 1887 3392 opus
1913 3321 2017 3379 fuit
2040 3324 2173 3394 legi-

587 3411 713 3478 bus,
735 3428 843 3467 non
877 3414 1076 3478 solum,
1108 3413 1254 3468 «Non
1282 3414 1510 3469 habebis
1534 3414 1663 3469 odio
1682 3418 2051 3485 proximum,»
2078 3417 2174 3473 sed

592 3505 779 3569 etiam,
802 3525 821 3558 ι
846 3507 1044 3578 Diliges
1068 3507 1381 3576 proximum
1403 3507 1442 3560 ι.
1471 3524 1491 3558 ι
1514 3507 1671 3573 Quod
1688 3509 1734 3564 si
1763 3508 1974 3577 diliges,
2011 3508 2173 3563 etiam

591 3596 733 3652 bene
759 3597 826 3651 de
856 3597 948 3655 illo
976 3598 1274 3654 mereberis
1312 3614 1420 3654 non
1452 3607 1663 3654 tantum
1696 3606 1756 3653 ut
1778 3600 2175 3668 remunereris,

592 3687 691 3743 sed
726 3688 888 3741 etiam
936 3697 997 3742 ιιι
1029 3688 1310 3745 beneficiis
1353 3698 1688 3745 antevertas.
1730 3689 1906 3760 Atque
1937 3690 2011 3744 ita
2060 3706 2171 3745 non

592 3779 772 3835 solum
804 3794 912 3834 non
942 3779 1100 3835 dabis
1143 3778 1323 3835 fenori
1363 3788 1653 3849 argentum
1689 3789 1841 3835 tuum
1867 3780 2028 3836 fratri
2059 3791 2174 3849 tuo,

595 3871 652 3925 id
689 3884 794 3934 est,
833 3871 969 3926 nihil
1003 3872 1072 3926 ab
1104 3871 1196 3926 illo
1225 3872 1552 3937 lucrabcris,
1583 3873 1677 3928 sed
1715 3874 1859 3940 quod
1891 3873 1975 3929 his
2000 3873 2178 3944 majus

595 3963 858 4034 quiddam
888 3974 990 4029 est,
1024 3980 1146 4020 cum
1182 3963 1460 4034 imligente
1506 3972 1596 4018 tua
1642 3963 1809 4019 facies
1838 3968 2175 4022 communia.

596 4058 723 4112 Haec
756 4056 1152 4126 perfectissime
1190 4056 1498 4125 praestanda
1539 4068 1700 4124 sunt;
1731 4071 1965 4127 quorum
1996 4055 2176 4125 negli-

597 4158 785 4217 gentes
831 4150 1176 4203 decantatam
1210 4148 1357 4203 illam
1406 4149 1709 4214 gehennam
1746 4149 1893 4204 circa
1946 4148 2178 4218 impedi-

595 4249 838 4295 mentum
892 4242 1292 4310 experiuntur:
1331 4257 1352 4291 ι
1392 4237 1508 4294 Hoc
1546 4240 1690 4293 enim
1726 4250 1813 4294 est
1862 4240 2177 4293 mandatum

596 4346 780 4385 meum
805 4372 818 4393 ,
855 4330 1054 4398 inquit,
1080 4340 1142 4384 ut
1164 4330 1403 4398 diligatis
1441 4329 1676 4384 invicem
1704 4329 1727 4360 ⁸
1753 4345 1768 4395 ;
1796 4346 1816 4379 ι
1863 4345 1971 4382 non
2010 4344 2179 4384 unum

2275 3218 2469 3291 τρίτην
2505 3221 2631 3277 τινὰ
2668 3222 3086 3294 προσδοκῶμεν,
3119 3226 3242 3279 οὐδὲ
3280 3224 3610 3296 δημαγωγὸν
3635 3225 3852 3296 ἕτερον,

2274 3310 2335 3375 ὃς
2365 3311 2571 3366 καλλίω
2609 3316 2989 3386 νομοθετήσει.
3027 3317 3140 3371 Καὶ
3179 3318 3361 3372 τοίνυν
3409 3319 3621 3387 ἀνάγκη
3670 3319 3853 3387 νόμων

2273 3404 2336 3457 ού
2369 3404 2529 3471 μόνον
2558 3407 2641 3460 Οὐ
2657 3408 2965 3476 μισήσεις.
2994 3408 3131 3463 ἀλλὰ
3154 3413 3268 3475 καὶ,
3287 3412 3575 3481 Φιλήσεις
3588 3412 3697 3467 τὸν
3711 3414 3854 3479 ὀμο-

2275 3498 2493 3564 pudor.
2530 3498 2591 3550 Εί
2627 3498 2683 3551 δὲ
2715 3499 2962 3569 φιλήσεις
3008 3501 3101 3554 καὶ
3128 3499 3191 3555 εὖ
3212 3503 3479 3573 ποιήσεις,
3514 3501 3856 3574 ούκάμειϐόο

2281 3607 2439 3661 μενος
2491 3593 2670 3662 μόνον,
2722 3594 2861 3648 ἀλλὰ
2917 3599 3012 3649 καὶ
3072 3598 3338 3667 ὑπάρχων
3395 3598 3656 3669 χρηστός.
3707 3598 3855 3652 Είδὲ

2275 3683 2456 3748 τοῦτο,
2488 3685 2587 3756 οὐχ
2631 3687 2782 3748 ὅπως
2828 3688 2929 3740 οὐκ
2968 3689 3235 3752 ἑκτοκιεῖς
3263 3690 3324 3743 τὸ
3356 3690 3623 3761 ἀργύριόν
3653 3708 3747 3743 σου
3778 3692 3853 3755 τῷ

2277 3775 2493 3847 ἀδελφῷ
2529 3793 2648 3842 σου,
2683 3778 2824 3851 ὅπερ
2856 3781 3032 3845 ἐστὶν,
3081 3782 3142 3836 οὗ
3173 3782 3281 3835 τῶν
3312 3784 3529 3837 ἐκείνου
3566 3802 3620 3837 τι
3657 3785 3855 3853 κερδα-

2278 3870 2422 3932 νεῖς’
2470 3868 2609 3922 ἀλλὰ
2647 3871 2742 3924 καὶ
2773 3868 2964 3926 τούτου
2997 3873 3164 3928 πλέον
3189 3890 3244 3927 τι
3277 3876 3387 3928 τῶν
3418 3875 3620 3930 σαυτοῦ
3668 3893 3855 3930 κοινω-

2278 3962 2485 4031 νήσεις.
2515 3963 2703 4018 Ταῦτα
2728 3964 2784 4018 δὲ
2812 3965 3111 4033 φυλάσσειν
3148 3967 3211 4020 ὲκ
3249 3967 3453 4031 παντὸς
3482 3968 3733 4039 τρόπου,’
3761 3969 3857 4022 καὶ

2278 4055 2408 4119 τοὺς
2436 4057 2812 4128 περιορῶντας
2844 4060 2999 4113 οὐδὲν
3035 4059 3240 4112 κωλύει
3270 4060 3368 4129 τῆς
3401 4061 3757 4131 ὑμνουμένης
3789 4059 3854 4112 ἂν

2279 4146 2609 4218 πειραθῆναι
2639 4149 2888 4220 γεέννης.
2945 4168 2963 4200 ι
2987 4149 3135 4220 Αὕτη
3186 4152 3292 4221 γάρ
3338 4152 3486 4205 ἐστιν
3527 4154 3561 4223 ἠ
3594 4153 3782 4220 ἐντολὴ
3819 4153 3855 4221 ή

2278 4240 2410 4311 ἐμὴ,
2446 4241 2635 4311 φησὶν,
2697 4241 2786 4294 ῖνα
2814 4243 3067 4306 ἀγαπᾶτε
3109 4243 3374 4313 ἀλλήλους
3401 4259 3416 4273 ·
3451 4262 3471 4296 ι
3509 4245 3569 4297 οὐ
3625 4244 3722 4314 μία
3750 4244 3857 4298 τῶν

2279 4331 2533 4397 ιντολῶν,
2559 4332 2678 4384 ἀλλ’
2709 4333 2848 4403 αὑτὴ
2881 4335 2912 4404 ή
2944 4334 3155 4405 ἐντολή.
3182 4335 3245 4388 ΕΞ
3272 4336 3328 4388 δὲ
3358 4336 3518 4389 τοῦτο
3576 4338 3685 4400 πᾶς
3713 4339 3741 4389 ὁ
3763 4333 3856 4389 τοῦ

598 4422 669 4477 de
700 4423 995 4480 mandatis.
1029 4424 1121 4476 sed
1162 4422 1337 4489 ipsum
1375 4422 1714 4475 mandatum.
1778 4419 1920 4489 Ergo
1966 4421 2010 4475 si
2064 4420 2166 4477 hau

2284 4425 2526 4495 Χριστοῦ
2570 4426 2757 4495 νόμος,
2790 4421 2947 4490 οὗτος
2991 4428 3143 4497 μὲνό
3188 4430 3315 4493 τοὺς
3351 4430 3656 4499 στεφάνους
3697 4430 3855 4500 ἔχων,

596 4524 681 4570 est
707 4518 960 4570 universa
996 4515 1080 4568 lex
1117 4514 1360 4577 Christi,
1391 4514 1506 4569 haec
1534 4523 1620 4569 est
1651 4528 2034 4583 quaa'coronas
2080 4516 2166 4569 ha-

2287 4518 2424 4587 ὐπὲρ
2453 4494 2646 4572 τούτου
2670 4519 2729 4573 δὲ
2749 4520 2942 4587 γέεννα
2963 4494 3059 4573 καὶ
3096 4521 3288 4585 σκότος
3318 4494 3629 4577 ἀπειλεῖται
3658 4494 3759 4576 καί
3791 4494 3861 4574 τά

600 4613 725 4674 bet;
758 4617 813 4663 et
857 4617 1077 4678 pr0pter
1106 4623 1224 4663 eam
1244 4607 1404 4663 nobis
1440 4607 1708 4676 gehenna,
1754 4614 1809 4663 et
1837 4607 2093 4673 tenebrae,
2127 4618 2183 4663 et

600 4700 744 4754 mala
774 4699 1020 4755 omnium
1050 4696 1373 4768 gravissima
1409 4698 1768 4752 intentantur.
1814 4695 1873 4752 Si
1918 4699 2064 4754 enim
2097 4707 2182 4753 to-

600 4801 711 4847 tam
755 4793 922 4863 Iegem
952 4792 1161 4846 violare
1220 4806 1326 4846 non
1385 4799 1466 4846 est
1498 4790 1674 4857 nefas,
1712 4793 1898 4847 nescio
1944 4806 2179 4860 quorum

600 4888 819 4941 tandem
857 4894 1203 4957 pecralorum
1234 4899 1425 4956 pcenas
1477 4886 1651 4942 simus
1692 4885 1899 4963 luituri,
1939 4885 2180 4954 autquis

599 4979 961 5046 vapulaturus
992 4979 1063 5034 sit
1097 4979 1303 5034 multis.

676 5071 741 5127 Et
778 5073 908 5140 quid
950 5073 1034 5127 his
1084 5087 1226 5142 opus
1280 5082 1387 5135 est,
1438 5087 1565 5128 cum
1623 5072 1797 5141 ipsam
1848 5069 2183 5142 legislatoris

605 5166 934 5220 sententiam
987 5165 1186 5232 legere,
1232 5178 1406 5234 eaque
1453 5164 1797 5234 propositum
1853 5164 2185 5217 confirmare

604 5258 809 5315 liceat?
835 5276 854 5308 ι
881 5257 1149 5311 Discedite
1170 5272 1200 5311 a
1221 5273 1329 5320 me,
1377 5256 1672 5320 maledicti,
1696 5255 1896 5325 inquit,
1921 5255 2182 5324 iniguem

607 5361 873 5407 aeternum
917 5352 971 5415 ⁶;
1019 5368 1039 5399 ι
1082 5365 1340 5416 nonquia
1383 5350 1542 5403 fenus
1582 5347 1894 5416 accepistis,
1920 5347 2013 5400 secl
2049 5346 2179 5414 quia

607 5446 675 5498 de
710 5443 906 5498 vestris
941 5442 1292 5497 facultatibus
1324 5443 1409 5496 bis
1437 5440 1530 5510 qui
1557 5438 1788 5508 egebant
1819 5437 1958 5492 nihil
1989 5437 2182 5492 tribui-

612 5536 733 5589 stis.
768 5533 1010 5589 Audin'l
1042 5533 1162 5589 Jam
1188 5534 1233 5588 si
1270 5549 1367 5586 sua
1402 5547 1508 5584 non
1540 5530 1888 5600 projicientes
1920 5538 2027 5584 tam
2057 5544 2181 5599 gra-

615 5624 754 5682 viter
807 5627 1036 5694 multat,
1087 5635 1439 5681 emunctores
1494 5626 1630 5679 istos
1683 5632 1738 5679 et
1793 5623 2182 5694 compilatores

2284 4610 2490 4681 ἔσχατα
2525 4611 2635 4666 τῶν
2665 4613 2874 4668 κακῶν.
2910 4612 2973 4666 Et
3005 4615 3118 4682 γὰρ
3148 4613 3240 4666 τὸν
3266 4613 3483 4668 ἅπαντα
3514 4615 3683 4682 νόμον
3707 4614 3859 4668 οὺδὶν

2281 4701 2455 4754 δεινὸν
2504 4702 2882 4773 ὑπερϐαίνειν,
2925 4703 3027 4756 οὐκ
3073 4699 3198 4757 οῐδα
3246 4705 3411 4757 τίνων
3438 4704 3861 4775 ἁμαρτημάτων

2282 4793 2509 4865 τίσομεν
2535 4794 2714 4860 δίκας,
2737 4796 2770 4866 ἢ
2802 4795 2886 4860 τίς
2909 4793 3211 4867 δαρήσεται
3248 4796 3476 4861 πολλάς.

2357 5060 2465 5114 Καὶ
2479 5058 2532 5111 τί
2559 5057 2642 5112 δεῖ
2663 5057 2892 5122 τούτων,
2917 5056 3232 5129 ὅτανάύτὴν
3252 5057 3347 5125 ἐξῇ
3371 5056 3469 5121 τὴν
3488 5057 3671 5128 ψῆφον
3692 5057 3862 5126 ἀναγ-

2282 5157 2441 5210 νόντα
2460 5152 2550 5207 τοῦ
2572 5152 2863 5224 νομοθέτου
2878 5151 3139 5215 διαδεῖξαι
3153 5150 3215 5203 τὸ
3234 5152 3616 5221 προκείμενον;
3632 5168 3650 5202 ι
3664 5149 3865 5221 Πορεύ-

2283 5249 2434 5313 εσθε,
2459 5248 2644 5317 φησὶν,
2670 5245 2766 5299 ἀπ’
2788 5245 2948 5316 ἐμοῦ,
2979 5247 3029 5298 ot
3066 5244 3462 5316 κατηραμένοι,
3483 5245 3563 5306 είς
3587 5247 3647 5296 τὸ
3669 5243 3784 5309 πῦρ
3806 5242 3867 5295 τὸ

2285 5339 2559 5406 αἱώνιον,›
2599 5339 2700 5408 οὐχ
2723 5338 2807 5390 ὅτι
2836 5336 3033 5399 τόκους
3067 5336 3176 5388 ἀπὸ
3203 5335 3312 5387 τῶν
3335 5334 3581 5401 ἀδελφῶν
3614 5332 3864 5394 ὲλάῦετε,

2285 5434 2402 5491 ἀλλ’
2436 5434 2517 5486 ὅτι
2547 5430 2658 5484 τῶν
2689 5429 2906 5485 οικείων
2947 5429 3007 5481 ού
3045 5427 3387 5498 μετεδώκατε
3416 5429 3530 5490 τοῖς
3567 5424 3865 5495 δεηθεῖσιν.

2298 5527 2545 5587 Ἀκούεις
2568 5541 2582 5589 ;
2620 5525 2669 5578 εἰ
2697 5524 2754 5578 δὲ
2787 5522 2914 5586 τοὺς
2942 5522 3019 5593 μὴ
3046 5522 3115 5575 τὰ
3140 5522 3316 5575 οίκεῖα
3338 5519 3634 5590 ῥίπτοντας
3671 5516 3867 5570 τοσούο

2288 5638 2397 5675 των
2429 5619 2657 5688 τιμᾶται
2687 5615 2898 5680 κακῶν,
2922 5615 3051 5680 τοὺς
3079 5613 3458 5685 ἀποστερητάς
3486 5611 3742 5667 τουτουσὶ
3770 5609 3867 5665 καὶ

686 5803 710 5837 ’⁵
736 5803 907 5862 chit.
941 5820 1054 5874 xu,
1092 5803 1179 5873 i7,
1224 5802 1328 5872 18;
1369 5800 1561 5858 Matth.
1598 5818 1731 5873 χχιι,
1769 5803 1856 5860 39.
1936 5804 1955 5837 ³
1984 5800 2141 5859 Joan.

2273 5816 2313 5867 ι,
2345 5800 2435 5856 54.
2496 5800 2531 5885 θ’
2566 5795 2757 5853 Matth.
2787 5810 2911 5863 xxv,
2948 5793 3034 5847 Η.
