4134 6314
184 632 187 633 ν
273 604 561 672 νομίζεις
597 604 696 672 τὴν
731 600 954 671 γέενναν
986 603 1180 669 φυγεῖν
1227 598 1331 665 ἀν;
1365 600 1458 653 atad.
1503 598 1607 650 οίει
1669 614 1883 666 σωφρο·

176 958 185 966 ’
283 965 423 1017 οὺδέ
467 963 657 1032 ζητεῖς
688 961 984 1031 βάραθρον,
1020 959 1141 1013 ἀλλ’
1160 960 1389 1013 ἑστῶσιν
1427 958 1723 1028 ὀφθαλμοῖς
1752 958 1882 1027 ὁρᾷς

264 394 396 461 ’133
1330 396 1619 458 ORATIO
1657 395 1874 455 CONTI

1997 398 2039 456 F
2048 397 2144 455 EN
2149 397 2250 457 ER
2263 395 2577 458 ATORES-
3246 397 3253 405 ’
3445 400 3551 463 ’734

265 510 626 573 λωποδύτας
671 508 775 563 ποῦ
818 506 1211 577 παραπέμψεις
1269 507 1341 561 Σὺ
1384 507 1440 559 δὲ
1488 507 1682 569 τόκους
1716 505 1874 575 ἔχων,

1982 521 2216 574 quonam
2248 505 2461 560 mittet?
2489 503 2568 560 Tu
2602 515 2780 560 autem
2810 520 2934 560 cum
2963 518 3173 578 qua'slu
3221 519 3312 564 tuo
3344 509 3554 569 fenera-

1983 597 2102 649 titio
2133 604 2186 651 te
2239 599 2541 663 gehennam
2590 595 2939 660 elTugiturum
2998 599 3233 653 censes?
3286 599 3349 653 Et
3401 617 3552 658 sanae

1985 690 2181 742 mentis
2212 704 2333 743 esse
2367 689 2565 758 putas?
2593 697 2646 743 ct
2691 690 2967 757 quonnodo
3014 706 3119 744 non
3168 692 3347 757 potius
3396 694 3550 745 stoli-

1981 781 2122 841 dior.
2151 791 2205 834 et
2241 790 2387 833 tanto
2417 783 2673 835 extremis
2711 782 2992 850 suppliciis
3041 782 3252 851 dignior
3275 824 3288 846 ,
3338 793 3543 852 quinto

1983 886 2082 925 nec
2113 871 2252 924 nosti
2284 872 2372 924 ubi
2409 873 2673 925 maiorum
2707 873 2782 927 sis
2811 891 2823 926 :
2852 888 2949 927 nec
2985 888 3111 927 cum
3143 872 3425 941 improbus
3452 875 3550 935 sis.

1982 959 2391 1019 verecundaris.
2428 975 2527 1013 nec
2560 961 2862 1024 erubescis,
2894 977 2991 1016 nec
3033 963 3202 1016 vitare
3233 965 3549 1019 barathrum

1982 1048 2202 1117 quan-is,
2233 1052 2324 1103 sed
2369 1051 2486 1105 lixis
2520 1052 2692 1106 oetiiis
2727 1053 2940 1107 radium
2972 1053 3243 1109 intueris?

2051 1139 2397 1208 Quid2quod
2432 1143 2727 1209 pessimum
2765 1138 2848 1197 est
2896 1145 3158 1206 omnium,
3217 1142 3545 1206 quibusdam

1980 1230 2220 1284 virorum
2246 1232 2474 1289 istorum
2505 1234 2798 1301 insignium
2824 1248 2987 1287 usura
3017 1235 3178 1289 etiam
3204 1234 3548 1303 eleemosyna

1982 1322 2216 1382 videtur.
2249 1333 2303 1376 et
2348 1324 2535 1378 fenore
2592 1326 2735 1391 velut
2766 1325 3093 1393 quibusdam
3133 1325 3419 1380 virtutibus
3447 1326 3555 1379 ini-

1984 1414 2098 1470 tiati
2122 1413 2439 1481 gloriantur,
2460 1419 2893 1485 entltnerantque
2924 1424 3180 1486 tanquam
3210 1418 3491 1473 beneﬁciis
3522 1433 3553 1471 a

1984 1518 2045 1560 se
2079 1503 2321 1569 aﬂectos,
2354 1505 2551 1574 quibus
2585 1507 3011 1569 commodarint,
3041 1519 3095 1562 et
3146 1522 3175 1561 a
3222 1510 3423 1577 quibus
3457 1520 3554 1562 ea.

1985 1596 2106 1649 dem
2133 1610 2296 1666 opera
2329 1597 2494 1650 lucris
2530 1599 2675 1651 aucti
2728 1598 2856 1653 sint.
2912 1597 3047 1653 Hem
3097 1599 3419 1654 stultitiam!
3471 1597 3555 1654 'l‘u

1986 1688 2269 1755 honestus,
2299 1691 2390 1756 qui
2423 1691 2622 1743 tabulis
2659 1692 2877 1745 nomina
2905 1706 3119 1754 eorum,
3154 1691 3355 1758 quibus
3388 1705 3556 1757 pecu-

274 697 408 747 νεῖν
433 711 451 761 ;
488 696 590 748 καὶ
614 693 727 755 πῶς
745 692 806 745 ού
840 691 1045 761 μᾶλλον
1088 688 1434 761 ἀτοπώτερος
1459 684 1528 753 εἴ,
1576 691 1669 741 καὶ
1696 687 1884 740 τοσοῦ-

278 801 388 838 τον
449 784 756 852 ἀξιώτερος
805 781 915 835 τῶν
967 781 1233 850 ἐσχάτων,
1282 780 1408 872 δσον
1468 778 1574 831 οὐδ’
1623 778 1792 847 ἔγνως
1831 773 1889 831 οἷ

281 874 499 927 κακῶν
536 870 620 938 εῐ;
654 872 760 926 οὐδ’
786 871 1018 942 αἰσχύνῃ
1053 869 1298 939 πονηρὸς
1327 869 1424 933 ὢν,
1454 869 1563 921 οὐδ’
1596 870 1879 938 ἐρυθριᾶς,

281 1056 393 1123 τὴν
426 1055 633 1108 ἀκτῖνα
648 1070 665 1121 ;

362 1147 488 1198 Καὶ
516 1147 571 1199 τί
601 1147 785 1213 λέγω;
832 1143 894 1197 τδ
920 1148 1032 1214 γὰρ
1067 1142 1338 1214 χείριστον
1372 1142 1647 1206 ἀπάντων,
1675 1138 1758 1192 ὅτι
1791 1138 1882 1191 καὶ

274 1236 402 1290 τῶν
440 1237 720 1306 γενναίων
767 1235 972 1290 τούτων
1034 1235 1217 1298 ἐνίοις,
1274 1234 1370 1287 καὶ
1417 1230 1759 1301 ἐλεημοσύνη
1820 1230 1882 1282 τὸ

278 1330 556 1398 πρᾶγμα
580 1328 749 1392 δοκεῖ,
779 1328 876 1380 καὶ
903 1327 1015 1380 τῶν
1042 1326 1289 1392 δανείων,
1310 1324 1385 1388 ὡς
1406 1325 1656 1395 δήτινων
1685 1337 1882 1389 κατορ-

280 1419 593 1489 θωμάτων
634 1418 975 1490 μεμυημένοι
1007 1415 1382 1487 σεμνύνονται,
1427 1412 1523 1467 καὶ
1556 1412 1885 1474 καταλέγου-

282 1524 405 1574 σιν,
451 1502 550 1573 οἷς
579 1492 839 1579 ἔχρησαν,
873 1504 1057 1578 ὧνπερ
1086 1506 1417 1576 ἐκέρδαινον,
1451 1504 1527 1566 ὡς
1574 1498 1634 1555 εὖ
1685 1518 1886 1555 πεπον-

284 1597 473 1661 Θότας
509 1598 615 1666 τῆς
638 1598 980 1666 σκαιότητος.
1023 1590 1228 1665 Σεμνὸς
1275 1587 1325 1646 εἶ
1367 1590 1739 1660 τοκογλυφῶν,
1769 1588 1885 1643 δέον

285 1687 788 1759 κατορύττεσθαι;
824 1688 919 1740 καὶ
948 1685 1126 1748 διδοὺς
1157 1684 1244 1754 ἐφ’
1285 1678 1329 1752 ᾧ
1369 1682 1697 1753 κερδαίνειν,
1734 1678 1886 1748 ἐλεή-

290 1796 464 1849 μων;
496 1777 710 1834 Οὐκοῦν
737 1782 829 1833 καὶ
857 1778 946 1831 τὸν
971 1777 1217 1849 γεωργὸν
1250 1776 1422 1837 εἴποις
1450 1775 1515 1827 ἂν
1538 1772 1761 1842 τρέφειν
1786 1770 1874 1839 τὴν

1986 1781 2081 1834 nia
2129 1781 2303 1835 fenori
2341 1780 2464 1834 data
2495 1792 2578 1834 est
2610 1783 2883 1843 inscribis,
2926 1797 3064 1852 quas
3088 1784 3254 1836 humo
3280 1786 3555 1850 oporteret

289 1874 438 1942 γῆν,
471 1873 563 1926 ὅτι
606 1870 785 1940 ῥίπτει
835 1870 927 1923 τὸν
982 1872 1149 1932 σῖτον,
1206 1867 1292 1921 ῐνα
1342 1866 1643 1936 κομίσηται
1673 1863 1874 1915 πλείω·

1983 1870 2245 1927 obruere?
2285 1870 2346 1924 Et
2373 1871 2467 1939 qui
2499 1871 2597 1924 das
2638 1880 2699 1924 ut
2728 1871 2967 1935 lucrere,
3003 1887 3063 1925 es
3096 1870 3447 1925 misericors?
3473 1868 3553 1925 Ita

294 1965 525 2036 μᾶλλον
571 1965 628 2017 δέ
678 1964 778 2034 τὴν
831 1964 1078 2017 ἐπίασιν
1132 1960 1562 2030 ἀνθρωποφάγου
1609 1956 1874 2021 καλέσεις,

1986 1974 2041 2020 et
2066 1966 2362 2035 agricolam
2414 1965 2619 2020 dixeris
2660 1975 2860 2019 terram
2893 1965 3059 2030 alere,
3089 1964 3213 2033 quia
3260 1964 3391 2018 serit
3437 1964 3555 2018 l'ru-

289 2056 495 2129 οἶμαι,
554 2055 991 2125 φιλοφροσύνην’
1023 2054 1080 2117 ὃς
1112 2049 1170 2106 εὖ
1218 2052 1312 2106 καὶ
1347 2049 1530 2112 καλῶς
1562 2049 1752 2117 τρέφει
1792 2046 1874 2098 τὸν

1986 2066 2251 2122 mentum,
2285 2063 2344 2108 ut
2372 2056 2496 2126 plus
2521 2054 2782 2125 recipiat;
2832 2054 2913 2110 vel
2965 2055 3146 2124 potius
3189 2054 3553 2123 epulationem

289 2148 401 2203 avo
412 2164 629 2217 ρωπον,
656 2147 746 2201 ἵνα
773 2145 1070 2216 καταφάγῃ
1088 2144 1270 2207 πίονα,
1297 2144 1390 2195 καὶ
1417 2141 1481 2195 σὺ
1503 2141 1680 2192 τοίνυν
1704 2137 1874 2198 δίδως¹

1989 2150 2427 2221 anthropophagi
2485 2153 2744 2210 vocabis.
2793 2153 3022 2218 opinor.
3074 2148 3504 2215 benevolentiam
3533 2186 3551 2208 .

294 2241 395 2294 ἵνα
445 2244 580 2303 τοὺς
613 2238 931 2308 ἀλλοτρίους
974 2234 1409 2305 καρπωσάμενος
1449 2234 1665 2297 πόνους,
1702 2228 1874 2281 πλεῖον

1983 2241 2115 2310 quia
2165 2243 2300 2295 bene
2346 2254 2403 2297 et
2449 2243 2674 2311 pulchre
2725 2244 2939 2311 saginat
2980 2242 3255 2295 hominem
3290 2279 3304 2301 ,
3340 2254 3398 2293 ut
3428 2254 3553 2293 eum

292 2334 556 2401 ποιήσῃς
610 2330 673 2382 τὸ
729 2329 1021 2399 ἀργύριον·
1060 2323 1179 2381 εῑτα
1230 2326 1476 2395 ἐλεήμων
1502 2321 1588 2389 si;
1644 2322 1739 2376 καὶ
1784 2321 1886 2373 οὐκ

295 2423 577 2493 αξσχύνῃ,
611 2422 689 2492 τῷ
723 2423 940 2474 πάντων
972 2419 1239 2491 αἰσχίστῳ
1282 2418 1570 2489 πράγματι
1607 2418 1668 2469 τὸ
1704 2412 1885 2470 κάλλι-

295 2530 439 2567 στον
475 2514 759 2583 ὀνομάτων
789 2511 1128 2582 περιτιθείς;

390 2779 563 2833 Ἀλλὰ
593 2779 806 2841 πολλοῖς
837 2776 1004 2830 ἔλυσα
1047 2775 1259 2840 πενίαν,
1307 2778 1492 2845 φησίν.
1533 2773 1608 2828 Οὐ
1642 2788 1887 2846 προῃρηο

301 2872 504 2941 μένος,
544 2871 659 2925 ἀλλ’
698 2870 841 2923 οὕτω
875 2869 1111 2940 συμϐάν.
1139 2869 1211 2922 Σὺ
1237 2868 1336 2938 μὲν
1361 2869 1470 2937 γὰρ
1503 2868 1639 2937 πρὸς
1670 2866 1729 2919 τὺ
1757 2883 1886 2935 κερ-

300 2964 522 3017 δαίνειν
589 2963 748 3033 μόνον
802 2960 1000 3030 ἐώρας,
1069 2960 1165 3012 καὶ
1219 2958 1367 3013 τοῦτ’
1441 2959 1574 3011 αὐτὸ
1623 2955 1883 3021 δανείζων

297 3056 593 3118 ἐσκόπεις.
654 3056 805 3113 ὅπως
833 3055 903 3106 τὰ
937 3054 1066 3106 ὄντα
1116 3051 1194 3121 τῷ
1237 3050 1436 3121 πένητι
1480 3049 1619 3118 πρὸς
1656 3049 1882 3103 σεαυτὸν

298 3150 690 3220 μεταστήσῃς,
714 3147 790 3217 τῷ
813 3147 921 3200 τῶν
942 3147 1116 3199 τόκων
1135 3144 1380 3215 ὀνόματι.
1416 3144 1478 3197 Εἰ
1505 3144 1560 3197 δὲ
1594 3144 1654 3196 τὸ
1674 3142 1882 3196 δάνειον

1985 2334 2390 2403 pinguefactum
2425 2335 2670 2391 devoret.
2707 2333 2771 2388 Et
2817 2342 2873 2388 tu
2909 2333 3073 2401 igitur
3108 2332 3225 2395 das,
3264 2338 3324 2385 ut
3369 2328 3550 2385 fructu

1983 2441 2048 2479 ex
2081 2425 2276 2480 alienis
2306 2426 2587 2481 laboribus
2615 2435 2888 2495 percepto,
2925 2425 3209 2492 pecuniam
3259 2432 3406 2476 tuam
3453 2437 3555 2477 cu-

1984 2518 2180 2573 mules.
2230 2517 2380 2571 itane
2411 2533 2540 2573 vero
2574 2518 2891 2573 misericors
2918 2517 3013 2571 es?
3040 2518 3105 2571 Et
3135 2532 3241 2571 non
3289 2524 3342 2569 te
3379 2517 3549 2585 pudet

1985 2609 2065 2661 rei
2090 2605 2341 2679 omnium
2370 2600 2695 2675 turpissima:
2726 2607 3270 2679 sceleratissiumque
3295 2609 3551 2678 pulcher-

1984 2696 2184 2751 rimum
2219 2710 2415 2751 nomen
2450 2696 2765 2764 imponere?

2058 2786 2161 2842 Sed
2195 2787 2393 2841 multas
2419 2803 2445 2840 a
2478 2797 2790 2858 paupertate
2834 2788 3137 2855 vindicavi,
3185 2790 3377 2861 inquit.
3428 2787 3549 2850 Non

1984 2880 2112 2951 quia
2154 2888 2210 2934 tu
2251 2880 2305 2934 id
2351 2880 2703 2944 deliberares,
2745 2881 2840 2937 sed
2883 2882 2960 2936 ita
3008 2884 3207 2940 evenit.
3268 2882 3348 2937 Tu
3398 2886 3547 2939 enim

1984 2972 2359 3027 tantummodo
2391 2973 2715 3042 compendia
2763 2982 2855 3029 tua
2902 2975 3198 3045 cogitabas,
3240 2977 3340 3029 hoc
3371 2976 3545 3044 ipsum

1983 3077 2230 3121 mutuum
2265 3065 2445 3119 dando
2477 3067 2784 3134 spectabas,
2818 3076 2877 3121 ut
2924 3069 3094 3122 mutui
3147 3068 3365 3123 nomine
3406 3067 3546 3122 bona

1986 3157 2239 3227 pauperis
2270 3155 2338 3211 ad
2371 3165 2421 3211 te
2450 3158 2794 3211 transferres.
2820 3156 2973 3223 Quod
3005 3160 3052 3214 si
3084 3159 3174 3213 ille
3196 3171 3387 3213 mutuo
3412 3157 3547 3214 bene

292 3241 576 3319 γεωργῶν
610 3242 839 3302 ἐκεῖνος,
872 3239 1077 3291 καλλίω
1104 3238 1374 3308 πεποίηκε
1409 3237 1507 3306 τὴν
1549 3236 1761 3299 οὐσίαν,
1785 3235 1874 3289 καὶ

1984 3248 2246 3304 collocato
2287 3262 2399 3302 rem
2437 3262 2591 3302 suam
2625 3248 2975 3318 ampliﬁcavit
3000 3290 3016 3317 ,
3062 3258 3546 3319 paupertatemque

300 3336 411 3404 τὴν
444 3333 639 3386 πενίαν
662 3333 763 3401 τῆς
790 3331 968 3393 οἰκίας
996 3330 1272 3395 ἐξέῦαλεν,
1307 3332 1370 3385 οὐ
1404 3332 1494 3384 σὺν
1524 3330 1703 3400 ἱργον.
1735 3330 1794 3383 Ei
1822 3329 1878 3384 δὲ

295 3434 400 3487 καὶ
432 3432 592 3485 τοῦτο
638 3430 904 3500 δώσομεν,
929 3428 998 3480 δι’
1019 3422 1094 3482 ὧν
1142 3428 1401 3498 ἔχρησας,
1440 3427 1501 3481 ού
1540 3425 1609 3479 δι’
1638 3422 1714 3481 ὧν
1743 3426 1879 3476 ἀπε-

299 3527 609 3596 στέρησας.
650 3525 764 3578 Νῦν
802 3524 860 3576 δὲ
908 3525 1041 3592 ἡμῖν
1078 3521 1299 3590 φεύγεις
1354 3522 1417 3574 οὐ
1464 3520 1573 3573 τῶν
1625 3520 1872 3582 δανείων,

293 3615 420 3672 οὐδ’
452 3616 536 3668 ὅτι
571 3613 645 3684 μὴ
674 3613 783 3667 τῶν
830 3613 1073 3683 ἀρχαίων
1114 3612 1378 3680 ἀπέστης,
1423 3609 1537 3664 ἀλλ’
1567 3611 1648 3663 ὅτι
1680 3610 1875 3672 τόκους

292 3707 727 3775 προσαπαιτεῖς.
786 3703 956 3757 Τοῦτο
1003 3703 1059 3755 δὲ
1109 3703 1208 3770 ούχ
1258 3701 1549 3772 ὑπερόριον
1599 3701 1873 3769 ποιεῖτὴν

291 3800 524 3862 πενίαν,
561 3797 697 3850 ἀλλά
726 3797 975 3864 κατάγει.
1008 3795 1131 3848 Οὐδ’
1166 3793 1389 3859 ἐξέϐαλέ
1420 3811 1475 3846 τι
1519 3792 1628 3846 τῶν
1658 3793 1767 3847 σῶν
1794 3794 1873 3854 είς

289 3894 387 3946 τὸν
422 3893 656 3960 πένητα,
687 3889 796 3945 τῶν
827 3891 1037 3943 ἐκείνου
1076 3887 1133 3940 δὲ
1182 3886 1281 3949 τὰς
1315 3888 1415 3947 σὰς
1468 3886 1730 3953 ἐνέπλησε
1762 3885 1875 3953 χεί-

293 4003 421 4054 ρας.
454 3985 568 4036 Καὶ
616 3984 697 4035 σοὶ
726 3983 826 4050 μὲν
856 3982 1038 4034 πλεῖον
1072 3980 1297 4049 ἐποίησε
1336 3977 1635 4046 ἀργύριον·
1673 3975 1872 4045 ἐκείνῳ

290 4077 352 4131 δὲ
378 4076 552 4142 κενὴν
586 4075 683 4143 τὴν
706 4074 911 4127 οἰκίαν.
940 4071 1129 4126 Ταῦτα
1156 4069 1537 4141 φιλανθρωπία
1578 4066 1675 4120 καὶ
1703 4067 1872 4134 πενή-

289 4183 404 4220 των
442 4167 708 4235 πρόνοιας
765 4165 861 4215 καὶ
902 4162 955 4216 τί
1009 4162 1208 4216 κωλύει
1263 4162 1357 4213 καὶ
1419 4161 1481 4212 τὸ
1527 4158 1871 4212 ἀποκτείνειν

293 4259 503 4322 σώζειν
532 4257 759 4322 οἴεσθαι,
792 4255 887 4309 καὶ
917 4255 980 4307 τὸ
1006 4255 1327 4324 ἀποστερεῖν
1354 4255 1631 4325 χορηγεῖν,
1669 4250 1762 4304 καὶ
1808 4250 1869 4303 τὸ

291 4350 442 4422 λιμῷ
493 4348 700 4413 πιέζειν
752 4348 995 4414 τρέφειν,
1025 4347 1117 4400 καὶ
1151 4347 1212 4399 τδ
1243 4347 1457 4417 πληγὰς
1487 4345 1748 4399 ἐκτείνειν
1776 4358 1869 4411 φι-

291 4440 723 4509 λοφρονεῖσθαις
757 4440 854 4492 καὶ
890 4438 1034 4492 οὕτω
1081 4439 1259 4493 πάντα
1314 4440 1686 4507 συγκυκήσεις
1729 4436 1869 4507 χρή-

298 4549 472 4599 ματα.
526 4530 705 4593 Γέλως
748 4528 922 4583 ταῦτα
984 4530 1075 4582 καὶ
1121 4528 1309 4597 λῆρος,
1361 4527 1453 4580 καὶ
1482 4526 1634 4579 οὐδὲν
1689 4526 1863 4595 ὑγιές.

1980 3343 2140 3395 domo
2171 3353 2268 3393 sua
2306 3339 2486 3408 ejecit,
2516 3354 2621 3393 non
2651 3350 2801 3393 tuum
2850 3339 2954 3394 hoc
3001 3355 3138 3408 opus
3179 3354 3281 3394 est.
3313 3340 3468 3405 Quod
3494 3340 3544 3394 si

1979 3435 2145 3489 etiam
2193 3433 2375 3489 isthuc
2409 3431 2739 3495 dederimus,
2783 3441 2948 3495 certe,
2983 3440 3253 3499 quatenus
3297 3445 3545 3486 commo-

1977 3524 2140 3589 dasti,
2178 3538 2283 3577 non
2307 3529 2576 3590 quatenus
2603 3536 2725 3574 eum
2772 3517 3061 3581 iraudasti,
3086 3518 3357 3588 proluisti.
3388 3517 3543 3571 Nunc

1978 3631 2083 3670 non
2122 3614 2401 3670 accusaris
2435 3626 2464 3666 a
2492 3611 2652 3666 nobis
2677 3610 2822 3681 quod
2849 3610 2944 3664 das
2977 3618 3244 3673 mutuum,
3274 3624 3373 3661 nec
3396 3607 3541 3677 quod

1976 3717 2179 3761 sortem
2215 3706 2438 3775 repetis,
2486 3704 2579 3758 sed
2612 3704 2760 3772 quod
2813 3702 3035 3769 insuper
3071 3714 3296 3755 usuram
3328 3688 3539 3768 exigis.

1973 3800 2089 3856 lloc
2128 3814 2236 3853 non
2278 3797 2937 3898 proﬂigat.paupertatein
2965 3835 2980 3858 ,
3013 3798 3107 3851 sed
3139 3795 3391 3865 inducit;
3442 3811 3541 3851 nec

1972 3888 2173 3960 aliquid
2209 3898 2427 3945 tuorum
2472 3886 2864 3958 in'pauperem
2903 3886 3137 3951 confert,
3167 3892 3259 3942 sed
3301 3888 3418 3955 ejus
3453 3905 3511 3941 re

1972 3983 2077 4037 bus
2111 3998 2305 4037 manus
2333 3992 2453 4036 tuas
2499 3980 2721 4048 implet;
2756 3996 2819 4035 ac
2871 3980 2964 4033 tibi
2997 3980 3216 4047 quidem
3249 3980 3535 4048 pecuniam

1972 4081 2282 4143 exaggerat.
2314 4073 2387 4126 illi
2422 4076 2639 4125 domum
2669 4071 2934 4124 exinanit.
2983 4069 3222 4123 Haecine
3278 4070 3534 4123 humani-

1973 4176 2055 4222 tas
2106 4172 2161 4219 et
2194 4178 2324 4216 cura
2358 4161 2700 4232 pauperum?
2734 4160 2797 4212 Et
2842 4161 2971 4225 quid
3015 4160 3196 4213 obstat
3227 4161 3358 4228 quin
3393 4160 3540 4214 occiv

1968 4261 2098 4314 dere
2129 4266 2347 4328 putetur
2383 4268 2604 4309 scrvare
2625 4291 2641 4317 ,
2683 4267 2735 4306 et
2763 4252 3110 4315 defraudare,
3141 4252 3491 4321 suppeditare
3515 4292 3532 4317 ,

1969 4357 2023 4403 et
2060 4348 2203 4402 fame
2229 4346 2496 4409 cruciare,
2526 4356 2779 4412 pascere,
2815 4351 2870 4394 et
2922 4341 3111 4411 plagas
3155 4341 3418 4406 incutere,
3450 4340 3534 4395 l'a-

1967 4455 2097 4494 vore
2123 4437 2416 4509 prosequi?
2443 4436 2532 4491 Sic
2564 4450 2649 4489 res
2676 4447 2868 4490 omnes
2900 4432 3277 4502 permiscebis.
3316 4430 3539 4486 Ridicu-

1968 4532 2102 4596 lum,
2140 4547 2327 4602 nugae,
2365 4530 2499 4585 nihil
2548 4531 2778 4602 simplex
2829 4529 2919 4584 hic
2962 4537 3017 4584 et
3071 4530 3368 4582 sincerum.
3420 4525 3537 4581 imo

293 4623 523 4674 Μᾶλλον
575 4621 651 4685 δὲ,
697 4624 746 4672 εί
777 4621 950 4687 γέλως
984 4615 1072 4689 ἦν,
1104 4619 1329 4673 ἀνεκτὸν
1372 4617 1439 4672 ἂν
1465 4611 1533 4688 ἦν
1558 4635 1574 4649 ο
1615 4616 1711 4670 νῦν
1732 4616 1788 4670 δὲ
1838 4618 1865 4668 ό

1977 4638 2096 4677 vero
2128 4623 2174 4677 si
2202 4621 2513 4686 ridiculum,
2543 4616 2804 4675 sustineri
2837 4627 3019 4689 posset
3051 4628 3066 4671 :
3108 4632 3254 4671 nunc
3290 4618 3535 4684 ploratus

298 4710 580 4778 κλαυθμὸς
624 4710 716 4762 καὶ
743 4714 771 4763 ό
807 4709 1048 4782 βρυγμὸς
1082 4711 1190 4767 τῶν
1223 4710 1449 4763 ὀδόντων
1503 4711 1531 4763 ὁ
1558 4709 1667 4761 τῶν
1690 4709 1867 4763 τόκων

302 4804 424 4854 ἐστὶ
447 4801 677 4867 καρπὸς,
724 4803 819 4855 καὶ
870 4802 932 4856 τὸ
964 4803 1100 4874 μετά
1130 4805 1403 4872 δαιμόνων
1454 4802 1551 4857 καὶ
1579 4800 1772 4854 τούτου
1802 4800 1868 4871 δὴ

302 4893 401 4945 τοῦ
455 4893 743 4962 δυστυχοῦς
793 4893 993 4946 κύκλου
1041 4895 1421 4966 κληρονομεῖν.
1486 4913 1505 4947 ι
1562 4893 1866 4966 Πορεύεσθε

302 4989 440 5057 γὰρ,
474 4987 658 5055 φησιν,
697 4985 792 5038 ἀπ’
822 4986 980 5055 ἐμοῦ,
1015 4988 1065 5039 oi
1089 4988 1484 5059 κατηραμένοι,
1538 4988 1619 5049 είς
1662 4985 1724 5040 τὸ
1754 4984 1865 5057 πῦρ

300 5079 364 5131 τδ
400 5076 631 5130 αίώνιον.
668 5094 685 5127 ι

388 5169 530 5222 Ἀλλ’
566 5168 718 5221 οὐδὲν
750 5166 886 5237 πρός
935 5184 1003 5237 με
1034 5168 1227 5231 ταῦτα,
1259 5173 1445 5239 φησὶν,
1492 5170 1549 5233 ὃς
1597 5169 1864 5241 ἀργυρίου

303 5260 585 5328 μετέδωκα
627 5258 704 5327 τῷ
747 5257 960 5328 πένητι,
998 5261 1092 5311 καὶ
1131 5260 1427 5331 τραπέζης,
1465 5263 1558 5315 καὶ
1594 5262 1861 5330 ίμςιιτίων⁸

302 5352 423 5406 ἀλλ’
454 5353 516 5406 οὐ
550 5353 657 5404 τῶν
690 5351 928 5415 οίκείων,
960 5350 1063 5414 ἕως
1088 5351 1275 5415 τόκους
1320 5355 1378 5405 ai
1410 5357 1593 5424 χεῖρες
1625 5353 1860 5423 ἔχουσιν.

310 5445 371 5498 '0
402 5444 457 5496 δέ
490 5443 672 5513 νόμος,
702 5442 822 5493 Τῶν
850 5440 1067 5508 σαυτοῦ,
1097 5444 1249 5513 φησὶ,
1284 5444 1633 5513 μεταδώσεις,
1657 5445 1777 5497 οὐδὲ
1813 5445 1863 5497 εί

306 5535 401 5600 μὲν
434 5535 558 5597 τοὺς
585 5532 781 5596 τόκους
811 5532 1055 5596 ἅπαντας
1080 5536 1160 5596 εἰς
1181 5536 1308 5599 τοὺς
1338 5536 1577 5604 πένητας
1614 5536 1826 5608 ῥίπτεις
1845 5552 1859 5567 '

301 5624 486 5678 ἔπειτα
519 5626 572 5678 τί
605 5626 699 5677 καὶ
745 5624 1076 5693 λαμϐάνεις
1130 5627 1225 5679 καὶ
1270 5627 1360 5679 τὸν
1397 5625 1492 5680 τοῦ
1532 5629 1666 5681 Θεοῦ
1713 5628 1861 5690 λύεις

300 5716 484 5782 νόμον,
520 5716 790 5786 τοσαύτην
834 5717 1039 5786 τόλμαν
1067 5717 1280 5788 τολμῶν
1310 5719 1434 5771 ὅθεν
1469 5722 1571 5775 οὐκ
1603 5721 1716 5777 ἔστι
1736 5737 1867 5786 κερ-

303 5804 497 5861 δαίνειν
523 5809 692 5864 οὐδέν.
723 5810 784 5862 Ei
824 5809 869 5876 δῖ
894 5802 970 5872 ὧν
1002 5810 1295 5882 λαμϐάνεις
1332 5812 1540 5869 ἐλάττω
1586 5816 1743 5883 δίδως
1769 5821 1863 5873 καὶ

1971 4724 2024 4770 et
2055 4714 2260 4770 stridor
2288 4715 2534 4768 dentium
2570 4726 2863 4767 usurarum
2913 4708 3123 4763 {ructus
3166 4717 3268 4770 est,
3307 4716 3360 4761 et
3407 4723 3531 4761 cum

1972 4808 2310 4863 dwmonibus
2355 4815 2409 4859 et
2464 4806 2848 4860 damnatorum
2889 4801 3095 4856 inl‘eli‘ci
3128 4801 3283 4855 turba
3328 4801 3531 4868 perpeti

1970 4898 2309 4953 atrocissima
2349 4899 2434 4949 Ait
2458 4895 2602 4950 enim
2639 4912 2653 4948 :
2696 4913 2714 4947 ι
2754 4893 3014 4949 Discedite
3040 4905 3070 4945 a
3097 4906 3206 4956 me,
3235 4889 3527 4951 maledicti,

1971 4989 2240 5059 insignem
2270 4997 2528 5043 aeternum
2555 5029 2570 5054 ,
2596 4988 2688 5057 qui
2747 4999 2972 5055 paratus
2996 4991 3078 5039 est
3108 4982 3321 5036 diabolo
3353 4992 3406 5036 et
3436 4999 3533 5036 att-

1971 5083 2106 5154 gelis
2136 5082 2275 5152 ejus.
2307 5102 2324 5134 ι

2041 5175 2186 5230 Nihil
2219 5176 2282 5229 ad
2336 5192 2422 5230 me
2452 5175 2577 5240 isra,
2620 5174 2696 5228 ait
2727 5171 3023 5237 fenerator,
3059 5171 3151 5240 qui
3191 5171 3408 5241 pauperi
3441 5185 3530 5224 ar-

1969 5276 2216 5339 gentum,
2254 5276 2309 5321 et
2358 5267 2557 5322 victum
2587 5307 2604 5333 ,
2635 5274 2689 5319 et
2721 5274 2894 5319 vestes
2928 5264 3291 5319 commodavi.
3322 5266 3387 5316 At
3418 5278 3526 5315 non

1967 5363 2036 5416 de
2070 5360 2327 5431 propriis,
2363 5360 2602 5430 quandiu
2651 5358 2707 5411 in
2764 5356 3016 5411 manibus
3069 5365 3148 5410 est
3194 5370 3381 5410 usura.
3417 5353 3527 5406 Lex

1966 5460 2146 5507 autem
2172 5452 2324 5523 jubet
2349 5451 2416 5504 de
2451 5449 2567 5505 suis
2595 5449 3017 5503 communicare.
3048 5447 3102 5500 Si
3146 5458 3199 5500 tu
3234 5461 3361 5499 vero
3395 5458 3528 5496 usu-

1969 5557 2061 5596 ras
2091 5557 2282 5598 omnes
2322 5541 2380 5594 in
2424 5554 2688 5608 pauperes
2717 5537 2982 5601 edundas,
3017 5537 3247 5603 primum
3281 5532 3520 5586 nondum

1971 5642 2062 5688 tua
2095 5631 2354 5701 prodigis.
2389 5629 2590 5683 Deinde
2618 5644 2714 5683 cur
2740 5626 2966 5696 accipis,
3004 5633 3260 5689 tantaque
3295 5620 3523 5677 audacia

1970 5720 2333 5792 suscipienda,
2364 5721 2505 5772 unde
2542 5719 2633 5773 tibi
2672 5717 2809 5772 nihil
2839 5715 3053 5784 prodes,
3091 5713 3179 5764 Dei
3206 5711 3372 5780 legem
3401 5711 3522 5764 vio-

1971 5818 2087 5871 las?
2117 5815 2267 5881 Quod
2295 5814 2339 5869 si
2374 5813 2554 5869 minus
2588 5812 2703 5878 das,
2728 5823 2890 5879 quam
2921 5803 3196 5873 accepisti,
3230 5817 3403 5872 neque
3425 5810 3519 5864 tua
