4196 6308
640 349 750 414 735

646 565 801 612 tanto
841 557 1080 615 deterior
1112 577 1169 617 es
1202 564 1270 621 iis
1302 568 1394 636 qui
1447 570 1500 622 in
1554 572 1861 639 gehennam
1906 577 2215 643 mittantur,

644 658 852 716 quanto
880 652 1216 710 tolerabilius
1241 667 1325 712 est
1359 675 1459 715 nec
1490 661 1629 717 bene
1658 665 1915 734 cuipiam,
1951 684 2049 723 nec
2078 670 2217 725 male

643 738 849 800 facere.
883 755 1046 809 quam
1082 747 1425 804 malefacere.

717 827 823 883 Sed
850 829 956 894 lex,
988 832 1181 902 inquit,
1206 841 1482 893 communi
1509 842 1654 897 bono
1680 847 2028 919 adversatur;
2060 870 2221 924 opor-

641 930 719 977 tet
753 924 895 977 enim
933 925 988 978 in
1039 926 1355 986 civitatibus
1402 934 1700 992 creditores
1742 954 1885 996 esse.
1921 943 2083 1014 Atqui
2126 964 2216 1002 sn-

642 1012 795 1067 blato
840 1014 1025 1070 fenore
1056 1020 1190 1074 nulli
1235 1023 1345 1079 sint
1380 1040 1604 1082 necesse
1653 1039 1735 1083 est
1768 1032 1861 1099 qui
1917 1034 2050 1103 dent
2099 1053 2219 1093 mu-

639 1111 817 1160 tuum.
852 1109 995 1165 Deus
1025 1113 1243 1180 quidem
1273 1118 1421 1186 quod
1455 1120 1761 1177 conducere
1815 1127 2067 1189 censuit,
2116 1130 2218 1187 hoc

640 1197 759 1267 lege
787 1204 1142 1272 praescripsit.
1173 1206 1252 1261 Tu
1299 1208 1474 1278 legem
1521 1215 1801 1285 antiquas,
1838 1226 1893 1273 et
1939 1222 2219 1278 meliorem

638 1288 918 1347 ferendam
949 1304 1128 1363 putas,
1171 1314 1336 1368 quam
1368 1301 1513 1358 Deus
1561 1308 1782 1375 tulerit,
1829 1322 1882 1365 et
1934 1317 2215 1371 communi

639 1382 926 1440 hominum
953 1389 1349 1446 consulendum
1389 1397 1716 1466 sapientius,
1747 1405 2219 1472 prospiciendum-

636 1490 744 1544 que
774 1479 1088 1536 humanius.
1132 1481 1274 1540 Sane
1300 1487 1344 1540 si
1376 1488 1629 1556 Athenis,
1658 1508 1982 1563 progressus
2010 1499 2064 1553 in
2103 1518 2215 1556 meo

639 1569 813 1634 dium,
849 1570 1069 1629 Solonis
1100 1574 1245 1646 leges
1287 1579 1633 1650 abroganoas
1677 1587 1908 1643 suadere
1958 1591 2214 1647 institue-

638 1678 750 1728 res,
784 1666 1123 1723 moriendum
1152 1670 1246 1725 tibi
1278 1670 1437 1741 foret,
1465 1685 1757 1746 antequam
1784 1696 1969 1737 vocem
1999 1686 2212 1741 ederes:

637 1769 782 1810 nunc
815 1756 906 1812 Dei
938 1758 1109 1829 legem
1152 1778 1418 1822 accusans
1445 1807 1459 1827 .
1490 1777 1546 1823 et
1578 1771 1796 1839 quidem
1846 1774 2060 1843 injuriae
2112 1794 2213 1848 pu-

1901 371 2214 434 NlCOLAI
2254 368 2652 445 CABASlL/E

647 462 770 529 das,
821 474 873 519 et
930 466 1113 523 adhuc
1165 470 1345 527 aliena
1394 476 1631 533 retinere
1681 479 2129 548 deprehenderis,
2174 494 2214 540 el

2337 500 2473 565 πρός
2507 518 2572 567 γε
2616 504 2695 558 ἔτι
2728 506 3019 579 τάλλότρια

3791 401 3897 465 736

3067 511 3314 580 κατέχων
3340 510 3538 583 ἁλίσκῃ
3561 525 3578 542 ⁸
3628 512 3723 565 καὶ
3770 529 3892 565 τοσο

2326 589 2468 662 ούτῳ
2494 593 2688 663 χείρων
2707 593 2881 660 eisi-3v
2909 601 2987 663 εἰς
3019 600 3114 671 τὴν
3138 603 3364 669 γέενναν
3388 605 3567 656 άποπε
3578 606 3891 673 μπομένων,

2324 679 2451 732 ὅσον
2487 683 2864 754 ἀνεκτότερον,
2896 689 2958 741 τὸ
2991 692 3131 760 μήτε
3166 687 3225 746 εὖ
3261 692 3504 762 ποιῆσαι,
3537 696 3676 764 μήτε
3698 694 3889 758 κακῶς

2325 772 2417 823 τοῦ
2445 773 2640 840 δρᾶσαι
2672 778 2879 841 κακῶς.

2409 862 2548 915 Ἀλλ’
2576 866 2605 916 ὁ
2635 866 2796 935 νόμος
2830 867 2907 937 τῷ
2939 870 3106 941 κοινῷ
3130 870 3403 925 λυσιτελεῖ
3433 874 3683 942 πολεμεῖ,
3720 877 3886 951 φησί’·

2322 954 2405 1007 δεῖ
2441 956 2548 1025 γὰρ
2592 958 2652 1009 ὲν
2701 962 2822 1019 ταῖς
2872 961 3059 1016 πόλεσι
3108 966 3349 1033 χρήστας
3402 965 3566 1022 εἶναι.
3619 969 3808 1022 Τόκων
3836 970 3890 1021 δὲ

2324 1047 2754 1118 ἀναιρουμένων,
2781 1053 2997 1124 ἀνάγκη
3026 1053 3271 1125 χρήστας
3299 1059 3373 1128 μὴ
3407 1051 3570 1112 εἶναι.
3603 1061 3712 1113 Καὶ
3736 1062 3765 1113 ό
3793 1061 3890 1128 μὲν

2323 1137 2475 1204 Θεὸς,
2504 1141 2531 1193 ὅ
2550 1159 2602 1195 τι
2639 1147 2944 1216 συμφέρειν
2969 1148 3219 1217 ἐνόμισεν
3252 1150 3417 1220 ἔθηκε
3435 1168 3452 1185 °
3483 1154 3548 1206 σὺ
3579 1153 3635 1206 δὲ
3662 1155 3890 1225 διαγρά-

2325 1245 2467 1298 φεις,
2503 1234 2597 1286 καὶ
2628 1234 2731 1289 οἴει
2774 1236 2839 1307 δὴ
2873 1238 2969 1291 τοῦ
3011 1238 3148 1293 Θεοῦ
3178 1240 3382 1297 καλλίω
3412 1245 3764 1313 νομοθετείν;
3799 1250 3892 1301 καὶ

2322 1320 2416 1372 τοῦ
2439 1324 2620 1377 κοινοῦ
2647 1324 2754 1378 τῶν
2786 1326 3091 1397 ἀνθρώπων
3120 1333 3473 1401 προνοεῖσθαι
3511 1334 3610 1404 μὲν
3652 1338 3891 1406 σοφώτε-

2324 1427 2437 1480 ρον,
2470 1413 2730 1481 κήδεσθαι
2760 1416 2816 1469 δὲ
2849 1419 3396 1492 φιλανθρωπότερονς
3427 1424 3536 1477 Καὶ
3568 1427 3616 1477 εί
3662 1427 3760 1495 μὲν
3795 1429 3890 1480 Σό-

2325 1498 2492 1563 λωνος
2515 1501 2547 1571 ἢ
2572 1503 2894 1574 Λυκούργου
2916 1509 3078 1578 νόμον
3096 1511 3272 1576 ἔλυες,
3290 1514 3559 1584 Ἀθήνῃσι
3587 1518 3887 1585 παρελθὼν,

2324 1592 2425 1645 κᾶν
2445 1594 2791 1663 ἀπέθνησκες
2812 1601 2943 1669 πρὶν
2966 1603 3185 1680 ἀφεῖναι
3213 1609 3399 1676 φωνήν
3424 1626 3437 1638 ·
3476 1609 3571 1663 νῦν
3596 1610 3652 1663 δὲ
3681 1610 3772 1663 τὸν
3798 1612 3888 1665 τοῦ

2322 1683 2458 1736 Θεοῦ
2488 1685 2651 1755 νόμον
2694 1693 3067 1760 γραφόμενος,
3106 1700 3199 1750 καὶ
3234 1698 3408 1752 ταῦτα
3461 1700 3739 1768 δημοσίων
3781 1705 3893 1758 ἀδι-

2323 1776 2608 1845 κημάτων,
2635 1780 2696 1833 οὐ
2718 1784 3019 1853 παράνοιαν
3041 1787 3146 1857 ἡγῇ
3178 1790 3275 1858 τὴν
3297 1790 3530 1859 τόλμαν,
3548 1792 3669 1845 οὐδὲ
3697 1795 3891 1862 μανίαν

639 1847 813 1913 blicaa,
842 1865 949 1906 non
988 1852 1128 1908 hanc
1164 1858 1520 1914 temeritatem
1555 1871 1712 1930 putas
1761 1865 2058 1934 iniuriam;
2106 1886 2214 1925 non

2320 1869 2420 1937 τὴν
2449 1869 2708 1941 ἐσχάτην,
2740 1846 2861 1929 οῦδὲ
2895 1846 3179 1946 σκηπτοῦς
3210 1846 3561 1953 προσδοκᾷςς
3615 1846 3813 1952 μᾶλλον
3836 1888 3891 1940 δὲ

637 1945 933 1998 amentiam
964 1956 1286 2011 extremam,
1315 1964 1414 2005 nec
1445 1952 1650 2009 fulmen
1681 1960 1898 2014 metuis.
1916 1960 2058 2026 Quin
2096 1963 2211 2019 into

638 2048 748 2087 non
783 2045 939 2091 erant
973 2038 1131 2093 nobis
1164 2042 1328 2097 verba
1368 2043 1610 2101 facienda
1641 2047 1712 2102 ad
1748 2059 1855 2104 tam
1889 2053 2213 2122 insipientes

637 2140 792 2194 aeque
846 2144 909 2184 ac
956 2135 1297 2205 temerarios.
1329 2136 1406 2194 Ne
1443 2148 1623 2197 tamen
1661 2145 2052 2209 existimentur
2102 2154 2207 2207 ali-

638 2220 769 2288 quid
800 2221 983 2278 dicere
1010 2235 1063 2281 et
1093 2230 1357 2296 quosdam
1404 2231 1457 2286 in
1497 2248 1738 2291 errorem
1776 2238 2067 2310 deducant,
2099 2260 2222 2299 om;

640 2314 795 2369 nium
833 2318 1160 2375 saeculorum
1192 2325 1531 2393 respublicas
1557 2328 1696 2384 bene
1733 2342 2061 2402 temperatas
2087 2354 2216 2393 con-

636 2405 956 2476 sideremus,
985 2410 1260 2483 inquibus
1287 2414 1462 2473 fennri
1487 2424 1793 2477 exercendo
1821 2424 1974 2482 locus
2018 2432 2208 2487 nullus

636 2494 762 2554 fuit.

710 2589 975 2658 Primum,
1007 2593 1219 2651 Hebraei
1261 2613 1375 2668 quo
1427 2600 1760 2660 infeliciores
1797 2607 2042 2676 fuerunt,
2084 2615 2214 2684 quia

636 2680 810 2746 legem
865 2689 1209 2743 servarunt?
1269 2706 1449 2747 nonne
1489 2693 1835 2754 felicissimi?
1877 2718 2057 2759 nonne
2099 2716 2215 2762 tro-

644 2776 780 2843 paeis
828 2775 1170 2835 ﬂoruerunt?
1219 2798 1400 2840 nonne
1462 2788 1705 2845 hostium
1747 2795 2001 2863 regiones
2048 2815 2216 2855 occu-

637 2868 873 2936 parunt?
920 2867 1019 2936 Qui
1048 2887 1213 2941 porro
1242 2891 1388 2932 nunc
1420 2879 1766 2938 Palastinam
1796 2887 2048 2945 habitant
2077 2892 2214 2947 Bar-

636 2958 776 3022 bari,
805 2969 858 3015 et
885 2978 1015 3033 gens
1048 2972 1155 3019 tam
1190 2966 1449 3039 frequens
1477 2972 1798 3033 Latinorum
1827 3021 1841 3045 ,
1875 2990 2086 3038 tantum
2132 2987 2214 3041 le-

636 3067 756 3119 gem
790 3070 898 3108 non
933 3056 1242 3126 adorantes,
1275 3077 1461 3119 nonne
1496 3066 1641 3122 bene
1668 3071 1906 3128 habent?
1936 3075 2078 3134 Solis
2113 3095 2214 3134 no-

2320 1958 2425 2012 ἔδει
2451 1960 2552 2029 μὲν
2576 1963 2708 2032 ἡμῖν
2743 1965 2955 2030 οὐδενὸς
2977 1969 3076 2041 ἤδη
3109 1971 3268 2039 λόγου
3299 1973 3432 2045 πρὸς
3480 1976 3608 2037 τοὺς
3638 1978 3890 2047 ἀνοήτους

2317 2050 2562 2116 τούτους,
2602 2057 2699 2125 οὐχ
2746 2053 2909 2129 ἦττον
2943 2062 2975 2128 ἢ
3022 2062 3347 2132 τολμηρούς,
3389 2066 3476 2129 Ὠς
3515 2066 3581 2120 ἂν
3614 2068 3671 2120 δὲ
3704 2070 3779 2140 μὴ
3810 2070 3892 2123 λέ-

2317 2157 2437 2209 γειν
2465 2160 2520 2197 τι
2540 2145 2842 2215 δοκοῦντες,
2874 2151 3052 2214 ἐνίους
3079 2152 3393 2218 ἐξαπατῶσι
3417 2195 3433 2225 ,
3480 2158 3773 2226 σκοπῶμεν
3794 2160 3890 2223 τὰς

2318 2237 2384 2288 ὲκ
2429 2236 2523 2289 τοῦ
2576 2241 2779 2302 παντὸς
2828 2242 3026 2307 αίῶνος
3057 2246 3357 2311 πολιτείας,
3404 2249 3461 2303 αἶ
3501 2250 3685 2314 καλῶς
3715 2252 3892 2304 ἐπολί-

2317 2343 2543 2394 τευσαν,
2579 2324 2656 2386 ὧν
2694 2334 2853 2399 τόκος
2881 2330 2949 2408 ἦν
2978 2338 3240 2408 οὐδαμοῦ.

2389 2604 2498 2657 Καὶ
2539 2604 2759 2675 πρῶτον
2807 2604 3055 2677 Ἑϐραῖοι
3093 2607 3147 2662 τί
3178 2611 3361 2679 χεῖρον
3388 2610 3653 2680 ἔπραξαν,
3679 2588 3773 2667 Ιὅτι
3801 2615 3888 2668 τὸν

2317 2696 2482 2765 νόμον
2522 2695 2769 2763 ἐσωσανς
2820 2699 2881 2751 οὐ
2923 2700 3101 2764 πάντα
3149 2701 3448 2773 εὐτύχουν;
3495 2706 3555 2757 ού
3602 2706 3917 2779 τροπαίοις.

2315 2787 2598 2859 ἦνθησαν;
2646 2790 2706 2843 οὐ
2760 2789 2862 2861 τὴν
2904 2792 3182 2862 πολεμίων
3230 2794 3625 2863 ἐκαρπώσαντο
3654 2798 3794 2868 γῆν;
3834 2800 3884 2851 oi

2315 2877 2375 2931 δὲ
2400 2879 2888 2953 νῦνΠαλαιστίνην
2920 2882 3199 2948 οἰκοῦντες
3233 2886 3522 2958 βάρϐαροι,
3557 2889 3799 2944 τοσαῦτα
3827 2891 3884 2943 δὲ

2315 2970 2446 3041 γένη
2495 2971 2765 3036 Λατίνων,
2794 2974 2858 3025 οὐ
2891 2975 3052 3041 μόνον
3085 2975 3145 3029 οὐ
3194 2976 3283 3028 τὸν
3316 2978 3482 3047 νόμον
3513 2978 3883 3044 προσκυνοῦν-

2313 3079 2407 3126 τες
2435 3062 2495 3116 εὖ
2538 3065 2872 3134 πράττουσι;
2904 3067 3102 3131 Μόνοις
3130 3067 3189 3121 δὲ
3229 3070 3360 3138 ἡμῖν
3388 3070 3484 3122 οὐκ
3511 3064 3607 3121 οἷδ’
3635 3070 3662 3121 ὃ
3692 3086 3745 3121 τι
3778 3087 3879 3138 μα-

638 3143 724 3199 bis
769 3147 956 3202 nescio
1007 3150 1136 3218 quid
1180 3152 1610 3224 iutelligentibus
1657 3165 1876 3231 sapiens
1912 3168 2015 3224 hoc
2043 3187 2214 3240 genus

2319 3156 2498 3221 θοῦσι,
2523 3159 2584 3211 τὸ
2618 3158 2782 3227 σοφὸν
2809 3158 2967 3213 τοῦτο
2984 3161 3092 3215 τῶν
3110 3163 3456 3231 τοκογλύφων
3479 3162 3653 3230 γένος,
3684 3165 3880 3234 καινήν

637 3237 994 3301 creditorum.
1023 3257 1221 3298 novam
1259 3252 1554 3315 quamdam
1587 3255 1899 3322 reipublicae
1930 3263 2161 3318 saltttem
2195 3304 2212 3331 ,

635 3328 984 3400 iniquitatem
1021 3336 1234 3392 scilicet
1263 3339 1491 3409 invenit,
1523 3354 1580 3400 et
1624 3349 1850 3405 student
1884 3363 2215 3421 persuadere

637 3422 987 3495 hominibus,
1035 3445 1156 3501 quae
1197 3437 1377 3504 primo
1429 3435 1639 3492 homini
1685 3442 1893 3510 primus
1948 3446 2216 3516 impostor

634 3522 928 3588 persuasit,
957 3525 1234 3581 mandatis
1282 3526 1378 3583 Dei
1424 3546 1578 3585 suam
1611 3538 1937 3591 sententiam
1989 3550 2214 3613 antepo-

637 3625 789 3675 nere,
815 3623 871 3667 et
906 3613 997 3668 illa
1032 3617 1378 3688 negligenda,
1410 3624 1525 3678 suis
1555 3635 1734 3681 autem
1782 3630 2168 3689 atihmretidum
2194 3677 2210 3701 ,

638 3707 698 3754 ut
725 3703 969 3758 omnium
1001 3709 1256 3776 optimis;
1285 3720 1338 3765 et
1363 3714 1563 3769 violare
1594 3718 1679 3787 leg
1702 3734 1756 3784 ιε,
1795 3722 1927 3775 nihil
1954 3739 2073 3780 esse
2098 3728 2215 3797 pia-

637 3792 841 3854 culare,
866 3805 912 3850 et
955 3796 1180 3867 insuper
1208 3801 1259 3855 id
1294 3804 1646 3883 audentibus,
1681 3810 1830 3877 utile;
1863 3817 2214 3883 quemadmo-

637 3878 767 3934 dum
801 3893 1073 3941 veterator
1103 3888 1190 3946 ille
1222 3909 1237 3945 :
1277 3911 1296 3944 ι
1339 3892 1481 3958 Νοη,
1517 3878 1734 3969 inquit,
1790 3878 1965 3960 morte
2014 3916 2213 3965 morie-

637 3971 793 4035 mini,
827 3975 919 4029 sed
950 3978 1104 4035 eritis
1136 3982 1279 4037 sicut
1309 3984 1382 4038 dii
1410 3987 1505 4040 ⁷.’›
1534 3990 1616 4043 An
1654 4008 1761 4046 non
1800 3997 1933 4051 tales
1963 4010 2092 4054 sunt
2119 4003 2213 4056 ho-

635 4077 758 4118 rum
792 4069 998 4123 voces?
1031 4068 1096 4125 Et
1133 4072 1247 4127 haec
1276 4077 1583 4139 sentientes
1620 4099 1726 4137 non
1755 4090 2208 4159 contremiscunt,

634 4169 737 4210 nec
766 4159 1096 4216 erubescunt
1123 4183 1137 4217 :
1168 4165 1260 4220 sed
1293 4167 1344 4220 in
1380 4170 1583 4238 quibus
1618 4173 1719 4242 ipsi
1763 4178 2083 4246 reipublicae
2115 4184 2209 4238 de-

592 4278 597 4284 ε
636 4247 940 4305 trimentosi
965 4265 1115 4317 sunt,
1147 4265 1204 4310 et
1246 4271 1467 4329 pr0pter
1508 4279 1629 4333 quae
1683 4266 1888 4324 ultimis
1936 4275 2206 4329 mactandi

634 4350 819 4395 essent
844 4347 1203 4410 cruciatibus.
1230 4350 1426 4406 h'orum
1462 4354 1633 4424 legem
1663 4358 1901 4414 divinam
1925 4376 2207 4422 accusant.

635 4427 780 4485 Deus
809 4432 954 4487 enim
997 4444 1288 4506 utrumque
1320 4445 1576 4512 praecepit
1603 4485 1618 4509 ,
1667 4454 1723 4499 et
1756 4449 2054 4510 creditores
2089 4469 2209 4512 esse

634 4520 689 4572 in
720 4521 967 4587 urbibus,
1009 4537 1063 4580 et
1099 4543 1292 4583 usuras
1336 4533 1529 4588 abesse
1559 4536 1627 4590 ab
1671 4540 1919 4599 urbibus.
1950 4546 2015 4600 Hi
2055 4564 2207 4619 vero,
2233 4514 2287 4575 Β

633 4608 762 4678 quia
805 4625 912 4665 non
961 4610 1125 4669 liceat
1169 4615 1423 4683 lenerari,
1471 4623 1592 4679 ideo
1632 4643 1732 4683 nec
1785 4643 2036 4691 mutuum
2072 4608 2209 4695 dan:

632 4698 762 4752 dum
798 4709 1054 4769 putantes
1086 4704 1189 4775 ipsi
1219 4710 1525 4769 creditores
1550 4730 1613 4770 ex
1647 4719 1878 4779 urbibus
1911 4727 2129 4794 tollunt,
2153 4738 2209 4786 et

631 4803 695 4844 ea
721 4789 788 4845 de
823 4807 882 4845 re
909 4793 1077 4864 legem
1121 4802 1548 4868 reprehendunt.

701 4882 1027 4955 Quanquam
1063 4891 1111 4944 si
1146 4902 1396 4952 mutuum
1433 4902 1790 4974 non'poterat
1840 4925 2034 4976 purum
2081 4929 2204 4971 esse

633 4972 701 5027 ab
730 4991 917 5040 usura,
941 4987 995 5032 et
1020 4991 1215 5037 natura
1247 4987 1407 5042 aliter
1438 5008 1540 5047 non
1569 4972 1804 5060 sinebat,
1832 5000 1924 5053 sed
1958 5005 2207 5058 necessi-

582 5110 599 5121 .,
632 5073 742 5120 tate
773 5071 1082 5137 eveniebat,
1126 5084 1183 5129 ut
1212 5080 1444 5137 sublatis
1471 5087 1655 5141 usuris
1684 5104 1860 5158 neque
1904 5094 2206 5151 creditores

630 5172 751 5212 esse
773 5173 1016 5229 possent,
1042 5182 1258 5236 aequum
1284 5182 1401 5227 erat
1425 5177 1638 5246 culpam
1664 5180 1902 5236 tribuere
1932 5184 2061 5253 legi,
2085 5204 2207 5248 quae

630 5264 740 5303 non
786 5255 1057 5322 exegisset
1099 5259 1468 5333 feneratores,
1530 5270 1837 5327 induxisset
1883 5283 2061 5331 autem
2114 5294 2207 5348 per

628 5354 913 5419 eos,rquns_
943 5354 1254 5409 necessario
1283 5371 1393 5412 non
1423 5361 1707 5431 exegisset.
1753 5364 1907 5430 Quod
1947 5369 1991 5423 si
2042 5368 2193 5423 fene-

633 5432 792 5487 randi
824 5439 1128 5497 necessitas
1153 5446 1300 5499 nulla
1330 5463 1555 5518 prorsus
1577 5462 1682 5517 est,
1712 5470 1812 5510 nec
1835 5466 2031 5512 natura
2052 5460 2210 5528 quid-

632 5536 798 5589 quam
825 5537 969 5584 vetat
997 5535 1171 5601 gratis
1206 5541 1579 5604 commodare,
1621 5554 1676 5598 et
1702 5554 1973 5602 testantur
2003 5550 2056 5605 id
2086 5566 2207 5607 om-

633 5628 732 5670 nes
768 5621 1045 5691 mortales,
1086 5628 1181 5697 qui
1223 5638 1370 5686 tuam
1408 5637 1734 5693 sententiam
1765 5641 2116 5714 despiciunt;
2149 5655 2207 5703 tu

960 5713 1001 5737 ι.

965 5744 996 5765 ι.

710 5797 730 5827 ⁷
771 5796 909 5855 Gen.
947 5817 1030 5871 Ill,
1068 5804 1121 5873 ι,
1147 5805 1199 5863 5.
1512 5780 1590 5817 ’Ὢ

2316 3266 2438 3302 τινα
2472 3251 2746 3321 σωτηρίαν
2777 3250 2871 3304 τοῦ
2903 3253 3108 3319 κοινοῦ,
3139 3254 3239 3325 τὴν
3274 3258 3620 3325 παρανομίαν
3670 3256 3881 3327 ἐξεῦρε,

2317 3345 2414 3397 καὶ
2445 3343 2671 3416 ζητοῦσι
2702 3347 2914 3400 πείθειν
2946 3346 3292 3419 ἀνθρώπους,
3336 3349 3371 3403 ἃ
3401 3350 3491 3402 τὸν
3529 3350 3748 3417 πρῶτον
3792 3350 3884 3404 άν-

2318 3435 2536 3506 θρωπον
2572 3440 2600 3490 ό
2631 3438 2848 3509 πρῶτος
2886 3439 3074 3494 ἔπεισε
3110 3443 3475 3513 συκοφάντης,
3517 3462 3626 3497 των
3656 3444 3882 3525 ἐντολῶν

2315 3527 2411 3581 τοῦ
2437 3526 2576 3581 Θεοῦ
2610 3527 2710 3599 τὴν
2747 3529 2927 3582 αὐτῶν
2980 3530 3338 3586 ἀλλάττεσθαι
3366 3532 3617 3604 γνώμην,
3664 3534 3758 3587 καὶ
3789 3536 3883 3595 τὰς

2319 3617 2419 3686 μὲν
2448 3618 2733 3688 περιορᾷν,
2761 3618 2946 3682 αὐτοῖς
2971 3619 3030 3673 δὲ
3055 3620 3446 3689 προστίθεσθαι
3469 3622 3598 3680 δεῖν.
3628 3623 3705 3683 ὡς
3730 3622 3791 3688 δὴ
3819 3621 3881 3672 τὰ

2317 3709 2573 3778 βέλτιστα
2627 3710 2844 3764 πάντων
2909 3713 3212 3780 εἰσάγουσι,
3272 3712 3366 3765 καὶ
3424 3714 3485 3767 τὸ
3545 3717 3879 3783 παρανομεῖν

2313 3799 2438 3852 οὔτε
2480 3800 2651 3853 δεινὸν
2673 3801 2828 3853 οὐδὲν
2855 3798 3015 3867 εἶναι,
3063 3804 3158 3855 καὶ
3199 3806 3335 3873 πρός
3365 3820 3429 3870 γε
3461 3806 3575 3867 τοῖς
3610 3805 3878 3870 τολμῶσιν

2313 3892 2503 3960 ὄφελος
2519 3891 2681 3957 εἶναι,
2698 3893 2947 3962 καθάπερ
2969 3896 2996 3946 ὀ
3017 3895 3249 3963 πονηρὸς
3272 3898 3499 3959 ἐκεῖνος,
3529 3915 3545 3946 t
3575 3898 3649 3949 Οὐ
3676 3897 3880 3965 θανάτῳ

2312 3983 2697 4046 ἀποθανεῖσθε,
2735 3984 2925 4053 φησιν,
2953 3983 3068 4037 ἀλλ’
3102 3984 3308 4049 ἔσεσθε,
3344 3985 3417 4047 ὡς
3458 3985 3592 4039 θεοί.
3621 4005 3640 4037 ι
3681 3988 3751 4040 Οὐ
3774 4003 3881 4039 τοι-

2315 4076 2458 4132 αῦτα
2490 4078 2597 4147 γὰρ
2629 4076 2740 4129 τῶν
2768 4076 2978 4144 ἀνδρῶν
3018 4078 3086 4129 τὰ
3125 4079 3383 4147 ρήματα;
3442 4080 3538 4132 καὶ
3586 4079 3757 4132 ταῦτα
3805 4098 3882 4132 τις

2313 4167 2520 4232 θέντες,
2554 4164 2679 4219 οὗτε
2710 4168 3052 4236 φρίττουσιν,
3086 4167 3209 4220 οὔτε
3242 4170 3611 4237 αἰσχύνονται,
3638 4171 3771 4222 ἀλλὰ
3791 4170 3883 4223 καὶ

2312 4251 2387 4314 ὧν
2419 4260 2571 4313 αὐτοὶ
2590 4260 2667 4328 τῷ
2698 4260 2863 4329 κοινῷ
2891 4260 3267 4330 λυμαίνονται,
3298 4264 3390 4316 καὶ
3420 4261 3561 4332 ὑπὲρ
3593 4257 3668 4317 ὧν
3694 4264 3761 4317 ἂν
3789 4265 3883 4326 τὰς

2312 4351 2546 4420 ἐσχάτας
2581 4350 2769 4404 ἔδοσαν
2815 4351 3007 4413 δίκας,
3056 4355 3263 4406 τούτων
3314 4356 3599 4409 αἰτιῶνται
3647 4358 3741 4409 τὸν
3790 4356 3884 4409 τοῦ

2312 4442 2447 4495 Θεοῦ
2475 4443 2659 4512 νόμον.
2697 4443 2756 4495 ’0
2792 4446 2891 4511 μὲν
2925 4443 3033 4514 γὰρ
3064 4444 3233 4514 ἄμφω
3270 4446 3500 4510 κελεύει,
3527 4449 3618 4500 καὶ
3642 4448 3885 4518 χρήστας

2312 4535 2370 4587 ἐν
2403 4535 2523 4595 ταῖς
2569 4533 2788 4587 πόλεσιν
2826 4530 2988 4597 εἶναι,
3032 4536 3126 4588 καὶ
3173 4536 3363 4601 τόκους
3415 4539 3658 4593 ἀπεῖναι.
3710 4541 3771 4592 Oi
3804 4540 3882 4602 δὲ,

2308 4622 2388 4688 τῷ
2423 4622 2499 4693 μὴ
2543 4623 2782 4688 τοκίζειν
2811 4624 3037 4689 ἐξεῖναι,
3081 4625 3218 4695 μηδὲ
3261 4627 3530 4692 δανείζειν
3577 4628 3882 4695 ἀξιοῦντες,

2307 4715 2462 4768 αὐτοὶ
2509 4715 2611 4783 μὲν
2666 4715 2950 4784 ἀναιροῦσι
3009 4716 3185 4786 δήπου
3248 4718 3308 4770 τὸ
3359 4721 3604 4789 χρήστας
3656 4723 3715 4772 ἐν
3765 4725 3886 4783 ταῖς

2307 4806 2531 4859 πόλεσιν
2570 4801 2743 4872 εἶναι,
2771 4805 2849 4875 τῷ
2879 4806 3028 4876 νόμῳ
3058 4806 3111 4860 δὲ
3143 4808 3204 4862 τὸ
3234 4811 3466 4879 πρᾶγμα
3506 4812 3835 4881 μέμφονται.

2376 4897 2590 4960 Καίτοι,
2628 4900 2675 4951 εί
2721 4898 2820 4965 μὲν
2847 4889 2948 4951 οῦκ
2975 4898 3104 4966 ἐξῆν
3159 4899 3396 4969 καθαρὸν
3431 4896 3572 4953 εἶναι
3616 4904 3793 4955 τόκων
3820 4903 3884 4955 τὸ

2307 4992 2538 5053 δάνειον,
2573 4992 2669 5043 καὶ
2699 4992 2731 5060 ἡ
2761 4990 2921 5059 φύσις
2967 4990 3144 5054 ἄλλως
3193 4994 3254 5046 οὐ
3304 4993 3623 5064 συνεχώρει,
3678 4995 3792 5046 ἀλλ’
3824 4995 3886 5057 ἐξ

2309 5085 2559 5150 ἀνάγκης
2588 5084 2828 5151 ἀπήντα,
2860 5084 3037 5137 τόκων
3073 5085 3507 5155 ἀναιρουμένων,
3542 5089 3679 5156 μηδὲ
3708 5087 3887 5140 δανει-

2310 5177 2441 5238 στὰς
2470 5170 2612 5231 εῖναι
2641 5175 2923 5239 δύνασθαι,
2966 5177 3071 5229 κᾶν
3108 5178 3256 5241 εἰκὸς
3283 5173 3351 5248 ἦν
3391 5178 3489 5249 τὴν
3517 5180 3696 5233 αἰτίαν
3727 5183 3884 5247 ἄγειν

2308 5274 2399 5325 ἐπὶ
2426 5270 2516 5325 τὸν
2546 5273 2729 5340 νόμον,
2776 5271 2834 5333 ὃς
2865 5272 2966 5324 οὐκ
2993 5272 3240 5342 ἀπήλασε
3283 5274 3381 5340 μὲν
3417 5274 3725 5338 δανειστὰς,
3770 5275 3885 5327 εἰσ-

2309 5366 2506 5435 ήνεγκε
2535 5365 2592 5418 δὲ
2624 5364 2691 5417 δι’
2717 5359 2792 5417 ὧν
2816 5365 2875 5429 ἐξ
2898 5364 3143 5434 ἀνάγκης
3173 5366 3476 5435 ἀπήλασεν.
3500 5367 3561 5418 Εἰ
3588 5365 3633 5419 δ’
3662 5366 3881 5435 ἀνάγκη

2307 5458 2406 5528 μὲν
2430 5457 2667 5521 τοκίζειν
2692 5457 2802 5511 οὐδ’
2832 5456 3075 5525 ἡτισοῦν,
3108 5458 3143 5527 ἥ
3170 5474 3230 5511 τε
3262 5458 3421 5527 φύσις
3452 5459 3604 5511 οὐδὲν
3633 5458 3883 5511 ἐκώλυσε

2306 5552 2508 5620 προῖκα
2527 5549 2801 5617 γενέσθαι,
2828 5550 2922 5604 καὶ
2952 5549 3327 5621 μαρτυροῦσιν
3347 5551 3627 5622 ἅνθρωποι
3651 5553 3882 5617 πάντες,

2303 5645 2352 5700 οἳ
2378 5644 2477 5717 τὴν
2508 5645 2608 5717 σὴν
2638 5645 2968 5717 ἀτιμάζουσι
2996 5646 3199 5718 ψῆφον,
3240 5647 3303 5702 σὺ
3334 5646 3390 5701 δὲ
3413 5647 3638 5720 γνώμης
3664 5650 3883 5721 μοχθηο
