4196 6308
304 406 409 469 727

1337 409 1623 470 ORATIO
1667 411 1974 471 CONTRA
2016 410 2602 472 FENERATORES.

3456 415 3565 481 738

302 525 396 596 ρία
425 522 651 594 κέρδους
683 522 854 592 χωρὶς
880 524 939 576 ού
969 522 1170 594 χρῆσαι
1198 523 1400 595 τολμᾷς
1422 541 1436 557 ·
1461 526 1514 578 τί
1548 528 1647 596 τὴν
1678 527 1876 597 προαί-

1985 534 2162 579 autem
2193 526 2462 594 pravitate
2509 525 2678 579 animi
2726 526 2933 596 absque
2963 540 3057 597 spe
3089 527 3224 582 lucri
3258 542 3366 584 non
3392 532 3563 586 audes

305 633 456 686 ρεσιν
486 616 644 683 ἀφεὶς
680 615 781 683 τῆς
825 614 1024 678 αἰτίας,
1058 609 1132 668 ὧν
1168 615 1275 668 ἔδει
1308 621 1496 670 κακῶν
1526 619 1743 683 σαυτὸν,
1777 620 1870 671 τὸν

303 708 470 775 νόμον
502 705 788 774 ὲγκαλεῖς;
822 706 917 758 καὶ
944 706 1220 775 δημοσίων
1250 707 1605 778 ἀδικημάτων
1637 709 1878 773 διώκεις,

306 795 384 851 ὧν
414 797 575 856 αὐτὸς
599 797 771 858 αἴτιος
802 791 892 859 sl;
928 796 993 847 Ει
1030 795 1130 866 μὲν
1166 798 1274 865 γὰρ
1307 798 1518 868 ἄμαχόν
1559 817 1680 853 τινα
1708 800 1886 851 κεκώο

309 891 441 944 λυκε
472 888 715 960 χρήστην
743 883 884 941 εἶναι
916 888 1012 941 καὶ
1046 891 1182 957 πρδς
1213 892 1488 955 τοιούτους
1520 893 1710 958 λόγους
1736 889 1880 962 εἶχεν

313 981 633 1051 ἀναχωρεῖν,
669 978 791 1032 ὅθεν
822 979 887 1032 ἂν
923 980 1188 1044 ἐδείκνυς,
1218 963 1314 1051 οὐχ
1346 983 1486 1035 ἑκὼν
1518 984 1881 1052 ἁμαρτάνεις,

310 1072 538 1132 είκότως
589 1069 657 1122 ἂν
720 1070 990 1141 παρῃτοῦ,
1052 1072 1365 1139 μετατιθεὶς
1397 1074 1505 1125 ἀπὸ
1550 1075 1748 1127 σαυτοῦ
1786 1074 1883 1143 τὴν

309 1161 516 1230 μέμψιν
545 1162 803 1231 ἑτέρωσε.
842 1160 954 1214 Νῦν
984 1163 1039 1215 δὲ
1064 1162 1159 1232 τὴν
1193 1165 1516 1232 προαίρεσιν
1549 1166 1881 1235 προϊσχόμε-

305 1270 418 1317 νος,
451 1254 546 1305 καὶ
571 1252 631 1305 τὸ
666 1253 804 1318 πρὸς
830 1252 1021 1321 κέρδος
1047 1255 1317 1318 δανείζειν
1345 1255 1632 1324 βούλεσθαι
1667 1258 1787 1326 μὲν,
1817 1262 1877 1312 οὐ

308 1342 713 1412 συγχωρεῖσθαι
741 1344 799 1396 δὲ
834 1344 1030 1413 κομιδῆ
1063 1345 1293 1411 γελοῖον,
1327 1348 1375 1397 εί
1410 1347 1649 1415 νομίζεις
1679 1350 1879 1401 ἀπολο-

302 1431 543 1499 γεῖσθαι,
579 1432 646 1484 τὰ
673 1433 840 1502 ὲγκλή
853 1451 1001 1503 ματα
1026 1433 1167 1486 λύων
1196 1437 1378 1498 αὐτοῖς
1409 1438 1520 1499 τοῖς
1545 1438 1877 1508 ἐγκλήμασι,

309 1526 403 1579 καὶ
438 1526 577 1593 ὑπὲρ
604 1516 665 1577 οὗ
689 1526 859 1596 διώκῃ
891 1525 983 1579 τοῦ
1027 1525 1218 1598 γνώμῃ
1256 1526 1493 1598 πονηρὸς
1525 1525 1687 1595 εἶναι,
1732 1530 1880 1584 τοῦθ’

308 1620 447 1686 ἡμῖν
481 1618 596 1670 ἀντ’
626 1617 794 1686 ἄλλης
822 1617 1122 1685 ἀπολογίας
1169 1620 1593 1689 προϐάλλεσθαι.
1644 1622 1719 1675 Οὐ
1749 1623 1878 1691 γὰρ,

308 1711 393 1761 ὅτι
420 1708 691 1772 δανείζειν
724 1709 801 1777 μὴ
828 1708 1079 1770 δύνασαι,
1123 1710 1305 1777 λέγειν
1336 1710 1504 1779 ἔχεις,
1538 1709 1655 1762 ἀλλ’
1691 1711 1772 1764 ὃτι
1806 1711 1881 1780 μὴ

312 1802 494 1869 βούλει
532 1803 692 1855 τόκου
724 1802 916 1873 χωρίς.
955 1803 1113 1858 Οὕτω
1140 1804 1195 1856 δὲ
1239 1806 1332 1856 καὶ
1364 1805 1459 1856 τὸν
1508 1806 1695 1873 μοιχὸν
1726 1804 1879 1873 ἐροῦ·

1982 617 2110 671 dare
2147 628 2395 671 mutuum
2434 635 2448 683 ;
2491 617 2621 685 quid
2651 618 2982 672 voluntatem
3029 628 3172 673 tuam
3202 621 3431 676 crimine
3468 638 3565 675 ao-

1983 707 2268 770 solvis,‘et
2296 722 2532 775 quorum
2568 715 2620 761 te
2666 707 2842 776 ipsum
2877 706 3137 772 debebas,
3167 723 3357 764 eorum
3394 710 3564 777 legem

1984 812 2235 862 accusas,
2266 797 2725 866 publicorumque
2754 797 3022 852 malorum
3047 801 3301 866 arcessis,
3328 816 3565 870 quorum

1988 898 2040 941 tu
2078 889 2191 956 ipse
2225 902 2351 941 reus
2382 888 2480 940 es?
2507 887 2561 938 Si
2587 888 2730 940 enim
2762 888 2965 957 aliquid
3000 889 3416 959 inexpugnabile
3441 905 3574 956 pro—

1985 979 2195 1033 hiberet
2249 979 2580 1033 creditorem
2624 994 2767 1043 esse,
2801 988 2855 1034 et
2896 995 2960 1035 eo
3004 996 3194 1050 posses
3245 981 3566 1052 confugere,

1987 1073 2128 1125 unde
2160 1073 2484 1145 ostenderes
2532 1081 2580 1125 te
2625 1088 2734 1126 non
2766 1073 3034 1126 volentem
3077 1089 3325 1142 peccare,
3360 1076 3561 1130 merito

1983 1162 2200 1217 veniam
2238 1163 2585 1232 inipetrares,
2623 1172 2676 1216 et
2711 1165 3194 1232 reprehensionem
3235 1166 3565 1222 amolireris.

1983 1251 2141 1307 Nunc
2169 1253 2509 1307 voluntatem
2556 1264 2879 1322 praetexens,
2911 1267 2966 1309 et
3009 1256 3215 1324 absque
3246 1256 3398 1311 lucro
3429 1259 3567 1312 Velle

1987 1352 2038 1398 te
2064 1344 2284 1412 quidem
2316 1344 2449 1399 dare
2479 1356 2732 1398 mutuum
2759 1344 3048 1413 proﬁtens,
3085 1362 3190 1400 non
3231 1355 3413 1402 autem
3448 1362 3568 1417 per-

1985 1436 2148 1500 mitti,
2200 1450 2315 1489 rem
2366 1438 2653 1490 ridiculam
2702 1438 2998 1492 admodum
3035 1438 3193 1501 iacis,
3245 1440 3290 1494 si
3337 1441 3567 1495 crimina

1983 1525 2307 1580 criminibus
2346 1529 2546 1581 tuendo
2584 1537 2633 1581 te
2661 1527 2935 1594 defendis,
2954 1538 3007 1582 et
3043 1530 3093 1583 in
3122 1544 3231 1598 quo
3257 1532 3565 1596 accusaris,

1984 1618 2129 1686 quod
2163 1618 2349 1673 animo
2381 1618 2459 1674 sis
2486 1619 2760 1689 improbo,
2793 1620 2844 1674 id
2886 1620 3046 1676 nobis
3077 1636 3173 1690 pro
3209 1623 3570 1691 responsione

1983 1707 2147 1777 objici
2199 1723 2359 1777 posse
2392 1708 2699 1763 existimas.
2730 1706 2848 1762 Non
2887 1711 3034 1763 enim
3073 1719 3228 1779 potes
3266 1710 3471 1778 dicere,
3512 1719 3566 1765 te

1985 1814 2092 1851 non
2127 1814 2287 1869 posse
2321 1799 2450 1854 dare
2483 1810 2755 1865 mutuum,
2783 1799 2877 1853 sed
2911 1816 3015 1854 non
3050 1800 3186 1855 velle
3241 1801 3450 1872 absque
3484 1802 3567 1857 fe-

313 1912 435 1964 μεν,
498 1897 591 1948 καὶ
622 1896 715 1948 τὸν
753 1896 1114 1965 ἀνδροφόνον,
1157 1898 1241 1949 ὅτι
1294 1899 1508 1967 πονηρᾷ
1560 1896 1755 1966 γνώμῃ
1814 1897 1881 1949 τὰ

1988 1903 2145 1941 nore.
2183 1885 2273 1942 Sic
2307 1904 2472 1958 porro
2509 1901 2561 1944 et
2584 1890 2906 1967 adulterum
2938 1898 2990 1944 et
3020 1891 3346 1946 homicidam
3378 1894 3566 1963 appel-

310 1986 535 2039 τοιαῦτα
570 1985 835 2057 τολμῶσι,
884 1989 978 2038 καὶ
1010 1988 1240 2054 οὐδεμία
1278 1989 1611 2057 παραίτησις
1635 2026 1650 2050 ,
1704 1990 1764 2041 τὸ
1806 1988 1883 2059 μὴ

312 2080 662 2151 προῃρῆσθαι
697 2080 953 2147 γενέσθαι
986 2082 1245 2149 χρηστόν.

386 2253 596 2317 ’Δλλως
622 2271 680 2307 τε
715 2256 762 2308 εἰ
813 2254 913 2323 μὲν
951 2255 1061 2307 τῶν
1116 2256 1526 2325 ἐπαινουμένων
1575 2258 1604 2309 ὁ
1651 2256 1829 2319 τόκος,
1855 2257 1883 2308 ό

314 2346 414 2414 μὲν
444 2346 609 2413 νόμος
656 2347 711 2397 ἐν
761 2346 981 2412 αἰτίαις,
1040 2347 1373 2401 ὲκὸἀλλωνδ
1410 2347 1618 2400 τιθέναι
1676 2349 1881 2417 ἐχρῆν*

312 2436 476 2504 σοὶ,δ’
504 2438 604 2490 οὐκ
641 2439 705 2491 ἄν
733 2455 815 2500 τις
858 2441 1193 2510 ἐπιτιμῆσαι
1242 2439 1615 2509 περιεχομένῳ
1645 2438 1882 2511 χρηστοῦ

310 2529 658 2599 πράγματος.
686 2531 745 2583 Εί
769 2532 814 2583 δ’
837 2532 1205 2602 ἀπάνθρωπόν
1231 2551 1284 2586 τι
1315 2534 1407 2586 καὶ
1432 2532 1688 2602 πονηρὸν,
1709 2534 1736 2585 ὁ
1758 2534 1882 2602 μὲν,

308 2621 423 2674 τῶν
452 2622 694 2691 αισχρῶν
725 2625 983 2689 ἀπάγων,
1017 2624 1118 2677 κᾶν
1161 2624 1438 2677 ἐπαινοῖτο
1462 2640 1473 2652 ’
1510 2627 1573 2677 σὺ
1607 2624 1650 2677 δ’
1678 2626 1884 2677 ἐκεῖθεν

310 2712 404 2765 ἐπ’
426 2712 551 2767 ἄλλο
582 2714 792 2784 τρέχων
817 2716 1008 2777 κακὸν,
1032 2716 1123 2768 καὶ
1150 2715 1322 2768 κακοῦ
1358 2716 1523 2769 κακὸν
1550 2716 1885 2785 ἀλλαττόμε-

314 2822 426 2869 νος,
462 2804 554 2858 τοῦ
589 2809 830 2872 τοκίζειν
874 2810 935 2881 το
985 2808 1060 2878 μὴ
1108 2809 1409 2873 δανείζειν,
1465 2809 1622 2879 δῆλος
1674 2811 1886 2864 οἴκοθεν

317 2896 409 2947 καὶ
460 2896 606 2964 παρὰ
662 2896 865 2950 σαυτοῦ
921 2899 1046 2969 γίνῃ
1102 2902 1341 2969 πονηρὸς
1397 2898 1494 2955 ὢν.
1544 2902 1606 2954 Ei
1637 2902 1766 2972 γὰρ,
1802 2903 1883 2956 ὅτι

316 2986 480 3040 τῶνδε
529 2988 637 3042 τῶν
672 2991 861 3042 κακῶν
909 2991 1311 3060 ἀποκρουσθεὶς
1345 2993 1432 3045 ἐπ’
1462 2992 1599 3046 ἄλλα
1636 3011 1884 3064 μεταχω-

310 3081 451 3148 ρεῖς,
487 3079 581 3132 τὸν
618 3081 1030 3151 ὲκκεκρουκότα
1082 3083 1193 3135 τῶν
1247 3085 1531 3154 προτέρων
1567 3087 1721 3155 αἰτιᾷ
1775 3085 1885 3141 τῶν

305 3173 604 3242 δευτέρων,
635 3176 858 3227 κάκεῖνο
883 3174 949 3245 δὴ
996 3176 1393 3253 συγχωρήσεις,
1443 3178 1538 3245 τῆς
1575 3177 1879 3232 λωποδύτου
1910 3215 1953 3271 c

306 3268 411 3317 καὶ
458 3268 794 3338 τοιχωρύχοι)
828 3269 1166 3338 φαυλότητος
1213 3271 1340 3331 τοὺς
1385 3271 1586 3341 νόμους
1625 3273 1881 3343 κληρονο-

310 3358 466 3425 μεῖν,
508 3357 559 3410 οἳ
599 3359 846 3428 φανερῶς
883 3360 1083 3422 αὐτοὺς
1132 3360 1233 3413 ούκ
1272 3362 1469 3425 ἐῶντες
1521 3362 1883 3431 ἐμφορεῖσθαι

301 3446 422 3499 ⁸τῶν
465 3445 782 3517 ἀλλοτρίων,
834 3450 926 3502 ἐπὶ
969 3450 1071 3518 τὴν
1123 3451 1447 3520 νυκτερινὴν
1498 3452 1883 3507 συνελαύνουσι

303 3539 602 3608 πονηρίαν.
630 3541 739 3593 Καὶ
765 3529 960 3613 λῃσταὶ
993 3541 1104 3614 γάρ
1141 3542 1243 3594 οὐκ
1273 3540 1337 3595 ἂν
1369 3543 1466 3614 τὴν
1501 3545 1758 3615 ἐσχατιὰν
1787 3546 1885 3599 καὶ

300 3630 381 3683 τὰ
413 3631 513 3703 ὅρη
567 3632 959 3701 κατειληφότες
1014 3635 1126 3695 τοῖς
1162 3634 1455 3705 παριοῦσιν
1502 3635 1700 3707 εθηξαν
1728 3636 1880 3706 ξίφη,

301 3722 430 3787 εῐγε
461 3722 591 3793 ἐξῆν
620 3725 807 3788 αὐτοῖς
834 3724 934 3787 τάς
973 3724 1160 3788 πόλεις
1205 3726 1417 3780 οίκοῦσι
1450 3728 1546 3782 καὶ
1581 3731 1649 3799 τῇ
1688 3729 1883 3801 γνώμῃ

298 3816 639 3885 χρωμένοις,
689 3817 1033 3884 κρείττουσιν
1068 3814 1210 3870 εἶναι
1254 3819 1622 3888 δικαστηρίων
1654 3823 1751 3875 καὶ
1795 3823 1885 3874 νό-

304 3923 457 3975 μων.
488 3906 594 3959 Τὸν
627 3905 743 3960 ἴσον
788 3908 988 3977 τρόπον
1037 3909 1133 3962 καὶ
1180 3909 1567 3979 τυμϐωρύχοις
1610 3911 1662 3963 τί
1691 3912 1885 3974 νυκτὸς

300 3998 421 4050 ἔδει
447 3997 542 4051 καὶ
567 3997 667 4067 τῆς
700 3999 840 4050 κατὰ
871 3999 1168 4068 οίχομένων
1203 3998 1423 4068 μανίας,
1452 4001 1500 4050 εἰ
1526 4000 1655 4069 τοὺς
1676 4000 1884 4064 ζῶντας

298 4092 334 4141 ὁ
375 4089 539 4156 νόμος
570 4090 785 4158 ἡμέρας
812 4089 981 4143 ἐδίδου
1007 4090 1336 4161 πολιορκεῖν,
1366 4093 1461 4145 καὶ
1490 4091 1765 4159 περιδύειν
1794 4091 1887 4157 οὒς

297 4180 629 4250 ἦῦούλοντο,
667 4181 830 4250 μηδὲν
861 4179 1170 4246 δεδοικότας
1196 4197 1213 4248 ;
1243 4184 1353 4243 Καὶ
1406 4183 1540 4244 ὅλως
1577 4185 1763 4236 οὐδένα
1823 4183 1888 4236 ἂν

297 4275 497 4345 εὕροις
520 4274 628 4327 τῶν
654 4274 892 4344 ὀλέθρων
923 4274 1128 4330 τούτων
1158 4279 1251 4330 καὶ
1281 4276 1552 4347 πονηρῶν,
1583 4276 1638 4339 ὃς
1681 4279 1741 4329 οὐ
1784 4277 1890 4330 τῶν

302 4368 413 4437 μὲν
429 4366 707 4436 ἀνετράπη
725 4369 791 4436 τῇ
816 4367 921 4420 τῶν
934 4366 1266 4436 παρανόμων
1292 4368 1523 4437 ἀνάγκη,
1548 4370 1656 4428 τοῖς
1675 4369 1733 4419 δὲ
1749 4367 1892 4435 γνώ-

304 4474 395 4531 μῃ
412 4457 800 4528 προσεχώρησε
820 4475 926 4515 των
951 4459 1134 4512 κακῶν
1154 4457 1245 4528 [an
1268 4457 1525 4528 καλῶνη.
1540 4459 1603 4509 Τί
1620 4452 1712 4512 οῦν
1735 4476 1749 4524 ;
1769 4463 1891 4522 τοὺς

1985 1980 2242 2045 labimus,
2280 1982 2539 2052 quoniam
2577 1999 2833 2052 perversa
2870 1984 3150 2039 voluntate
3177 1986 3305 2039 talia
3336 2001 3443 2041 non
3478 2004 3566 2042 re-

1986 2070 2304 2139 formidant,
2331 2082 2385 2127 et
2442 2074 2739 2145 quominus
2773 2075 2947 2131 bonus
2978 2091 3099 2133 esse
3133 2079 3282 2145 velit,
3313 2082 3562 2136 excusari

1985 2178 2147 2218 nemo
2178 2174 2375 2232 potest.

2057 2257 2279 2324 Adhaec,
2318 2258 2590 2327 siquidem
2642 2259 2789 2314 laudi
2848 2261 3027 2316 danda
3080 2272 3227 2319 esset
3276 2263 3563 2333 feneratio,

1986 2346 2039 2400 in
2084 2342 2544 2416 vituperationem
2573 2352 2791 2405 caderet
2823 2350 2927 2416 lex,
2961 2368 3103 2421 qum,
3136 2354 3282 2423 quod
3340 2359 3562 2413 sancire

1987 2440 2294 2508 oportebat,
2337 2441 2389 2494 id
2427 2441 2680 2510 rejiceret
2701 2459 2714 2495 :
2738 2457 2801 2496 ac
2830 2451 2882 2496 te
2912 2458 3022 2498 rem
3051 2460 3155 2498 non
3190 2445 3387 2499 malam
3410 2462 3565 2502 com-

1986 2530 2307 2599 plectentem
2336 2533 2475 2586 haud
2508 2534 2795 2602 quisquam
2844 2533 2895 2588 in
2932 2536 3066 2589 vitio
3100 2546 3346 2604 poneret.
3379 2537 3435 2592 Si
3459 2556 3563 2593 au-

1989 2635 2092 2677 tem
2122 2625 2376 2693 quiddam
2428 2625 2497 2679 ab
2526 2627 2871 2683 humanitate
2902 2618 3139 2682 alienum
3172 2638 3336 2699 atque
3362 2631 3565 2700 impro-

1987 2715 2117 2769 bum
2146 2725 2248 2779 est,
2282 2717 2373 2784 qui
2408 2731 2436 2768 a
2463 2717 2713 2784 turpibus
2744 2724 2798 2773 te
2846 2718 3089 2781 abducit,
3145 2719 3359 2775 Iaudem
3424 2722 3565 2777 {erat

1987 2806 2175 2859 etiam.
2208 2805 2480 2862 Caeterum
2527 2817 2580 2861 tu
2615 2810 2741 2863 inde
2765 2809 2831 2862 ad
2861 2808 3011 2865 aliud
3047 2809 3262 2868 facinus
3311 2808 3562 2879 currens,

1989 2897 2304 2966 malumque
2339 2900 2483 2954 malo
2518 2910 2881 2962 commutans.
2921 2900 3154 2959 fenerari
3203 2905 3413 2960 scilicet
3438 2921 3563 2960 cum

1987 3002 2054 3042 eo
2128 2990 2271 3058 quod
2335 2998 2422 3045 est
2479 3006 2588 3045 non
2643 2991 2774 3048 dare
2836 3001 3129 3061 mutuum,
3184 3011 3211 3048 a
3275 2997 3564 3065 temetipso

1988 3090 2188 3149 aperta:
2219 3082 2474 3149 nequitia:
2514 3085 2859 3152 coarguaris.
2908 3084 3044 3138 Nam
3075 3085 3144 3148 si,
3170 3088 3315 3156 quod
3350 3091 3418 3141 ab
3441 3088 3562 3143 istis

1988 3171 2291 3227 sceleribus
2317 3173 2575 3242 depulsus
2603 3188 2686 3236 es,
2713 3174 2781 3228 ad
2810 3175 2916 3229 alia
2941 3177 3170 3243 transis,
3198 3179 3406 3248 quique
3442 3189 3494 3234 te
3524 3196 3556 3233 a

1985 3264 2265 3334 prioribus
2290 3264 2560 3327 cohibuit,
2607 3279 2733 3319 eum
2797 3273 2857 3319 ut
2920 3281 3142 3320 causam
3194 3270 3558 3337 posterimuut

1985 3370 2237 3418 accusas,
2273 3355 2437 3409 etiam
2470 3355 2601 3409 illud
2628 3356 2921 3421 concedes,
2957 3357 3349 3427 improbitatis.
3404 3376 3562 3429 gras-

1986 3459 2256 3513 satorum,
2286 3458 2341 3502 et
2367 3448 2805 3502 eﬂractariorum
2828 3448 2976 3518 leges
3016 3463 3241 3503 causam
3266 3464 3409 3515 esse,
3441 3467 3563 3518 quae

1985 3541 2113 3594 dum
2150 3540 2328 3609 palam
2359 3540 2556 3595 alienis
2599 3540 2955 3595 facultatibus
2986 3540 3149 3595 ditari
3193 3554 3302 3595 non
3334 3542 3556 3610 patiun-

1987 3640 2098 3697 tur,
2125 3633 2192 3687 ad
2217 3642 2545 3688 nocturnam
2577 3635 2901 3703 pravitatem
2940 3648 3036 3688 eos
3068 3635 3418 3704 compellant.
3444 3634 3554 3689 Nc-

1986 3739 2097 3792 que
2133 3722 2279 3777 enim
2321 3723 2571 3778 latrones
2614 3723 3003 3780 solitudinibus
3061 3734 3116 3779 et
3171 3724 3448 3780 montibus
3503 3741 3561 3780 se

1988 3812 2302 3878 credentes,
2339 3813 2582 3883 gladium
2619 3814 2674 3867 in
2706 3814 2943 3867 viatores
2971 3816 3325 3883 stringerent.
3358 3815 3401 3868 si
3430 3820 3562 3882 ipsis

1991 3905 2155 3958 urbes
2181 3905 2580 3969 habitantibus,
2607 3915 2660 3959 et
2703 3905 2985 3974 cupiditati
3013 3906 3443 3977 indulgentibus,
3467 3907 3562 3976 ju-

1987 4000 2129 4055 dicia
2160 4011 2214 4053 et
2243 4001 2422 4067 legum
2449 4002 2575 4069 jura
2600 4001 2795 4054 liceret
2844 4009 3222 4054 contemnere.
3268 3999 3557 4054 Consiinili

1989 4090 2151 4157 modo
2179 4089 2444 4157 parietum
2473 4090 2881 4159 perfossoribus
2897 4089 3027 4160 quid
3049 4098 3210 4144 nocte
3241 4105 3377 4159 opus
3415 4101 3557 4156 erat,

1990 4190 2044 4234 et
2082 4183 2291 4236 insania
2317 4182 2605 4235 adversum
2641 4192 2915 4249 mortuos,
2943 4183 2990 4238 si
3050 4182 3200 4237 vivos
3250 4198 3347 4253 per
3405 4184 3550 4238 diem

1991 4271 2264 4338 obsidere,
2305 4282 2359 4326 et
2384 4286 2527 4340 quos
2553 4270 2747 4325 liberet
2778 4272 2895 4326 suis
2928 4273 3092 4326 rebus
3152 4273 3295 4335 citra
3347 4284 3550 4328 metum

1996 4378 2203 4417 exuere
2226 4378 2290 4416 ac
2313 4362 2549 4432 spoliare
2578 4361 2660 4416 lex
2691 4361 3072 4431 permittet-ct?
3100 4360 3162 4414 Et
3214 4364 3373 4432 plane
3429 4364 3557 4419 nul-

1992 4453 2102 4505 lum
2135 4453 2574 4522 perniciosorum
2618 4467 2682 4506 ac
2711 4453 3103 4507 sceleratorum
3147 4454 3416 4518 invenias,
3462 4458 3556 4524 qui

301 4552 416 4620 μὲν
441 4551 671 4619 ἀφῶμεν
714 4552 893 4612 αἰτίας
914 4589 929 4616 ,
960 4552 1086 4612 τοὺς
1120 4552 1317 4619 νόμους
1356 4549 1413 4602 δὲ
1441 4549 1707 4601 τάκείνων
1740 4566 1880 4620 μεμ-

1996 4557 2102 4595 non
2132 4541 2247 4609 lege
2269 4549 2521 4604 coactus,
2568 4541 2635 4595 ab
2697 4540 2805 4594 illis
2870 4542 3152 4598 maleﬁciis
3206 4543 3556 4610 abstinuerit,

297 4640 584 4711 ψώμεθα;
618 4640 713 4692 καὶ
746 4640 870 4703 τοὺς
902 4641 1001 4710 μὲν
1028 4642 1215 4695 κακῶν
1256 4643 1488 4703 ἀπαθεῖς
1515 4640 1695 4710 ἐῶμεν
1726 4658 1885 4710 περι-

301 4735 547 4794 νοστεῖν,
584 4732 844 4794 δικαστάς
875 4732 931 4785 δὲ
978 4732 1073 4785 καὶ¹
1119 4735 1315 4801 νόμους
1348 4737 1444 4784 καὶ
1477 4731 1650 4793 δίκας,
1697 4733 1789 4783 καὶ
1821 4734 1888 4784 τὰ

300 4824 573 4895 βέλτιστα
603 4827 668 4895 δὴ
698 4825 809 4876 τῶν
836 4827 895 4877 ὲν
924 4823 1250 4894 ἀνθρώποις,
1283 4824 1357 4886 ὡς
1398 4809 1504 4892 ἄγη
1536 4823 1643 4875 τῶν
1679 4824 1888 4877 πόλεων

298 4914 697 4982 ἀπελάσομεν;
744 4916 802 4967 Εἰ
831 4916 888 4969 δὲ
915 4914 1076 4967 τοῦτο
1124 4916 1224 4983 μὲν
1268 4913 1378 4967 οὐδ’
1420 4914 1486 4967 ἂν
1519 4916 1708 4984 μανεὶς
1745 4919 1887 4969 εἴποι

292 5022 434 5066 τις-⁸
462 5008 555 5073 ὅγε
604 5009 713 5060 οὐδ’
754 5009 937 5069 αὐτοῖς
973 5008 1224 5076 ἀρέσειεν
1265 5007 1352 5069 ἂν,
1401 5004 1576 5075 οἶμαι,
1623 5011 1734 5070 τοῖς
1779 5011 1887 5060 τῶν

293 5097 502 5150 κακῶν
535 5098 853 5167 τολμηταίς.
906 5095 1048 5150 Ἀλλ’
1095 5098 1145 5148 οἱ
1201 5098 1300 5168 μὲν
1352 5100 1504 5166 νόμοι
1534 5100 1646 5159 τοῖς
1678 5098 1887 5169 ἀνθρώ-

296 5203 441 5248 ποις
492 5187 680 5239 κακῶν
729 5188 962 5240 ἀναίτιοι
1004 5186 1311 5254 πανταχοῦ·
1351 5186 1399 5245 οἳ
1448 5188 1494 5241 δ’
1525 5189 1599 5243 ὼν
1633 5189 1885 5260 ἁμαρτά-

292 5295 498 5331 νουσιν
522 5279 925 5332 ἀπολαύσουσιν
952 5278 988 5332 ἃ
1020 5278 1292 5347 προσῆκε,
1319 5279 1413 5332 καὶ
1435 5278 1534 5341 τὴν
1557 5274 1885 5348 γιγνομένην

287 5370 549 5425 δώσουσι
583 5370 772 5440 δίκην
813 5373 864 5424 τί
897 5371 961 5424 σὺ
1000 5371 1200 5425 σαυτὸν
1230 5372 1529 5440 ἀπολογίας
1553 5372 1885 5442 ἐξαιρεῖσθαι

285 5461 581 5529 νομίζεις,
613 5457 688 5515 ὧν
721 5462 897 5525 οὐδεὶς
934 5461 1191 5517 ἀπώνατο
1224 5466 1494 5531 πονηρός
1539 5462 1661 5516 οὔτε
1708 5465 1885 5517 τοίνυν

282 5554 544 5618 τοκίζων
588 5555 828 5624 ἐκφεύξῃ
862 5556 961 5626 τὴν
1013 5554 1190 5623 δίκην,
1243 5554 1366 5607 οὔτε
1418 5556 1494 5624 τῷ
1541 5557 1615 5624 μὴ
1647 5557 1883 5619 τοκίζειν

281 5647 518 5711 ἐξεῖναι
555 5645 617 5697 τὸ
647 5648 918 5709 δανείζειν
959 5647 1314 5717 ἀρνούμενος,
1348 5649 1441 5700 καὶ
1466 5651 1563 5718 τὴν
1597 5651 1884 5703 κοινωνίαν

280 5736 579 5804 ἀναιρῶν,
627 5738 660 5809 ἦ
715 5740 999 5808 συνῴκησε
1046 5741 1108 5791 τὸ
1141 5741 1318 5805 γένος,
1357 5741 1448 5791 καὶ
1495 5741 1706 5809 ἥμερον
1738 5745 1884 5792 ποιεῖ

260 5823 736 5897 ςδνᾟῶρωπον,
767 5828 863 5881 καὶ
892 5827 1066 5898 ταύτῃ
1093 5827 1155 5880 τὸ
1199 5829 1381 5880 κοινὸν
1416 5828 1634 5890 ἀδικῶν,
1677 5828 1878 5881 ἀπολο-

1989 4636 2056 4688 ad
2086 4634 2197 4687 haec
2229 4642 2411 4687 autem
2444 4644 2639 4701 sponte
2668 4648 2733 4686 ac
2770 4635 2956 4689 volens
2984 4650 3278 4703 aggressus
3295 4637 3387 4689 sit.
3413 4638 3554 4702 Quul

1987 4724 2166 4794 ergo?
2202 4724 2397 4777 illosne
2425 4734 2481 4776 ut
2508 4725 2752 4778 insontes
2783 4726 3145 4787 dimittenius,
3175 4725 3227 4777 in
3266 4728 3410 4795 leges
3463 4743 3556 4780 ve-

1988 4828 2050 4867 ro
2080 4813 2148 4866 ah
2182 4813 2290 4867 illis
2331 4811 2540 4865 nefarie
2565 4816 2990 4868 commissorum
3045 4814 3261 4882 culpam
3308 4815 3557 4871 confere-

1991 4905 2152 4960 mus?
2179 4903 2243 4958 Et
2275 4905 2396 4958 illos
2425 4903 2640 4973 quidem
2691 4920 2975 4975 poenarum
3038 4906 3312 4959 imtnunes
3366 4907 3555 4976 vagari

1988 4999 2156 5052 libere
2208 4995 2479 5062 sinemus,
2507 4996 2726 5066 judices
2764 5004 2970 5060 autem,
2999 5008 3055 5051 et
3104 4999 3269 5066 leges,
3304 5006 3358 5050 et
3407 4999 3556 5069 jura,
3654 5056 3673 5069 ρ

1986 5090 2188 5158 quibus
2218 5088 2355 5142 nihil
2383 5099 2466 5143 est
2496 5090 2549 5141 in
2586 5087 2873 5141 hominum
2905 5090 3015 5141 vita
3043 5088 3367 5155 salutarius,
3425 5102 3550 5145 tan-

1986 5193 2148 5249 quam
2182 5179 2397 5248 piacula
2433 5195 2461 5232 e
2490 5179 2809 5233 civitatibus
2863 5179 3244 5247 expellemus?
3303 5180 3458 5246 Quod
3507 5183 3554 5235 si

1987 5273 2089 5325 hoc
2130 5288 2231 5325 nec
2260 5279 2437 5325 mente
2460 5282 2651 5340 captus
2679 5272 2900 5334 dixerit,
2965 5287 3066 5325 nec
3112 5271 3366 5340 ipsismet
3425 5275 3553 5335 talia

1987 5364 2343 5429 audentibus,
2376 5364 2564 5427 credo,
2620 5363 2925 5433 placuerit;
2989 5370 3084 5417 sed
3149 5365 3295 5435 leges
3349 5364 3555 5435 ubiq'ue

1986 5458 2226 5526 gentium
2286 5455 2601 5510 hominibus
2653 5456 2919 5510 scelerate
2979 5459 3171 5528 agendi
3226 5473 3389 5512 causa
3444 5473 3549 5510 non

1985 5558 2136 5614 sunt,
2177 5559 2232 5604 et
2256 5549 2348 5618 qui
2407 5558 2656 5616 peccant,
2712 5548 2928 5616 przeinia
2985 5550 3252 5617 condigna
3311 5547 3555 5601 referunt

1984 5656 2037 5698 et
2059 5642 2344 5697 conﬂatam
2376 5640 2478 5695 sibi
2508 5655 2717 5709 pinnam
2744 5640 2921 5704 luunt,
2952 5656 3046 5693 cur
3076 5652 3129 5693 tu
3156 5638 3423 5706 ejusmodi
3456 5642 3546 5694 de-

1986 5736 2232 5790 fensione
2261 5731 2549 5785 innoxium
2587 5742 2637 5786 te
2674 5730 2789 5785 fore
2819 5731 3069 5794 conﬁdis,
3122 5746 3241 5798 (uite
3272 5732 3405 5785 nulli
3443 5732 3550 5786 im-

1986 5829 2157 5898 probo
2190 5841 2431 5897 unquam
2460 5825 2709 5898 profuit?
2735 5823 2920 5891 Neque
2967 5823 3133 5892 igitur
3165 5824 3232 5879 ad
3278 5824 3433 5883 [enus
3464 5824 3553 5880 fa-
