4196 6308
718 470 721 473 ,
742 377 848 441 739
1999 384 2296 446 NICOLAl

2390 385 2733 447 ABASILJE
3878 392 3967 456 ’ίίθ

734 488 1348 547 ciendnmineumbcns
1401 491 1731 562 supplicium
1791 494 2056 565 eilugies:
2132 512 2296 566 nequt

2415 499 2539 566 γίαν
2597 499 2747 563 ἔξεις
2798 499 2891 552 τὸν
2939 503 3123 570 νόμον.
3160 502 3273 554 ἀλλ’
3319 500 3576 572 ὁπότερον
3632 503 3968 573 ἁμαρτάνεις,

737 592 955 650 propter
987 582 1344 638 interdictum
1375 585 1533 641 fenus
1568 579 1790 643 credere
1835 591 2119 659 pecuniam
2155 605 2296 644 recu-

2418 591 2813 661 ἁπανθρωπίας
2842 593 3060 664 ἁλίσκῃ.
3100 592 3189 662 Τῷ
3226 596 3337 665 γὰρ
3381 595 3454 665 μὴ
3501 595 3678 663 φιλεῖν
3719 595 3813 649 τόν
3853 600 3969 665 6316-

735 688 885 735 sans,
914 684 966 729 et
995 676 1431 732 communionem
1489 678 1762 750 dissipans
1814 684 1956 751 (qua:
2007 683 2177 752 genus
2211 683 2296 735 hu-

735 781 956 820 manum
980 771 1327 838 congregavit
1353 811 1367 834 ,
1401 781 1456 826 et
1487 772 1738 829 homines
1767 776 1831 828 ad
1857 774 2072 829 civilem
2103 773 2295 829 cuitun

2421 681 2606 749 φυλον,
2638 684 2731 737 καὶ
2760 685 2916 737 τοῦτο
2945 685 3169 740 κάκεῖνο
3198 686 3374 756 δήπου
3403 687 3631 757 τολμᾷς.
3830 674 3896 849 se

2390 774 2620 846 eduxit),
2654 787 2817 846 atque
2861 777 2935 831 ita
2976 779 3281 847 reipnlilica:
3349 781 3610 835 damnum
3675 779 3825 849 injun

735 781 956 820 manum
980 771 1367 838 congregavit,
1401 781 1456 826 et
1487 772 1738 829 homines
1767 776 1831 828 ad
1857 774 2072 829 civilem
2103 773 2311 829 cultum
2352 774 2620 846 deduxit),
2654 787 2817 846 atque
2861 777 2935 831 ita
2976 779 3281 847 reipublica:
3349 781 3610 835 damnum
3675 771 3972 850 iniungens,

734 874 831 929 per
857 860 1001 929 leges
1033 864 1169 917 tueri
1194 872 1245 918 te
1272 865 1496 934 poteris,
1551 882 1735 921 verum
1777 872 2045 926 utrumvis
2087 872 2422 941 peccaveris,
2451 873 2866 927 inhumanitatis
2904 874 3262 930 convinceris.
3328 874 3462 930 Nam
3522 875 3650 945 quia
3677 876 3971 944 proximum

736 969 841 1008 non
873 971 1041 1019 amas,
1096 968 1150 1012 et
1175 958 1275 1012 hoc
1305 968 1357 1013 et
1381 959 1512 1015 illud
1543 964 1732 1017 audes.

804 1050 872 1104 Et
905 1053 1034 1121 quid
1065 1053 1204 1108 labis
1241 1054 1421 1119 habet,
1456 1057 1652 1126 inquit,
1683 1062 1726 1113 si
1762 1074 1790 1113 a
1826 1075 2065 1129 paupere
2092 1058 2250 1121 nihil,
2281 1073 2296 1113 ι

2484 1057 2594 1112 Καὶ
2628 1059 2681 1112 τί
2711 1058 2902 1123 δεινὸν,
2941 1060 3129 1129 φησὶν,
3158 1059 3225 1113 ἂν
3259 1059 3489 1129 πένητος
3531 1061 3632 1131 μὲν
3659 1059 3811 1112 οὐδὲν
3851 1059 3973 1119 ἀφέ-

732 1139 902 1194 divite
938 1153 1116 1195 autem
1162 1144 1317 1197 fenus
1340 1144 1648 1214 exigamus?
1665 1144 1894 1202 Multum
1920 1150 2180 1217 proiecto.
2203 1148 2296 1202 H01

2412 1149 2614 1218 λωμεν,
2648 1148 2927 1211 πλουσίοις
2964 1150 3021 1203 δὲ
3062 1152 3225 1204 τόκου
3268 1156 3495 1222 χρήσως
3535 1153 3683 1204 Πάνυ
3719 1151 3817 1219 μὲν
3866 1147 3970 1204 οὖν.

732 1234 875 1286 enim
927 1244 1010 1288 est
1041 1246 1226 1288 contra
1267 1236 1409 1305 leges
1450 1253 1629 1306 agere,
1669 1240 1952 1308 pecuniam
2007 1242 2296 1295 commoda-

2414 1238 2588 1292 Τοῦτο
2611 1240 2720 1310 γάρ
2745 1241 2861 1293 ἔστι
2896 1240 2955 1293 τὸ
2988 1245 3349 1311 παρανομεῖν,
3379 1242 3439 1295 τὸ
3463 1242 3776 1312 χρήσαντας
3805 1240 3972 1312 ἀργύ-

731 1334 839 1377 tam
860 1340 981 1379 cum
1011 1327 1256 1380 auCtario
1280 1329 1542 1396 recipere.
1574 1328 1871 1400 Pauperem
1925 1347 2060 1385 vero
2093 1332 2294 1385 elidere

2421 1348 2557 1403 ριον,
2591 1333 2731 1401 μετά
2783 1334 3106 1403 προσθήκης
3158 1335 3491 1387 ἀπολαϐεῖν·
3536 1335 3597 1386 τὸ
3637 1334 3682 1387 δ’
3737 1334 3973 1400 ἀπάγξαι

730 1415 873 1469 fame
904 1431 1170 1485 premere,
1212 1421 1454 1475 vestibus
1506 1423 1763 1489 spoliare,
1792 1424 1895 1478 hoc
1941 1423 2051 1493 jam
2090 1441 2196 1479 non
2229 1423 2296 1478 fet

2416 1422 2643 1493 πένητα,
2680 1422 2741 1475 τὸ
2775 1423 2916 1493 λιμῷ
2972 1426 3179 1487 πιέσαι,
3223 1425 3281 1478 τὺ
3336 1426 3662 1496 περιδῦσαι,
3703 1425 3852 1478 τοῦτ’
3884 1424 3972 1496 ἥδη

730 1526 854 1571 nus,
887 1510 978 1563 sed
1031 1513 1250 1579 gravius
1308 1515 1579 1579 quoddam
1616 1517 1793 1570 scelus
1820 1526 1941 1571 est:
1971 1519 2296 1587 quandoqui-

2411 1512 2570 1575 τόκος
2610 1511 2791 1565 οὐκέτ’
2812 1512 2984 1575 ἐστιν,
3028 1513 3164 1567 ἀλλά
3195 1531 3247 1566 τι
3284 1515 3471 1583 μεῖξον
3503 1515 3673 1567 κακόν
3692 1529 3706 1543 ·
3735 1513 3865 1566 ἐπεὶ
3892 1515 3971 1567 καὶ

728 1602 850 1652 dem
872 1609 923 1653 et
945 1600 1091 1654 fures
1113 1602 1437 1670 delinquunt
1462 1604 1738 1660 crudelius
1765 1605 1809 1661 si
1838 1617 2079 1676 egentem
2106 1606 2296 1674 spolia‘

2409 1603 2766 1673 τοιχωρύχοις
2804 1605 2866 1657 τδ
2893 1605 3147 1675 ἔγκλημα
3174 1607 3375 1676 χεῖρον,
3407 1605 3473 1658 ἂν
3502 1606 3673 1676 πένης
3694 1608 3721 1658 ό
3752 1605 3973 1674 σεσυλη-

727 1692 987 1753 verint,et
1018 1692 1186 1746 multo
1215 1693 1469 1762 amplius.
1508 1696 1552 1748 si
1604 1696 1707 1765 ipsi
1748 1696 1953 1766 cepiosi
1985 1697 2206 1763 fuerint;
2252 1706 2296 1752 el

2415 1692 2575 1762 μένος
2604 1689 2660 1765 ᾖ,
2688 1695 2784 1748 καὶ
2812 1685 2950 1749 πολὺ
2986 1695 3187 1766 μᾶλλον
3237 1698 3352 1766 εἴγε
3399 1696 3760 1758 πλουτοῦντες
3786 1695 3971 1766 ἔτυχον

729 1784 1312 1853 scelestioresinsupcr
1348 1796 1657 1851 censemur,
1681 1788 1748 1847 si.
1785 1804 1813 1841 a
1860 1790 2061 1859 quibus
2096 1786 2296 1843 beneﬁ-

2408 1785 2581 1838 αὐτοί.
2608 1786 2716 1838 Καὶ
2748 1785 2829 1839 ἔτι
2863 1788 3198 1857 μιαρώτεροι
3235 1786 3331 1842 καὶ
3356 1788 3605 1855 κακίους,
3637 1789 3687 1842 εί
3727 1787 3825 1841 καὶ⁸
3853 1788 3971 1856 παρ’

728 1875 811 1928 cia
837 1885 1183 1945 acceperunt,
1216 1878 1267 1930 in
1293 1890 1386 1931 eos
1415 1878 1563 1946 ipsos
1586 1878 1821 1933 maleﬁci
1848 1880 2296 1935 exstiterint.‘Ve-

2405 1868 2480 1930 ὧν
2507 1875 2568 1930 εὖ
2615 1877 2943 1942 πεπόνθασι,
2976 1877 3193 1942 τούτοις
3234 1880 3490 1946 ἐγένοντο
3529 1880 3782 1950 πονηροί.
3839 1878 3969 1935 ’Δλλ’

726 1981 848 2018 rum
884 1968 1029 2020 enim
1066 1984 1194 2022 vero
1255 1968 1458 2023 leviora
1509 1970 1736 2024 crimina
1774 1983 1996 2040 propter
2055 1972 2302 2043 graviora

725 2061 905 2127 poenis
928 2076 1033 2113 non
1065 2062 1346 2117 carebunt.
1388 2061 1525 2117 Cum
1566 2063 1731 2133 igitur
1782 2066 1951 2119 lexin
1992 2065 2081 2118 illa
2120 2065 2300 2118 vindi-

727 2159 836 2214 cet,
868 2153 985 2205 sine
1013 2150 1352 2207 dubitatione
1380 2153 1495 2210 haac
1522 2155 1778 2211 infestius
1811 2157 1947 2220 odit,
1975 2167 2028 2211 et
2058 2157 2303 2213 severius

728 2245 944 2299 multat.
977 2242 1110 2298 Nam
1142 2247 1188 2300 si
1221 2245 1273 2299 in
1299 2262 1625 2316 quacunque
1642 2247 1907 2315 pravitate
1942 2248 2068 2301 aliis
2097 2248 2301 2303 tolera-

725 2334 913 2399 bilius,
948 2334 1069 2389 aliis
1104 2335 1424 2393 sceleratius
1448 2339 1819 2407 peccantibus,
1852 2339 1948 2392 hos
1973 2347 2180 2392 tantum
2210 2339 2305 2394 de-

728 2428 1027 2497 prehensos
1064 2429 1282 2496 puniret
1310 2428 1604 2499 legislator,
1638 2430 1913 2484 videretur
1937 2429 2059 2483 aliis
2091 2439 2301 2499 patrata

725 2518 1030 2587 ignoscere.
1083 2518 1349 2584 Quoniam
1399 2530 1581 2574 autem
1634 2520 1880 2587 iudicum
1934 2521 2217 2576 sententiae
2249 2529 2305 2578 et

726 2608 825 2660 hos
853 2617 905 2661 et
956 2609 1080 2662 illos
1110 2610 1393 2671 damnant.
1428 2621 1595 2678 patet.
1629 2612 1796 2679 leges,
1834 2611 2132 2666 secundum
2163 2628 2302 2682 quas

722 2704 789 2756 ad
803 2698 1069 2771 judicium
1091 2711 1144 2755 et
1160 2718 1348 2773 pmnas
1367 2705 1584 2773 utrique
1607 2705 1915 2773 rapiuntur,
1932 2714 2117 2760 contra
2133 2706 2302 2761 levio-

719 2805 783 2844 ra
827 2791 954 2843 item
973 2791 1109 2845 latas
1132 2807 1273 2847 esse.
1295 2793 1469 2848 Porro
1501 2807 1599 2848 nec
1620 2793 1901 2848 deﬁnitum
1923 2806 2007 2850 est
2037 2797 2302 2851 commis-

722 2896 844 2939 sum
866 2884 1145 2954 grandius,
1165 2899 1265 2938 nec
1280 2884 1462 2950 datur,
1481 2899 1590 2953 quo
1608 2900 1711 2939 non
1736 2884 1896 2940 detur
1918 2885 2112 2955 majus.
2128 2886 2304 2952 Quor-

725 2990 845 3028 sum
870 2975 1032 3042 igitur
1064 2973 1172 3039 lex,
1213 2991 1338 3029 eum
1367 2990 1473 3030 non
1508 2977 1599 3040 sit,
1631 2976 1683 3029 in
1717 2991 1827 3046 quo
1854 2976 2136 3046 ponatur?
2162 2976 2298 3032 Nam

721 3066 843 3120 fure
910 3066 1165 3121 eﬂ‘ractor
1233 3069 1420 3138 utique
1454 3068 1606 3138 pejor
1659 3078 1764 3123 est.
1797 3068 2003 3138 Itaque,
2027 3069 2072 3123 si
2105 3069 2299 3137 placet,
2328 3099 2370 3158 ο

718 3158 867 3212 hunc
921 3159 973 3212 in
1028 3174 1245 3214 crucem
1299 3175 1548 3231 agamus,
1597 3160 1748 3215 illum
1783 3170 1838 3215 ut
1877 3160 2296 3215 tolerabiliorem

716 3249 1063 3305 absolvatnus
1087 3251 1113 3304 ?
1144 3249 1236 3305 Sic
1258 3252 1338 3306 lex
1361 3266 1574 3322 semper
1590 3252 1906 3322 procedens,
1944 3260 2156 3306 sontem
2189 3267 2297 3307 non

711 3338 977 3395 inveniet.
997 3339 1149 3396 Sicut
1168 3356 1295 3412 ergo
1315 3341 1424 3406 lex,
1449 3341 1595 3395 (Non
1626 3342 1862 3405 occides,
1891 3360 1907 3392 ι
1931 3357 2039 3395 non
2070 3341 2299 3412 parrici-

715 3432 867 3493 dam.
917 3448 1019 3489 nec
1071 3434 1430 3499 fratricidam,
1487 3444 1581 3487 aut
1638 3414 2024 3504 quemcunque
2084 3441 2294 3487 certum

714 3523 1142 3589 interiectorem,
1176 3526 1268 3579 sed
1309 3525 1627 3594 simpliciter
1667 3524 1991 3580 homicidam
2024 3522 2299 3593 persequi-

713 3623 805 3665 tur
830 3632 843 3666 :
868 3615 942 3667 ita
969 3629 1184 3683 quoque
1201 3625 1256 3669 et
1279 3616 1474 3680 furem,
1493 3626 1545 3670 et
1567 3617 1892 3676 adulterum,
1914 3623 1968 3668 et
1987 3613 2293 3669 maleﬁcum

712 3716 1009 3769 quemque.
1040 3701 1242 3759 Eodem
1274 3705 1435 3759 modo
1458 3706 1612 3769 illud,
1644 3723 1663 3757 ι
1690 3705 1806 3761 Non
1834 3703 2167 3759 fencraberis
2194 3702 2300 3756 fra-

711 3793 785 3847 tri
806 3792 946 3858 tuo',
960 3813 979 3845 »
1000 3808 1107 3847 non
1125 3804 1209 3850 est
1226 3811 1445 3851 usuram
1467 3797 1845 3864 dividentis,et
1862 3810 2022 3851 unam
2043 3793 2296 3857 vetantis,

708 3886 938 3939 alteram
953 3889 1262 3954 statuentis,
1280 3892 1370 3945 sed
1390 3904 1605 3945 onmem
1626 3905 1848 3948 usuram
1862 3886 2297 3944 exterminantis.

709 3993 834 4041 πον,
865 3980 959 4031 xui.
993 3979 1073 4047 τὸ,
1110 3999 1129 4034 ι
1175 3983 1267 4054 Μὴ
1307 3984 1613 4049 ἐκτοκίσεις
1653 3983 1730 4054 τῷ
1762 3982 1977 4052 ἀδελφῷ
2008 3998 2104 4035 σου
2132 3979 2198 4033 τὸ
2237 3977 2526 4050 ἀργύριον,
2569 3997 2590 4032 ι
2660 3981 2725 4035 οὐ
2762 3978 2924 4034 τόκον
2975 3979 3093 4033 ἔστι
3139 3979 3496 4052 διαιροῦντος,
3551 3982 3648 4035 καὶ
3699 3981 3791 4035 τὸν

2403 1967 2556 2019 οὐδὲν
2601 1968 2805 2031 μᾶλλον
2844 1969 3194 2038 ἀπήλλακται
3232 1970 3513 2040 δίκηςδιά
3550 1970 3619 2023 τὰ
3668 1973 3866 2041 χείρω,
3913 1971 3971 2025 τά

2405 2058 2716 2128 κουφότερα
2742 2060 3088 2123 τῶνκακῶν.
3117 2061 3336 2115 Τούτων
3372 2062 3472 2131 μὲν
3499 2059 3595 2115 οὖν
3621 2064 3650 2114 ὁ
3688 2063 3859 2132 νόμος
3884 2066 3972 2127 τὰς

2403 2149 2558 2213 δίκας
2593 2153 2958 2221 εἰσπράττων,
2995 2155 3109 2215 τοῖς
3147 2154 3360 2224 χείροσι
3411 2154 3571 2222 δῆλός
3605 2155 3722 2208 ἐστι
3749 2156 3970 2224 σφοδρό-

2402 2258 2563 2310 τερον
2612 2226 2886 2311 πολεμῶν,
2952 2244 3020 2297 δι’
3066 2238 3141 2298 ὧν
3195 2244 3367 2300 ταῦτα
3404 2244 3655 2313 κολάζει,
3709 2248 3970 2317 μειζόνων

2405 2336 2588 2387 ἐκεῖνα
2617 2337 2927 2403 τιμώμενα.
2974 2338 3036 2390 Εί
3066 2337 3175 2407 γὰρ
3203 2338 3297 2392 ἐπὶ
3328 2339 3510 2408 πάσης
3534 2339 3857 2408 ἡστινοσοῦν
3880 2355 3971 2391 πο-

2402 2442 2465 2495 νη
2475 2426 2616 2495 ρίας,
2642 2428 2751 2481 τῶν
2775 2428 2874 2496 μὲν
2892 2428 3268 2499 ἀνεκτότερον,
3300 2429 3408 2481 τῶν
3437 2430 3495 2482 δὲ
3512 2433 3694 2500 χεῖρον
3719 2430 3970 2501 ἑχόντων,

2402 2515 2528 2579 τοὺς
2555 2516 2805 2587 χείρονας
2852 2517 3112 2583 ἐκόλαζεν
3144 2520 3174 2572 ό
3205 2519 3506 2590 νομοθέτης
3533 2520 3850 2588 ἀπολαϐὼν,
3875 2521 3971 2574 κᾶν

2404 2608 2581 2661 ἐδόκει
2609 2609 2735 2671 τοὺς
2761 2609 2958 2672 ἄλλους
2991 2609 3093 2681 τὴν
3123 2611 3389 2683 πονηρίαν
3416 2613 3648 2681 ἐφεῖναι,
3684 2613 3806 2665 ἐπεὶ
3841 2614 3888 2667 δ’
3915 2614 3969 2666 al

2401 2699 2574 2768 ψῆφοι
2605 2697 2716 2751 τῶν
2744 2698 3019 2752 δικαστῶν
3067 2700 3166 2752 καὶ
3203 2698 3430 2763 τούτους
3487 2703 3779 2767 κάκείνους
3831 2705 3971 2757 ἀπά-

2401 2807 2558 2858 γουσι
2579 2831 2595 2854 ,
2623 2789 2775 2857 δῆλοι
2810 2789 3144 2843 καθεστᾶσιν
3174 2789 3224 2843 οί
3251 2790 3478 2857 τούτους
3522 2792 3747 2860 ἄγοντες
3790 2792 3971 2864 νόμοι.
4056 2794 4062 2805 ¹

2404 2882 2547 2935 κατά
2574 2880 2929 2951 κουφοτέρων
2960 2882 3209 2951 κείμενοι
3236 2898 3250 2912 '
3300 2884 3398 2937 xui
3445 2886 3553 2954 μὴν
3592 2872 3702 2938 οὐδ’
3738 2885 3974 2954 ὥρισται

2401 2972 2463 3025 τὸ
2494 2974 2676 3042 χεῖρον
2708 2972 2901 3039 κακὸν,
2931 2972 3042 3028 οὐδ’
3072 2972 3188 3028 ἔστι
3219 2973 3404 3027 λαϐεῖν
3448 2974 3601 3028 οὐδὲν
3629 2980 3977 3047 περαιτέρω.

2402 3066 2561 3121 Κατὰ
2590 3066 2730 3129 τίνος
2757 3066 2937 3120 τοίνυν
2966 3069 2994 3120 ό
3021 3068 3206 3134 νόμος,
3239 3067 3340 3121 οὐκ
3364 3066 3511 3130 δντος
3552 3060 3612 3119 οὗ
3659 3068 3930 3134 στήσεται
3956 3084 3977 3132 ;

2403 3156 2513 3211 Τοῦ
2567 3157 2679 3228 γάρ
2727 3156 2823 3211 νῦν
2872 3157 3087 3228 κλοπῆς
3121 3158 3361 3223 ἀλόντος,
3407 3158 3577 3229 χείρω
3622 3158 3976 3228 τοιχωρύχον

2404 3248 2521 3302 ἐστι
2555 3246 2765 3314 λαϐεῖν,
2802 3250 2897 3301 καὶ
2937 3249 3002 3320 δὴ
3051 3250 3471 3320 μεταστήσομεν
3501 3249 3588 3302 ἔπ’
3623 3251 3836 3303 ἐκεῖνον
3874 3253 3975 3319 τὴν

2401 3339 2581 3408 δίκην,
2624 3342 2717 3392 καὶ
2749 3339 2940 3393 τοῦτον
2983 3341 3344 3410 ἀνεκτότερον
3369 3341 3559 3411 ἑτέρου
3595 3342 3857 3410 φανέντα,
3884 3341 3972 3394 λύ-

2403 3446 2610 3500 σομεν;
2649 3432 2755 3482 Καὶ
2788 3430 2959 3496 οὕτως
2991 3433 3020 3484 ό
3049 3432 3214 3501 νόμος
3241 3433 3329 3486 ἀεὶ
3362 3432 3618 3503 βαδίζων,
3657 3432 3760 3486 οὒκ
3787 3433 3856 3488 ἂν
3883 3433 3974 3486 εὕρ

2402 3538 2487 3592 ροι
2510 3523 2602 3575 τὸν
2634 3522 2958 3576 ὑπεύθυνον.
2988 3522 3258 3593 Καθάπερ
3285 3524 3467 3578 τοίνυν
3495 3526 3577 3585 τὸ.
3609 3542 3628 3577 ι
3665 3527 3760 3595 Μὴ
3786 3526 3972 3593 φονεύ-

2406 3628 2540 3673 σεις.
2589 3628 2610 3662 ι
2642 3611 2703 3664 ού
2734 3611 2827 3663 τὸν
2862 3613 3250 3683 πατροκτόνον,
3281 3612 3314 3684 ἢ
3344 3611 3741 3683 ἀδελφοκτόνον
3766 3616 3798 3684 ἢ
3832 3617 3973 3667 όντι-

2402 3700 2528 3755 νοῦν
2576 3700 2688 3754 τῶν
2741 3702 3067 3771 μιαιφόνων,
3118 3703 3236 3755 ἀλλ’
3260 3705 3448 3768 ἁπλῶς
3496 3705 3591 3758 τὸν
3644 3705 3970 3776 ἀνδροφόνον

2403 3792 2639 3859 ιλαύνει,
2673 3794 2813 3848 κατὰ
2844 3795 2914 3848 τὰ
2947 3795 3089 3849 αύτά
3117 3795 3182 3867 δὴ
3209 3798 3306 3850 καὶ
3356 3797 3449 3850 τδν
3497 3797 3834 3867 τοιχωρύχον
3880 3800 3972 3853 καὶ

2405 3884 2499 3938 τὸν
2529 3884 2714 3955 μοιχὸν
2748 3886 2843 3939 καὶ
2874 3886 2983 3939 τῶν
3008 3885 3264 3957 πονηρῶν
3288 3886 3523 3941 ἰκαστον
3542 3903 3558 3920 ·
3582 3887 3678 3941 τὸν
3710 3889 3826 3943 ίσον
3848 3887 3972 3959 τρό-

3874 3982 3973 4052 μὲν

702 4076 970 4141 τιθέντος,
1002 4081 1095 4134 τὸν
1125 4079 1181 4133 δὲ
1213 4080 1583 4149 ἀναιροῦντος,
1615 4080 1765 4134 ἀλλὰ.
1795 4079 1973 4133 πάντα
2004 4078 2163 4131 τόκον
2186 4074 2563 4139 ὲκϐάλλοντος.

782 4173 947 4245 Διαυὶ
964 4175 1050 4230 lex
1070 4176 1422 4246 imperatoria
1442 4177 1712 4249 (occurrit
1730 4176 1839 4244 illo)
1859 4176 1959 4228 hac
1977 4174 2061 4228 via
2082 4173 2291 4227 lucrum

709 4268 1022 4321 consectari
1076 4267 1496 4337 permisit,quod
1553 4282 1834 4334 nunquam
1893 4265 2133 4328 fecisset,
2163 4264 2207 4320 si
2235 4264 2289 4318 in

710 4374 780 4411 eo
804 4367 1085 4428 peceatum
1124 4359 1354 4411 inesset.
1395 4358 1680 4424 Quomodo
1715 4373 1821 4411 non
1853 4357 2076 4412 stultum
2102 4366 2187 4413 est
2208 4357 2290 4411 sic

710 4449 1052 4503 ratiocinari:
1087 4449 1348 4505 llotnincs
1376 4451 1514 4505 istuc
1547 4450 1931 4520 permiserunt:
1972 4460 2026 4505 et
2056 4466 2162 4504 non
2189 4466 2286 4505 co-

2466 4170 2577 4225 Καὶ
2599 4170 2705 4238 μὴν
2725 4172 2754 4225 ό
2773 4169 2884 4224 τῶν
2901 4169 3320 4243 αὐτοκρατόρων
3357 4168 3501 4225 οὕτω
3521 4171 3849 4241 κερδαίνειν,
3876 4192 3973 4243 φη-

2395 4263 2502 4329 σὶν,
2548 4263 2820 4333 ἐπέτρεψε
2867 4263 3052 4331 νόμος,
3104 4263 3207 4317 οὐκ
3261 4262 3328 4316 ἂν
3372 4265 3422 4316 εἰ
3464 4264 3701 4335 πονηρὸν
3733 4262 3829 4336 ἦν.
3865 4268 3969 4319 Καὶ

2391 4338 2508 4414 πῶς
2539 4356 2601 4405 οὐ
2627 4353 2835 4416 σκαιὸν,
2873 4354 2922 4405 εί
2952 4354 3049 4423 μὲν
3077 4352 3353 4424 ἄνθρωποι
3379 4352 3551 4408 ταῦτα
3576 4354 3971 4426 συνεχώρησαν

2389 4443 2725 4513 λογίζεσθαι,
2759 4446 2842 4499 ὅτι
2872 4444 2932 4499 δὲ
2967 4446 3194 4513 φεύγειν
3235 4448 3264 4498 δ
3288 4445 3422 4510 Θεὸς
3456 4448 3689 4513 ἐπέταξε
3728 4447 3804 4518 μὴ
3838 4464 3967 4501 mo

708 4541 888 4611 gitare
934 4541 1145 4610 putius,
1216 4541 1381 4595 Deum
1426 4544 1527 4596 hoc
1589 4541 2044 4612 ingerejussisse,
2082 4554 2135 4598 et
2175 4558 2282 4598 non

2391 4540 2512 4590 πεῖν
2534 4553 2548 4603 ;
2569 4538 2664 4590 καὶ
2691 4536 2785 4591 τοῦ
2809 4537 2910 4602 μὲν
2933 4536 3010 4608 μὴ
3034 4540 3269 4609 πονηρὸν
3294 4534 3510 4592 εἶναιτὸ
3537 4540 3729 4609 κέρδος
3744 4540 3836 4593 τδν
3859 4540 3966 4592 τῶν

705 4650 833 4688 esse
864 4633 1114 4688 vitiosum
1147 4634 1247 4688 hoc
1280 4634 1413 4689 lueri
1447 4651 1617 4704 genus
1652 4650 1715 4689 ex
1746 4638 1859 4703 lege
1889 4637 2125 4690 humana
2152 4654 2280 4691 con-

706 4726 895 4791 iicere,
925 4736 978 4780 et
1013 4741 1135 4780 cum
1170 4726 1311 4781 Deus
1338 4728 1437 4781 hoc
1466 4728 1582 4797 ipso
1628 4728 1771 4795 quod
1801 4728 2100 4798 prohibuit,
2134 4728 2290 4784 vitio-

704 4817 983 4870 sissimum
1009 4832 1129 4870 esse
1150 4827 1396 4881 testetur,
1429 4819 1599 4873 nihilo
1625 4829 1805 4873 tamen
1838 4821 2008 4889 magis
2034 4819 2285 4875 vitiosum

707 4907 990 4961 arbitrari?
1024 4907 1239 4974 Quanto
1272 4912 1467 4964 melius
1496 4912 1808 4982 judietres,
1834 4911 1990 4979 juxta
2021 4910 2111 4965 Dei
2139 4912 2287 4982 judi-

703 4999 850 5052 cium
903 4998 1082 5053 ferens
1126 5006 1468 5065 sententiam,
1501 5018 1664 5069 quam
1716 5002 1922 5072 legibus
1996 5002 2280 5059 hominum

703 5091 1009 5144 assentiens
1033 5090 1056 5143 ?
1080 5089 1209 5146 Mihi
1236 5108 1361 5147 vero
1387 5103 1442 5147 et
1491 5107 1810 5162 comparare.
1831 5092 2129 5163 quidquam
2175 5097 2275 5167 legi

704 5180 905 5234 divituc
934 5191 1190 5238 extremae
1243 5185 1454 5239 videtur
1481 5187 1742 5251 audaci-.c,
1781 5194 1834 5240 et
1869 5197 2081 5260 egestas
2115 5191 2280 5243 ratio-

705 5271 810 5325 nis:
844 5274 1039 5327 nedum
1093 5274 1341 5330 laborare
1375 5277 1517 5345 apud
1550 5277 1796 5333 homines
1826 5296 2017 5349 parum
2052 5281 2189 5349 pios,
2219 5291 2278 5335 ut.

702 5365 782 5418 eis
812 5367 1160 5433 persuadeas,
1192 5369 1298 5421 utri
1342 5368 1517 5437 legum
1551 5368 1728 5436 potius
1743 5370 2135 5440 obtemperent.
2166 5374 2280 5439 Age

697 5459 869 5522 enim,
915 5458 960 5512 si
1014 5459 1330 5513 discendum
1375 5460 1533 5526 foret,
1573 5477 1699 5514 num
1745 5479 1908 5517 usura
1941 5465 1995 5517 in
2037 5466 2273 5534 pecca:is

698 5549 973 5610 ducenda,
1007 5556 1182 5600 utrum
1232 5558 1287 5602 tu
1326 5551 1640 5619 magistrum
1675 5553 1928 5624 eligeres?
1964 5571 2140 5608 nonne
2171 5554 2266 5609 υπ-

700 5652 816 5701 um,
851 5638 895 5689 si
917 5635 998 5688 vel
1030 5637 1298 5692 tantillum
1330 5640 1571 5708 sapores?
1590 5638 1707 5694 .lam
1736 5641 1781 5696 si
1815 5641 2020 5713 legibus
2058 5643 2129 5695 ita
2171 5660 2269 5713 pu-

770 5811 792 5841 ⁸
826 5812 981 5866 Deut.
1022 5827 1167 5882 unt,
1205 5810 1285 5865 19.

2393 4630 2700 4701 ἀνθρώπων
2727 4630 2891 4699 νόμον
2932 4629 3118 4683 ἱκανὸν
3152 4631 3427 4685 ποιεῖσθαι
3478 4634 3733 4702 σημεῖον,
3759 4634 3885 4686 ἐπεὶ
3912 4633 3967 4685 δὲ

2389 4723 2417 4774 ό
2448 4723 2581 4785 Θεὸς
2610 4721 2679 4775 δι’
2711 4715 2787 4776 ὧν
2817 4723 3018 4774 ἀπεῖπε
3050 4721 3252 4792 πολλὴν
3297 4721 3449 4792 αὐτῷ
3473 4723 3792 4790 φαυλότητα
3825 4740 3969 4795 μαρ-

2389 4817 2562 4884 τυρεῖ,
2607 4814 2763 4867 οὐδὲν
2807 4812 3012 4883 μᾶλλον
3046 4815 3292 4882 νομίζειν
3341 4811 3481 4869 εἶναι
3517 4816 3836 4886 μοχθηρόις
3870 4815 3970 4869 καὶ

2387 4907 2538 4975 πόσῳ
2570 4904 2780 4976 βέλτιον
2807 4905 2979 4974 ἔγνως
3011 4904 3078 4958 ἂν
3116 4906 3225 4958 ἀπὸ
3250 4905 3361 4959 τῶν
3387 4906 3467 4976 τῷ
3496 4906 3615 4976 Θεῷ
3659 4907 3969 4961 δοκούντων

2385 4994 2636 5066 ἐκφέρων
2665 4996 2761 5059 τὰς
2792 4995 3009 5065 ψήφους
3042 4994 3077 5064 ἢ
3112 4997 3225 5058 τοῖς
3274 4996 3383 5049 τῶν
3412 4998 3719 5069 ἀνθρώπων
3774 5001 3972 5068 νόμοις

2385 5089 2733 5150 ἀκολουθῶνς
2778 5089 2934 5160 Ἐμοὶ
2983 5093 3083 5161 μὲν
3119 5086 3352 5143 οὖνκαὶ
3382 5092 3442 5143 τὸ
3476 5092 3862 5161 παραϐάλλειν
3892 5089 3971 5161 τῷ

2385 5181 2536 5251 νόμῳ
2565 5182 2770 5252 τόλμης
2807 5178 2948 5236 εἶναι
2972 5182 3073 5252 τῆς
3104 5184 3341 5252 ἐσχάτης
3372 5185 3541 5248 δοκεῖ,
3583 5185 3679 5237 καὶ
3704 5184 3769 5238 τὸ
3796 5184 3970 5254 λόγου

2374 5272 2590 5326 δεῖσθαί
2613 5289 2758 5336 τινος
2816 5273 2892 5343 μὴ
2940 5274 3105 5339 ὃτιγε
3143 5274 3453 5343 κάμνοντας
3483 5274 3696 5329 πείθειν
3746 5278 3974 5345 ποτέρῳ

2383 5367 2466 5419 δεῖ
2502 5365 2735 5435 χρῆσθαι
2779 5365 2887 5418 τῶν
2928 5367 3110 5435 νόμων
3167 5365 3242 5437 μὴ
3273 5366 3408 5436 πρὶς
3444 5364 3645 5437 ἄνδρας
3695 5368 3755 5419 οὐ
3808 5368 3975 5437 μάλα

2381 5458 2589 5519 εἰδότας
2613 5456 2877 5511 εὐσεϐεῖν.
2900 5455 3038 5526 Φέρε
3070 5457 3176 5526 γὰρ
3204 5457 3268 5509 ἂν
3294 5457 3389 5529 δέῃ
3417 5458 3611 5527 μαθεῖν
3638 5461 3686 5511 εἰ
3718 5461 3977 5529 πονηρὸν

2375 5550 2423 5600 οἱ
2451 5549 2598 5600 τόκοι
2631 5551 2884 5618 πρᾶγμα,
2919 5549 3146 5617 πὸτερον
3181 5547 3247 5601 ἂν
3278 5547 3423 5600 εἵλου
3478 5548 3804 5602 διδάσκαλον
3836 5566 3856 5616 ;
3908 5551 3975 5603 οὐ

2372 5643 2465 5697 τὸν
2503 5642 2658 5710 Θεὸν,
2693 5643 2757 5697 ἂν
2816 5642 3064 5697 ὁπωσοῦν
3094 5644 3417 5712 σωφρονῇς;
3456 5643 3512 5696 Ei
3543 5643 3586 5696 δ’
3620 5642 3762 5696 οὕτω
3796 5643 3978 5697 πολε-
