4196 6308
333 412 430 479 ’1⁷41

1367 419 1654 481 ORATIO
1691 420 1993 483 CONTRA
2038 420 2613 486 FENERATORES.

3499 423 3606 488 742

335 529 587 603 μούντων
621 531 874 603 ἀλλήλοις
906 529 1014 583 τῶν
1064 530 1264 601 νόμων,
1300 530 1541 595 σώζοντα
1589 532 1680 585 τὸν
1727 531 1907 605 ἕτερον

2016 531 2311 602 gnantibus
2332 530 2555 587 alteram
2577 534 2844 588 servando
2865 548 3092 591 necesse
3117 547 3199 589 est
3240 536 3465 592 alteram
3487 538 3617 593 floc-

334 619 555 694 ἀνάγκη
591 622 826 691 θατέρου
852 623 1245 690 καταφρονεῖν,
1300 621 1530 691 πότερον
1562 621 1915 693 ὑπερϐαίνων

340 714 639 785 ἀπολογίαν
688 712 835 778 ἕξεις
881 712 975 766 τὸν
1028 714 1240 785 ἕτερον,
1291 713 1352 766 οὐ
1403 713 1496 767 τὸν
1540 713 1917 784 ἀνθρώπειον;

340 809 514 863 Τοῦτο
550 806 647 878 μὲν
674 805 779 878 γὰρ
817 804 1084 872 ἀπολογία
1127 804 1236 858 τῶν
1277 807 1540 876 ἡττόνων,
1585 805 1641 856 εί
1664 823 1752 870 τις
1784 806 1920 875 φαίη

340 903 433 957 διὰ
462 902 585 963 τοὺς
611 899 895 968 κρείττους
924 899 1312 967 καταφορνεῐν,
1343 897 1419 961 ὼς
1440 901 1503 952 τό
1548 914 1612 967 γε
1652 902 1777 961 τοὺς
1804 898 1920 969 χεί-

341 1011 503 1065 ρονας
547 992 906 1061 αἰδουμένους
946 989 1240 1059 προδοῦναι
1286 991 1415 1053 τοὺς
1455 989 1764 1062 κρείττους,
1799 989 1919 1051 πῶς

334 1087 403 1140 ἂν
438 1084 552 1157 ἔχοι
584 1086 698 1146 τοῖς
760 1083 1231 1153 παραιτουμένοις
1281 1081 1635 1152 συγγνώμην,
1662 1082 1824 1134 ὁπότε
1858 1082 1919 1134 τὸ

330 1177 590 1247 ἔγκλημα
644 1178 827 1247 χεῖρον
866 1174 1114 1244 γίνεται;
1158 1173 1412 1245 καθάπερ
1468 1176 1605 1236 εῐτις
1651 1173 1919 1244 βασιλέως

330 1268 722 1330 ἐπιτάττοντος
773 1264 1092 1336 ὑπερεώρα,
1124 1265 1207 1319 ὅτι
1233 1264 1343 1319 τῶν
1384 1264 1742 1336 στρατιωτῶν
1766 1259 1847 1327 εἷς
1879 1264 1912 1334 ἢ

327 1358 447 1412 τῶν
476 1358 825 1429 σκευοφόρων
841 1357 1123 1412 ἐκέλευσε.
1145 1355 1350 1410 Πολλοῦ
1383 1356 1484 1427 μὲν
1508 1357 1613 1429 γὰρ
1639 1355 1706 1410 ἂν
1722 1355 1915 1427 ἐδέησε

332 1452 412 1522 μὴ
455 1454 678 1522 καὶτῆς
710 1449 1010 1519 ἀπολογίας
1043 1450 1199 1514 δίκας
1245 1449 1526 1520 ὀφλήσειν,
1569 1451 1664 1503 καὶ
1700 1450 1916 1519 προσῆν

324 1547 389 1598 τὸ
414 1543 633 1605 δικαίας
656 1545 744 1598 ὅτε
793 1542 868 1615 μὴ
902 1543 1178 1614 ἀγνοήσας
1208 1541 1241 1614 ἢ
1271 1542 1442 1614 λήθης
1468 1542 1649 1612 ήττων
1678 1541 1913 1611 γενόμε-

327 1654 440 1701 νος,
467 1637 586 1690 ἀλλ’
612 1635 756 1689 οὕτω
782 1636 975 1705 κρίνας
1001 1635 1097 1688 καὶ
1125 1633 1216 1687 τὸν
1248 1633 1581 1703 σκευοφόρον
1630 1632 1725 1686 τοῦ
1761 1631 1915 1704 βασι·-

326 1729 463 1793 λέως
492 1729 809 1798 ἔμπροσθεν
838 1725 1062 1796 ἀγαγών
1105 1743 1120 1759 ο
1156 1728 1220 1780 σὺ
1252 1727 1310 1781 δὲ
1333 1728 1492 1780 τίνων
1530 1726 1722 1781 σαυτὸν
1750 1725 1915 1790 ἀξιώ-

325 1840 451 1882 σαις
484 1822 571 1883 ἂν,
605 1822 652 1874 εί
680 1821 749 1875 τὰ
770 1822 954 1875 δίκαια
982 1820 1251 1889 ποιήσεις,
1273 1820 1460 1889 ἐπειδὴ
1497 1838 1515 1871 ι
1555 1818 1721 1873 Πλέον
1750 1816 1908 1871 Σολο-

2024 620 2338 691 cipendere,
2376 632 2552 678 utram
2593 625 2826 696 violans,
2859 642 2957 695 per
2987 629 3214 681 alteram
3253 638 3301 682 te
3327 630 3616 687 delendes?

2023 710 2114 767 Ce‘
2135 720 2185 768 te
2213 728 2320 768 non
2344 728 2441 784 per
2477 716 2790 771 humanam.
2818 716 2915 773 Est
2945 718 3088 773 enim
3115 719 3389 775 imbecilla
3429 720 3617 777 defen-

2023 803 2128 868 sio,
2166 804 2211 858 si
2242 806 2362 874 quis
2400 806 2567 868 dicat,
2625 808 2749 863 ideo
2788 825 2847 866 se
2877 810 3116 865 divinam
3145 810 3320 882 legem
3362 823 3613 870 contem-

2022 895 2219 964 psisse.
2258 895 2393 952 Nam
2434 898 2723 957 inferiores
2763 904 3022 970 revereri,
3052 912 3110 958 ut
3139 906 3456 975 superiores
3491 923 3616 978 pro-

2022 985 2145 1049 das,
2173 1002 2337 1055 quam
2363 990 2576 1043 veniam
2612 988 2909 1059 mereatur,
2937 996 3157 1064 quando
3196 997 3404 1054 crimen
3434 1001 3610 1071 majus

2023 1076 2144 1132 est?
2165 1076 2398 1135 Perinde
2428 1089 2486 1134 ut
2512 1081 2557 1135 si
2592 1083 2714 1150 quis
2740 1085 3052 1140 mandatum
3081 1089 3224 1160 regis
3267 1092 3611 1160 posthabeat,

2019 1168 2149 1238 quia
2178 1170 2333 1226 miles
2361 1170 2579 1240 aliquis,
2617 1184 2713 1229 aut
2735 1175 2852 1230 calo
2891 1193 3052 1233 secus
3078 1182 3375 1237 mandavit.
3408 1183 3608 1238 Parum

2021 1259 2199 1325 abest,
2243 1262 2377 1329 quin
2410 1264 2535 1318 talis
2563 1264 2726 1319 etiam
2772 1266 3107 1325 defensionis
3142 1270 3305 1341 hujus
3339 1288 3452 1328 suae
3489 1288 3612 1343 pte-

2020 1369 2119 1411 nas
2143 1354 2359 1409 debeat.
2384 1356 2586 1425 Etjnre
2617 1359 2860 1427 quidem,
2886 1361 3011 1430 quia
3047 1378 3154 1417 non
3186 1378 3248 1419 ex
3304 1366 3611 1436 ignorantia

2019 1455 2114 1499 aut
2151 1445 2449 1513 oblivione,
2480 1450 2573 1504 sed
2603 1453 2859 1506 consulto
2895 1453 2948 1507 id
2979 1453 3127 1511 fecit.
3164 1455 3234 1510 At
3261 1465 3339 1520 tu,
3374 1458 3419 1511 si
3461 1469 3611 1515 recte

2019 1534 2208 1604 facias,
2227 1537 2429 1607 quibus
2458 1542 2804 1610 tesuppliciis
2825 1542 3052 1613 dignum
3083 1546 3334 1613 deputes.
3359 1551 3610 1616 quando-

2017 1628 2238 1699 quidem
2272 1646 2292 1680 ι
2322 1627 2448 1683 Plus
2470 1646 2630 1700 quam
2661 1630 2917 1686 Salomon
2937 1632 3264 1704 hic.iinquit
3287 1644 3341 1689 et
3361 1644 3415 1689 tu
3459 1645 3610 1690 tanto

2017 1719 2309 1775 intervallo
2344 1721 2525 1777 minor
2554 1736 2614 1776 es
2646 1721 2778 1789 Deo,
2804 1739 2967 1793 quam
3010 1741 3103 1779 rex
3130 1726 3323 1781 calone
3355 1727 3606 1790 nobilior,

2015 1820 2282 1880 quantum
2314 1811 2420 1866 dici
2446 1822 2541 1866 aut
2575 1814 2723 1867 credi
2752 1816 2964 1885 nequit.
3006 1819 3083 1873 Ac
3106 1819 3338 1888 proinde
3364 1828 3513 1877 tanto
3546 1837 3606 1879 es

328 1914 541 1988 μῶντος
558 1908 716 1981 dies,»
752 1915 910 1982 φησι,
940 1912 1035 1964 καὶ
1061 1885 1283 1965 τοσοῦτο
1314 1912 1415 1981 μὲν
1431 1885 1523 1965 τοῦ
1547 1912 1682 1965 Θεοῦ
1714 1911 1907 1982 μᾶλλον

2018 1900 2359 1970 injuriosior,
2391 1914 2597 1970 quanto
2650 1907 2827 1976 majus
2878 1909 3020 1963 inter
3081 1910 3253 1965 Deum
3307 1927 3370 1969 ac
3419 1929 3604 1981 regem

324 2010 567 2065 ἔλαττων
597 2005 630 2080 ἢ
664 2004 757 2060 τοῦ
795 2004 1133 2076 σκευοφόρου
1166 2003 1396 2073 βελτίων
1425 2006 1453 2057 ό
1480 2004 1759 2074 βασιλεὺς,
1785 2005 1910 2057 ὅσον

323 2103 446 2156 οὐδὲ
474 2101 640 2172 ῥητὸν
667 2096 778 2154 οὐδ’
808 2096 1103 2166 ἐπιστητὸν
1137 2092 1278 2150 εἶναι
1319 2096 1381 2150 τὸ
1410 2097 1599 2167 μέσον,
1633 2099 1700 2151 σὺ
1728 2097 1785 2151 δὲ
1816 2114 1905 2150 τοο

327 2192 521 2248 σοῦτον
539 2192 742 2253 ἀδικεῖς
768 2189 954 2260 μεῖζον
983 2190 1108 2242 ὅσον
1136 2187 1363 2241 ἐκείνων
1386 2188 1447 2241 τὸ
1472 2189 1663 2258 μέσον,
1689 2189 1787 2242 καὶ
1810 2190 1912 2244 οὐκ

329 2285 567 2355 αἰσχύνῃ
601 2282 739 2352 μετὰ
791 2280 900 2335 τῶν
933 2280 1146 2352 μιαρῶν
1192 2278 1508 2349 Φαρισαίων
1541 2281 1641 2351 τὴν
1683 2280 1909 2352 ἐντολὴν

328 2376 429 2431 τοῦ
456 2376 602 2429 θεοῦ
635 2375 798 2442 λύων,
840 2375 930 2429 διὰ
977 2374 1076 2443 τὴν
1108 2371 1402 2442 παράδοσιν
1432 2372 1541 2427 τῶν
1577 2373 1906 2444 ἀνθρώπων,

328 2469 510 2524 καίτοι
569 2467 691 2521 οὐδὲ
742 2468 895 2536 ιπᾶσι
930 2509 935 2513 .
974 2464 1145 2521 ταῦτα
1203 2467 1316 2529 τοῖς
1365 2465 1683 2534 νομοθέταις
1738 2466 1907 2529 δοκεῖ,

324 2561 445 2616 ἀλλ’
488 2563 536 2614 οἱ
586 2561 685 2630 μὲν
712 2561 840 2621 τοὺς
877 2559 1070 2622 τόκους
1098 2559 1448 2629 εἰσήνεγκαν,
1468 2559 1520 2611 oi.
1547 2557 1592 2611 δ’
1618 2557 1904 2625 ἐξέϐαλον,

325 2652 466 2707 ὥστε
497 2653 548 2705 εί
583 2652 663 2705 δεῖ
688 2651 735 2704 τ’
763 2650 900 2707 ἄλλα
929 2650 1167 2729 ἀφέντας
1188 2652 1318 2721 περὶ
1332 2635 1543 2704 ’τούτου
1567 2651 1903 2720 σκέψασθαι,

327 2745 396 2817 ἢν
422 2743 672 2797 ἐντεῦθεν
714 2741 1048 2813 συγγνώμην
1071 2742 1261 2803 ἔλαϐες
1313 2743 1406 2808 ἂν,
1445 2741 1658 2795 ἐκεῖθεν
1696 2742 1909 2797 ἀπώλε-

315 2844 452 2901 “nec,
473 2841 567 2890 atat
596 2836 662 2889 οὐ
687 2835 781 2889 διὰ
812 2835 1036 2900 τούτους
1078 2836 1181 2909 λύῃ
1235 2836 1462 2905 μᾶλλον,
1493 2837 1527 2909 ἢ
1565 2837 1633 2889 δι’
1662 2840 1905 2902 ᾆκείνους

337 2927 630 2991 ὑπεύθυνος
655 2924 727 2981 εί.

400 3020 528 3085 Ναὶ,
582 3020 772 3089 φησὶν,
824 3017 942 3072 ἀλλ’
969 3019 1017 3073 οί
1077 3018 1492 3089 συγχωροῦντες
1554 3020 1903 3092 παλαίτεροι,

328 3111 581 3198 λξάλιστα
615 3111 714 3180 μὲν
743 3111 944 3165 ἄτοπον
971 3111 1021 3164 εί
1045 3109 1204 3163 τοῦτο
1235 3110 1534 3179 ἀπολογίαν
1565 3113 1696 3183 qm,
1737 3112 1906 3168 καθά-

2014 1992 2334 2048 discrimen.
2368 1994 2478 2049 Cur
2510 2006 2563 2052 te
2596 2013 2702 2052 non
2729 2001 2895 2069 pudet
2923 2016 3047 2056 cum
3105 2004 3355 2060 scelestis
3409 2005 3605 2060 Phari-

2013 2086 2138 2139 szeis
2172 2089 2487 2142 mandatum
2539 2083 2663 2143 Dei
2698 2092 2913 2147 solvere
2976 2103 3200 2164 propter
3249 2098 3601 2159 traditionem

2012 2178 2335 2233 hominum?
2367 2180 2433 2234 Et
2467 2189 2647 2234 tamen
2682 2198 2789 2236 non
2824 2185 3069 2238 omnium
3124 2187 3494 2255 legislatomm
3521 2200 3606 2244 est

2010 2267 2153 2323 idem
2187 2269 2287 2324 hac
2328 2271 2385 2325 in
2435 2286 2493 2326 re
2551 2270 2856 2341 judicium,
2910 2273 3161 2346 idemque
3216 2291 3429 2333 sensus.
3464 2279 3605 2336 Sunt

2010 2358 2104 2430 qui
2139 2375 2334 2415 usuras
2384 2359 2846 2429 introduxerunt;
2914 2375 3040 2422 sunt
3082 2367 3175 2435 qui
3207 2366 3599 2439 proﬂigarunt:

2012 2461 2066 2505 ut
2097 2452 2142 2507 si
2177 2463 2371 2507 caetera
2407 2468 2601 2509 eorum
2632 2455 2881 2510 instituta
2916 2458 3233 2513 omittentes
3260 2459 3396 2515 istuc
3423 2462 3598 2516 solum

2012 2541 2389 2613 inspiciamus,
2440 2546 2654 2599 veniam
2700 2547 2921 2602 aliunde
2976 2552 3175 2621 accipi,
3226 2552 3444 2607 aliunde
3498 2554 3598 2608 ad-

2009 2634 2174 2701 mitti,
2217 2644 2271 2690 et
2301 2652 2408 2691 non
2443 2637 2616 2708 magis
2635 2652 2858 2708 propter
2885 2656 3023 2696 unos
3054 2648 3105 2695 te
3130 2641 3367 2699 crimine
3429 2644 3595 2713 solvi,

2008 2740 2170 2794 quam
2205 2736 2427 2796 pr0pter
2459 2728 2663 2783 alteros
2690 2730 2917 2800 astringi
2966 2730 3274 2787 videamus.

2080 3020 2276 3081 Etiam,
2315 3019 2513 3092 inquit.
2550 3021 2654 3076 Sed
2686 3021 2778 3091 qui
2824 3023 3168 3093 permittunt,
3198 3028 3407 3100 antiqui
3444 3042 3594 3087 sunt.

2009 3111 2123 3167 lloc
2156 3122 2209 3168 tu
2233 3114 2622 3171 absurdissime
2653 3114 2719 3167 ad
2742 3118 3405 3189 patrocinium‘assumis,
3435 3126 3594 3193 quasi

330 3219 438 3274 περ
481 3203 830 3273 φαυλοτέρων
859 3203 1028 3256 ὄντων
1065 3202 1153 3255 ἀεὶ
1189 3201 1302 3254 τῶν
1324 3201 1629 3272 νεωτέρων.
1665 3205 1902 3259 Ἔπειτα

2008 3203 2247 3259 minores
2283 3219 2379 3260 seu
2410 3205 2613 3276 posteri
2642 3221 2860 3274 semper
2888 3210 3187 3266 deteriores
3217 3214 3349 3268 sint.
3381 3216 3584 3272 Deinde

326 3295 450 3359 πῶς
478 3295 538 3348 οὐ
573 3296 710 3359 νοεῖς
749 3294 843 3349 καὶ
872 3293 1082 3347 τούτων
1127 3293 1209 3347 ἔτι
1243 3296 1508 3362 νεώτερος
1536 3293 1612 3349 ὢν
1643 3296 1809 3360 αὐτὸς
1842 3297 1901 3362 ὃς

326 3385 457 3448 τοὺς
475 3384 576 3454 μὲν
597 3385 897 3456 ἐγκρίνεις,
914 3384 1040 3448 τοὺς
1058 3382 1102 3436 δ’
1120 3383 1402 3449 ἐκϐάλλεις
1422 3385 1530 3439 τῶν
1557 3387 1864 3454 νομοθετῶν
1885 3406 1899 3453 ;

327 3475 539 3545 Σκέψαι
570 3476 682 3548 γὰρ
704 3475 778 3540 ὡς
806 3476 1163 3545 ἀρχαιότερος
1196 3476 1296 3545 μὲν
1326 3475 1422 3531 τοῦ
1454 3476 1696 3541 τιθέντος
1724 3480 1751 3530 ό
1771 3480 1898 3541 τοὺς
1928 3552 1935 3561 _

320 3569 524 3633 τόκους
556 3570 794 3641 ὲξαρχῆς
822 3567 1032 3624 ἀνελὼν
1065 3567 1390 3639 νομοθέτης,
1420 3569 1517 3622 σοῦ
1549 3571 1751 3638 sum
1791 3571 1900 3625 τῶν

317 3661 438 3718 σῶν
466 3661 689 3733 ψήφων.
714 3664 743 3716 δ
766 3661 848 3731 τῷ
870 3660 1008 3731 θείῳ
1032 3660 1184 3731 νόμῳ
1207 3661 1552 3731 συνηγορῶν,
1569 3660 1714 3716 ὥστε
1744 3665 1793 3715 εί
1817 3664 1901 3717 δεῖ

316 3773 376 3812 τι
404 3755 484 3826 τῷ
513 3756 663 3823 νόμῳ
691 3753 784 3808 καὶ
809 3756 906 3823 τὴν
922 3754 1258 3825 ἀρχαιότητα
1280 3753 1630 3824 προστιθέναι
1654 3755 1924 3825 νομίζεινκ

315 3846 527 3909 αἰδοῦς.
553 3845 839 3919 καὶταύτῃ
860 3846 1012 3911 δίκας
1036 3846 1102 3902 ἂν
1117 3845 1352 3917 όφείλοις
1370 3845 1481 3900 τῶν
1525 3847 1900 3916 ἀρχαιοτάτων

311 3938 702 4011 καταφρονῶν.

394 4119 608 4181 Ἀλλως
643 4135 702 4171 τε
731 4118 854 4172 οὐδέ
881 4119 1008 4181 τοὺς
1046 4116 1470 4190 συγχωροῦντας
1519 4118 1719 4183 αὐτοὺς
1755 4117 1898 4172 εῐποι

307 4232 409 4277 τις
445 4212 512 4267 ἂν
540 4210 782 4282 ἀκριϐῶς
820 4209 1041 4263 σκοπῶν
1083 4210 1197 4263 τῶν
1229 4213 1402 4263 τόκων
1452 4211 1531 4281 μὴ
1584 4211 1647 4264 οὐ
1698 4208 1898 4280 πολλὴν

307 4307 653 4379 αἰσχρότητα
679 4307 1050 4377 καταγνῶναι,
1081 4311 1176 4363 καὶ
1221 4306 1286 4379 δὴ
1329 4307 1542 4372 πολλοῖς
1576 4307 1898 4380 τεκμηρίοις

307 4401 465 4470 δῆλοι
496 4398 796 4453 καθεστᾶσι
826 4398 887 4454 τδ
905 4402 1141 4471 πρᾶγμα
1164 4399 1369 4470 φαῦλον
1391 4401 1707 4474 ήγούμενοι.
1738 4403 1898 4475 Πρῶ-

308 4509 409 4545 τον
448 4492 547 4561 μὲν
578 4492 685 4563 γὰρ
714 4493 814 4546 οὐκ
838 4492 1039 4560 ἐξεῖναί
1074 4510 1240 4564 φησιν
1269 4493 1444 4547 οὐδενὶ
1501 4495 1612 4549 τῶν
1659 4496 1898 4565 ἀρίστων

2004 3297 2279 3364 quomodo
2343 3311 2450 3352 non
2498 3298 2912 3366 animadvertis,
2948 3301 3182 3372 teipsum
3235 3320 3455 3375 quoque
3497 3307 3592 3376 ju-

2003 3387 2212 3444 niorem
2258 3390 2364 3445 illis
2408 3405 2555 3457 esse,
2608 3393 2702 3462 qui
2755 3394 3126 3464 legislatorum
3183 3398 3319 3454 alios
3383 3401 3589 3472 seligis,

2002 3479 2140 3535 alios
2181 3481 2483 3561 repudias?
2531 3482 2853 3551 Considera,
2911 3488 3129 3559 amabo,
3192 3504 3398 3561 quanto
3451 3497 3593 3550 anti-

2002 3571 2165 3641 quior
2197 3554 2511 3642 legislatore
2542 3585 2633 3632 tuo
2681 3576 2770 3631 ille
2807 3554 3226 3651 legislatoﬁqui
3257 3598 3287 3636 a
3316 3583 3590 3654 principio

2004 3680 2203 3720 usuras
2223 3665 2523 3736 interdixit,
2546 3679 2597 3724 te
2622 3685 2752 3724 vero
2780 3670 2997 3741 tuisque
3012 3673 3237 3731 calculis
3257 3675 3451 3730 divinze
3483 3679 3589 3749 legi

2000 3757 2343 3828 sntfragator.
2376 3757 2558 3825 Quare
2602 3762 2647 3814 si
2698 3762 2802 3831 legi
2850 3763 3093 3817 addenda
3135 3771 3223 3819 est
3266 3765 3592 3836 antiquitas,

1999 3861 2055 3907 et
2076 3868 2195 3906 eam
2219 3851 2284 3907 ad
2343 3854 2703 3909 reverentiam
2763 3856 2911 3911 illius
2942 3856 3212 3926 pertinere
3263 3858 3621 3919 existiman-.

2001 3945 2153 4008 dum,
2189 3947 2288 3997 hoc
2319 3961 2538 4015 quoque
2576 3960 2794 4015 ptenam
2855 3950 3255 4015 commeruisti,
3286 3950 3380 4020 qui
3439 3952 3587 4019 quod

2002 4033 2445 4100 antiquissimum
2500 4043 2602 4098 est,
2642 4035 2903 4106 despicis.

2070 4127 2339 4182 Prien-rea
2373 4126 2465 4196 qui
2496 4127 2736 4197 penitius
2789 4143 2901 4209 rem
2946 4128 3270 4192 intuebitur,
3334 4131 3589 4187 fatebitur

2000 4232 2094 4272 eos
2124 4219 2271 4288 ipsos
2301 4218 2393 4287 qui
2437 4234 2657 4274 usuram
2686 4219 3015 4282 concedunt,
3057 4222 3304 4275 eamdem
3343 4230 3402 4279 ut
3426 4222 3594 4296 longe

2001 4310 2481 4381 probrosissimam
2512 4312 2897 4367 condemnare.
2932 4310 3114 4369 Multis
3172 4328 3305 4370 sane
3368 4315 3588 4373 indiciis

2000 4412 2053 4456 et
2083 4403 2228 4458 clare
2256 4404 2654 4465 demonstrant,
2693 4418 2753 4459 se
2779 4404 2845 4458 de
2868 4404 2957 4460 illa
3016 4406 3159 4465 male
3209 4409 3433 4463 sentire.
3470 4407 3588 4465 Pri-

2003 4508 2149 4548 mum
2178 4495 2419 4548 omnium
2457 4511 2563 4549 non
2615 4495 2778 4550 licere
2805 4495 2880 4551 ait
2938 4495 3021 4552 lex
3084 4496 3176 4553 ulli
3238 4502 3583 4570 optimatum,

306 4586 442 4640 οὐδὲ
468 4584 577 4638 τῶν
607 4584 789 4654 ίερῶν,
824 4586 918 4638 καὶ
954 4580 1033 4649 οἷς
1058 4585 1117 4639 δὲ
1158 4586 1464 4657 ἐπέτρεψαν
1520 4589 1631 4651 τοῖς
1682 4588 1893 4658 χείροσι

2008 4602 2178 4655 neque
2223 4588 2563 4641 sacerdotum
2640 4588 2896 4643 lenerari.
2950 4589 3159 4656 Quibus
3223 4604 3404 4646 autem
3466 4608 3589 4662 per-

310 4678 421 4749 μὲν
447 4677 639 4747 πλείω,
670 4680 777 4740 τοῖς
811 4678 1041 4748 βελτίοσι
1072 4679 1130 4732 δὲ
1177 4679 1384 4733 ἐλάττω
1415 4680 1732 4750 λαμϐάνειν.
1772 4674 1899 4750 Ἆρ’

306 4765 413 4824 οὖν
445 4769 607 4822 καλὸν
636 4770 868 4838 ήγοῦντο
893 4770 1022 4834 τοὺς
1063 4771 1255 4841 τόκους
1288 4772 1382 4838 (al.
1412 4770 1631 4841 νόμους)
1664 4771 1756 4824 καὶ
1814 4771 1898 4824 δί-

309 4881 495 4929 καιον,
526 4863 663 4926 ὅλως
692 4863 749 4915 δὲ
797 4862 1028 4931 νόμονῆ
1078 4862 1187 4915 τῶν
1242 4864 1304 4917 οὐ
1357 4864 1477 4917 λίαν
1526 4864 1770 4935 αἰσχρῶν
1822 4858 1897 4918 ῶν

305 4956 595 5024 ἀπάγουσι
627 4955 737 5009 τῶν
768 4954 978 5025 ἀνδρῶν
1007 4957 1135 5018 sub;
1169 4956 1410 5022 ἀγαθούς
1432 4973 1446 5022 ;
1472 4957 1655 5026 νόμων
1679 4957 1789 5027 γὰρ
1820 4953 1898 5010 οἷ-

311 5065 443 5120 μαι,
474 5048 568 5101 καὶ
593 5047 647 5099 εἴ
669 5066 724 5102 τι
764 5047 960 5116 σεμνὸν
1011 5049 1069 5099 έν
1127 5049 1244 5109 ταῖς
1294 5048 1483 5101 πόλεσι
1537 5048 1738 5119 μᾶλλον
1796 5049 1895 5118 μὲν

306 5141 619 5211 προσήκειν
651 5139 758 5193 τῶν
780 5139 1010 5192 πολιτῶν
1038 5140 1146 5201 τοῖς
1178 5141 1445 5208 ἀρίστοις,
1472 5137 1632 5210 ἦττον
1676 5140 1734 5193 δὲ
1787 5145 1896 5205 τοῖς

303 5237 550 5307 χείροσι,
592 5234 685 5287 καὶ
714 5235 824 5295 τοῖς
855 5232 953 5301 μὲν
980 5232 1220 5302 πρώτοις
1250 5234 1300 5285 οἱ
1325 5233 1613 5302 νομοθέται
1630 5235 1900 5303 διαλέγον-

302 5345 433 5396 ται,
461 5326 737 5397 δευτέροις
764 5325 821 5378 δὲ
839 5328 951 5388 τοῖς
975 5326 1224 5380 ἐλάττοσι
1250 5323 1329 5394 τῷ
1353 5329 1477 5388 τοὺς
1503 5326 1602 5396 μὲν
1623 5328 1899 5396 ἡγεμόνας

303 5419 415 5473 τοῦ
446 5419 657 5482 δέοντος
681 5415 846 5483 εἶναι,
873 5418 1000 5479 τοὺς
1028 5417 1084 5470 δὲ
1130 5417 1430 5487 ἑπομένους
1476 5418 1787 5487 φυλάττειν,
1813 5421 1898 5472 ὲν-

299 5509 496 5565 τοιῦθα
541 5509 597 5563 δὲ
620 5507 928 5561 τούναντίον
955 5506 1099 5560 ἀτταν
1132 5508 1271 5573 ἐστὶ,
1296 5508 1391 5561 καὶ
1421 5509 1595 5562 τόκων
1622 5511 1900 5581 ἡγήσαντο

307 5601 423 5674 μὲν
458 5602 507 5654 οἱ
547 5599 944 5671 μοχθηρότατοι
974 5600 1083 5651 τῶν
1129 5599 1453 5669 ἀνθρώπων,
1490 5601 1785 5656 ἕπονταιδὲ
1816 5598 1921 5667 οἷς

299 5693 498 5750 ἔνεστί
525 5710 578 5746 τι
611 5692 720 5744 τῶν
748 5694 962 5761 τρόπων
995 5690 1229 5757 τούτων,
1261 5694 1352 5743 καὶ
1398 5691 1641 5761 τοσούτῳ
1694 5694 1898 5761 μᾶλλον

299 5793 433 5859 ὅσῳ
467 5786 566 5854 τῆς
598 5771 833 5856 ἐσχάτης
882 5785 1214 5855 κακοηθείας
1272 5781 1410 5837 εἰσὶν
1461 5787 1763 5856 ἐγγυτέρω.
1799 5789 1897 5841 Διὰ

297 5880 498 5936 ταῦτα
532 5877 629 5932 καὶ
657 5880 767 5941 τοῖς
789 5878 1105 5950 νομοθέταις
1133 5875 1275 5932 οὕτω
1305 5875 1513 5947 γράψαι
1541 5878 1667 5947 περὶ
1694 5879 1897 5934 τούτων

2004 4679 2268 4741 mittatur,
2301 4678 2354 4731 in
2385 4678 2469 4731 his
2497 4678 2657 4734 licere
2687 4679 2968 4735 vilioribus
2997 4696 3061 4735 ac
3082 4680 3289 4750 plebeis
3319 4683 3583 4752 majorem

2002 4783 2249 4835 usuram,
2307 4768 2628 4824 melioribus
2685 4781 2739 4824 et
2806 4772 3253 4826 honoratiurilms
3314 4774 3585 4828 minorem

2001 4860 2268 4929 accipere.
2314 4860 2396 4915 An
2452 4862 2552 4926 illi,
2609 4862 2865 4925 obsecro,
2939 4863 3077 4917 hanc
3127 4863 3297 4932 legem
3359 4865 3585 4920 outninu

2000 4954 2195 5022 legem,
2228 4963 2281 5008 et
2311 4954 2468 5011 lenus
2492 4956 2692 5009 bonmn
2733 4971 2797 5009 ac
2816 4958 3049 5027 justum,
3095 4971 3163 5011 an
3202 4966 3360 5026 turpe
3405 4959 3585 5027 potius

2000 5048 2317 5114 credebant,
2356 5066 2384 5101 a
2416 5065 2526 5118 quo
2575 5050 2722 5102 viros
2784 5050 2958 5104 bonos
3021 5050 3346 5118 excipiunt?
3376 5050 3586 5131 Qpinor

2001 5142 2147 5194 enim
2185 5140 2354 5209 leges,
2390 5141 2490 5193 etsi
2552 5140 2683 5206 quid
2728 5141 3014 5194 honestum
3066 5156 3135 5196 ac
3192 5151 3442 5196 sanctum
3496 5152 3587 5198 est

2001 5230 2055 5287 in
2090 5214 2331 5292 civitate,
2368 5229 2543 5299 magis
2595 5236 2791 5283 decere
2834 5228 3075 5297 optimos
3132 5230 3358 5297 civium,
3416 5248 3582 5301 quam

2003 5323 2190 5376 lancem
2230 5320 2399 5390 vulgi.
2443 5321 2521 5374 Ae
2552 5318 2617 5373 de
2646 5318 2754 5372 illis
2811 5318 3027 5387 quidem
3084 5321 3137 5374 in
3198 5323 3390 5391 primis
3421 5322 3587 5391 legis-

1999 5416 2201 5472 latores
2258 5415 2578 5483 loquuntur,
2617 5414 2681 5467 de
2728 5411 2930 5468 inlimis
2979 5416 3386 5480 sccundoloco,
3434 5414 3584 5484 quod

2002 5507 2080 5561 illi
2115 5506 2371 5561 nimirum
2435 5504 2492 5559 in
2549 5503 2761 5574 legibus
2809 5505 3095 5561 servandis
3141 5507 3372 5560 aliorum
3413 5507 3583 5561 duces

1999 5614 2123 5655 esse
2147 5598 2402 5661 debeant,
2432 5610 2572 5666 quos
2627 5597 2868 5666 ipsorum
2899 5599 3140 5669 vestigiis
3195 5582 3453 5652 convenit
3502 5599 3587 5654 iu-

2000 5694 2212 5748 sistere.
2245 5688 2343 5744 llic
2368 5697 2550 5743 autem
2593 5690 2753 5758 plane
2779 5704 2939 5745 secus
2971 5689 3176 5756 evenit,
3217 5698 3272 5745 et
3335 5691 3389 5745 in
3415 5707 3586 5749 usura

2001 5782 2393 5855 improbissimi
2432 5776 2763 5838 mortalium
2826 5783 3186 5853 praecedunt;
3254 5795 3583 5854 sequuntur,

2002 5880 2202 5951 quibus
2227 5877 2487 5949 quiddam
2531 5892 2744 5935 morum
2778 5877 3009 5935 istorum
3057 5878 3320 5947 adhaeret,
3351 5894 3403 5936 et
3434 5892 3591 5943 tanto
