4134 6314
351 422 459 485 τόδ

1357 408 1646 484 ORATIO
1678 420 1984 481 CONTRA
2023 419 2595 483 FENERATORES.

3506 419 3613 488 7’46

349 543 529 612 γνοὺς,
545 538 722 595 καὶτὸ
747 537 1106 609 μνησικακεῖν
1133 534 1362 590 ἐνταῦθα
1386 526 1730 608 πραγμάτων
1756 536 1929 607 ἀπήλ-

2037 535 2103 591 ad
2184 535 2418 591 tribunal
2474 537 2798 594 accersitum
2870 549 3159 612 coarguet;
3226 551 3281 597 et
3336 559 3607 598 memores

351 636 543 688 λακται
566 632 659 686 καὶ
687 629 900 684 πολλῶν
924 628 1100 684 ἄλλων
1125 629 1314 682 κακῶν
1348 628 1386 683 ὃ.
1437 628 1537 699 τὴν
1564 629 1790 697 γέενναν
1823 627 1919 680 αὒι

2032 627 2352 698 lnjuriarum
2389 644 2484 699 per
2503 644 2599 684 cos
2637 629 2784 683 omni
2817 640 3005 686 carent
3035 633 3280 689 molestia
3309 654 3323 688 :
3356 635 3604 703 complu.

349 726 448 796 τὴν
476 724 778 794 προμνᾶται
806 723 918 783 τοῖς
955 719 1251 790 τολμηταῖς
1283 719 1430 791 παρὰ
1459 722 1571 782 τοῖς
1593 721 1780 789 νόμοις
1820 718 1921 771 οὐκ

2032 717 2179 772 ribus
2207 718 2337 772 item
2371 719 2691 784 sceleribus,
2714 735 2946 789 quorum
2978 722 3090 777 reis
3153 725 3403 795 gehenua
3458 740 3598 793 prie.

349 819 455 872 είσὶ
484 818 653 871 δίκαι’
680 815 739 869 τὺ
766 815 811 869 δ’
838 814 1031 879 αἴτιον,
1065 814 1147 867 ὅτι
1184 813 1361 876 διττὸς
1392 811 1489 883 μὲν
1518 813 1547 865 ὁ
1576 811 1690 882 βίος
1714 809 1917 880 ἀνθρὼ-

347 928 489 973 ποις,
518 909 692 963 διττὸν
718 907 776 961 δὲ
800 907 1172 977 δικαστήριον,
1200 905 1250 958 oi
1275 904 1331 958 δὲ
1364 903 1425 957 οὐ
1468 903 1566 973 τὴν
1620 901 1922 971 μέλλουσαν

2025 807 2195 862 mium
2230 818 2334 874 est,
2357 808 2567 874 legibus
2594 810 2865 879 supplicia
2889 811 3032 866 nulla
3065 813 3454 869 decernuntur.
3477 813 3602 867 ιάρο

2031 897 2314 963 nimirum,
2363 899 2491 969 quia
2550 915 2674 955 cum
2730 901 2947 970 gemina
2996 903 3105 958 vita
3155 905 3228 960 sit
3271 904 3611 968 hominibus,

345 999 503 1069 ἡμῖν’
538 999 826 1053 καθιστᾶσι
886 996 1053 1066 ζωὴν,
1083 995 1206 1048 οὐδὲ
1262 993 1398 1064 πρὸς
1450 992 1512 1045 τὸ
1576 991 1924 1062 δικαστήριον

2032 990 2302 1061 geminum
2335 991 2588 1046 simiiiter
2612 1001 2696 1046 est
2728 992 3018 1062 judicium.
3053 993 3415 1064 Legislatores
3445 994 3599 1048 lutu-

347 1093 526 1144 ἐκεῖνο
598 1089 926 1160 γράφουσιν,
1003 1085 1139 1140 ἀλλά
1224 1084 1477 1154 καθάπερ
1560 1083 1672 1144 τοῖς
1723 1081 1923 1152 κυϐερ-

2032 1097 2143 1137 ram
2167 1081 2333 1135 vitam
2379 1081 2544 1136 nobis
2592 1097 2702 1137 non
2757 1082 2985 1144 faciunt.
3022 1098 3122 1140 nec
3181 1085 3323 1154 apud
3363 1085 3616 1167 judicent.

346 1185 539 1255 νήταις
573 1181 744 1251 δήπου
802 1177 955 1247 μιλει
1008 1176 1117 1230 τῶν
1171 1175 1460 1239 πλεόντων,
1508 1172 1608 1235 ἕως
1661 1170 1741 1224 ἔτι
1792 1170 1923 1222 πλέ-

343 1294 463 1330 ουσι
527 1274 619 1327 καὶ
666 1270 979 1343 περαιτέρω
1032 1269 1141 1323 τῶν
1180 1266 1415 1336 λιμένων
1469 1265 1498 1318 ὃ
1550 1265 1782 1319 συνοίσει
1833 1263 1929 1333 ζη-

341 1373 477 1433 τεῖν,
509 1368 570 1421 οὐ
608 1366 744 1436 πρὸς
789 1363 969 1419 αὐτῶν
1025 1361 1301 1431 ὲνόμισαν,
1332 1359 1443 1412 οὐδ’
1481 1358 1549 1413 ἂν
1583 1358 1769 1419 αὐτοῖς
1795 1355 1930 1427 περὶ⁹

344 1462 455 1516 τῶν
506 1462 647 1514 οίκοι
690 1456 1019 1527 διαλεχθεῖεν
1077 1452 1251 1517 οὐδὲν,
1279 1449 1371 1504 τὸν
1425 1451 1541 1504 ῐσον
1589 1449 1789 1520 τρόπον
1836 1446 1931 1500 καὶ

341 1551 474 1615 τοὺς
532 1548 824 1620 νομοθέτας
859 1546 960 1601 ῖδοι
1016 1562 1097 1609 τις
1130 1544 1230 1608 ἂν,
1261 1542 1351 1596 τὸν
1401 1542 1502 1611 μὲν
1551 1537 1781 1593 ινταῦθα
1823 1537 1931 1620 τῶν

343 1619 655 1714 ἀνθρώπων
680 1639 974 1700 τάττοντας
1004 1635 1140 1706 βίον,
1178 1635 1259 1697 είς
1291 1631 1348 1685 δὲ
1377 1631 1438 1684 τὸ
1465 1628 1658 1699 μέλλον
1700 1628 1849 1689 ὅπως
1871 1619 1931 1678 εὖ

345 1732 643 1805 πράξουσι,
673 1730 768 1784 καὶ
797 1728 897 1790 τὰς
925 1726 1042 1791 ἐκεῖ
1071 1723 1401 1793 φυλάξονται
1426 1721 1581 1784 δίκας
1621 1719 1781 1785 λόγον
1808 1732 1932 1768 ποι-

2033 1173 2183 1228 illum
2214 1189 2314 1229 nos
2334 1182 2597 1229 accusant
2626 1192 2639 1228 :
2684 1173 2777 1229 sed
2823 1184 2881 1229 ut
2910 1178 3369 1245 gubernatoribus
3392 1179 3445 1232 in
3477 1169 3616 1233 marl

2033 1281 2178 1319 cura;
2225 1276 2355 1321 sunt
2413 1274 2685 1330 vectores,
2731 1265 2860 1319 dum
2901 1268 3064 1322 durat
3125 1269 3418 1337 navigatio,
3474 1269 3614 1324 ultra

2033 1369 2248 1429 portum
2277 1358 2409 1428 quid
2457 1359 2526 1413 iis
2557 1357 2848 1425 conducat,
2896 1375 3163 1429 qua-rere,
3217 1376 3443 1416 suarum
3492 1378 3615 1430 par-

2034 1450 2170 1505 tium
2227 1465 2333 1504 non
2382 1459 2637 1514 censent,
2670 1464 2771 1506 nec
2827 1451 2895 1505 de
2942 1452 3256 1510 domesticis
3315 1455 3611 1525 quidquam
3653 1434 3657 1443 ’

2033 1556 2158 1596 cum
2217 1541 2287 1595 iis
2352 1540 2567 1610 agitur:
2621 1541 2694 1595 ita
2724 1549 2781 1596 et
2826 1542 3145 1599 conditores
3196 1545 3372 1613 legum
3429 1547 3612 1602 videas

2035 1630 2200 1683 vitam
2238 1629 2521 1684 hominum
2576 1644 2699 1699 quae
2735 1628 2827 1684 hic
2891 1629 3111 1697 degitur
3163 1631 3510 1686 moderantes
3561 1641 3617 1687 et

2035 1723 2450 1787 constituentes,
2480 1721 2613 1790 qttid
2682 1721 2736 1776 in
2798 1720 3040 1776 futurum
3099 1722 3204 1778 illis
3267 1722 3383 1791 ﬁat,
3407 1731 3463 1779 et
3509 1739 3616 1795 qua

340 1800 614 1894 ουμένους
645 1819 757 1874 οὐδ’
784 1816 1046 1883 ὁντινοῦν,
1077 1813 1193 1869 ἀνθ’
1226 1809 1306 1869 ὧν
1336 1813 1488 1866 οὐδὲν
1537 1809 1780 1864 ἐκώλυσε
1806 1806 1929 1897 τοὺς

2038 1813 2246 1867 ratione
2274 1813 2453 1882 pmnis
2511 1812 2864 1882 sempiternis
2919 1812 3228 1878 elabantur,
3279 1816 3415 1870 nihil
3462 1816 3616 1886 pensi

344 1891 426 1969 τὰν
452 1911 712 1968 πολιτικά
743 1908 905 1982 μόνον
939 1905 1211 1978 χρηστοὺς
1242 1905 1454 1975 μυρίων
1486 1900 1677 1956 κακῶν
1732 1891 1929 1967 γέμονο

2035 1903 2255 1957 habere.
2298 1901 2669 1968 Quamobrem
2707 1902 2847 1957 nihil
2902 1912 3042 1958 vetat
3078 1904 3132 1958 in
3185 1906 3331 1960 civili
3385 1922 3618 1962 consue-

340 2024 447 2070 τας
477 2002 757 2068 ἀπελθεῖν,
782 1997 1055 2063 καὶδόξαν
1077 1995 1377 2056 ἐπιεικείας
1418 1990 1650 2046 ενταῦθα
1701 1988 1797 2041 καὶ
1842 1986 1923 2038 δι-

342 2097 646 2165 καιοσύνης
682 2093 950 2154 λαϐόντας
975 2091 1057 2153 είς
1092 2087 1220 2150 τοὺς
1253 2083 1653 2155 πονηροτάτους
1679 2080 1796 2133 ἐκεῖ
1828 2091 1923 2129 τεο

342 2193 507 2246 λέσαι
539 2190 635 2244 καὶ
663 2185 772 2241 τῶν
796 2182 1056 2255 χειρόνων
1089 2178 1287 2250 ψήφων
1315 2176 1518 2246 τυχεῖν,

424 2369 489 2421 Ei
508 2366 554 2420 δ’
577 2364 722 2418 οὕτω
750 2361 949 2425 ταῦτα,
986 2356 1085 2413 καὶ
1116 2354 1285 2428 χωρὶς
1320 2353 1421 2424 μὲν
1451 2353 1508 2406 αἱ
1546 2348 1822 2420 παροῦσαι
1845 2347 1923 2401 δί-

344 2478 470 2525 και,
506 2457 677 2531 χωρἰς
708 2456 763 2509 δὲ
791 2454 854 2508 τδ
889 2452 1081 2525 μέλλον
1118 2449 1237 2505 εστὶ
1273 2448 1651 2517 δικαστήριον,
1697 2444 1773 2515 μὴ
1794 2442 1924 2510 περὶ

338 2552 460 2607 τῶν
488 2548 791 2622 μελλόντων
822 2545 930 2600 ἀπὸ
964 2543 1076 2598 τῶν
1105 2540 1393 2611 παρόντων
1434 2536 1757 2606 τεκμαίρου,
1799 2532 1922 2601 μηδ’

335 2643 460 2697 οἴου
508 2638 605 2693 τοῦ
664 2634 800 2690 Θεοῦ
851 2635 1034 2703 τυχεῖν
1087 2632 1153 2686 ἂν
1182 2629 1442 2700 εὐμενοῦς
1479 2624 1543 2681 οὗ
1581 2623 1928 2695 νομοθετοῦν-

337 2752 440 2797 τος
499 2732 814 2800 ὑπερόπτης
862 2728 1090 2795 ἐφάνης,
1140 2725 1222 2779 ὅτι
1279 2721 1428 2792 παρὰ
1484 2719 1763 2779 δικασταῖς
1814 2716 1924 2779 τοῖς

339 2822 645 2894 ὁμοφύλοις
676 2819 1013 2887 εὐδοκιμεῖς,
1050 2816 1227 2869 ἐκεῖνο
1253 2812 1387 2883 πρός
1415 2827 1479 2879 γε
1510 2808 1724 2870 πολλοῖς
1744 2805 1928 2868 ἄλλοις

342 2915 703 2987 ὲνθυμηθεὶς,
734 2912 808 2974 ὡς
832 2907 1339 2976 ἀνελευθεριότητος
1405 2903 1500 2958 καὶ
1559 2899 1926 2970 φιλαργυρίας

343 3005 448 3060 καὶ
474 3005 574 3072 τῆς
603 3002 738 3072 πρὸς
766 3000 894 3063 τοὺς
952 2998 1238 3066 δεομένους
1300 2991 1717 3061 ἀπανθρωπίας,
1751 2988 1926 3043 οὐδενὶ¹

334 3092 457 3145 τῶν
474 3092 542 3145 τὰ
559 3090 784 3144 τοιαῦτα
815 3087 1069 3158 πονηρῶν
1090 3085 1265 3146 οὐδεὶς
1294 3081 1581 3153 ἐμέμψατο
1606 3078 1924 3148 νομοθέτης,

333 3186 449 3242 κᾶν
487 3201 571 3248 τις
603 3182 880 3254 γράψηται
905 3180 1034 3250 παρ’
1063 3179 1264 3240 αὐτοῖς,
1287 3176 1484 3244 χείρων
1505 3168 1775 3278 ἔσταιιτοῦ
1800 3169 1928 3273 φεύί
1956 3216 2003 3278 C

334 3294 535 3347 γοντος
561 3275 656 3329 καὶ
684 3274 783 3344 τὴν
819 3272 1026 3325 ἐλάττω
1051 3270 1233 3339 ψῆφον
1265 3268 1545 3337 οἰχήσεται
1589 3263 1789 3326 λαϐὼν,
1826 3258 1923 3313 τοῦ

336 3369 488 3424 Θεοῦ
517 3367 574 3420 δὲ
614 3364 926 3427 δικάζοντος
956 3361 1084 3432 περὶ
1108 3360 1215 3412 τῶν
1261 3357 1441 3412 αὐτῶν
1468 3355 1671 3410 τούτων
1719 3351 1922 3422 ὲγκλη·

338 3463 541 3533 μάτων
557 3459 592 3528 ἡ
608 3460 801 3526 γέεννα
821 3452 1188 3522 γίνεταιδίκη.
1206 3449 1472 3518 Καθάπερ
1494 3445 1671 3500 τοίνυν
1699 3441 1925 3515 βασκαί-

336 3568 483 3617 νων,
513 3548 611 3603 καὶ
646 3543 1020 3616 μνησικακῶν.
1055 3543 1162 3595 Καὶ
1187 3540 1359 3610 μισῶν
1375 3539 1467 3592 τὸν
1507 3535 1798 3607 ὁμόφυλον,
1831 3533 1927 3587 καὶ

348 3641 573 3714 μηδένα
607 3637 773 3707 μηδὲν
803 3631 862 3688 εὖ
895 3633 1066 3688 ποιῶν
1089 3633 1185 3686 καὶ
1211 3633 1280 3685 τά
1305 3629 1529 3685 τοιαῦτα
1563 3627 1931 3699 πονηρευόμε-

331 3753 437 3799 νος
455 3733 609 3788 οὐδὲν
632 3732 699 3785 ἂν
721 3727 913 3796 ἐπίσης
932 3727 1175 3795 ἄμεινον.
1198 3722 1324 3789 περὶ
1346 3724 1454 3774 τῶν
1479 3719 1539 3785 ἐξ
1569 3717 1796 3789 οὐρανοῦ
1826 3717 1931 3787 ψή-

333 3843 492 3899 φων,
527 3824 577 3876 ει
609 3819 759 3890 παρᾶ
787 3819 898 3880 τοῖς
927 3816 986 3869 ὲν
1028 3818 1097 3884 γῇ
1139 3816 1350 3883 κριταῖς
1399 3810 1687 3872 ἀνεύθυνος
1742 3802 1812 3861 εί·
1837 3807 1927 3860 τὸν

334 3920 466 3972 ἴσον
499 3913 702 3981 τρόπον
733 3906 871 3962 κάπὶ
899 3906 1006 3959 τῶν
1035 3904 1212 3959 τόκων
1241 3902 1478 3970 λογίζου.

414 4003 594 4060 Πόθεν
635 3997 727 4054 οὖν
766 4000 796 4052 ὁ
834 3997 948 4065 βίος
986 3996 1140 4066 ἡμῖν,
1180 3993 1335 4063 φησὶ,
1381 3991 1519 4061 μήτε
1552 3990 1621 4045 τά
1653 3992 1915 4064 γεωργῶν

331 4099 545 4159 εἰδόσι,
581 4094 719 4163 μήτε
755 4087 1161 4160 ιμπορεύεσθαι
1204 4086 1546 4155 δυναμένοις,
1600 4078 1762 4154 μήτε
1789 4083 1926 4153 πρὸς

336 4192 526 4259 ἀλλην
554 4183 803 4258 ἡντινοῦν
845 4181 1029 4252 ἔχουσι
1080 4180 1309 4249 τέχνηνς
1349 4177 1415 4230 Τί
1453 4175 1498 4230 δ’
1545 4177 1611 4230 ἂν
1654 4176 1749 4228 καὶ
1785 4175 1929 4243 ίερό-

335 4281 506 4335 συλοι
539 4277 610 4329 τά
644 4274 784 4328 αὐτὰ
816 4272 880 4343 δὴ
911 4271 1086 4325 ταῦτα
1156 4269 1522 4339 προῖσχωνται
1555 4267 1649 4319 καὶ
1702 4264 1929 4338 λῃσταίς

333 4374 740 4441 Συγχωρὴσεις
764 4366 946 4426 αὐτοῖς
970 4363 1068 4432 τὴν
1095 4354 1296 4415 κακίαν
1318 4377 1332 4426 ;
1354 4357 1567 4445 Οίικοῦν
1584 4357 1692 4411 τῶν
1719 4356 1930 4426 διορυτ-

334 4466 558 4518 τόντων
605 4456 703 4525 τὴν
736 4454 920 4508 αἰκίαν
957 4451 1142 4524 ἀνέξῃ,
1188 4450 1293 4504 κᾶν
1347 4448 1548 4520 λῃστὴς
1577 4447 1841 4518 περιδύσῃ
1867 4463 1926 4499 σε

2025 1996 2218 2050 tudine
2248 1995 2630 2051 tantummodo
2660 1996 2853 2062 bonos,
2912 1998 3154 2068 peccatis
3205 1998 3430 2055 obrutos
3487 2001 3613 2056 hinc

2024 2089 2339 2155 emigrare:
2367 2098 2422 2144 et
2455 2090 2547 2144 hic
2575 2090 2875 2146 clementiae
2930 2107 2992 2148 ac
3015 2092 3247 2164 justitiae
3294 2095 3608 2166 opinionem

2029 2180 2280 2248 adeptos,
2312 2180 2385 2234 lbi
2449 2180 2644 2235 referri
2703 2183 2849 2237 inter
2900 2184 3343 2252 scelestissimos,
3374 2188 3614 2243 deterio-

2027 2284 2256 2339 remque
2272 2269 2544 2325 calculum
2595 2270 2803 2326 sortiri.

2097 2359 2230 2427 Quae
2259 2375 2385 2415 cum
2418 2360 2490 2414 ita
2536 2361 2793 2427 habeant,
2833 2369 2890 2416 et
2936 2361 3082 2417 aliud
3140 2364 3252 2419 sint
3305 2378 3601 2434 pratsentes

2026 2468 2220 2523 putum,
2243 2453 2388 2506 aliud
2420 2453 2563 2521 quod
2591 2468 2692 2508 nos
2724 2463 2907 2509 manet
2953 2454 3247 2523 judicium,
3292 2457 3402 2511 noli
3463 2475 3603 2529 prae.

2026 2542 2271 2599 sentibus
2301 2542 2482 2596 futura
2507 2542 2719 2607 metiri;
2752 2558 2851 2599 nec
2873 2559 3030 2615 spera
3057 2553 3111 2601 te
3144 2545 3254 2602 Deo
3286 2564 3504 2604 usurum
3525 2551 3617 2606 be-

2027 2635 2242 2695 nevolo.
2266 2634 2425 2703 cujus
2449 2634 2593 2705 leges
2615 2634 2892 2704 despicere
2919 2650 2979 2691 es
3009 2652 3197 2703 ausus,
3227 2639 3438 2696 etiamsi
3460 2642 3611 2712 judi-

2027 2743 2117 2783 ces
2141 2735 2246 2783 tua:
2269 2735 2473 2781 naturae
2494 2736 2776 2783 consortes
2803 2741 2909 2781 non
2925 2726 3066 2783 male
3087 2729 3153 2784 de
3172 2739 3224 2786 te
3253 2731 3570 2788 existiment
3595 2751 3612 2799 ;

2031 2819 2161 2873 illud
2206 2819 2350 2873 inter
2384 2817 2552 2871 multa
2599 2817 2867 2888 cogitans,
2907 2817 3270 2888 legislatorem
3334 2823 3613 2879 neminem

2028 2910 2216 2965 sordes
2251 2917 2307 2964 et
2333 2907 2644 2975 avaritiam,
2691 2918 2744 2963 et
2773 2910 3038 2966 adversus
3082 2921 3303 2979 egentes
3355 2912 3612 2970 inhuma-

2030 3003 2254 3056 nitatem
2288 3001 2344 3054 in
2386 3015 2663 3070 quoquam
2716 3000 2913 3055 horum
2972 3016 3068 3057 reo
3119 3014 3494 3073 persecutum,
3552 3017 3609 3061 et

2029 3091 2120 3158 qui
2148 3107 2476 3161 quemquam
2509 3092 2705 3146 horum
2738 3093 2881 3161 apud
2912 3092 3036 3148 illos
3066 3108 3311 3161 accuset,
3341 3097 3613 3153 deteriore

2032 3180 2152 3236 loco
2191 3184 2312 3252 ipso
2345 3192 2601 3237 accusalo
2659 3181 2922 3247 luturnm,
2976 3191 3031 3238 et
3089 3200 3247 3241 causa
3302 3202 3612 3253 casurum;

2038 3273 2148 3326 Deo
2200 3281 2381 3327 autem
2447 3272 2515 3326 de
2600 3271 2687 3326 his
2751 3272 2885 3342 ipsis
2950 3273 3279 3331 criminibus
3337 3277 3610 3348 judiciqu

2033 3372 2351 3428 exercente,
2427 3361 2739 3433 gehennam
2804 3363 3130 3433 supplicium
3208 3364 3345 3422 fore.
3427 3370 3616 3439 Itaque

2035 3465 2094 3509 ut
2122 3454 2359 3516 invidus,
2389 3463 2443 3508 et
2495 3453 2820 3523 injuriatum
2874 3471 2979 3509 non
3026 3456 3170 3524 potis
3220 3459 3497 3526 oblivisci,
3558 3472 3613 3515 et
3724 3530 3731 3537 ο

2030 3543 2159 3597 odio
2196 3541 2432 3612 proximi
2482 3541 2746 3605 imbutus,
2804 3550 2858 3596 ct
2916 3544 3052 3599 nulli
3108 3547 3404 3618 quidquam
3452 3553 3614 3606 bene-

2030 3638 2261 3704 faciens,
2287 3644 2342 3691 et
2405 3635 2605 3690 similia
2671 3646 3019 3711 perpetratis,
3069 3639 3385 3711 quanquam
3467 3645 3610 3714 apud

2031 3737 2279 3785 terrenos
2303 3727 2517 3797 judices
2550 3727 2765 3795 insons,
2813 3728 3096 3786 meliorem
3128 3747 3159 3787 e
3197 3733 3338 3788 ctelo
3396 3744 3611 3790 senten-

2030 3820 2161 3874 tiam
2193 3834 2301 3872 non
2326 3818 2484 3872 habet
2516 3833 2615 3872 cur
2648 3828 2960 3889 exspectet:
2994 3820 3139 3876 idem
3198 3833 3250 3877 tu
3284 3824 3352 3878 de
3404 3823 3611 3880 fenera-

2028 3918 2146 3963 tore
2198 3910 2456 3976 cogitato.

2105 3994 2257 4050 Unde
2286 4012 2417 4064 ergo
2443 3997 2618 4053 rictus
2650 3999 2831 4059 nobis.
2860 3999 3058 4067 inquit,
3094 4001 3188 4071 qui
3251 4017 3351 4057 nec
3373 4005 3608 4073 agricul-

2030 4093 2209 4139 turam
2239 4086 2530 4142 didicimus
2563 4126 2579 4153 ,
2611 4105 2715 4144 nec
2740 4103 3104 4146 mercaturam
3139 4093 3317 4149 facere
3366 4096 3570 4150 scimus
3593 4136 3608 4159 ,

2028 4191 2130 4231 nec
2161 4176 2228 4231 ad
2257 4178 2419 4231 ullam
2474 4189 2646 4233 artem
2702 4183 3094 4248 quaestuariam
3150 4198 3345 4239 sumus
3392 4185 3611 4240 idonei?

2033 4267 2184 4334 Quod
2223 4269 2267 4321 si
2303 4277 2356 4321 et
2408 4270 2683 4339 sacrilegi,
2717 4280 2773 4324 et
2805 4270 3046 4327 latrones
3098 4272 3239 4327 idem
3284 4285 3608 4345 praetexunt,

2031 4376 2160 4414 num
2201 4362 2281 4415 eis
2318 4361 2540 4415 sceleris
2572 4362 2886 4418 facultatem
2919 4364 3075 4419 dabis
3097 4366 3122 4418 ἵ
3150 4365 3314 4435 Igitur
3363 4368 3611 4425 eﬂracto—

2031 4466 2117 4504 res
2142 4451 2406 4520 patieris?
2444 4461 2498 4506 et
2524 4454 2566 4507 si
2622 4454 2760 4509 latro
2788 4465 3006 4523 captum
3043 4467 3094 4511 te
3110 4457 3348 4515 vestibus
3372 4463 3604 4528 exuerit,

342 4548 677 4619 κατασχὼν,
728 4549 826 4600 καὶ
871 4544 1086 4611 πληγὰς
1137 4541 1369 4612 ἑντείνῃ,
1400 4540 1570 4592 δεινὸν
1599 4539 1772 4605 οὐδὲν,
1823 4538 1926 4591 κᾶν

2033 4551 2085 4596 ιι
2125 4543 2311 4612 plagas
2341 4545 2686 4614 imposuerit.
2735 4546 2868 4601 nihil
2920 4547 3135 4618 injuria:
3188 4550 3503 4607 intulit'let
3560 4557 3606 4610 si

347 4638 697 4717 μαστρωπὸς
735 4636 1070 4706 πολιορκήσῃ
1103 4634 1195 4686 τὸν
1219 4632 1418 4699 γάμον,
1453 4629 1601 4682 οὐδὲν
1627 4628 1884 4698 ἠδίκησεν
1910 4645 1925 4693 ;

340 4735 528 4799 ἀλλην
555 4730 664 4800 γὰρ
687 4728 795 4781 οὐδ’
820 4725 1066 4797 ἡντινοῦν
1095 4726 1241 4779 ῖσασι
1261 4722 1477 4792 τέχνην.
1503 4717 1631 4791 ⁷Αρ’
1653 4718 1743 4771 οῦν
1765 4718 1933 4788 ἡδέως

342 4821 692 4885 ἀπολαύσεις
702 4816 808 4870 τῶν
825 4814 1018 4870 σαυτοῦ
1032 4813 1225 4883 ψήφων
1243 4807 1602 4882 ςἈ).λ’,οἷμαι,
1615 4809 1714 4873 δεῖ,
1737 4806 1934 4873 μᾶλλον

346 4917 420 4968 δὲ
460 4913 606 4965 πᾶσα
635 4910 851 4977 ἀνάγκη
887 4907 960 4976 μὴ
992 4907 1152 4975 μόνον
1184 4899 1259 4959 ὣν
1289 4904 1366 4974 τῷ
1394 4904 1493 4975 βίῳ
1526 4903 1609 4956 δεῖ
1640 4900 1933 4970 τυγχάνειν

350 5005 579 5076 ζητεῖν,
614 5000 752 5054 ἀλλὰ
780 5000 873 5052 καὶ
910 4998 1034 5052 ὃθεν
1059 4998 1139 5050 δεῖ
1164 4996 1464 5065 λαμϐάνειν
1502 4993 1704 5063 ζητεῖν,
1738 4991 1812 5055 ὡς
1843 4992 1935 5043 ιν.

344 5115 424 5150 τα
438 5093 542 5147 ῦθα
572 5095 754 5145 πᾶσαν
786 5090 1130 5144 συνεστῶσαν
1159 5089 1257 5159 τὴν
1284 5090 1344 5141 ὲν
1368 5090 1487 5149 ταῖς
1516 5087 1701 5140 πόλεσι
1725 5085 1930 5138 Batauo-

352 5186 560 5252 σύνην.
596 5183 660 5234 El
694 5180 801 5250 γὰρ
847 5179 1151 5249 χρημάτων
1202 5177 1455 5246 ἀλλήλοις
1503 5177 1598 5228 καὶ
1641 5175 1934 5242 κτημάτων

302 5304 313 5313 ·
345 5280 462 5334 καὶ
493 5273 651 5343 δόξης
688 5272 949 5325 ἑκάστοτε
978 5271 1070 5322 καὶ
1118 5269 1222 5320 τῶν
1255 5269 1518 5321 τοιούτων
1549 5264 1929 5335 ἀμφισϐητοῦ-

347 5385 488 5440 μεν,
522 5368 727 5418 τούτων
771 5363 826 5414 δὲ
872 5362 970 5414 οὐκ
1024 5362 1169 5413 ἔστιν
1214 5360 1362 5412 οὐδὲν
1392 5360 1420 5410 ὃ
1450 5364 1523 5429 μὴ
1563 5358 1690 5427 παρ’
1733 5359 1933 5426 ἐτέρων

342 5461 520 5530 ἡμῖν,
550 5460 631 5511 ὅτι
666 5456 832 5525 μηῖὲν
866 5454 923 5517 ἐξ
953 5456 1122 5521 ἀρχῆς
1152 5453 1229 5514 είς
1265 5451 1353 5505 τόν
1400 5450 1510 5521 βίον
1565 5450 1931 5519 εἰσεληὶυθὸσι

345 5547 831 5616 ςυνεισελήλυθεν,
851 5544 985 5596 ἀλλὰ
1005 5546 1095 5596 καὶ
1118 5541 1206 5594 τὸν
1235 5544 1402 5613 ἁγρὸν
1430 5541 1681 5596 λαϐόιτες
1711 5540 1929 5609 ἔχομεν,

347 5637 461 5693 καὶ
479 5635 792 5705 τὸἱμάτιον,
820 5632 1017 5686 καὶτὸν
1045 5632 1210 5683 ἵππον
1237 5635 1328 5682 καὶ
1348 5631 1455 5681 τῶν
1486 5631 1654 5683 ὄντων
1683 5630 1931 5681 ἕκαστον

349 5725 621 5796 φανερόν,
646 5725 819 5794 τούτῳ
834 5725 1109 5790 διενέγκαι
1126 5725 1244 5783 τοὺ,
1273 5721 1510 5784 δικαίους
1530 5721 1635 5773 τῶν
1657 5719 1929 5788 πονηρῶν,

347 5816 448 5889 τῷ
471 5821 593 5881 τοὺς
614 5821 732 5891 μὲν,
756 5814 886 5886 παρ’
909 5812 984 5870 ὧν
1007 5816 1134 5878 ἔδει,
1162 5817 1282 5875 τοὺς
1307 5814 1386 5879 δὲ,
1418 5812 1542 5884 παρ’
1573 5807 1647 5866 ὧν
1673 5813 1771 5865 οὐκ
1800 5810 1928 5874 ἔδει,

695 5918 965 5976 ιἈτιιοι.
1008 5916 1126 5975 Gn.
1178 5914 1294 5973 CL.

2037 4632 2160 4685 Ιυηυ
2189 4635 2375 4687 uxoris
2422 4635 2729 4690 castitatem
2794 4642 3119 4707 corruperit,
3180 4641 3313 4694 nihil
3379 4645 3609 4700 nocuit?

2040 4721 2244 4775 nullam
2273 4722 2417 4776 enim
2445 4739 2832 4794 quamcunque
2872 4736 3044 4781 artem
3082 4740 3307 4782 nurunt.
3343 4729 3601 4785 Fructum

2036 4813 2386 4882 crgojtnlicii
2419 4815 2495 4868 tui
2558 4818 2764 4885 capies.
2816 4818 2886 4870 At
2936 4819 3082 4872 enim
3144 4829 3276 4888 puto
3329 4832 3603 4890 oportere,

2037 4901 2149 4955 imo
2186 4914 2292 4956 tam
2338 4912 2425 4957 est
2486 4905 2882 4971 necessarium,
2933 4921 3094 4975 quam
3151 4910 3295 4976 quod
3352 4912 3605 4977 maxime,

2036 5006 2143 5045 non
2185 4993 2358 5047 solum
2385 4995 2584 5063 quibus
2614 4996 2724 5049 vita
2747 4996 2952 5065 indiget
2994 5011 3239 5065 quaarere
3266 5035 3281 5061 ,
3315 4999 3407 5053 sed
3437 5001 3603 5055 etiam

2034 5083 2449 5154 circumspicere
2485 5088 2625 5140 unde
2682 5087 3058 5155 accipiendum
3108 5089 3200 5153 sit,
3257 5100 3443 5161 utpote
3492 5103 3602 5147 tota

2036 5174 2180 5229 civili
2218 5176 2429 5243 justitia
2462 5177 2550 5231 hic
2579 5178 2931 5232 consistente.
2970 5176 3026 5232 Si
3071 5182 3216 5234 enim
3264 5182 3331 5238 de
3354 5187 3603 5251 pecunia,

2037 5266 2492 5335 possessionibus,
2515 5267 2707 5335 gloria,
2740 5268 3118 5338 similibusque
3141 5287 3358 5343 semper
3384 5286 3604 5328 contro-

2037 5371 2336 5421 versantur,
2369 5366 2423 5409 ct
2446 5357 2637 5411 horum
2688 5359 2821 5410 nihil
2877 5371 2981 5424 est,
3031 5363 3172 5430 quod
3231 5379 3339 5417 non
3370 5364 3437 5415 ab
3483 5365 3604 5417 aliis

2042 5448 2107 5501 ad
2157 5448 2576 5516 nospirveniat,
2636 5450 2898 5517 quoniam
2930 5466 2960 5505 a
3020 5452 3284 5522 principiu
3323 5452 3372 5504 in
3424 5452 3601 5504 «'itaiu

2047 5537 2279 5604 ingres-i
2312 5537 2448 5589 nihil
2487 5537 2678 5590 horum
2740 5541 3027 5611 nobiscum
3085 5542 3246 5597 simul
3295 5555 3599 5608 ingressum

2034 5637 2137 5688 cst,
2162 5627 2255 5681 scd
2291 5636 2343 5679 ct
2369 5641 2555 5697 agrum
2587 5633 2917 5698 accepimus,
2949 5644 3000 5685 et
3037 5644 3261 5691 vestem,
3295 5639 3346 5681 et
3374 5644 3597 5696 equum,

2035 5730 2085 5770 et
2109 5718 2368 5786 quidquid
2395 5718 2712 5773 facultatum
2752 5723 3013 5777 habemus
3047 5739 3057 5772 :
3093 5723 3296 5773 clarum
3356 5730 3458 5781 cSI,
3499 5720 3603 5774 hoc

2036 5811 2240 5863 distare
2264 5808 2441 5877 justos
2465 5811 2532 5863 ab
2565 5810 2850 5879 improbis,
2883 5812 3025 5880 quod
3059 5811 3129 5863 illi
3155 5827 3181 5861 a
3213 5809 3413 5874 quibus
3441 5792 3617 5878 ομοῖοῖ

3168 5899 3237 5961 Ωιι
