4134 6314
549 427 685 494 ’Ἷῦι
1807 421 2119 484 NICOLAI
2162 422 2181 484 (

2189 424 2420 485 IABAS]
2434 424 2544 485 ΙΛέ
3717 419 3821 484 752

590 557 688 598 seu
719 540 1010 610 praesidem
1041 539 1278 596 etenobii
1309 553 1374 593 ex
1397 537 1499 591 hac
1528 536 1636 590 vita
1664 534 1728 590 ad
1754 536 2033 591 Christum
2059 538 2329 606 proficisci
2353 556 2366 592 :
2393 548 2447 593 et
2467 538 2594 609 quia
2621 541 2733 593 hare
2763 536 3056 593 admodum
3082 544 3292 600 sancte,
3317 541 3468 590 caste
3492 543 3547 590 et
3570 533 3822 604 religiose

588 632 822 692 vixerat,
854 629 1034 684 factus
1073 627 1244 683 estad
1295 627 1459 694 hujus
1495 628 1662 678 fimus
1696 639 2003 680 concursus
2037 625 2333 678 multorum
2371 625 2678 692 hominum,
2717 626 2857 680 inter
2886 640 3025 694 quos
3063 634 3222 680 erant
3255 625 3494 679 illustres
3532 622 3658 688 viri,
3693 622 3820 675 reli—

591 721 730 790 giosi
768 719 1024 773 monachi
1068 727 1122 772 et
1154 717 1279 770 laici
1321 715 1651 784 complures.
1683 713 1820 768 Cum
1856 729 1987 784 ergo
2019 730 2171 769 sacra
2211 713 2455 767 carmina
2488 721 2543 767 et
2579 713 2764 783 hymni
2801 713 3258 778 decantarentur;
3297 721 3352 765 et
3390 711 3729 780 hypogeum,
3770 710 3819 762 in

587 823 699 874 quo
735 808 794 861 S.
834 805 1120 858 Theodora
1149 803 1260 872 jam
1290 803 1500 871 pridem
1538 810 1697 856 antea
1730 801 1832 854 sila
1866 812 2005 865 erat,
2052 801 2116 855 ad
2155 799 2454 855 antistitam
2500 799 2612 854 illic
2649 800 3022 854 collocandam
3069 799 3406 868 aperiretur,
3440 797 3819 851 admirandum

599 893 803 948 accidit
828 892 1158 962 prodigium,
1183 889 1329 960 quod
1365 898 1704 958 spectatores
1725 899 2023 959 praesentes
2052 889 2270 958 quidem
2295 890 2350 944 in
2371 898 2650 960 stuporem
2679 891 2849 953 dedit,
2877 889 3160 944 auditores
3189 903 3320 943 vero
3351 895 3541 958 postea
3573 888 3824 942 absentes

595 980 665 1034 ad
702 980 1000 1034 salutarem
1033 986 1389 1047 peccatorum
1423 977 1825 1042 paenitudinem
1867 966 2188 1032 commovit.
2219 975 2365 1031 Loco
2396 978 2543 1031 enim
2587 992 2894 1047 opportuno
2934 981 3000 1032 ad
3045 977 3421 1046 spectaculum
3452 976 3824 1045 praesentibus

594 1069 746 1130 dato,
779 1065 1090 1120 videntibus
1123 1065 1361 1127 cunctis,
1391 1065 1705 1128 Theodora,
1733 1080 1852 1132 qua:
1880 1064 1992 1132 jam
2023 1066 2115 1119 diu
2159 1065 2212 1118 in
2243 1064 2454 1118 tumulo
2481 1065 2754 1134 jacuerat,
2781 1080 2900 1120 sese
2935 1065 2985 1118 in
3011 1073 3221 1119 arctum
3250 1063 3544 1127 contraxit,
3572 1073 3822 1132 tanquam

593 1156 738 1216 viva,
764 1153 921 1206 Matri
944 1167 1057 1206 suae
1080 1151 1348 1221 religiosae
1370 1150 1550 1204 locum
1583 1149 1799 1215 datura,
1839 1151 2207 1222 honoremque
2239 1150 2481 1206 debitum
2514 1151 2846 1206 exhibitura.
2879 1151 3036 1218 Quod
3067 1151 3160 1205 ubi
3184 1165 3400 1216 omnes,
3439 1150 3532 1216 qui
3575 1149 3822 1212 aderant,

592 1241 915 1311 Spectabant
939 1281 952 1306 ,
990 1240 1209 1294 attoniti
1253 1239 1637 1293 exclamabant
1679 1239 1922 1294 solemne
1981 1238 2136 1303 illud,
2173 1239 2336 1310 Kyrie
2368 1241 2566 1296 eleison
2593 1281 2608 1304 ,
2645 1242 2884 1308 Domine,
2917 1243 3185 1297 miserere.
3217 1242 3264 1296 A
3291 1256 3404 1312 quo
3433 1249 3676 1309 tempore
3717 1239 3822 1292 huc

594 1345 768 1399 usque
797 1328 966 1382 multa
1001 1327 1144 1381 Deus
1181 1342 1277 1395 per
1303 1327 1444 1381 hanc
1468 1336 1712 1380 sanctam
1751 1325 2094 1382 Theodoram
2128 1328 2392 1383 miracula
2433 1332 2704 1398 patravit:
2739 1345 2866 1384 nam
2902 1338 2959 1384 et
2988 1329 3230 1385 insessos
3255 1343 3286 1382 a
3317 1327 3658 1383 daemonibus
3685 1327 3818 1382 Iibe-

592 1417 755 1481 ravit,
788 1425 840 1468 et
864 1422 1054 1482 captos
1089 1414 1264 1467 oculis
1293 1415 1358 1466 ad
1396 1413 1578 1467 lumen
1610 1413 1848 1478 reduxit,
1882 1425 1937 1468 et
1969 1429 2141 1482 aegros
2169 1413 2492 1472 innumeros
2524 1419 2760 1472 sanavit.
2817 1435 2835 1469 ι

664 1505 716 1555 5.
749 1501 876 1555 llaec
909 1502 1146 1564 Menaca,
1194 1515 1259 1552 ex
1300 1501 1500 1568 quibus
1543 1501 1788 1554 eamdem
1841 1503 2211 1554 narrationem
2258 1503 2430 1556 edidit
2478 1503 2751 1560 Maximus
2798 1506 3088 1574 episcopus
3136 1503 3534 1574 Cytherorum,
3567 1505 3626 1555 ὲν
3687 1501 3820 1570 βίοις

597 1592 772 1660 ἁγίων
805 1591 1005 1660 saepius
1039 1591 1280 1643 excusis.
1310 1587 1569 1643 Dedimus
1611 1587 1870 1643 Kalendis
1901 1587 2184 1642 Februarii
2214 1587 2396 1643 Vitam
2429 1591 2488 1643 S.
2526 1590 2713 1644 Severi
2742 1592 2983 1661 episcopi
3016 1591 3372 1654 Ravennatis,
3411 1592 3530 1660 qui,
3570 1600 3628 1644 ut
3651 1589 3819 1643 tradi-

595 1691 683 1734 tur
717 1696 772 1732 n.
796 1679 886 1741 23,
926 1696 944 1727 ι
988 1676 1320 1744 corpusculo
1353 1675 1626 1729 defunct:e
1659 1677 1820 1744 longe
1851 1684 1976 1729 ante
1998 1675 2252 1745 conjugis
2285 1691 2399 1730 sua:
2421 1675 2610 1746 jussit,
2642 1685 2914 1746 quatenus
2939 1695 2998 1734 se
3023 1680 3170 1733 dictu
3201 1679 3366 1732 citius
3399 1679 3452 1731 in
3483 1679 3625 1732 latus
3656 1679 3821 1732 decli-

593 1775 772 1830 naret,
801 1774 855 1818 et
887 1765 1008 1817 tiliae
1041 1764 1274 1832 spatium
1307 1763 1605 1832 sepeliendi
1648 1763 1932 1832 praeberet,
1981 1781 2000 1814 ι
2031 1762 2177 1832 quod
2209 1773 2263 1817 et
2297 1763 2500 1819 factum
2535 1775 2641 1821 est.
2689 1763 2900 1820 Similia
2973 1767 3128 1836 plura
3159 1767 3227 1835 iin
3277 1769 3380 1822 hoc
3426 1783 3587 1838 opere
3637 1776 3820 1820 nostro

599 1862 917 1909 occurrunt.
943 1851 1165 1905 Plenam
1204 1851 1270 1904 de
1316 1851 1420 1904 vita
1455 1850 1619 1918 hujus
1648 1849 1706 1906 S.
1735 1848 2037 1904 Thcodorae
2066 1851 2350 1905 historiam
2381 1851 2677 1921 aliquando
2705 1853 3007 1918 exstitisse,
3040 1856 3172 1910 satis
3213 1855 3402 1923 utique.
3428 1864 3511 1910 est
3542 1853 3816 1908 credibile:

597 1943 693 2000 sed
738 1943 856 2012 ejus
884 1932 1092 1994 nullum
1138 1941 1402 1994 hactenus
1443 1939 1704 1993 indicium
1740 1939 2068 2008 reperimus.
2115 1938 2224 1994 Leo
2256 1940 2488 1995 Allatius
2527 1941 2582 1995 in
2611 1957 2710 1997 sua
2746 1944 2815 1998 de
2851 1942 3170 1998 Sitneonum
3210 1943 3432 2012 scriptis
3471 1942 3727 2007 lliatriba,
3754 1957 3819 1994 ea

592 2045 714 2100 qua:
759 2043 884 2082 vere
922 2026 1307 2095 Metaphrastis
1346 2037 1506 2088 sunt,
1551 2025 1619 2079 ab
1662 2027 1784 2082 aliis
1823 2036 2096 2082 certorum
2149 2028 2231 2082 vel
2271 2029 2606 2083 incertorum
2653 2040 2934 2086 auctorum
2988 2031 3460 2085 lucubrationibus
3505 2044 3817 2093 secernens,

583 2133 722 2187 pag.
760 2116 852 2181 88,
893 2117 1100 2183 primus
1129 2129 1228 2168 nos
1256 2114 1440 2167 docuit
1470 2113 1747 2168 Nicolaum
1791 2114 2132 2182 Cabasilam,
2178 2116 2322 2170 circa
2373 2132 2504 2173 ann.
2551 2116 2686 2172 I550
2747 2119 3219 2188 archiepiscopum
3259 2117 3816 2180 Thessalonicensem,

599 2203 822 2272 aliquod
869 2203 1116 2271 ejusdem
1161 2211 1364 2255 sanctae
1407 2201 1696 2270 scripsisse
1734 2205 2083 2266 encomium,
2115 2204 2261 2272 quod
2303 2206 2506 2274 ubique
2541 2215 2844 2274 quaerentes
2885 2205 3103 2259 tandem
3144 2205 3448 2274 reperimus
3479 2205 3533 2259 in
3574 2203 3816 2257 Caesarea

591 2290 891 2345 Viennensi
919 2289 1280 2354 Bibliotheca,
1305 2297 1359 2342 et
1380 2287 1565 2343 favore
1599 2289 1957 2344 eruditissimi
1985 2289 2260 2359 nobisque
2290 2291 2610 2346 amicissimi
2640 2291 2741 2345 viri
2767 2291 2909 2347 Petri
2935 2291 3234 2358 Lambecii,
3261 2292 3438 2346 eidem
3468 2290 3818 2345 Bibliotheca

593 2394 742 2434 nunc
766 2376 1030 2444 praefecti,
1060 2375 1394 2445 descriptum
1425 2376 1760 2444 accepimus,
1789 2377 1952 2446 idque
1984 2375 2176 2432 Latine
2199 2377 2467 2432 redditum
2504 2379 2591 2435 hic
2619 2381 2834 2436 damus.

669 2469 725 2520 4.
768 2466 862 2518 Est
889 2464 1020 2517 illud
1049 2463 1305 2532 quidem,
1348 2477 1475 2516 cum
1506 2462 1931 2530 exaggeratione
1976 2463 2143 2516 multa
2197 2473 2250 2518 et
2294 2464 2564 2520 facundiae
2601 2468 2894 2523 rhetoricas
2936 2468 3282 2525 aﬂectatione
3313 2477 3609 2543 scriptum,
3639 2473 3816 2529 verbis

599 2568 763 2622 quam
814 2551 977 2604 rebus
1013 2549 1331 2617 copiosius:
1373 2549 1544 2602 multa
1585 2560 1763 2603 tamen
1814 2564 1916 2604 nos
1957 2549 2143 2604 docuit
2182 2549 2249 2602 ad
2299 2551 2581 2603 historiam
2615 2552 2979 2619 pertinentia,
3029 2555 3258 2622 patriam
3289 2555 3495 2611 scilicet
3531 2555 3814 2626 Eginam;

598 2639 896 2693 Antonium
937 2643 1101 2704 atque
1143 2634 1540 2705 Chrysantham
1579 2645 1853 2704 parentes,
1876 2651 2107 2706 quorum
2145 2638 2508 2691 constantiam
2566 2639 2790 2694 haeresis
2820 2639 3133 2701 ,Ecclesiam
3190 2642 3492 2698 obscurans
3537 2645 3815 2714 probarit;

595 2726 788 2793 utique
821 2722 1225 2782 iconoclastica,
1273 2721 1341 2774 iis
1380 2723 1718 2789 temporibus
1749 2731 1993 2791 grassata
2017 2763 2033 2790 ,
2073 2725 2273 2794 quibus
2313 2729 2414 2782 sub
2448 2725 2709 2783 Michaele
2739 2727 2928 2796 Balbo,
2962 2731 3106 2786 circa
3135 2746 3339 2786 annum
3375 2734 3585 2802 imperii
3613 2734 3733 2803 ejus
3759 2735 3815 2800 3,

597 2811 806 2886 Christi
832 2811 960 2876 823,
994 2811 1116 2879 ipso
1151 2829 1169 2860 ‹
1205 2811 1472 2864 adversus
1495 2809 1750 2864 rebellem
1782 2811 2045 2865 Thomam
2071 2822 2362 2884 occupato,
2383 2824 2436 2868 et
2459 2814 2619 2868 aliam
2641 2830 2860 2870 omnem
2891 2832 3102 2880 curam,
3137 2835 3156 2869 ι
3192 2827 3251 2872 ut
3271 2820 3464 2875 scribit
3487 2820 3593 2874 Leo
3620 2819 3817 2876 Gram-

598 2902 860 2964 maticus,
896 2918 916 2951 ς
955 2899 1084 2953 huic
1117 2898 1278 2952 unice
1331 2897 1710 2966 posthabente,
1742 2897 1924 2964 Creta,
1958 2895 2142 2952 Sicilia
2171 2910 2222 2955 et
2261 2900 2453 2954 insulae
2485 2912 2690 2957 vocata:
2714 2903 2975 2974 Cyclades
3001 2905 3054 2974 (a
3084 2906 3284 2974 quibus
3314 2922 3422 2962 non
3465 2908 3622 2978 longe
3650 2909 3822 2964 dista-

597 2989 692 3044 bat
723 2985 945 3057 IEgiua)
978 3000 1009 3038 a
1042 2985 1289 3039 Romano
1316 2983 1546 3052 imperio
1573 2985 1821 3039 rescissa:
1851 2993 1982 3039 sunt
2006 2987 2073 3038 ah
2099 2986 2245 3042 Afris
2268 2997 2320 3043 et
2350 2988 2643 3045 Arabibus.
2678 3008 2696 3041 ι
2729 2990 2940 3045 Etenim
2965 2992 3130 3060 hujus
3156 2995 3474 3064 irruptionis
3501 2997 3815 3062 occasione,

594 3079 710 3134 sive
746 3077 850 3129 vim
880 3075 1005 3145 ejus
1033 3073 1211 3142 reipsa
1249 3073 1521 3126 senserint
1553 3071 1846 3142 IEginetae,
1869 3089 1966 3128 seu
2000 3075 2242 3129 vicinum
2277 3075 2578 3146 periculum
2606 3092 2704 3132 eos
2733 3081 2973 3148 coegerit
3002 3095 3117 3135 suae
3149 3083 3305 3136 saluti
3338 3083 3629 3138 consulere
3655 3096 3822 3155 atque

604 3165 670 3218 ad
705 3163 908 3218 tutiora
949 3161 1124 3225 abire,
1163 3157 1607 3214 Thessalonicam
1659 3159 1899 3230 profugit
1977 3177 2082 3215 non
2131 3162 2203 3217 ita
2237 3164 2442 3234 pridem
2469 3166 2656 3232 juncta
2702 3167 3053 3222 matrimonio
3087 3167 3402 3234 Theodora;
3437 3170 3655 3238 ibique,
3695 3183 3823 3241 post

602 3254 840 3307 oblatam
871 3251 980 3304 Deo
1006 3250 1194 3316 filiam,
1223 3247 1439 3304 tandem
1471 3249 1554 3302 sui
1580 3249 1722 3318 juris
1746 3248 1938 3304 effecta
1969 3265 2063 3319 per
2093 3251 2276 3305 mariti
2307 3263 2559 3316 mortem,
2592 3255 2958 3307 utonasticum
2991 3256 3240 3324 amplexa
3264 3267 3344 3311 est
3370 3257 3681 3312 institutum
3701 3260 3813 3328 jam

600 3341 891 3411 grandaeva
923 3355 936 3392 :
969 3341 1024 3393 in
1051 3353 1160 3408 quo
1187 3337 1253 3392 ad
1285 3336 1770 3407 profundissimam
1800 3353 1976 3407 usque
2001 3347 2336 3393 senectutem
2369 3352 2750 3407 perseverans,
2777 3338 2989 3393 videtur
3013 3355 3189 3410 usque
3219 3343 3284 3396 ad
3313 3341 3494 3397 saeculi
3529 3359 3581 3398 ιι
3613 3359 3812 3400 annum

597 3431 825 3484 circiter
878 3426 948 3481 80
986 3426 1298 3496 pervenisse
1334 3433 1430 3478 aut
1459 3423 1624 3478 etiam
1664 3424 1828 3478 ultra.
1864 3430 2040 3493 Atque
2068 3429 2182 3480 lucc
2215 3425 2396 3480 omnia
2438 3425 2598 3479 nobis
2631 3439 2694 3478 ex
2732 3424 2836 3480 hoc
2863 3425 3126 3482 Cabasilze
3151 3431 3402 3484 encomio
3445 3433 3814 3502 cognoscenda

602 3519 936 3590 prmbeutur,
971 3531 1078 3569 una
1107 3529 1232 3568 cum
1276 3513 1434 3567 titulo
1467 3511 1910 3580 Μυροϐλύτιδος,
1945 3509 2234 3580 Unguentil

2187 3513 2368 3576 Liﬂuaa,
2407 3520 2463 3565 et
2489 3512 2806 3567 testimonio
2850 3514 3116 3569 salutiferi
3155 3516 3262 3570 olei
3307 3532 3372 3572 ex
3411 3515 3530 3585 ejus
3572 3519 3819 3588 sepulcro

601 3603 976 3668 scaturientis,
1008 3600 1473 3671 quemadmodum
1512 3600 1576 3653 de
1611 3600 1820 3653 sanctis
1858 3597 2107 3664 Nieolao,
2136 3597 2434 3660 Demetrio.
2475 3597 2771 3654 Catharina
2814 3601 3078 3672 legimus,
3115 3613 3170 3657 et
3204 3604 3308 3659 hoc
3353 3619 3499 3660 nono
3539 3608 3817 3676 sequenti-

604 3694 821 3762 busque
844 3688 1060 3745 sacculis
1082 3686 1392 3743 invenimus
1415 3684 1645 3750 factum,
1672 3686 1738 3739 ad
1769 3685 2006 3756 plurium
2028 3686 2260 3742 aliarum
2294 3686 2583 3743 sanctitate
2615 3687 2910 3744 illustrium
2942 3704 3296 3760 personarum
3323 3696 3729 3752 venerationem
3763 3696 3818 3752 in

597 3775 863 3833 Ecclesiis
895 3774 1268 3832 Orientalibus
1297 3773 1783 3844 comprobaudant.
