4134 6314
1559 334 1735 393 νιτΑ
1774 335 1830 395 S.
1875 335 1903 392 'l

2006 333 2325 397 EODORB.
3447 335 3576 399 75""

1508 657 1802 767 ΕΓΚ
1823 567 2352 771 ΩΜῙΟΝ⁵

1886 875 2008 937 ΕΙΣ,

590 1039 818 1122 ΤΗΝ
919 1036 1247 1124 ΟΣΙΑΝ
1310 1038 1754 1123 ΜΗΤΕΡΑ
1830 1038 2156 1124 ΗΜΩΝ
2217 1040 2410 1123 ΚΑΙ
2489 1036 3271 1128 ΜΥΡΟΒΛΥΤΙΔΑ

1302 1226 2482 1363 ’ΘΕΟΔΩΡΑΝ

1620 1630 2273 1738 LAUDATIO

547 1863 1023 1956 SANCTIE
1101 1864 1540 1953 MATRIS
1596 1861 2098 1954 NOSTRAE
2177 1863 2327 1952 ET
2401 1861 3350 1960 MYROBLYTlD/E.

1392 2081 2512 2234 THEODOR/E

917 2366 922 2372 '
959 2358 1231 2416 Auctore
1261 2353 1522 2416 Nicolao
1586 2353 1868 2420 Cabasila
1902 2354 2452 2423 Thessalonicensi
2498 2357 2919 2436 metropolita.

1291 2517 1366 2567 Ea:
1418 2532 1508 2569 ms.
1547 2523 1771 2571 Cmareo
1816 2516 2114 2572 bibliotheca:
2156 2519 2432 2571 Viennensis
2485 2521 2580 2584 (τι).

1741 2805 2129 2862 PROLOGUS.

391 2930 464 2981 α’.
502 2925 658 2991 Ἐμοὶ
689 2925 766 2989 δὲ,
804 2925 1011 2979 πολλῶν
1039 2924 1106 2978 τὰ
1143 2925 1210 2977 σὰ
1243 2926 1652 2992 Θαυμαζόντων,
1682 2920 1727 2980 ὦ
1761 2929 1882 2981 Μυ-

2056 2929 2107 2983 Ι.
2143 2925 2323 2982 Multis
2366 2934 2456 2979 tua
2496 2926 2691 2979 decora
2727 2925 3123 2982 admirantibus
3149 2970 3164 2995 ,
3199 2944 3232 2982 ο
3266 2930 3563 3001 Unguenti-

325 3015 593 3084 ροδλύτις,
631 3016 724 3068 καὶ
757 3014 913 3069 τοῦτο
945 3017 1043 3084 μὲν
1077 3015 1144 3068 τὰ
1177 3015 1364 3070 εἰκότα
1395 3016 1758 3071 ἀποδιδόντων
1795 3020 1890 3072 καὶ

2006 3017 2118 3081 lna,
2155 3025 2208 3071 et
2241 3018 2368 3071 hinc
2399 3018 2618 3087 quidem
2661 3033 2781 3086 qua:
2823 3020 3058 3072 maxime
3090 3037 3326 3091 congrua
3359 3023 3558 3076 rationi

324 3109 561 3171 ἅπαντος
593 3108 792 3178 μᾶλλον
830 3109 1095 3178 προσῆκε,
1122 3107 1280 3160 τοῦτο
1309 3109 1364 3161 δὲ
1397 3109 1490 3162 καὶ
1525 3113 1666 3177 σφᾶς
1693 3112 1891 3174 αὐτοὺς

2006 3117 2122 3162 sunt
2144 3116 2308 3177 atque
2347 3109 2399 3160 in
2453 3108 2642 3177 primis
2687 3111 2994 3164 necessaria
3039 3110 3134 3164 tibi
3183 3111 3553 3178 reddentibusL

322 3199 576 3253 ἐντεῦθεν
606 3200 977 3270 κοσμούντων,
1004 3203 1146 3272 ἀτὰρ
1177 3202 1315 3272 ὐπὶρ
1349 3202 1443 3256 σοῦ
1473 3203 1630 3271 λόγος
1657 3205 1754 3258 καὶ
1779 3205 1892 3267 τοῖς

2006 3199 2120 3253 inde
2163 3214 2292 3253 vero
2333 3201 2545 3268 seipsos
2600 3201 2700 3253 hoc
2735 3199 2862 3252 dum
2903 3201 3105 3254 faciunt
3143 3205 3562 3267 exornantihus,

323 3289 575 3354 λέγουσιν
604 3292 661 3342 ὲν
694 3292 906 3360 καιρῷο
942 3293 1088 3355 εἰκός
1136 3310 1200 3361 γε
1247 3294 1443 3360 ἐδόκει,
1497 3295 1574 3363 μὴ
1611 3295 1688 3364 (ὁ)
1733 3295 1894 3364 μόνον

325 3381 427 3446 ἐμὲ
450 3380 560 3433 τῶν
595 3380 722 3450 περὶ
745 3382 935 3448 λόγους
964 3384 1196 3451 ἑχόντων
1223 3385 1332 3438 σῶν
1363 3384 1472 3437 σῶν
1501 3386 1738 3457 χαρίτων
1767 3388 1894 3441 ἀ.τὲ-

323 3470 515 3524 λεστον
541 3473 794 3542 φανῆναι,
818 3473 952 3526 ἀλλὰ
970 3473 1082 3537 τοῖς
1114 3478 1227 3538 σοῖς
1251 3476 1548 3544 ιγκωμίοις
1567 3478 1894 3531 ἐπιϐαλόντα

325 3564 608 3632 κοσμῆσαι
642 3565 740 3632 μὲν
770 3565 1027 3634 ἐμαυτὸν,
1055 3567 1332 3636 κοσμῆσαι
1365 3569 1420 3621 δὲ
1455 3576 1546 3622 καὶ
1575 3569 1764 3638 λόγους
1797 3571 1898 3624 αὑ-

325 3654 453 3718 τούς
477 3669 494 3686 ⁶
525 3656 639 3723 ἅμα
667 3655 722 3708 δὲ
747 3657 840 3710 καὶ
872 3651 950 3721 οἷς
980 3658 1236 3721 πολλάκις
1266 3661 1638 3730 εὐπεποίηκας
1671 3665 1734 3716 ὲκ
1769 3663 1897 3716 πολ-

326 3745 436 3798 λῶν
469 3745 718 3813 ὑπάρξας
738 3742 838 3810 εῖς,
870 3747 1060 3816 μισθὸν
1083 3749 1153 3818 (ο)
1171 3750 1406 3819 χαρίτων
1436 3752 1530 3803 καὶ
1559 3753 1898 3806 παντοδαπὸν

325 3837 489 3906 χρέος
527 3831 608 3899 οἷς
637 3836 844 3889 ἔνεστιν
871 3838 1181 3892 ἀποδοῦναι.
1217 3842 1278 3894 '0
1305 3843 1403 3911 μὲν
1431 3839 1524 3896 οὖν
1550 3843 1736 3913 παρὼν
1769 3846 1900 3916 ἡμῖν

325 3929 482 3997 ἁγὼν
511 3929 650 3998 ὑπὲρ
680 3931 903 3983 τούτων’
935 3931 1146 4002 ἐργώδη
1176 3933 1230 3985 δὲ
1260 3934 1388 3991 ὅντα
1414 3937 1507 3992 καὶ
1530 3939 1763 4008 χαλεπὸν
1793 3940 1904 3992 διε-

325 4022 524 4090 νέγκαι
556 4022 637 4084 τίς
676 4022 894 4094 ἀγνοεῖς
924 4023 1060 4083 ἀλλὰ
1103 4029 1337 4091 μάλιστα
1377 4030 1474 4098 μὲν
1504 4031 1566 4082 οὐ
1599 4032 1703 4101 χρὴ
1736 4031 1903 4082 δεδιέ-

330 4131 419 4165 ναι
448 4128 462 4142 ⁹
499 4112 598 4189 ’ἰῆς
637 4119 879 4190 μεγάλης
907 4121 968 4172 οὐ
1007 4120 1166 4189 μόνον
1195 4119 1598 4190 μεγαλοψυχίαν
1628 4122 1904 4190 κεχρημέ-

1996 3290 2264 3356 ρηιιρίρυθ
2301 3290 2521 3359 quando
2560 3304 2865 3343 sermonem
2897 3291 2963 3344 de
2990 3301 3040 3344 te
3068 3304 3370 3360 opportune
3401 3295 3563 3347 insti-

1997 3389 2186 3446 tuunt;
2231 3395 2445 3446 aequum
2488 3379 2619 3432 mihi
2669 3395 2887 3448 quoque
2928 3381 3249 3441 videbatur,
3300 3398 3365 3435 ne
3412 3385 3564 3437 solus

1994 3484 2185 3525 exsors
2223 3483 2542 3538 apparerem
2569 3475 2785 3521 tuarum
2817 3469 3114 3536 gratiarum
3137 3510 3151 3533 ,
3190 3471 3562 3538 eloquentiam

1995 3577 2211 3616 omnem
2248 3561 2614 3625 vincentium;
2653 3559 2746 3614 sed
2784 3569 2838 3612 ct
2879 3562 2994 3629 ipse
3028 3570 3116 3614 tua
3160 3562 3439 3630 ingressus
3465 3578 3562 3614 cn-

1997 3653 2172 3707 comia
2197 3691 2209 3715 ,
2242 3665 2436 3719 meque
2469 3659 2523 3703 et
2552 3650 2856 3704 orationem
2891 3665 3062 3702 meam
3101 3650 3290 3705 iisdem
3335 3666 3567 3704 exorna-

1997 3758 2151 3808 rem;
2189 3743 2350 3799 simul
2381 3746 2568 3806 etiam,
2605 3751 2664 3798 ut
2704 3742 2796 3811 qui
2827 3757 2974 3796 unus
3005 3756 3124 3796 sum
3157 3757 3222 3796 ex
3257 3745 3444 3796 multis
3473 3750 3566 3794 tuo

1999 3848 2143 3904 saepe
2180 3834 2442 3889 beneﬁcio
2475 3833 2680 3896 l‘ruitis,
2722 3849 2888 3903 quam
2919 3848 3140 3901 possum
3175 3835 3371 3887 dehinc
3401 3835 3569 3904 grati-

2002 3927 2204 3982 tutlinis
2223 3939 2429 3993 partem
2453 3925 2550 3978 tibi
2569 3924 2925 3980 exsolverem.
2952 3923 3010 3977 In
3035 3924 3120 3978 his
3143 3925 3307 3994 igitur
3330 3941 3568 3992 praesens

2004 4015 2162 4068 nobis
2194 4015 2344 4068 labor
2376 4017 2669 4070 consistit:
2707 4031 2868 4082 quem
2899 4015 3118 4083 quidem
3160 4030 3377 4082 gravem
3404 4026 3569 4080 atque

2004 4105 2275 4159 diﬂicilem
2323 4115 2538 4173 portatu
2571 4120 2693 4159 esse
2746 4106 2869 4172 quis
2921 4120 3026 4156 non
3094 4105 3286 4158 videt?
3323 4106 3454 4158 nihil
3495 4115 3572 4156 ta-

329 4229 430 4282 νης
480 4211 607 4281 περὶ
640 4213 767 4275 τοὺς
819 4212 1034 4278 λόγους,
1071 4211 1125 4264 εἴ
1157 4228 1238 4272 τις
1271 4212 1507 4264 ἐλάττων
1545 4211 1746 4280 γίνοιτο
1795 4211 1903 4264 τῶν

2006 4211 2132 4250 men
2163 4194 2566 4250 formidandum
2597 4204 2723 4260 est;
2753 4195 3193 4263 quandoquidem
3229 4209 3422 4262 magna
3460 4195 3573 4248 luce

331 4269 699 4374 πραγμάτων,
721 4269 854 4354 δῖ).λά
877 4269 970 4354 διαὶ
989 4269 1287 4363 τούτους-εὗ
1313 4302 1456 4372 μάλα
1483 4269 1900 4370 συναιρομένης.

2009 4288 2209 4342 Sancta
2282 4302 2386 4342 non
2454 4286 2631 4340 solum
2681 4286 3182 4355 magnanimitatem
3236 4287 3287 4338 in
3340 4287 3571 4340 diovndo
3651 4294 3654 4298 '

332 4396 573 4448 Ἔπειτα
602 4395 649 4444 εἰ
681 4393 773 4444 καὶ
804 4392 1013 4454 πάντας
1039 4394 1164 4456 τοὺς
1197 4394 1451 4456 εἰπόντας
1486 4392 1696 4461 ἑώρων,
1727 4390 1761 4461 ἦ
1800 4408 1904 4460 μηο

329 4485 419 4538 δὲν
452 4484 800 4546 ἐλλείποντας
829 4485 936 4537 τῶν
966 4486 1283 4554 γινομένων,
1317 4485 1349 4554 ἢ
1384 4484 1542 4538 τοῦτο
1573 4482 1704 4552 γοῦν
1741 4500 1907 4536 σπου-

333 4575 431 4644 δὴν
464 4577 820 4644 ποιουμένους
853 4575 998 4638 ὅπως
1023 4575 1089 4629 ἂν
1110 4576 1381 4644 ἑφίκοιντο
1400 4594 1414 4606 ·
1440 4571 1508 4646 ἦν
1531 4576 1597 4630 ἄν
1625 4593 1677 4628 τι
1708 4573 1905 4646 προῦρ-

337 4679 462 4730 γου,
493 4665 587 4716 καὶ
620 4667 766 4734 ἡμᾶς
790 4665 822 4734 ἢ
850 4665 910 4717 τὸ
939 4669 1212 4736 προσῆκον
1243 4667 1302 4719 ὲν
1327 4669 1437 4727 τοῖς
1465 4667 1642 4734 λόγοις
1663 4666 1903 4730 διώκειν,

342 4753 376 4822 ἢ
407 4753 482 4821 μὴ
529 4753 686 4806 τοῦτο
739 4755 1020 4819 ποιοῦντας
1067 4756 1298 4826 ἡσυχίαν
1337 4757 1682 4824 ἄξειν.Ἑπεὶ
1724 4758 1768 4812 δ’
1806 4759 1906 4827 οὐχ

343 4844 466 4895 ὅσον
494 4843 738 4908 ἐκείνοις,
770 4845 904 4898 ἀλλὰ
932 4847 1025 4899 καὶ
1053 4847 1216 4901 πᾶσιν
1247 4848 1324 4916 (d)
1361 4848 1545 4910 ἁπλῶς
1576 4849 1684 4909 τοῖς
1717 4850 1774 4900 ὲν
1816 4849 1905 4901 λό-

344 4949 458 4998 γοις
501 4931 688 4996 ζῶσιν,
727 4933 1039 4987 ἐπισαλοῦσι
1070 4940 1179 4998 τοῖς
1213 4937 1354 5006 ὑπὲρ
1377 4937 1472 5007 τῆς
1499 4935 1905 5005 Μυροὸλύτιδος

345 5021 547 5089 λόγοις,
581 5024 680 5074 οὐκ
713 5023 779 5076 ἂν
805 5023 1040 5091 ἐπέλθοι,
1071 5026 1143 5095 μὴ
1173 5027 1330 5096 μόνον
1356 5027 1509 5080 οὐδὲν
1533 5028 1707 5079 εἰπεῖν
1740 5028 1907 5092 ἐγγὺς

345 5110 454 5162 τῶν
489 5112 864 5179 πραγμάτων,
906 5111 1020 5165 ἀλλ’
1065 5115 1173 5167 οὐδ’
1207 5115 1428 5168 ἐλπίσαι
1456 5132 1469 5146 ·
1509 5115 1806 5184 περίεργον
1843 5113 1909 5166 ἂν

345 5200 452 5271 εἴη,
490 5201 648 5270 μόνον
676 5201 778 5272 ἐμὲ
807 5203 916 5256 τῶν
936 5205 1196 5258 εἰπόντων
1254 5204 1426 5258 ταῦτα
1454 5205 1910 5276 περιεργάζεσθαι

419 5367 848 5446 (α)Ῥει·ρ1ριοηι
910 5380 1129 5433 omnino
1195 5389 1406 5444 oportet
1457 5375 1625 5434 fuisse
1677 5381 1910 5446 scriptu-

351 5461 502 5509 ram,
536 5449 614 5502 vel
650 5449 964 5501 mendosam
997 5450 1302 5510 admodum,
1348 5451 1489 5502 unde
1526 5459 1632 5501 tam
1663 5449 1913 5515 imperfe-

351 5527 492 5568 ctum
545 5519 610 5569 ad
665 5532 761 5570 nos
809 5517 952 5570 venit
997 5518 1346 5585 ecgraphum,
1382 5529 1440 5570 ut
1489 5518 1731 5585 pluribus
1779 5518 1908 5570 locis

352 5585 663 5650 conjectura
692 5600 827 5651 opus
859 5585 1021 5638 fuerit
1043 5589 1107 5637 ad
1144 5587 1446 5656 versionem
1477 5588 1909 5656 qualemcunque

351 5656 748 5722 producendam
785 5670 800 5706 :
845 5656 985 5722 quod
1025 5656 1110 5708 hic
1163 5655 1505 5722 prwl‘andum
1540 5657 1658 5715 fuit.
1690 5657 1735 5708 si
1785 5656 1906 5722 quis

353 5717 491 5777 forte
539 5725 590 5778 in
623 5717 897 5781 meliorem
933 5717 1174 5780 codiceni
1208 5726 1429 5790 incidat,
1464 5727 1608 5780 unde
1649 5726 1732 5779 hic
1765 5717 1904 5778 edita

2008 4388 2267 4449 praestare
2312 4379 2469 4439 solet,
2521 4377 2567 4432 si
2615 4378 2738 4446 quis
2779 4377 2920 4430 forte
2965 4378 3363 4444 pertractandis
3407 4378 3570 4431 rebus

2009 4471 2241 4528 inferior
2288 4469 2450 4524 fuerit
2470 4509 2494 4535 ,,
2539 4469 2632 4523 sed
2675 4470 2836 4522 etiam
2889 4483 2983 4535 per
3035 4466 3181 4534 ipsas
3236 4468 3356 4522 illas
3403 4483 3570 4535 quam

2010 4564 2244 4619 maxime
2283 4560 2561 4615 auxiliari.
2606 4559 2808 4613 Deinde
2846 4559 2971 4614 licet
3005 4559 3214 4612 videam
3258 4575 3447 4613 omnes
3480 4559 3571 4627 qui

2011 4655 2078 4709 de
2107 4655 2196 4707 illa
2237 4653 2636 4716 disseruerunt,
2665 4651 2746 4704 vel
2773 4650 2903 4704 nihil
2937 4651 3358 4718 praetermisisse
3380 4665 3570 4703 eorum

2011 4759 2131 4814 qua:
2161 4750 2313 4811 gesta
2344 4751 2494 4806 sunt,
2523 4742 2602 4794 vel
2631 4742 2820 4796 saltem
2857 4742 2909 4793 in
2943 4755 3009 4794 eo
3041 4741 3279 4793 studium
3316 4756 3571 4808 magnum

2012 4836 2255 4903 posuisse
2275 4844 2333 4889 ut
2351 4835 2463 4903 ipsa
2485 4845 2924 4902 assequercntur:
2947 4845 3123 4900 operae
3142 4832 3574 4898 tamcn'pretium

2016 4928 2154 4990 fuit,
2205 4942 2292 4980 me
2342 4940 2560 4995 quoque
2604 4925 2687 4978 vel
2731 4923 2964 4978 similem
3008 4921 3239 4975 dicendo
3285 4921 3573 4973 utilitatem

2016 5018 2246 5082 sectari,
2285 5017 2368 5070 vel
2409 5017 2602 5070 saltem
2645 5030 2751 5067 non
2798 5013 3022 5066 omnino
3058 5026 3283 5064 manere
3313 5012 3574 5065 otiosum.

2017 5111 2284 5176 Quoniam
2327 5123 2457 5163 vero
2496 5123 2604 5167 non
2645 5107 2819 5161 solum
2857 5105 2996 5167 illis,
3032 5103 3126 5157 sed
3173 5103 3580 5157 omnibus‘om-

2019 5202 2152 5255 nino
2187 5200 2483 5255 oratoriam
2521 5208 2694 5252 artem
2734 5195 3153 5266 proﬁtentibus,
3183 5195 3229 5248 si
3273 5207 3578 5250 sermonem

2023 5378 2303 5432 emendari
2339 5379 2543 5430 certius
2578 5373 2808 5443 possint,
2847 5389 3008 5441 quam
3051 5387 3146 5440 per
3167 5386 3308 5435 eam,
3339 5384 3440 5437 qna
3472 5382 3576 5418 non

2018 5447 2248 5516 lihenar
2283 5447 2505 5516 utimur,
2550 5443 3220 5516 conjectandi__liccntiam.
3376 5505 3384 5514 ι
3524 5501 3535 5516 1

2091 5517 2162 5584 (b)
2207 5515 2398 5568 Deerat
2447 5515 2500 5566 in
2540 5510 2812 5584 ecgrapho
2869 5510 3158 5566 Viennensi
3213 5510 3424 5575 negatio
3477 5510 3581 5571 μὴ,

2015 5583 2176 5654 quam
2208 5584 2502 5636 addendam
2531 5583 2794 5654 jtltlicnvi.

2089 5655 2158 5722 (c)
2205 5655 2542 5722 Ecgraphum
2578 5653 2685 5719 μᾶς
2713 5651 2842 5704 τῶν.

2087 5720 2166 5794 ((1)
2206 5721 2351 5776 ldetn
2380 5720 2601 5777 παῦσιν.
