4196 6308
523 295 637 360 Ἶὶιῦ
817 309 820 312 ’
861 296 869 304 ’
1754 295 2058 355 NICOLAI
2099 299 2109 348 t

2215 293 2485 357 RASILE

522 415 660 480 ipsa,
686 414 778 469 sed
809 411 978 466 multo
1009 412 1171 466 etiam
1204 411 1580 475 admirabilior
1612 412 1877 480 majorem
1907 408 2097 464 melio-

2215 409 2337 464 ἱιλλά
2381 416 2477 465 καὶ
2534 409 2714 482 πολλῷ
2768 410 3195 483 θαυμαστοτέρα
3249 411 3342 464 καὶ
3397 409 3644 478 μείζων,
3697 411 3793 462 καὶ

523 518 747 573 remque
772 514 824 558 te
857 504 1175 573 probaveris
1205 504 1270 560 iis
1300 519 1394 573 per
1421 519 1544 574 quae
1571 503 1951 567 exornabaris,
1977 502 2104 573 quis

2215 502 2522 572 κρείττονας
2541 503 2691 574 σφῶν
2722 505 2902 558 αὐτῶν
2934 503 3212 569 ἁνέδειξας
3231 499 3310 560 οἷς
3339 503 3682 572 ὲκίῦσμησας,
3709 505 3791 564 τίς

3687 291 3798 352 Ἶῦἐι

534 595 755 649 demum
795 605 973 664 potest
1013 595 1297 665 ignorare?

592 685 645 740 ϐ.
688 687 927 743 ltlustria
967 686 1131 755 igitur
1163 699 1251 742 tua
1290 687 1610 748 certamina,
1639 696 1690 741 et
1713 702 1938 756 magnos
1961 688 2104 742 circa

2209 597 2310 648 οὐκ
2336 590 2444 650 οἶδε
2475 596 2585 650 τῶν
2618 597 2874 662 πάντωνς

2283 693 2357 752 ς’.
2393 688 2534 752 Τοὺς
2569 688 2667 757 μὲν
2699 687 2792 741 οὖν
2825 689 3127 760 ὑπερφυεῖς
3168 687 3414 750 ἐκείνους
3446 686 3666 754 ἀγῶνας
3699 687 3791 738 καὶ

523 779 924 847 philosOphiam
953 795 1179 850 agones,
1205 780 1406 848 quibus
1439 780 1639 834 multos
1681 782 1732 834 in
1757 781 1946 836 eadem
1980 796 2102 834 cum

2215 781 2277 834 τὰ
2307 781 2518 850 μεγάλα
2546 781 2640 834 ἐπὶ
2670 781 2960 853 φιλοσοφίᾳ
2998 780 3324 850 σκάμματα,
3358 782 3415 833 ἐν
3443 773 3524 841 οἷς
3557 779 3786 840 πολλοὺς

525 872 684 926 laude
718 882 991 936 versatos,
1037 870 1207 926 victos
1236 889 1262 922 a
1305 882 1354 925 te
1379 874 1646 942 longeque
1695 871 1835 928 intra
1885 873 2108 930 relictos

525 963 834 1020 clarissime
883 965 1297 1026 demonstrasti,
1334 965 1446 1034 jam
1501 966 1685 1021 dicere
1733 967 2106 1036 aggredimur.

529 1054 592 1110 Et
646 1071 708 1112 ca
765 1056 983 1126 quidem
1017 1073 1140 1125 qua:
1210 1059 1294 1112 his
1353 1059 1527 1112 instar
1587 1058 1924 1112 fundamenti
1975 1059 2107 1111 sub-

528 1160 722 1215 strata,
743 1166 806 1206 ac
834 1150 996 1205 veluti
1024 1151 1385 1206 maximarum
1419 1168 1599 1206 rerum
1629 1167 1784 1207 tuere
1815 1154 2104 1222 procemia,

529 1242 807 1310 quomodo
840 1258 946 1296 non
977 1242 1034 1296 in
1063 1243 1484 1297 admirationem
1515 1253 1912 1314 stuporemque
1939 1245 2111 1300 dedu-

527 1345 655 1386 cant
687 1333 950 1401 aliquem,
987 1342 1041 1387 et
1073 1333 1382 1388 futurorum
1420 1333 1623 1388 faciant
1654 1335 1879 1388 minime
1911 1334 2106 1388 falsum

529 1424 746 1479 vatem?
773 1424 1166 1481 lnstituebatur
1197 1426 1418 1494 quidem
1456 1427 1599 1480 inter
1623 1441 1842 1494 pueros.
1876 1428 1968 1482 sed
2005 1428 2108 1480 mi-

527 1518 675 1572 nime
702 1517 966 1584 puerilem
1000 1517 1222 1585 gerebat
1256 1531 1478 1571 sensum
1504 1556 1520 1580 ,
1557 1532 1732 1586 neque
1761 1517 1828 1570 ad
1855 1533 1940 1572 res
1971 1518 2110 1573 ludi-

527 1625 651 1664 cras
678 1611 1127 1671 convertebatur,
1160 1609 1499 1680 voluptatem
1546 1609 1746 1665 exinde
1781 1609 2107 1680 captandam

531 1697 750 1754 virtutis
798 1701 919 1756 loco
970 1700 1290 1765 aestimans,
1341 1701 1435 1755 sed
1485 1701 1684 1756 divinis
1729 1701 2110 1756 oblectabatur

531 1790 1048 1856 exercitationibus,
1083 1791 1257 1846 sacris
1282 1793 1579 1847 erudienda
1607 1791 1825 1846 litteris.
1861 1791 2112 1846 Emula-

531 1884 692 1936 batur
713 1892 920 1948 autem,
950 1892 1003 1938 ct
1032 1884 1213 1939 socias
1238 1883 1436 1939 habere
1454 1883 1758 1953 expetebat,
1786 1899 1895 1938 non
1921 1898 2111 1939 assue-

533 1981 621 2030 tas
660 1975 767 2031 illis
794 1977 1072 2031 contraria
1103 1992 1288 2031 amare
1317 1983 1371 2031 et
1402 1976 1557 2030 malis
1591 1975 1647 2029 in
1681 1983 1847 2032 rebus
1873 1976 2107 2038 versari,

529 2067 676 2135 quod
723 2067 837 2120 vitii
877 2075 980 2130 est,
1014 2069 1107 2122 sed
1139 2067 1545 2137 adiungebatur
1574 2067 1822 2137 solisque
1855 2069 2110 2122 convive-

532 2158 624 2212 bat
653 2157 738 2221 iis,
773 2173 912 2228 quas
940 2174 1097 2213 amor
1127 2159 1488 2228 philosophiae
1536 2158 1854 2228 divinaeque:
1883 2174 2112 2214 conver-

530 2249 760 2306 sationis
793 2251 1041 2315 tenehat;
1078 2258 1264 2318 utpote
1297 2265 1418 2319 quae
1456 2248 1772 2304 felicitatem
1809 2251 2111 2305 Constitue-

530 2349 616 2396 ret
643 2340 697 2396 in
734 2341 842 2396 illis
866 2341 1152 2396 dumtaxat
1177 2342 1368 2406 rebus,
1393 2356 1516 2410 quae
1549 2343 1658 2395 Deo
1684 2342 1922 2409 placent,
1945 2350 2110 2408 atque

531 2433 598 2489 ad
634 2433 896 2489 virtutem
932 2433 1165 2496 ducunt,
1202 2445 1256 2488 et
1288 2432 1647 2487 ineﬂabilium
1682 2431 1951 2484 bonorum
1983 2447 2110 2499 par-

532 2522 905 2593 ticipationem
942 2524 1265 2578 conciliant.
1315 2521 1407 2576 Sic
1453 2521 1620 2591 igitur
1657 2525 1840 2572 animo
1883 2534 2108 2589 compa-

534 2620 672 2676 rata,
703 2610 960 2680 coniugio
989 2613 1211 2681 quidem
1247 2627 1342 2666 usa
1375 2619 1482 2675 est,
1511 2611 1604 2664 sed
1643 2624 1738 2664 usa
1769 2619 1852 2664 est
1874 2619 2108 2674 tantum,

532 2706 589 2751 et
623 2699 757 2753 nihil
790 2701 1059 2769 amplius,
1087 2712 1353 2770 quantum
1397 2700 1611 2755 scilicet
1652 2714 1789 2769 Opus
1833 2712 1982 2766 erat,
2009 2699 2109 2754 alir

533 2804 697 2860 quam
737 2788 804 2844 ad
836 2791 1041 2860 optima
1079 2806 1308 2860 quaeque
1335 2793 1641 2846 tendentem
1698 2791 1867 2846 etiam
1900 2795 2099 2862 conju-

531 2879 623 2949 gio
644 2879 868 2935 subesse
893 2899 908 2933 :
940 2889 998 2936 ut
1026 2897 1148 2951 qua:
1173 2892 1339 2936 totam
1367 2897 1426 2936 se
1459 2881 1700 2938 dedisset
1727 2881 2108 2953 philosomiiae,

535 2985 642 3025 non
677 2971 976 3040 respiciens
1005 2971 1058 3026 in
1086 2973 1311 3028 delicias
1343 2981 1437 3027 aut
1463 2974 1797 3043 voluptates,
1827 2975 2108 3046 animique

2211 875 2303 928 sui.
2335 875 2624 944 φιλοσοφίᾳ
2653 872 3103 944 θαυμαζομένους
3132 872 3479 942 ἡττωμένους
3508 871 3602 922 καὶ
3636 870 3787 923 κάτω

2211 966 2524 1036 χωροῦντας
2563 964 2766 1030 ἔδειξας
2805 964 3145 1034 περιφανῶς,
3185 963 3386 1016 αὐτίκα
3421 960 3677 1032 ἐροῦμεν.
3720 961 3788 1014 Ἀ

2210 1057 2265 1112 δὲ
2308 1058 2514 1110 τούτων
2549 1055 2739 1126 ὥσπερ
2776 1057 2880 1122 πρὸ
2917 1054 3128 1116 τελείας
3161 1053 3396 1107 ὑπέθουν
3431 1053 3528 1106 καὶ
3559 1054 3668 1106 τῶν
3697 1070 3790 1117 με·

2211 1149 2392 1218 γάλων
2425 1149 2705 1220 προοίμια,
2726 1149 2842 1211 πῶς
2870 1148 2930 1201 οὐ
2967 1147 3098 1216 πρὸς
3133 1145 3397 1216 ἔκπληξιν
3427 1145 3639 1207 πάντας
3667 1145 3788 1197 ἐνά-

2212 1257 2298 1309 γει
2334 1243 2426 1294 καὶ
2471 1240 2658 1310 θαῦμα
2706 1243 2800 1294 καὶ
2845 1241 2955 1293 τῶν
2996 1241 3074 1303 είς
3125 1239 3296 1293 ἔπειτ’
3352 1238 3626 1307 ἐσομένων
3661 1238 3794 1304 μάνο

2211 1349 2325 1395 τεις
2354 1335 2544 1400 σαφεῖς
2566 1331 2942 1385 ἀναδείκνυσιν
2969 1349 2986 1396 ;
3010 1331 3099 1394 Είς
3128 1332 3326 1394 παῖδας
3356 1331 3455 1398 μὲν
3484 1327 3576 1383 οὖν
3600 1329 3790 1392 ἐτέλει,

2213 1423 2329 1479 ἀλλ’
2358 1424 2419 1477 οὐ
2459 1424 2598 1477 κατά
2631 1425 2824 1488 παῖδας
2857 1418 2969 1494 εἶχε
3000 1423 3059 1476 τὸ
3089 1422 3362 1494 φρόνημα,
3394 1423 3502 1476 οὐδ’
3540 1424 3618 1482 είς
3650 1438 3793 1475 παι-

2211 1518 2329 1580 διάς
2366 1517 2534 1588 ἐώρα,
2571 1517 2665 1570 καὶ
2702 1518 2799 1587 τὴν
2839 1518 3048 1569 ἐκεῖθεν
3083 1515 3275 1586 τέρψιν
3314 1515 3417 1585 τῆς
3453 1515 3654 1583 ἀρετῆς
3685 1515 3792 1566 ἔτι·

2216 1610 2354 1677 μᾶτο
2373 1623 2389 1645 ⁶
2424 1609 2536 1661 ἀλλ’
2557 1607 2743 1678 ἔχαιρε
2776 1609 2872 1678 μέν
2897 1609 3014 1671 ταῖς
3044 1607 3215 1670 θείαις
3239 1607 3545 1677 διατριϐαῖς
3575 1609 3642 1659 τὰ
3671 1604 3791 1658 θεῖα

2214 1701 2606 1771 παιδευομένη,
2635 1699 2904 1769 ἡμιλλᾶτο
2950 1699 3008 1751 δὲ
3063 1699 3158 1753 καὶ
3213 1697 3380 1767 συνῆν
3421 1697 3481 1749 οὐ
3529 1699 3646 1758 ταῖς
3683 1695 3794 1748 τών

2219 1794 2474 1846 ἐναντίων
2519 1792 2724 1864 ἐρῶσαι
2763 1792 2989 1854 είδυίαις
3028 1793 3122 1846 καὶ
3157 1792 3217 1844 τὸ
3257 1793 3444 1854 κακοῖς
3489 1792 3793 1852 συνοικεῖν,

2220 1883 2357 1951 πρὸς
2375 1881 2763 1950 ἐλαττώματος
2793 1880 2852 1932 δν
2876 1896 2892 1913 ο
2925 1879 3151 1933 ἐκείνων
3180 1878 3224 1931 δ’
3255 1878 3518 1947 ἐξήρτητο
3547 1877 3640 1928 καὶ
3666 1875 3796 1926 ταύ-

2218 1993 2338 2038 ταις
2373 1973 2561 2043 μόναις
2597 1971 2827 2042 συνέζη,
2863 1970 2929 2036 ἃς
2973 1973 3000 2024 ό
3036 1970 3357 2039 φιλοσοφίας
3386 1968 3525 2039 ἔρως
3563 1967 3795 2034 κατέσχε

2219 2068 2314 2122 καὶ
2335 2066 2427 2120 τοῦ
2456 2068 2694 2120 συνεῖναι
2720 2065 2840 2136 Θεῷ
2861 2082 2875 2096 '
2899 2064 3069 2136 μόνην
3098 2064 3205 2135 γὰρ
3232 2062 3581 2131 εὐδαιμονίαν
3610 2061 3798 2131 ἡγεῖτο

2217 2159 2253 2214 ἃ
2291 2159 2668 2228 κεχαρισμένα
2703 2157 2960 2228 τυγχάνει
2995 2155 3136 2224 Θεῷ,
3171 2158 3264 2208 καὶ
3299 2153 3436 2223 πρὸς
3471 2151 3669 2223 ἀρετὴν
3696 2150 3797 2218 φέ-

2221 2269 2341 2322 ρει,
2383 2252 2476 2305 καὶ
2522 2250 2633 2304 τῶν
2667 2251 2923 2323 άρῤήτων
2955 2248 3248 2310 κοινωνοὺς
3289 2244 3599 2316 ἐργάζεται.
3637 2241 3797 2297 Οὕτω

2218 2343 2398 2396 τοίνυν
2419 2343 2518 2414 τὴν
2537 2343 2718 2412 ψυχὴν
2746 2343 3192 2412 παρεσκευακυῖα
3218 2338 3466 2409 ὡμίλησε
3491 2337 3589 2406 μὲν
3606 2336 3796 2405 γάμῳ,

2217 2431 2463 2504 ὡμίλησε
2510 2433 2588 2498 δὲ,
2632 2433 2783 2485 οὐδὲν
2829 2432 3029 2502 μᾶλλον
3057 2447 3071 2463 ·
3107 2430 3242 2484 ἀλλά
3285 2427 3541 2482 τοσοῦτον
3577 2427 3796 2494 ἐδέησεν

2220 2523 2435 2592 ὑφεῖναί
2485 2540 2534 2576 τι
2577 2521 2729 2592 παρὰ
2767 2523 2857 2574 τὺν
2895 2521 3070 2590 γάμον
3123 2519 3216 2574 τοῦ
3264 2517 3493 2588 περὶτὰ
3545 2516 3799 2586 βέλτιστα

2217 2614 2397 2673 τόνου,
2433 2611 2572 2664 ὥστε
2606 2612 2701 2663 καὶ
2746 2609 2926 2680 πολλῷ
2965 2609 3168 2680 μείζων
3213 2604 3280 2678 ἦν
3330 2609 3408 2670 εις
3440 2604 3754 2675 φιλοσοφίαν
3779 2619 3794 2635 ·

2217 2705 2320 2758 οὐκ
2350 2705 2430 2766 εἰς
2469 2702 2681 2771 τρυφὰς
2715 2701 2900 2773 δρῶσα
2937 2702 3029 2754 καὶ
3064 2701 3258 2772 ἡδονὰς
3295 2699 3390 2752 καὶ
3420 2698 3518 2767 τὴν
3547 2695 3798 2750 ἐντεῦθεν

2220 2795 2523 2866 ῥᾳστώνην,
2559 2793 2677 2846 οὐδὲ
2713 2793 2873 2863 δόξης
2903 2794 3194 2864 ἡττωμένη
3226 2794 3319 2846 καὶ
3348 2791 3600 2845 πλούτου.
3632 2789 3800 2858 Μόνῳ

2219 2888 2328 2957 γὰρ
2361 2887 2478 2956 Θεῷ
2509 2888 2607 2940 καὶ
2635 2889 2745 2948 τοῖς
2779 2886 2984 2938 ἐκείνου
3023 2887 3300 2955 προσεῖχε,
3337 2885 3429 2936 καὶ
3467 2883 3566 2952 τὴν
3604 2880 3796 2933 ἐπιθυ-

2226 2977 2354 3046 μίαν
2402 2977 2537 3048 πρὸς
2573 2978 2782 3029 ἐκεῖνον
2827 2977 2996 3028 ἔτεινε
3030 2976 3210 3045 μόνον,
3243 2976 3338 3029 καὶ
3369 2974 3548 3028 πάντα
3571 2971 3638 3025 τά
3671 2967 3797 3024 καθ⁹

533 3061 913 3118 remissionem
952 3079 1046 3132 per
1074 3079 1168 3120 eas
1196 3067 1522 3134 captandam
1547 3104 1563 3129 ,
1594 3081 1773 3137 neque
1800 3068 1972 3138 gloria
2009 3077 2104 3124 aut

2215 3069 2385 3140 αὐτὴν
2416 3069 2629 3123 ἐκείνου
2654 3071 2882 3141 γνώμην
2905 3069 3091 3123 διώκει
3125 3069 3210 3139 (ἰ),
3229 3111 3238 3116 ,.

531 3155 738 3210 divitiis
769 3155 1105 3212 vinceretur.
1145 3157 1255 3213 Soli
1292 3160 1436 3212 enim
1465 3159 1576 3213 Deo
1603 3161 1882 3230 rebusque
1935 3163 2134 3220 divinis
2185 3163 2512 3232 inhaerebat,
2567 3171 2622 3218 et
2676 3163 2743 3217 ad
2779 3178 2906 3218 eum
2943 3162 3118 3218 solum
3154 3160 3324 3215 animi
3359 3158 3442 3216 sui
3471 3155 3800 3214 extendebat

532 3246 892 3315 desiderium,
927 3265 1140 3320 suaque
1177 3252 1364 3306 omnia
1393 3253 1458 3308 ad
1495 3253 1640 3308 illius
1670 3254 1946 3325 dirigebat
1977 3255 2292 3313 arbitrium.

606 3338 658 3392 7.
705 3335 841 3392 Vera
877 3354 963 3394 me
988 3340 1190 3405 dicere,
1231 3342 1312 3396 vel
1343 3343 1468 3396 hinc
1507 3343 1737 3412 patebit,
1771 3345 1916 3414 quod
1952 3357 2106 3415 post-

531 3445 698 3498 quam
722 3441 942 3502 propter
969 3448 1161 3502 graves
1193 3434 1558 3489 Barbarorum
1592 3437 1853 3492 incursus
1877 3437 2108 3507 patriam

533 3525 828 3590 deserens,
880 3509 1256 3580 Macedoniam
1308 3526 1558 3581 habitare
1589 3528 1788 3597 coepit,
1830 3538 2114 3599 materque

532 3612 725 3668 eﬂ‘caa
763 3623 884 3679 cst,
915 3616 1336 3684 primogenilam
1370 3616 1579 3684 prolem
1601 3655 1616 3678 ,
1659 3615 1816 3686 juxta
1853 3616 2004 3671 Pauli
2038 3618 2114 3672 le-

431 3726 438 3732 -
535 3719 650 3772 ges,
680 3703 884 3760 dilecto
912 3705 1015 3759 sibi
1050 3705 1161 3760 Deo
1191 3707 1411 3771 obtulit,
1435 3718 1736 3777 sanctoque
1765 3709 1978 3777 piarum
2005 3710 2110 3762 vir~

535 3795 723 3864 ginum
761 3795 1126 3850 contubernio
1160 3797 1325 3850 titiam
1370 3797 1614 3852 tradidit.
1652 3797 1866 3852 Etenim
1904 3800 1948 3854 si
1983 3815 2112 3868 pos-

537 3885 846 3940 sessionum
888 3897 1096 3955 partem
1141 3889 1273 3942 dare
1305 3886 1528 3944 Nnmini
1597 3891 1775 3960 magni
1803 3901 1886 3945 est
1927 3892 2104 3945 meriti

535 3977 840 4047 animaeque
874 3978 1042 4032 Deum
1081 3979 1396 4050 diligentis;
1433 3983 1712 4050 quomodo
1751 3997 1857 4037 non
1893 3998 2110 4052 omnem

535 4069 712 4125 laudis
730 4071 982 4124 humanae
999 4085 1283 4126 excessum
1309 4075 1702 4128 transcendent
1727 4091 1935 4146 magna:
1954 4077 2113 4146 hujus

537 4173 740 4217 sancta:
763 4162 1038 4228 encomia,
1064 4179 1183 4234 quae
1207 4180 1316 4219 non
1351 4180 1576 4220 suarum
1610 4165 1955 4222 fortunarum
1982 4183 2111 4238 por-

539 4255 741 4310 tionem
773 4257 1013 4326 aliquam
1050 4257 1133 4310 vel
1164 4257 1347 4311 simile
1382 4257 1691 4326 quidpiam,
1729 4257 1824 4310 sed
1859 4259 2112 4326 proprio-

537 4359 658 4399 rum
687 4345 957 4399 viscerum
985 4344 1292 4414 genituram
1315 4347 1659 4400 consecravit
1690 4344 1836 4398 Deo?
1867 4343 1958 4398 Sic
1983 4359 2113 4413 ergo

541 4436 658 4500 uni,
695 4443 753 4488 ut
781 4437 919 4501 dixi,
947 4433 1058 4489 Deo
1090 4434 1358 4503 rebusque
1387 4435 1589 4490 divinis
1619 4435 1939 4499 inhaerebat,
1963 4445 2019 4490 et
2047 4437 2112 4490 ad

538 4541 662 4580 emn
687 4527 853 4579 animi
876 4525 961 4580 sui
983 4525 1309 4580 extendebat
1330 4525 1685 4592 desiderium,
1703 4541 1910 4596 suaque
1929 4527 2112 4580 omnia

2287 3348 2353 3413 ζ’.
2392 3347 2502 3402 Καὶ
2528 3346 2604 3410 ὡς
2634 3345 2809 3416 ἀληθῆ
2848 3345 3012 3413 λέγω,
3051 3343 3210 3415 δῆλον
3247 3343 3490 3397 ἐκεῖθενο
3527 3341 3648 3394 ἐπεὶ
3686 3340 3798 3409 γάρ

2214 3441 2312 3509 τῆς
2345 3438 2604 3510 πατρίδος
2643 3437 3024 3500 ἀπαναστᾶσα,
3057 3437 3166 3489 τών
3207 3436 3509 3506 Βαρϐάρων
3549 3430 3794 3502 σφοδρῶς

2215 3529 2648 3598 ἐπιτιθεμένων,
2695 3528 2795 3599 τὴν
2850 3526 3190 3582 Μακεδονίαν
3242 3525 3397 3596 ᾤκει,
3453 3527 3548 3578 καὶ
3605 3524 3794 3593 μήτηρ

2215 3621 2467 3689 ἐγένετο,
2530 3620 2591 3673 τὸ
2649 3621 2842 3689 πρῶτα
2902 3618 3134 3688 τεχθὲν,
3199 3617 3342 3670 κατὰ
3395 3617 3525 3679 τοὺς
3578 3612 3794 3667 Παύλου

2216 3711 2472 3781 θεσμοὺς,
2512 3710 2648 3782 πρὸς
2678 3711 2769 3764 τὸν
2812 3709 3147 3778 ποθούμενον
3180 3707 3304 3775 ἄγει
3345 3707 3498 3781 Θεὸν,
3539 3706 3633 3757 καὶ
3669 3703 3793 3774 ἱερᾷ

2218 3801 2466 3872 συνοικίᾳ
2489 3801 2775 3872 παρθένων
2799 3802 2971 3869 ἀγίων
2996 3801 3240 3870 φέρουσα
3260 3799 3351 3852 τὸν
3374 3797 3538 3851 παῖδα
3553 3795 3788 3850 δίδωσιν.

2220 3894 2278 3944 Εἰ
2310 3891 2491 3944 τοίνυν
2522 3891 2584 3944 τὸ
2619 3895 2916 3962 κτημάτων
2945 3892 3244 3959 ἀπονεῖμαι
3284 3891 3482 3959 μοῖραν
3510 3885 3629 3957 Θεῷ
3661 3885 3791 3938 πολ-

2215 3983 2309 4036 λοῦ
2357 4000 2500 4046 τινος
2539 3983 2689 4050 ἄξιον
2731 3984 2827 4036 καὶ
2871 3982 3226 4050 θεοφιλούσης
3275 3980 3360 4049 εῐη
3412 3979 3625 4048 ψυχῆς·
3676 3976 3794 4038 πῶς

2215 4076 2339 4147 οὐχὶ
2387 4078 2570 4131 πᾶσαν
2615 4075 2852 4129 ἐπαίνων
2890 4073 3199 4146 ὑπερϐολὴν
3239 4072 3557 4143 ὑπερϐαίνει
3593 4071 3662 4124 τά
3692 4069 3796 4138 τῆς

2217 4165 2485 4236 μεγάλης,
2506 4165 2566 4218 οὐ
2589 4164 2884 4235 κτημάτων
2903 4162 3102 4235 μοῖραν
3123 4161 3230 4216 οὐδ’
3251 4161 3379 4216 ἄλλο
3407 4177 3460 4213 τι
3480 4160 3591 4214 τῶν
3617 4159 3794 4213 τοιοῦ-

2215 4277 2341 4320 των,
2393 4257 2529 4312 ἀλλὰ
2574 4257 2635 4310 τὸ
2683 4257 2939 4328 μέγιστον
2989 4257 3230 4320 πάντων,
3275 4257 3376 4316 τὰς
3415 4253 3524 4306 τῶν
3573 4253 3791 4306 οἰκείων

2218 4350 2540 4421 σπλάγχνων
2580 4350 2741 4417 γονὰς
2785 4347 3240 4419 προσαγαγούσης
3272 4345 3428 4416 Θεῷ;
3465 4343 3681 4408 Οὕτως,
3716 4343 3792 4405 ὡς

2216 4443 2371 4514 ἔφην,
2408 4443 2552 4514 μόνῳ
2582 4442 2700 4512 Θεῷ
2742 4443 2834 4494 καὶ
2864 4444 2978 4505 τοῖς
3008 4441 3216 4494 ἐκείνου
3251 4441 3529 4510 προσεῖχε,
3560 4437 3658 4491 καὶ
3694 4435 3792 4506 τὴν

2219 4533 2517 4605 ἐπιθυμίαν
2551 4533 2686 4604 πρὸς
2727 4535 2931 4586 ἐκεῖνον
2964 4533 3134 4585 ἔτεινε
3173 4532 3354 4600 μόνον,
3384 4531 3480 4585 καὶ
3511 4532 3688 4582 πάντα
3724 4529 3791 4580 τὰ

541 4617 608 4670 ad
647 4617 793 4670 illius
819 4616 1092 4687 dirigebat
1123 4616 1446 4683 arbitrium;
1487 4616 1567 4671 sic
1634 4616 1955 4672 honorabilc
1983 4634 2109 4672 san-

2220 4625 2343 4680 καθ’
2383 4623 2551 4693 αὐτὴν
2581 4623 2725 4678 κατά
2753 4624 2853 4693 τὴν
2887 4623 3100 4676 ἐκείνου
3130 4621 3355 4694 γνώμην
3385 4621 3593 4676 διώκει.
3635 4616 3793 4672 Οὕτω

550 4715 819 4776 etumque
849 4708 1163 4778 conjugium
1195 4715 1249 4761 et
1274 4717 1450 4762 torum
1479 4707 1890 4763 immaculatum
1917 4724 2109 4764 secun-

2216 4715 2397 4784 τίμιον
2421 4714 2515 4768 καὶ
2546 4713 2701 4781 ἆγιον
2727 4715 2824 4766 καὶ
2847 4715 3112 4783 ἀμίαντον
3138 4713 3282 4766 κατά
3303 4713 3402 4783 τὴν
3432 4711 3646 4766 Παύλου
3676 4725 3792 4775 φωρ

539 4800 669 4851 dum
695 4796 845 4853 Pauli
900 4813 1086 4855 vocem
1127 4799 1397 4865 exhibuit,
1435 4815 1670 4872 eumque
1692 4810 1867 4857 totum
1896 4801 2004 4857 Deo
2029 4818 2117 4856 re-

543 4889 800 4944 servavit.

2218 4805 2316 4874 νὴν
2363 4805 2455 4857 τὸν
2505 4803 2684 4873 γάμον
2733 4802 3025 4869 ἀνέδειξεν,
3070 4803 3189 4856 ὅλον
3231 4802 3488 4868 καθάπαξ
3531 4799 3792 4856 ἀναθεῖσα

2217 4893 2358 4965 Θεῷ.

1976 5053 2206 5110 CAPUT
2245 5053 2308 5108 ll.

1539 5173 1660 5229 Vita
1693 5175 1985 5230 monastica
2004 5187 2052 5230 et
2087 5178 2311 5233 virtutes
2339 5177 2396 5234 S.
2441 5176 2752 5232 Theodorus.

612 5292 666 5345 8.
706 5289 997 5354 Postquam
1048 5299 1225 5345 autem
1274 5290 1356 5344 vir
1403 5288 1522 5356 ejus
1571 5305 1600 5344 e
1646 5289 1784 5343 vivis
1838 5291 2108 5360 excessit,

541 5383 729 5441 statim
767 5381 856 5436 illa
891 5397 998 5435 non
1041 5381 1152 5450 jam
1202 5381 1367 5435 ﬁliam
1403 5396 1589 5444 suam,
1639 5396 1747 5434 non
1788 5392 2108 5437 extraneum

547 5474 786 5544 aliquid,
819 5473 913 5528 sed
957 5472 1310 5541 semetipsam
1355 5471 1557 5525 obtulit
1591 5471 1723 5537 Deo,
1758 5472 1993 5526 hostiam
2032 5475 2112 5527 vi-

616 5615 676 5686 (ἱ)
716 5615 871 5686 Addit
905 5629 1009 5666 ms.
1035 5614 1127 5666 καὶ
1160 5613 1296 5674 ὅλως
1323 5611 1535 5686 ἐκεῖθεν
1563 5612 1630 5665 τὰ
1666 5612 1764 5686 τῆς
1811 5613 2112 5686 σωτηρείας

543 5683 1072 5754 ιξῆπιεπάσμασα,
1106 5697 1224 5754 quae
1243 5683 1584 5754 nequivimus
1613 5683 1680 5736 ad
1715 5699 1904 5740 sanum
1942 5684 2109 5738 ullum

541 5751 761 5812 setiam)
796 5753 1086 5821 adducere,
1116 5752 1345 5823 ideoque
1375 5751 1680 5807 omisimus.

2294 5300 2361 5361 η’.
2403 5291 2526 5348 Εῐεν
2555 5293 2725 5347 ταῦτα
2761 5295 2860 5363 μέν
2891 5293 2954 5362 δὴ
2986 5293 3209 5348 τοιαῦτα
3243 5289 3340 5362 (It).
3369 5289 3478 5343 Τοῦ
3509 5287 3568 5341 δὲ
3602 5285 3792 5356 ἀνδρὸς

2219 5385 2541 5446 ἀπελθόντος
2573 5385 2630 5452 ἐξ
2659 5384 2982 5451 ἀνθρώπων,
3013 5385 3176 5448 εὐθὺς
3205 5383 3386 5454 ἐκείνη
3409 5382 3592 5434 οὐκέτι
3621 5379 3790 5432 παῖδα

2221 5476 2329 5529 οὐδ’
2364 5477 2494 5530 ἄλλο
2523 5493 2576 5529 τι
2605 5476 2713 5530 τῶν
2745 5475 2968 5543 ἔξωθεν,
3005 5475 3120 5530 ἀλλ’
3154 5474 3354 5544 ἑαυτὴν
3386 5473 3580 5526 θυσίαν
3611 5470 3792 5535 ζῶσαν

2292 5616 2364 5683 (k)
2406 5617 2471 5671 Et
2521 5617 2635 5671 haec
2665 5616 2881 5686 quidem
2921 5616 3045 5669 talia
3097 5615 3320 5686 fuerint.
3355 5611 3452 5686 Est
3505 5611 3646 5666 cnim
3677 5602 3792 5661 εἶεν

2221 5688 2484 5756 particula
2519 5683 2839 5758 permissiva
2871 5696 2925 5742 ct
2951 5687 3016 5741 ad
3040 5685 3142 5740 alia
3174 5683 3499 5740 festinantis.
