4196 6308
371 274 474 339 ’πει

1601 281 1777 338 VlTA
1821 283 1882 340 S'.
1911 283 2014 341 ΤΗ
2025 284 2365 346 ΕΟΒΟΒΕ.

3518 287 3624 353 72

370 393 660 466 προσάγει,
704 390 886 458 ἀγίαν,
938 390 1252 458 εὐάρεστον,
1285 393 1318 460 ἡ
1375 394 1469 444 καὶ
1504 392 1739 463 πρόσθεν
1790 394 1942 448 οὐδὲν

2058 407 2294 462 ventem,
2337 406 2586 452 sanctam
2612 439 2626 458 .
2671 398 2807 452 bene
2837 399 3141 468 placentem
3171 401 3511 473 (quanquam
3548 405 3624 459 nil

370 482 533 558 ἦττον
571 482 834 553 ἀνειμένη
865 482 1004 552 Θεῷ,
1051 483 1143 536 καὶ
1178 483 1314 552 μετὰ
1356 485 1455 553 τῆς
1494 485 1681 549 παιδὸς
1714 486 1946 554 γίνεται,

371 580 469 634 καὶ
509 577 671 648 τρίχα
717 577 928 646 τέμνει,
967 578 1060 630 καὶ
1097 575 1166 630 τὰ
1200 577 1300 646 τῆς
1331 576 1477 632 θείας
1513 579 1830 647 φιλοσοφίας
1859 579 1949 633 διὰ

371 674 593 726 πάντων
632 669 900 730 τελεῖται,
954 668 1219 739 χαίρουσα
1281 671 1381 739 μὲν
1430 672 1525 724 καὶ
1573 670 1948 742 συγχαίρουσα

376 764 546 832 ἐαυτῇ
580 763 677 830 τῆς
709 759 838 830 περὶ
863 759 1040 812 πάντα
1061 760 1128 812 τὰ
1157 759 1420 813 κάλλιστα
1451 760 1762 829 εὑδρομίας,
1786 759 1864 829 τῷ
1892 761 1951 815 δὲ

375 852 496 922 Θεῷ
531 853 690 921 χάριν
729 850 900 903 εἰδυῖα
931 851 1030 918 τῆς
1069 850 1395 920 θαυμαστῆς
1444 854 1680 921 ταυτησὶ
1715 851 1951 922 κηδεμο-

374 945 527 1006 νίας,
561 943 627 1013 ἦν
658 941 784 1010 περῖ¹
819 941 989 1008 αὑτὴν
1023 942 1454 1013 μεγαλοπρεπῶς
1493 942 1828 1009 ἐπεδείξατο,
1867 937 1946 998 ὧν

373 1036 432 1101 ἐξ
484 1035 656 1104 ἀρχῆς
711 1033 839 1103 ἦρα,
901 1035 993 1086 καὶ
1046 1032 1115 1086 δι’
1168 1033 1334 1103 εὑχῆς
1385 1035 1637 1097 ἐποιεῖτο,
1679 1037 1772 1087 καὶ
1823 1035 1952 1106 περὶ

373 1127 618 1189 πλείονος
645 1123 750 1197 ἦγε
771 1127 877 1180 τῶν
911 1127 1186 1190 ἁπάντων,
1216 1127 1422 1181 τούτων
1451 1127 1746 1181 ἀπολαύειν
1775 1145 1955 1200 παρα-

375 1221 670 1282 σκευάσας.
729 1219 791 1273 Ἦ
843 1220 940 1288 μὲν
997 1218 1088 1272 οὑν
1153 1220 1520 1288 ὑπογενναίως
1565 1221 1952 1290 ἀποδυσαμένη

377 1312 511 1380 πρὸς,
540 1310 666 1373 τοὺς
701 1311 845 1363 κατά
875 1309 1192 1378 φιλοσοφίαν
1228 1309 1466 1378 ἀγῶνας,
1499 1313 1593 1364 καὶ
1619 1311 1788 1373 οὑτως
1820 1313 1949 1364 ἐαυ-

375 1404 475 1472 τὴν
510 1401 1073 1472 παρασκευασαμένη,
1106 1401 1180 1464 ὡς
1221 1403 1318 1470 οὑχ
1342 1404 1476 1457 ,ὅσον
1504 1403 1642 1472 πρὸς
1680 1396 1821 1472 αἷμα
1861 1404 1953 1455 καὶ

381 1492 577 1560 σάρκα,
617 1491 755 1545 ἀλλὰ
787 1493 879 1545 καὶ
909 1491 1045 1562 πρὸς
1071 1491 1246 1562 ἀρχὰς
1287 1493 1378 1544 καὶ
1405 1493 1539 1563 πρὸς
1579 1492 1831 1558 ἐξουσίας
1862 1496 1956 1547 ἀν-

375 1583 799 1650 ταγωνίσασθαι.
846 1584 929 1651 ἐφ’
967 1581 1109 1635 οὑτω
1152 1599 1232 1634 τοι
1270 1583 1476 1652 προέϐη
1511 1583 1608 1652 τῆς
1639 1583 1827 1655 τύχης,
1860 1586 1954 1638 καὶ

375 1671 524 1727 οὑτω
554 1673 630 1743 τῷ
663 1673 770 1725 τῶν
808 1673 1033 1739 ἀγώνων
1067 1672 1338 1743 ὑπερφυεῖ
1374 1673 1580 1736 πάντας
1620 1675 1912 1744 ἐξέπληξεν
1934 1717 1948 1740 ,

378 1769 474 1821 καὶ
505 1766 640 1834 πρὸς
685 1764 936 1818 τοσοῦτον
971 1765 1144 1836 ἧγαγε
1180 1765 1475 1834 Θαὺματος,
1510 1765 1651 1819 ὥστε
1687 1767 1833 1833 ἔδοξε
1867 1785 1953 1836 μι-

377 1854 515 1924 κροῦ
563 1858 656 1910 καλ⁸
693 1857 784 1908 τὸν
830 1856 1115 1926 ἄνθρωπον
1165 1856 1535 1926 ὑπερϐαίνειν.
1587 1859 1810 1928 Πρῶτον
1858 1862 1958 1929 μὲν

377 1949 472 2004 οὖν
495 1949 990 2020 ταπεινοφροσύνην
1016 1951 1110 2005 καὶ
1127 1951 1348 2022 ἀγάπην
1368 1951 1570 2022 (διώκει
1589 1950 1703 2023 [1]),
1724 1951 1824 2016 τὰς
1849 1953 1957 2005 τῶν

379 2041 598 2108 ἀγαθῶν
630 2041 846 2095 πάντων
877 2040 1054 2104 αἰτίας
1077 2058 1089 2071 ·
1120 2042 1186 2105 ἃς
1217 2043 1445 2114 ἐπείπερ
1478 2045 1538 2097 οὑ
1579 2044 1738 2114 μόνον
1767 2045 1958 2098 πασῶν

380 2135 782 2204 ὑπερκειμένας
827 2133 1008 2203 ἑώρα,
1041 2133 1176 2188 ἀλλὰ
1221 2137 1317 2188 καὶ
1354 2136 1626 2205 κρηπῖδας
1662 2137 1960 2206 συμπάσης

377 2227 611 2294 ταυτησὶ
640 2225 740 2295 τῆς
772 2223 921 2287 θείας
955 2225 1295 2295 φιλοσοφίας,
1329 2226 1488 2280 τοῦτο
1527 2228 1623 2297 μὲν
1653 2227 1763 2280 τῶν
1797 2227 1958 2280 θείων

380 2316 770 2386 ἐπιταγμάτων
803 2317 1260 2386 νομοθετούντων,
1294 2319 1452 2372 τοῦτο
1481 2320 1537 2372 δὲ
1569 2321 1662 2373 καὶ
1691 2319 1829 2390 πρὸς
1862 2319 1959 2372 αὑ-

379 2405 481 2474 τῆς
509 2407 646 2474 αὐτῇ
676 2405 830 2457 τοῦτο
864 2406 1172 2468 πεισθεῖσα,
1205 2406 1281 2470 ώς
1316 2406 1406 2478 ἄρ’
1439 2408 1538 2461 οὑκ
1570 2407 1717 2463 ἔστιν
1757 2409 1962 2462 οἰκοδο-

385 2500 510 2567 μεῖν
539 2499 613 2568 μὴ
643 2497 750 2550 τῶν
772 2498 1056 2570 κρηπίδων
1087 2499 1490 2569 ὑποκειμένων.

453 2591 520 2644 θ’.
565 2589 716 2641 Ἐπεὶ
758 2591 936 2644 τοίνυν
967 2590 1173 2655 ταύτας
1218 2591 1362 2645 οὑτω
1399 2593 1663 2661 μεγίστας
1701 2592 1793 2644 καὶ
1825 2590 1958 2644 πολ-

380 2682 474 2735 λοῦ
504 2699 646 2742 τινος
673 2682 828 2746 ἀξίας
859 2682 1026 2754 ἐώρα,
1057 2682 1228 2754 οὑτως
1259 2684 1554 2754 ὑπερφυῶς
1586 2683 1816 2737 ὑπέθετο
1847 2683 1958 2736 τῶν

379 2775 608 2844 ἀγώνων
638 2775 733 2828 καὶ
771 2774 914 2828 οὑτω
940 2753 1310 2846 Ϋκατώρθώκεν
1331 2817 1344 2840 ,
1372 2753 1454 2838 id);
1489 2776 1656 2843 μηδὲν
1692 2775 1959 2828 ἐλλείπειν

381 2874 488 2926 τῶν
535 2867 856 2942 γινομένων.
902 2870 1012 2922 Καὶ
1059 2871 1277 2936 πρῶτον
1323 2870 1422 2938 μὲν
1457 2868 1550 2922 οὑν
1586 2870 1647 2920 τὸ
1701 2866 1957 2938 τοιαύτην

383 2964 548 3018 οὖσαν
581 2965 676 3016 καὶ
707 2962 852 3016 οὑτω
885 2963 1022 3015 πᾶσι
1055 2963 1168 3024 τοῖς
1201 2960 1508 3023 καλλίστοις
1548 2960 1958 3030 σεμνυνομένην

2054 483 2236 538 minus
2268 493 2424 539 antea
2451 485 2766 554 obtulerat),
2800 487 3028 555 filiaeque
3061 502 3121 542 se
3154 489 3416 558 jungens,
3448 503 3503 547 et
3535 509 3630 547 co-

2053 591 2196 629 mam
2230 577 2514 646 deponens
2538 617 2553 641 ,
2599 586 2767 632 totam
2801 593 2924 634 sese
2953 579 3152 635 divina:
3197 580 3417 637 tradidit
3452 585 3631 652 philo-

2052 668 2279 736 sophiae,
2314 668 2561 736 gaudens
2591 670 2814 738 quidem
2850 670 3067 738 sibique
3111 673 3393 740 gratulans
3424 675 3490 727 de
3517 684 3626 728 tam

2053 758 2194 814 felici
2225 760 2290 814 ad
2317 776 2550 831 quaeque
2577 763 2944 830 pulcherrima
2978 777 3142 816 cursu
3168 803 3184 828 ,
3222 762 3331 818 Deo
3359 779 3487 820 vero
3508 782 3633 836 gra-

2056 851 2160 906 tias
2187 867 2386 920 agens,
2425 869 2523 922 pro
2558 864 2668 910 tam
2712 856 3025 912 admirabili
3069 860 3435 928 providentia,
3467 875 3630 929 quam

2053 959 2178 1012 erga
2211 943 2382 1014 ipSam
2427 947 2711 1015 magnifice
2754 949 3208 1017 demonstraret,
3255 951 3322 1007 iis
3354 950 3462 1006 frui
3500 967 3636 1006 con-

2055 1037 2287 1103 cedens,
2323 1053 2443 1106 quae
2467 1055 2496 1094 a
2531 1040 2804 1110 principio
2835 1053 3156 1108 amaverat,
3191 1051 3246 1097 et
3277 1043 3329 1097 in
3366 1043 3506 1097 votis
3540 1045 3636 1096 Im-

2056 1129 2282 1192 buerat,
2326 1143 2490 1199 atque
2527 1132 2694 1187 rebus
2734 1133 2991 1188 omnibus
3032 1134 3158 1188 aliis
3193 1134 3366 1203 pluris
3406 1133 3635 1188 fecerat.

2057 1217 2148 1275 Sic
2179 1221 2343 1290 igitur
2370 1222 2557 1277 animo
2587 1231 2925 1292 comparata,
2959 1233 3123 1293 atque
3153 1239 3357 1294 agones
3393 1225 3636 1292 philosoo

2056 1314 2248 1384 pbicos
2284 1314 2555 1382 ingressa,
2587 1329 2694 1368 non
2733 1325 2991 1386 tanquam
3030 1315 3296 1370 adversus
3326 1330 3546 1369 carnem
3581 1326 3638 1368 et

2055 1407 2420 1474 sanguinem,
2470 1407 2567 1462 sed
2613 1407 2879 1462 adversus
2929 1408 3206 1478 principes
3244 1415 3300 1462 et
3339 1417 3638 1477 potesmtes

2057 1497 2406 1551 tenebrarum
2441 1497 2634 1552 harum
2674 1508 2992 1565 certatura,
3034 1514 3160 1552 eum
3197 1498 3387 1552 habuit
3418 1512 3639 1553 succes-

2057 1601 2203 1654 sum,
2231 1598 2288 1642 et
2316 1588 2397 1644 sic
2436 1589 2652 1644 labores
2681 1590 2998 1658 superavit,
3037 1599 3096 1644 ut
3133 1603 3326 1643 omnes
3362 1588 3417 1642 in
3446 1596 3639 1656 stupo-

2056 1695 2168 1734 rem
2219 1691 2454 1735 verteret
2506 1681 3078 1750 admirationemque,
3128 1680 3280 1735 velut
3329 1695 3453 1749 qua:
3501 1695 3640 1749 pene

2059 1773 2296 1828 hominis
2319 1774 2689 1829 conditionem
2719 1785 2866 1829 esset
2899 1789 3277 1843 supergressa.
3305 1773 3371 1826 Et
3395 1774 3634 1842 primum

2058 1865 2278 1934 quidem
2310 1866 2672 1922 humilitatem
2701 1879 2862 1935 atque
2893 1867 3266 1930 dilectionem,
3303 1866 3444 1920 velut
3467 1867 3638 1921 bonoo

2060 1973 2182 2012 rum
2229 1960 2476 2014 omnium
2523 1961 2930 2016 consiliatrices
2981 1968 3190 2015 sectata
3219 1965 3343 2025 est;
3389 1973 3530 2028 quas
3561 1956 3640 2010 vi.-

2059 2050 2225 2105 debat
2251 2067 2357 2105 non
2390 2053 2568 2106 solum
2599 2053 2811 2106 CllllCllS
2839 2067 2961 2107 esse
2992 2053 3427 2122 praestantiores,
3460 2052 3554 2105 sed
3587 2058 3642 2104 et

2061 2144 2419 2199 fundamenta
2455 2147 2624 2199 totius
2662 2145 2823 2213 hujus
2858 2145 3058 2199 divinae
3090 2143 3489 2213 philosophiae:
3525 2151 3641 2195 tum

2060 2233 2190 2302 quia
2220 2233 2301 2288 sic
2332 2231 2426 2288 Dei
2461 2234 2718 2288 mandata
2760 2234 3171 2302 praecipiebant,
3203 2243 3316 2288 tum
3345 2247 3474 2302 quia
3515 2247 3641 2300 per-

2062 2342 2225 2383 suasa
2251 2336 2369 2383 erat
2389 2328 2494 2385 sibi
2523 2331 2820 2385 ennvenire
2839 2329 3062 2384 nonnisi
3087 2327 3460 2384 fundamentis
3479 2328 3642 2399 jactis

2059 2421 2357 2477 aedificare.

2131 2593 2185 2647 9.
2222 2592 2332 2647 llas
2363 2607 2493 2664 ergo
2529 2592 2796 2648 maximas
2826 2591 3102 2662 longeque
3141 2590 3496 2660 dignissimas
3525 2590 3640 2644 vir-

2062 2692 2209 2739 tutes
2235 2700 2358 2740 esse
2386 2683 2768 2747 considerans,
2797 2683 2935 2738 adeo
2968 2697 3231 2752 generose
3257 2682 3462 2738 subivit
3489 2681 3642 2735 labo-

2063 2793 2149 2830 res
2184 2775 2624 2840 exercitationis,
2663 2775 2910 2844 adquue
2949 2785 3097 2830 recte
3131 2775 3276 2845 egit,
3310 2784 3369 2829 ut
3400 2774 3454 2828 in
3492 2773 3640 2827 nulla

2061 2884 2286 2924 suarum
2319 2870 2600 2923 actionum
2633 2868 2914 2923 deficeret.
2955 2866 3088 2922 Nam
3133 2883 3256 2922 cum
3298 2868 3422 2923 talis
3459 2877 3642 2922 tanta-

2053 2976 2165 3032 que
2193 2971 2357 3026 esset,
2385 2969 2439 3016 et
2471 2962 2684 3016 cunctis
2710 2961 3047 3015 ornamentis
3105 2975 3281 3030 usque
3313 2963 3450 3015 adeo
3478 2961 3642 3016 deco-

382 3057 478 3110 xal.
510 3056 718 3107 συνέσει
749 3053 842 3108 καὶ
870 3054 1120 3124 ἀγχινοίᾳ
1154 3053 1306 3124 παρά
1335 3051 1521 3105 πασῶν
1552 3053 1858 3122 φερομένην
1894 3052 1955 3104 τὸ

2063 3062 2202 3117 rata,
2235 3053 2572 3123 praecelleret
2595 3069 2788 3108 onmes
2818 3053 3022 3123 ingenii
3055 3053 3446 3124 perspicuitate
3473 3065 3641 3124 atque

383 3147 605 3218 κράτος,
639 3147 808 3199 ἔπειθ’
849 3145 938 3213 ὑφ’
969 3144 1131 3216 ἑτέρᾳ
1152 3145 1365 3198 τάττειν
1390 3143 1630 3210 ἑλέσθαι,
1658 3144 1752 3197 καὶ
1781 3143 1958 3217 ταύτῃ

385 3242 524 3310 μόνη
571 3239 637 3291 τὰ
689 3239 786 3308 τῆς
841 3237 1113 3306 σωτηρίας
1166 3237 1464 3290 πιστεύειν.
1511 3235 1679 3304 Δῆλον
1733 3235 1760 3289 δ
1819 3236 1962 3302 λέγω

381 3333 531 3385 ποιεῖ
557 3350 571 3364 ο
597 3329 788 3384 ἔπειτα
827 3331 886 3381 τὸ
917 3331 1027 3390 τοῖς
1058 3328 1320 3396 νεύμασιν
1349 3327 1560 3396 ἐκείνης
1590 3326 1961 3380 ἀκολουθοῦσα

386 3424 520 3495 μηδὲ
558 3424 666 3476 τῶν
728 3419 1125 3473 εὐτελεστάτων
1162 3418 1338 3489 ἔργων
1363 3418 1689 3489 ἀπέχεσθαι,
1712 3419 1848 3472 ἀλλὰ
1875 3436 1962 3472 το.

384 3519 575 3571 σοὺτον
611 3518 705 3570 καὶ
748 3515 956 3574 τούτοις
1001 3511 1310 3582 προσέχειν,
1355 3512 1477 3563 ὅσον
1510 3512 1686 3574 οὐδεὶς
1737 3514 1850 3574 τοῖς
1884 3513 1960 3576 ώς

381 3608 587 3679 ἑτέρως
618 3609 800 3678 έχουσι
823 3626 835 3640 ·
869 3609 965 3662 καὶ
995 3609 1072 3679 μὴ
1106 3609 1265 3678 μόνον
1293 3610 1371 3672 εἰς
1399 3609 1609 3680 ἀγοράν
1643 3609 1958 3679 ἐμὸάλλειν,

383 3706 480 3760 καί⁵
507 3703 843 3758 διατίθεσθαι
867 3741 883 3767 ,
911 3705 1006 3756 καὶ
1031 3701 1288 3755 ὠνεῖσθαι
1319 3694 1394 3756 ὧν
1425 3701 1531 3755 ἔδει
1573 3704 1638 3773 τῇ
1675 3702 1919 3772 συνοικίᾳ
1941 3741 1956 3767 ,

385 3796 522 3849 ἀλλά
553 3797 646 3850 καὶ
680 3795 843 3866 ἄχθος
875 3796 1063 3865 φέρειν
1093 3792 1426 3863 δεῆσαν,καῖ⁵
1455 3791 1568 3860 πῦρ
1597 3791 1956 3855 ἀναπάλλειν,

383 3889 483 3942 καὶ
503 3888 707 3958 χύτραν
737 3887 910 3957 ἕψειν,
937 3887 1032 3940 καὶ
1052 3887 1189 3946 ὅλως
1215 3885 1283 3938 τὰ
1305 3885 1478 3938 πάντα
1509 3885 1766 3952 πράττειν
1789 3883 1827 3937 ἃ.
1848 3885 1959 3946 τοῖς

384 3979 786 4042 εὐτελεστάτοις
831 3981 1062 4047 ἐφεῖται.
1111 3975 1322 4029 Ἐπειτ’
1346 3974 1439 4027 ἐπὶ
1479 3975 1610 4027 πᾶσι
1649 3974 1859 4034 τούτοις
1885 3975 1959 4043 μὴ

387 4072 552 4141 μόνον
585 4071 645 4123 τὸ
681 4071 848 4140 μηδὲν
883 4071 1084 4139 ἑαυτὴν
1110 4067 1385 4138 ἡγεῖσθαι,
1413 4065 1548 4119 ἀλλὰ
1577 4067 1670 4118 καὶ
1702 4065 1961 4135 σκώληκα

385 4164 482 4215 καὶ
510 4161 708 4224 ὄνειδος
732 4160 1034 4231 ἀνθρώπων
1051 4159 1143 4214 καὶ
1163 4161 1230 4212 τὰ
1254 4159 1480 4213 τοιαῦτα
1504 4160 1958 4228 προσαγορεύειν,

393 4255 507 4316 πῶς
523 4256 581 4307 οὑ
601 4251 1101 4324 ταπεινοφροσύνης
1131 4253 1375 4321 μείζονος
1407 4252 1440 4324 ἢ
1470 4252 1957 4321 παραϐάλλεσθαι;

385 4345 464 4398 "H
485 4361 568 4411 γε,
597 4343 696 4412 τῆς
727 4344 926 4415 ἀρετῆς
954 4345 1398 4413 προκαλουμένης
1426 4344 1518 4395 ἐπὶ
1545 4344 1623 4412 τῷ
1651 4344 1742 4395 καὶ
1758 4343 1957 4414 ἐτέρων

2061 3149 2398 3217 capacitate;
2442 3147 2544 3201 sibi
2593 3146 2695 3216 ipsi
2743 3138 3030 3215 persuasit
3065 3147 3227 3202 alteri
3281 3162 3404 3202 sese
3448 3157 3642 3214 sponte

2059 3240 2353 3308 subjicere,
2385 3242 2545 3308 eique
2576 3239 2678 3293 soli
2709 3237 2935 3292 credere
2970 3238 3204 3293 salutem
3244 3253 3425 3294 suam.
3457 3238 3642 3304 Quare

2061 3341 2113 3384 et
2137 3331 2399 3385 minimos
2431 3329 2703 3399 magistrae
2732 3337 2902 3384 nutus
2929 3329 3278 3391 observabat,
3305 3339 3360 3383 et
3387 3345 3456 3384 ne
3489 3330 3644 3384 vilis-

2062 3423 2201 3476 sima
2231 3422 2450 3492 quidem
2478 3435 2642 3491 opera
2668 3419 3144 3490 subterfugiebat;
3177 3417 3270 3474 sed
3306 3418 3392 3473 bis
3421 3432 3643 3488 quoque

2062 3525 2274 3570 tantum
2304 3514 2664 3582 afficiebatur,
2699 3523 2965 3584 quantum
3003 3511 3146 3566 alius
3184 3524 3349 3564 nemo
3377 3509 3642 3580 digniori-

2060 3606 2168 3662 bus
2194 3625 2208 3662 :
2244 3621 2420 3676 neque
2450 3606 2626 3662 solum
2667 3621 2776 3660 non
2812 3603 3212 3675 dedignabatur
3243 3601 3309 3655 ad
3340 3597 3518 3655 forum
3549 3600 3644 3654 de-

2063 3697 2228 3760 ferre,
2271 3698 2353 3751 vel
2389 3711 2591 3751 venum
2628 3710 2940 3764 exponere,
2979 3703 3076 3749 aut
3111 3706 3294 3749 emere
3339 3705 3402 3746 ea
3442 3689 3642 3760 quibus

2059 3794 2206 3842 esset
2249 3800 2388 3855 opus
2435 3784 2816 3840 communitati
2850 3824 2865 3847 ,
2917 3784 3013 3838 sed
3059 3797 3237 3852 neque
3283 3781 3430 3851 ligna
3475 3779 3639 3844 ferre,

2062 3874 2244 3930 focum
2284 3884 2529 3941 struere,
2572 3875 2724 3930 cibos
2756 3888 3015 3944 coquere,
3050 3883 3143 3928 aut
3177 3871 3384 3942 aliquid
3418 3871 3642 3925 omnino

2061 3981 2249 4020 eorum
2280 3965 2479 4028 facere,
2517 3983 2638 4036 quae
2675 3968 2863 4020 infimo
2895 3965 3096 4034 cuique
3143 3973 3368 4032 possent
3407 3961 3637 4030 imponi.

2062 4058 2142 4114 Ad
2172 4060 2284 4113 haec
2309 4074 2432 4127 qua:
2455 4075 2563 4112 non
2587 4068 2795 4113 tantum
2819 4058 3054 4125 seipsam
3081 4056 3312 4110 faciebat
3337 4053 3516 4115 nihili,
3545 4053 3639 4106 sed

2063 4164 2300 4203 vermem
2331 4158 2495 4219 atque
2520 4148 2871 4218 opprobrium
2897 4147 3180 4202 hominum
3209 4145 3425 4214 aliaque
3450 4144 3643 4213 hujus.

2067 4242 2214 4297 modi
2244 4241 2550 4312 appellabat
2578 4255 2720 4306 sese,
2751 4238 3028 4310 quomodo
3059 4251 3164 4291 non
3191 4239 3496 4291 mstlmetur
3523 4251 3641 4288 ma-

2062 4335 2196 4406 joris
2227 4333 2398 4390 fuisse
2429 4332 2775 4396 humilitatis,
2799 4347 2960 4402 quam
2988 4330 3076 4386 cui
3107 4331 3282 4400 possit
3302 4329 3640 4398 comparatio

386 4439 478 4488 ἐπὶ
509 4436 796 4506 φιλοσοφίᾳ
825 4438 1170 4505 προστατεῖν,
1195 4436 1293 4488 καὶ
1323 4436 1542 4488 πάντων
1568 4436 1648 4497 είς
1672 4434 1830 4488 τοῦτο
1859 4453 1960 4489 πα-

2063 4427 2224 4495 digna
2266 4424 2540 4479 inveniri?
2579 4423 2781 4478 Eadem
2834 4439 2964 4478 vero
3012 4438 3136 4478 cum
3189 4423 3406 4476 virtutis
3449 4424 3640 4474 inerito

387 4526 789 4598 ρακαλοὺντων,
833 4526 938 4579 οὐδ’
972 4524 1160 4596 ἄκροις
1204 4525 1308 4579 ὠσὶ
1350 4526 1411 4578 τὸ
1444 4527 1677 4596 πρᾶγμα
1706 4527 1958 4592 ἐδέξατο,

387 4618 530 4688 ὑπὲρ
559 4616 752 4686 ἑαυτὴν
781 4612 918 4671 εἶναι
945 4617 1211 4686 νομίσασα
1229 4632 1244 4648 ο
1275 4615 1526 4680 τοσοῦτος
1556 4611 1626 4686 ἦν
1651 4619 1838 4690 ἐκείνῃ
1865 4615 1961 4670 τ·.ὖ

391 4709 618 4779 μετρίου
653 4707 832 4776 λόγος.

463 4972 515 5021 ι’.
559 4965 669 5035 Τῆς
698 4965 753 5019 δὲ
796 4965 924 5036 περὶ
972 4963 1031 5016 τὸ
1063 4962 1215 5016 Θεῖον
1259 4961 1480 5032 ἀγάπης
1534 4964 1627 5016 καὶ
1664 4960 1821 5016 τοῦτο
1868 4964 1965 5034 μὲν

388 5060 664 5125 ἀπόδειξις
712 5059 946 5130 ἐναργὴς
967 5095 983 5124 ,
1022 5058 1082 5110 τὸ
1123 5058 1301 5111 πάντα
1338 5059 1511 5110 ταῦτα
1544 5060 1732 5129 φέρειν
1761 5058 1847 5112 διά
1874 5059 1965 5111 τὸν

389 5154 522 5221 περὶ
548 5152 708 5204 αὑτὸν
739 5151 939 5220 ἔρωτα,
968 5149 1062 5202 καὶ
1094 5149 1170 5220 μὴ
1216 5149 1298 5201 δτι
1337 5165 1400 5216 γε
1444 5149 1819 5219 δυσχεραίνειν
1853 5153 1964 5214 τοῖς

387 5242 737 5312 δυσχερέσιν,
771 5241 906 5294 ἀλλά
937 5243 1034 5295 καὶ
1072 5239 1447 5310 δυσχεραίνειν
1475 5240 1558 5292 ὅτι
1590 5240 1664 5312 μὴ
1694 5242 1862 5294 πλείω
1895 5245 1961 5296 τὰ

386 5335 624 5405 δυσχερῆ
646 5349 663 5367 ο
695 5335 790 5387 καὶ¹
813 5334 918 5404 πρό
939 5350 1002 5402 γε
1021 5333 1226 5386 τούτων
1247 5334 1338 5385 καὶ
1366 5333 1505 5403 μετά
1532 5335 1737 5386 τούτων
1766 5335 1825 5386 τὸ
1848 5336 1962 5398 τοῖς

390 5426 729 5494 ὑπερφυέσιν
754 5425 1065 5478 ἐπιϐάλλειν
1096 5424 1272 5491 ἀγῶσι
1299 5423 1392 5476 τοῦ
1423 5424 1560 5492 πρὸς
1587 5424 1750 5478 αὑτὸν
1777 5426 1960 5479 εἵνεκα

388 5517 585 5580 πόθου,
611 5518 705 5570 καὶ
733 5515 827 5572 νῦν
858 5519 956 5587 μὲν
981 5519 1257 5586 νηστείαις
1287 5517 1381 5569 καὶ
1406 5517 1758 5586 ἀγρυπνίαις,
1792 5517 1883 5571 νῦν
1906 5518 1962 5571 δὲ

2065 4526 2451 4586 provocaretur
2503 4515 2570 4569 ad
2627 4514 2857 4568 aliarum
2922 4515 2974 4566 in
3033 4513 3414 4583 philosophice
3463 4513 3640 4565 stadio

2065 4607 2442 4677 praefecturam
2475 4605 2907 4676 suscipiendam,
2934 4614 2988 4658 et
3018 4620 3210 4659 omnes
3238 4604 3386 4656 illam
3425 4601 3491 4654 ad
3535 4603 3637 4654 hoc

2061 4699 2390 4765 invitarent,
2446 4714 2516 4753 ne
2564 4694 2799 4755 summis
2837 4699 3060 4768 quidem
3110 4698 3338 4752 auribus
3389 4694 3508 4763 ejus
3559 4695 3638 4748 rei

2066 4789 2288 4845 admisit
2320 4791 2680 4857 mentionem,
2712 4807 2873 4860 supra
2905 4805 3026 4846 sese
3058 4789 3112 4843 id
3140 4803 3260 4844 esse
3289 4796 3444 4852 rata;
3486 4795 3636 4840 tanta

2068 4879 2116 4934 ei
2142 4888 2260 4934 erat
2287 4879 2681 4934 medioeritatis
2708 4895 2863 4934 cura.

2137 4971 2224 5025 l0.
2263 4970 2474 5036 Quanta
2515 4986 2644 5040 erga
2679 4972 2847 5025 Deum
2888 4969 3125 5026 ferveret
3165 4967 3480 5030 dilectione,
3517 4966 3637 5018 evi-

2068 5064 2219 5118 denti
2250 5072 2475 5132 apparet
2505 5063 2978 5119 demonstratione
2999 5077 3095 5132 per
3125 5062 3248 5122 hoc,
3281 5058 3427 5128 quod
3451 5058 3635 5111 omnia

2066 5158 2168 5212 ista
2201 5172 2300 5227 pro
2331 5157 2478 5213 illius
2507 5171 2696 5211 amore
2732 5155 2916 5220 ferret,
2947 5169 3123 5223 neque
3157 5152 3206 5205 in
3237 5151 3407 5220 ipsius
3471 5148 3638 5202 mole-

2069 5251 2188 5306 stiis
2215 5251 2440 5306 sentiret
2465 5252 2794 5314 molestiam,
2817 5249 2922 5304 nisi
2946 5249 3070 5318 quia
3091 5262 3195 5301 non
3221 5247 3372 5316 plura
3389 5253 3442 5298 et
3461 5240 3636 5311 magis

2071 5340 2302 5396 molesta
2350 5341 2694 5409 patiebatur:
2727 5339 2984 5408 quodque
3033 5346 3227 5407 praeter
3262 5337 3364 5392 ista
3409 5345 3464 5388 et
3510 5347 3633 5385 cum

2068 5431 2211 5496 istis,
2258 5446 2380 5486 sese
2420 5439 2674 5485 attereret
2711 5430 2990 5485 laboribus
3040 5427 3369 5487 immodicis.
3416 5430 3638 5492 propter

2068 5536 2186 5575 eam
2223 5536 2327 5592 qua
2356 5535 2483 5589 erga
2517 5520 2697 5590 ipsum
2730 5520 3004 5578 ferebatur
3035 5519 3377 5576 cbaritatem.
3420 5508 3633 5566 Etenim

471 5690 534 5760 (ι)
578 5690 772 5750 Dccsse
802 5695 906 5750 hoc
955 5700 1134 5748 autem
1172 5691 1347 5749 simile
1399 5693 1642 5760 verbum,
1675 5709 1740 5748 ex
1789 5708 1952 5750 sensu
1994 5691 2178 5764 liquet.
