4134 6314
295 315 400 393 7m

1572 324 1746 386 v-n‘A
1786 312 1845 385 s’.
1877 313 2336 387 «mouente

3455 329 3560 389 766

287 435 585 515 καρτερίαν
604 459 618 476 ·
644 431 862 511 ὲπὶγάρ
883 440 1040 494 πέντε
1068 441 1162 493 καὶ
1181 438 1310 492 δέκα
1334 430 1601 499 ἐνιαυτοῖς
1620 441 1713 492 καὶ
1740 441 1874 510 πρὸς

1990 443 2236 511 quantivis
2273 432 2326 497 in
2365 443 2555 497 eodem
2587 457 2710 497 cum
2743 442 2859 508 ipsa
2891 442 3110 497 virtutis
3136 443 3313 497 stadio
3344 459 3565 497 exerce-

287 526 578 593 τδνπαῐδα
613 526 685 590 τδ
703 537 860 606 σιγᾷν
885 535 1172 604 ἐκέχρητο,
1197 534 1293 585 καὶ
1324 531 1496 586 ταῦτα
1525 535 1645 596 ταῖς
1675 533 1869 596 αὐταῖς

289 632 490 701 ἐκείνη
518 629 776 700 χρωμένη
818 624 1149 694 διατριϐαῖς·
1188 625 1379 677 ἔπειτα
1417 627 1512 678 καὶ
1541 627 1568 678 ὁ
1607 625 1869 694 μέγιστος

289 727 496 786 ἐγεῖνος
525 723 621 776 καὶ
643 723 822 773 πᾶσαν
856 717 1204 782 ἀντεξέταβιν
1227 717 1576 786 ὑπερϐαίνων
1607 717 1743 788 πρὸς
1776 717 1868 770 τὸν

291 799 549 887 χειμῶνα·
591 812 700 865 τῶν
756 809 1035 879 στοιχείων
1087 807 1258 874 ἀγών.
1317 807 1473 861 Οὕτω
1519 806 1607 860 διὰ
1653 807 1871 860 πάντων

292 901 532 970 ὑπέταξε
564 903 660 976 τήν
689 903 866 973 σάρκα
904 901 983 972 τῷ
1018 903 1308 972 πνεύματι,
1343 903 1435 954 καί
1480 901 1552 973 μὴ
1590 902 1748 970 μόνον
1771 899 1872 970 ἄρ-

290 1005 386 1070 γον
417 993 672 1062 καθάπαξ
720 996 1023 1065 ἀπέφηνεν,
1057 995 1195 1048 άλλά
1231 995 1324 1047 καὶ
1355 994 1498 1047 κατὰ
1529 994 1588 1045 τδ
1614 993 1874 1063 φρόνημα.

286 1079 381 1145 τοῦ
407 1092 717 1159 πνεύματος
751 1083 855 1158 ἦγε
878 1087 971 1141 τοῦ
1007 1087 1150 1140 κατᾶ
1197 1086 1360 1154 φύσιν
1393 1088 1733 1154 ἐκστήσασα.
1767 1085 1875 1137 Καὶ

288 1171 400 1246 τοῖς
437 1183 536 1251 μὲν
567 1181 746 1242 ἄλλοις
781 1181 1069 1248 ἀγαπητὸν
1095 1178 1154 1231 τὸ
1188 1181 1262 1248 μὴ
1295 1181 1416 1238 ταῖς
1447 1179 1648 1246 σαρκὸς
1685 1163 1876 1228 ἐπιθύυ

291 1276 444 1345 μίαις
467 1267 567 1345 τῆν
593 1273 772 1344 ψυχὴν
793 1271 1102 1335 ὑπάγεσθαι
1119 1285 1133 1299 ⁶
1159 1268 1410 1340 Θεοδώρᾳ
1438 1269 1493 1320 δὲ
1525 1269 1729 1330 οὐκέτι,
1761 1269 1876 1322 ἀλλ’

288 1367 353 1422 εἶ’
375 1362 453 1438 μὴ
475 1369 571 1420 καὶ
599 1367 697 1438 τὴν
727 1367 908 1436 σάρκα
931 1363 1256 1435 μεταδάλλοι
1286 1363 1385 1432 τὴν
1421 1361 1604 1430 φύσιν,
1642 1364 1732 1415 καὶ
1757 1365 1878 1425 ταῖς

288 1459 614 1529 ἐπιθυμίαις
653 1459 748 1512 τοῦ
795 1457 1106 1527 κρείττονος
1152 1455 1381 1508 ἔπεσθαι
1425 1455 1875 1524 παρασκευάσω,

286 1553 392 1604 οὐκ
426 1550 655 1605 ἀνεκτὸν
689 1549 810 1603 οὐδὲ
838 1548 974 1619 πρὸς
1005 1539 1173 1616 αὐτῆς
1210 1543 1419 1616 ἡγεῖτο.

363 1650 455 1711 ιγ’.
503 1643 784 1698 Ἐντεῦθεν
817 1642 910 1695 καὶ
947 1640 1302 1712 σωφροσύνης
1333 1639 1477 1694 οὕτω
1511 1641 1649 1710 μετά
1682 1639 1878 1694 πολλοῦ

289 1736 582 1804 περιόντος
638 1737 724 1798 εἰς’
769 1733 939 1804 ἀκρον
989 1733 1195 1805 ἦλασε¹υ
1243 1733 1304 1785 τὺ
1334 1735 1442 1803 γάρ
1481 1733 1571 1787 τὸν
1619 1733 1718 1802 μὲν
1756 1732 1880 1787 νοῦν

284 1829 400 1883 τῶν
445 1829 634 1883 παθῶν
667 1828 1048 1898 αὐτοκράτορα
1098 1827 1464 1894 καταστῆσαι,
1489 1825 1778 1896 αἰσθήσεις
1823 1825 1880 1878 δὲ

289 1923 382 1976 καὶ
408 1921 510 1992 τὴν
543 1919 790 1976 ἐντεῦθεν
817 1913 1064 1989 ἀνάγκην
1096 1916 1240 1971 οὕτω
1275 1919 1538 1987 ρυθμίσαι
1561 1920 1656 1972 καὶ
1697 1921 1884 1971 κατα-

286 2003 518 2080 στεῖλαι,
553 2001 628 2076 ὥς
662 2012 803 2082 μήτε
867 2013 978 2072 τοῖς
1014 2009 1318 2080 ὀφθαλμοῖς
1348 2010 1426 2071 είς
1457 2009 1494 2062 ἃ.
1527 2010 1601 2078 μὴ
1635 2008 1896 2080 προσῆκε

286 2104 614 2174 κεχρῆσθαι,
653 2104 792 2174 μήτε
827 2093 998 2172 ἀκοὴν
1020 2102 1469 2170 ἑτέροις,.μόνοις
1499 2101 1554 2153 δὲ
1594 2103 1702 2160 τοῖς
1735 2099 1888 2151 λυσι-

289 2196 648 2257 τελεστάτοις
679 2196 948 2262 ἀνοίγειν,
975 2195 1070 2246 καὶ
1097 2193 1232 2254 ὅλως
1261 2192 1446 2255 πάσας
1473 2193 1570 2254 τὰς
1603 2190 1887 2258 αἰσθήσεις

290 2287 439 2339 κατά
463 2287 524 2339 τὺ
549 2275 740 2338 δοκοῦν
767 2285 922 2351 ἄγειν
950 2283 1029 2354 τῷ
1059 2282 1155 2353 νῷ,
1183 2283 1210 2335 ὃ
1236 2283 1337 2351 τῆς
1374 2281 1638 2352 μεγίστης
1672 2296 1890 2346 σωφροσ

296 2377 482 2445 σύνης,
498 2377 622 2445 ὅρον
654 2375 895 2438 ἅπαντες
921 2374 1104 2443 ἴσμεν,
1129 2374 1234 2426 τίνι
1254 2375 1360 2426 τῶν
1382 2371 1557 2425 ἄλλων
1580 2371 1676 2424 καὶ
1703 2371 1885 2424 πάντα

289 2469 392 2521 καὶ
427 2465 549 2534 μεθ’
573 2465 884 2536 ὑπερϐολῆς
914 2463 1058 2518 οὕτω
1081 2463 1478 2533 κατώρθωται;
1515 2463 1673 2515 Οὕτω
1704 2463 1902 2514 τοίνυν¹

287 2558 807 2628 τελέωςσάποστάσῃ
835 2556 942 2609 τῶν
971 2556 1276 2625 σαρκικῶν,
1309 2557 1404 2610 καὶ
1433 2554 1523 2608 τὸν
1549 2555 1676 2624 περὶ
1710 2552 1888 2606 ταῦτα

291 2649 486 2704 πᾶσαν
539 2648 922 2716 προσπάθειαν
968 2649 1064 2716 ἀφ’
1105 2648 1304 2716 ἑαυτῆς
1348 2645 1610 2708 καθάπαξ
1651 2661 1888 2714 ποιησα-

297 2740 462 2809 μένη,
501 2739 596 2791 καὶ
627 2721 775 2792 τοῦτ’
804 2739 1030 2800 εἰκότως
1063 2739 1132 2801 ἐξ.
1152 2739 1402 2806 ἀνάγκης
1429 2738 1666 2808 ἀπήντα,
1707 2736 1888 2805 μόνων

295 2827 398 2896 μὲν
429 2826 689 2894 γενέσθαι
719 2829 830 2880 τῶν
868 2831 996 2896 περὶ
1030 2817 1092 2880 ei
1132 2829 1290 2882 Θείον
1321 2827 1564 2898 ὲρώτων,
1589 2827 1684 2879 καὶ
1719 2827 1890 2895 μόνης

295 2917 642 2987 ἐξηρτῆσθαι
674 2921 775 2988 τῆς
814 2919 1025 2972 ἐκεῖθεν
1059 2919 1302 2981 ἀκτῖνος,
1332 2916 1550 2985 ἐρῶσαν
1585 2915 1640 2968 δὲ
1666 2916 1752 2968 ἀεὶ
1777 2919 1890 2978 τοῖς

296 3008 590 3076 λογισμοῖς
634 3009 1048 3078 συντυγχάνειν,
1102 2999 1200 3060 καῖ
1244 3007 1496 3077 καθαρὰν
1537 3008 1614 3076 τῷ
1665 3006 1890 3076 καθαρῷ

1975 545 2149 591 retur.
2185 528 2328 589 litem
2359 540 2596 588 tes’ta‘tur’
2627 534 2862 588 maxima
2891 543 2945 588 et
2974 534 3124 589 omni
3150 535 3566 604 Comparatione

1976 628 2149 696 major
2181 616 2331 681 lucta
2377 629 2641 681 a’dver'us
2687 627 3072 696 intemperiem
3117 627 3564 684 elementorum:

1976 733 2198 775 carnem
2229 735 2463 788 namque
2489 720 2706 790 spiritui
2738 710 3074 775 omnimodis
3101 720 3359 785 subjecit,
3383 737 3564 791 neque

1978 816 2284 880 promptam
2335 812 2604 865 duntaxat
2663 811 2854 865 habuit
2910 819 2964 865 et
3014 812 3442 881 obsequentem,
3475 812 3566 866 sed

1976 903 2139 958 etiam
2168 903 2383 972 spiritui
2415 903 2876 969 consentientem,
2904 913 3162 972 tanquam
3197 915 3407 958 natura:
3433 918 3569 958 con-

1977 984 2238 1050 ditionem
2292 1012 2539 1065 egressa.
2592 996 2724 1050 Nam
2774 995 2896 1050 aliis
2950 997 3171 1065 quidem
3222 999 3459 1066 optabile
3489 1008 3572 1052 est

1978 1088 2449 1156 concupiscentiis
2485 1088 2673 1142 carnis
2709 1104 2816 1142 non
2848 1087 3046 1156 subjici
3079 1088 3364 1158 spiritum;
3395 1077 3576 1143 Tbeo-

1979 1171 2126 1234 (form
2172 1190 2356 1234 aut'm
2403 1195 2757 1250 nequaquam
2806 1181 3060 1234 sufficere
3107 1181 3285 1236 visunt
3319 1191 3426 1242 est,
3466 1182 3572 1234 uisi

1983 1273 2156 1341 ipsius
2186 1273 2373 1326 carnis
2407 1274 2725 1327 immutaret
2762 1286 3038 1335 naturam,
3075 1283 3127 1326 ct
3163 1274 3338 1343 ipsam
3373 1273 3574 1328 faceret

1984 1365 2128 1417 ultro
2164 1363 2231 1418 ad
2269 1365 2497 1419 meliora
2532 1364 2688 1420 ferri.

2058 1633 2146 1687 1‘5.
2187 1617 2456 1701 lfoc‘ergo
2489 1633 2650 1687 modo
2678 1633 2744 1688 ad
2779 1635 3150 1704 temperantiae
3181 1635 3396 1690 culmen
3451 1653 3576 1706 pcr-

1985 1725 2175 1780 venit:
2221 1725 2309 1779 cui
2358 1725 2780 1779 enim'aliarum
2827 1723 3058 1794 contigit
3103 1719 3222 1780 sibi
3251 1739 3576 1795 comparare

1989 1814 2096 1869 tam
2134 1817 2448 1870 absolutum
2481 1813 2835 1870 aﬂcctionum
2861 1817 3192 1886 imperium;
3224 1833 3423 1872 sensus
3449 1832 3578 1870 vero

1985 1913 2288 1978 eorumiu'e
2320 1905 2632 1962 violentiam
2658 1909 2737 1964 sic
2767 1923 3052 1970 coercere,
3091 1919 3146 1961 ut
3185 1924 3360 1977 noque
3395 1907 3575 1960 oculis

1988 2003 2167 2067 neque
2202 2000 2431 2053 auribus
2471 2000 2846 2066 permittatur.
2889 2000 3012 2056 aliis
3048 1997 3230 2062 rebus,
3262 2015 3423 2066 quam
3459 2001 3578 2066 qui-

1989 2092 2091 2145 bus
2121 2081 2402 2154 cooveuit,
2425 2092 2722 2155 interesse;
2757 2093 2850 2146 sed
2877 2092 3011 2147 solis
3039 2091 3264 2146 utilibus
3289 2092 3578 2161 congruis-

1989 2184 2103 2251 que'
2142 2189 2362 2250 patere,
2421 2198 2600 2252 neque
2643 2184 2801 2236 aliter
2830 2185 3058 2238 omnino
3091 2200 3255 2252 quam
3301 2184 3578 2254 quomodo

1991 2279 2147 2326 mens
2179 2273 2538 2328 constituerit
2560 2275 2668 2345 agi,
2703 2275 2848 2344 quod
2875 2290 2998 2328 esse
3030 2289 3348 2343 Sttpremutn
3376 2286 3580 2344 tempe-

1991 2365 2184 2419 rantia:
2231 2365 2440 2434 apicem
2475 2369 2668 2420 omnes
2716 2365 2968 2420 novimus
2989 2359 3024 2418 ?'
3059 2359 3176 2434 Ipsa
3214 2379 3394 2419 autem
3439 2368 3579 2420 adeo

1990 2457 2238 2528 perfecte
2281 2457 2558 2511 carnalem
2597 2472 2818 2511 onmem
2848 2456 3197 2512 affectionem
3235 2457 3409 2522 exuit,
3443 2459 3580 2511 adeo

1992 2545 2152 2621 lenge
2173 2566 2203 2604 a
2235 2565 2293 2606 se
2319 2550 2624 2604 naturalem
2651 2549 2718 2604 ad
2740 2566 2834 2604 eas
2858 2551 3275 2620 propensionem
3323 2551 3575 2611 removit.

1993 2652 2052 2698 ut
2083 2651 2279 2711 sponte
2311 2641 2568 2712 ultroque
2593 2643 2642 2695 ei
2674 2651 3009 2703 occurreret,
3047 2643 3178 2695 solis
3207 2642 3426 2711 quidem
3452 2659 3580 2712 erga

1994 2749 2081 2788 res
2121 2731 2332 2786 divinas
2372 2731 2658 2786 amoribus
2700 2732 2992 2801 occupari,
3026 2743 3079 2786 et
3111 2747 3298 2786 earum
3341 2747 3580 2787 corusco

1992 2814 2186 2878 lumini
2227 2825 2435 2880 haerere
2469 2823 2680 2878 aﬂixam
2705 2864 2720 2889 ,
2764 2833 3038 2878 amantem
3074 2840 3202 2877 vero
3235 2839 3360 2877 cum
3397 2834 3583 2878 amato

1995 2915 2106 2972 Deo
2136 2929 2354 2986 semper
2399 2917 2718 2971 conversari
2757 2925 2941 2970 mente
2965 2958 2978 2980 ,
3010 2930 3180 2984 seque
3221 2933 3410 2984 puram
3442 2932 3582 2985 puro

1992 3011 2273 3082 applicare
2294 3049 2309 3073 ,
2353 3020 2408 3065 et
2436 3010 2594 3066 bonis
2631 3010 2753 3081 ejus
2787 3010 2893 3064 frui
2918 3027 2946 3075 ;.
2971 3009 3238 3065 fruentem
3270 3028 3435 3080 porro
3466 3025 3586 3063 rura

290 3099 676 3167 συγγίνεσθαι,
717 3101 814 3184 καὶ
857 3087 964 3155 τῶν
1007 3091 1219 3153 ἐκεῖθεν
1274 3093 1502 3168 ἀγαθῶν
1555 3098 1877 3164 ἀπολαύειν,

1993 3119 2120 3158 sum
2161 3102 2485 3172 duplicare,
2520 3103 2670 3158 velut
2704 3118 2801 3173 per
2829 3101 3128 3170 circulum,
3171 3104 3256 3158 sui
3289 3120 3416 3174 ergo
3455 3117 3583 3158 etnn

287 3191 678 3246 ἀπολαύουσαν
722 3181 778 3248 δε
820 3193 1196 3258 διπλασιάζειν
1235 3188 1404 3256 αὖθις.
1432 3192 1493 3246 τὸ
1542 3191 1673 3261 περὶ
1718 3191 1882 3244 αὐτὸν

288 3284 543 3356 φίλτρον,
571 3283 762 3356 ὥσπερ
793 3287 852 3339 ἐν
868 3285 1076 3357 κύκλῳ.

1994 3195 2202 3250 amoris
2223 3185 2504 3249 ardorem.

1739 3417 1975 3475 CAPUT
2021 3417 2115 3474 Ill.

959 3525 1206 3588 Laudant
1233 3535 1292 3590 S.
1330 3533 1622 3590 Theodora:
1650 3537 1894 3604 synopsis
1929 3544 1979 3590 et
2013 3541 2136 3588 cum
2174 3533 2302 3588 aliis
2324 3532 2908 3603 sanctit‘coﬁtpai‘atio.

365 3651 452 3705 ιδ’.
495 3646 674 3710 Οὕτω,
791 3645 912 3699 θεία
950 3647 1198 3716 κεφαὶήί
1234 3647 1324 3700 δια
1360 3647 1578 3701 πάντων
1615 3648 1724 3702 τῶν
1760 3647 1885 3718 βε),-

287 3744 550 3804 τίστων,-
585 3742 680 3794 καὶ
734 3741 887 3809 παρὰ
934 3739 1056 3807 Θεῴ
1107 3739 1204 3792 καὶ
1255 3739 1564 3809 ἀνθρώποις
1623 3741 1882 3811 μεγάλων

285 3833 622 3904 ἀξιωμένων
654 3831 1031 3902 πραγμάτων,
1071 3834 1212 3900 μετά
1272 3832 1470 3885 πολλοῦ
1502 3834 1595 3886 τοῦ
1635 3833 1884 3904 μείζονος

278 3923 456 3998 ἧκες,
489 3927 584 3978 καὶ
615 3925 758 3978 κατά
779 3923 972 3976 πασῶν
995 3926 1050 3976 ὲν
1072 3923 1283 3986 τούτοις
1308 3925 1370 3977 τὸ
1394 3926 1599 3993 κράτος
1623 3925 1852 3993 εἴληφας
1872 3943 1886 3956 ο

282 4019 414 4073 οὔτε
447 4017 564 4089 γάρ
598 4017 765 4082 ἐστιν,
789 4017 891 4069 οὑκ
927 4015 1074 4070 ἐστιν
1109 4015 1313 4086 ἀρετῆς
1342 4011 1482 4078 εἶδος
1513 4017 1690 4080 οὐδὲν,
1724 4010 1782 4068 οὗ
1817 4019 1891 4086 μὴ

288 4114 574 4181 μετεῖχες-
601 4111 992 4178 διαφερόντως,
1033 4111 1127 4161 καὶ
1163 4111 1374 4172 πάντας
1426 4109 1553 4172 τοὺς
1585 4108 1892 4177 ἀκολουθή⁹

286 4220 546 4268 σαντας,
585 4203 680 4254 καὶ
738 4200 875 4271 μόνη
932 4201 1263 4273 συνείληφας
1303 4201 1338 4256 ἀ
1386 4204 1499 4266 τοῖς
1547 4201 1731 4264 ἄλλοις
1788 4201 1894 4274 ἰδίᾳ

286 4298 509 4364 κόσμος
549 4295 932 4348 καθέστηκεν·
981 4295 1038 4358 ἐξ
1089 4288 1176 4348 ὧν
1207 4313 1271 4363 γε
1318 4295 1538 4348 πάντων
1589 4295 1893 4364 μοναδικήν

287 4401 416 4443 τινα
472 4387 569 4442 καὶ
631 4387 790 4456 ξένην
835 4386 1024 4440 οὐσίαν
1083 4385 1288 4447 καλοῦ,
1347 4387 1646 4455 συμπάσης
1685 4387 1892 4455 ἀρετῆς

2071 3647 2161 3701 14.
2201 3645 2304 3702 Per
2335 3649 2521 3704 omnia
2555 3650 2759 3720 itaque,
2794 3664 2828 3704 ο
2858 3650 3087 3705 charum
3113 3651 3223 3706 Deo
3259 3661 3443 3722 caput,
3477 3668 3590 3708 cm-

1995 3739 2184 3794 litibus
2259 3741 2686 3813 hominibusque
2739 3744 3106 3812 mstintabilia,
3141 3755 3195 3800 et
3237 3747 3288 3800 in
3330 3748 3588 3802 omnibus

1999 3833 2164 3899 longe
2196 3838 2399 3904 primas
2433 3837 2760 3892 obtinuisti:
2801 3854 2978 3908 neque
3016 3854 3162 3893 enim
3197 3839 3301 3893 fuit
3333 3841 3439 3893 ulla
3477 3843 3587 3895 vir-

2003 3929 2137 3982 tutis
2174 3930 2404 3996 species,
2440 3945 2604 3999 qnam
2638 3948 2745 3984 non
2779 3933 3127 4000 acquisieris,
3161 3933 3326 4003 idque
3366 3937 3591 3990 diverso

1991 4020 2061 4072 ab
2091 4021 2213 4073 aliis
2245 4021 2442 4084 modo,
2488 4029 2542 4076 et.
2577 4024 2719 4076 ultra
2754 4040 2917 4092 quam
2952 4025 3152 4091 aliquis
3199 4038 3322 4094 post
3354 4043 3590 4094 sequen-

1992 4108 2152 4162 tium.
2197 4109 2321 4163 Sola
2363 4111 2565 4179 quippe
2612 4114 2900 4181 complexa
2936 4131 3029 4178 es,
3075 4130 3196 4182 quae
3234 4117 3446 4184 singula
3483 4133 3584 4181 po-

1992 4200 2225 4255 tuissent
2253 4197 2378 4253 aliis
2403 4215 2503 4269 pro
2544 4209 2743 4255 ornatu
2776 4199 3054 4265 sutficcre;
3092 4219 3156 4257 ex
3199 4205 3418 4274 illisque
3453 4215 3588 4276 pio‘

1997 4293 2171 4362 priam
2217 4295 2515 4362 quamdam
2554 4293 3046 4364 admirabiletnqne
3093 4295 3494 4360 substantiam,
3530 4307 3587 4352 et

1999 4386 2307 4454 omnigvna:
2363 4386 2578 4439 virtutis
2637 4385 3012 4440 habitaculum
3071 4387 3334 4455 effecisti;
3390 4389 3583 4454 vitam,

291 4482 514 4545 ἑστίαν,
563 4479 655 4532 τὸν
707 4479 913 4548 σαυτῆς
969 4479 1300 4542 ἀποδείξασα
1350 4477 1462 4547 βίον
1518 4480 1654 4531 πᾶσι
1702 4478 1884 4546 παρά-

1997 4478 2250 4547 inquam,
2295 4487 2476 4541 tuam,
2521 4479 2741 4532 cunctis
2781 4477 2834 4532 in
2872 4480 3183 4548 exemplum
3218 4484 3580 4552 propositam,

294 4571 508 4638 δειγμα
553 4567 896 4637 προύθηκας,
936 4569 1000 4619 ὲκ
1028 4566 1273 4636 κεφαλῆς
1315 4567 1395 4629 είς
1441 4567 1609 4629 πόδας
1649 4567 1710 4619 τὸ
1759 4568 1888 4638 περὶ

298 4661 490 4714 πάντα
519 4659 804 4727 γινόμενον
850 4657 1112 4724 σώζοντα.
1156 4660 1232 4711 Ού
1273 4657 1380 4729 γάρ
1411 4657 1507 4712 νῦν
1543 4659 1666 4727 μὲν,
1715 4660 1810 4714 νῦν
1843 4659 1889 4712 δ’

300 4751 398 4804 οὗ·
436 4749 560 4803 οὐδὲ
611 4749 706 4802 νῦν
737 4749 836 4819 μὲν
863 4751 1084 4818 μᾶλλον,
1113 4751 1208 4804 νῦν
1235 4752 1279 4805 δ’
1302 4746 1463 4820 ἦττον
1495 4751 1768 4822 (καθάπερ
1798 4753 1892 4808 ἀλ-

302 4841 425 4901 λοις
447 4839 590 4891 τισὶν
613 4838 913 4908 ἐξεγένετο)
969 4842 1127 4907 λόγον
1179 4842 1335 4913 ἔσχες
1385 4844 1484 4912 τῆς
1543 4844 1746 4913 ἀρετῆς
1795 4844 1891 4897 καὶ

301 4931 406 4986 τοῦ
459 4930 579 4985 κατ’
628 4933 796 5000 αὐτὴν
845 4933 1176 4988 πολιτεύειν·
1223 4935 1344 4988 οὐδὲ
1387 4937 1496 4988 τῶν
1535 4937 1636 5007 μὲν
1687 4935 1891 5005 ταύτης

303 5021 491 5086 είδῶν,
524 5019 632 5072 τῶν
664 5020 708 5072 δ’
747 5019 808 5073 οὗ
832 5037 846 5051 ο
878 5021 997 5074 οὐδὲ
1029 5023 1138 5076 τῶν
1167 5026 1266 5093 μὲν
1311 5026 1544 5092 μᾶλλον,
1577 5026 1684 5080 τῶν
1715 5027 1760 5080 δ’
1787 5021 1888 5098 ἦτ-

303 5131 404 5166 τον
432 5129 446 5142 ·
479 5111 595 5164 ἀλλ’
618 5112 676 5177 ἐξ
707 5112 816 5180 ἀρα
849 5114 1088 5182 πρώτης,
1119 5116 1193 5178 ὡς
1226 5118 1420 5181 εἰπεῖν,
1453 5119 1552 5187 τῆς
1573 5120 1759 5188 τριχὸς
1797 5119 1890 5171 καὶ

305 5205 616 5274 προοιμίων
647 5205 843 5266 αὐτῶν,
883 5206 1042 5274 μέχρι
1089 5211 1180 5259 καὶ
1221 5209 1389 5276 μυχοῦ
1429 5211 1614 5279 γήρως
1653 5212 1747 5263 καὶ
1781 5211 1890 5264 τῶν

311 5296 590 5365 ὲπιλόγων
621 5297 712 5349 τοῦ
747 5296 886 5364 βίου,
918 5298 1134 5350 πάντων
1166 5298 1418 5364 καθάπαξ
1443 5303 1535 5353 καί
1571 5301 1689 5369 μεθ’
1725 5302 1892 5371 ὑπερ-

303 5387 474 5457 ϐολῆς
513 5386 622 5440 τῶν
657 5386 944 5456 βελτίστων
975 5387 1206 5457 ἀκριϐὴς
1249 5388 1456 5456 ἐφάνης
1486 5391 1759 5460 ἐργάτης,
1794 5391 1888 5443 καὶ

311 5480 453 5550 μάνη
475 5477 630 5549 παρὰ
657 5477 844 5533 πασῶν
874 5478 931 5529 ὲν
962 5479 1126 5531 πᾶσιν
1155 5478 1310 5548 ἔσχες
1337 5479 1398 5532 τὸ
1424 5481 1849 5550 συγκεχωρηκὸς
1869 5521 1884 5548 ,

305 5569 456 5623 οὕτω
487 5569 573 5621 διά
608 5568 825 5621 πάντων
853 5566 1130 5631 ἀνεφάνης
1155 5565 1382 5620 νικῶσα.

386 5657 468 5714 ιε’.
496 5661 572 5714 Οὐ
605 5660 712 5728 γὰρ
737 5658 896 5718 εὐθὺς
924 5658 1020 5723 μὲν
1045 5659 1108 5710 ἐκ
1140 5658 1325 5719 παιδίς
1348 5659 1594 5720 τοσοῦτος
1617 5655 1684 5729 ἦν
1705 5661 1887 5732 ἐκείνῃ

307 5752 468 5820 λόγος
501 5751 600 5822 τῆς
633 5753 691 5806 ὲν
719 5751 865 5823 ψυχῇ
903 5751 1018 5805 κατ’
1056 5749 1258 5821 ἀρετὴν
1295 5750 1575 5820 ἐργασίας,
1606 5753 1773 5807 ἐπειδ’
1813 5755 1858 5808 ὠ

2000 4579 2310 4638 cunctaque
2341 4572 2586 4624 membra
2616 4585 2646 4623 a
2676 4571 2850 4640 capite
2875 4586 3048 4641 usque
3070 4573 3135 4625 ad
3170 4577 3328 4641 pedes
3359 4589 3584 4628 servan-

1999 4669 2130 4716 tem.
2161 4661 2268 4714 Nec
2293 4662 2439 4714 enim
2473 4661 2638 4714 modo
2663 4661 2886 4730 quidem
2913 4661 3016 4726 sic,
3049 4664 3211 4716 modo
3237 4672 3418 4716 autem
3448 4680 3579 4728 non;

1999 4752 2082 4807 vel
2117 4753 2281 4806 modo
2313 4752 2529 4815 minus,
2564 4754 2726 4806 modo
2759 4753 2933 4823 magis
2970 4754 3048 4824 (ut
3095 4755 3420 4821 quibusdam
3461 4754 3584 4810 aliis

1997 4845 2139 4899 solet
2180 4843 2540 4914 contingere)
2584 4844 2771 4898 virtuti
2819 4843 3219 4912 consequenda:
3268 4845 3581 4914 impondisti

1998 4945 2086 5000 te;
2120 4949 2296 5004 neque
2333 4935 2466 5002 unis;
2497 4935 2717 5005 quidem
2765 4935 2912 4989 illius
2960 4935 3249 5004 Speciebus
3289 4936 3579 5000 ἱιιιιςιιδίειί,

1999 5028 2137 5082 alias
2183 5040 2366 5082 autem
2404 5027 2731 5097 neglexisti;
2777 5037 2872 5080 aut
2921 5026 3043 5080 unis
3074 5029 3424 5092 contentius,
3456 5027 3584 5080 aliis

1997 5120 2281 5174 remissius
2306 5129 2356 5173 te
2374 5119 2684 5189 applicuisti
2710 5134 2725 5183 ;
2754 5117 2848 5170 sed
2879 5133 2905 5169 a
2933 5118 3160 5183 teneris,
3186 5121 3342 5174 utsic
3365 5120 3578 5188 loquar,

1999 5212 2312 5282 Unguiculis
2347 5211 2751 5281 ipsisquc'vita:
2783 5210 3334 5280 primordiis,vusque
3364 5215 3431 5266 ad
3462 5213 3579 5280 epi-

1999 5307 2183 5375 logum
2212 5305 2329 5374 ejus
2350 5315 2402 5358 et
2431 5313 2732 5358 extremam
2759 5309 3388 5371 senectutem,-onmium
3411 5307 3581 5360 simul

2000 5399 2301 5457 bonorum.
2350 5396 2514 5464 idque
2578 5397 2847 5450 excellent
2873 5399 3044 5451 ssimo
3102 5402 3338 5465 quodam
3390 5397 3577 5459 modo,

1997 5485 2271 5555 operati-ix
2314 5484 2501 5548 fuisti,
2535 5491 2590 5538 et
2625 5484 2741 5539 sola
2779 5487 2833 5540 in
2865 5487 3122 5541 omnibus
3156 5498 3318 5553 atque
3349 5486 3417 5538 ab
3450 5499 3574 5538 ont-

1997 5579 2161 5633 nibus
2189 5576 2396 5642 primas
2424 5576 2620 5632 tulisti.

2054 5665 2142 5720 15.
2185 5663 2301 5718 Νοη
2333 5664 2474 5717 cnim
2518 5664 2607 5720 bic
2645 5665 2742 5720 tibi
2776 5667 2840 5720 ab
2883 5664 3109 5719 infantia
3159 5663 3376 5732 quidem
3411 5676 3562 5713 excr-

1997 5757 2180 5814 ceuda:
2205 5755 2310 5812 fuit
2349 5755 2564 5813 virtutis
2595 5757 2756 5822 ratio,
2811 5767 3093 5826 postquam
3132 5765 3312 5810 autem
3350 5750 3568 5820 alligata
