4196 6308
593 297 695 358 767

1823 301 2132 364 NICOLAI
2162 301 2252 362 CA
2264 303 2352 361 BA
2365 303 2554 363 SILIE

3709 308 3820 375 768

587 405 936 462 matrimonio
973 423 1032 464 es
1066 409 1292 479 ejusque
1333 410 1697 470 incommodis
1724 413 2146 474 circumcincta.

2253 412 2486 480 μίλησας
2528 415 2691 485 γάμῳ
2725 417 2818 469 καὶ
2865 418 2978 482 τοῖς
3013 417 3221 471 ἐκεῖθεν
3250 418 3554 488 δυσχερέσι,
3590 419 3687 472 καὶ
3723 416 3817 489 μιέ

587 494 655 546 ad
713 498 988 552 modicum
1030 501 1222 556 saltem
1267 501 1462 558 laxasti
1509 505 1676 560 studii
1719 508 2147 567 contentionem;

585 600 764 655 neque
794 586 1012 644 rursum
1041 592 1122 646 sic
1151 594 1504 650 matrimonio
1528 611 1623 650 usa
1650 611 1730 662 es,
1758 607 1818 651 ut
1852 599 2148 654 universim

588 679 795 742 omnia,
830 679 1049 744 liberos,
1083 683 1482 750 possessiones,
1518 685 1759 750 divitias,
1792 687 2071 758 ipsamque
2102 700 2152 744 te

586 767 850 822 obtuleris
893 768 1038 837 Deo,
1075 772 1126 825 in
1172 771 1439 842 religiosae
1481 783 1662 830 autem
1710 777 1833 831 vita:
1872 777 2152 833 laboribus

587 856 904 925 langueris;
935 862 1029 917 sed
1059 872 1114 917 ut
1141 865 1326 919 omnia
1357 881 1588 934 quorum
1631 871 1998 935 particulatim
2034 887 2151 926 me-

586 948 745 1014 mini,
788 952 975 1020 paucis
1009 954 1362 1024 complectar,
1395 973 1517 1012 cum
1555 960 1761 1028 Optima
1793 977 1914 1017 esse
1951 963 2065 1032 ipsa
2099 974 2154 1019 et

598 1039 866 1096 videreris
902 1044 1192 1106 omnibus.
1235 1053 1437 1100 tantam
1467 1060 1645 1104 tamen
1677 1049 2036 1108 humilitatem
2074 1064 2153 1110 te-

587 1129 782 1195 nuisti,
814 1143 1074 1201 quantam
1111 1151 1272 1192 nemo
1303 1153 1492 1195 eorum
1529 1143 1619 1211 qui
1655 1144 1858 1199 nullius
1885 1145 2012 1201 boni
2047 1147 2151 1202 sibi

588 1223 793 1276 conscii
836 1233 1003 1280 sunt:
1056 1228 1137 1282 sic
1179 1228 1348 1284 Deum
1400 1231 1674 1297 dilexisti.
1712 1245 1771 1291 ut
1819 1237 1871 1290 in
1918 1238 1984 1294 iis
2032 1255 2153 1309 quae

584 1311 782 1378 placita
837 1315 939 1385 ipsi
995 1334 1118 1374 esse
1174 1321 1384 1388 scires,
1445 1325 1684 1380 animam
1734 1345 1951 1400 quoque
2003 1341 2149 1387 tuam

581 1402 924 1472 ell'underes;
963 1417 1069 1463 tam
1111 1413 1349 1479 prudens
1381 1413 1568 1478 fuisti,
1614 1426 1672 1471 ut
1716 1435 1824 1472 non
1857 1421 2036 1474 solum
2066 1424 2150 1476 di-

585 1491 772 1548 missis
807 1495 931 1550 aliis
962 1498 1077 1552 sola
1112 1500 1265 1555 utilia
1299 1513 1590 1569 sectarer-e,
1626 1508 1718 1562 sed
1755 1510 1918 1563 etiam
1951 1526 2154 1581 cogno-

582 1595 762 1639 sceres
793 1589 1066 1654 quomodo
1096 1605 1157 1644 ea
1182 1593 1400 1662 aggredi
1428 1604 1482 1650 et
1501 1600 1759 1668 prosequi
1783 1613 2079 1670 oporteret.

660 1672 751 1730 16.
791 1675 889 1731 Cui
924 1694 1053 1733 vero
1079 1695 1142 1735 ex
1176 1683 1299 1738 aliis
1334 1686 1588 1741 omnibus
1635 1692 1863 1760 contigit
1887 1701 1995 1747 tam
2021 1711 2148 1750 exa-

587 1776 732 1820 ctam
763 1767 816 1822 in
844 1777 951 1824 tota
981 1771 1091 1827 vita
1119 1777 1638 1846 servarejustitiam.
1667 1790 1727 1836 ut
1749 1798 1960 1854 semper
1984 1787 2154 1844 inluc-

585 1869 732 1912 reret
754 1861 1098 1928 melioribus,
1123 1866 1402 1936 animique
1418 1868 1683 1938 judicium
1703 1889 1919 1945 semper
1945 1889 2151 1935 rectum

584 1957 829 2012 teneret,
871 1960 926 2007 et
958 1954 1089 2010 illud
1140 1956 1275 2012 adeo
1318 1960 1598 2017 immotum
1629 1981 2067 2039 generosumque
2098 1975 2153 2029 in

582 2057 712 2097 casu
735 2059 1069 2117 quocunque
1097 2050 1421 2117 custodiret,
1469 2063 1530 2108 ut
1559 2059 1872 2114 ostenderet
1893 2074 2150 2128 mentem,

585 2148 694 2186 non
729 2143 936 2189 tantum
973 2139 1238 2195 molestiis
1278 2142 1676 2210 incidentibus,
1726 2149 1820 2204 sed
1856 2153 2018 2207 etiam
2052 2172 2152 2211 na-

584 2233 720 2279 turae
751 2225 962 2297 legibus
991 2232 1366 2300 superiorem,
1403 2251 1548 2292 nunc
1575 2239 1794 2306 quidem
1830 2243 2150 2301 diuturnum

582 2330 646 2368 ac
678 2331 816 2386 pene
852 2320 1203 2377 immodicum
1230 2339 1359 2394 erga
1393 2326 1556 2382 tiliam
1593 2332 1829 2387 tenendo
1852 2334 2151 2404 silentium,

583 2420 732 2462 nunc
777 2424 906 2464 vero
961 2411 1193 2468 nimium
1249 2417 1472 2488 frigoris
1532 2420 1772 2490 algorem
1829 2425 2155 2485 tolerando?

583 2494 845 2561 Qmenam
893 2501 975 2556 sic
1002 2517 1200 2560 sensus
1230 2521 1362 2563 suos
1395 2510 1775 2577 coordinavit,
1813 2523 1872 2568 ut
1900 2531 1995 2570 eos
2037 2519 2154 2587 spi-

581 2586 710 2641 ritui
746 2587 951 2644 laceret
987 2593 1331 2660 subservire;
1366 2598 1620 2666 spiritum
1666 2612 1848 2657 autem
1888 2604 2038 2659 humi
2069 2586 2155 2662 re-

582 2693 712 2745 pere
752 2679 1101 2749 dedignatum
1149 2699 1313 2755 supra
1357 2697 1556 2744 terram
1591 2691 1856 2758 eﬂ’erens.
1902 2697 2005 2752 soli
2040 2697 2156 2755 Deo

585 2769 666 2822 sic
709 2778 768 2824 ut
803 2771 893 2825 illa
940 2773 1070 2828 fecit
1113 2776 1394 2835 adhaerere
1430 2781 1663 2852 ejusque
1697 2784 2154 2847 illustrationibus

583 2859 791 2928 perfrui
816 2862 841 2916 ?
867 2863 1124 2928 Quantam
1153 2870 1355 2938 optima
1383 2888 1617 2944 quaeque
1649 2877 1792 2932 intra
1824 2882 2062 2950 seipsam
2096 2885 2152 2940 in

587 2951 759 3018 gradu
796 2960 904 3008 tam
949 2958 1191 3025 perfecto
1217 2964 1504 3032 complexa
1545 2968 1669 3021 est?
1703 2968 1832 3023 Sola
1878 2974 2058 3036 enim,
2094 2985 2153 3031 ut

2253 502 2385 571 κρὸν
2418 504 2632 574 ὑφῆκας
2675 507 2766 559 τοῦ
2805 508 2932 576 περὶ
2975 509 3075 576 τὴν
3124 509 3358 578 σπουδὴν
3385 509 3540 562 τόνου
3563 525 3580 542 ο
3603 511 3714 563 οὐδ’
3747 512 3814 566 αὖ
3866 563 3870 567 .

2250 595 2343 648 τὸν
2377 596 2479 665 μὲν
2501 597 2678 666 γάμον
2715 597 2857 651 οὕτω
2878 600 3103 666 διέθετο,
3136 601 3212 664 ὡς
3243 602 3419 654 πάντα
3445 602 3701 670 καθάπαξ
3722 610 3816 659 καὶ

2253 687 2448 750 παῖδας
2479 688 2570 740 καὶ
2604 689 2855 758 κτήματα
2896 691 2992 744 καὶ
3027 691 3285 761 χρήματα
3323 691 3415 745 καὶ
3451 693 3651 762 ἑαυτὴν
3683 695 3814 747 ἀνα-

2253 776 2413 842 θῆναι
2441 775 2581 848 Θεῷ,
2615 780 2672 830 ὲν
2699 779 2755 832 δὲ
2782 781 2892 842 τοῖς
2923 771 3132 847 ἀγῶσιν
3160 781 3219 833 οὐ
3258 781 3574 835 συνέϐαινεν
3612 784 3774 854 ἑαυτῇ
3798 801 3814 818 ο

2252 867 2366 920 ἀλλ’
2404 869 2488 922 τνα
2517 871 2657 922 κατὰ
2690 869 2854 940 μέρος
2883 863 2957 924 ὧν
2991 871 3269 941 ἐμνήσθην
3305 872 3505 943 ἀρτίως
3539 875 3597 926 ὲν
3629 873 3821 946 βραχεῖ

2251 960 2524 1025 διεξέλθω,
2552 962 2635 1025 τίς
2669 963 2768 1031 μὲν
2790 963 2932 1016 οὕτω
2955 963 3023 1016 τὰ
3053 963 3303 1032 βέλτιστα
3324 966 3456 1018 πᾶσι
3473 964 3569 1018 καὶ⁸
3586 966 3819 1021 δοκοῦσα

2253 1054 2346 1106 καὶ
2374 1051 2507 1106 οὖσα
2538 1054 2728 1109 ἔπειτα
2755 1053 3006 1109 τοσοῦτον
3027 1057 3122 1110 τοῦ
3156 1060 3599 1130 ταπεινοφρονεῖν
3633 1061 3820 1130 ἐποιή-

2256 1162 2389 1198 σατο
2418 1145 2596 1214 λόγον,
2627 1145 2702 1210 ὡς
2725 1148 2900 1210 οὐδεὶς
2929 1149 3038 1203 τῶν
3062 1149 3217 1202 οὐδὲν
3241 1150 3348 1202 τῶν
3375 1149 3662 1218 βελτίστων
3689 1153 3816 1206 έαυ-

2252 1240 2362 1300 τοῖς
2398 1239 2745 1306 συνειδότων;
2775 1239 2869 1302 Τίς
2895 1241 2938 1293 δ’
2969 1239 3110 1295 οὕτω
3133 1241 3262 1294 Θεδν
3296 1243 3592 1311 ἠγαπήκει,
3621 1243 3694 1305 ὡς
3724 1243 3819 1298 καὶ

2252 1328 2350 1391 τὴν
2369 1328 2546 1398 ψυχὴν
2572 1330 2741 1400 αὐτὴν
2765 1330 2947 1399 ἐκχεῖν
2970 1331 3108 1403 ὑπὲρ
3131 1333 3241 1384 τῶν
3266 1332 3460 1403 ἐκείνῳ
3479 1333 3776 1386 δοκούντων
3799 1351 3817 1400 ;

2253 1420 2350 1482 Τίς
2381 1420 2426 1472 δ’
2449 1421 2591 1474 οὕτω
2625 1423 2838 1490 φρενῶν
2861 1418 2920 1476 εὖ
2958 1419 3127 1494 ἧκεν,
3167 1424 3240 1486 ώς
3275 1424 3349 1494 μὴ
3383 1424 3543 1493 μόνον
3571 1424 3607 1478 ἀ
3648 1441 3818 1496 προσ-

2255 1511 2387 1579 ῆκτν
2411 1513 2626 1567 ἑλέσθαι
2655 1517 2764 1578 τοῖς
2793 1515 2973 1578 ἄλλοις
2998 1516 3210 1588 χαίρειν
3243 1516 3529 1581 εἰποῦσαν,
3561 1517 3696 1569 ἀλλά
3722 1519 3817 1572 καὶ

2255 1606 2407 1676 παρά
2433 1607 2639 1670 πάντας
2669 1608 2864 1662 είδέναι
2893 1609 3041 1670 ὅπως
3066 1610 3149 1661 δεῖ
3173 1608 3331 1661 ταυτὶ
3361 1609 3602 1678 μετιέναι
3628 1625 3643 1673 ς

2328 1705 2426 1763 ις’.
2467 1695 2540 1750 Τὸ
2572 1696 2616 1750 δ’
2655 1701 2733 1760 είς
2768 1697 2944 1752 πάντα
2993 1697 3092 1766 μὲν
3135 1696 3450 1767 δικαιοσύνῃ
3499 1697 3821 1766 κεχρῆσθαι,

2253 1796 2348 1846 καὶ
2374 1793 2588 1862 διαιτᾷν
2614 1792 2726 1854 τοῖς
2759 1789 2882 1844 καθ’
2910 1788 3081 1861 αὑτὴν
3108 1789 3398 1857 πράγμασι
3426 1787 3495 1839 τὰ
3515 1787 3721 1846 είκότα.
3748 1787 3825 1850 ώς

2252 1887 2336 1940 ἀεὶ
2363 1887 2474 1949 τοῖς
2505 1883 2777 1954 κρείττοσι
2806 1881 3076 1942 τίθεσθαι,
3101 1881 3223 1933 τότε
3251 1879 3344 1932 καὶ
3367 1877 3545 1948 ψυχῆς
3571 1880 3628 1932 ὲν
3652 1878 3825 1932 ἀπασι

2253 1977 2506 2045 φρόνημα
2533 1974 2746 2039 σώζειν,
2777 1973 2871 2025 καὶ
2891 1971 3063 2034 οὕτως
3090 1969 3303 2032 ἀκλινὲς
3331 1971 3425 2022 καὶ
3451 1974 3670 2035 γυναῖον
3696 1968 3827 2038 περὶ

2253 2067 2431 2121 πάντα
2467 2066 2777 2125 δεικνύναι,
2826 2062 2902 2125 ώς
2939 2061 3014 2133 μὴ
3055 2061 3216 2131 μόνον
3262 2061 3371 2114 τῶν
3402 2062 3828 2131 συμπιπτόντων

2253 2156 2495 2226 ἀνιαρῶν
2537 2155 2818 2224 ἀνωτέραν
2856 2151 2996 2206 εἶναι
3038 2153 3149 2214 τοῖς
3198 2151 3362 2214 ὅλοις,
3399 2150 3535 2204 ἀλλὰ
3582 2152 3678 2204 καλ⁸
3712 2150 3828 2203 τῶν

2251 2248 2496 2317 φυσικῶν
2519 2247 2735 2314 θεσμῶν
2760 2243 3105 2298 παντάπασιν
3138 2243 3448 2310 ὑπερσχεῖν,
3476 2241 3570 2295 καὶ
3595 2241 3690 2294 νῦν
3725 2243 3828 2310 μὲν

2252 2341 2440 2408 ἀτόπῳ
2489 2341 2585 2393 καὶ
2646 2336 2920 2405 ὑπερφυεῖ
2973 2335 3156 2404 σιωπῇ
3217 2333 3354 2401 πρὸς
3405 2332 3503 2401 τὴν
3554 2332 3829 2401 θυγατέρα

2253 2429 2576 2500 κεχρῆσθαι,
2607 2427 2703 2481 νῦν
2732 2428 2788 2480 δὲ
2815 2425 3082 2494 τοσαύτην
3107 2423 3584 2494 ὑπομεμενηκέναι
3619 2424 3827 2492 ψύχους

2253 2520 2561 2592 ὑπερϐολὴν
2582 2558 2598 2584 ,
2632 2519 2736 2572 τίνι
2767 2518 2875 2572 τῶν
2909 2516 3085 2571 ἀλλων
3112 2515 3284 2570 ταῦτα
3315 2515 3526 2585 προσῆν
3552 2530 3568 2580 ;
3603 2515 3697 2575 Τίς
3729 2514 3830 2580 μὲν

2252 2605 2346 2664 οῦν
2364 2607 2509 2662 οὕτω
2538 2608 2635 2671 τάς
2656 2606 2938 2677 αἰσθήσεις
2963 2604 3288 2676 ρυθμήσασα
3315 2601 3392 2670 τῷ
3411 2599 3486 2669 νῷ
3513 2598 3831 2667 συμϐαίνειν

2254 2699 2684 2771 παρεσκευάκει,
2720 2697 2814 2752 καὶ
2841 2697 3031 2768 πόρρω
3070 2695 3293 2747 πίπτειν
3319 2692 3532 2750 τούτοις
3565 2691 3827 2760 βουλομέο

2253 2809 2345 2845 νου
2367 2810 2383 2859 ;
2405 2793 2498 2854 Τίς
2519 2791 2562 2842 δ’
2579 2789 2749 2852 οὕτως
2767 2787 2928 2840 αὐτὸν
2949 2785 3137 2839 τοῦτον
3155 2783 3424 2852 ἀνώτερον
3447 2782 3580 2852 ῦλης
3595 2781 3831 2845 τιθεῖσα,

2253 2883 2374 2948 Θεῷ
2401 2882 2547 2951 μόνῳ
2566 2880 2856 2951 προσέχειν
2889 2877 3154 2948 παρέσχε,
3181 2877 3275 2930 καὶ
3304 2874 3492 2928 τούτου
3519 2873 3595 2945 (η)
3619 2873 3830 2942 κάκρας

2255 2975 2672 3037 ἀντιποιεῖσθαι,
2691 2975 2785 3024 καὶ
2810 2971 2930 3032 ταῖς
2951 2968 3161 3022 ὲκεῖθεν
3182 2968 3396 3021 ἀκτῖσιν
3417 2964 3684 3034 ὲντρυφᾷν
3712 2962 3783 3034 (ο)
3809 2979 3825 3026 ;

587 3041 666 3094 sic
693 3041 906 3112 loquar,
940 3048 1242 3115 praevaluit,
1274 3063 1501 3110 cunctas
1533 3067 1868 3128 cunctosque
1890 3078 1918 3117 a
1953 3066 2152 3120 saeculo

2259 3064 2355 3129 Τίς
2393 3066 2572 3119 πάντα
2611 3063 2680 3116 τά
2723 3061 2985 3118 κάλλιστα
3031 3059 3164 3130 ὁμοῦ
3211 3058 3308 3112 καὶ
3355 3057 3475 3127 μεθ’
3520 3055 3831 3126 ὑπερϐολῆς

586 3130 803 3189 virtutis
849 3150 1014 3190 causa
1069 3138 1376 3200 dominatos
1422 3149 1617 3216 partim
1681 3151 1911 3222 imitari,
1955 3155 2151 3226 partim

587 3236 848 3292 Superare
875 3232 1156 3287 certando.

662 3505 748 3562 l7.
790 3507 1005 3565 Annam
1029 3511 1247 3581 quidem
1279 3514 1427 3570 illam
1457 3532 1709 3589 magnam
1737 3523 1988 3581 audimus
2012 3530 2154 3583 mul-

587 3599 658 3652 tis
691 3598 1001 3656 decoratam
1054 3603 1224 3660 fuisse
1273 3611 1628 3678 ornamentis,
1681 3616 1980 3672 maximum
2027 3635 2156 3675 vero

586 3689 704 3758 ejus
746 3707 810 3747 ac
862 3694 1010 3748 velut
1054 3697 1322 3763 colophon
1354 3708 1679 3758 ceterorum
1736 3704 1864 3770 fuit,
1892 3709 2156 3765 obtulisse

588 3782 919 3850 Samuelem,
935 3787 1248 3856 temploque
1264 3789 1665 3846 deserviturum
1685 3795 1985 3854 dedicasse.
2008 3800 2156 3858 Hauc

590 3888 722 3928 vero
768 3873 1052 3931 Tbeodora
1091 3880 1278 3935 multis
1318 3896 1622 3951 praegressa
1674 3895 1762 3940 est
1802 3893 2153 3962 parasangis:

591 3970 718 4038 quia
759 3987 867 4026 non
900 3980 1113 4027 tantum
1139 3975 1347 4044 prolem
1371 3992 1550 4040 suam,
1586 3980 1677 4034 sed
1707 3982 1988 4050 pecunias,
2029 4000 2156 4052 pos-

589 4063 886 4130 sessiones,
933 4081 996 4120 ac
1041 4080 1100 4120 se
1149 4066 1386 4136 denique
1429 4069 1603 4140 ipsam
1639 4071 1750 4127 Deo
1796 4078 2156 4133 consecravit.

591 4154 711 4220 Qno
741 4166 920 4211 autem
950 4157 1072 4212 loco
1095 4173 1307 4229 magna:
1331 4160 1495 4229 hujus
1525 4174 1728 4218 sancltn
1757 4178 1959 4233 agones
1986 4168 2155 4222 collo-

589 4249 741 4303 cabis
759 4259 815 4304 et
836 4251 1132 4304 certamina
1160 4254 1374 4320 egregia
1399 4255 1769 4324 maximaque,
1787 4272 1908 4324 quae
1933 4258 2156 4315 minime

591 4354 764 4407 pauca
797 4339 1126 4402 exantlabat,
1156 4349 1210 4393 et
1243 4341 1294 4393 in
1335 4341 1404 4394 iis
1433 4343 1597 4396 etiam
1643 4344 2017 4400 Abrahamum
2067 4363 2157 4401 su-

2259 3155 2425 3224 ὲαυτῇ
2458 3151 2798 3205 συλλαϐοῦσα
2831 3149 2991 3220 ἔσχες
3029 3148 3165 3218 μόνη
3196 3146 3305 3216 γὰρ
3343 3146 3416 3208 ὡς
3445 3146 3620 3198 είπεῖν
3645 3143 3831 3210 διαγέ-

2257 3262 2414 3313 γονεν
2439 3245 2648 3305 πάντας
2677 3243 2770 3296 καὶ
2799 3241 2977 3302 πάσας
3012 3240 3137 3302 τοὺς
3167 3239 3233 3291 ὲκ
3277 3235 3374 3290 τοῦ
3403 3235 3602 3298 παντὸς
3633 3233 3831 3297 αἰῶνος

2257 3337 2343 3389 ἐπ’
2373 3337 2542 3406 ἀρετῇ
2577 3315 3011 3402 θαυμασθέντας,
3044 3330 3170 3392 τοὺς
3193 3328 3291 3399 μὲν
3319 3325 3680 3398 μιμήσασθαι,
3702 3325 3832 3388 τοὺς

2257 3427 2304 3482 δ’
2337 3426 2741 3495 ὑπερϐαλέσθαι
2765 3421 3165 3494 φιλονεικοῦσα.

2333 3517 2421 3580 ιζ’.
2451 3517 2620 3586 Δῆλον
2645 3517 2725 3570 δέ.
2759 3517 2960 3568 ’Δνναν
2985 3508 3197 3584 μὲνξοῦν
3222 3511 3438 3580 ἐκείνην
3460 3509 3556 3578 τὴν
3587 3506 3830 3575 μεγάλην

2257 3607 2526 3677 ἀκούομεν
2555 3607 2768 3669 πολλοῖς
2794 3607 2906 3668 τοῖς
2927 3604 3234 3663 καλλίστοις
3260 3619 3317 3654 σε
3327 3599 3693 3670 μνυνομένην,
3721 3599 3748 3651 ὃ
3769 3597 3827 3651 δὲ

2263 3703 2517 3768 μέγιστον
2548 3697 2766 3750 πάντων
2803 3695 2896 3748 καὶ
2932 3693 3096 3747 οἱονεὶ
3125 3691 3371 3758 κολοφὼν
3403 3692 3463 3745 τὸ
3498 3706 3825 3760 προσενηνο-

2259 3791 2410 3861 χέναι
2457 3789 2550 3842 τὸν
2593 3787 2868 3856 Σαμουὴλ,
2914 3785 3009 3839 καὶ⁵
3041 3785 3118 3855 τῷ
3164 3785 3269 3853 νεῷ
3314 3782 3718 3853 προσαναϐῆναι
3750 3778 3826 3847 τῷ

2260 3880 2390 3949 θείῳ
2409 3895 2426 3912 '
2455 3880 2489 3949 ἡ
2520 3878 2576 3930 δὲ
2611 3876 2864 3930 τοσοῦτον
2893 3874 3096 3945 ταύτην
3125 3872 3266 3926 κατὰ
3298 3872 3500 3940 πολλὴν
3531 3871 3630 3938 τὴν
3666 3885 3825 3936 περι-

2257 3971 2446 4024 ουσίαν
2490 3970 2638 4040 νικᾷ,
2675 3968 2797 4021 ὅσον
2819 3967 2880 4020 οὑ
2902 3967 3061 4037 μόνον
3083 3965 3267 4030 παῖδα,
3291 3963 3424 4018 ἀλλὰ
3447 3965 3534 4016 καὶ
3554 3963 3805 4030 κτήματα

2259 4063 2354 4116 καὶ
2381 4062 2659 4132 χρήματα,
2691 4058 2863 4112 ἔπειτ’
2908 4059 3001 4112 ἐπὶ
3039 4059 3174 4111 πᾶσι
3221 4056 3434 4120 τούτοις
3465 4056 3525 4108 τδ
3573 4056 3828 4124 μέγιστον

2258 4155 2352 4209 καὶ
2404 4151 2600 4222 ἑαυτὴν
2646 4151 2912 4221 προσάγει
2943 4149 3080 4218 Θεῷ.
3131 4147 3240 4201 Ποῦ
3270 4147 3328 4201 δὲ
3355 4147 3542 4216 θήσεις
3567 4147 3693 4207 τοὺς
3730 4145 3828 4214 τῆς

2262 4243 2501 4315 μεγάλης
2529 4231 2742 4310 ἀγῶνας
2777 4249 2871 4292 και
2899 4238 2968 4290 τὰ
2999 4237 3210 4307 μεγάλα
3241 4239 3333 4290 καὶ
3370 4236 3625 4305 ὑπερφυῆ
3657 4237 3832 4302 σκάμ·

2265 4350 2430 4403 ματα,
2459 4325 2532 4385 ὧν
2558 4330 2700 4401 (οὐκ)
2743 4329 2939 4396 ὀλίγων
2970 4328 3154 4396 ἐκείνη
3190 4327 3382 4396 μετῆν,
3414 4329 3526 4388 τοῖς
3559 4326 3741 4387 αὐτοῖς
3772 4323 3828 4376 δὲ

592 4431 856 4499 perabat?
886 4430 1097 4498 Quippe
1121 4445 1242 4496 quae
1269 4446 1378 4486 non
1405 4442 1590 4487 coacta
1622 4432 1714 4488 Dei
1743 4434 1991 4505 imperio,
2015 4438 2155 4493 sicut

2259 4423 2467 4486 τούτοις
2508 4423 2602 4475 καὶ
2649 4423 2738 4474 τὸν
2781 4421 3032 4490 Ἀϐραὰμ
3069 4419 3276 4472 ἐκεῖνον
3309 4415 3727 4485 ὑπερεϐάλλετο,
3779 4415 3828 4465 εί

593 4520 900 4583 ille,’ll|iam
933 4533 1088 4573 suam
1118 4519 1348 4583 obtulit,
1372 4521 1466 4575 sed
1497 4531 1690 4590 sponte
1720 4537 1816 4577 sua
1844 4538 1908 4578 ac
1938 4531 2155 4596 prOprio

2263 4519 2340 4588 μὴ
2366 4521 2506 4586 μέγα
2530 4515 2724 4579 εἰπεῖν,
2753 4516 2847 4566 καὶ
2873 4513 2977 4583 πρό
3003 4530 3065 4582 γε
3088 4512 3294 4566 τούτων
3316 4513 3407 4564 καὶ⁴
3432 4509 3571 4579 μετά
3595 4509 3824 4615 τούτων,

592 4619 789 4674 motu;
823 4623 1000 4678 neque
1049 4609 1288 4664 divinant
1339 4611 1508 4680 legem
1563 4613 1806 4684 suscepit
1861 4616 1914 4670 in
1961 4618 2155 4675 tabulis

2258 4604 2339 4670 οἷς
2369 4607 2429 4659 οὑ
2452 4607 2588 4677 πρὸς
2619 4606 2870 4674 ἀνάγκην
2900 4605 3290 4676 προσενηνόχει
3319 4603 3410 4654 τὸν
3439 4601 3626 4661 παῖδα,
3653 4597 3825 4650 καθά-

591 4701 818 4771 lapideis
865 4716 986 4756 mox
1026 4702 1350 4766 contractis,
1401 4704 1496 4758 sed
1545 4703 1598 4759 in
1637 4706 1816 4761 anima
1854 4709 2155 4776 puriﬁcata,

2258 4716 2364 4769 περ
2393 4699 2622 4766 ἐκεῖνος,
2651 4697 2745 4750 τοῦ
2775 4695 2911 4749 Θεοῦ
2936 4695 3246 4756 κελεύοντος
3271 4709 3287 4725 ο
3322 4691 3437 4747 ἀλλ’
3469 4690 3576 4744 ἀπὸ
3606 4691 3827 4798 γνώμης

593 4793 851 4850 omnibus
867 4793 1045 4848 omnis
1066 4794 1193 4848 boni
1221 4795 1498 4865 exemplar
1517 4800 1820 4867 proposuit,
1843 4816 1946 4854 non
1980 4802 2155 4855 solum

2257 4792 2560 4846 ἐθελούσιον
2590 4790 2676 4844 καὶ
2709 4788 2843 4859 πρὸς
2869 4787 3036 4858 αὑτῆς
3068 4787 3204 4854 αὐτῇ
3236 4783 3542 4854 κινηθεῖσα.
3571 4781 3684 4834 Καὶ
3718 4780 3830 4847 μὴν

509 4941 512 4944 ,
595 4882 688 4938 Dei
722 4885 950 4954 gloriam
995 4885 1367 4952 annuntians,
1406 4888 1499 4941 sed
1539 4890 1828 4945 universos
1859 4891 1926 4944 ad
1960 4892 2155 4946 caelum

2257 4883 2319 4936 οὐ
2359 4882 2523 4947 πλαξὶ
2562 4881 2788 4942 λιθίναις
2825 4879 3025 4932 αὐτίκα
3059 4876 3508 4948 συντριϐομέναις
3532 4913 3548 4937 ,
3583 4871 3718 4924 ἀλλὰ
3760 4874 3826 4940 τῇ

595 4975 922 5032 traducens:
956 4977 1011 5031 in
1038 4991 1148 5044 quo
1179 4976 1416 5049 Moysem
1444 4995 1662 5049 quoque
1694 4981 1784 5035 illa
1809 4981 1958 5046 vicit,
1986 4981 2155 5050 siqui-

2257 4977 2402 5047 ψυχῇ
2435 4976 2768 5047 καθαρθείσῃ
2791 4975 2880 5027 τὸν
2899 4975 3062 5043 νόμον
3089 4972 3223 5025 Θεοῦ
3253 4971 3547 5076 δεξαμένη,⁵
3563 4971 3658 5021 καὶ
3690 4971 3827 5074 πᾶσι

594 5066 716 5118 dem
751 5081 856 5119 non
905 5066 1089 5121 divisit
1131 5083 1306 5129 mare.
1334 5079 1432 5122 aut
1467 5071 1734 5125 elementa
1779 5071 2007 5126 mutavit
2033 5071 2155 5142 (hoc

2258 5069 2609 5140 παράδειγμα
2652 5065 2820 5120 καλοῦ
2857 5064 3056 5127 παντὸς
3095 5063 3190 5117 καὶ
3215 5062 3382 5115 τύπον
3412 5061 3677 5128 προθεῖσα
3699 5098 3714 5121 ,
3749 5061 3828 5120 ὼς

594 5156 739 5208 enim
783 5157 849 5210 ad
881 5160 1214 5226 propositum
1249 5171 1497 5215 nostrum
1533 5177 1637 5216 non
1670 5163 1846 5231 facit),
1875 5163 1970 5217 sed
2013 5164 2155 5233 quod

2262 5165 2336 5234 μὴ
2365 5163 2533 5232 μόνην
2559 5161 2658 5232 τὴν
2679 5160 2838 5226 δόξαν
2859 5155 3022 5213 αὑτοῦ
3055 5155 3376 5226 διηγεῖσθαι,
3407 5153 3542 5208 ἀλλά
3568 5151 3663 5204 καὶ
3693 5150 3830 5202 πάν-

597 5245 690 5299 illo
713 5247 882 5301 multo
913 5249 1089 5317 majus
1109 5258 1211 5317 est,
1243 5250 1506 5306 adversus
1530 5253 1780 5307 horridas
1811 5269 1994 5306 eorum
2018 5263 2154 5308 tent-

2258 5271 2356 5316 τας
2379 5253 2514 5322 πρὸς
2541 5252 2770 5323 οὐρανὸν
2800 5249 3142 5321 μεθιστάναι,
3171 5247 3268 5300 καὶ
3289 5247 3491 5300 Μωσέα
3513 5243 3826 5309 νενίκηκεν.

598 5345 837 5407 pestates
864 5337 1172 5409 exindeque
1198 5342 1524 5399 exsistentes
1551 5359 1823 5398 aerumnas
1858 5344 2152 5414 plurimum

2258 5346 2321 5398 Ei
2345 5344 2390 5397 δ’
2421 5338 2481 5397 οὗ
2515 5344 2788 5397 θάλασσαν
2812 5341 3011 5412 διέσχε,
3044 5340 3138 5394 καὶ
3167 5341 3403 5408 στοιχεῖα
3431 5334 3828 5401 κεκαινοτόμηο

676 5564 753 5632 (n)
822 5565 1061 5634 Eumque
1124 5569 1516 5635 perfectissime
1577 5569 1906 5623 desiderare.
1977 5569 2156 5624 Torsit

601 5649 697 5685 nos
729 5635 996 5706 bmcvox,
1047 5637 1260 5706 κάκρας
1327 5653 1587 5704 nusquam
1647 5639 1770 5690 alibi
1837 5639 2016 5693 lecta:
2069 5640 2165 5694 dc—

606 5717 748 5756 munt
785 5703 1020 5769 iudicavi
1045 5703 1321 5760 contracte
1355 5703 1478 5776 poni
1506 5709 1654 5775 quasi
1688 5709 1826 5761 κατὰ
1867 5708 2061 5777 ἄκρας.

2334 5572 2407 5642 (ο)
2470 5573 2797 5635 Addebatur,
2831 5563 3156 5642 561td)p:1.t_
3197 5569 3289 5620 ml.
3356 5562 3649 5617 συνελόντα
3716 5559 3831 5628 φά·-

2271 5640 2358 5697 ναι
2391 5640 2408 5697 ε
2445 5644 2600 5714 cujus
2636 5643 2850 5712 phrasis
2883 5643 2985 5696 vim
3025 5640 3257 5694 necdum
3292 5648 3562 5702 asscquor.
