4134 6314
332 428 437 493 769

1575 406 1753 488 Vm
1794 423 1858 488 s.
1900 426 2363 490 THEODORIE.

3485 428 3592 493 770

335 559 453 606 κεν,
480 539 629 594 οὐδὲν
659 539 794 612 πρὸς
821 540 912 594 τὸν
941 540 1098 608 λόγον
1119 555 1131 570 ⁶
1159 538 1188 592 ὃ
1217 537 1328 609 γάρ
1355 537 1548 593 τούτου
1583 538 1765 609 πολλῷ
1798 541 1918 610 μεῖ-

2025 540 2345 607 decertavit,
2369 551 2430 596 ut
2452 539 2775 598 admirabile
2801 539 2975 612 ipsius
2992 540 3274 598 silentium
3301 541 3594 616 ipsumque

335 633 462 696 ζον.
494 633 631 703 πρὸς
663 631 854 703 ἄγριον
889 633 1096 685 τούτων
1139 630 1382 702 χειμῶνα
1409 630 1506 685 καὶ
1531 631 1631 700 τὴν
1657 631 1910 684 ἐντεῦθεν

2019 632 2278 687 comitata
2315 633 2558 704 prodigia
2595 643 2826 689 taceam.

339 724 586 793 ἀνάγκην
627 723 766 795 μετά
809 722 1007 777 πολλοῦ
1048 724 1142 778 τοῦ
1186 724 1469 795 περιόντος
1499 724 1912 794 ἀπεμαχέσατο.
1954 724 2064 776 Καὶ
2109 730 2297 782 σιωπῶ
2337 727 2435 798 τὴν
2475 729 2728 798 ὑπερφυῆ
2769 729 3012 802 σιωπὴν,
3063 731 3162 784 καὶ
3237 728 3355 801 μετ’
3425 733 3596 802 αὐτὴν

341 832 476 886 τερα
484 833 545 869 στ
553 834 624 870 ια.

414 919 503 982 ιη’.
548 910 668 965 Ἰὼσ
696 912 796 984 τὴν
828 913 958 984 περὶ
983 912 1052 966 τά
1080 913 1228 966 δεινὰ
1262 913 1558 983 καρτερίαν
1592 912 1921 982 θαυμάσασα

341 1003 595 1056 τοσοῦτον
630 1003 1052 1073 ὑπερεϐάλλετο,
1083 1005 1207 1058 ὅσον
1232 1005 1260 1056 ό
1291 1004 1388 1074 μὲν
1415 1003 1507 1056 ἐπὶ
1544 1003 1775 1074 σμικρὸν
1795 1004 1924 1074 χρό-

339 1110 449 1159 νον,
487 1095 523 1165 η
564 1093 621 1148 δέ
651 1094 738 1148 διὰ
775 1095 893 1166 βίου
933 1095 1137 1158 παντὸς
1174 1096 1379 1165 ταύτην
1425 1096 1794 1167 κατώρθωσε,
1829 1098 1924 1151 καὶ

336 1185 603 1253 προσέτι·
643 1186 737 1237 καὶ
781 1179 857 1239 ὧν
888 1187 1094 1249 ἐκεῖνος
1124 1186 1221 1256 οὐχ
1267 1184 1409 1239 ἐκὼν
1441 1185 1756 1255 ἐγυμνώθη,
1794 1186 1922 1240 τού-

335 1289 447 1328 των
479 1274 694 1346 ἀπέστη
726 1277 837 1340 τοῖς
867 1277 1061 1347 πένησι
1093 1275 1366 1348 Θεοδώρα,
1397 1277 1624 1348 μηδενὸς
1653 1277 1803 1340 ὄντος
1832 1278 1924 1331 τοῦ

337 1361 684 1433 βιαζομένου.
722 1364 904 1419 Ἠλίου
934 1368 1034 1438 τὴν
1059 1366 1293 1436 ἐρημίαν
1319 1366 1413 1419 καὶ
1440 1367 1539 1436 τὴν
1568 1367 1814 1420 ἐντεῦθεν
1835 1384 1926 1436 φι-

335 1451 601 1522 λοσοφίαν
645 1455 852 1524 μεταξὺ
885 1455 1096 1509 πολλῶν
1127 1454 1504 1526 κατωρθώκει,
1535 1456 1611 1519 ὡς
1651 1461 1745 1510 καὶ
1779 1458 1920 1510 κατά

332 1545 429 1599 τὸν
457 1545 629 1599 Δαὸὶδ
669 1547 849 1616 λέγειν
886 1547 1065 1618 ἔχειν,
1115 1566 1136 1601 ι
1186 1549 1515 1618 Καταμόνας
1553 1550 1670 1618 είμὶ
1721 1547 1854 1616 ἐγώ.
1893 1566 1913 1600 ι

347 1633 490 1688 Ἀλλ’
518 1637 579 1690 οὐ
621 1638 891 1710 κεκήρυξε
927 1639 1025 1709 μὲν
1069 1639 1264 1708 ’Δμνδν
1305 1639 1400 1693 τοῦ
1432 1638 1569 1692 Θεοῦ
1593 1677 1608 1702 ,
1647 1640 1790 1692 κατά
1828 1638 1920 1692 τὸν

349 1723 606 1796 Ἰωάννην
623 1742 640 1758 ο
669 1727 771 1796 τὴν
793 1729 849 1780 δὲ
869 1729 1082 1781 ἐκείνου
1109 1728 1436 1798 φιλοσοφίαν
1459 1731 1535 1799 (ρ)
1566 1729 1620 1780 εί
1641 1746 1726 1791 τις
1751 1745 1923 1799 μιμη-

335 1817 552 1887 σαμένη
584 1818 802 1883 ἐδέξατο
823 1817 1034 1885 τοῦτον,
1063 1820 1158 1874 καὶ
1186 1820 1322 1884 νεὼς
1349 1821 1564 1889 ἐγένετο
1589 1821 1751 1886 θεῖος,
1779 1821 1807 1872 δ
1827 1823 1920 1874 τοῦ

337 1908 576 1977 κηρύξαι
605 1909 753 1964 οὐδὲν
803 1910 1024 1964 ἔλαττον
1053 1910 1128 1974 ὥς
1157 1912 1210 1980 γ’
1237 1911 1348 1980 ἐγὼ
1408 1911 1633 1982 νομίζω.
1662 1912 1723 1965 El
1752 1912 1806 1964 δὲ
1844 1913 1921 1982 μὴ

335 2003 433 2054 καὶ⁴
483 2004 623 2056 κατά
659 2004 788 2066 τοὺς
839 2003 1171 2067 ἀποστόλους
1223 2005 1403 2059 πᾶσαν
1447 2005 1546 2073 τὴν
1595 2004 1921 2074 οἰκουμένην

332 2093 497 2166 διῄει,
545 2096 615 2150 τά
661 2097 906 2169 σωτήρια
937 2097 1104 2150 πᾶσιν
1142 2095 1459 2149 ύποτιθεῖσα
1483 2111 1500 2127 ο
1547 2095 1662 2148 ἀλλ’
1702 2091 1784 2158 οἷς
1823 2097 1918 2149 καὶ

333 2188 518 2259 λόγοις
564 2193 665 2260 μὲν
701 2192 850 2246 ἐστιν
881 2193 990 2257 ὅτε,
1030 2190 1208 2262 πολλῷ
1235 2191 1292 2243 δὲ
1325 2190 1487 2244 πλέον
1516 2192 1573 2245 ἐν
1602 2190 1783 2261 ἔργοις
1823 2191 1916 2244 καὶ

334 2280 404 2348 τῇ
452 2280 664 2333 ἐκεῖθεν
695 2282 875 2334 πειθοῖ
906 2276 974 2357 (ᾖ
1006 2281 1102 2352 τῆς
1139 2283 1205 2335 ἐκ
1235 2281 1346 2336 τῶν
1379 2281 1553 2350 λόγων
1585 2282 1765 2354 πολλῷ
1802 2285 1917 2346 τοῖς

335 2369 485 2433 ὅλοις
521 2371 761 2440 ἀμείνων
792 2373 928 2444 πρὸς
960 2374 1020 2427 τὸ
1045 2374 1326 2445 συμφέρον
1359 2377 1568 2438 πάντας
1594 2377 1801 2446 όδήγει)
1835 2377 1916 2439 είς

339 2464 526 2516 πᾶσαν
555 2463 655 2537 τὴν
680 2465 784 2535 γῆν
815 2471 935 2520 κατ’
961 2468 1157 2532 αὐτοὺς
1187 2472 1280 2523 τὸν
1322 2468 1572 2540 φθόγγονὁ
1597 2469 1916 2539 ἐξήνεγκεν.

339 2550 502 2606 Οῦτω
534 2557 765 2624 μεγίστη
791 2558 981 2612 πασῶν
1013 2559 1156 2630 (q)...
1196 2561 1323 2624 τοὺς
1364 2560 1701 2631 προύχοντας
1729 2562 1822 2614 καὶ
1849 2559 1918 2614 τὰ

342 2643 558 2714 μεγαλα
587 2649 739 2716 παρὰ
769 2648 891 2720 Θεῷ
920 2649 1270 2720 δυναμένους,
1300 2651 1426 2715 τοὺς
1463 2652 1561 2722 μὲν
1595 2653 1807 2721 κάκρας
1833 2669 1920 2722 μι-

344 2734 662 2806 μησαμένη,
700 2739 827 2802 τοὺς
866 2739 924 2792 δέ
967 2733 1048 2804 οἷς
1089 2741 1227 2812 ἔφην
1275 2743 1711 2813 παρενεγκοῦσα.
1755 2745 1829 2796 Σὺ
1875 2741 1926 2798 δ’

343 2825 539 2881 ἔπειτα
564 2831 657 2883 καὶ
685 2831 821 2902 πρὸς
849 2833 941 2886 τὸν
967 2835 1244 2906 Δεσπότην
1265 2837 1508 2907 ἐποιήσω
1535 2837 1635 2906 τὴν
1661 2835 1919 2904 ἅμιλλαν,

347 2921 794 2990 συσταυρωθεῖσα
819 2924 911 2976 καὶ
942 2929 1294 2992 συνταφεῖσα,
1319 2926 1404 2978 ῖνα
1436 2927 1528 2980 καὶ
1556 2929 1917 2998 συναναστῇς,

343 3010 444 3064 καὶ
471 3011 854 3084 συνδοξασθῇς,
893 3015 989 3069 καὶ
1023 3015 1486 3087 συμϐασιλεύσῃς.

419 3200 507 3254 ιθ’.
553 3200 614 3254 Ἦ
649 3201 746 3271 μὲν
783 3200 878 3256 οὖν
908 3201 1052 3256 οὕτω
1082 3204 1336 3275 μεγίστη,
1369 3203 1504 3258 Θεοῦ
1536 3204 1674 3276 πρὸς
1706 3201 1921 3274 ἀνθρὼ-

343 3308 472 3354 ποις
523 3292 826 3363 φιλοτιμίᾳ,
864 3297 1118 3362 φανεῖσα,
1166 3295 1379 3348 καὶτὸν
1418 3294 1518 3366 τῆς
1549 3295 1750 3366 ἀρετῆς
1796 3298 1922 3364 ὅρον

2093 909 2184 966 l8.
2224 910 2349 966 Jobi
2383 910 2437 964 in
2470 909 2715 966 adversis
2746 910 2943 965 mirata
2973 910 3371 976 constantiam,
3403 909 3594 965 eadem

2019 1004 2238 1058 videtur
2265 1018 2620 1073 supergressa
2644 1020 2656 1055 :
2685 1002 2811 1071 quia
2838 1018 2943 1056 non
2963 1003 3030 1058 ad
3061 1004 3355 1067 modicum,
3378 1003 3472 1058 sed
3501 1017 3598 1072 per

2023 1110 2242 1150 omnem
2276 1095 2445 1149 vitam
2475 1094 2529 1148 in
2554 1109 2617 1148 ea
2643 1094 3046 1164 perseveravit;
3073 1106 3126 1149 et
3146 1095 3348 1165 quibus
3375 1095 3464 1150 ille
3485 1109 3595 1149 non

2023 1203 2121 1244 sua
2160 1196 2353 1256 sponte
2381 1195 2579 1240 exutus
2607 1193 2692 1239 est
2711 1226 2725 1249 ,
2760 1187 2874 1239 haec
2904 1184 3188 1240 Theodora
3221 1185 3431 1240 dimisit
3461 1200 3598 1253 pau-

2024 1279 2250 1350 peribus
2272 1317 2288 1341 ,
2328 1277 2546 1330 nemine
2574 1292 2693 1331 eam
2725 1275 2791 1330 ad
2820 1275 2872 1329 id
2903 1284 3154 1344 cogente.
3181 1275 3314 1331 Elian
3341 1276 3597 1348 solitudi-

2025 1386 2147 1424 nem
2183 1372 2345 1439 eique
2380 1370 2658 1438 propriam
2700 1366 3137 1436 philosophiam,
3169 1367 3331 1420 etiam
3373 1367 3428 1420 in
3459 1379 3596 1420 con-

2021 1464 2193 1517 sortio
2233 1460 2471 1532 plurium
2495 1500 2510 1526 ,
2563 1460 2643 1516 sic
2686 1460 2877 1525 coluit,
2911 1466 2971 1512 ut
3003 1466 3184 1528 posset
3224 1472 3351 1511 cum
3395 1457 3599 1512 Davide

2020 1553 2241 1616 dicere,
2279 1550 2542 1605 Solitaria
2581 1565 2697 1603 sum
2734 1565 2827 1619 ego
2870 1549 2912 1604 ¹.
2959 1548 3222 1614 Quamvis
3267 1557 3448 1603 autem
3485 1565 3596 1604 non

2018 1645 2418 1715 praedicaverit,
2449 1644 2594 1697 velut
2642 1643 2914 1706 Joannes,
2972 1641 3068 1697 Dei
3120 1641 3372 1711 Agnum;
3425 1641 3598 1710 ipsius

2024 1746 2206 1790 tamen
2251 1736 2701 1790 exercitationem
2750 1735 2797 1789 si
2841 1734 2967 1804 quis
3011 1733 3153 1789 alius
3200 1734 3434 1799 imitata,
3469 1749 3596 1788 eum

2022 1829 2280 1898 suscepit,
2307 1829 2540 1897 ejusque
2560 1827 2808 1881 divinum
2833 1825 2978 1880 facta
2999 1835 3083 1881 est
3110 1827 3402 1895 templum;
3424 1827 3595 1896 quod,

2021 1930 2082 1972 ut
2131 1933 2230 1988 ego
2284 1917 2504 1987 quidem
2549 1915 2848 1980 existimo,
2903 1915 3077 1970 nihilo
3127 1924 3214 1969 est
3261 1915 3596 1984 praedicandi

2025 2025 2252 2065 munere
2282 2010 2532 2065 inferius.
2554 2008 2669 2064 Non
2695 2009 2787 2062 illa
2816 2007 3036 2077 quidem
3066 2007 3254 2062 orbem
3278 2007 3596 2062 universum

2024 2102 2194 2156 obivit
2222 2116 2347 2155 cum
2384 2101 2680 2170 apostolis,
2713 2101 2931 2156 cunctis
2962 2099 3228 2155 salutaria
3259 2112 3592 2169 suggerens:

2023 2191 2119 2246 sed
2156 2191 2336 2246 verbis
2365 2191 2589 2261 quidem
2631 2192 2951 2261 aliquando,
2983 2192 3158 2247 multo
3198 2199 3380 2247 autem
3425 2191 3598 2260 magis

2023 2281 2307 2352 operibus,
2337 2291 2390 2335 et
2421 2280 2680 2372 suasione
2708 2296 2772 2335 ex
2803 2281 2888 2335 bis
2915 2297 3077 2351 quam
3109 2282 3216 2336 illis
3235 2282 3394 2352 longe
3419 2281 3600 2337 efﬁca-

2025 2374 2186 2440 ciori,
2214 2389 2405 2429 omnes
2426 2374 2700 2429 deducens
2720 2373 2778 2427 in
2800 2373 2943 2427 viam
2968 2373 3184 2437 salutis,
3213 2373 3268 2427 in
3288 2373 3598 2428 universam

2026 2473 2270 2529 terram,
2322 2466 2790 2536 quemadmodum
2841 2474 2898 2520 et
2941 2465 3079 2535 ipsi,
3127 2464 3310 2520 emisit
3376 2479 3599 2531 sonum,

2026 2559 2212 2630 itaque
2242 2561 2488 2614 omnium
2521 2560 2782 2624 maxima,
2826 2559 3318 2614 excellentissimos
3351 2573 3601 2629 quosque

2026 2663 2080 2706 et
2117 2667 2311 2722 magna
2345 2651 2487 2720 apud
2523 2650 2692 2706 Deum
2727 2649 2901 2720 gratia
2939 2649 3204 2713 valentes,
3239 2650 3440 2718 partim
3475 2651 3601 2720 qui-

2028 2743 2149 2798 dem
2187 2743 2580 2812 perfectissime
2610 2743 2820 2797 imitata
2851 2749 2953 2802 est.
2984 2741 3182 2810 partim
3217 2741 3285 2797 iis
3323 2756 3460 2811 quas
3489 2741 3602 2797 dixi

2028 2836 2325 2890 virtutibus
2347 2845 2762 2906 pratergressa.
2793 2833 3065 2900 Quoniam
3101 2849 3230 2888 vero
3254 2833 3433 2903 ipsum
3466 2847 3604 2904 quo-

2026 2943 2133 2999 que
2165 2927 2452 2983 Dominum
2507 2927 2891 2990 aemulabatur.
2924 2925 3072 2980 cruci
3114 2925 3491 2981 conﬁxa-cum
3533 2941 3603 2983 eo

2026 3031 2083 3077 et
2115 3019 2430 3090 consepulta
2459 3027 2563 3086 est,
2599 3029 2656 3073 ut
2683 3033 2806 3074 cum
2843 3033 2908 3072 eo
2938 3027 3253 3088 resurgeret
3279 3019 3334 3072 in
3370 3019 3603 3089 gloriam

2025 3120 2082 3167 et
2115 3110 2521 3180 conglorilicata
2549 3125 2672 3164 cum
2704 3110 2895 3164 eodem
2927 3119 3200 3179 regnaret.

2102 3200 2198 3258 l9.
2236 3201 2368 3265 Quae
2418 3199 2582 3268 igitur
2626 3199 2730 3253 hoc
2763 3199 2925 3253 modo
2970 3213 3196 3268 prorsus
3228 3197 3429 3254 eximia
3460 3197 3605 3253 inter

2031 3307 2260 3358 omnes,
2307 3306 2402 3359 per
2445 3289 2685 3342 divinam
2737 3303 2866 3357 erga
2914 3288 3163 3342 homines
3204 3280 3615 3356 dignationem,‘

343 3384 537 3451 σαφῶς
585 3383 990 3454 ἐπιδειξαμένη,
1041 3389 1133 3440 καὶ
1171 3380 1283 3439 οἷον
1329 3383 1470 3441 εἶναι
1513 3388 1620 3456 χρὴ
1657 3390 1761 3442 κάν
1796 3390 1919 3455 ,τοῖς

2027 3384 2269 3446 etl‘ulsit,
2313 3391 2368 3438 et
2411 3380 2632 3435 virtutis
2675 3380 2892 3434 culmen
2929 3387 3039 3432 tam
3075 3379 3367 3434 manifeste
3403 3381 3616 3446 tenuit,’

341 3476 530 3545 ἔργοις
545 3475 637 3528 τὸν
665 3473 833 3546 (νοῦν)
861 3475 983 3529 κατ’
1013 3476 1196 3530 είκόνα
1222 3479 1484 3546 γεγονότα
1509 3479 1659 3532 Θείαν
1682 3480 1772 3550 (r)'
1799 3481 1920 3532 ἐπεί

342 3582 412 3635 γε
462 3567 566 3619 οὐκ
609 3565 716 3620 ἀπὸ
743 3566 846 3636 γῆς
899 3565 996 3638 τὴν
1042 3568 1254 3636 γένεσιν
1289 3569 1467 3638 ἔσχεν,
1523 3571 1634 3622 οὐδ’
1672 3571 1922 3626 ἐντεῦθεν

341 3653 500 3713 είλκε
527 3659 594 3712 τὸ
628 3661 805 3728 γένος,
837 3658 953 3714 ἀλλ’
979 3663 1044 3714 ἐκ
1075 3660 1233 3732 (Θεοῦ
1250 3676 1268 3694 ο
1307 3661 1404 3714 τοῦ
1423 3661 1506 3731 δ’)
1535 3662 1644 3732 ἄρα
1671 3661 1804 3714 Θεοῦ
1830 3663 1921 3716 καὶ

339 3751 457 3806 τῶν
508 3751 787 3821 Ὀλύμπου
833 3753 1175 3824 πραγμάτων
1213 3752 1494 3819 ἐποθεῖτο,
1526 3755 1622 3806 καὶ
1663 3753 1919 3824 καθαρῶς

337 3839 655 3905 ἀπαλλάξαι
702 3841 813 3895 τῶν
847 3842 1031 3908 κάτω,
1072 3839 1147 3894 ὢν
1181 3842 1276 3894 καὶ
1309 3842 1546 3912 πρόσθεν
1576 3840 1730 3894 οὐδὲν
1761 3838 1924 3912 ἦττον

341 3948 560 4005 μετηρε
581 3970 598 3997 ,
640 3931 904 3985 λαϐέσθαι
935 3933 992 3986 δέ
1025 3932 1135 3986 τῶν
1167 3933 1282 3988 ἀνω
1313 3934 1408 3986 καὶ
1433 3932 1573 4003 αὑτῇ
1613 3933 1923 4003 προσηκόνο

335 4041 470 4080 των.
516 4027 629 4080 Καὶ
659 4026 839 4078 τοίνυν
874 4029 931 4080 ἐν
964 4025 1253 4096 βαθυτάτῳ
1293 4025 1389 4079 καὶ
1423 4024 1567 4096 μάλα
1598 4024 1747 4078 πίονι
1779 4026 1926 4095 γήρᾳ

338 4117 612 4172 καταλύει
639 4119 729 4171 τὸν
761 4117 898 4188 βίον,
926 4121 1020 4173 καὶ
1047 4118 1141 4173 νῦν
1169 4120 1320 4171 ἐστιν
1345 4119 1403 4170 ἐν
1429 4119 1542 4180 τοῖς
1569 4117 1820 4186 οὐρανοῖς
1848 4115 1926 4186 τῷ

339 4208 726 4280 καθαρωτάτῳ
759 4210 854 4263 καὶ
885 4210 1337 4280 ἀκραιφνεστάτῳ
1371 4209 1466 4262 καὶ
1491 4208 1760 4280 τρισηλίῳ
1795 4224 1926 4262 συν-

338 4301 480 4356 οῦσα
514 4304 695 4372 φωτὶ,
727 4303 824 4355 καὶ
849 4303 971 4365 ταῖς
1005 4301 1217 4356 ἐκεῖθεν
1255 4303 1470 4355 ἀκτῖσιν
1506 4300 1602 4371 δλη
1653 4300 1923 4372 γενομένη

341 4395 670 4468 φωτοειδὴς,
699 4391 1272 4466 ἐναργεῖςζάποδείξεις
1302 4393 1550 4461 ἐκφαίνει
1571 4393 1803 4463 ταυτησὶ
1826 4392 1925 4460 τῆς

343 4487 783 4558 μακαριότητος,
808 4487 872 4540 τὸ
903 4486 1065 4556 σῶμα
1091 4485 1154 4539 τὸ
1181 4484 1323 4540 θεῖον
1349 4483 1926 4556 μύρωνιάναδεικνῦσα

344 4581 560 4650 πηγήνο

421 4669 494 4722 κ’.
541 4665 706 4731 Ἀλλ’,
736 4660 781 4719 ὦ
811 4665 899 4719 διὰ
931 4665 1149 4720 πάντων
1180 4663 1430 4735 βελτίστη
1477 4664 1685 4731 πασῶν,
1720 4663 1816 4717 καὶ
1849 4663 1926 4735 μὴ

353 4756 524 4826 μόνον
569 4757 746 4818 πάσας
789 4757 1236 4826 ὑπερϐαλλομένη
1279 4757 1390 4818 τοῖς
1434 4754 1612 4819 ὅλοις,
1665 4754 1802 4806 ἀλλὰ
1837 4755 1931 4808 καὶ

351 4848 720 4919 διαφερόντως
754 4850 1103 4919 κοσμήσασαί
1142 4866 1188 4903 ω
1207 4846 1314 4901 τῶν
1346 4846 1661 4916 ἀσκητικῶν
1690 4845 1928 4916 ἱδρώτων

351 4939 485 5008 ὅρος
530 4939 623 4990 καὶ
669 4938 835 4999 τύπος
877 4940 1041 4991 πᾶσιν
1079 4939 1441 5007 ἀναφανεῖσα,
1483 4936 1577 4991 καὶ
1623 4934 1714 4988 διὰ
1755 4934 1930 4988 ταῦτα

353 5027 658 5099 ἀξιόχρεως
694 5029 794 5099 τῆς
818 5031 1046 5103 Τριάδος
1075 5033 1251 5099 ἐστία,
1284 5033 1376 5086 καὶ
1410 5032 1520 5085 τῶν
1551 5031 1756 5101 ταύτης
1788 5030 1926 5098 πρὸς

471 5212 490 5242 ί
531 5209 677 5268 Psal.
710 5226 863 5280 cvm,
891 5213 946 5268 8.

434 5426 525 5498 (Pl,
555 5424 656 5498 llic
699 5438 916 5498 quoque
951 5436 1059 5476 non
1087 5421 1203 5476 sine
1237 5422 1454 5486 mendo,
1490 5420 1935 5490 interponebatur

355 5490 566 5565 aliquid
599 5495 673 5557 ὡς
705 5490 738 5546 κ
768 5490 821 5547 οἷ
846 5493 909 5546 δ’.

429 5561 507 5636 (ξι)
547 5566 783 5620 Omnino
817 5565 1068 5617 videntur
1112 5562 1200 5615 hic
1249 5561 1430 5636 aliqua
1481 5561 1818 5616 desiderari:
1866 5562 1938 5636 _si_t

356 5632 506 5691 enim
541 5637 605 5688 ad
641 5637 814 5703 ipsam
869 5644 1112 5687 sanctam
1156 5633 1715 5703 apostrophe.’qnam
1769 5632 1930 5685 omisi

357 5705 555 5760 Latine
605 5702 933 5772 exprimere,
994 5704 1119 5771 quia
1175 5717 1281 5754 non
1337 5703 1472 5755 satis
1503 5702 1729 5772 delinire
1779 5711 1933 5772 pote-

359 5789 483 5827 ram
539 5769 688 5843 quid
726 5769 1070 5843 potissimum
1139 5772 1438 5840 supplendo
1510 5769 1693 5824 sensui
1768 5770 1933 5824 adde-

363 5857 479 5896 I'C‘lll
488 5881 502 5896 .

2024 3477 2376 3544 ostenditque
2407 3474 2562 3543 ipsis,
2592 3473 2736 3527 sicut
2759 3470 3070 3541 oportebat,
3095 3470 3378 3540 operibus,
3402 3471 3604 3528 habere

2025 3568 2274 3638 spiritum
2326 3567 2391 3621 ad
2429 3563 2669 3620 divinam
2709 3570 2953 3618 creatum
2986 3563 3275 3633 imaginem
3304 3563 3428 3631 (nec
3455 3563 3603 3618 enim

2023 3673 2091 3714 ex
2121 3667 2267 3713 terra
2299 3655 2671 3726 generationis
2696 3668 2811 3709 sua:
2841 3653 3171 3723 principium
3198 3653 3380 3719 habet,
3411 3657 3507 3711 sed
3534 3669 3603 3710 ex

2026 3748 2186 3817 Deo),
2213 3749 2456 3803 coelestia
2475 3745 2749 3800 adamavit
2767 3760 2950 3816 opera,
2971 3759 3141 3815 seque
3169 3747 3380 3802 studuit
3409 3762 3602 3817 puram

2027 3854 2249 3897 servare
2275 3842 2342 3893 ah
2380 3839 2583 3893 infimis
2615 3838 2788 3903 hisce,
2815 3839 3017 3908 quibus
3050 3852 3150 3892 nec
3189 3847 3347 3892 antea
3379 3837 3602 3907 quidem

2023 3946 2084 3987 se
2114 3933 2455 4001 permiserat,
2484 3939 2538 3984 et
2566 3931 2977 3999 apprehendere
3030 3944 3270 3999 superna
3326 3938 3493 3999 atque
3531 3929 3603 3985 ad

2025 4024 2257 4078 salutem
2301 4024 2566 4092 proticua.
2619 4023 2807 4090 Itaque
2860 4037 2912 4074 in
2950 4021 3219 4089 profunda
3261 4033 3424 4092 atque
3449 4022 3603 4077 uberi

2028 4122 2309 4172 senectute
2335 4129 2366 4169 e
2398 4113 2536 4167 vivis
2576 4113 2734 4176 abiit,
2767 4123 2821 4168 et
2851 4128 2997 4168 nunc
3029 4113 3084 4168 in
3127 4114 3281 4170 caelis
3319 4115 3604 4170 coexsistit

2026 4205 2328 4278 purissimo
2351 4219 2415 4259 ac
2439 4203 2840 4275 perfectissimo
2865 4206 3107 4260 trisolari
3128 4207 3358 4273 lumini;
3382 4221 3606 4262 inanan-

2025 4299 2281 4368 tibusque
2311 4314 2375 4353 ex
2407 4311 2471 4352 eo
2509 4297 2679 4352 radiis
2707 4307 2819 4352 tota
2849 4296 3040 4351 eﬂ‘ecta
3069 4296 3398 4366 lucil‘ormis,
3426 4298 3605 4357 claras

2025 4392 2530 4447 demonstrationes
2567 4390 2768 4460 praebet
2805 4389 2953 4444 illius
2986 4404 3098 4444 suae
3133 4388 3444 4456 beatitatis,
3477 4406 3606 4448 cor-

2027 4500 2130 4555 pus
2153 4500 2313 4540 suum
2348 4499 2566 4540 sacrum
2595 4482 2837 4538 elliciens
2866 4483 3073 4538 fontem
3099 4494 3529 4554 unguentorum.

2103 4667 2194 4723 20.
2240 4668 2465 4730 Verum,
2497 4681 2530 4722 ο
2567 4667 2858 4722 mulierum
2891 4665 3374 4736 prastantissima,
3408 4676 3464 4723 et
3492 4682 3604 4724 non

2027 4762 2206 4818 solum
2241 4775 2432 4814 omnes
2458 4774 2811 4829 supergressa
2837 4758 3014 4829 quoad
3045 4759 3252 4825 omnia,
3283 4758 3376 4812 sed
3407 4773 3606 4816 omnes

2027 4853 2192 4908 etiam
2237 4852 2606 4908 diversimode
2635 4852 2944 4906 exornans!
2978 4848 3022 4904 Ο
3051 4850 3304 4904 laborum
3338 4850 3608 4906 ascetico-

2025 4960 2148 4999 rum
2187 4943 2488 5012 exemplar,
2523 4953 2577 4998 et
2609 4957 2800 4997 norma
2830 4941 3044 4995 cunctis
3072 4941 3371 5010 proposita,
3402 4955 3607 5012 perque

2032 5037 2184 5106 ipsos
2239 5034 2428 5091 effecta
2481 5034 2706 5104 dignum
2760 5032 3044 5088 Trinitatis
3090 5031 3502 5097 habitaculum,
3551 5042 3606 5086 et

2113 5424 2184 5493 (r)
2227 5421 2434 5493 Mallem
2488 5434 2629 5493 nunc
2658 5417 2851 5474 Latine
2881 5421 2961 5474 sic
3011 5419 3139 5493 legi,
3171 5437 3189 5469 ι
3221 5425 3602 5493 summamque

2033 5484 2422 5560 perfectionem
2486 5490 2806 5564 praeferens,
2864 5484 3143 5564 ostendit,
3206 5484 3415 5564 qualem
3456 5492 3604 5564 ’esse

2033 5557 2282 5631 oporteat
2328 5576 2475 5624 eum,
2531 5560 2620 5628 qui
2673 5562 2970 5614 secundum
3017 5557 3252 5631 divinam
3307 5557 3600 5631 imaginem

2032 5618 2207 5686 factus
2261 5639 2374 5694 est;
2426 5618 2685 5697 quoniam
2720 5645 2748 5682 a
2788 5641 2932 5683 terra
2963 5626 3225 5697 originem
3275 5634 3377 5672 non
3412 5618 3597 5697 habet,

2033 5683 2206 5770 neque
2234 5683 2550 5767 indc'ge'nus
2583 5701 2744 5770 traxit
2772 5703 2866 5754 sed
2903 5714 2967 5752 ex
3003 5683 3133 5757 D50;
3163 5691 3392 5758 ideoque
3424 5683 3592 5738 Deum

2028 5781 2080 5825 et
2122 5769 2208 5824 res
2239 5770 2488 5824 caelestes
2530 5769 2891 5824 desiderabat.
2930 5787 2950 5818 ι
