4196 6308
572 389 684 455 775
1761 381 2212 443 GREGORIUS

2179 383 2212 443 s
2249 381 2616 442 ramus.
3299 335 3306 340 ’
3727 371 3836 435 ’176

577 503 944 573 metropolitre
980 499 1370 554 Euehaitarum
1403 515 1415 552 :
1450 495 1600 552 Isaac
1641 496 2005 568 Madytarum,
2040 495 2359 551 'I‘heodulus
2394 493 2544 548 Rosii
2588 491 2893 565 ('Pwalou),
2923 490 3118 546 Esaias
3150 487 3412 560 Selybrite
3445 497 3500 541 et
3532 487 3836 555 Gregorius

581 589 1012 661 I’ompeiopolis.
1055 586 1290 656 Incipit:
1343 587 1552 647 Ὄντως
1604 584 1781 647 οὐδεὶς
1837 584 2016 646 οὕτως
2045 583 2238 653 ἁρχιτέ

2178 583 2410 634 τέκτων.
2462 581 2594 635 Item
2645 591 2825 634 tomus
2856 589 2911 633 et
2963 576 3402 633 anathematismi
3434 575 3488 628 in
3531 573 3834 643 Palamam,

578 660 733 734 editi
762 691 948 731 mense
997 675 1146 731 Julio
1193 674 1437 744 ejusdem
1494 673 1647 736 anni,
1685 688 1827 743 quos
1873 673 2100 727 exhibet
2130 672 2320 727 Graece
2372 678 2427 723 et
2484 667 2677 723 Latine
2727 667 3000 729 Allatius,
3052 663 3222 720 Grec.
3275 663 3559 716 orthodox.
3602 673 3738 716 tom.
3794 660 3836 725 I,

586 783 641 837 p.
675 764 918 820 788-805
942 779 957 828 ;
993 771 1045 816 et
1079 761 1152 814 De
1173 776 1451 825 consensu,
1478 775 1532 829 p.
1560 759 1685 814 805.
1714 758 1906 827 Incipit
1932 777 1945 814 :
1968 758 2243 812 Ἀκούσατέ

2178 775 2287 821 ατε,
2317 757 2480 826 φυλαὶ
2505 756 2604 824 τῆς
2631 757 2752 823 γῆς.
2779 753 3023 822 Denique
3046 761 3226 806 tomus
3254 760 3444 803 contra
3472 749 3835 816 Nicephorum

586 854 886 922 Gregoram
924 862 977 906 et
1011 851 1148 904 alios
1178 847 1448 902 Barlaami
1482 858 1536 902 et
1563 848 1832 918 Acimlyni
1865 853 2326 916 propugnatores,
2377 843 2562 899 editus
2604 858 2790 896 mense
2842 843 3090 909 Augusto
3123 854 3256 894 ann.
3293 838 3451 900 1551,
3486 839 3581 906 qui
3616 839 3837 900 quidem

588 952 773 995 tomus
807 940 909 996 sub
939 939 1096 992 titulo
1126 937 1575 1006 pseudo-synodi
1609 934 1946 990 Palamiticaa
1979 934 2166 990 Graece
2203 943 2256 986 et
2285 931 2474 985 Latine
2501 937 2680 985 exstat
2707 929 2761 981 in
2793 927 3055 982 Auctario
3106 927 3412 979 novissimo
3447 924 3586 977 Bibl.
3621 922 3839 978 Graeco-

589 1043 710 1081 rum
746 1025 970 1080 Patrum
998 1025 1422 1084 Combelisiano,
1455 1032 1610 1090 parte
1659 1024 1852 1087 altera,
1903 1038 1957 1091 p.
1997 1019 2232 1076 155-176
2283 1017 2477 1089 [Mansi
2523 1026 2656 1070 tom.
2689 1013 2881 1077 XXVI,
2931 1029 2985 1083 p.
3051 1013 3176 1076 1‘27,
3225 1010 3362 1082 sq.],
3418 1011 3623 1065 additis
3673 1012 3836 1064 etiam

587 1115 776 1169 notis:
817 1126 871 1167 et
907 1113 963 1166 in
998 1111 1105 1165 vol.
1151 1111 1348 1164 ultimo
1386 1110 1750 1164 conciliorum
1777 1111 1910 1164 edit.
1961 1107 2257 1168 Harduini,
2293 1121 2344 1174 p.
2379 1104 2505 1169 285,
2539 1105 2633 1173 qui
2682 1110 2860 1166 notat,
2910 1102 3078 1168 hujus
3107 1099 3242 1154 tomi
3281 1099 3602 1151 meminisse
3637 1098 3836 1151 Canta-

589 1217 880 1265 cuzenum,
916 1199 1008 1263 IV,
1039 1201 1109 1255 25
1139 1199 1278 1255 Hist.
1315 1198 1506 1267 Incipit
1537 1215 1552 1253 :
1588 1197 1729 1253 Οὔτε
1759 1199 1860 1267 τὴν
1891 1200 2033 1250 κατὰ
2072 1198 2169 1264 τῆς
2221 1196 2246 1247 ‘l

2221 1192 2547 1262 Ἐκκλησίας
2599 1189 2693 1244 τοῦ
2736 1189 2916 1242 κοινοῦ
2973 1189 3259 1257 πολεμίου.
3309 1185 3676 1240 Snbscribunt
3719 1195 3839 1253 post

590 1290 976 1355 imperatorem
1033 1286 1300 1340 Joannem
1363 1286 1811 1342 Cantacuzenum
1868 1297 1920 1340 et
1976 1283 2345 1355 patriarcham
2424 1278 2586 1336 CPol.
2682 1277 3014 1342 Callistum,
3075 1273 3440 1342 metropolita:
3498 1275 3556 1336 ὅ,
3613 1279 3668 1327 et
3725 1273 3838 1342 cpi-

589 1376 741 1445 scopi
804 1375 860 1428 '5.

663 1483 1133 1552 Archiepiscopus
1163 1480 1681 1537 Thessalonicensis
1729 1481 2016 1536 ordinatus
2067 1488 2152 1534 est
2180 1477 2400 1532 Palama
2439 1473 2600 1542 jussu
2652 1472 3024 1527 Cantacuzeni
3082 1471 3214 1540 imp.
3251 1469 3396 1539 apud
3449 1483 3615 1538 quem
3654 1467 3840 1538 singu-

591 1569 781 1624 lariter
804 1569 1081 1638 gratiosus
1107 1568 1232 1636 fuit,
1262 1572 1332 1623 ab
1363 1567 1576 1624 Isidoro
1607 1569 1714 1624 ΟΡ.
1745 1570 1892 1623 circa
1928 1583 2058 1620 anu.
2093 1564 2256 1630 1319,
2305 1564 2401 1619 sed
2433 1579 2461 1614 a
2498 1561 2774 1631 praefectis
2804 1561 2956 1614 urbis
2993 1559 3139 1614 haud
3173 1559 3449 1612 admissus
3483 1557 3552 1627 (j)
3587 1558 3641 1610 in
3677 1554 3837 1609 Lem-

591 1671 722 1710 num
757 1655 995 1709 insulam
1033 1657 1282 1721 secessit,
1336 1665 1502 1726 atqtte
1548 1657 1676 1710 inde
1723 1670 1985 1710 reversus
2032 1651 2258 1716 CPolin,
2307 1649 2518 1720 synodo
2549 1665 2680 1702 ann.
2717 1648 2879 1708 1551,
2931 1647 2998 1701 de
3049 1661 3157 1715 qua
3203 1646 3317 1714 jam
3369 1644 3507 1710 dixi,
3563 1641 3832 1696 interfuit.

594 1740 851 1795 Defuncti
891 1741 1084 1795 laudes
1123 1742 1455 1811 panegyrica
1489 1744 1742 1797 oratione
1785 1740 2083 1796 celebravit
2120 1738 2440 1794 Philotheus
2487 1735 2801 1804 patriarcha
2849 1733 3014 1788 CPol.
3057 1733 3255 1801 Incipit
3287 1749 3301 1786 :
3332 1731 3634 1800 Γρηγόριος
3679 1729 3777 1799 μὲν
3811 1729 3836 1781 6

595 1830 771 1896 μέγας
803 1828 1167 1898 πανηγύρεως
1196 1830 1473 1893 ὑπόθεσις.
1509 1829 1648 1885 Bibl.
1680 1830 2001 1884 Coislinian.
2037 1844 2092 1898 p.
2133 1825 2247 1879 167

2176 1825 2268 1889 67,
2298 1824 2522 1878 Cantica
2549 1821 2792 1892 ejusdem
2827 1819 3102 1876 Philothei
3131 1822 3240 1875 duo
3267 1819 3502 1889 στιχηρὰ
3532 1818 3587 1872 in
3621 1817 3833 1871 Iaudem

592 1915 827 1970 Palamae
857 1916 1257 1985 thaumatnrgi,
1291 1932 1398 1970 una
1431 1933 1554 1972 cum
1589 1917 1889 1988 ἀκολουθίᾳ
1919 1916 2036 1988 sive
2067 1913 2246 1969 ollicio
2278 1913 2329 1965 in
2370 1911 2623 1965 eumdem
2677 1927 2780 1966 ms.
2832 1910 2888 1963 in
2921 1909 3059 1988 bibl.
3094 1908 3367 1962 Caesarea.
3401 1907 3693 1960 Canticum
3727 1905 3837 1974 pri-

592 2019 740 2056 lllllll]
771 2002 996 2073 incipit:
1021 1981 1324 2072 Et’atppaiivou
1359 2006 1415 2056 ὲν
1445 2004 1656 2072 Κυρίῳ,
1687 2005 1839 2064 πόλις
1864 1981 2249 2072 θεσσοῗλονίκη.

2177 2020 2255 2072 (η.
2280 2001 2558 2056 Alterum:
2583 1998 2830 2070 Χαίροις,
2855 1984 2953 2066 τῆξ
2981 1993 3264 2059 εὐσεϐείας
3285 1995 3532 2078 φωστῄρ.
3554 1992 3834 2048 Officium:

596 2091 778 2160 Πάτερ
834 2090 947 2160 laps
975 2091 1270 2162 Γρηγόριε,
1309 2091 1373 2144 σὺ
1405 2090 1496 2143 τὸν
1544 2089 1679 2142 Θεὸν
1715 2093 1780 2142 ὲκ
1827 2091 2020 2152 παιδὸς
2059 2091 2354 2161 ἀγαπήσας
2403 2086 2666 2157 ὲξέφυγες
2714 2086 2909 2157 ὑλικὴν
2939 2083 3340 2156 προσπάθειαν.
3399 2081 3534 2138 Vide
3576 2080 3838 2135 Lambec.

595 2176 661 2244 V,
697 2191 750 2244 p.
783 2177 885 2232 195
915 2193 1031 2248 seq.
1064 2177 1142 2248 [ρ.
1167 2177 1270 2232 406
1305 2193 1425 2247 sqq.
1457 2175 1563 2231 440
1595 2187 1647 2231 et
1679 2175 1802 2240 600,
1835 2176 1922 2231 ed.
1961 2176 2129 2249 Koll.]

669 2268 1013 2338 Nicephorus
1048 2268 1321 2337 Gregoras
1373 2268 1468 2322 lib.
1514 2283 1670 2331 χχιιι,
1699 2282 1752 2336 ρ.
1787 2266 1915 2334 699,
1953 2276 2188 2322 testatur
2246 2269 2524 2325 Palamam
2563 2268 2705 2323 ultra
2754 2265 3037 2334 sexaginta
3088 2264 3280 2332 λόγους
3328 2261 3730 2330 composuisse,
3776 2259 3844 2314 ad

594 2371 757 2426 quem
791 2357 972 2410 locum
1015 2353 1177 2410 Joan.
1212 2355 1475 2410 Boivinus
1517 2356 1571 2408 in
1612 2354 1783 2420 notis,
1820 2369 1876 2424 p.
1913 2354 2040 2416 805,
2077 2354 2352 2419 observat,
2395 2358 2448 2410 in
2496 2371 2606 2412 uno
2649 2355 2838 2411 codice
2873 2354 3045 2423 (regio
3083 2353 3246 2422 2404)
3288 2352 3542 2406 homilias
3583 2351 3846 2418 variaque

593 2446 859 2514 cpuscula
891 2445 1129 2500 Palama:
1159 2444 1431 2500 contineri
1464 2443 1585 2510 plus
1613 2458 1779 2512 quam
1818 2443 2183 2513 septuaginta.
2215 2443 2304 2514 [ν.
2338 2444 2505 2514 paull.
2543 2453 2685 2513 post,
2738 2441 2805 2496 ad
2848 2458 2902 2496 η.
2936 2441 3055 2512 21.]
3087 2440 3205 2493 Alia
3249 2454 3358 2492 non
3400 2453 3571 2508 pauca
3623 2447 3844 2489 exstare

595 2533 754 2587 obvia
791 2534 845 2586 in
878 2532 1001 2586 aliis
1031 2532 1342 2585 codicibus.
1378 2531 1567 2600 Itaque
1601 2539 1776 2598 putat,
1805 2531 2104 2600 Gregoram
2139 2540 2349 2585 tantum
2386 2530 2533 2598 loqui
2559 2529 2627 2583 de
2662 2528 2753 2593 iis,
2789 2543 2912 2596 qua:
2944 2526 3012 2580 de
3045 2527 3209 2581 rebus
3239 2523 3610 2580 controversis
3637 2524 3844 2592 scripta

594 2636 624 2674 ει
660 2619 878 2673 Palama
910 2626 1086 2682 erant,
1113 2633 1346 2688 quorum
1384 2619 1551 2671 multa
1591 2619 1834 2673 continet
1861 2620 2030 2674 codex
2058 2622 2240 2692 regius
2264 2618 2426 2672 2409.
2462 2618 2518 2671 In
2562 2617 2626 2671 iis
2666 2623 2793 2671 sunt
2828 2630 2843 2668 :

665 2707 708 2760 l.
753 2705 898 2759 Libri
944 2714 1127 2758 contra
1161 2705 1492 2774 Acindynum
1526 2705 1699 2758 decem
1733 2707 1988 2768 continui,
2022 2708 2112 2777 qui
2148 2721 2342 2762 omnes
2383 2706 2624 2774 exceptis
2680 2704 2852 2759 tribus
2903 2702 3316 2775 ’Δντιρρητικοὶ
3355 2703 3749 2758 inscribuntur.
3782 2701 3844 2754 In

599 2794 788 2849 codice
834 2791 1188 2860 Seguieriano
1219 2789 1290 2862 [ε.
1315 2790 1543 2845 Coislin.
1601 2789 1834 2864 XCVIII]
1875 2801 2080 2860 septem
2129 2793 2542 2866 ἀντιρῤητικοῖς
2575 2791 2976 2860 praemittuntur
3006 2791 3138 2856 duo,
3183 2804 3330 2845 unus
3372 2789 3439 2844 ad
3483 2789 3842 2866 Athanasium

597 2882 778 2952 Cyzici
815 2880 1318 2949 archiepisc0pum,
1360 2879 1427 2933 de
1467 2879 1688 2948 scriptis
1717 2880 2008 2950 Acindyni,
2035 2896 2164 2934 num
2206 2896 2328 2934 cum
2362 2878 2651 2932 Barlaamo
2695 2878 3113 2932 concordarent.
3161 2877 3392 2946 lncipit:
3426 2876 3678 2947 Πυνθάνῃ
3711 2874 3844 2950 περὶ

601 2969 715 3022 τῶν
745 2967 842 3021 τοῦ
891 2966 1206 3020 ’Δκινδύνου
1238 2967 1714 3036 συγγραμμάτων.
1744 2966 1897 3020 Alter
1928 2967 1996 3021 de
2033 2968 2252 3022 distinct

2182 2966 2480 3022 lotionibus
2521 2966 2574 3019 in
2617 2964 2728 3019 Deo
2761 2965 3065 3021 secundum
3100 2967 3419 3036 hypostases
3450 2973 3502 3017 et
3537 2962 3839 3017 secundum

597 3051 970 3120 operationes.
1001 3049 1238 3117 Incipit:
1275 3049 1552 3110 Διονύσιος
1591 3051 1618 3102 ὁ
1670 3051 1845 3119 μέγας
1876 3050 2148 3119 αὐτήκοος
2197 3070 2254 3120 γε

2197 3053 2440 3122 γεγονὼς
2479 3052 2574 3120 τῆς
2607 3051 2716 3104 τῶν
2763 3051 3108 3105 Ἀποστόλων
3149 3051 3358 3123 φωνῆς.
3393 3049 3611 3106 Tertius
3651 3050 3844 3104 ultimo

601 3141 722 3194 loco
764 3139 1053 3208 subjicitur
1093 3139 1160 3192 de
1190 3138 1377 3192 multis
1411 3139 1784 3208 impietatibus
1813 3137 2078 3194 Barlaami
2124 3151 2178 3195 ct
2221 3142 2258 3193 Α

2221 3138 2782 3210 Αείῐιάγιιὶ,Ἐκοεσις
2811 3139 2913 3208 τῆς
2955 3139 3065 3191 τῶν
3100 3139 3368 3208 Βαρλαὰμ
3399 3139 3494 3190 καὶ
3527 3136 3841 3190 Ἀκινδύνιυ

596 3227 1026 3296 δυσσεσημάτων
1075 3226 1365 3280 ἀλλοκότου
1410 3225 1674 3297 πληθύος.
1706 3225 1946 3296 Incipit:
1995 3227 2440 3298 Ἀποὸαλλόμεθα
2471 3227 2570 3298 τὴν
2597 3227 2968 3290 ἁσεὸεστάτην
3014 3226 3305 3279 ἀλλόκοτον
3354 3224 3586 3294 πληθύν.
3621 3221 3840 3290 Septem

599 3317 863 3370 librorum
893 3315 1318 3388 ἀντιῤῥητικῶν,
1345 3317 1438 3386 qui
1472 3318 1525 3370 in
1560 3320 1740 3386 capita
1775 3318 1974 3387 singuli
2007 3318 2170 3373 divisi
2206 3327 2354 3382 sunt,
2384 3325 2695 3370 accuratam
2743 3316 3118 3369 recensionem
3151 3325 3203 3368 et
3234 3316 3572 3386 singulorum
3601 3313 3843 3382 capitum

597 3412 914 3473 argumenta
947 3403 1168 3458 exhibet
1194 3401 1622 3458 Montfauconus
1652 3404 1704 3457 in
1743 3403 1886 3458 Bibl.
1911 3405 2263 3471 Coisliniana,
2293 3422 2347 3476 p.
2376 3405 2640 3460 156-167.
2677 3405 2876 3476 (nam)
2911 3403 3105 3460 Plures
3127 3404 3477 3460 Coislinianaz
3517 3405 3650 3460 bibl.
3692 3406 3846 3458 codi—

595 3507 709 3557 ces,
748 3492 842 3562 qui
873 3491 1156 3547 continent
1184 3490 1421 3546 Palamas
1457 3506 1581 3561 opp.
1621 3501 1978 3546 recensentur
2009 3503 2063 3547 et
2093 3495 2430 3564 singulorum
2462 3505 2783 3564 argumenta
2810 3493 3096 3563 diligenter
3127 3493 3442 3548 indicantur
3469 3508 3497 3546 a
3541 3491 3838 3547 Montt‘auc.

598 3579 633 3632 l.
669 3593 746 3644 c.,
775 3593 805 3632 a
845 3579 1002 3633 nobis
1049 3593 1182 3632 vero
1213 3579 1271 3631 h.
1303 3577 1340 3631 I.
1369 3592 1478 3632 non
1509 3587 1686 3648 potest
1725 3578 2067 3649 singulorum
2101 3585 2303 3638 mentio
2346 3586 2512 3653 repeti
2549 3601 2564 3650 ;
2601 3599 2657 3637 η.
2710 3599 2766 3653 p.
2803 3585 2902 3637 150
2926 3611 2997 3623 -—
3035 3582 3161 3646 157,
3203 3583 3326 3636 cod.
3358 3582 3425 3638 97
3464 3583 3516 3634 in
3555 3597 3664 3652 quo
3695 3596 3844 3651 repe-

597 3669 816 3723 riuntur
853 3669 1086 3724 Palama:
1117 3668 1354 3722 humilia:
1387 3677 1540 3723 sexta
1569 3682 1742 3737 usque
1768 3672 1834 3724 ad
1863 3669 2097 3724 Llem
2129 3672 2394 3741 (quinque
2427 3671 2574 3725 enim
2604 3672 2815 3740 priores
2865 3670 3123 3727 abscissae
3168 3669 3318 3740 sunt)
3375 3671 3621 3740 sequitur
3658 3685 3714 3723 η.
3750 3668 3840 3733 62,

601 3756 816 3810 libellus
840 3756 1066 3810 moralis
1095 3757 1366 3825 ἀκέφαλος
1394 3759 1483 3812 cui
1532 3757 1751 3825 praeﬁxa
1794 3769 1879 3813 est
1918 3759 2143 3828 epistola
2189 3763 2255 3814 ad
2303 3764 2566 3831 virginem
2607 3762 2932 3832 quamdam;
2981 3771 3038 3817 et
3075 3778 3130 3816 n.
3163 3762 3253 3826 66,
3291 3763 3539 3830 epistola,
3585 3778 3746 3832 quam
3776 3777 3844 3816 ex

598 3848 752 3914 Asia,
780 3847 1028 3916 captivus
1067 3863 1192 3901 cum
1223 3855 1389 3913 esset,
1421 3848 1490 3902 ad
1530 3847 1832 3903 Ecclesiam
1878 3863 2032 3904 suam
2071 3847 2322 3918 scripsit;
2376 3858 2490 3901 tum
2537 3864 2591 3918 p.
2632 3848 2899 3914 155-177,
2937 3849 2990 3902 in
3043 3851 3164 3903 cod.
3215 3849 3283 3903 98
3321 3851 3375 3902 in
3424 3865 3533 3918 quo
3577 3849 3844 3903 habentur

601 3935 837 3990 Palamze
872 3948 999 4004 opp.
1048 3935 1338 4003 permulta,
1367 3944 1549 3989 tomus
1585 3936 1794 4006 primus
1823 3935 1938 4006 (qui
1978 3944 2063 3991 est
2091 3937 2214 3990 cod.
2249 3935 2641 4006 Seguierianus
2671 3976 2684 4000 ,
2731 3949 2761 3990 a
2816 3935 3069 3990 Fabricio
3137 3937 3410 4004 laudatus)
3449 3935 3640 3989 ultimo
3679 3933 3841 4004 capiti

601 4024 825 4077 adnexae
855 4031 980 4076 sunt
1015 4021 1136 4074 dua:
1169 4019 1416 4090 Gregorii
1450 4022 1726 4090 epistolae;
1763 4022 1932 4077 altera
1964 4024 2032 4077 ad
2063 4023 2385 4078 Damianum
2411 4023 2831 4093 philosophum;
2865 4025 3036 4078 altera
3059 4024 3126 4078 ad
3151 4024 3498 4094 Dionysium,
3530 4040 3652 4093 quae
3683 4025 3844 4092 paulo

601 4120 746 4180 post,
782 4109 810 4182 §
839 4110 894 4175 6,
930 4110 1093 4165 etiam
1129 4110 1425 4166 adduntur.
1465 4111 1726 4182 Sequitur
1764 4110 2045 4178 Expositio
2085 4113 2351 4181 stupenda:
2383 4113 2737 4166 multitudinis
2772 4114 3104 4181 impietatum
3139 4113 3421 4167 Barlaami
3460 4125 3510 4167 et
3547 4114 3841 4183 Acindym’;

602 4201 713 4257 inc.
761 4200 1231 4271 Ἀποϐαλλόμεθα,
1261 4202 1359 4268 τὴν
1391 4200 1765 4269 ἀσεϐεστάτην
1791 4201 2077 4254 ἀλλόκοτον
2105 4199 2259 4269 πληθι

2183 4199 2334 4269 ηθύν.
2368 4229 2437 4239 -
2472 4199 2714 4269 Denique
2747 4199 2989 4267 Gregorii
3032 4197 3156 4254 Vita
3185 4217 3278 4269 per
3305 4199 3638 4255 Philotimum
3670 4203 3840 4268 patri-

599 4289 819 4342 arcltam
842 4302 861 4341 .'
897 4288 1018 4342 init.
1044 4288 1345 4357 Γρηγόριος
1381 4286 1482 4355 μὲν
1512 4289 1540 4339 ὁ
1577 4288 1753 4356 μέγας
1782 4297 1888 4341 etc.
1916 4311 1977 4328 -
2005 4289 2202 4344 Postea
2226 4305 2256 4359 p

2184 4304 2283 4359 ap.
2322 4290 2582 4354 167ο171,
2611 4291 2664 4344 in
2691 4291 2814 4345 cod.
2843 4291 2912 4346 99
2953 4300 3037 4345 est
3073 4300 3254 4347 tomus
3299 4293 3436 4346 alter
3475 4309 3604 4362 opp.
3641 4291 3841 4358 Grego-

604 4379 666 4433 rii
700 4377 771 4431 XI
809 4379 1042 4432 Palaina:
1072 4388 1264 4431 contra
1309 4377 1679 4448 Acindynum,
1715 4376 1951 4447 quorum
1993 4378 2234 4435 Indicem
2285 4377 2503 4447 plenum
2537 4379 2688 4434 dedit
2728 4379 3026 4437 Montfauc.
3064 4381 3122 4435 In
3153 4382 3260 4437 illis
3302 4397 3429 4452 opp.
3470 4391 3596 4437 sunt
3626 4396 3845 4451 quoque

607 4466 858 4532 epistolae
899 4464 1156 4530 Palamae,
1190 4480 1218 4516 a
1256 4463 1508 4517 Fabricio
1537 4463 1564 4534 §
1595 4462 1662 4516 VI
1709 4465 1963 4521 laudata.
1994 4496 2064 4506 —
2098 4468 2228 4522 Dein
2263 4484 2315 4538 p.
2352 4468 2605 4537 171-175,
2645 4470 2698 4524 in
2741 4471 2866 4526 cod.
2899 4472 2965 4538 C,
3013 4481 3192 4527 exstat
3237 4482 3420 4528 tomus
3483 4474 3677 4527 tertius
3715 4486 3842 4542 Opp.

605 4550 864 4604 Palamm.
896 4551 1102 4618 Agmen
1135 4548 1340 4603 claudit
1368 4550 1672 4619 Synodicus
1703 4560 1884 4607 tomus
1915 4565 2108 4608 contra
2155 4570 2271 4621 eos,
2321 4561 2413 4630 qui
2450 4560 2724 4616 Barlaami
2765 4572 2820 4617 et
2864 4563 3134 4634 Acindyni
3179 4579 3422 4619 errorem
3476 4565 3652 4618 secuti
3695 4576 3842 4632 sunt,

605 4645 808 4717 Ephesi
844 4659 1037 4714 nempe
1067 4651 1121 4697 et
1149 4641 1284 4696 Gani
1308 4642 1553 4710 episcop.
1579 4640 1877 4711 Gregoram
1909 4655 1965 4700 et
1998 4646 2247 4712 Dexium,
2272 4656 2325 4701 et
2346 4647 2511 4715 alios,
2537 4650 2605 4704 ab
2630 4650 2697 4705 iis
2728 4665 2913 4705 secum
2949 4652 3232 4706 adductos.
3263 4655 3395 4706 Acta
3422 4661 3502 4707 est
3535 4654 3649 4708 haec
3682 4670 3847 4724 syno-

604 4741 708 4793 dus
749 4751 877 4790 ann.
905 4732 1006 4788 Ch.
1060 4734 1222 4799 1551,
1268 4731 1428 4799 eique
1462 4733 1615 4787 multi
1652 4732 2120 4802 subscripserunt.
2153 4764 2224 4777 —
2261 4733 2406 4789 Idem
2439 4746 2625 4791 tomus
2659 4745 2742 4792 est
2781 4737 2835 4791 in
2876 4739 2999 4793 cod.
3034 4739 3162 4795 101.
3191 4739 3255 4794 ν.
3289 4739 3588 4795 Montfauc.
3646 4757 3701 4810 p.
3744 4741 3846 4796 276

603 4843 720 4896 seq.
749 4823 965 4878 Fabric.
999 4820 1142 4876 inira
1177 4822 1231 4874 in
1268 4820 1379 4873 vol.
1415 4818 1558 4886 XIII,
1592 4837 1644 4891 p.
1677 4821 1804 4887 845,
1845 4823 1912 4874 de
1961 4821 2113 4876 hisce
2159 4822 2318 4876 codd.
2348 4822 2572 4878 Coislin.
2608 4825 2682 4878 ita
2715 4826 2938 4895 scripsit
2969 4845 2983 4882 :
3030 4845 3047 4877 ι
3077 4826 3415 4897 Ilypotheses
3444 4837 3497 4884 et
3527 4843 3847 4898 argumenta

603 4929 827 4981 operum
863 4910 1108 4965 omnium
1142 4908 1389 4978 Gregorii
1425 4907 1658 4962 Palama:
1693 4908 1748 4960 in
1781 4907 2024 4976 quinque
2056 4909 2412 4977 amplissimis
2450 4909 2617 4963 Coisl.
2668 4911 3009 4968 bibliotheca:
3041 4915 3168 4968 voll.
3216 4915 3269 4968 in
3325 4915 3420 4969 fol.
3461 4918 3843 4981 continentur,

604 5017 658 5052 ιι.
684 4999 772 5060 97,
802 4997 892 5060 98,
916 4996 1004 5061 99,
1033 4996 1135 5049 100
1155 5005 1209 5050 et
1237 4996 1359 5048 101.
1390 4994 1483 5049 Illa
1517 5009 1680 5064 porro
1704 5004 2027 5062 argumenta
2059 4995 2112 5048 in
2139 5005 2374 5066 quatuor
2398 4998 2796 5064 posterioribus
2824 5001 2985 5054 codd.
3021 5011 3191 5056 totam
3219 5003 3454 5058 Palamte
3482 5006 3628 5059 circa
3659 5008 3846 5060 lumen

603 5085 971 5139 Thaboricum
1008 5093 1060 5137 et
1091 5083 1276 5136 lumen
1308 5080 1402 5134 Dei
1433 5082 1738 5134 doctrinam
1767 5080 2228 5148 complectuntur,
2267 5098 2366 5137 nec
2411 5098 2516 5136 non
2550 5083 2973 5153 disceptationes
3003 5087 3244 5156 ejusdem
3276 5101 3468 5145 contra
3499 5094 3843 5164 Acindynum

603 5180 657 5226 et
687 5171 1029 5224 Barlaamum
1059 5168 1405 5223 adversarios
1438 5181 1588 5220 suos.
1623 5163 1816 5218 Totam
1848 5167 2031 5234 itaque
2058 5169 2208 5224 illam
2252 5172 2306 5225 in
2339 5170 2548 5226 Grazcia
2586 5175 2852 5230 celebeir.
2882 5181 3238 5246 quaestionem
3289 5183 3344 5234 in
3376 5182 3463 5237 his
3504 5163 3842 5252 argumentis

605 5259 988 5330 perspicimus.
1021 5254 1290 5325 Incipiunt
1321 5263 1641 5322 argumenta
1671 5268 1722 5321 p.
1755 5251 1879 5318 155,
1901 5253 2233 5311 clauduntur
2263 5273 2392 5312 vero
2419 5275 2472 5326 p.
2504 5260 2625 5313 177.
2659 5258 2716 5313 In
2755 5262 2946 5317 ultimo
2981 5274 3162 5318 autem
3201 5259 3322 5320 cod.
3354 5251 3624 5323 habentur
3651 5269 3840 5325 Philo-

607 5347 718 5401 thei
753 5345 1073 5415 patriarcha:
1102 5343 1162 5396 C.
1193 5341 1255 5396 P.
1289 5344 1434 5395 circa
1461 5342 1707 5394 eamdem
1737 5341 2091 5408 quaestionem
2139 5354 2328 5399 contra
2365 5345 2661 5422 Gregoram
2703 5347 3046 5404 Barlaamum
3093 5363 3145 5405 et
3183 5353 3523 5424 Acindynum
3553 5375 3566 5410 :
3598 5374 3699 5412 nec
3731 5375 3840 5414 non

607 5431 870 5503 Synodici
908 5431 1037 5483 tomi
1085 5439 1196 5483 tres
1224 5439 1413 5482 contra
1441 5428 1684 5480 eosdem.
1720 5425 1881 5480 Initio
1930 5429 2051 5481 cod.
2091 5431 2182 5484 101
2229 5434 2336 5487 duo
2387 5433 2511 5488 folia
2561 5435 2626 5488 ad
2661 5439 3118 5507 compingendum
3163 5440 3406 5496 adhibita
3450 5455 3600 5506 sunt,
3634 5448 3848 5502 decimo

604 5518 808 5574 saeculo
866 5529 1110 5582 exarata,
1135 5518 1224 5570 ubi
1253 5517 1616 5582 fragmentum
1660 5511 1882 5578 Vitonis,
1912 5514 2168 5584 Βίτωνος,
2206 5535 2261 5574 οι

2206 5535 2272 5574 ex
2299 5521 2462 5586 libro,
2487 5524 2573 5575 cui
2610 5523 2824 5590 titulus,
2890 5527 3222 5597 Κατασκευὴ
3255 5530 3566 5598 πολεμικῶν
3594 5533 3849 5603 ὁργάνων

606 5610 699 5662 καὶ
723 5605 1165 5660 καταπελτικῶν.
1202 5605 1257 5657 In
1297 5604 1390 5655 illo
1432 5604 1736 5670 lragmento
1769 5614 2184 5670 rcpraesentatur
2213 5611 2382 5679 lignra
2421 5613 2590 5680 gruis,
2630 5613 2980 5668 instrumenti
3011 5616 3577 5688 bellicialiqnantum
3626 5624 3848 5678 diversa

685 5788 748 5859 (ἱ)
780 5788 1116 5859 Nicephorus
1151 5789 1441 5860 Gregoras,
1477 5789 1594 5859 XII,
1622 5793 1677 5859 3,
1723 5795 1862 5850 Hist.
