4196 6308
403 267 513 342 78!
1855 270 2060 331 NOTI'I

1990 271 2181 330 ‘l'l‘lA.
2679 323 2688 329 ,
3515 258 3647 350 .782

409 377 556 432 Bibl.
593 373 983 435 coneionator.,
1021 387 1076 443 p.
1115 373 1203 428 15.
1237 372 1437 428 Eadem
1479 374 1865 446 Proscpoptxria
1915 374 2103 430 Latine
2132 375 2370 428 occurrit
2414 372 2580 428 etiam
2619 372 2671 427 in
2716 371 2840 427 aliis
2886 371 3236 429 Bibliotliecis
3283 373 3539 440 Patrum.
3589 390 3648 432 nt

413 464 591 518 Paris.
624 461 785 520 1654.
817 471 951 515 tom.
987 460 1092 524 IX;
1121 471 1175 515 et
1207 460 1399 516 Colon.
1440 462 1599 526 1618,
1626 474 1760 517 tom.
1791 463 1898 527 XI;
1934 475 1987 517 et
2013 462 2189 530 Lugd.
2226 461 2384 526 167³7,
2415 471 2547 514 tom.
2585 457 2774 514 XXVI.
2807 459 2913 512 Sed
2948 469 2999 512 et
3034 459 3239 515 Gallice
3269 463 3426 516 vertit
3456 464 3649 532 vulsa-

411 553 600 620 vitquc
627 549 892 602 Claudius
927 547 1271 617 Espcneaeus,
1292 547 1480 603 Paris.
1513 551 1671 613 1570.
1703 552 1756 605 8.
1788 547 2005 619 (Ρλιιιι.)
2034 549 2068 602 C

1987 547 2005 618 )
2034 548 2195 605 Coni.
2221 551 2338 602 (lat.
2369 548 2617 602 biblioth.
2649 545 2821 616 Lugd.
2857 563 2909 616 p.
2943 547 3012 602 17
3034 557 3084 599 et
3110 547 3236 613 250,
3260 557 3422 617 atque
3442 549 3644 606 Oudin.

415 637 456 692 I.
496 639 590 690 cit.
615 652 667 704 p.
695 635 822 696 845,
857 635 950 704 qui
984 636 1226 699 adnotat,
1263 636 1383 691 illas
1419 647 1585 692 oratt.
1627 647 1845 692 exstare
1884 638 1937 689 in
1981 637 2111 690 bibl.
2145 637 2484 706 Augustana,
2512 636 2635 690 cod.
2664 636 2750 689 75.
2780 666 2848 675 -—
2881 637 3152 703 Leguntur
3187 651 3405 705 quoque
3436 637 3489 690 in
3520 639 3646 691 cod.

427 723 735 778 Vindobon.
773 724 898 783 117,
932 741 987 779 n.
1015 724 1070 787 5,
1094 725 1184 789 qui
1220 734 1400 778 tamen
1426 736 1576 780 caret
1602 725 1846 793 judicum
1871 727 2155 778 sententia.
2187 725 2250 778 V.
2275 724 2482 780 Kollar.
2512 722 2788 794 Snpplem.
2817 722 2882 776 ad
2910 722 3184 777 Lambecii
3213 739 3414 779 comm.
3444 734 3576 778 tom.
3604 724 3650 789 I,

417 810 526 866 col.
563 809 688 874 686,
721 824 837 879 seq.
871 810 1094 881 (Hann)

489 895 632 950 XXI.
676 898 956 952 Orationes
998 913 1186 961 sacrm,
1233 898 1349 953 sive
1394 898 1643 953 Ilomitia:
1680 899 1820 952 bime
1864 901 1940 963 εἰς
1971 900 2069 972 τὴν
2102 917 2143 952 π

1989 900 2069 972 rip:
2102 900 2237 972 πρὸς
2269 900 2337 951 τὰ
2380 899 2547 968 Ἀγια
2575 899 2683 952 τῶν
2710 897 2885 965 ἁγίων
2945 897 3170 951 εἴσοδον.
3215 898 3372 954 Prior
3415 898 3646 967 incipit:

420 984 482 1037 Εί
535 985 600 1036 ὲκ
655 983 751 1036 τοῦ
801 984 1019 1052 καρποῦ
1049 987 1110 1036 τὸ
1137 986 1355 1056 δένδρον
1394 986 1743 1052 γινώσκεται.
1783 989 2098 1041 Posterior:
2151 989 2274 1044 Ἐπὶ
2316 988 2425 1042 τῶν
2473 986 2797 1056 μειζόνωνῆ
2835 987 2973 1038 κατὰ
3008 985 3358 1054 ἀνθρωπίνην
3396 986 3649 1056 δύναμιν,

418 1070 552 1124 Mss.
598 1070 653 1123 in
684 1072 815 1124 bibl.
859 1069 1138 1125 Vaticana.
1171 1071 1384 1142 (Fiam)
1423 1073 1483 1126 ν.
1519 1090 1703 1142 supra,
1737 1075 1845 1127 vol.
1883 1073 1950 1134 Χ.
1977 1088 2030 1142 p.
2061 1075 2189 1140 9.84,
2214 1073 2521 1128 bis—Ms.
2556 1072 2731 1127 Paris.
2762 1074 2814 1125 in
2843 1072 2968 1126 bibl.
2999 1073 3144 1140 publ.
3170 1073 3292 1128 cod.
3333 1072 3458 1136 970,
3495 1090 3549 1127 n.
3582 1073 3655 1127 25

415 1168 471 1210 et
497 1156 593 1216 24,
641 1164 695 1210 ct
727 1157 884 1218 1259,
926 1173 979 1210 n.
1012 1157 1105 1212 5i.
1138 1158 1194 1212 In
1241 1159 1386 1212 binis
1419 1160 1526 1214 illis
1559 1162 1716 1213 codd.
1749 1171 1874 1213 sunt
1911 1173 2072 1230 primo

1998 1173 2109 1215 eter
2144 1161 2421 1216 homiliam
2463 1159 2539 1214 De
2567 1159 2800 1228 prtemiir
2841 1156 3092 1210 bonorum
3126 1174 3188 1209 ac
3229 1159 3504 1227 suppliciis
3534 1177 3655 1214 ma-

421 1251 621 1311 lorum,
650 1249 769 1302 alia:
805 1249 1064 1314 liomilizc,
1094 1266 1121 1302 a
1159 1249 1411 1304 Fabricio
1444 1267 1547 1303 non
1585 1263 1896 1307 memorata:
1927 1270 1942 1305 :
1979 1266 2174 1320 nempe
2211 1250 2266 1304 in
2305 1248 2527 1320 priore:

493 1333 565 1389 1η
594 1351 801 1388 crucem
841 1334 1054 1388 Domini
1086 1338 1270 1402 (etiam
1308 1338 1363 1392 in
1400 1345 1604 1406 poster.
1635 1338 1814 1402 cod.).

493 1420 557 1475 In
591 1422 783 1487 festum
817 1421 1231 1490 Puriﬁcationis.

494 1507 555 1562 In
584 1510 1055 1564 Annuntiationem
1088 1512 1162 1579 (in
1190 1511 1488 1580 posterior.
1520 1527 1738 1582 quoque
1767 1521 1820 1567 et
1850 1511 1904 1566 in
1930 1510 2054 1566 cod.
2085 1509 2244 1574 1220,
2279 1526 2333 1564 ιι.
2366 1509 2400 1564 5
2428 1517 2480 1563 et
2513 1507 2564 1572 7,
2594 1506 2651 1561 in
2682 1507 2907 1578 Append

499 1595 564 1650 In
595 1598 988 1660 Ascensionem,
1021 1598 1141 1652 dita:
1165 1597 1354 1668 (etiam
1393 1601 1446 1654 in
1483 1603 1740 1669 poster.).

501 1684 559 1738 In
592 1687 898 1756 posteriore
927 1695 1110 1740 autem
1152 1687 1218 1741 75
1251 1688 1550 1751 orationes,
1576 1687 1630 1742 in
1658 1687 1742 1742 his
1771 1687 2018 1756 quaedam
2048 1701 2076 1738 a
2110 1682 2363 1738 Fabricio
2394 1683 2594 1747 citatm,
2619 1696 2806 1736 carum
2841 1689 3019 1736 tamen
3051 1683 3295 1737 omnium
3321 1698 3656 1739 commemo-

439 1773 655 1828 ratione
687 1788 901 1837 vereor,
922 1789 991 1828 ne
1014 1785 1279 1843 tempore,
1307 1776 1500 1829 charta
1527 1785 1582 1829 et
1613 1775 1880 1838 lectorum
1914 1773 2174 1843 patientia
2205 1769 2426 1826 abutar.
2455 1771 2682 1840 Insuper
2711 1770 2764 1823 in
2797 1770 3097 1839 posteriore
3114 1771 3239 1826 cod.
3265 1781 3522 1828 exstant:

499 1861 748 1916 Precatio
777 1859 846 1914 ad
883 1859 1071 1923 Deum.
1108 1877 1230 1914 cum
1256 1863 1626 1931 pontificatum
1660 1872 1977 1930 capesseret.

497 1951 791 2021 Decalogus
830 1946 969 2004 Novi
1010 1946 1354 2009 Testamenti.

495 2037 765 2101 Precatio,
793 2052 915 2090 cum
948 2036 1171 2106 populos
1207 2037 1485 2104 inviseret,

494 2126 649 2190 Alia,
684 2136 914 2194 tempore
945 2123 1164 2193 pluviali
1193 2125 1366 2194 facta,

493 2215 622 2268 Alia
651 2228 834 2267 coram
860 2211 1066 2280 regibus
1094 2221 1208 2279 post
1240 2214 1534 2268 unctionem
1563 2218 1809 2283 recitata,

495 2302 689 2370 Capita
725 2302 789 2352 de
825 2301 1068 2354 oratione
1093 2311 1142 2352 et
1181 2301 1346 2354 animi
1378 2304 1650 2370 puritate;
1683 2304 1915 2374 denique
1942 2303 2056 2358 alia
2088 2307 2289 2374 capita.

502 2389 559 2441 In
605 2387 726 2442 cod.
777 2385 939 2450 1054,
989 2403 1044 2440 n.
1094 2386 1182 2453 1⁸2,
1215 2386 1290 2440 De
1327 2404 1479 2457 pace,
1517 2389 1661 2442 dicta
1698 2395 1852 2444 tertio
1892 2401 2014 2458 post
2056 2409 2209 2446 suum
2245 2393 2527 2446 adventura
2571 2392 2625 2445 in
2655 2389 2835 2444 urbem
2869 2384 3176 2444 Thes‘salon.
3221 2390 3420 2445 inedita
3457 2399 3512 2446 et
3541 2392 3653 2449 inc.

437 2473 599 2542 Ἐμοὶ
630 2473 690 2526 δὲ
721 2473 843 2527 λίαν
886 2474 990 2544 (est
1060 2474 1280 2528 homilia
1328 2477 1400 2529 De
1421 2477 1712 2530 concordia
1744 2479 1907 2530 etiam
1952 2479 2005 2531 in
2051 2495 2094 2531 Cl

2000 2498 2005 2531 I
2051 2481 2173 2534 cod.
2208 2477 2349 2532 Nan.
2381 2490 2564 2549 postea
2602 2493 2766 2533 mem.
2808 2493 2934 2546 quae
2975 2487 3152 2531 tamen
3191 2477 3358 2546 incip.
3413 2477 3657 2547 Ἀδελφοὶ

416 2563 535 2632 ’μὲν
564 2563 726 2630 ἡμεῖς
771 2560 1032 2632 πάντες),
1063 2570 1227 2632 atque
1253 2562 1403 2628 aliae,
1437 2579 1468 2618 a
1498 2580 1584 2619 me
1610 2575 1944 2620 nieinoratte.
1982 2595 2050 2608 --

2000 2596 2050 2608 -
2078 2565 2348 2620 Ρτωιετοιι
2387 2566 2439 2619 in
2483 2565 2675 2620 eodem
2722 2565 2993 2631 reperitur
3036 2579 3228 2633 opusc.
3280 2563 3522 2635 Gregorii
3556 2566 3657 2619 1³³-

422 2650 588 2703 ‘Izunaa
623 2649 882 2702 ineditum
911 2667 924 2702 :

503 2736 576 2790 De
602 2737 877 2806 affectibus
903 2747 954 2791 et
989 2737 1298 2805 virtutibus,
1332 2739 1400 2792 ad
1431 2737 1638 2794 Xenam
1662 2741 1965 2796 monfalem.
1995 2740 2108 2798 Inc.
2145 2743 2160 2795 ἲ

1470 2738 1638 2794 Tenum
1662 2741 1965 2796 monfalem.
1995 2740 2108 2798 Inc.
2145 2743 2268 2804 Tot;
2299 2741 2605 2810 μοναδικῶς
2634 2741 2734 2813 ζῇν
2765 2740 3127 2810 προθυμοῦσι.

499 2823 558 2879 In
592 2825 718 2886 cod.
756 2823 916 2889 1185,
951 2841 1007 2880 η.
1041 2825 1090 2890 1,
1127 2827 1180 2880 in
1213 2828 1511 2896 appendice
1535 2839 1642 2883 cat.
1677 2827 1810 2885 Mss.
1841 2828 2018 2884 Paris.
2047 2845 2168 2899 pag.
2201 2831 2323 2884 6l8.

503 2914 740 2969 llomilia
775 2914 840 2968 In
883 2918 1174 2986 ingressum
1198 2915 1263 2973 B.
1306 2915 1536 2989 Virginia
1567 2918 1622 2972 in
1655 2918 1856 2974 Sancta
1897 2930 2226 2986 sanctorum,
2250 2930 2303 2974 et
2337 2937 2392 2973 ιι.
2425 2919 2512 2985 12,
2544 2919 2690 2974 hom.
2725 2919 2777 2972 iu
2808 2917 3022 2970 laudent
3051 2914 3266 2984 Georgii
3294 2919 3566 2988 martyris.
3595 2947 3665 2960 -—

429 3003 490 3058 In
532 3004 656 3057 cod.
693 3003 852 3068 12Ξο,
886 3002 938 3056 in
974 3005 1222 3075 Append.
1254 3016 1450 3072 praeter
1473 3006 1664 3060 citatas
1696 3007 2080 3077 reperiuntur:

505 3091 661 3144 I‘Iom.
702 3091 759 3144 in
796 3090 1127 3146 Dominicam
1165 3090 1499 3159 Patmarum,
1529 3094 1585 3146 in
1616 3092 1819 3162 Christi
1844 3097 2209 3165 natiuitatem.
2243 3099 2300 3150 in
2330 3095 2532 3152 Clu-isti
2567 3095 2907 3163 baptismum.

429 3185 432 3188 ’
505 3175 742 3248 Masqua:
789 3178 845 3231 in
871 3179 997 3232 cod.
1029 3181 1226 3249 synod.
1266 3178 1354 3244 70,
1390 3189 1518 3234 sunt
1547 3177 1782 3234 Palamte
1814 3180 2052 3235 boniilim
2074 3192 2126 3237 et
2151 3184 2258 3237 alia
2289 3185 2492 3250 scripta
2525 3183 2614 3237 65.
2650 3181 2712 3236 V.
2734 3180 2969 3234 Mattliaei
3003 3185 3119 3232 not.
3151 3179 3313 3234 codd.
3345 3179 3442 3235 Gr.
3479 3179 3657 3250 Mosq.

432 3283 493 3338 ιι.
523 3266 622 3325 60.
664 3278 715 3320 et
749 3267 820 3319 cl.
850 3265 1086 3322 Matthaai
1117 3281 1184 3322 ex
1212 3267 1304 3322 illo
1331 3267 1452 3322 cod.
1497 3266 1685 3321 decem
1719 3267 1889 3321 edidit
1925 3269 2203 3335 bomilias,
2239 3271 2507 3340 Mosqnte,
2543 3269 2702 3333 1776,
2739 3268 2792 3324 8.
2821 3268 2962 3322 Ibid.
3000 3269 3052 3320 in
3089 3271 3214 3322 cod.
3247 3277 3461 3336 typogr.
3492 3269 3524 3322 9
3554 3279 3664 3321 tres

435 3355 602 3424 (ἔνθα.
647 3352 767 3409 Pal.
815 3365 980 3410 oratt.
1021 3371 1254 3424 quarum
1295 3357 1471 3426 prima
1512 3355 1622 3410 inc.
1670 3356 1734 3408 Ἢ
1765 3357 1874 3409 τῶν
1913 3356 2084 3427 ἀγίων

2012 3375 2084 3411 ων
2124 3360 2360 3413 ἑκάστου
2409 3362 2624 3429 μνήμη,
2669 3351 2879 3411 altera:
2916 3354 2980 3408 Εί
3017 3353 3196 3424 τίμιος
3247 3354 3276 3406 ὁ
3315 3355 3567 3418 θάνατος,
3611 3363 3669 3408 et

430 3448 594 3501 tertia
648 3445 757 3498 inc.
800 3442 991 3514 Καιρῷ
1045 3442 1222 3514 δεκτῷ
1254 3443 1543 3515 ἐπήκουσά
1577 3459 1693 3498 σου.
1717 3441 1782 3498 ν.
1812 3444 2048 3499 Mattlimi
2079 3445 2087 3500 1

2010 3444 2048 3498 ei
2079 3445 2117 3501 I.
2157 3463 2208 3505 ρ.
2240 3463 2292 3516 p.
2330 3449 2458 3514 555,
2489 3464 2542 3502 n.
2581 3447 2670 3511 I7,
2699 3445 2764 3500 19
2787 3455 2839 3498 et
2865 3443 2960 3504 25,
2994 3458 3094 3498 nec
3133 3457 3242 3495 non
3276 3457 3328 3510 p.
3363 3440 3486 3502 159.
3523 3457 3577 3494 n.
3609 3442 3667 3495 6.

439 3536 498 3591 In
526 3537 656 3592 cod.
703 3535 844 3596 216.
882 3549 936 3587 n.
966 3531 1031 3594 6.
1066 3533 1188 3584 duae.
1224 3532 1520 3587 oratiOnes.
1563 3532 1724 3586 Prior
1761 3532 1869 3586 inc.
1911 3533 2089 3603 Ὃπην

2007 3534 2186 3603 πηνίκα
2225 3536 2254 3587 ὁ
2292 3536 2417 3598 νοῦς
2463 3533 2724 3603 αἰσθητοῦ
2761 3531 2963 3594 παντὸς
3002 3530 3314 3596 ἀπαναστῇυ
3363 3529 3664 3596 posterior:

432 3623 660 3684 Ἐπειδὴ
691 3622 753 3676 τὸ
777 3622 930 3675 Θεῖον
956 3619 1362 3687 αὖτοαγαθότης
1398 3621 1601 3672 ὲστι.-
1628 3619 1768 3674 Ibid.
1802 3636 1854 3687 p.
1885 3619 2007 3674 179.
2033 3634 2089 3674 cu

2033 3622 2154 3676 cod.
2181 3619 2308 3684 279,
2335 3637 2391 3675 η.
2424 3620 2477 3685 1,
2500 3621 2711 3675 oratio:
2753 3619 2863 3672 inc.
2906 3617 3035 3672 Ἐπὶ⁴
3060 3616 3168 3670 τῶν
3198 3615 3461 3687 μειζόνων
3491 3615 3524 3685 ἢ
3547 3614 3671 3668 κατ’

434 3708 813 3779 ἀνθρωπίνην.
845 3735 916 3746 -
944 3706 1130 3760 Ronne
1169 3707 1220 3758 in
1255 3705 1386 3759 bibl.
1430 3704 1606 3760 V'atic.
1640 3722 1925 3763 sermones
1955 3708 2201 3776 quidam,
2231 3725 2297 3765 ac
2332 3709 2616 3764 Mediolani
2658 3709 2712 3762 in
2743 3707 2876 3762 bibl.
2918 3705 3173 3759 Ambros.
3207 3714 3373 3758 oratt.
3409 3702 3492 3757 11.
3531 3703 3664 3757 Itrm

439 3800 756 3871 Responsio
782 3798 849 3853 ad
881 3797 1168 3866 epistolam
1202 3796 1438 3861 Arsenii,
1471 3814 1593 3852 cum
1629 3798 1754 3853 aliis
1782 3800 2062 3854 nonnullis
2096 3798 2368 3867 epistolis.
2402 3795 2468 3852 V.
2504 3797 2807 3852 Montfauc.
2844 3794 2983 3850 Bibl.
3022 3791 3275 3847 bibliotb.
3318 3790 3449 3845 Mss.
3485 3807 3538 3859 p.
3575 3791 3667 3851 12,

441 3891 512 3954 ι),
573 3903 638 3942 ac
675 3903 732 3957 p.
767 3885 891 3952 198,
923 3885 987 3940 ll.
1011 3886 1170 3946 Item,
1212 3899 1266 3952 p.
1297 3884 1428 3936 15:21
1461 3883 1528 3938 Ε.
1563 3885 1615 3938 in
1639 3885 1764 3940 cod.
1791 3883 2061 3940 Mazarin.
2086 3887 2210 3951 1‘21,
2238 3885 2476 3940 bomilia:
2500 3886 2555 3938 in
2592 3883 2906 3938 Dominicos
2933 3881 3049 3934 dies
3071 3888 3124 3933 ct
3153 3880 3290 3934 l'esta
3315 3893 3409 3946 per
3437 3892 3670 3940 annum;

440 3978 503 4031 it.
531 3992 584 4045 p.
614 3976 684 4030 55
720 3974 785 4038 D,
809 3989 864 4027 η.
901 3972 1029 4036 904,
1061 3971 1248 4027 Romae
1283 3973 1335 4026 in
1365 3972 1496 4026 bibl.
1522 3971 1699 4029 Vatic.
1727 3973 1929 4040 regina:
1963 3974 2172 4029 Sne-ciae
2203 3973 2324 4026 cod.
2356 3971 2590 4026 Palamae
2618 3971 2891 4029 Fraannn.
2922 3976 2979 4022 et
3012 3964 3246 4019 Ilomilia
3277 3966 3329 4018 in
3363 3963 3424 4018 S.
3452 3962 3673 4016 Petrum

435 4075 485 4120 et
511 4062 763 4117 Paulum.
800 4059 1018 4130 (lianc)

516 4150 634 4202 Alia
665 4151 746 4203 si:
780 4148 880 4218 τὴν
931 4145 1372 4216 ὲνανθρώπησιν,
1421 4146 1608 4214 incipit
1643 4165 1658 4200 :
1699 4147 1760 4198 '0
1791 4145 1881 4198 τοῦ
1925 4145 2062 4198 Θεοῦ
2105 4163 2173 4210 πρ

2018 4145 2062 4198 ὤ
2105 4145 2479 4210 προαιωνίως,
2521 4144 2766 4199 meminit
2803 4143 3035 4200 Allatius
3080 4143 3176 4196 lib.
3220 4141 3294 4195 De
3337 4138 3675 4194 Simeonibus

443 4252 570 4308 pag.
606 4236 734 4291 105.
776 4234 961 4308 [Βοιιΐ.
1003 4250 1192 4304 supra,
1227 4235 1332 4287 vol.
1371 4233 1438 4297 Χ,
1470 4250 1522 4303 p.
1554 4233 1708 4305 239.]

517 4323 686 4378 Video
721 4333 984 4393 praterea
1021 4323 1316 4376 metnorari
1343 4340 1356 4376 :
1395 4322 1487 4385 Et;
1507 4323 1604 4392 τὴν
1630 4322 1935 4393 ἀπάντησιν
1963 4318 2057 4373 τοῦ
2098 4321 2174 4389 ’1η

908 4337 984 4376 'ea
1021 4323 1316 4376 metnorari
1343 4340 1356 4376 :
1395 4322 1487 4385 Et;
1507 4323 1604 4392 τὴν
1630 4322 1935 4393 ἀπάντησιν
1963 4318 2057 4373 τοῦ
2098 4319 2276 4389 Ἰησοῦ
2305 4319 2565 4390 Χριστοῦ.

515 4413 656 4482 Περὶ
690 4399 945 4480 νηστείας
977 4415 1076 4465 καὶ
1111 4413 1434 4482 προσευχῆς.

521 4499 596 4554 De
627 4499 855 4554 secundo
885 4501 1112 4552 adventu
1142 4497 1365 4552 Christi.
1402 4495 1607 4570 [Paris.
1642 4497 1695 4552 in
1722 4498 1852 4553 bibl.
1892 4499 2039 4568 publ.
2070 4500 2195 4554 cod.
2235 4497 2393 4562 1051,
2429 4514 2486 4550 n.
2517 4493 2632 4566 15]

521 4587 594 4641 De
629 4585 968 4656 pastionibus
998 4597 1046 4638 et
1081 4583 1390 4646 rirtutibus.
1414 4595 1462 4637 et
1484 4585 1545 4637 de
1571 4584 1635 4638 iis
1663 4601 1778 4654 qua:
1816 4601 1907 4649 per
1938 4587 2104 4640 otium
2136 4585 2389 4655 cogitatio
2413 4586 2572 4652 parit.

516 4673 646 4736 Πῶς
675 4673 940 4742 ἀνύσιμός
969 4688 1029 4724 τε
1087 4673 1183 4726 καὶ
1212 4672 1443 4742 ἄμωμος
1482 4673 1514 4741 ὴ
1547 4672 1714 4742 ἀρετὴ
1742 4672 2000 4728 τελεῖται.
2143 4707 2162 4722 ιη

519 4759 586 4814 1η
623 4759 948 4813 Demetrium
986 4773 1295 4829 martyrem.
1328 4755 1529 4830 [Paris
1567 4759 1620 4813 in
1658 4760 1788 4814 bibl.
1823 4761 1974 4830 publ.
2005 4762 2129 4818 cod.
2161 4763 2176 4816 1

1698 4761 1788 4814 ibi.
1823 4761 1974 4830 publ.
2005 4762 2129 4818 cod.
2161 4761 2320 4823 1054.
2360 4778 2413 4815 n.
2447 4759 2536 4821 11,
2569 4757 2631 4813 ν.
2656 4774 2843 4828 supra,
2877 4758 2986 4812 vol.
3011 4757 3078 4819 X,
3114 4771 3166 4826 p.
3202 4755 3355 4824 2l8.]

523 4847 601 4901 De
632 4858 818 4901 mutua
851 4847 1154 4900 concordia.
1184 4845 1404 4918 [Venet.
1439 4847 1493 4900 in
1521 4847 1643 4901 cod.
1683 4847 1912 4902 Nanian.
1946 4846 2072 4909 126.
2107 4866 2163 4904 n.
2189 4848 2276 4913 11,
2309 4846 2374 4902 ν.
2408 4846 2568 4900 cat-al.
2605 4848 2763 4901 codd.
2795 4845 2892 4900 Gr.
2925 4844 3066 4899 Nan.
3100 4861 3150 4912 p.
3174 4842 3326 4913 279.]

527 4937 595 4992 In
633 4939 1007 4993 I’ublicanum.
1039 4934 1188 5009 [Ilazc
1219 4946 1274 4992 et
1306 4953 1424 5008 seq.
1453 4936 1629 4994 Paris.
1667 4939 1718 4992 in
1744 4940 1839 4993 cit.
1865 4937 2179 5003 cod.31054,

1865 4937 2179 5003 cod.31054,
2209 4953 2263 4991 u.
2301 4935 2368 4990 15
2399 4943 2453 4991 et
2476 4932 2588 5004 14.]
3481 4963 3514 4994 ρ

519 5027 545 5082 1
551 5043 582 5078 u
631 5025 938 5096 Prodigum.

526 5114 600 5167 De
629 5114 861 5181 prazmiis
890 5114 1144 5167 bonorum
1177 5121 1226 5166 et
1263 5113 1538 5184 suppliciis
1572 5113 1882 5181 impiorum,
1924 5112 2183 5169 Dominic:

2014 5113 2207 5168 minica
2249 5111 2384 5180 πρὸς
2421 5109 2547 5172 τοὺς
2594 5125 2704 5160 των
2735 5107 3096 5174 προπατέρων
3130 5108 3278 5171 (ante
3309 5103 3504 5158 festum
3534 5103 3671 5158 nati-

444 5201 663 5271 vitatis)
690 5203 850 5256 solila
881 5203 1100 5257 recitari
1135 5200 1213 5273 [in
1241 5211 1473 5271 utroque
1505 5201 1630 5256 cod.
1667 5201 1898 5273 Paris.].

525 5289 604 5342 De
637 5289 999 5343 misericordia
1025 5299 1074 5343 et
1105 5289 1466 5357 beneﬁcentia.
2193 5353 2200 5362 ι

526 5377 588 5430 In
624 5376 760 5430 bibl.
791 5375 1110 5440 Bodleiana,
1145 5391 1200 5430 n.
1227 5375 1350 5440 657,
1382 5376 1522 5431 inter
1553 5374 1763 5430 codices
1803 5373 1944 5428 Guil.
1979 5372 2147 5431 Laudi
2183 5363 2302 5432 l56.
2339 5382 2568 5428 exstant
2601 5369 2851 5441 Gregorii
2885 5369 3284 5440 arcliiepiscOpi
3325 5367 3676 5422 Thessnloni-

449 5463 638 5518 censis
670 5461 985 5527 Sermones,
1013 5462 1221 5526 Grece,
1255 5461 1348 5515 fol.

529 5547 695 5602 XXII.
736 5546 1018 5616 Expositio
1071 5545 1381 5602 orthodoxa:
1413 5548 1537 5617 ﬁdei
1575 5547 1672 5602 Ms.
1704 5549 1755 5602 iu
1797 5549 1927 5604 bibl.
1964 5550 2312 5618 Angustana,
2347 5547 2582 5602 fortasse
2625 5546 2766 5601 baud
2799 5546 3012 5601 diversa
3046 5547 3115 5600 ab
3145 5562 3228 5610 ea,
3257 5562 3375 5615 «pne
3409 5554 3585 5598 exstat
3618 5547 3674 5600 in

453 5643 609 5689 tomo
635 5633 1030 5691 Palamitarum
1061 5636 1322 5707 synodico
1371 5651 1399 5691 a
1440 5635 1762 5692 COIllitelisiO
1807 5640 1986 5704 edito,
2020 5654 2072 5708 p.

2024 5654 2072 5708 p.
2114 5638 2237 5690 ΗΞ.
2275 5637 2339 5691 Et
2379 5636 2601 5704 incipit:
2639 5631 2730 5699 Εἷς
2789 5635 2916 5697 Θεὸς
2961 5635 3066 5703 πρὸ
3097 5641 3330 5712 πάντων.
3372 5632 3580 5705 (Fama)
3609 5655 3681 5673 -ο
