4196 6308
397 308 518 375 789'
1799 315 1817 386 '.
1839 319 2054 384 NOTI'I

2024 324 2173 385 TIA‘.
3541 327 3673 391 790a

469 425 724 479 Clemens
763 426 1138 498 philosophus,
1175 428 1234 496 V,
1269 430 1317 483 ι.

480 515 710 574 Divinus
734 518 984 577 Cosmus.
1021 519 1107 586 VI,
1143 522 1194 576 4.
1227 521 1449 578 Canone
1483 523 1601 578 fcstl
1671 523 2192 594 transligurationis,
2232 524 2320 592 VI,
2353 525 2411 590 6,
2445 526 2496 579 7.
2537 525 2594 580 In
2629 527 2694 582 iis
2725 541 2844 598 quin
2877 525 2930 580 in
2986 525 3218 581 mediam
3283 524 3667 582 Pentecoste“.

400 623 695 677 canuntur,
733 611 823 674 Vl,
859 611 914 666 6.

477 703 714 773 Cyrillus
750 699 905 757 Alex.
940 701 1030 766 III,
1069 700 1137 766 5;
1175 697 1310 766 VIII,
1343 702 1427 754 10.
1463 700 1517 754 In
1547 699 1840 765 thesauris,
1874 698 1961 764 IV,
1990 699 2064 765 9;
2116 699 2225 764 VII,
2261 699 2314 764 2,
2345 701 2415 762 5;
2467 699 2558 763 ΙΧ,
2595 701 2646 754 6.
2689 701 2850 756 Libro
2877 703 3074 771 primo,
3110 700 3202 764 ΙΧ,
3251 702 3316 765 I’;
3359 701 3497 757 libro
3556 720 3637 770 ιιι,

404 794 582 861 capite
612 799 826 860 quarto,
859 787 926 853 X,
951 789 1013 855 9;
1059 790 1198 843 libro
1229 806 1336 852 xw,
1369 789 1462 851 ΙΧ,
1503 789 1554 851 6,
1581 789 1633 853 8,
1668 789 1770 854 II);
1810 789 1946 841 libro
1981 803 2064 851 xv,
2115 786 2206 848 IX,
2246 787 2319 852 6;
2354 788 2494 841 libro
2522 805 2634 854 xu,
2673 790 2764 851 ΙΧ,
2798 791 2864 849 8;
2902 792 3040 853 libro
3073 807 3222 854 xui,
3267 789 3337 855 Χ,
3372 791 3441 855 2;
3502 792 3640 844 libro

406 896 577 942 xuii,
610 877 675 941 Χ,
706 877 757 944 7,
800 878 976 946 rapite
1010 877 1100 940 '55,
1140 877 1232 942 ΙΧ,
1269 878 1320 942 5,
1353 877 1418 941 7;
1477 878 1617 930 libro
1643 891 1827 938 xxxiv,
1869 874 1933 936 Χ,
1970 875 2025 928 7.
2051 875 2337 930 Disserens
2367 875 2431 929 de
2464 875 2670 945 Spiritu
2702 886 2912 938 sancto,
2946 877 3053 942 VII,
3090 879 3144 939 2,
3175 880 3227 941 5,
3262 879 3335 943 5;
3368 878 3458 942 ΙΧ,
3499 882 3552 942 6,
3583 880 3637 932 7.

406 965 800 1034 Erplanationc
829 965 882 1018 in
924 953 1271 1029 Lucam,'VI,
1319 967 1372 1019 4.
1403 963 1568 1017 Libro
1609 964 1784 1028 primo
1815 963 1880 1017 ad
1923 962 2222 1024 Hermiam,
2252 961 2340 1023 ΙΧ,
2367 963 2420 1015 7.
2458 962 2621 1016 Lihro
2651 964 2847 1032 quinto
2894 963 3171 1034 Dialogor.
3222 967 3288 1018 ad
3337 964 3638 1030 I‘Iermiam,

401 1053 494 1116 IX,
526 1054 580 1108 7.
619 1052 784 1106 Libro
814 1053 1047 1122 septimo
1071 1066 1262 1106 eorum
1293 1066 1432 1122 quos
1457 1066 1606 1105 more
1629 1050 1825 1119 dialogi
1859 1049 2097 1120 scripsit,
2129 1048 2220 1111 VI,
2249 1049 2300 1102 7.
2337 1049 2500 1104 Libro
2531 1055 2762 1119 septimo
2818 1052 3165 1122 Dialogorum
3222 1052 3290 1107 ad
3337 1055 3636 1116 Itermiam,

405 1149 514 1215 VII,
553 1150 624 1216 4;
658 1150 752 1214 IX,
784 1150 855 1213 6;
893 1149 960 1214 Χ,
992 1149 1046 1203 5.

471 1263 706 1331 Cyrinus
734 1263 1004 1318 liierosol.
1028 1263 1080 1315 in
1118 1261 1526 1324 Catechesihus,
1555 1257 1662 1322 VII,
1699 1259 1752 1320 1,
1789 1260 1998 1313 decima
2039 1258 2342 1323 Catecliesi,
2381 1259 2466 1320 VI,
2496 1259 2548 1312 4.

476 1352 710 1407 Divinus-
736 1351 1043 1404 Diadochus
1072 1357 1124 1402 et
1155 1347 1355 1402 silentii
1388 1347 1666 1415 magister,
1702 1344 1838 1408 VIII,
1869 1346 1922 1400 8.
1958 1347 1974 1410 (
2004 1344 2160 1398 Libro
2189 1346 2252 1398 de
2279 1347 2599 1413 perfectione
2620 1347 2890 1413 spirituali
2915 1349 3108 1400 citarur
3129 1367 3160 1400 α
3194 1347 3458 1401 Tun-iano
3481 1349 3636 1401 scho-

400 1439 488 1493 h'is
521 1441 589 1492 ad
622 1439 690 1504 Χ,
809 1441 1096 1507 Episcopus
1128 1437 1372 1491 Photices
1405 1436 1457 1488 in
1491 1434 1673 1502 Epiro,
1703 1450 1854 1503 quem
1893 1435 1952 1488 δ.
1982 1431 2252 1484 Maximus
2285 1435 2450 1486 citare
2473 1445 2519 1486 et
2552 1435 2697 1503 sequi
2725 1435 2878 1499 so'et,
2911 1434 3049 1489 libro
3087 1452 3246 1488 aureo
3284 1415 3638 1504 qua'stionum

399 1527 464 1581 dc
491 1527 670 1580 anima
701 1536 948 1594 separata
975 1536 1022 1578 et
1055 1525 1276 1595 angelis,
1307 1540 1454 1594 quem
1492 1524 1762 1588 inscripsit
1799 1521 2175 1590 Apocalypsin,
2218 1521 2292 1574 id.
2325 1521 2366 1588 ).

477 1614 767 1683 Dionysius
794 1613 1114 1680 Areopagita
1154 1611 1356 1680 passim
1397 1627 1492 1677 per
1527 1619 1698 1663 totum
1734 1624 1891 1677 opus.
1944 1607 2273 1674 Theologus,
2313 1609 2448 1674 VIII,
2485 1610 2566 1664 to.

475 1701 767 1773 Dipnysius
801 1703 951 1754 Alex.
984 1701 1209 1756 sclioliis
1235 1701 1300 1754 ad
1341 1686 1659 1769 Dionysium
1693 1696 2099 1765 Areopagitam,
2127 1695 2166 1760 I,
2199 1696 2216 1748 I
2254 1712 2268 1762 ;
2308 1696 2370 1763 II,
2412 1697 2464 1750 2.

475 1793 535 1847 Β.
571 1794 818 1862 Ephrem
847 1793 1096 1845 oratione
1128 1792 1181 1844 in
1215 1789 1774 1856 transﬁgurationem,
1805 1784 1892 1847 VI,
1929 1785 1982 1838 4.

478 1881 536 1936 S.
576 1881 862 1951 Epiphauii
896 1881 1141 1948 panaria,
1172 1877 1261 1944 III,
1297 1877 1361 1942 4;
1400 1874 1464 1942 V,
1488 1875 1543 1930 2.
1573 1887 1763 1931 contra
1798 1873 2029 1928 hazrcsin
2061 1870 2479 1936 Marcosiorum,
2517 1872 2646 1938 VIII,
2692 1873 2771 1927 I0.
2800 1872 3006 1929 Iluerest
3037 1885 3222 1929 contra
3249 1874 3640 1941 I‘tolenucltas,

473 2053 775 2110 Euoomius
815 2051 870 2105 in
902 2049 970 2104 iis
1001 2063 1121 2117 qua:
1149 2055 1337 2101 contra
1373 2045 1642 2101 Basilium
1673 2061 1930 2116 magnum
1965 2046 2176 2112 scribit,
2210 2044 2276 2113 Χ,
2311 2045 2369 2101 4.

471 2142 739 2197 Eusebius
771 2137 1154 2199 Caesariensis,
1186 2133 1276 2201 IlI,
1310 2136 1363 2188 4.

472 2233 748 2306 Euthymii
781 2231 1082 2299 dogmatica
1111 2228 1386 2298 parteplia,
1420 2225 1511 2289 III,
1538 2227 1593 2280 2.

434 2316 452 2329 ”
479 2325 714 2380 Sanctus
741 2337 804 2375 ac
832 2319 1051 2376 divinus
1073 2318 1381 2372 Germanus
1413 2319 1464 2371 in
1499 2315 1846 2384 Expositione
1876 2315 2020 2380 fidei,
2056 2313 2193 2379 VIII,
2234 2316 2318 2370 I0.

476 2410 790 2480 Gregorius,
827 2407 1132 2474 theologus,
1168 2404 1208 2468 I,
1244 2406 1312 2468 5;
1344 2402 1434 2466 IV,
1471 2403 1538 2466 8;
1579 2402 1666 2464 VI,
1697 2403 1750 2466 7,
1785 2405 1836 2459 9.
1867 2404 2030 2459 Libro
2063 2406 2237 2473 primo
2264 2406 2330 2460 de
2366 2404 2526 2471 Filio,
2563 2405 2698 2472 VIII,
2742 2409 2758 2460 I
2793 2425 2806 2472 ;
2841 2407 2932 2469 ΙΧ,
2963 2407 2994 2462 5
3026 2425 3041 2474 ;
3074 2409 3138 2472 Χ,
3175 2409 3230 2474 2,
3271 2410 3324 2463 5.
3360 2407 3527 2464 Libro
3555 2426 3642 2465 se-

403 2501 608 2566 cundo,
645 2497 732 2562 Vl,
759 2498 811 2551 6.
845 2499 996 2548 Orat.
1028 2495 1094 2548 de
1123 2493 1327 2562 Spiritu
1359 2503 1570 2557 sancto,
1607 2489 1695 2557 III,
1729 2491 1800 2556 4;
1831 2491 1942 2558 VII,
1979 2493 2030 2545 5.
2060 2493 2316 2546 Secundo
2349 2494 2415 2547 de
2450 2494 2718 2565 theoIOgia
2749 2496 2905 2561 libro,
2943 2495 2984 2554 I.
3019 2496 3086 2561 6;
3119 2497 3187 2558 II.
3228 2497 3279 2561 4,
3315 2497 3366 2560 5,
3393 2499 3447 2561 7,
3477 2499 3530 2563 8,
3565 2499 3640 2564 9;

402 2587 492 2651 III,
533 2589 599 2649 4;
639 2585 728 2649 Vl,
761 2585 816 2647 6,
843 2584 878 2639 9
902 2580 1083 2647 ;.VIII,
1110 2580 1141 2634 8
1165 2595 1190 2643 ;
1217 2578 1308 2642 IX,
1337 2580 1391 2633 5.
1419 2578 1584 2633 Libro
1619 2583 1780 2633 tertio
1812 2579 2094 2649 theologia:
2125 2595 2257 2644 sum,
2308 2579 2378 2641 Χ,
2412 2581 2497 2634 10.
2536 2581 2833 2648 Disputaus
2864 2591 3053 2635 contra
3083 2582 3431 2649 Eunomium,
3465 2583 3555 2648 III,
3591 2587 3638 2637 I.

402 2679 477 2734 De
516 2677 800 2731 divinitate
831 2673 897 2726 ad
929 2671 1218 2740 Evagrium
1254 2669 1610 2731 monachum,
1653 2669 1740 2731 IV,
1777 2668 1848 2733 8;
1884 2666 1999 2731 VII,
2026 2667 2078 2720 4.
2113 2668 2370 2720 Oratione
2397 2683 2519 2721 cum
2550 2666 2727 2722 factus
2775 2677 2859 2722 est
2890 2668 3198 2738 presbyter,
3239 2667 3302 2730 ν,
3345 2669 3399 2725 9.
3439 2671 3512 2724 De
3547 2673 3642 2724 ba-

398 2767 619 2835 ptismo.
651 2765 740 2826 VI,
773 2765 830 2825 5,
863 2762 966 2829 I0;
1001 2760 1093 2826 ΙΧ,
1127 2762 1182 2814 5.
1209 2761 1288 2813 Ad
1321 2757 1615 2823 Heronem,
1657 2755 1744 2819 VI,
1780 2756 1832 2809 5.
1867 2756 1926 2809 In
1957 2770 2208 2810 sermone
2261 2754 2597 2824 Epiphanim,
2628 2754 2715 2818 IV,
2758 2757 2803 2809 l.
2861 2756 3024 2810 Libro
3055 2757 3121 2809 de
3151 2765 3296 2810 statu
3353 2757 3612 2827 episcopo

400 2871 547 2918 riuo,
581 2853 668 2913 III.
703 2853 755 2906 6.
793 2851 864 2904 De
892 2847 1291 2904 constituendis
1324 2845 1616 2916 epismpis,
1652 2843 1744 2908 ΙΧ,
1779 2844 1835 2907 2,
1883 2843 1934 2896 5.
1974 2843 2034 2897 In
2065 2841 2308 2896 Natalem
2348 2842 2607 2907 Domini,‘
2627 2841 2716 2905 VI,
2746 2843 2777 2895 7
2807 2861 2821 2910 ;
2885 2842 3018 2897 VIII.
3055 2842 3317 2896 Oratione
3369 2842 3437 2896 de
3495 2844 3641 2899 bon)

399 2943 590 2995 ordine
628 2938 954 3000 disserendi,
983 2935 1070 2998 VI,
1100 2936 1155 2996 5,
1187 2934 1239 2988 6.
1278 2932 1530 2988 Secunda
1561 2933 1627 2987 de.
1663 2947 1815 3002 pace,
1849 2929 1964 2995 VII,
1990 2929 2044 2985 9.
2076 2929 2263 2985 Tertia
2298 2929 2393 2994 IX,
2424 2931 2476 2985 5.
2511 2930 2568 2985 In
2613 2929 3000 2995 Pcutecosten,
3058 2929 3170 2995 VII,
3199 2930 3258 2985 9.
3306 2930 3359 2984 In
3422 2931 3638 2986 Iaudem

399 3026 642 3098 Gregorii
678 3022 932 3096 Nysseni,
961 3021 1050 3084 ΙΧ,
1090 3021 1144 3074 7.

472 3137 766 3195 Gregorius
796 3133 1098 3202 Nyssenus,
1134 3128 1198 3192 II,
1230 3129 1299 3191 5;
1339 3127 1429 3193 IV,
1463 3127 1517 3192 8,
1554 3128 1622 3194 9;
1656 3125 1768 3190 VII.
1799 3128 1852 3193 8,
1888 3127 2000 3194 IO;
2035 3125 2124 3192 ΙΧ,
2166 3129 2210 3192 1,
2239 3127 2295 3196 2,
2325 3128 2378 3194 4,
2413 3129 2463 3183 5.
2497 3127 2649 3186 Orat.
2692 3129 2758 3184 ad
2783 3127 3150 3196 Pulcheriam,
3183 3129 3274 3196 ΙΧ,
3337 3130 3391 3186 6.
3437 3130 3642 3186 Contra

402 3225 758 3284 Eunomium,
793 3221 882 3285 IV,
917 3221 982 3286 5;
1019 3220 1079 3284 V,
1116 3219 1199 3284 9;
1231 3217 1362 3282 VIII,
1393 3217 1447 3271 6.
1479 3215 1643 3270 Libro
1682 3215 1776 3284 qui
1813 3215 2006 3284 incipit
2036 3215 2219 3269 Prima
2245 3217 2477 3285 quidem,
2517 3217 2558 3279 I,
2605 3217 2657 3270 6.
2694 3215 2858 3272 Libro
2915 3217 3115 3286 primo,
3183 3217 3248 3284 V,
3282 3218 3354 3285 9;
3395 3216 3510 3282 VII,
3569 3221 3600 3274 8
3624 3239 3647 3286 ;

404 3315 496 3373 I-X.
523 3315 661 3377 5,6;
698 3310 760 3375 Χ,
799 3313 852 3373 4.
887 3310 952 3367 5:
991 3309 1167 3375 capite
1200 3321 1314 3366 XLI.
1358 3303 1426 3367 X,
1451 3305 1518 3370 9-;
1583 3305 1723 3356 libro
1783 3302 2052 3368 secundo,
2099 3301 2186 3365 III,
2224 3304 2300 3370 5;
2348 3303 2415 3370 V,
2441 3307 2494 3360 9.
2563 3304 2764 3360 Contra
2829 3303 3155 3360 Eunomium
3221 3323 3389 3373 nono,
3435 3307 3525 3374 IX,
3576 3310 3644 3370 4;

399 3402 616 3458 decimo
649 3401 825 3460 tertio,
854 3395 940 3459 lV-,
971 3396 1036 3459 6;
1065 3394 1132 3456 X,
1170 3395 1230 3446 4.
1263 3393 1428 3446 Libro
1457 3393 1522 3445 de
1558 3391 1891 3449 Abrahamo.
1930 3389 2020 3454 ΙΧ,
2051 3391 2105 3447 5.
2141 3392 2214 3446 De
2237 3396 2345 3448 vita
2381 3392 2566 3459 Mosis,
2595 3394 2660 3459 II,
2685 3395 2718 3448 8
2745 3411 2758 3456 ;
2796 3393 2936 3453 VIII.
2986 3392 3039 3449 8.
3073 3395 3471 3464 Explanatione
3500 3397 3644 3451 Cau-

400 3493 495 3546 tiri
521 3491 784 3545 canticor.
812 3486 900 3548 IV,
932 3488 1002 3543 5;
1038 3482 1147 3548 VII,
1174 3484 1241 3547 4;
1275 3481 1364 3541 IX,
1395 3482 1446 3536 7.
1476 3481 1544 3545 Χ,
1566 3482 1628 3535 7.
1652 3480 1707 3533 In
1741 3480 1890 3540 illud,
1925 3479 2186 3534 Adueniat
2229 3498 2447 3552 regnum
2478 3494 2649 3548 tuum,
2693 3481 2787 3545 IX,
2815 3484 2866 3550 7,
2901 3482 2956 3537 9.
2993 3483 3162 3553 Epist.
3189 3485 3252 3537 ad
3280 3482 3640 3554 TheOphilum

399 3580 556 3634 Alex.
591 3585 783 3630 contra
809 3573 1230 3644 Apollinarium,
1264 3571 1352 3632 VI,
1383 3569 1436 3623 6.
1467 3567 1632 3622 Libro
1662 3567 1838 3637 primo
1878 3567 1930 3621 in
1969 3565 2362 3632 Ecclesiasten,
2392 3568 2483 3633 VI,
2516 3569 2568 3623 7.
2607 3568 3004 3638 Explanatione
3047 3569 3467 3637 beatitudinum,
3502 3571 3643 3636 VIII,

399 3669 438 3722 8
491 3668 652 3720 Libro
680 3665 972 3734 inscripto,
1003 3677 1123 3731 que
1153 3661 1226 3714 sit
1258 3658 1558 3713 Christiani
1607 3656 1899 3726 professio,
1933 3653 2026 3720 ιΧ,
2052 3655 2107 3709 2.
2133 3653 2189 3708 In
2225 3654 2601 3717 Catechetico.
2650 3655 2745 3720 ΙΧ,
2773 3656 2846 3721 5;
2879 3655 2950 3721 Χ,
2985 3656 3040 3712 8.

475 3756 534 3810 S.
568 3753 841 3807 I‘Iic'rothei
874 3752 1055 3805 divina
1086 3747 1374 3816 principia,
1410 3745 1523 3810 VII,
1553 3746 1588 3798 2
1617 3746 1636 3815 (
1665 3760 1737 3798 ex
1768 3742 2026 3813 Dionysio
2056 3745 2328 3815 Areopag.
2366 3744 2432 3810 );
2464 3745 2653 3814 hymni
2687 3745 2961 3809 amatorii,
3004 3743 3146 3811 VIII,
3181 3746 3234 3801 I.

473 3844 712 3898 Joannes
740 3841 1130 3902 Damascenus,
1163 3837 1248 3892 I-lI.
1276 3837 1428 3901 ’ὅς-γ,
1459 3836 1532 3899 9,
1571 3834 1656 3896 VI,
1683 3834 1751 3896 6;
1778 3831 1892 3896 VII,
1925 3831 1949 3884 1
1980 3847 1996 3896 ;
2035 3829 2177 3896 VIII,
2205 3830 2308 3896 IO;
2345 3830 2436 3893 ΙΧ,
2474 3831 2496 3884 1
2528 3849 2544 3896 ;
2587 3833 2658 3894 X,
2693 3833 2744 3894 1,
2778 3832 2834 3895 2,
2871 3833 2925 3887 5.
2957 3833 3290 3905 Theologus,
3325 3832 3413 3900 III,
3441 3833 3512 3898 'I;
3551 3834 3644 3898 IV.

403 3933 474 3995 8;
522 3929 656 3990 VIII.
694 3929 751 3984 2.
784 3927 1191 3988 Divinissimus,
1230 3923 1316 3986 VI,
1359 3923 1412 3975 4.
1449 3923 1504 3977 In
1554 3921 2114 3989 transtigurationem,
2147 3917 2237 3979 VI,
2271 3920 2326 3972 4.
2359 3919 2549 3988 Capite
2603 3921 2670 3974 de
2701 3919 2995 3987 'I'rinitate,
3038 3920 3130 3985 IX,
3160 3923 3214 3976 9.
3251 3921 3395 3976 Libri
3461 3937 3518 3975 ιιι
3573 3923 3642 3976 de

402 4021 703 4074 orthodoxa
733 4017 864 4078 ﬁde,
885 4029 1048 4084 caput
1072 4013 1164 4076 I2,
1193 4012 1257 4076 V,
1280 4012 1313 4066 9
1339 4019 1549 4078 ;.caput
1576 4007 1665 4070 62-,
1700 4007 1786 4068 IIl,
1816 4007 1849 4059 4
1875 4022 1901 4070 ;.
1933 4013 2098 4074 caput
2121 4005 2212 4069 65,
2255 4001 2348 4069 IX,
2382 4006 2436 4059 4.
2479 4005 2706 4061 Canone
2737 4006 2790 4060 in
2836 4009 3402 4078 transtigurationem,
3443 4007 3536 4074 VI,
3579 4007 3632 4062 7.

404 4105 675 4160 Sermone
703 4103 964 4170 iusn-ripto
987 4103 1052 4154 de
1088 4097 1511 4169 proprietatibus
1542 4095 1772 4158 Christi,
1804 4092 1874 4158 Χ,
1909 4094 1965 4148 4.

479 4214 538 4269 S.
575 4213 847 4272 Justinus,
879 4210 1238 4279 philosophus
1270 4216 1330 4262 et.
1354 4216 1581 4277 martyr,
1633 4203 1894 4269 VIII,.I0.
1931 4203 2190 4260 Oratione
2244 4207 2313 4262 de
2345 4216 2491 4263 recta
2523 4205 2892 4271 confessione,
2949 4207 3081 4276 Vlll,
3119 4211 3166 4274 I,
3201 4211 3254 4265 8.
3289 4210 3344 4265 In
3399 4211 3466 4266 iis
3518 4227 3643 4281 qum

403 4303 633 4359 Pbotius
660 4299 965 4368 patriarcha
997 4313 1062 4352 ex
1105 4313 1169 4350 eo
1205 4297 1417 4362 recitat,
1451 4293 1546 4355 ΙΧ,
1584 4293 1638 4348 4.

476 4391 711 4444 Sanctus
737 4391 949 4452 Justus,
986 4387 1050 4450 V,
1085 4385 1140 4439 8.
1182 4383 1258 4438 Ex
1291 4384 1552 4454 Dionysio
1576 4399 1624 4437 c.
1665 4383 1752 4448 III,
1786 4383 1863 4436 De
1895 4381 2091 4436 divinis
2124 4381 2452 4437 nominibus.

479 4477 772 4548 (Leontius
811 4475 939 4544 Byz.
970 4483 1158 4526 contra
1191 4472 1715 4539 Aphtlmrtodocetas,
1748 4472 1947 4524 citatur
1975 4470 2030 4522 in
2058 4471 2270 4525 scholiia
2303 4470 2560 4526 Turriani
2593 4473 2664 4526 ad
2705 4470 2874 4540 VIII,
2901 4474 2955 4538 9,
3004 4484 3192 4528 auctor
3237 4477 3509 4531 eruditias.
3544 4477 3638 4533 lib.

403 4565 606 4622 Contra
638 4561 1017 4616 Nestorium'ct
1048 4558 1340 4629 Eutychen,
1367 4559 1438 4610 ad
1465 4556 1569 4620 IX,
1602 4559 1660 4614 9.
1690 4557 1710 4627 )

476 4675 497 4745 (
531 4673 750 4728 Manuel.
775 4671 1014 4733 Colecas,
1041 4670 1176 4723 libro
1219 4669 1293 4722 De
1316 4669 1581 4723 Tiinitale
1604 4669 1804 4721 oitatur
1834 4668 1886 4721 in
1921 4667 2176 4723 Turriani
2213 4671 2449 4734 schoiiis,
2489 4671 2559 4723 ad
2592 4670 2656 4737 Χ,
2690 4672 2758 4726 10
2783 4671 2834 4741 ).

481 4762 541 4816 S.
580 4761 849 4814 Maximus
883 4759 948 4813 ad
983 4758 1200 4828 Dionys.
1251 4757 1666 4826 Areopagitam,
1709 4754 1850 4820 1,1;
1895 4755 1981 4817 III,
2015 4757 2069 4820 8,
2115 4759 2170 4822 9,
2214 4770 2322 4814 etc.
2369 4760 2768 4830 Bxplanatioue
2828 4761 3015 4816 subtili
3070 4761 3425 4828 precationis,
3477 4763 3639 4819 Pater

403 4861 606 4916 noster,
667 4847 757 4912 ΙΧ,
793 4849 845 4902 5.
885 4847 940 4901 In
969 4845 1310 4914 theol'ogicis,
1351 4845 1413 4908 II',
1451 4846 1505 4909 5,
1539 4845 1596 4910 4,
1620 4846 1674 4910 6,
1709 4845 1761 4907 7,
1795 4845 1862 4911 9;
1901 4842 1990 4909 VI,
2023 4844 2078 4898 9.
2103 4845 2378 4900 Centuria:
2415 4863 2451 4906 ι,
2485 4849 2946 4918 capite-septimo,
2997 4846 3064 4909 Χ,
3119 4846 3172 4900 9.
3218 4847 3406 4916 Capite
3460 4851 3528 4904 58
3583 4863 3640 4906 et

405 4939 477 4994 59
514 4936 772 4992 centuriae
799 4937 1022 5004 quintae,
1052 4932 1162 4992 VII.
1193 4932 1246 4986 5.
1278 4934 1432 5000 Disp.
1471 4943 1660 4987 contra
1705 4932 1993 5003 Pyrrhum,
2036 4932 2123 4998 III,
2158 4935 2228 5000 5;
2277 4935 2336 5000 V,
2371 4934 2443 4996 9;
2475 4933 2544 4996 Χ,
2584 4937 2638 4989 4.
2669 4937 2723 4988 In
2752 4935 3040 4989 sententiis
3069 4934 3316 5002 Gregorii
3368 4937 3634 5006 theologi,

406 5023 499 5084 III,
542 5023 608 5086 2;
649 5021 782 5082 VIII,
833 5021 881 5074 1.
937 5018 1322 5087 δμιιειιιιιιίοιιρ
1347 5020 1520 5088 magis
1549 5018 1772 5073 dilatata
1808 5019 1874 5074 de
1915 5022 2422 5088 transiiguratione,
2450 5021 2536 5086 VI‘,
2567 5022 2620 5076 5.
2671 5022 2907 5076 Basilius
2941 5021 3215 5075 adnotatis
3243 5037 3270 5074 a
3307 5021 3365 5076 S.
3395 5022 3636 5081 Maximo

407 5113 476 5164 de
517 5110 733 5177 energia
764 5118 951 5162 contra
997 5107 1402 5171 Moootheli'tas,
1449 5105 1533 5169 nr,
1576 5107 1630 5160 4.
1672 5106 1855 5168 Libro,
1891 5107 2034 5175 quod
2071 5108 2124 5160 in
2155 5109 2377 5162 Christo
2408 5118 2493 5164 est
2530 5125 2734 5174 rerum,
2778 5108 2828 5162 id
2856 5121 2939 5162 ρει
2972 5108 3432 5172 substantiarum,
3476 5113 3635 5168 dilic-

409 5196 699 5260 rentia,X',
734 5196 786 5250 8.
825 5195 1014 5264 Capite
1042 5194 1075 5248 9
1105 5196 1365 5248 centuriae
1417 5205 1628 5262 quarta:
1659 5195 1723 5249 de
1776 5196 2063 5259 charitate,
2111 5195 2219 5261 VII,
2271 5196 2321 5250 9.
2367 5197 2420 5250 Io
2458 5198 2719 5251 centuriis
2759 5196 3104 5264 theologieis,
3156 5207 3368 5251 ceutur.
3420 5216 3504 5263 ιιι,
3543 5217 3636 5255 ca-

404 5286 516 5356 pite
546 5288 724 5345 tertio,
756 5283 824 5346 X,
850 5285 916 5346 8;
959 5292 1178 5350 quarto,
1210 5280 1275 5343 Χ,
1320 5282 1389 5344 Τ,
1429 5282 1684 5348 septimo,
1718 5281 1826 5344 VII,
1872 5283 1960 5345 I0;
1991 5299 2114 5350 cap.
2150 5283 2240 5343 42,
2271 5285 2400 5336 ibid.
2428 5299 2446 5344 ;
2478 5283 2719 5336 Centuria
2756 5284 2948 5349 prima,
2983 5298 3105 5350 cap.
3138 5285 3193 5346 2,
3238 5283 3373 5348 VIII,
3413 5286 3431 5338 I
3462 5303 3477 5351 ;
3507 5304 3631 5356 cap.

405 5373 499 5439 55,
543 5371 678 5432 VIII,
715 5374 783 5433 4;
821 5387 941 5438 cap.
984 5371 1016 5424 6
1083 5371 1254 5423 tertiae
1294 5370 1570 5429 renturim,
1614 5368 1749 5431 VIII,
1792 5371 1847 5424 2.
1889 5370 2089 5425 Octava
2123 5370 2399 5425 Ceututia.
2441 5386 2571 5437 cap.
2604 5371 2693 5428 88,
2745 5368 2872 5432 VIII,
2913 5371 2989 5433 4;
3033 5381 3152 5440 ea‘p.
3219 5371 3308 5435 87,
3374 5371 3512 5436 VIII,
3576 5375 3632 5428 5.

407 5461 636 5516 Centur.
673 5475 730 5512 ιιι
772 5459 840 5513 de
865 5457 1155 5520 charitate,
1187 5473 1310 5527 cap.
1349 5459 1447 5522 2|,
1483 5456 1615 5522 VIII,
1659 5459 1737 5522 5-;
1775 5473 1898 5526 cap.
1940 5459 2030 5520 27,
2076 5457 2211 5522 VIII,
2243 5459 2312 5520 7.;
2365 5474 2484 5524 cap.
2526 5457 2617 5520 29,
2666 5458 2797 5519 VIII,
2835 5461 2890 5512 9.
2945 5457 3215 5513 Centuria.
3250 5476 3324 5518 νι.
3370 5475 3491 5528 cap.
3538 5461 3632 5526 84,

407 5545 546 5609 VIII,
589 5547 644 5601 6.
687 5547 942 5601 Ceuturia
975 5563 1053 5611 iv,
1093 5562 1212 5616 cap.
1265 5545 1370 5600 Ict
1402 5545 1457 5609 4,
1489 5544 1581 5610 IX,
1618 5546 1715 5611 IO;
1748 5561 1868 5617 cap.
1910 5547 1962 5614 8,
1995 5547 2064 5612 Χ,
2107 5547 2128 5600 1
2165 5564 2178 5613 ;
2230 5546 2580 5600 adnotatione
2635 5547 2975 5601 extrinsecus
3033 5548 3206 5616 posita
3265 5547 3330 5600 ad
3391 5557 3554 5615 caput
3599 5550 3636 5602 2

409 5635 684 5690 Centuria‘.
707 5633 918 5703 primae,
960 5633 1028 5698 Χ,
1062 5634 1114 5687 4.

485 5740 684 5798 Phaedo
722 5741 1094 5813 philosophus,
1140 5740 1279 5798 intra
1309 5741 1364 5798 in
1407 5742 1639 5812 synodo.
