4108 6316
620 344 736 405 803

631 453 832 510 subditi
858 461 999 506 sunt.
1034 449 1232 504 Habita
1249 455 1324 502 est
1355 447 1529 502 etha’c
1553 446 1604 501 in
1630 448 1980 517 processione.
2030 448 2156 502 luit.
2187 461 2200 500 :

632 547 848 614 ’Ὥσπερ
884 543 980 595 ἐπὶ
1005 541 1430 611 γεωργουμένης
1464 540 1588 606 γῆς.

709 637 896 690 XXXI.
919 635 1023 686 Τοῦ
1048 632 1210 686 αὐτοῦ
1234 632 1419 700 ὁμιλία
1446 632 1525 694 είς
1555 633 1651 696 τὴν
1691 630 1893 699 σεπτὴν
1923 631 2207 703 Μεταμὸρ-

636 746 810 796 φωσιν
837 727 930 778 τοῦ
967 726 1176 795 Κυρίου
1212 724 1367 792 ἡμῶν
1405 723 1578 790 Ἰησοῦ
1605 721 1863 791 Χριστοῦ,
1891 725 1949 775 ἐν
2025 723 2204 791 παρά-

639 836 828 879 στασις
852 819 932 868 ὅτι
965 817 1021 867 τι
1053 815 1176 867 κατ’
1202 815 1374 883 αὐτὴν
1405 813 1518 880 φῶς
1548 812 1800 866 ἄκτιστόν
1825 815 1997 868 ὲστιν.
2055 813 2206 878 Ἐξε-

638 907 859 978 φωνηθη
905 905 1047 972 πρωῒ
1083 905 1222 956 κατᾶ
1253 905 1350 973 τὴν
1386 903 1607 972 ἑορτήν.
1661 901 1896 956 ll'omilia
1929 904 1984 955 ia
2050 919 2202 956 vene—

639 999 861 1050 randam
885 995 1424 1063 Transﬁyurationem
1457 993 1670 1047 Domini
1691 994 1860 1045 nostri
1903 992 2032 1047 Jesu
2049 992 2205 1048 Chri-

647 1089 739 1151 sti,
796 1088 886 1139 ubi
941 1085 1338 1137 demonstratur
1410 1083 1606 1147 lumen,
1665 1084 1803 1152 quod
1845 1084 1900 1137 in
1955 1101 2016 1138 ea
2047 1085 2203 1149 luxit,

640 1183 805 1250 fuisse
833 1180 1140 1230 increatnm.
1172 1175 1368 1228 Habita
1432 1183 1508 1227 est
1553 1175 1830 1227 matutinis
1890 1175 2012 1244 festi
2036 1175 2201 1229 horis.

643 1270 800 1322 Init.:
837 1265 1199 1333 Ἐπαινοῦμεν
1223 1263 1320 1315 καί¹
1349 1263 1512 1331 ἡμεῖς
1528 1263 1619 1314 καὶ
1639 1262 2016 1332 θαυμάζομεν.
2045 1263 2200 1318 Edita

639 1370 719 1413 es:
744 1360 908 1412 latine
933 1367 1065 1410 tum.
1089 1356 1158 1409 26
1186 1353 1444 1408 Biblioth.
1488 1354 1634 1408 Patr.
1662 1354 1910 1424 Lugdun.
1936 1372 1998 1410 cx
2033 1356 2205 1410 inter-

637 1453 941 1520 pretatione
975 1449 1314 1503 Combeﬁsii.

718 1541 936 1595 XXXII.
971 1540 1081 1592 Τοῦ
1108 1540 1272 1594 αὑτοῦ
1300 1541 1486 1610 ὁμιλία
1507 1542 1587 1604 είς
1618 1542 1718 1612 τὴν
1753 1541 1924 1612 αὐτὴν
1976 1543 2072 1595 τοῦ
2096 1545 2206 1597 Κυ-

643 1634 762 1702 ρίου
797 1631 1000 1700 σεπτὴν
1033 1630 1500 1697 Μεταμὸρφωσιν,
1541 1625 1660 1702 ὲνῇ
1717 1630 2061 1701 παράστασις
2131 1633 2207 1697 ὡς

642 1725 690 1773 εξ
726 1722 818 1773 καὶ
857 1720 1115 1774 ἅκτιστόν
1147 1721 1265 1771 ἐστι
1292 1720 1350 1770 τὸ
1377 1721 1497 1771 κατ’
1524 1721 1698 1789 αὐτὴν
1736 1721 2014 1774 θειότατον
2067 1722 2205 1788 φῶς,

638 1812 883 1864 ἀλλὀὐκ
911 1810 1058 1862 ἔστιν
1105 1809 1269 1861 οὐσία
1301 1809 1457 1862 Θεοῦ.
1512 1809 1860 1881 Ἐξεφωνήθη
1912 1812 2052 1864 κατὰ
2109 1813 2209 1879 τὴν

647 1901 797 1954 ὑείαν
829 1899 1201 1967 λειτουργίαν.
1235 1898 1475 1952 Ilomilia
1523 1901 1577 1953 in
1597 1901 1828 1954 eamdem
1864 1903 2210 1956 venerandam

652 1990 1196 2059 Transﬁgurationem
1211 2005 1230 2042 .'
1249 1990 1335 2042 ubi
1351 1989 1930 2045 demonstraturlumen
1945 1994 2212 2048 divinissi-

648 2097 790 2133 muni
813 2079 949 2146 quod
976 2079 1026 2129 in
1052 2067 1649 2144 easplenduit,etiamsi
1679 2082 1973 2136 increatum
1992 2087 2080 2146 sit,
2110 2099 2211 2136 non

638 2185 756 2222 esse
774 2179 946 2221 tamen
975 2169 1254 2221 essentiam
1282 2166 1395 2221 Dei.
1427 2167 1628 2223 Ilabita
1641 2180 1717 2224 est
1743 2172 1799 2224 in
1823 2185 2012 2226 sancta
2037 2173 2214 2226 Litur-

645 2263 754 2331 gia.
780 2260 903 2312 luit.
937 2274 950 2312 :
983 2258 1212 2322 Ἡσαΐας
1239 2260 1266 2310 ὁ
1284 2259 1592 2329 προφήτης.
1620 2260 1779 2315 Edita
1804 2261 2002 2317 ibidem
2020 2263 2210 2319 eodem

644 2353 966 2418 interprete.

721 2443 960 2498 XXXIII.
991 2443 1100 2496 Τοῦ
1137 2444 1303 2497 αὑτοῦ
1326 2443 1514 2514 ὁμιλία
1540 2444 1770 2515 ῥηθεῖσα
1796 2445 1941 2499 κατὰ
1997 2447 2214 2502 ἑνδεκά-

646 2553 745 2606 την
777 2536 868 2588 τοῦ
895 2534 1178 2588 Ματθαίου
1222 2535 1532 2606 Κυριακὴν,
1567 2536 1828 2588 ὑπόθεσιν
1882 2536 2080 2607 ἔχουσα
2115 2538 2214 2608 τὴν

644 2626 1008 2694 παραϐολήνο
1049 2642 1067 2675 ι
1115 2624 1546 2694 Ὀμοιωθήσεται
1617 2626 1863 2695 βασιλεία
1885 2628 1993 2681 τῶν
2051 2625 2218 2699 οὖρα-

644 2719 754 2772 νῶν
788 2715 1058 2785 ἀνθρώπῳ
1084 2716 1317 2782 βασιλεῖ,
1346 2717 1404 2779 ὃς
1427 2717 1661 2787 ἠθέλησε
1694 2720 1927 2790 συνᾶραι
1957 2719 2115 2787 λόγον
2138 2738 2150 2750 ·
2185 2739 2203 2772 s

647 2808 704 2858 ὲν
804 2808 897 2858 καὶ
927 2808 1057 2874 περὶ
1086 2805 1440 2872 ἀνεξικακίας
1500 2811 1595 2862 καὶ
1633 2810 2001 2878 συμπαθείας.
2031 2813 2217 2864 Homi-

647 2899 724 2948 lia
750 2896 929 2947 habita
956 2898 1235 2951 undecima
1259 2896 1540 2950 Dominica
1568 2901 1854 2952 secundum
1882 2898 1934 2952 Μ
1943 2901 2212 2967 atthwum,

647 2998 1017 3056 argumentum
1051 2989 1242 3042 habens
1279 2991 1586 3058 parabolam
1617 2994 1766 3044 illam
1794 3009 1807 3044 :
1841 3010 1859 3043 ι
1903 2993 2087 3046 Simile
2119 2997 2216 3048 erit

652 3080 1137 3146 tegnumcwlorum
1199 3080 1400 3134 homini
1454 3084 1582 3151 regi,
1611 3085 1699 3154 qui
1761 3085 1922 3136 voluit
1960 3087 2214 3139 rationem

645 3185 836 3237 ponere
869 3185 888 3223 :
935 3188 954 3221 ι
999 3171 1088 3222 ubi
1117 3173 1179 3224 de
1231 3175 1514 3226 tolerantia
1554 3187 1600 3228 et
1633 3179 2012 3247 compassione.
2049 3176 2212 3233 Init.:

659 3257 717 3311 '0
750 3260 883 3320 Θεὸς
913 3262 1256 3325 αὐτεξούσιον
1286 3263 1541 3317 πλάττων
1577 3267 1668 3318 τὸν
1695 3267 2003 3338 ἄνθρωπον.

721 3350 959 3407 XXXIV.
994 3353 1098 3404 Τοῦ
1124 3355 1287 3407 αὐτοῦ
1311 3357 1495 3424 ὁμιλία
1526 3360 1606 3420 είς
1635 3361 1732 3430 τὴν
1752 3363 2060 3415 πάνσεπτον
2088 3363 2215 3415 Κοί-

655 3461 822 3512 μησιν
861 3445 962 3513 τῆς
992 3449 1411 3516 πανυπεράγνου
1473 3452 1775 3520 Δεσποίνης
1811 3454 1970 3521 ἡμῶν
2024 3456 2216 3509 9501:6-

647 3550 746 3586 κου
781 3534 871 3585 καὶ
899 3535 985 3586 ἀεὶ
1014 3537 1292 3604 Παρθένου
1327 3538 1558 3607 Μαρίας.
1595 3539 1831 3596 llomilia
1867 3544 1921 3597 in
1964 3561 2211 3599 veneran-

649 3627 772 3677 dam
821 3629 1191 3680 dormitionent
1222 3631 1539 3683 castissima
1585 3633 1826 3688 Domina:
1874 3647 2066 3691 nostra:
2099 3637 2218 3691 Dei-

649 3731 873 3782 para'ac
902 3732 1104 3783 semper
1155 3715 1383 3786 Virginis
1434 3717 1644 3772 Mariw.
1682 3719 1854 3774 luit.:
1904 3723 2014 3793 Τὴν
2077 3725 2215 3794 ἐμὴν

647 3805 864 3872 ὁμιλίαν
900 3807 1159 3874 σήμερον.

726 3895 935 3950 XXXV.
973 3897 1078 3950 Τοῦ
1110 3897 1270 3950 αὐτοῦ
1319 3900 1504 3969 ὁμιλία
1533 3903 1612 3964 είς
1637 3903 1697 3955 τὸ
1732 3905 1947 3974 πρῶτον
1969 3906 2212 3974 ἑωθινὸν,

651 3990 707 4040 ὲν
805 3990 896 4041 καὶ
915 3989 994 4041 ὅτι
1019 3990 1116 4040 οὐκ
1149 3991 1314 4059 ἀρκεῖ
1343 3992 1402 4043 τὸ
1426 3993 1569 4044 Θείον
1603 3992 1886 4064 βάπτισμα
1925 3997 2094 4052 σῶσαι
2121 4001 2213 4052 τὸν

648 4078 956 4146 ἄνθρωπον,
990 4081 1037 4131 εξ
1069 4082 1140 4150 μὴ
1175 4084 1269 4133 καὶ
1299 4085 1396 4150 τὴν
1426 4085 1658 4154 τήρησιν
1687 4086 1830 4156 ἔχειν
1860 4090 2078 4143 σπεύδει
2104 4092 2214 4145 τῶν

650 4170 811 4222 Οείων
849 4172 1098 4224 ἐντολῶν.
1136 4171 1376 4226 llomilia
1411 4177 1462 4227 in
1489 4178 1716 4241 primunt
1759 4181 2118 4245 matutinum,
2160 4184 2215 4234 in

646 4278 751 4330 qua
800 4263 1016 4314 docetur
1041 4279 1141 4314 non
1170 4265 1409 4332 sul/icere
1434 4267 1669 4320 divinant
1699 4270 1957 4335 baptisma
1987 4279 2050 4320 ad
2069 4273 2214 4324 salu-

649 4360 752 4402 tem
799 4352 1044 4415 hominis,
1085 4354 1184 4404 nisi
1215 4355 1259 4404 is
1301 4355 1558 4409 sollicitus
1591 4360 1657 4409 sit
1699 4361 1765 4409 ad
1805 4359 2212 4415 observationem

647 4441 945 4491 divinorum
989 4451 1389 4508 praeceptorum.
1449 4445 1626 4499 luit.:
1689 4447 1748 4498 '0
1798 4451 1903 4518 n95
1951 4452 2058 4503 τῶν
2116 4453 2208 4508 ὁν-

645 4545 755 4580 των
803 4527 897 4582 ὢν.

721 4618 958 4672 XXXVI.
991 4616 1098 4671 Τοῦ
1135 4619 1300 4672 αὑτοῦ
1333 4620 1519 4691 ὁμιλία
1569 4624 1794 4694 ρηθεῖσα
1816 4629 1873 4679 ὲν
1904 4628 2026 4701 λιτῇ
2061 4649 2212 4698 γενο-

650 4715 786 4782 μένῃ
820 4713 907 4765 διὰ
932 4711 1029 4782 τὴν
1067 4711 1211 4781 ἀήθη
1263 4715 1356 4763 καὶ
1379 4712 1585 4779 ἀθρόαν
1622 4714 1713 4767 τοῦ
1770 4719 2000 4772 Θανάτου
2059 4739 2210 4791 τηνι-

647 4803 824 4855 xui-ta
857 4805 1093 4874 πληγήν.
1131 4801 1375 4855 Homilia
1411 4804 1589 4856 habita
1631 4807 1682 4858 in
1715 4813 2212 4877 praecautum-quat

573 4943 578 4948 .
646 4896 789 4962 facta
825 4904 902 4947 est
935 4895 996 4945 ob
1026 4893 1296 4946 insolitam
1326 4904 1376 4947 et
1400 4879 1740 4963 frequentem,
1780 4915 1894 4965 qua:
1919 4911 2042 4953 tunc
2071 4907 2212 4956 acti-

647 4990 744 5051 dit,
792 4987 1188 5041 mortalitatem.
1222 4986 1440 5041 Initium
1481 5005 1495 5042 :
1549 4987 1803 5060 Ἰωάννης
1837 4994 1863 5042 ὁ
1917 4995 2210 5064 ἠγαπημέ-

648 5096 758 5140 νος.

718 5169 857 5228 XXX
871 5168 978 5222 VII.
1012 5169 1117 5222 Τοῦ
1141 5169 1302 5223 αὐτοῦ
1335 5171 1522 5240 ὁμιλία
1546 5173 1624 5233 εἰς
1655 5173 1756 5241 τὴν
1785 5174 2072 5246 ἀποτομὴν
2102 5179 2195 5230 τοῦ

646 5262 828 5329 τιμίου
861 5261 1145 5329 προφήτου
1194 5261 1510 5332 Προδρὸμου
1546 5265 1636 5314 καὶ
1681 5263 1976 5331 βαπτιστοῦ
2024 5270 2206 5321 Ἰωάν-

647 5369 763 5404 νου.
797 5349 1031 5402 llomilia
1056 5351 1110 5401 in
1157 5350 1555 5406 decollationem
1617 5357 1894 5409 venerandi
1943 5364 2208 5425 prapheta:

643 5441 988 5512 ριωειιτδονὶδ
1015 5451 1062 5494 et
1099 5439 1338 5509 baptista:
1365 5441 1612 5501 Joannis.
1660 5444 1784 5499 luit.
1826 5463 1839 5500 :
1879 5449 1938 5499 Εί
1977 5452 2156 5514 tta-0;
2182 5455 2208 5503 ὁ

646 5535 873 5594 (θάνατος
905 5533 1014 5586 τῶν
1039 5532 1222 5587 ὁσίων.

717 5625 1001 5680 XXXVIII.
1042 5625 1148 5679 Τοῦ
1185 5625 1352 5678 αὑτοῦ
1392 5627 1581 5696 ὁμιλία
1617 5632 1683 5699 τῇ
1712 5633 2208 5702 τεσαρεσκαιδεκά-

644 5735 713 5791 τῃ
739 5721 830 5774 τοῦ
865 5721 1147 5777 Ματθαίου
1181 5723 1430 5793 κυριακῇ
1467 5724 1546 5786 εἰς
1580 5725 1675 5794 τὴν
1736 5726 2046 5796 παραϐολὴν
2099 5728 2197 5796 τὴν

1850 335 1903 395 6
1917 333 2240 398 REGORII
2290 334 2375 393 PA
2386 333 2614 395 [ΑΜΕ

2318 446 2588 500 καλοῦσαν
2626 445 2706 507 είς
2742 442 2869 507 τοὺς
2899 441 3112 513 γάμους
3135 443 3231 496 τοὺ
3264 443 3403 509 υἱοῦ,
3443 443 3508 498 ὲν
3619 445 3724 498 καὶ
3781 463 3849 514 πρ
3881 445 3904 488 ἴ

2308 539 2433 600 τοὺς
2462 538 2738 605 λέγονταςο
2797 535 2951 587 Διατί
2982 535 3296 587 ἐκάλεσενὸ
3349 535 3485 598 Θεὸς
3558 535 3736 599 εἰδὼς
3785 540 3901 598 τοὺς

2311 629 2574 698 μηδαμῶς
2603 629 2633 699 ἦ
2690 627 2764 697 μὴ
2799 634 2815 695 (
2851 626 2950 695 sic)
2979 625 3048 678 δι’
3084 625 3263 695 ἔργων
3303 625 3772 688 ὑπακούσοντας,
3821 629 3901 678 καὶ

2305 719 2448 772 διατί
2487 721 2713 790 ἐποίησε
2774 717 2902 780 τοὺς
2953 716 3515 786 κολασθησομένους;
3559 717 3806 770 Humilia
3853 721 3898 770 in

2305 813 2507 864 decima
2535 823 2723 880 quarta
2748 809 2986 864 Mattha’i
3011 807 3314 870 Dominica,
3349 809 3401 860 in
3427 807 3770 876 parabolam
3798 824 3899 860 ero-

2305 901 2606 953 cantemad
2663 899 2873 965 nuptias
2938 895 3086 960 Filii,
3125 897 3212 948 ubi
3259 906 3307 948 et
3362 901 3638 948 adversus
3695 913 3782 948 eos
3818 898 3894 964 qui

2304 993 2486 1045 dicunt
2523 990 2722 1056 :Quare
2746 990 2945 1044 vocavit
2974 988 3133 1053 Deus,
3157 1003 3275 1040 cum
3299 987 3458 1056 probe
3483 999 3676 1039 nosset
3712 1004 3798 1039 eos
3817 989 3896 1054 qui

2306 1083 2610 1139 nullatenus
2634 1099 2724 1148 per
2741 1097 2899 1150 opera
2928 1079 3379 1140 obediturierant,
3417 1087 3468 1130 et
3505 1095 3612 1130 cur
3643 1081 3888 1146 stu-plicia

2305 1177 2492 1245 dignos
2518 1173 2726 1243 cﬂ'ecit?
2754 1172 2878 1226 luit.
2910 1169 3057 1241 εΤῆς
3083 1172 3323 1240 σήμερον
3385 1170 3891 1236 ἀναγνωσοτσομέ-

2305 1282 2428 1334 νης.

2379 1353 2624 1410 XXXIX.
2656 1353 2761 1406 Τοῦ
2786 1351 2952 1406 αὑτοῦ
2984 1351 3173 1420 ὁμιλία
3202 1350 3282 1412 είς
3312 1349 3410 1418 τὴν
3455 1350 3745 1417 σωτήριον
3775 1350 3885 1416 γέν-

2303 1441 2370 1520 Vr,
2380 1467 2461 1501 σιν
2474 1448 2573 1516 τῆς
2587 1464 2726 1498 πανυ
2735 1462 2799 1497 πε
2809 1446 3010 1515 ράγνου
3028 1443 3320 1510 Δεσποίνης
3335 1439 3799 1511 καὶθεομήτορος
3809 1440 3881 1492 ἀεὶ

2307 1539 2586 1608 Παρθένου
2637 1536 2878 1605 Μαρίας.
2911 1534 3142 1588 Homilia
3167 1534 3222 1585 in
3243 1533 3544 1584 salutarem
3566 1533 3880 1584 nativitatem

2305 1630 2616 1683 castissima!
2650 1626 2887 1679 Domina:
2910 1636 2955 1678 et
3005 1625 3096 1677 Dei
3123 1617 3313 1676 Matris
3376 1637 3596 1690 semper
3670 1619 3877 1691 Virginis

2309 1724 2520 1778 Marica.
2552 1720 2771 1775 Initium
2807 1737 2820 1772 :
2863 1719 2976 1780 Πᾶς
3026 1717 3122 1787 μὲν
3148 1715 3339 1785 καιρὸς
3397 1713 3726 1782 ἐπιτήδειός
3757 1716 3874 1765 ἐστι.

2381 1815 2487 1869 XL.
2520 1813 2626 1866 Τοῦ
2653 1810 2819 1866 αὐτοῦ
2853 1807 3043 1878 ὁμιλία
3073 1807 3153 1870 εἰς
3181 1808 3242 1858 τὸ
3278 1805 3378 1868 τῆς
3401 1805 3870 1874 ἑπτακαιδεκάτης

2306 1908 2401 1963 τοῦ
2433 1905 2715 1960 Ματθαίου
2754 1901 3087 1970 Εὑαγγέλιον
3113 1900 3175 1950 τὸ
3238 1899 3366 1966 περὶ
3397 1898 3502 1966 τῆς
3559 1897 3870 1960 Χαναναίας,

2309 1993 2423 2072 ὲνῇ
2452 1997 2547 2051 καὶ
2587 1996 2716 2065 περὶ
2750 1992 2846 2062 τῆς
2880 1990 2976 2043 τοῦ
3011 1989 3300 2058 ἀνθρώπου
3329 1989 3626 2050 εὐτελείας
3671 1986 3867 2054 καὶτῆς

2310 2089 2604 2158 ὲπαινετῆς
2631 2084 3032 2145 ταπεινώσεως.
3063 2080 3301 2134 Homilia
3324 2082 3376 2133 in
3403 2079 3663 2134 blattha'i
3712 2078 3868 2131 Evan-

2309 2181 2501 2252 gelium
2534 2181 2746 2232 decima:
2772 2185 2821 2228 et
2855 2175 3087 2240 septimae
3146 2172 3435 2224 Dominicaz
3469 2171 3537 2223 de
3558 2169 3862 2229 Chanana’n,

2308 2274 2364 2325 in
2395 2286 2499 2342 qua
2530 2270 2592 2322 de
2648 2265 2874 2319 hominis
2919 2263 3144 2334 vilitate,
3173 2271 3221 2314 et
3261 2260 3323 2313 de
3355 2259 3627 2313 laudabili
3676 2257 3864 2310 humili-

2313 2373 2437 2417 tate.
2479 2361 2604 2415 luit.
2643 2377 2656 2412 :
2684 2360 2808 2410 Ὀτι
2835 2355 3037 2425 Κύριος
3070 2354 3441 2424 ὑπερηφάνοις
3469 2351 3859 2406 ἀντιτάσσεται.

2381 2451 2518 2504 XLI.
2555 2449 2660 2502 Τοῦ
2686 2445 2853 2500 αὐτοῦ
2885 2444 3073 2514 ὁμιλία
3106 2445 3185 2507 είς
3209 2444 3299 2496 τὸν
3346 2443 3504 2511 ἅγιον
3573 2440 3858 2498 ἀπόστολον

2312 2546 2404 2599 καὶ
2436 2541 2824 2611 εὐαγγελιστὴν
2863 2541 2954 2592 καὶ
2981 2538 3060 2608 τῷ
3102 2537 3328 2607 Χριστῷ
3359 2537 3560 2608 ἐξόχως
3584 2533 3857 2606 ἠγαπημέ-

2312 2653 2402 2688 νον
2442 2636 2696 2703 Ἰωάννην
2721 2633 2812 2685 τὸν
2843 2631 3125 2698 Θεολόγον,
3149 2632 3206 2682 ὲν
3291 2629 3529 2700 καὶπερὶ
3551 2629 3646 2698 τῆς
3674 2629 3749 2690 είς
3775 2627 3856 2676 τὸν

2313 2729 2444 2781 Θεὸν
2473 2728 2567 2780 καὶ
2595 2727 2686 2779 τὸν
2723 2724 2954 2794 πλησίον
2980 2721 3223 2791 ἀγάπης.
3267 2720 3501 2775 Homilia
3530 2723 3582 2774 in
3631 2727 3854 2773 sanctum

2313 2821 2603 2882 apostolum
2638 2828 2685 2872 et
2720 2815 3117 2886 evangelistam,
3167 2827 3324 2884 atque
3355 2830 3386 2868 a
3433 2814 3628 2867 Christo
3675 2807 3852 2864 eximie

2311 2908 2558 2961 dilectum
2589 2906 2851 2960 Joannem
2877 2906 3229 2975 Theologum;
3261 2906 3316 2957 in
3354 2920 3453 2973 qua
3484 2903 3545 2954 de
3594 2901 3849 2952 charitate

2311 3013 2435 3065 erga
2477 2995 2642 3049 Deum
2693 3004 2742 3047 et
2778 2995 3098 3064 proximum.
3131 2993 3258 3048 luit.
3292 3011 3306 3046 :
3375 2990 3584 3055 Ἐορτὴν
3639 2988 3841 3054 ἄγομεν

2314 3091 2380 3159 σή
2391 3105 2453 3154 με
2465 3106 2575 3158 ρον.

2383 3179 2541 3233 XLII.
2574 3177 2680 3232 Τοῦ
2711 3179 2877 3231 αὑτοῦ
2911 3176 3098 3246 ὁμιλία
3133 3179 3214 3237 είς
3243 3175 3300 3229 τὸ
3321 3175 3417 3244 τῆς
3459 3172 3704 3240 δευτέρας
3729 3169 3837 3218 K0-

2314 3275 2514 3342 ριακῆς
2551 3270 2646 3324 τοῦ
2680 3272 2865 3325 Δουκᾶ
2915 3270 3252 3338 Εὑαγγέλιον
3275 3271 3334 3322 τὸ
3349 3268 3518 3336 λέγον·
3557 3264 3640 3324 Ὠς
3674 3258 3841 3315 5.10:5.-

2310 3365 2430 3417 λετε
2461 3365 2549 3416 ἵνα
2587 3363 2814 3417 ποιῶσιν
2838 3363 2967 3432 ὑμῖν
3019 3364 3067 3415 οί
3115 3361 3417 3432 ἄνθρωποι,
3453 3361 3539 3414 καὶ
3570 3357 3714 3426 ὑμεῖς
3738 3367 3844 3403 ποι-

2311 3461 2420 3511 εῖτε
2449 3458 2631 3518 αὐτοῖς
2677 3455 2902 3524 ὁμοίως.
2957 3448 3106 3525 Ἑνῇ
3173 3453 3268 3506 καὶ⁵
3318 3453 3458 3504 κατὰ
3522 3445 3841 3508 τοκιζὸντων.

2315 3548 2553 3602 Ilomilia
2577 3549 2628 3598 in
2656 3545 2998 3614 Evangelium
3027 3541 3182 3596 Luca:
3210 3544 3262 3594 in
3298 3542 3524 3595 secunda
3576 3533 3840 3594 Dnminica,

2311 3638 2398 3692 ubi
2435 3639 2668 3691 dicitur:
2716 3655 2734 3686 ι
2769 3634 3040 3700 Quomodo
3072 3633 3224 3688 vultis
3265 3641 3320 3684 ut
3361 3633 3566 3701 faciant
3610 3628 3739 3682 vobis
3760 3624 3842 3673 lto-

2313 3731 2496 3795 mines,
2523 3739 2570 3782 et
2592 3744 2678 3782 ros
2705 3728 2864 3794 facite
2886 3726 2990 3778 illis
3021 3725 3289 3778 similiter.
3315 3742 3334 3776 ι
3376 3723 3440 3776 lu
3460 3725 3557 3776 hac
3604 3721 3750 3773 etiam
3779 3719 3842 3764 est

2313 3822 2529 3874 invectio
2558 3821 2610 3872 in
2637 3821 2978 3886 feneratores.
3015 3816 3137 3870 luit.
3182 3832 3195 3868 :
3227 3817 3284 3868 '0
3311 3815 3523 3878 πλάσας
3555 3809 3840 3878 καταμόνας

2311 3916 2408 3976 τὰς
2441 3913 2666 3982 καρδίας
2694 3910 2870 3980 ἡμῶν.

2384 4005 2568 4061 XLIII.
2593 4003 2699 4057 Τοῦ
2724 4003 2888 4056 αὐτοῦ
2919 4002 3110 4072 ὁμιλία
3131 4003 3210 4064 είς
3237 4001 3298 4055 τδ
3331 4003 3428 4071 τῆς
3452 4002 3639 4070 τρίτης
3662 3998 3842 4064 Κυρια-

2312 4099 2414 4169 κῆς
2454 4099 2547 4151 τοῦ
2583 4098 2776 4151 Λουκᾶ
2804 4075 3155 4162 Εὐαγγέλιον,
3191 4094 3446 4148 ὑπόθεσιν
3476 4093 3599 4164 ἔχον
3627 4089 3710 4141 τὸν
3759 4080 3844 4135 ὑπὸ

2312 4189 2402 4242 τοῦ
2431 4187 2634 4255 Κυρίου
2658 4186 2956 4256 ἐγερθέντα
3003 4188 3100 4254 τῆς
3133 4186 3309 4255 χήρας
3364 4186 3552 4236 παῖδαο
3585 4185 3640 4234 ὲν
3769 4172 3846 4226 καὶ

2313 4281 2440 4349 περὶ
2497 4277 2589 4330 τοῦ
2644 4277 3126 4346 συγγνωμονικοὺς
3193 4277 3344 4345 ἡμᾶς
3406 4278 3505 4328 καὶ
3571 4267 3845 4341 συμπαθεῖς

2311 4373 2448 4440 πρὸς
2487 4369 2746 4436 ἀλλήλους
2771 4367 3188 4422 εἷναι.Ηοηιίίὶα
3236 4368 3288 4420 in
3326 4365 3672 4436 Evangelium
3718 4359 3845 4412 ιυεω

2316 4463 2483 4515 tertia:
2507 4459 2821 4522 Dominica’,
2851 4467 3216 4527 argumentum
3244 4457 3434 4510 habens
3463 4471 3680 4524 puerum
3707 4450 3847 4504 vidua

2314 4571 2344 4605 a
2368 4551 2587 4605 Domino
2647 4551 2961 4604 suscitatam
2981 4565 3002 4614 ;
3019 4549 3336 4601 ubidocetur
3357 4564 3451 4600 nos
3478 4548 3550 4601 ad
3574 4543 3846 4599 condonau-

2310 4645 2433 4696 dum
2452 4654 2499 4697 et
2519 4643 2870 4696 miserandum
2890 4657 3077 4709 pronos
3105 4656 3216 4693 esse
3234 4641 3434 4693 debere.
3467 4635 3592 4692 luit.
3626 4649 3641 4688 :
3671 4633 3737 4684 Τὸ
3761 4627 3848 4680 Θεῖ-

2308 4753 2366 4787 ον
2394 4737 2484 4787 καὶ
2505 4733 2848 4801 κοινωφελές.

2380 4823 2558 4878 XLIV.
2594 4823 2700 4875 Τοῦ
2733 4823 2898 4875 αὺτοῦ
2932 4821 3120 4891 ὁμιλία
3143 4821 3224 4884 είς
3246 4822 3306 4874 τὸ
3329 4823 3427 4893 τῆς
3465 4820 3728 4891 τετάρτης
3753 4809 3846 4861 Ku-

2313 4920 2506 4986 ριακῆς
2531 4915 2622 4967 τοῦ
2652 4916 2837 4967 Λουκᾶ
2868 4913 3202 4981 Εὑαγγέλιον
3231 4913 3292 4965 τὸ
3358 4914 3543 4982 λέγον·
3581 4930 3599 4962 ι
3625 4901 3844 4971 Ἐξῆλθεν

2305 5009 2334 5057 ὁ
2369 5007 2604 5073 σπείρων
2634 5003 2728 5056 τοῦ
2752 5007 2970 5072 σπεῖραι
2991 5003 3082 5055 τὸν
3110 5002 3312 5072 σπόρον
3347 5003 3539 5065 αὐτοῦ.
3587 5021 3604 5053 ι
3641 5001 3694 5050 ὲν
3717 4989 3746 5065 ᾖ
3767 4986 3844 5042 καὶ

2311 5099 2440 5166 περὶ
2465 5101 2556 5163 τῆς
2581 5095 2940 5164 ὀφειλομένης
2966 5095 3070 5163 πρὸ
3091 5094 3186 5146 τοῦ
3230 5096 3437 5166 σπόρου
3499 5094 3683 5148 τούτου
3734 5077 3842 5146 παρ’

2308 5188 2464 5256 ἡμῶν
2480 5185 2749 5238 τελεῖσθαι
2790 5187 3164 5254 καλλιεργίας.
3196 5185 3430 5238 Homilia
3451 5188 3499 5239 in
3528 5176 3839 5248 Evangellum

2305 5279 2458 5333 Luca:
2497 5278 2780 5330 Dominica:
2825 5288 3058 5346 quartw,
3119 5278 3208 5330 ubi
3249 5279 3492 5332 dicitur:
3520 5296 3539 5328 ι
3572 5273 3708 5329 Exiit
3765 5260 3839 5328 0""

2304 5369 2549 5431 seminat,
2601 5368 2861 5418 seminare
2909 5382 3080 5418 semen
3131 5383 3306 5422 suum.
3345 5386 3362 5418 ι
3419 5366 3483 5420 In
3550 5380 3651 5433 qua
3701 5358 3839 5411 etiam

2305 5460 2479 5528 agitur
2509 5459 2571 5509 de
2601 5459 2750 5508 bonis
2778 5457 3043 5522 operibus,
3070 5473 3186 5526 qua:
3209 5468 3488 5528 antequam
3509 5468 3674 5510 semen
3705 5456 3836 5513 spar-

2304 5557 2481 5616 gatur,
2530 5546 2784 5612 complere
2813 5547 3081 5599 debemus.
3129 5548 3254 5600 luit.
3293 5565 3307 5602 :
3342 5549 3403 5600 '0
3441 5548 3636 5618 Κύριος
3691 5531 3834 5607 ἡμῶν

2318 5638 2522 5699 Ἰτσοῦς
2551 5637 2805 5706 Χριστός.
3497 5659 3499 5662 ⁴

2379 5717 2538 5784 XLV.
2573 5728 2678 5781 Τοῦ
2709 5727 2874 5782 αὑτοῦ
2909 5727 3091 5798 ὁμιλία
3112 5731 3188 5790 είς
3223 5729 3279 5786 τ’)
3300 5730 3398 5793 τῆς
3434 5730 3679 5801 πέμπτης
3733 5717 3835 5772 Κυ⁹
