4108 6316
562 512 688 567 καθ’
722 511 787 582 ἢν
818 520 916 563 και
960 505 1086 568 τοὺς
1138 501 1386 574 μαθητὰς
1419 496 1821 569 περιέσεραψεν
1861 501 1917 549 ὲν
1947 494 2146 562 Θαὸὼρ

563 607 591 657 ὁ
652 602 877 669 Κύριος.
938 599 994 651 9..
1054 597 1209 662 Quod
1273 592 1576 661 Acintlynus
1636 592 1685 644 vi
1740 588 2145 643 ratiociniorum

565 698 772 749 nitatur
803 691 1098 757 ostendere,
1129 687 1457 757 splendorem
1485 684 1677 737 divinte
1700 692 1929 742 natum,
1953 697 2054 749 quo
2092 679 2145 732 in

568 787 778 841 Thabor
836 783 1128 850 discipulos
1172 776 1496 834 illuminavit
1559 774 1843 835 Dominus,
1905 782 2144 825 creatum

567 895 677 933 €888
684 919 695 931 .

639 970 708 1037 γ’.
741 972 865 1024 Ὅτι
918 970 1079 1031 ἄθεος
1133 965 1493 1035 ἀναφαίνεται
1523 966 1550 1016 ὁ
1613 961 1942 1024 Ἀκίνδυνος,
1984 958 2047 1024 ἐξ
2073 951 2146 1010 ὧν

566 1062 973 1128 κατασκευάζει
1000 1063 1161 1132 δῆθεν
1187 1060 1288 1130 τὴν
1310 1060 1408 1129 τῆς
1442 1057 1650 1119 ὃιθεῖας
1682 1053 2021 1124 κατηγορίαν
2043 1068 2056 1082 ·
2091 1053 2148 1104 ἐν

564 1151 609 1223 ᾧ
661 1155 1060 1224 συντομωτάτη
1119 1151 1337 1214 ἐκθεσις
1388 1150 1487 1217 τῆς
1544 1149 1637 1200 ἐπὶ
1683 1148 1796 1210 τοῖς
1833 1146 2017 1207 αὐτοῖς
2052 1144 2146 1197 τοῦ

566 1244 831 1315 Βαρλαὰμ
859 1243 1181 1306 δυσσεϐείας
1238 1245 1336 1295 καὶ
1380 1240 1668 1309 συνοδικῆς
1715 1237 2036 1307 καταδίκης.
2090 1238 2145 1290 5.

566 1341 720 1408 Quod
768 1338 1077 1407 Acindynus
1109 1337 1295 1390 atheus
1325 1350 1436 1389 esse
1462 1330 1850 1402 comprobetur,
1882 1329 1961 1383 vel
1992 1343 2057 1382 ex
2087 1329 2149 1381 iis

563 1433 751 1503 quibus
782 1430 996 1483 ditheite
1023 1429 1423 1482 accusationem
1450 1424 1734 1477 concinnat
1767 1438 1783 1475 :
1816 1419 1905 1471 ubi
1951 1417 2146 1470 brevis-

564 1526 702 1578 sima
726 1520 1001 1588 Expositio
1018 1517 1295 1572 Barlaami
1324 1513 1615 1584 impietatis
1642 1511 1782 1564 circa
1806 1524 1888 1562 res
1913 1506 2149 1569 easdem,

564 1626 615 1669 et
646 1612 914 1682 :ynodica:
943 1607 1425 1662 condemnationis.

634 1704 699 1759 δ’.
734 1704 861 1756 Ὅτι
883 1701 978 1754 καὶ
998 1700 1134 1769 δόλῳ
1160 1699 1296 1768 πρὸς
1325 1695 1515 1749 ἀθεῖαν
1542 1692 1868 1761 ἐφέλκεσθαι
1889 1690 2149 1760 πειρᾶται

568 1800 776 1861 πάντας
840 1795 1177 1855 Ἀκίνδυνος.
1214 1793 1266 1846 4.
1324 1789 1476 1855 Quod
1531 1787 1838 1855 Acindynus
1874 1801 2048 1837 omnes
2080 1782 2149 1836 ad

567 1890 829 1951 atheiam,
890 1902 982 1939 seu
1042 1883 1344 1936 nullitatem
1407 1878 1624 1932 deorum
1678 1876 1800 1932 dolo
1849 1874 2153 1945 pertrahere

562 1992 816 2038 conatur.

640 2093 704 2150 ε’.
733 2094 854 2146 Ὀτι
886 2093 945 2145 οὗ
977 2090 1070 2143 δύο
1104 2088 1272 2157 φησὶν
1315 2091 1342 2139 ὁ
1378 2084 1665 2153 Παλαμᾶς.
1695 2081 1977 2151 θεότητας,
2012 2077 2154 2142 ἐξαι-

562 2189 746 2255 ρεῖται
796 2185 852 2237 δέ
924 2182 1123 2253 μᾶλλον
1178 2179 1277 2246 τῆς
1349 2174 1664 2230 ’Λκινδύνου
1721 2173 1818 2226 καὶ
1889 2170 2155 2241 Βαρλαὰμ

568 2279 756 2340 ἀθεῖας
803 2274 939 2346 ὁμοῦ
983 2276 1076 2326 καὶ
1124 2271 1333 2332 διθεῖας
1364 2270 1487 2331 τοὺς
1525 2267 1616 2319 ὑπ’
1640 2265 1820 2319 αὐτῶν
1847 2262 2155 2331 ἐκτραπέν-

562 2385 697 2433 ταςι
731 2367 911 2431 δείξας
956 2365 1032 2427 ὡς
1088 2363 1242 2415 οὐδὲν
1302 2360 1665 2430 προσίσταται
1733 2354 1869 2424 πρὸς
1911 2354 1971 2406 τὸ
2022 2354 2155 2422 μίαν

458 2468 464 2473 “
558 2456 711 2513 εἶναι
746 2457 842 2510 καὶ
874 2454 1055 2522 ἁπλῆν
1091 2451 1328 2517 θεότητα
1360 2450 1393 2519 ἡ
1427 2450 1528 2515 τῆς
1565 2446 1719 2506 θείας
1758 2445 1973 2512 φύσεως
2017 2443 2154 2511 λαμ-

573 2552 783 2621 πρότης
812 2547 1066 2606 ἄκτιστός
1086 2560 1145 2596 τε
1163 2539 1301 2595 οὖσα
1335 2541 1424 2592 καὶ
1451 2539 1644 2606 θεότης
1674 2534 2078 2605 ὀνομαζομένη.
2100 2535 2153 2587 5.

556 2643 728 2708 Quod
784 2636 1041 2691 Palamas
1083 2651 1184 2688 non
1214 2639 1347 2687 tluas
1381 2632 1601 2686 deitates
1646 2629 1823 2693 dicat,
1864 2626 1952 2681 sed
1982 2626 2155 2694 potius

552 2733 639 2785 sub
678 2727 940 2797 Acindyni
993 2735 1041 2778 et
1078 2722 1355 2777 Barlaami
1413 2721 1595 2772 atheia
1638 2719 1799 2773 simul
1851 2728 1902 2771 et
1954 2717 2157 2771 ditheia

552 2815 774 2877 «eximat
807 2835 891 2872 eos
924 2819 1014 2887 qui
1044 2816 1109 2870 ab
1159 2810 1287 2885 ipsis
1332 2811 1675 2865 circumventi
1704 2818 1847 2872 sunt,
1881 2809 2158 2864 ostendens

574 2914 711 2968 nihil
742 2915 975 2974 obstare,
1008 2908 1292 2978 quominus
1351 2920 1456 2957 una
1500 2913 1551 2956 et
1603 2902 1826 2972 simplex
1857 2903 2025 2956 deitas
2065 2901 2157 2966 sit,

564 3005 772 3060 :tlivina:
806 3013 1012 3056 natura:
1030 3000 1359 3067 splendorem
1393 2997 1481 3064 qui
1511 2994 1778 3048 increatus
1801 3002 1878 3048 est
1910 3002 1958 3047 et
1979 2980 2159 3047 'deitas

578 3095 902 3165 appellatur.

654 3207 728 3273 ς’.
761 3209 885 3260 ’Ὁτι
914 3205 1177 3260 ἀδύνατόν
1236 3207 1351 3257 ἐστι
1402 3203 1499 3256 καὶ
1554 3201 1911 3273 προφητικῶς
1950 3197 2162 3268 ἀπηγό-

558 3317 795 3370 ορευται,
826 3299 948 3352 τινὰ
986 3298 1094 3351 τῶν
1130 3295 1269 3366 μετά
1297 3293 1537 3366 Χριστὸν
1574 3293 1751 3362 διθεῖᾳ
1798 3292 2119 3361 περιπεσεῖν
2144 3304 2159 3319 ο

580 3397 629 3448 οἱ
651 3393 708 3448 δὲ
733 3389 1142 3462 συκοφαντικῶς
1178 3388 1337 3441 τοῦτο
1379 3386 1525 3441 κατὰ
1555 3385 1663 3437 τῶν
1693 3383 1995 3454 δρθοδόξων
2029 3398 2163 3451 προ-

574 3486 862 3558 φέροντες,
904 3483 1010 3536 ύπδ
1039 3483 1139 3550 τῆς
1179 3480 1332 3548 σφῶν
1366 3479 1570 3540 κακίας
1617 3478 1695 3539 είς
1730 3477 1863 3529 αὐτὸ
1910 3475 2165 3545 περιτρὲ-

576 3596 800 3633 σετενται.
829 3577 882 3630 6.
910 3573 1063 3641 Quod
1094 3573 1215 3642 ﬁeri
1240 3580 1483 3641 nequeat,
1510 3581 1554 3623 et
1588 3568 1885 3637 prophetica
1915 3582 2167 3631 prwnun-

580 3673 780 3723 siatum
812 3676 909 3731 est,
941 3677 995 3717 ut
1049 3665 1310 3734 quispiam
1360 3677 1544 3714 eorum
1601 3661 1693 3729 qui
1735 3667 1853 3723 post
1894 3657 2165 3712 Christum

558 3758 759 3829 ηίιιιιινί
795 3767 939 3819 sunt,
1023 3756 1077 3807 in
1123 3753 1381 3806 ditheiam
1422 3749 1662 3815 incidat;
1723 3750 1814 3819 qni
1878 3760 2057 3803 autem
2113 3749 2167 3803 id

562 3867 679 3919 per
695 3849 1023 3903 calumniam
1054 3845 1362 3901 orthodoxis
1403 3841 1745 3911 exprobrant,
1778 3858 1809 3894 a
1837 3840 2046 3894 malitia
2071 3856 2169 3895 sua

580 3947 649 4009 in
676 3945 772 3996 hoc
801 3943 971 4007 ipsum
1005 3947 1289 4008 proruunt.

660 4057 725 4121 ζ’.
759 4055 882 4109 Ὀτι
910 4053 980 4107 δι’
1013 4054 1207 4123 ἐτέρας
1238 4053 1266 4105 ὁ
1310 4050 1617 4113 ’Δκίνδυνος
1660 4050 1781 4105 ὁδοῦ
1831 4052 1909 4113 εἰς
1939 4050 2001 4103 τὸ
2039 4049 2172 4102 αὐτὸ

592 4150 819 4219 φέρεται
848 4145 1146 4217 βάραθρον,
1174 4144 1306 4197 ποτὲ
1348 4144 1449 4213 μὲν
1474 4142 1552 4213 τῷ
1598 4143 1814 4213 Ἀρείῳ,
1852 4144 1983 4196 ποτὲ
2011 4141 2069 4195 δὲ
2096 4140 2172 4211 τῷ

585 4240 893 4309 Σαϐελλίῳ.
924 4238 976 4291 7.
1020 4236 1173 4301 Quod
1228 4251 1323 4303 per
1370 4235 1536 4288 alium
1586 4237 1724 4289 viam
1775 4234 2081 4303 Acindgnns
2116 4234 2171 4287 in

588 4332 909 4385 barathrum
968 4327 1196 4390 incidat,
1248 4325 1404 4379 modo
1462 4341 1583 4378 eum
1641 4325 1791 4388 Aria,
1843 4326 1997 4379 modo
2053 4340 2174 4378 cum

600 4420 859 4478 Sabellio.

670 4508 742 4579 η’.
773 4506 897 4560 ’Ότι
953 4505 1050 4558 καὶ⁵
1099 4504 1289 4575 τρίτην
1349 4504 1517 4572 ἄλλην
1568 4504 1719 4575 παρά
1773 4504 1972 4568 ταύτας
2022 4502 2177 4570 οὗτος

595 4600 920 4655 δυσσέὀειαν
972 4595 1408 4665 ἐκαινοτόμησε,
1458 4598 1554 4648 καὶ
1602 4596 1685 4660 τίς
1735 4594 1896 4667 αὕτη.
1933 4598 1986 4652 8.
2021 4598 2174 4665 Quod

598 4703 792 4764 praeter
822 4691 917 4744 has
951 4689 1120 4743 aliam
1154 4688 1367 4746 tertiam
1399 4689 1721 4756 impietatem
1750 4690 1812 4743 de
1831 4706 1965 4744 πουο
1993 4701 2178 4760 ρνοια.

600 4790 743 4851 terit,
773 4796 821 4840 et
857 4799 1099 4855 qua'nam
1130 4781 1225 4836 illa
1250 4782 1339 4836 sit.
1956 4765 1960 4769 ’

675 4890 740 4943 θ’.
791 4885 1161 4956 Ἐπανάληψις
1187 4884 1283 4939 καὶ
1300 4882 1618 4954 κατάμερος
1650 4883 1870 4955 ἐλεγχος
1890 4886 2002 4938 τῶν
2028 4888 2180 4957 εἰρη-

606 4982 787 5053 μένων
829 4979 1124 5048 ’Λκιπιδύνςμ
1173 4978 1305 5047 περὶ
1365 4977 1657 5047 θεότητος,
1697 4981 1793 5030 καὶ
1837 4980 2180 5048 παράστασις

604 5075 714 5127 τῶν
764 5074 894 5143 περὶ
928 5073 1098 5139 αὐτῆς
1145 5070 1242 5124 τοῦ
1288 5071 1523 5142 Παλαμᾶ
1587 5070 1779 5139 λόγων,
1811 5071 1887 5135 ὡς
1920 5073 2182 5141 ἀσφαλεῖς

609 5169 758 5239 (sic).
788 5167 842 5219 9.
874 5164 1179 5233 Resumptio
1209 5176 1255 5218 et
1283 5163 1577 5232 confutatio
1599 5178 1693 5231 per
1712 5173 1888 5231 partes
1923 5166 2183 5219 dictorum

609 5258 878 5328 Acindyni
922 5259 1064 5310 circa
1116 5257 1391 5321 deitatem,
1423 5266 1473 5310 et
1525 5254 1822 5309 declaratio
1852 5271 2032 5309 eorum
2067 5273 2186 5327 qua:

610 5354 869 5408 Palamas
905 5350 1048 5404 circa
1081 5348 1316 5402 eamdem
1348 5349 1509 5414 dixit,
1538 5359 1584 5402 et
1608 5364 1766 5417 quam
1800 5356 1912 5401 tuto
1940 5346 2033 5402 illa
2063 5366 2187 5419 pro-

611 5446 727 5502 lata
758 5444 887 5499 sint.

591 5540 598 5546 '
689 5541 740 5588 ι’.
779 5530 1098 5604 Μαρτυρίαι
1129 5528 1236 5580 τῶν
1265 5528 1455 5594 ἁγίων,
1493 5530 1590 5601 δτιι
1618 5531 1650 5600 ἡ
1691 5529 1812 5584 θεία
1844 5530 2005 5600 φύσις
2039 5533 2189 5601 πηγὴ

614 5628 779 5680 θείων
822 5621 1119 5695 ἐνεργειῶν
1169 5623 1354 5674 ἐστιν·
1389 5623 1447 5673 ἐν
1485 5617 1530 5687 ᾧ
1591 5624 1937 5692 παράστασις
1988 5625 2186 5694 σαφὴς,

605 5715 696 5767 ὅτι
737 5713 1011 5783 ’Δρειανός
1062 5712 1211 5765 ἐστιν
1262 5711 1290 5763 ὀ
1359 5711 1690 5773 Ἀκίνδυνος.
1739 5714 1825 5767 10.
1864 5712 2189 5768 Testimonia

604 5815 942 5871 sanctorum,
972 5803 1110 5873 quod
1138 5802 1317 5858 divina
1347 5811 1540 5859 natura
1577 5803 1693 5873 fons
1724 5805 2022 5863 divinarum
2057 5822 2184 5877 ope-

1797 379 2180 443 GREGORH
2226 376 2552 439 ΡΑῘ.ΛΜίΕ

3732 371 3840 437 81:!

2251 492 2515 545 rationum
2555 498 2662 552 sit,
2696 488 2784 542 ubi
2840 486 3086 557 probatio
3142 486 3420 555 perspicua
3480 490 3623 557 quod
3674 488 3835 545 Acin-

2248 589 2422 654 dgnus
2450 584 2515 635 sit
2540 581 2798 636 Arianus.

2319 685 2407 731 ια’.
2451 675 2765 746 Μαρτυρίαι
2812 675 2921 728 τῶν
2962 673 3161 742 ἁγίων,
3196 674 3280 726 ὅτι
3315 673 3643 744 ὑπέρκειται
3676 676 3709 744 ἡ
3743 666 3835 727 τοῦ

2247 768 2382 821 Θεοῦ
2416 767 2575 820 οὐσία
2602 767 2700 835 τῆς
2732 767 2944 827 οἰκείας
2973 764 3235 817 ἀκτίστου
3264 765 3575 833 ἐνεργείας,
3620 766 3714 817 καὶ
3739 767 3837 834 τῆς

2250 858 2550 929 ἁπλότητος
2584 858 2686 910 οὐκ
2719 857 3000 922 ἐξίσταται
3026 855 3089 908 τὸ
3114 855 3269 908 Θεῖον
3299 856 3455 924 παρά
3484 855 3676 908 τοῦτο·
3700 857 3755 908 ἐν
3793 850 3837 924 ᾧ

2248 961 2344 1010 καὶ
2373 950 2640 1023 περὶτῶν
2685 949 3095 1018 αὑτομετόχων.
3133 947 3219 999 Η.
3266 946 3587 1002 Testimonia
3619 959 3836 1001 saneto-

2248 1062 2366 1099 rum
2414 1044 2551 1115 quod
2612 1042 2709 1095 Dei
2746 1040 2975 1095 essentia
3029 1039 3367 1109 superjaceat
3423 1056 3537 1093 sure
3587 1040 3835 1093 increata:

2247 1135 2565 1206 operationi,
2598 1142 2647 1187 et
2693 1131 2832 1201 quod
2872 1130 3111 1184 divinum
3141 1145 3335 1182 numen
3371 1145 3477 1182 non
3528 1128 3647 1182 ideo
3681 1145 3714 1182 a
3739 1146 3835 1182 sua

2247 1228 2586 1296 simplicitate
2617 1224 2866 1289 excidat;
2898 1222 2988 1274 ubi
3015 1221 3153 1289 et;de
3181 1220 3675 1289 comparticipibus.

2321 1315 2408 1388 ιβ’.
2438 1316 2794 1384 Παράστασις
2846 1312 3027 1381 σαφὴς
3075 1311 3164 1388 διὰ
3213 1310 3500 1374 πλειόνων,
3535 1310 3618 1362 ὅτι
3659 1310 3829 1378 Ἀρειο

2250 1387 2375 1474 ανδς
2394 1411 2421 1462 ὁ
2458 1405 2772 1468 ’Δκίνδυνος
2794 1421 2808 1435 ο
2842 1403 3062 1467 ἐκθεσις
3088 1387 3197 1455 ’καὶ
3225 1402 3512 1473 ἀνατροπὴ
3542 1402 3640 1471 τῆς
3670 1401 3832 1454 αὐτοῦ

2248 1501 2428 1572 δόξης,
2452 1498 2650 1554 κτιστά
2673 1497 3188 1561 κατασκευάζοντος
3220 1490 3361 1548 εἶναι
3395 1495 3579 1549 πάντα
3606 1495 3676 1548 τὰ
3698 1497 3835 1548 κατᾶ

2248 1594 2338 1647 τὸν
2370 1593 2515 1647 θεῖον
2557 1591 2815 1661 Μάξιμον
2844 1588 3123 1652 οὐσιωδῶς
3150 1588 3283 1659 περὶ
3314 1588 3407 1640 τὸν
3433 1588 3570 1640 Θεὸν
3601 1588 3835 1657 θεωρού-

2253 1704 2412 1755 μενα.
2446 1685 2532 1739 12.
2568 1683 2963 1738 Demonstratio
2989 1681 3139 1734 clara
3159 1681 3403 1750 pluribus
3430 1681 3686 1746 exhibita,
3702 1684 3835 1750 quod

2249 1777 2554 1848 Acindynus
2610 1777 2679 1829 sit
2729 1775 2983 1828 Arianus.
3037 1771 3315 1841 Expositio
3355 1784 3402 1826 et
3439 1755 3638 1827 eversio
3695 1774 3836 1828 illius

2249 1868 2544 1931 sententias,
2573 1881 2676 1935 qua
2702 1872 2883 1917 creata
2917 1862 3192 1916 constituit
3226 1878 3289 1916 ea
3323 1861 3507 1915 omm‘a
3546 1878 3680 1925 esse,
3725 1879 3838 1928 qua:

2251 1959 2537 2015 secundum
2559 1959 2738 2012 divum
2765 1957 3063 2012 Maximum
3100 1957 3454 2010 essen.ialiter
3482 1957 3631 2011 circa
3670 1956 3835 2012 Deum

2251 2049 2691 2105 considerantur.

2346 2140 2438 2211 ιγ’.
2466 2142 2815 2209 Παράστασις
2842 2138 3028 2205 πάλιν,
3060 2139 3142 2193 ὅτι
3172 2139 3419 2210 διαφέρει
3445 2140 3543 2209 τῆς
3584 2141 3838 2194 ἀκτίστου

2252 2233 2443 2297 οὐσίας
2469 2235 2500 2302 ἡ
2524 2232 2779 2295 άκτιστος
2815 2234 3072 2301 ἐνέργεια
3093 2247 3106 2260 ·
3146 2232 3239 2285 καὶ
3271 2232 3400 2301 περὶ
3437 2231 3714 2301 θεότητος.
3756 2235 3836 2288 15.

2258 2326 2649 2381 Demonstratio
2685 2339 2921 2384 rursum,
2954 2323 3095 2394 quod
3130 2325 3375 2377 increata
3418 2327 3649 2380 essentia
3683 2326 3837 2395 diffe-

2255 2428 2336 2471 rat
2369 2417 2434 2471 ab
2467 2418 2709 2471 increata
2742 2417 3067 2485 operatione.
3108 2413 3175 2468 Et
3211 2417 3277 2469 de
3315 2416 3621 2471 divinitate.

2327 2510 2407 2562 ιδ’.
2444 2509 2568 2563 ’Ότι
2602 2509 2761 2578 ῥῆσιν
2788 2506 2883 2560 τοῦ
2931 2506 3160 2577 Νύσσης
3208 2506 3400 2560 ἐνθέου
3443 2507 3842 2579 Γρηγορίουὼς

2256 2604 2350 2655 τοῦ
2381 2601 2619 2669 Παλαμᾶ
2663 2599 3080 2670 προϐαλόμενος
3110 2602 3137 2652 ὁ
3181 2599 3515 2664 ’Δκίνδυνος,
3548 2601 3844 2669 φρενοϐλα-

2256 2692 2365 2759 ϐὦς
2389 2694 2660 2760 ἀντιλέγει
2688 2691 2888 2762 ταύτῃ.
2936 2690 3023 2745 14.
3060 2690 3212 2755 Quod
3237 2691 3437 2746 dictum
3467 2691 3573 2746 divi
3600 2690 3842 2763 Gregorii

2258 2781 2512 2852 Nysseni,
2565 2782 2721 2853 quasi
2771 2766 3011 2836 Pal-ama:
3042 2789 3179 2836 esset
3228 2780 3522 2851 proferens,
3549 2784 3712 2838 stulte
3758 2800 3842 2839 re-

2257 2874 2393 2943 fntet
2428 2874 2757 2943 Acindynns.

2333 2963 2415 3020 ιε’.
2469 2964 2731 3027 Ἐκθεσις
2776 2967 2874 3033 τῆς
2910 2962 3053 3019 κατά
3077 2962 3172 3018 τοῦ
3206 2964 3472 3018 θειοτάτου
3501 2965 3678 3032 possit;
3707 2966 3841 3035 ἐφι-

2259 3056 2355 3126 ξῆς
2396 3054 2710 3109 ’Λκινδύνου
2764 3055 3003 3125 ρήσεως,
3052 3056 3149 3108 καὶ
3193 3055 3358 3125 σαφὴς
3390 3058 3728 3124 παρίστασις
3762 3058 3830 3107 ἐκ

2257 3150 2352 3204 τοῦ
2400 3149 2627 3220 ἐλέγχου
2663 3149 2895 3218 ταύτης,
2943 3150 3027 3202 ὅτι
3075 3151 3249 3220 αὐτὴν
3281 3149 3360 3219 ἐφ’
3394 3148 3585 3217 ἐαυτὴν
3621 3148 3836 3217 ἐγείρει

2259 3241 2356 3313 τὴν
2390 3240 2754 3294 θεόπνευστον
2802 3226 3050 3309 Γραςρῆν,
3089 3242 3186 3292 καί
3235 3241 3319 3292 ὅτι
3375 3239 3642 3308 μηδεμίαν
3679 3234 3841 3298 οὗτος

2262 3330 2560 3403 πρεσϐεύει
2586 3330 2840 3401 θεδτητα.
2876 3330 2961 3386 15.
2996 3330 3276 3400 Expositio
3306 3333 3566 3401 sequentis
3595 3329 3660 3383 ab
3680 3330 3843 3383 Acin-

2260 3423 2400 3494 dyno
2433 3423 2657 3493 prolata:
2680 3435 2867 3477 contra
2890 3424 3283 3479 divinissimum
3330 3425 3506 3478 lumen
3549 3426 3840 3489 sententia,

2264 3533 2326 3571 ac
2363 3516 2749 3570 demonstratio
2810 3516 2962 3570 clara
2997 3531 3062 3570 ea:
3095 3517 3421 3585 refutatione
3456 3517 3628 3571 illius
3653 3557 3668 3579 ,
3708 3516 3840 3584 quod

2263 3609 2351 3662 ille
2386 3609 2620 3663 divinam
2654 3607 2988 3675 Scripturam
3033 3607 3289 3662 adversus
3339 3610 3571 3678 seipsam
3604 3610 3840 3663 commit-

2267 3712 2365 3765 tat,
2397 3712 2445 3755 et
2477 3700 2618 3771 quod
2645 3700 2845 3754 nullam
2880 3700 2968 3754 ille
2992 3700 3241 3754 deitatem
3273 3710 3592 3771 propugnat.

2336 3791 2433 3856 ις’.
2471 3793 2592 3846 Ἔτι
2643 3794 2773 3863 περὶ
2817 3793 2912 3844 τοῦ
2948 3791 3225 3845 θειοτάτου
3280 3794 3482 3861 φωτος,
3532 3793 3609 3855 ὡς
3659 3793 3708 3844 εί
3748 3792 3838 3844 καὶ

2266 3885 2520 3940 ἄκτιστόν
2567 3886 2738 3949 ἐστιν,
2783 3884 2900 3937 ἀλλ’
2927 3884 3028 3937 οὐκ
3080 3883 3242 3936 οὐσία
3268 3900 3281 3913 ’
3311 3885 3406 3938 καὶ
3440 3884 3517 3947 ὡς
3550 3885 3611 3937 οὐ
3652 3887 3839 3953 κτιστῇ

2267 3994 2375 4031 τινι
2399 3977 2652 4046 δυνάμει,
2690 3976 2807 4030 ἀλλ’
2832 3977 3166 4046 ἀποῤῥήτως
3190 3976 3403 4040 ὁρᾶται.
3440 3978 3488 4027 εἱ
3516 3979 3611 4029 καὶ
3655 3977 3847 4044 ὀφθαλ-

2273 4072 2393 4140 μοῖς
2451 4069 2683 4141 ὁρᾶσθαι
2748 4068 3085 4139 γέγραπται.
3140 4067 3230 4122 16.
3286 4065 3490 4121 lterum
3549 4070 3732 4139 agitur
3786 4070 3848 4122 de

2269 4161 2598 4215 divinissimo
2637 4160 2867 4224 lumine,
2902 4159 3164 4227 quomodo
3194 4159 3407 4213 etiamsi
3441 4159 3735 4226 increatum
3758 4163 3843 4220 sit.

2271 4271 2376 4308 non
2427 4262 2605 4307 tamen
2651 4253 2953 4307 substantia
2981 4254 3090 4316 sit;
3120 4261 3169 4305 et
3196 4250 3338 4320 quod
3371 4265 3473 4303 non
3506 4263 3691 4305 creata
3721 4269 3849 4322 qua.

2270 4347 2396 4398 dam
2426 4345 2705 4414 facultate,
2748 4344 2837 4398 sed
2888 4358 3086 4397 arcano
3140 4343 3297 4396 modo
3342 4342 3609 4406 videatur,
3643 4344 3850 4397 etiamsi

2272 4436 2439 4503 oculis
2470 4436 2703 4506 conspici
2739 4437 2994 4501 scriptum
3021 4435 3113 4489 sit.

2346 4530 2431 4592 ιζ’.
2467 4529 2592 4583 Ὅτι
2628 4531 2722 4583 καὶ
2767 4530 2833 4593 ἃς
2872 4530 3142 4602 προφέρει
3193 4532 3345 4601 παρὰ
3392 4531 3502 4585 τῶν
3533 4531 3696 4585 θείων
3745 4534 3855 4585 Πα-

2275 4623 2416 4693 τρῶν
2471 4620 2774 4693 μαρτυρίας
2821 4623 2848 4674 ὁ
2885 4621 3215 4686 ’Λκίνδυνος,
3254 4620 3379 4675 καθ’
3411 4621 3611 4676 ἐαυτοῦ
3652 4624 3858 4691 προῳέ-

2276 4726 2397 4782 ρει·
2430 4711 2511 4764 διὸ
2552 4712 2650 4763 καὶ
2683 4710 2817 4779 παρ’
2842 4709 3021 4763 αὐτῶν
3054 4708 3400 4779 ἐξελέγχεται
3443 4709 3703 4763 διατελῶν
3730 4713 3860 4781 ὁμό-

2275 4803 2426 4870 δοξος
2471 4801 2548 4871 τῷ
2584 4801 2858 4871 Εὐνομίῳ.
2894 4800 2981 4854 17.
3014 4799 3169 4866 Quod
3214 4817 3276 4854 ea
3308 4817 3425 4871 qua:
3458 4802 3766 4870 Aeindynus
3799 4817 3859 4855 es;

2279 4901 2478 4949 sanctis
2516 4893 2771 4947 Patribus
2806 4891 3008 4961 profert
3045 4892 3374 4957 testimonia,
3402 4904 3588 4945 contra
3630 4893 3859 4960 seipsnm

2278 4987 2512 5055 proferat
2543 5002 2563 5039 :
2589 4986 2928 5055 quamobrem
2962 4984 3026 5039 ab
3068 4986 3134 5040 iis
3166 4986 3431 5040 evincitur
3452 4989 3636 5039 eadem
3669 4988 3864 5039 sentire

2279 5094 2396 5147 qua!
2428 5076 2744 5130 Eunomins.

2359 5175 2448 5237 ιη’.
2486 5168 2609 5221 Ὅτι
2652 5167 2714 5234 ἐξ
2760 5162 2836 5221 ὧν
2865 5169 2895 5223 ὁ
2940 5168 3253 5230 Ἀκίνδυνος
3289 5168 3495 5237 γράῳει
3526 5169 3622 5221 καὶ
3647 5171 3865 5239 φρονεῖ.

2282 5260 2484 5331 δρα-τὴν
2531 5259 2654 5313 καθ’
2676 5260 2879 5331 ἑαυτὴν
2912 5255 3054 5314 εἶναι
3107 5261 3511 5326 κατασκευάζει
3540 5261 3640 5331 τὴν
3670 5262 3868 5315 οὐσίαν

2282 5350 2576 5408 τούθεοῦ.
2613 5350 2697 5405 l8.
2739 5350 2897 5415 Quod
2921 5366 2986 5406 ex
3017 5352 3085 5405 iis
3117 5368 3235 5422 qua:
3261 5353 3570 5422 Acindynus
3601 5354 3791 5407 scribit
3822 5364 3869 5406 et

2284 5446 2466 5509 sentit,
2497 5444 2777 5496 essentiam
2844 5443 2939 5497 Dei
2988 5444 3276 5498 secundant
3326 5461 3381 5499 se
3434 5444 3697 5498 visibilem
3756 5462 3873 5499 esse

2284 5545 2514 5589 astruat.

2360 5625 2445 5681 ιθ’.
2474 5627 2791 5697 Μαρτυρίαι
2818 5628 2927 5681 τῶν
2953 5627 3149 5697 ἁγίων,
3181 5628 3263 5681 ὅτι
3294 5629 3327 5697 ἡ
3355 5628 3475 5680 θεία
3504 5627 3767 5697 ἐνέργεια
3806 5622 3876 5698 ἧς

2288 5719 2385 5770 καὶ
2421 5718 2454 5787 η
2481 5716 2673 5787 θεότης
2701 5718 2818 5771 ἐστὶ
2846 5718 3215 5788 προσηγορία,
3244 5704 3339 5772 καί
3375 5717 3474 5786 τῆς
3504 5718 3655 5779 θείας
3680 5715 3878 5777 οὐσίας

2290 5809 2564 5880 διενήνοχε
2595 5810 2690 5865 καὶ
2715 5809 3015 5876 ὑπόστασις
3041 5809 3141 5865 οὐκ
3168 5809 3398 5865 ἐστικαὶ
3424 5809 3684 5874 ἄκτιστός
3714 5807 3875 5862 ἐστι’
