4180 6308
352 461 450 516 καὶ
503 458 577 522 ὡς
629 458 655 510 6
718 457 967 526 συνάγων
1020 459 1083 511 ὲκ
1129 458 1320 511 τούτου
1375 452 1796 512 σύνθετανεῖναι
1850 457 1939 507 τὸν

356 552 508 612 Θεὲν,
550 550 810 619 ὁμόδοξός
854 551 979 603 ἐστι
1022 548 1097 620 τῷ
1144 550 1413 621 Εὑνομίῳ.
1475 550 1559 605 19.
1618 547 1940 603 Testimonfa

358 656 685 707 sanctorum,
715 645 854 714 quod
881 645 1059 698 divina
1105 645 1365 713 operatio,
1389 644 1540 712 cujus
1566 655 1613 697 et
1647 644 1817 697 deitas
1847 659 1942 712 ap-

356 738 571 806 pellatio
598 748 696 801 est,
720 745 768 789 et
798 753 829 788 a
866 736 1045 790 divina
1073 738 1299 791 essentia
1334 736 1550 804 differat
1572 744 1621 789 et
1644 735 1942 806 hypostasis

312 848 463 883 .non
488 831 553 882 sit
581 838 629 882 et
659 830 896 883 inci-cata
931 830 1035 894 sit;
1060 840 1106 883 et
1139 830 1279 899 quod
1309 830 1398 899 qni
1431 828 1553 881 inde
1578 828 1777 896 colligit
1799 844 1941 880 com-

357 921 587 987 positum
608 934 720 970 esse
748 917 934 980 Deum,
955 934 1071 970 cum
1093 916 1355 971 Eunomia
1377 918 1629 970 doctrina
1647 917 1941 970 conveniat.

432 1016 503 1065 κ’.
540 1011 662 1062 Ὀτι
694 1013 785 1065 καὶ
815 1011 929 1073 τοῖς
965 1011 1228 1081 Ἕλλησιν
1253 1009 1507 1080 όμέδοξός
1531 1013 1679 1063 ἐστιν
1701 1010 1728 1061 6
1768 1007 1946 1061 Ἀκίν·

354 1105 533 1170 δυνος,
577 1106 672 1158 καὶ
726 1102 877 1170 αὖτῷ
934 1102 1017 1173 τῷ
1070 1103 1418 1173 Ἐπικοῦρῳ’
1478 1101 1573 1154 καὶ
1615 1100 1692 1164 ὡς
1722 1097 1782 1165 ἐξ
1810 1093 1884 1154 ὧν
1916 1099 1945 1151 6

357 1198 626 1265 ΙΙαλαμᾶς
677 1195 803 1266 ἔφη,
858 1190 940 1259 εἷς
996 1195 1359 1264 ἀναφαίνεται
1406 1193 1538 1255 Θεὸς
1589 1191 1794 1254 ἁπλοῦς
1849 1192 1945 1243 καὶ.

355 1290 652 1354 ἀσύνθετος
693 1291 750 1342 ἑν
806 1291 906 1361 μιᾷ
956 1288 1194 1357 Θεὸτητι.
1237 1286 1331 1341 20.
1371 1286 1525 1352 Quod
1574 1302 1690 1339 cum
1737 1283 1945 1346 Grtzct's

354 1384 653 1438 consentiat
715 1381 1041 1452 Acindynus,
1075 1381 1183 1433 into
1249 1396 1365 1432 cum
1407 1379 1521 1449 ipso
1578 1377 1841 1447 Epicuro;
1894 1385 1944 1431 et

354 1479 495 1548 quod
524 1490 590 1530 ex
622 1472 687 1529 iis
706 1491 824 1546 qua:
853 1473 1104 1528 Palamas
1137 1473 1294 1538 dixit,
1316 1489 1447 1526 unus
1479 1471 1777 1525 declaretur
1804 1469 1944 1524 Deus

354 1568 740 1636 incompositus
773 1567 828 1619 in
861 1582 966 1618 una
993 1565 1212 1617 deitate.

429 1657 536 1711 κα’.
577 1657 699 1710 Ἔτι
727 1656 1092 1726 παράστασις,
1123 1656 1208 1708 ὅτι
1238 1656 1272 1726 ἠ
1322 1656 1579 1715 ἄκτιστος
1615 1653 1846 1722 δύναμις
1871 1644 1946 1721 ἦς

359 1751 456 1807 καὶ
482 1751 517 1819 ἡ
547 1750 736 1818 θεότης
764 1748 1106 1821 προσηγορία
1127 1746 1457 1815 καθέστηκε,
1480 1743 1602 1797 οὔτε
1619 1744 1777 1798 οὐσία
1794 1744 1945 1796 ἐστὶν

358 1842 475 1895 οὗθ’
505 1842 821 1902 ὑπόστασις,
844 1840 937 1892 καὶ
981 1843 1119 1910 πρὸς
1148 1842 1211 1893 τι)
1244 1840 1373 1909 μίαν
1406 1833 1547 1891 εἶναι
1585 1838 1817 1909 θεότητα
1845 1837 1944 1889 οὐκ

360 1934 662 2005 ἐμποδίζει.
710 1934 803 1987 2L
849 1928 1250 1986 Dembnstratio
1303 1932 1455 1997 alia,
1508 1933 1648 2002 quod
1703 1932 1946 1984 increota

358 2030 548 2090 virtus,
578 2026 732 2096 cujus
761 2026 932 2080 deitas
967 2036 1043 2080 est
1071 2026 1381 2095 appellatio,
1419 2042 1584 2095 nsque
1629 2024 1851 2078 essentia
1878 2022 1948 2075 sit

358 2138 524 2181 neque
574 2121 903 2189 hypostasis,
939 2131 989 2173 et
1052 2118 1185 2173 nihil
1221 2119 1477 2189 impediat
1528 2120 1807 2171 auominus
1841 2132 1949 2169 una

357 2215 428 2269 sit
465 2214 657 2267 deitas.

439 2309 584 2377 Πρὸς
634 2307 701 2361 τὸ.
751 2305 828 2376 τῷ
871 2304 1170 2374 Ἀκινδὺνῳ
1200 2305 1343 2359 κατὰ
1379 2304 1480 2374 τῆς
1502 2302 1597 2357 τοῦ
1628 2302 1765 2356 Θεοῦ
1794 2303 1948 2365 θεὲας

359 2398 583 2467 χᾶριτος
622 2398 716 2451 καὶ
759 2396 868 2449 τῶν
915 2396 1007 2448 ὑπ’
1063 2394 1235 2464 αὐτῆς
1282 2391 1747 2462 κεχαριτωμένων
1786 2391 1947 2455 θείως

364 2489 856 2559 συγγεγραμμένα,
873 2487 1030 2555 λόγος
1053 2485 1444 2558 ἀντιρῤητικδς
1462 2485 1664 2556 τρίτος.
1685 2485 1948 2538 Aduersus

357 2596 427 2635 ea
490 2596 604 2650 qua:
653 2578 962 2649 Acintlynus
1021 2586 1208 2630 contra
1263 2574 1499 2629 divinam
1559 2574 1655 2628 Dei
1716 2574 1949 2645 gratiam

353 2673 574 2740 ejusque
610 2687 826 2724 munera
854 2670 1017 2732 dixit,
1044 2668 1176 2722 liber
1211 2667 1584 2720 antirrhelicus
1617 2667 1828 2721 tertius.

435 2764 478 2816 Τ
484 2765 517 2817 ὰ
538 2763 850 2832 κατάμερος
881 2760 975 2813 τοῦ
1005 2761 1192 2827 τρίτου
1233 2758 1397 2826 λόγου
1442 2759 1742 2827 κεφάλαια.
1786 2754 1955 2814 Tertii

356 2858 486 2913 libri
523 2857 701 2925 capita
734 2855 1065 2908 minutatim.

437 2947 510 3002 α’.
540 2948 665 3001 Ὀτι
726 2946 828 2999 οὐκ
876 2944 1179 3006 ἀπεικότως
1209 2939 1457 3012 παρῆλθε
1495 2940 1585 2993 τὸν
1627 2940 1896 3012 Βαρλαὰμ
1924 2941 1951 2991 ὁ

371 3041 687 3103 ’Ᾱκίνδυνος
720 3037 800 3108 τῷ
848 3035 1200 3105 ἀνακολούθῳ
1229 3033 1340 3087 τῶν
1375 3034 1571 3102 λόγων,
1604 3033 1698 3086 καὶ
1733 3034 1797 3103 τῇ
1832 3047 1951 3084 ποι-

361 3135 492 3205 κίλῃ
514 3134 634 3187 κατ’
670 3131 867 3193 αὐτοὺς
916 3129 1101 3199 ἀπάτῃ
1159 3130 1253 3182 καὶ
1303 3126 1669 3194 συκοφαντία.
1707 3125 1763 3177 1.
1797 3122 1950 3188 Quod

358 3225 672 3295 Acindynus
703 3239 807 3277 non
839 3221 1021 3275 leviter
1052 3228 1329 3289 praetereat
1380 3216 1754 3278 Barlaamum,
1800 3216 1855 3268 in
1889 3231 1949 3268 eo

362 3317 508 3387 quod
548 3332 652 3371 non
678 3326 1056 3384 consequenter
1090 3313 1363 3383 loquatur,
1382 3322 1429 3366 et
1460 3313 1515 3365 in
1549 3311 1692 3364 vario
1715 3308 1952 3378 fallacia:

357 3418 415 3463 et
451 3408 815 3478 sycophantiae
849 3421 1057 3477 genere.

445 3501 515 3571 β’.
552 3488 672 3553 Ὅτι
710 3499 806 3551 καὶ
837 3499 864 3551 ό
896 3495 1165 3566 Βαρλαὰμ
1214 3495 1278 3547 ἔκ
1315 3491 1410 3547 τοῦ
1444 3494 1554 3555 τοῖς
1581 3491 1688 3545 τῶν
1719 3490 1953 3545 ἀποστό-

367 3597 481 3649 λων
503 3591 806 3661 ὀφθαλμοῖς
838 3589 1096 3658 ὀφθῆναι,
1125 3587 1346 3640 κτιστδν
1380 3585 1652 3656 ἐπιχείρει
1675 3582 1949 3637 δεικνύναι

366 3687 433 3741 τὸ
485 3685 762 3739 θειότατον
812 3681 964 3752 φῶς·
996 3682 1091 3733 καὶ
1140 3680 1294 3742 ὅπως
1325 3678 1651 3748 ἐξηλέγχθη.
1679 3678 1735 3731 2.
1798 3677 1951 3743 Quod

364 3779 532 3834 etiam
564 3776 837 3837 Barlaam,
865 3789 930 3828 ex
957 3791 1017 3828 eo
1036 3772 1174 3843 quod
1205 3772 1462 3840 apostolis
1488 3772 1656 3825 visunt
1683 3772 1776 3835 sit,
1801 3786 1954 3823 crea-

369 3880 485 3924 tum
536 3871 898 3923 demonstrare
939 3877 1160 3921 conetur
1209 3865 1600 3919 diriuissimum
1648 3867 1860 3928 lumen,
1902 3873 1953 3916 et

363 3962 632 4034 quomodo
669 3960 973 4030 confutatus
1000 3959 1181 4028 fuerit.

446 4059 516 4123 γ’.
556 4053 872 4125 Μαρτυρίαι
929 4052 1038 4105 τῶν
1085 4051 1258 4119 ἁγίων
1303 4047 1605 4114 δεικνῦσαι,
1634 4047 1708 4109 ὡς
1753 4048 1802 4100 οἱ
1851 4049 1950 4116 τῆς

376 4146 538 4209 θείας
571 4147 795 4216 χάριτος
823 4146 879 4197 ὲν
904 4142 1122 4213 μεθέξει
1151 4142 1436 4212 γεγονότες
1464 4140 1688 4212 ἄναρχοι
1720 4140 1811 4194 καὶ
1834 4140 1957 4193 ἀτε-

370 4239 631 4309 λεύτητοι
666 4237 788 4292 κατ’
816 4236 986 4307 αὐτὴν
1020 4231 1161 4290 εἶναι
1205 4235 1479 4302 λέγονται.
1532 4234 1586 4288 5.
1627 4232 1954 4288 Testimonia

370 4341 680 4388 sanctorum
705 4330 889 4400 quibus
906 4328 1304 4381 demonstratur
1329 4342 1438 4391 eos,
1459 4326 1547 4396 qui
1563 4323 1754 4379 divina:
1768 4327 1955 4394 gratia’

372 4426 663 4497 participes
716 4423 885 4492 fuere,
939 4419 1229 4475 secundum
1274 4420 1444 4489 ipsam
1474 4420 1586 4473 sine
1614 4418 1878 4488 principio
1904 4425 1955 4472 et

373 4518 493 4572 sine
532 4517 633 4582 ﬁne
658 4514 785 4569 dici.

457 4607 525 4663 δ’.
565 4606 783 4677 Ῥήσεις
818 4605 914 4659 τοῦ
949 4601 1258 4657 ’Ᾱκινδύνου
1280 4600 1652 4670 ἀντικείμεναι
1685 4601 1807 4663 ταῖς
1844 4599 1956 4652 τῶν

375 4700 554 4767 ἁγίων
613 4700 806 4769 ρήσεσι
858 4695 1123 4758 ταύταιςσ
1178 4695 1275 4748 καὶ
1335 4692 1585 4748 διαϐολαὶ
1642 4691 1779 4762 πρὸς
1826 4693 1955 4757 τοὺς

377 4790 598 4858 ἁγίους,
634 4790 709 4854 ὡς
763 4790 843 4851 εἰς
872 4789 965 4841 τὸν
1006 4786 1308 4856 Παλαμᾶν·
1349 4779 1411 4839 οὗ
1458 4784 1621 4838 πάλιν
1678 4782 1953 4842 ἀντίθεσις

376 4883 495 4937 τῶν
542 4883 718 4948 ἁγίων
778 4878 1376 4950 ὑπεραπολογουμένη,
1443 4876 1536 4929 καὶ
1605 4876 1667 4927 τὸ
1732 4874 1958 4938 εὐσεϐὲς

381 4974 725 5043 παριστᾶσα.
758 4972 815 5026 4.
865 4970 1019 5025 Dicta
1063 4970 1327 5038 Acindyni
1357 4967 1601 5037 opposita
1630 4966 1788 5019 dictis
1836 4982 1964 5019 san-

380 5075 631 5128 ctorum;
675 5071 725 5117 et
776 5061 1058 5116 calumnia!
1115 5060 1352 5128 ejusdem
1416 5060 1667 5113 adversus
1725 5068 1960 5119 sanctos,

380 5159 513 5210 dum
547 5154 829 5208 Pulamam
864 5152 969 5207 vult
999 5153 1280 5219 impetere;
1310 5164 1624 5218 rursumque
1661 5147 1961 5212 antithesis,

379 5262 493 5314 qua
519 5260 584 5299 ea:
607 5245 807 5298 sanctis
842 5243 1087 5297 Patribus
1118 5241 1372 5295 Palamas
1402 5238 1724 5309 defenditur,
1744 5238 1962 5307 ejusque

378 5341 651 5397 sententia
675 5340 763 5408 pia
794 5355 904 5392 esse
935 5338 1328 5407 comprobatur.

463 5438 524 5485 ε’.
560 5429 684 5485 Ὀτι
736 5431 835 5501 τὴν
889 5431 1291 5500 προγεγονυῖαν
1326 5427 1484 5491 ἀξίαν
1530 5426 1608 5496 τῷ
1649 5427 1779 5496 παρ’
1806 5425 1963 5493 ἡμῶν

383 5520 714 5590 Δεσποπικῷ
773 5519 1206 5590 προσλήμματι,
1268 5519 1365 5570 καὶ
1439 5516 1567 5586 παρ’
1645 5515 1811 5569 αὐτοῦ
1868 5516 1965 5569 τοῦ

386 5608 601 5690 Κυρίου
629 5608 948 5677 εἰρημένην,
990 5609 1085 5659 καὶ
1116 5605 1270 5676 παρὰ
1296 5605 1509 5658 Παύλου
1541 5608 1966 5676 κεκηρυγμένην
2012 5624 2024 5641 ο

387 5699 616 5757 καὶτῶν
654 5700 769 5768 μετ’
803 5699 965 5752 αὐτὸν
987 5697 1464 5767 θεπιδῶνξάθετῶν
1508 5699 1566 5761 ἐξ
1605 5691 1700 5762 ὧν,
1728 5699 1915 5769 φησὶν,
1941 5700 1971 5751 6

399 5790 716 5868 ’Λκίνδυχος
744 5788 954 5872 ⁴αθεος
996 5788 1376 5879 ξναφαίνεται
1454 5789 1669 5844 πάλιν..
1705 5790 1736 5844 5
1814 5790 1966 5856 Quod

1188 346 1508 408 OPERUM
1541 344 2024 406 ARUUMENI‘A
2070 345 2175 405 EX
2207 344 2428 405 CODD.
2478 342 2802 406 COISLiN.

3515 342 3624 408 διε

2048 454 2361 525 dignitatem
2432 454 2695 510 Dominici
2760 456 3039 524 assumpti,
3076 473 3109 509 a
3165 458 3314 512 nobis
3380 459 3622 529 facti,ab
3673 525 3682 535 Ι

2043 548 2157 616 ipso
2192 548 2417 603 Domino
2457 550 2679 616 prolati,
2725 566 2756 603 a
2792 548 2960 603 Paulo
2997 550 3311 621 prtrdicati,
3347 570 3542 608 necnon
3592 572 3626 609 ts

2045 639 2239 694 divinis
2298 641 2426 694 viris
2485 641 2574 709 qui
2627 651 2746 710 post
2785 643 2957 711 ipsum
3013 644 3182 713 fuere,
3228 646 3527 713 despiciens
3575 657 3625 701 et

2040 732 2198 787 dictis
2247 734 2356 788 suis
2408 734 2726 802 vilipendens
2763 736 3099 806 Acin‘dynus,
3165 738 3349 794 atheus
3414 756 3628 795 rursum

2043 823 2487 892 deprehendatur.

2117 911 2191 978 ς’.
2230 915 2531 983 "Baga-uvas;
2561 918 2618 970 ὲν
2650 919 2894 988 ἐπιτάμῳ
2929 920 3022 973 τοῦ
3056 922 3356 991 μυστηρίου
3399 922 3539 975 κατὰ
3567 924 3627 976 τὸ

2046 1007 2348 1077 ἐγχωροῦν,
2376 1009 2492 1073 πῶς
2521 1004 2601 1073 εἷς
2643 1010 2743 1080 μὲν
2771 1013 3028 1082 Χριστος,
3066 1012 3252 1066 πολλοὶ
3271 1015 3327 1068 δὲ
3358 1033 3630 1085 χριστοει-

2045 1099 2184 1163 δεῖς·
2211 1101 2305 1155 καὶ
2335 1102 2453 1166 πῶς
2477 1095 2621 1157 οὗτοι
2652 1102 2746 1156 νῦν
2782 1105 2882 1174 μὲν
2913 1108 3076 1178 καινὴ
3106 1108 3281 1173 κτίσις
3309 1108 3627 1176 καλοῦνται,

2045 1189 2140 1245 νῦν
2185 1191 2243 1244 δὲ
2287 1193 2515 1265 ἄναρχοι
2543 1195 2638 1249 καὶ
2671 1195 2865 1249 amtor
2898 1197 2992 1250 καὶ
3016 1199 3101 1252 ὅτι
3132 1197 3453 1268 γεννώμεοα
3483 1201 3626 1253 κατὰ

2044 1281 2146 1350 τὴν
2179 1283 2337 1354 χάριν
2367 1284 2594 1356 ταύτην,
2630 1286 2747 1339 ἀλλ’
2780 1288 2841 1341 οὐ
2878 1290 3199 1359 κτιζόμεθα.
3229 1290 3281 1345 6.
3320 1291 3624 1347 Declaratio

2046 1375 2418 1442 compendiosa
2470 1380 2708 1448 mysterii
2758 1397 2853 1450 pro
2883 1382 3159 1449 facultate,
3186 1387 3447 1452 quomodo
3486 1402 3624 1440 unus

2047 1466 2116 1519 sit
2147 1465 2412 1536 Christus,
2442 1473 2596 1524 multi
2619 1484 2794 1526 autem
2823 1473 3257 1543 Chrisliformes;
3289 1487 3337 1529 et
3367 1480 3626 1547 quomodo

2047 1557 2140 1611 isti
2191 1562 2343 1615 modo
2378 1578 2510 1616 nova
2553 1574 2805 1618 creatura
2852 1574 3122 1632 vocentur,
3153 1569 3309 1622 modo
3336 1569 3448 1622 sine
3476 1572 3630 1638 priu-

2047 1651 2184 1719 cipio
2233 1661 2284 1707 et
2334 1656 2550 1719 aeterni;
2611 1665 2660 1709 et
2709 1658 2847 1725 quod
2887 1660 3174 1713 secundum
3222 1661 3363 1715 hanc
3399 1663 3631 1731 gratiam

2047 1761 2378 1814 generentur,
2401 1764 2507 1802 non
2542 1765 2661 1804 rero
2688 1766 2947 1806 creemur.

2123 1833 2188 1898 ζ’.
2224 1835 2348 1894 ’ἷΟτι
2370 1836 2448 1898 ὡς
2464 1837 2754 1908 ἄνθρωπος
2781 1841 2808 1891 6
2841 1840 3080 1910 Χριστὸς
3106 1843 3391 1912 εἰληφέναι
3412 1845 3630 1914 λέγεται

2048 1925 2145 1996 τὴν
2164 1925 2422 1980 ἄκτιστον
2441 1929 2602 1999 χάριν
2623 1929 2718 1984 τοῦ
2733 1931 3069 2002 Πνεῦματος,
3089 1935 3180 1987 καὶ
3203 1935 3284 1988 ὃτι
3307 1937 3514 2008 ταύτης
3532 1940 3632 2006 τῆς

2049 2019 2312 2072 ἀκτίστου
2336 2020 2583 2090 χάριτος,
2614 2023 2708 2075 καὶ
2741 2024 2855 2085 τοῖς
2885 2025 3116 2089 οἰκείοις
3139 2027 3419 2095 μετέδωκέ
3446 2046 3504 2082 τε
3534 2034 3634 2084 καὶ

2052 2113 2398 2181 μεταδίδωσι.
2440 2113 2522 2188 .7.
2590 2113 2746 2180 Quod
2804 2114 3049 2170 Christus
3107 2127 3167 2171 ut
3215 2119 3367 2172 homo
3418 2122 3635 2176 dicatur

2050 2204 2342 2257 increatam
2378 2204 2616 2275 Spiritus
2649 2207 2881 2277 gratiam
2913 2210 3200 2278 accepisse,
3226 2212 3432 2281 etquod
3462 2216 3633 2268 incre-

2051 2306 2199 2350 atam
2238 2298 2392 2350 illaut
2452 2300 2679 2367 gratiam
2715 2301 2827 2354 suis
2874 2303 3342 2359 communicaverit
3394 2317 3445 2362 et
3487 2325 3635 2363 com-

2050 2405 2098 2442 in
2106 2405 2137 2441 ιι
2146 2389 2299 2443 nicet.

2122 2486 2193 2551 η’,
2225 2480 2349 2534 Ὅτι
2379 2480 2476 2553 τὴν
2509 2483 2658 2551 παρὰ
2707 2484 2843 2539 Θεοῦ
2879 2486 3169 2556 διδομένην
3203 2488 3298 2542 καὶ
3332 2494 3484 2563 παρὰ
3515 2497 3627 2550 τῶν

2050 2575 2223 2645 ἁγίων
2245 2575 2670 2648 λαμϐανομένην
2718 2577 2970 2634 θεοποιὸν
2996 2584 3156 2652 χάριν
3174 2584 3269 2638 τοῦ
3297 2586 3636 2657 Πνεύματος,

2050 2668 2147 2722 νῦν
2180 2669 2280 2738 μὲν
2327 2670 2535 2741 κτίσμα
2572 2673 2740 2742 φησὶν
2773 2673 2801 2725 6
2845 2673 3188 2737 ’Δκίνδυνο;,
3224 2677 3322 2731 νῦν
3377 2678 3422 2732 δ’
3471 2682 3637 2734 αὐτὸν

2051 2755 2193 2810 εἶναι
2223 2759 2312 2811 τὸν
2346 2760 2500 2824 Θεὸν,
2530 2762 2703 2831 αὐτὴν
2737 2763 2904 2816 αὑτοῦ
2947 2765 3048 2834 τὴν
3095 2767 3285 2823 οὐσίαν
3306 2773 3323 2798 ‘
3363 2771 3421 2823 ἐν
3457 2766 3499 2839 ᾧ
3543 2775 3639 2827 καί⁵

2055 2848 2269 2912 πολλοῖς
2301 2850 2525 2914 ἀτόποις
2575 2853 2931 2923 περιπίπτων
2985 2856 3362 2928 iunctam...
3392 2863 3447 2918 8.
3483 2865 3638 2931 Quod

2054 2939 2289 3007 Spiritus
2341 2945 2573 3012 gratiam
2630 2945 2784 2999 illam
2835 2946 3042 3002 divinos
3102 2950 3398 3018 facientem,
3442 2973 3474 3008 a
3533 2957 3637 3011 Deo

2053 3030 2257 3096 datam,
2295 3043 2343 3086 et
2382 3049 2413 3085 a
2440 3035 2640 3087 sanctis
2674 3045 2968 3102 acceptant,
3001 3040 3158 3095 modo
3192 3054 3492 3098 creaturam
3525 3063 3638 3101 esse

2054 3123 2197 3178 dicat
2226 3124 2554 3197 Acindynus,
2589 3132 2744 3181 modo
2772 3133 2945 3199 ipsum
2994 3148 3106 3186 esse
3140 3132 3334 3200 Deum,
3368 3140 3638 3210 ipsamque

2057 3215 2153 3270 Dei
2201 3219 2506 3282 essentiam,
2540 3220 2680 3274 unde
2717 3222 2770 3275 in
2803 3223 2999 3276 multas
3050 3226 3408 3285 absurditates
3450 3234 3638 3288 cadere

2056 3310 2417 3377 arguitur.....

2129 3399 2197 3454 θ’.
2252 3403 2512 3473 Ποσαχῶς
2563 3402 2657 3456 ἐπὶ
2692 3403 2787 3457 τοῦ
2816 3406 2956 3460 Θεοῦ
2999 3408 3236 3480 τοῦνομα
3266 3413 3364 3484 τῆς
3391 3417 3634 3486 χάριτος,

2057 3494 2150 3547 καὶ
2176 3493 2252 3558 ὡς
2291 3497 2324 3566 ἡ
2373 3496 2494 3550 θεία
2538 3497 2863 3571 λαμπρότης
2889 3500 2948 3555 ἓν
2975 3503 3082 3556 τῶν
3109 3505 3200 3559 ὑπ’
3232 3507 3399 3578 αὐτῆς
3437 3528 3638 3581 σημαι-

2058 3590 2320 3658 νομένων,
2347 3591 2443 3643 καὶ
2474 3591 2551 3654 ὡς
2577 3591 2719 3662 αὓτη
2749 3594 2849 3664 τῆς
2886 3595 3036 3660 θείας
3068 3598 3285 3667 φύσεως
3307 3601 3634 3676 διενήνοχεν.

2058 3680 2113 3736 9.
2146 3682 2532 3752 Quotupliciter
2560 3702 2746 3739 nomen
2778 3689 2967 3766 gratia:
2997 3691 3138 3759 apud
3173 3692 3335 3747 Deum
3370 3697 3639 3768 intelliga-

2058 3782 2163 3837 tur,
2194 3787 2239 3829 et
2280 3776 2419 3844 quod
2471 3777 2684 3830 divinus
2735 3778 2985 3847 splendor
3031 3783 3102 3835 sit
3145 3800 3307 3838 unum
3341 3802 3405 3840 ea:
3434 3790 3641 3860 signi/t-

2057 3866 2189 3920 catis
2213 3883 2305 3936 per
2325 3883 2463 3929 eam,
2488 3868 2727 3939 quodque
2745 3870 2836 3924 ille
2860 3890 2889 3924 a
2914 3874 3092 3926 divina
3121 3887 3315 3930 natura
3340 3879 3571 3949 differat.

2130 3963 2183 4010 ι’.
2219 3956 2472 4018 Ἕκθεσις
2494 3959 2585 4010 καὶ
2619 3961 2895 4032 ἀνασκευὴ
2926 3963 3032 4015 τῶν
3049 3965 3357 4020 Ἀκινδύνου
3400 3971 3634 4040 ῥήσεων,

2058 4046 2124 4100 δι’
2152 4039 2226 4100 ὧν
2256 4047 2655 4113 κατασκευάζει
2674 4051 2775 4120 τὴν
2798 4051 2957 4122 χάριν
2973 4054 3148 4123 αὐτὴν
3174 4051 3314 4110 εἶναι
3333 4060 3430 4127 τὴν
3447 4039 3636 4117 ἀιδίαν

2055 4138 2150 4193 τοῦ
2182 4138 2351 4192 Θεοῦε
2380 4141 2504 4193 καθ’
2532 4140 2600 4204 ἃς
2634 4143 2728 4196 καὶ
2767 4143 2862 4196 τοῦ
2912 4145 3181 4215 Εὑνομίου
3212 4149 3637 4226 δυσσεϐέστερος

2056 4231 2253 4295 τελῶν,
2291 4232 2448 4295 ἄθεός
2484 4250 2542 4287 τε
2591 4233 2709 4303 ἅμα
2756 4236 2848 4288 καὶ
2898 4237 3163 4302 πολύθεος
3204 4241 3552 4315 ἐξελέγχεται
3579 4250 3638 4301 τό

2057 4341 2120 4377 τε
2153 4323 2310 4377 Θείον
2336 4323 2620 4387 συντιθείς.
2656 4325 2743 4379 10.
2786 4325 3062 4395 Expositio
3105 4339 3154 4384 et
3189 4332 3443 4402 refutatio
3473 4337 3640 4391 dicto-

2058 4431 2176 4468 rum
2226 4415 2506 4485 Acindyni,
2539 4416 2729 4487 quibus
2778 4420 2973 4473 astruit
3026 4424 3257 4488 gratiam
3302 4425 3476 4493 ipsam
3527 4446 3638 4483 csse

2062 4507 2158 4560 Dei
2199 4509 2503 4570 essentiam,
2547 4507 2737 4576 quibus
2791 4510 2952 4563 etiam
3010 4509 3329 4568 Eunomium
3369 4518 3638 4584 impietate

2063 4613 2342 4666 superans,
2373 4597 2557 4649 atlteus
2588 4599 2746 4652 simul
2775 4609 2824 4654 et
2853 4600 3144 4671 'polytheus
3189 4604 3297 4658 sive
3350 4595 3652 4662 multarunt

2062 4693 2280 4745 deorum
2339 4689 2532 4754 cultor,
2585 4699 2742 4760 atque
2804 4692 2967 4745 Deum
3035 4695 3385 4761 compositum
3433 4699 3634 4766 faciens

2063 4779 2485 4848 deprehenditur.

2140 4879 2226 4924 ια’.
2262 4870 2487 4941 ’Ἐτεραι
2517 4873 2706 4942 ῥήσεις
2742 4873 3072 4936 Ἀκινδὺνου,
3100 4875 3157 4926 ὲν
3186 4869 3273 4938 αἷς
3303 4878 3396 4930 καὶ
3433 4895 3638 4949 μοιρτυ⁴

2070 4962 2160 5033 ρία
2194 4964 2257 5014 ἐκ
2294 4962 2401 5014 τῶν
2431 4962 2527 5016 τοῦ
2572 4964 2811 5033 μεγάλου
2851 4965 3136 5016 Βασιλείου
3166 4971 3638 5040 παρακεκομμένη

2076 5055 2281 5123 μέντοι,
2337 5054 2473 5107 ἀλλὰ
2513 5056 2608 5106 καὶ
2658 5053 2833 5118 οὕτως
2887 5057 3240 5127 ἀντικειμένη
3285 5057 3374 5112 διὰ
3424 5060 3639 5114 πάντων

2066 5145 2343 5199 δείκνυται
2375 5148 2447 5216 τῇ
2487 5144 2677 5199 τούτου
2731 5146 3178 5220 πολυϐλασφήμῳ
3215 5151 3492 5205 κάνταῦθα
3536 5154 3643 5205 δει-

2071 5236 2315 5306 κνυμένῃ
2367 5236 2516 5306 δόξῃ.
2567 5236 2655 5289 Η.
2690 5236 2814 5289 Alia
2849 5236 3112 5306 Acyndini
3146 5238 3319 5301 dicta,
3350 5240 3403 5292 in
3451 5242 3641 5309 quibus

2068 5339 2142 5383 est
2185 5328 2541 5382 testimonium
2570 5342 2634 5381 ex
2662 5344 2849 5398 magno
2897 5328 3101 5383 Basilio
3131 5332 3518 5396 detruncatum,
3552 5335 3642 5385 sed

2069 5420 2208 5491 quod
2278 5420 2618 5475 nihilominus
2682 5420 2795 5486 ejus
2849 5420 3168 5485 blaspheme
3228 5424 3495 5476 sententia:
3560 5424 3644 5476 hic

2073 5514 2327 5583 exposita:
2362 5513 2573 5566 omnino
2598 5514 2890 5580 oppositum
2912 5514 3325 5568 demonstratur.

2146 5603 2236 5674 ιβ’.
2285 5604 2499 5674 Ἑτέρα⁹
2538 5604 2697 5684 ῥῆσις
2762 5604 3071 5658 Ἀκινδύνου
3127 5605 3262 5673 μετὰ
3314 5603 3412 5672 τῆς
3474 5605 3647 5676 αὐτῆς

2079 5695 2407 5766 μαρτυρίας,
2440 5696 2570 5766 παρ’
2591 5690 2666 5749 ὧν
2694 5697 3047 5765 ἀναφαίνεται
3075 5695 3474 5763 διατεινόμενος
3507 5697 3647 5765 μηδὲ

2078 5787 2337 5843 δύνασθαι
2381 5788 2492 5853 τοῖς
2527 5787 2702 5858 ἁγίοις
2738 5787 3105 5857 ὀμοφρονῆσαί
3158 5804 3308 5841 ποτε.
3338 5785 3405 5841 ιε
3484 5787 3644 5843 Αίιιιυι

1994 5878 2063 5891 ,Α
