4108 6316
326 500 609 570 Acindyni,
636 513 738 570 quo
768 507 981 567 putasse
1025 496 1402 563 comprobatur
1429 505 1640 549 sanctos
1676 508 1770 548 nec
1802 493 1904 546 sibi

327 590 479 659 ipsis,
513 605 606 643 nec
633 590 769 641 inter
796 603 850 641 se
881 594 1062 641 mutuo
1090 587 1432 656 congruentia
1458 595 1508 639 et
1536 585 1908 646 consebuentia

328 683 543 734 sentire.

400 769 464 822 ε’.
530 764 652 822 Ὅτι
712 764 775 819 τὸ
828 764 972 819 κατὰ
1023 765 1084 820 τὸ
1139 764 1424 837 Θαθὼριον
1480 765 1610 826 τοὺς
1661 762 1911 835 μαθητὰς

332 856 746 928 περιαστράψαν
791 858 931 927 φῶς,
968 857 1279 928 ἀχώριστόν
1333 860 1450 910 ἐστι
1506 861 1608 926 τῆς
1655 856 1911 927 θεότητος

330 952 425 1004 ἅτε
480 950 728 1016 φυσικῶς
770 949 906 1019 αὐτῇ
945 950 1174 1018 προσὸν,
1212 950 1305 1002 καὶ
1356 948 1457 1017 τῆς
1499 948 1648 1009 θείας
1696 944 1912 1017 φύσεως

328 1041 659 1111 λαμπρότης
690 1040 769 1093 δν.
794 1042 846 1095 5.
875 1039 1030 1106 Quod
1055 1039 1224 1093 lumen
1247 1040 1302 1093 in
1336 1036 1595 1092 Tltaborio
1626 1035 1911 1105 discipulos

331 1129 637 1193 itlustrans,
671 1131 1029 1198 inseparabile
1061 1134 1221 1200 fuerit
1254 1149 1285 1183 a
1324 1130 1536 1194 deitate,
1565 1138 1746 1195 utpote
1774 1127 1912 1197 quod

333 1221 438 1287 ip~i
495 1222 814 1275 naturaliter
859 1222 1086 1287 adesset,
1118 1232 1167 1276 et
1203 1220 1397 1276 divina:
1435 1233 1643 1275 natum
1666 1219 1915 1290 splendor

335 1322 494 1366 esset.

413 1409 486 1466 ς’.
524 1403 647 1455 Ὀτι
673 1403 1010 1471 ἁνέκφαντος
1043 1402 1166 1455 καθ’
1207 1401 1409 1472 ἑαυτὴν
1456 1402 1489 1472 ἡ
1556 1401 1681 1456 θεία
1726 1400 1912 1469 φύσις,

337 1495 435 1546 καὶ
475 1494 656 1556 αὐτοῖς
685 1494 913 1557 ἐκείνοις
943 1490 1024 1558 οἷς
1070 1495 1401 1567 ἅποῤῥήτως
1456 1494 1812 1563 ἐπιφαίνεται
1856 1493 1917 1545 τὸ

341 1585 490 1637 Οεῖον
508 1586 665 1637 τοῦτο
704 1587 837 1653 φῶς.
873 1582 922 1639 6.
959 1586 1110 1650 Quod
1132 1587 1310 1641 divina
1335 1597 1527 1639 natura
1549 1603 1640 1654 per
1674 1602 1729 1639 se
1749 1601 1917 1654 appa-

343 1693 457 1729 rere
473 1687 687 1746 nequeat
712 1679 868 1731 etiam
908 1679 972 1731 iis
999 1678 1147 1745 ipsis,
1178 1679 1298 1749 quib
1313 1694 1369 1733 us
1427 1677 1661 1731 divinum
1695 1678 1791 1731 hoc
1839 1676 1919 1729 lu-

345 1784 463 1820 men
522 1785 715 1822 arcano
743 1770 894 1821 modo
953 1779 1192 1839 apparet.

418 1858 482 1921 ζ’.
514 1861 637 1913 Ὅτι
667 1863 763 1930 οὐχ
797 1864 845 1914 οί
869 1862 1122 1931 λέγοντες
1175 1863 1534 1932 ὑπερκεῖσθαι
1588 1861 1771 1931 πάσης
1828 1863 1917 1915 ὲκ-

347 1951 598 2019 ιράνσεως
628 1952 728 2022 τὴν
761 1952 913 2006 θείαν
945 1955 1129 2021 φύσιν,
1165 1954 1282 2007 ἀλλ’
1312 1956 1359 2007 οἱ
1382 1953 1456 2024 μὴ
1486 1950 1643 2006 τοῦτο
1661 1952 1913 2020 λέγοντες

343 2042 422 2100 ei;
448 2041 736 2095 πολυθεῖαν
761 2043 1185 2112 περιπίπτουσιν
1209 2043 1284 2104 ὡς
1305 2044 1539 2112 ἀληθῶς.
1560 2044 1610 2097 7.
1635 2043 1790 2109 Quod
1817 2058 1922 2095 non

345 2132 385 2185 ii
400 2134 489 2201 qui
510 2133 691 2185 dicunt
717 2134 951 2187 dicitmm
986 2145 1238 2188 naturam
1265 2135 1408 2188 omni
1462 2136 1796 2203 apparitione
1832 2149 1921 2188 su-

344 2223 685 2290 pereminere,
725 2225 813 2276 sed
842 2225 932 2292 qui
966 2223 1060 2277 hoc
1113 2235 1303 2294 negant
1352 2226 1408 2280 in
1456 2225 1777 2296 polytbeiant
1818 2227 1924 2279 sive

349 2314 804 2381 snultiplicttatem
845 2316 1059 2368 deorum
1100 2317 1358 2371 incidant.

426 2411 496 2469 η’.
528 2405 650 2456 Ὀτι
683 2405 781 2475 οὐχ
810 2407 859 2458 οἱ
885 2404 1163 2474 άκτιστον,
1195 2409 1311 2461 ἀλλ’
1343 2410 1391 2461 οἱ
1426 2408 1646 2463 κτιστὸν
1675 2406 1924 2476 λέγοντες

349 2494 414 2546 τὸ
447 2495 589 2548 θεῖον
609 2497 744 2564 φῶς,
777 2499 837 2549 τὸ
859 2499 1016 2552 Θεὲον
1066 2500 1498 2569 φυσιολογοῦσιν.
1534 2504 1588 2555 8.
1628 2501 1780 2567 Quod
1820 2513 1921 2553 non

353 2588 395 2638 ii
421 2591 512 2655 qui
552 2589 869 2656 increatum,
909 2592 1003 2645 sed
1054 2581 1140 2657 qui
1190 2604 1422 2648 creatum
1458 2595 1637 2648 dicunt
1688 2595 1923 2648 diuinum

354 2677 559 2741 iumen,
587 2679 646 2731 Β.
666 2696 750 2731 um
778 2684 926 2734 rebus
962 2683 1295 2737 naturalibus
1317 2690 1680 2738 annumerent.

428 2764 497 2820 θ’.
528 2768 647 2822 Ὅτι
670 2769 729 2822 τὸ
762 2771 836 2840 μὴ
885 2771 1248 2838 γινώσκεσθαι
1277 2774 1366 2826 τὸν
1394 2773 1527 2828 Θεὸν
1580 2777 1644 2826 ἐκ
1692 2776 1924 2843 φυσικῆς

355 2858 658 2925 ὲμιράσεως
688 2861 789 2913 οὐκ
810 2863 1025 2933 ἀναιρεῐ
1057 2862 1115 2916 τὸ
1144 2864 1509 2933 γινώσκεσθαι
1541 2864 1704 2918 αὐτὸν
1727 2865 1791 2917 ὲκ
1815 2865 1925 2916 τῶν

353 2948 522 3003 θείων
548 2952 711 3004 αὑτοῦ
744 2955 987 3023 προόδων
1014 2958 1108 3008 καὶ
1146 2957 1458 3027 ἐνεργειῶν·
1486 2959 1543 3009 ἐν
1594 2954 1638 3025 ᾧ
1694 2958 1924 3028 κτισ-ὴν

351 3039 459 3107 τὴν
483 3040 637 3095 θείαν
675 3047 932 3114 πρσῖνοιαν
962 3048 1057 3100 καὶ
1091 3049 1451 3119 καταληπτὴν
1478 3049 1575 3119 τὴν
1637 3049 1789 3102 θείαν
1822 3049 1924 3116 φύ-

354 3147 449 3183 σιν
476 3134 504 3185 δ
550 3132 856 3199 ’Δκίνδυνος
885 3138 1163 3209 ἐλέγχεται
1206 3141 1399 3197 ποιῶν.
1451 3143 1505 3196 9.
1559 3139 1710 3206 Quod
1758 3155 1821 3195 ex
1865 3157 1925 3196 eo

353 3221 500 3290 quod
536 3222 673 3278 Dcus
730 3243 820 3293 per
893 3231 1193 3283 naturalem
1241 3234 1625 3299 apparitionem
1682 3249 1784 3286 non
1838 3250 1926 3287 co-

354 3325 666 3377 gnoscatur,
695 3332 797 3369 non
860 3318 1080 3372 tollatur
1131 3323 1356 3391 cognitio
1411 3322 1526 3392 ejus
1580 3339 1675 3390 per
1715 3324 1925 3378 divinas

354 3401 662 3457 emissiones
694 3416 742 3458 ct
777 3410 1103 3474 operationes
1131 3428 1149 3475 ;
1182 3412 1272 3465 ubi
1312 3415 1639 3468 convincitur
1692 3414 1927 3484 Acindy-

359 3508 483 3558 nus,
516 3495 653 3560 quod
673 3497 901 3553 divinam
951 3503 1329 3568 providentiam
1356 3516 1612 3572 creatam,
1672 3506 1929 3561 divinam-

357 3595 463 3651 que
494 3593 737 3639 naturam
763 3591 1272 3655 comprehensibilem
1288 3595 1473 3663 faciat.

439 3672 490 3726 ι’.
523 3676 746 3747 Ἐτεραι
781 3682 968 3751 ῥήσεις
1011 3683 1317 3738 Ἀκινδθνου
1354 3688 1446 3740 καὶ
1490 3691 1791 3759 μαρτυρίαι
1820 3692 1929 3744 τῶν

358 3763 538 3833 ἁγίων
565 3769 697 3837 παρ’
730 3770 895 3823 αὑτοῦ
927 3771 1113 3838 κακῶς
1146 3774 1638 3846 ἐκλαμϐανόμεναι,
1660 3781 1931 3851 παριστᾷν

357 3853 800 3925 ἐπιχειροῦντος,
834 3861 910 3932 μὴ
940 3858 1081 3915 εἶναι
1112 3863 1206 3917 τὸν
1260 3866 1393 3919 Θεὸν
1422 3865 1543 3919 κατ’
1577 3867 1766 3920 οὐσίαν
1830 3870 1930 3937 μὲν

354 3947 773 4018 ἀκατάληπτον,
799 3953 908 4006 ἀπὸ
925 3953 981 4006 δὲ
1000 3954 1117 4007 τῶν
1150 3958 1371 4009 οξκείων
1397 3957 1693 4026 ἐνεργειῶν
1747 3960 1931 4027 ἐπιγι-

355 4038 728 4107 νωσκόμενον.
762 4042 847 4097 10.
873 4043 991 4097 Alia
1045 4046 1306 4117 Acindyni
1335 4046 1478 4102 dicta
1528 4058 1578 4102 et
1630 4050 1933 4106 testimonia

355 4141 675 4184 sanctorum
718 4133 783 4186 ab
819 4136 932 4202 ipso
964 4136 1102 4191 male
1160 4150 1441 4206 usurpata,
1483 4140 1667 4209 quibus
1718 4141 1935 4196 demon-

353 4233 543 4277 strare
573 4239 796 4279 conatur
821 4226 986 4281 Deum
1032 4244 1134 4283 non
1190 4246 1302 4284 esse
1364 4229 1931 4301 incomprehensibilem

352 4315 654 4370 secundum
681 4316 1055 4383 substantiam,
1079 4320 1171 4375 sed
1192 4336 1257 4375 ex
1277 4323 1506 4392 propriis
1547 4326 1935 4394 operationibus

355 4409 634 4478 cognosci.

433 4499 535 4556 ια’.
557 4501 676 4555 Ὅτι
698 4503 790 4556 καὶ
805 4505 905 4574 τῆς
919 4505 1053 4575 παρ’
1067 4506 1261 4560 ἑαυτοῦ
1283 4505 1554 4577 προσεδλη
1562 4507 1729 4581 μένης
1746 4512 1809 4566 ὲκ
1829 4510 1939 4565 τῶν

353 4592 453 4645 τοῦ
505 4592 656 4646 θείου
706 4595 960 4665 Μαξίμου
1011 4598 1338 4668 μαρτυρίας,
1407 4596 1826 4654 πᾶντοῦναντίον
1859 4605 1940 4655 εί-

360 4685 627 4753 σηγεῐται
654 4688 683 4738 6
724 4686 1046 4754 ’Δκίνδυνος,
1096 4691 1190 4743 καὶ
1226 4689 1525 4743 ὑπεναντία
1548 4689 1659 4755 τοῖς
1679 4691 1785 4761 πρὸ
1844 4693 1942 4745 αὐ-

359 4777 461 4831 τοῦ
493 4778 771 4847 θεολόγοις
789 4780 1031 4834 δείκνυσι
1060 4780 1293 4850 λέγοντα
1326 4781 1418 4835 τὸν
1450 4779 1628 4849 ἅγιον,
1659 4785 1756 4836 καὶ
1811 4783 1938 4846 τοὺς

360 4871 555 4932 θείους
576 4871 733 4940 ἡμῶν
755 4873 996 4935 ἅπαντας
1021 4874 1272 4946 Πατέρας
1297 4876 1555 4944 παραινεῖ
1581 4874 1805 4943 φεύγειν
1845 4878 1941 4930 καὶ

361 4959 801 5028 ἀποτρέπεσθαι.
850 4964 938 5017 Η.
968 4960 1123 5028 Quod
1178 4962 1483 5034 Acindgnus
1533 4978 1599 5018 ea:
1647 4967 1940 5021 testimonio

365 5050 483 5105 divi
498 5050 722 5105 Maximi
743 5054 806 5105 ab
824 5070 877 5106 se
891 5053 1122 5121 prolata,
1155 5057 1365 5108 omnino
1391 5056 1664 5109 contraria
1687 5058 1899 5111 inducat
1920 5076 1940 5124 ;

377 5153 419 5194 ἰ
453 5152 697 5196 sanctum
731 5143 900 5197 virum
919 5142 1275 5204 adversantia.
1308 5145 1555 5214 theologis
1586 5146 1675 5213 qui
1726 5158 1845 5200 ante
1889 5166 1943 5203 se

365 5244 611 5305 ,uerunt,
650 5236 820 5290 dicere
850 5238 1113 5300 ostendat,
1162 5250 1440 5306 omnesque
1491 5246 1703 5290 sanctos
1750 5236 1940 5293 Patres

367 5335 584 5381 nostros
613 5324 791 5394 lugere
814 5334 861 5379 et
892 5326 1125 5380 aversari
1156 5335 1381 5379 moneat.

444 5416 537 5471 ιϐ’.
583 5417 959 5488 Παράστασις,
985 5417 1066 5470 ὅτι
1107 5416 1289 5481 καλῶς
1321 5418 1349 5470 6
1378 5416 1520 5477 θεῖος
1561 5418 1664 5489 ἔφη
1690 5419 1942 5491 Μάξιμος

370 5512 525 5580 ὑπὲρ
560 5509 819 5576 ἀπειρίαν
841 5503 982 5561 εἶναι
1015 5507 1105 5560 τὸν
1135 5506 1289 5573 Θεὸν,
1348 5508 1396 5561 εί
1425 5510 1520 5562 καὶ
1585 5509 1843 5573 ἄκτιστος
1910 5512 1943 5583 ή

368 5600 606 5668 ἀπειρία
637 5601 804 5653 ἐστίν’
842 5600 954 5653 ἀλλ’
987 5598 1086 5670 οὐχ
1123 5599 1197 5662 ὡς
1241 5599 1270 5652 6
1308 5599 1614 5662 ’Λκίνδυνος
1669 5600 1946 5667 δυσσεϐῶς

370 5692 701 5763 διαστρέψαι
730 5692 1029 5759 ἐξεδέξατο.
1058 5692 1145 5745 12.
1181 5690 1592 5758 οριηριιδιταιὶο,
1625 5693 1764 5761 quod
1792 5695 1946 5761 probe

375 5787 577 5842 dixerit
599 5786 745 5842 divus
780 5785 1045 5842 Maximus
1067 5785 1227 5841 Deum
1258 5802 1366 5840 esse
1388 5828 1392 5833 .
1414 5801 1543 5856 upra
1600 5785 1939 5853 inﬁnitutem,

1137 380 1463 442 OPERUM
1505 374 1989 439 ARGUMENTA
2021 375 2124 434 EX
2153 372 2370 433 CODD.
2413 368 2745 428 COISLIN.

3461 365 3583 430 818

2013 491 2224 546 etiamsi
2284 492 2519 544 increata
2546 493 2613 544 sit
2678 488 2952 554 inﬁnitas;
3013 485 3104 538 sed
3129 501 3230 537 non
3268 500 3370 555 quo
3431 502 3584 540 sensu

2012 581 2318 648 Acindynus
2352 582 2505 647 impie
2539 579 2845 646 detorquere
2883 587 3102 627 conatus
3131 585 3228 627 cst.

2090 676 2179 738 ιγ’.
2218 670 2342 723 Ὀτι
2388 671 2450 722 ὲκ
2498 670 2607 722 τῶν
2641 666 2955 736 κτισμάτων
2990 668 3048 720 οὐ
3077 668 3170 734 τῆς
3197 667 3345 728 θείας
3375 668 3585 732 οὐσίας,

2015 762 2152 816 ἀλλὰ
2178 761 2286 815 τῶν
2312 761 2476 814 θείων
2521 758 2838 830 ἐνεργειῶν,
2893 760 2949 811 ὲν
2988 760 3235 829 περινοίᾳ
3299 760 3582 828 γινόμεθα.

2015 853 2185 907 Τοῦτο
2205 853 2251 907 δ’
2276 854 2482 906 ἀθετῶν
2514 856 2541 905 6
2586 851 2895 913 ’Λκίνδυνος
2947 850 3190 903 συναῖδια
3247 851 3325 918 τῷ
3357 849 3475 919 Θεῷ
3520 851 3587 902 τὰ

2017 946 2295 1012 κτίσματα
2348 946 2609 1011 δοξάζων,
2672 944 2902 1011 Ἕλὶηπί
2962 962 3019 996 τε
3054 944 3148 996 καὶ
3207 942 3283 1011 τῷ
3338 943 3587 1010 Εὑνομίῳ

2019 1038 2324 1106 συμφωνῶν
2350 1038 2654 1107 ἐλέγχεται.
2708 1036 2798 1091 15.
2846 1036 3005 1102 Quod
3053 1051 3116 1090 ex
3163 1036 3421 1088 creaturis
3486 1050 3589 1087 non

2016 1127 2207 1180 divina:
2260 1128 2520 1187 essentia'.
2580 1127 2672 1180 sed
2722 1126 3022 1180 diuinarum
3082 1127 3438 1194 operationnm
3496 1143 3586 1178 co-

2018 1219 2685 1287 gnitionemassequamur.
2739 1217 2852 1271 lloc
2897 1235 3014 1271 cum
3080 1228 3224 1286 neget
3265 1219 3589 1286 .-1cindgnus,

2019 1318 2289 1363 creaturas
2332 1328 2441 1364 esse
2467 1310 2570 1364 Deo
2603 1322 2891 1364 coa'teruas
2926 1310 3259 1369 existimans.
3296 1326 3413 1363 cum
3437 1308 3589 1363 Cra:-

2018 1405 2093 1456 cis
2120 1415 2303 1456 etcum
2331 1402 2586 1457 Eunomia
2639 1404 2933 1457 consentire
2991 1400 3421 1470 deprehenditur.

2092 1494 2173 1546 ιδ’-
2208 1495 2469 1564 Ἒλεγχος
2502 1495 2582 1549 ἔτι
2608 1496 2706 1564 τῆς
2733 1495 2900 1549 αὐτοῦ
2935 1494 3094 1563 δόξης
3142 1491 3591 1559 ἀπαγορεύοντος

2020 1587 2409 1651 πνευματικῶς
2431 1587 2659 1656 ὁρᾶσθαι
2691 1587 2750 1639 τὸ
2785 1586 3064 1639 θειότατον
3088 1584 3222 1655 φῶς,
3250 1587 3307 1636 ὲν
3416 1584 3591 1651 παρά-

2022 1691 2230 1739 στασις,
2263 1677 2339 1736 ὡς
2370 1678 2430 1730 οὐ
2465 1677 2523 1729 τὸ
2555 1677 2668 1743 φῶς
2700 1678 2859 1746 μόνον
2909 1678 3186 1736 ἄκτιστον.
3233 1675 3368 1728 ἀλλὰ
3437 1676 3530 1727 καὶ
3560 1676 3592 1742 ἡ

2021 1765 2248 1835 δύναμις
2279 1768 2402 1821 καθ’
2428 1769 2495 1839 ἢν
2514 1770 2732 1839 δρᾶται.
2765 1769 2850 1822 Η.
2878 1768 3145 1838 Refutatio
3159 1785 3270 1837 ejus
3300 1768 3590 1829 sententiw,

2021 1875 2125 1926 qua
2165 1862 2725 1927 ncgatdivinissimum
2764 1863 2939 1916 lumen
2984 1862 3337 1930 spiritualiter
3397 1860 3592 1919 videri;

2026 1951 2115 2002 ubi
2162 1951 2320 2003 etiam
2357 1953 2752 2007 demonstratur
2782 1971 2884 2006 non
2917 1953 3070 2006 modo
3105 1952 3275 2005 lumen
3298 1952 3589 2005 increatum

2024 2054 2154 2099 esse.
2178 2042 2267 2092 sed
2289 2044 2449 2094 etiam
2498 2042 2804 2123 facultatem
2840 2060 2931 2111 per
2965 2060 3121 2114 quam
3154 2044 3379 2096 videtur.

2100 2157 2182 2203 ιε’.
2219 2151 2476 2214 Ἐκθεσις
2500 2151 2598 2204 καὶ
2648 2152 2930 2223 ἀνασκευὴ
2998 2153 3211 2222 ρήσεως
3269 2153 3435 2222 ἄλλης
3501 2152 3596 2204 τοῦ

2027 2242 2214 2301 αὑτοῦ.
2247 2243 2538 2314 ἀδιάφορον
2575 2244 2731 2299 πάλιν
2784 2246 3129 2315 πειρωμένου
3190 2245 3470 2298 δεικνύναι
3529 2249 3594 2315 τῇ

2029 2333 2151 2403 θείᾳ
2174 2334 2329 2403 οὐσίᾳ
2351 2336 2451 2402 τὴν
2482 2335 2790 2404 ἐνέργειαν,
2823 2335 2921 2388 καὶ
2954 2334 3179 2405 κτιστὴν
3236 2335 3335 2403 τὴν
3395 2337 3586 2404 ἐπιφα-

2030 2426 2211 2477 νεῖσαν
2237 2426 2293 2476 ἐν
2322 2425 2524 2494 Θαῦὼρ
2553 2428 2664 2489 τοῖς
2701 2426 3027 2489 ἀποστόλοις
3052 2426 3145 2479 τοῦ
3172 2425 3310 2478 Θεοῦ
3342 2425 3597 2495 λαμπρό-

2030 2519 2304 2585 τητα.13.
2372 2516 2646 2585 Expositio
2695 2529 2744 2572 et
2803 2520 3059 2583 refutatio
3083 2519 3303 2574 alterius
3362 2519 3597 2588 ejusdem

2029 2610 2178 2672 dicti,
2202 2628 2301 2680 quo
2323 2612 2544 2681 probare
2599 2611 2790 2666 nititur
2870 2612 3107 2666 divinam
3157 2612 3436 2666 essentiam
3495 2629 3605 2666 non

2028 2701 2330 2755 distinctam
2385 2718 2549 2757 essea
2601 2703 2778 2757 divina
2818 2703 3138 2772 operatione,
3171 2712 3221 2757 et
3266 2703 3602 2773 splendorem-

2036 2789 2126 2845 Dei
2152 2794 2239 2862 qui
2271 2795 2323 2847 in
2353 2793 2587 2849 Thabore
2607 2795 2863 2865 apostolis
2885 2796 3131 2866 apparuit
3150 2796 3313 2865 fuisse
3338 2808 3592 2851 creatum.

2102 2905 2196 2971 ις’.
2237 2907 2361 2961 Ὀτι
2391 2908 2439 2961 εί
2465 2910 2561 2962 καὶ
2592 2909 2928 2979 σωματικοῖς
2970 2908 3273 2979 ὀφθαλμοῖς
3329 2909 3390 2963 τὸ
3453 2910 3600 2964 θεῖον

2027 2996 2184 3066 ὤφθη
2218 2998 2352 3065 φῶς,
2387 2997 2523 3051 ἀλλὰ
2554 3000 3058 3068 ’μετασκευασθεῖσι
3092 3003 3159 3069 τῇ
3218 2999 3445 3068 δυνάμει
3502 2999 3602 3053 τοῦ

2032 3088 2171 3141 Πνεύ
2180 3106 2365 3157 ματος.
2390 3090 2476 3143 16.
2501 3089 2653 3156 Quod
2670 3091 2881 3146 etiamsi
2896 3093 3159 3159 corporeis
3182 3092 3345 3150 oculis
3362 3093 3598 3146 divinum

2029 3179 2202 3233 lumen
2256 3181 2426 3233 risum
2458 3181 2548 3244 sit,
2603 3182 2692 3235 sed
2734 3183 3127 3251 transformatis
3151 3183 3596 3250 cirmteSpiritns.

2105 3270 2193 3336 ιζ’.
2227 3273 2422 3343 Ἑτέρα
2455 3274 2611 3342 ῥῆσις
2650 3273 2983 3339 Ἀκινδὺνου,
3022 3274 3153 3343 παρ’
3182 3272 3250 3345 ἧς
3307 3276 3466 3337 ἄθεος
3511 3294 3600 3329 τε·

2032 3364 2169 3428 λέως
2198 3366 2479 3435 ἐλέγχεται
2505 3365 2564 3419 τὸ
2586 3361 2728 3418 εἶναι
2757 3366 2850 3419 τὸν
2915 3367 3151 3436 Χριστὸν
3199 3369 3333 3419 Θεὸν
3388 3368 3599 3420 ἀνελεῖν

2032 3457 2347 3527 ἐπιχειρῶν,
2387 3459 2481 3511 καὶ
2512 3458 2786 3512 δεικνύναι
2813 3461 2942 3520 τοὺς
2973 3459 3161 3526 ἁγίους
3191 3459 3398 3522 πάντας
3448 3460 3599 3527 αὖτῷ

2032 3565 2095 3603 τε
2124 3548 2204 3619 τῷ
2230 3551 2423 3621 Κυρίῳ
2452 3553 2542 3604 καὶ
2563 3550 2810 3621 ἀλλήλοις
2855 3551 3151 3613 ἐναντίους.
3222 3552 3309 3606 Π.
3360 3552 3602 3606 Alterum

2033 3642 2293 3713 Acindgni
2340 3643 2561 3709 dictum,
2610 3660 2712 3714 quo
2778 3645 3103 3699 convincitur
3150 3644 3374 3712 perfecte
3419 3644 3601 3698 atbcus

2034 3744 2364 3803 esse,mpote
2385 3738 2474 3806 qui
2528 3745 2744 3789 conetur
2776 3735 3041 3790 Christum
3106 3735 3267 3790 Deum
3330 3750 3431 3789 non
3491 3754 3602 3790 cene

2035 3828 2276 3893 probare,
2337 3837 2386 3880 et
2438 3827 2709 3881 ostendere
2734 3838 2942 3882 sanctos
2962 3842 3138 3881 omnes
3166 3837 3216 3882 et
3245 3829 3345 3897 ipsi
3378 3829 3601 3882 Domino

2038 3925 2089 3969 et
2118 3916 2218 3969 sibi
2243 3917 2294 3969 in
2304 3917 2455 3969 vicem
2490 3931 2794 3981 repugnare.
3500 3936 3533 3971 κ

2115 4024 2204 4093 ιη’.
2247 4026 2595 4094 [lapis-um;
2624 4026 2711 4079 διΞι
2746 4027 3028 4092 πλειόνων,
3064 4028 3147 4081 ὅτι
3195 4029 3488 4098 σύμφωνος
3524 4034 3603 4102 τῷ

2041 4116 2358 4186 Βιρλαὰμὸ
2393 4115 2720 4178 ’Λκίνδυνος’
2786 4120 2881 4170 καὶ
2951 4118 3159 4187 μεταξὺ
3213 4121 3302 4173 διὰ
3359 4122 3604 4191 βραχέων

2042 4209 2321 4278 ἁνασκευὴ
2339 4209 2446 4262 τῶν
2469 4208 2797 4279 ἀμφοτέρων
2816 4210 3124 4278 δογμάτων.
3148 4213 3233 4268 I8.
3263 4212 3604 4267 Demonstra—

2044 4303 2116 4356 tio
2141 4301 2378 4369 pluribus
2408 4302 2573 4370 facta.
2621 4302 2758 4371 quod
2811 4303 3114 4373 Acindynus
3160 4322 3277 4357 cum
3311 4305 3599 4359 Barlaamo

2044 4393 2353 4458 consentiat,
2382 4402 2431 4447 et
2455 4395 2635 4463 paucis
2688 4395 2823 4448 inter
2851 4396 2960 4449 lucc
3011 4397 3263 4463 refutatio
3297 4400 3602 4469 dogmata»:

2044 4485 2332 4554 utriusque.

2118 4594 2204 4650 ιθ⁹.
2240 4595 2364 4649 Ὀτι
2394 4593 2452 4646 τὸ
2475 4594 2551 4664 μὴ
2580 4596 2769 4663 κτιστῇ
2807 4593 3032 4663 δυνάμει
3063 4595 3401 4666 καθορᾶσθαι
3436 4618 3607 4668 πεφυ-

2047 4688 2163 4751 κὸς,
2186 4686 2307 4740 οὐδὲ
2340 4685 2576 4740 κτιστόνο
2603 4688 2697 4739 καὶ
2727 4685 2801 4745 ὡς
2825 4688 2888 4739 ἐκ
2916 4685 3023 4738 τῶν
3063 4690 3191 4757 περὶ
3223 4690 3383 4742 αὐτὸν
3439 4692 3606 4758 ὁρῶσι

2044 4781 2137 4834 τὸν
2154 4780 2286 4834 Θεὸν
2310 4780 2401 4832 καὶ
2418 4780 2467 4831 οἱ
2506 4781 2571 4848 τῇ
2620 4780 2848 4849 δυνάμει
2874 4778 2968 4833 τοῦ
2988 4778 3301 4848 ῐῐνεύματος
3347 4782 3605 4850 ὁρῶντες.

2051 4873 2137 4927 l9.
2174 4872 2329 4938 Quod
2361 4872 2494 4925 illud
2523 4873 2661 4940 quod
2687 4889 2718 4924 a
2767 4880 2941 4925 creata
2984 4872 3237 4938 facultate
3284 4874 3447 4927 rideri
3505 4893 3607 4929 non

2046 4974 2232 5035 potest,
2266 4973 2499 5017 creatum
2530 4980 2628 5015 non
2658 4965 2829 5026 sit;et
2861 4964 2996 5031 quod
3041 4964 3080 5014 ii
3099 4966 3187 5029 qui
3214 4967 3402 5018 virtute
3435 4966 3608 5035 ,κ’ρὶιὶ-

2049 5066 2132 5111 tus
2164 5054 2323 5108 Deum
2358 5054 2550 5118 vident,
2589 5070 2654 5107 ex
2684 5056 2747 5107 iis
2779 5070 2893 5123 qua:
2925 5056 3064 5108 circa
3089 5055 3236 5109 illum
3256 5069 3377 5111 sunt
3430 5061 3602 5127 ipsum

2049 5152 2271 5203 videant.

2117 5241 2166 5289 κ’
2207 5235 2493 5288 Ὀτιοὺὃὲν
2519 5235 2626 5286 τῶν
2657 5234 2930 5304 αἰσθητῶν
2955 5235 3013 5286 τὸ
3039 5238 3387 5308 περιλάμψαν
3417 5240 3475 5289 ὲν
3499 5238 3604 5288 91-

2048 5325 2163 5397 6ὼρ
2196 5326 2317 5389 τοὺς
2335 5326 2666 5387 ἀποστόλους
2700 5326 2835 5393 φῶς.
2860 5325 2948 5379 ΞΟ.
2978 5326 3128 5390 Quod
3151 5329 3319 5382 lumen
3345 5329 3606 5395 apostolos

2049 5419 2321 5472 illustrans
2341 5418 2395 5470 in
2419 5416 2625 5469 Tliabor
2655 5432 2755 5470 non
2770 5433 2832 5470 ex
2849 5433 3018 5470 rerum
3042 5417 3366 5470 sensibilium
3394 5432 3607 5468 numero

2050 5512 2232 5580 fuerit.

2119 5597 2227 5654 xa'.
2259 5600 2462 5668 ’Ὑμνος
2489 5600 2567 5662 εἰς
2600 5597 2729 5652 αὐτὸ
2750 5597 2810 5650 τὸ
2840 5595 2975 5665 φῶς,
3006 5596 3096 5649 καὶ
3126 5595 3196 5654 ὡς
3237 5592 3429 5661 ἁνυψοῖ
3451 5592 3608 5646 τοῦτο

2051 5691 2144 5744 καὶ
2175 5691 2239 5743 τὰ
2261 5689 2528 5753 ταπεινῶς
2580 5688 2889 5759 γεγράφθαι
2936 5686 3061 5753 περὶ
3098 5680 3262 5734 αὐτοῦ
3312 5679 3596 5734 δοκοῦντα.

2055 5785 2139 5838 2|.
2190 5781 2423 5853 Hymnus
2449 5784 2498 5835 in
2532 5783 2662 5835 illud
2696 5784 2859 5849 ipsum
2907 5778 3098 5842 lumen,
3155 5785 3205 5829 ct
3258 5774 3395 5843 quod
3439 5775 3609 5843 ipsum
