4180 6308
609 372 715 440 827

685 506 740 542 ια
761 529 773 541 .
795 484 931 556 Περὶ
957 485 1057 554 τῆς
1089 483 1230 539 κατά
1260 482 1385 537 νοῦν
1416 480 1634 552 σχολῆς,
1667 478 1890 533 καὶτῶν
1925 478 2032 531 ἀπὸ
2057 477 2188 529 τού-

612 597 712 650 της
746 578 1108 647 τικτομένωνο
1137 578 1194 629 ἐν
1226 569 1270 644 ᾧ
1301 575 1395 628 καὶ
1427 574 1557 644 περὶ
1598 572 1743 625 θείου
1796 571 1960 625 πάλιν
2017 586 2188 637 φωτι-

613 673 779 744 σμἰῦ,
807 671 900 725 καὶ
926 668 1049 722 ὅθεν
1075 668 1141 722 ἄν
1170 684 1251 729 τις
1283 667 1724 736 τεκμηριώσαιτο
1754 663 1882 724 τοῦς
1912 660 2189 728 κεκτημέ-

611 783 758 828 νους.
790 764 877 816 Η.
910 761 984 816 De
1016 761 1124 815 otio
1161 759 1403 825 mentali,
1442 769 1493 812 et
1532 759 1595 810 de
1628 757 1693 811 iis
1724 772 1841 826 quis
1871 754 1994 808 inde
2021 751 2186 820 pro/i-

613 858 932 912 ciscnntur:
969 854 1058 907 ubi
1122 856 1312 907 iterum
1340 851 1405 905 de
1439 849 1624 904 divina
1678 847 2091 911 illuminatione,
2140 852 2190 899 et

614 946 756 1001 unde
811 944 1055 1016 cognosci
1080 944 1285 1013 possint
1305 943 1395 1014 qui
1428 942 1582 995 illam
1602 939 1858 995 obtinent.

692 1037 778 1094 ιϐ’.
813 1036 937 1093 Ὀτι
960 1037 1054 1090 καὶ
1086 1035 1323 1105 πονηρὸν
1379 1028 1521 1086 εἶναι
1572 1032 1829 1100 πειρᾶται
1860 1028 2137 1082 δεικνύναι
2168 1027 2196 1079 6

628 1130 936 1193 Ἀκίνδυνος
958 1130 1019 1182 τὸ
1049 1129 1165 1197 φῶς
1195 1128 1294 1196 τῆς
1327 1126 1419 1180 τοῦ
1453 1125 1660 1196 Κυρίου
1692 1121 2193 1193 μεταμορφώσεως,

618 1224 714 1276 καὶ
764 1224 890 1285 τοὺς
943 1219 1018 1291 μὴ
1064 1219 1224 1273 τοῦτο
1283 1217 1523 1271 τοιοῦτον
1578 1215 1859 1285 οἰομένους
1933 1212 2197 1282 ἀπείρους

612 1312 757 1368 ἐἶναι
783 1331 917 1384 φησι
947 1312 1046 1375 τῆς
1079 1310 1355 1381 ἀπλανοῦς
1414 1306 1797 1379 φωτοφανείας
1864 1305 1958 1359 καὶ
2010 1322 2196 1376 παρα·

621 1408 889 1476 κλήσεως·
923 1406 950 1458 ὁ
982 1404 1027 1457 δ’
1049 1404 1318 1474 ἡμέτερος
1334 1402 1493 1470 λόγος
1527 1401 1667 1455 θεῖόν
1681 1417 1740 1453 τε
1768 1398 1843 1462 ὡς
1866 1397 2080 1469 ἀληθῶς
2105 1400 2198 1451 καὶ

621 1497 762 1568 ὑπὲρ
788 1497 887 1566 τὴν
920 1494 1168 1564 ἀπλανὴν
1222 1494 1341 1564 (sic)
1405 1492 1599 1561 κλῆσιν
1638 1488 1780 1545 εἶναι
1847 1489 2086 1544 δείκνυσι
2137 1488 2198 1542 τὸ

620 1590 765 1643 θεῖον
804 1591 940 1658 φῶς.
991 1587 1077 1642 l2.
1138 1587 1289 1653 Quod
1317 1588 1625 1657 Acindynus
1688 1584 1862 1638 lumen
1894 1583 2190 1653 trans/igu-

624 1682 848 1734 rationis
878 1680 1090 1733 Domini
1142 1678 1341 1732 malum
1378 1694 1487 1732 esse
1538 1678 1906 1731 demonstrare
1954 1684 2195 1739 conetur,

619 1780 668 1822 et
698 1787 784 1823 eos
810 1772 899 1840 qui
929 1768 1062 1823 illm!
1093 1786 1196 1822 non
1227 1768 1332 1822 tale
1365 1783 1476 1821 esse
1506 1775 1719 1837 putant,
1784 1768 2054 1835 imperitos
2089 1782 2200 1820 esse

619 1864 761 1915 dicat
817 1877 996 1916 errore
1070 1875 1249 1914 vacuae
1310 1860 1710 1914 illustrationis.
1760 1858 1826 1912 At
1878 1868 1987 1913 vtce
2050 1874 2199 1913 versa

617 1972 789 2009 sermo
817 1967 993 2010 noster
1024 1972 1139 2010 vere
1169 1955 1408 2008 divinum
1462 1963 1512 2008 et
1550 1955 1831 2025 plusquam
1886 1970 2071 2009 errore
2111 1970 2200 2008 va-

620 2065 774 2103 cuum
797 2049 1063 2108 eiusmodi
1089 2048 1326 2102 divinum
1353 2063 1467 2102 esse
1494 2048 1846 2101 demonstrat.

696 2146 786 2207 ιγ’.
815 2140 942 2193 Ὅτι
972 2141 1223 2210 ἀφρόνως
1265 2140 1293 2192 6
1334 2139 1639 2201 Ἀκίνδυνος
1684 2141 1777 2193 καὶ
1804 2140 1861 2193 τὸ
1911 2140 2203 2194 ἱδιαίτατον

617 2230 812 2285 ἑαυτοῦ
847 2230 962 2299 φῶς
991 2232 1123 2302 όρᾷν
1152 2247 1286 2301 φησι
1332 2231 1425 2284 τὸν
1482 2230 1548 2285 δι’
1586 2231 1790 2301 ἀρετῆς
1843 2230 2202 2301 κεκαθαρμέ-

621 2338 713 2372 νον
743 2318 868 2373 νοῦν
922 2321 1094 2391 χωρὶς
1142 2319 1288 2374 θείου
1346 2319 1652 2390 φωτισμοῦ,
1702 2321 1797 2373 καὶ
1835 2320 2198 2383 κακοϐιύλως

623 2412 824 2481 μᾶλλον
852 2411 951 2481 τὴν
989 2411 1159 2480 ἄλλην
1194 2413 1295 2483 τῆς
1346 2412 1526 2483 ψυχῆς
1582 2412 1935 2482 παράκλησιν
1987 2416 2196 2481 ἐκφεύ-

621 2521 741 2572 γειν
762 2502 922 2556 τοῦτο
943 2506 1216 2574 παραινεῖ.
1249 2505 1336 2559 15.
1365 2503 1521 2569 Quod
1549 2503 1710 2557 stulte
1744 2504 2052 2575 Acindynus
2084 2521 2205 2559 eum

617 2597 710 2667 qui
748 2613 840 2665 per
869 2598 1116 2651 virtutem
1147 2606 1432 2667 purgatam
1449 2595 1607 2649 habet
1637 2605 1884 2657 mentem.
1917 2600 2194 2666 proprium

617 2691 720 2744 sibi
776 2692 954 2746 lumen
1005 2690 1177 2746 videre
1232 2691 1310 2745 ait
1376 2692 1491 2744 sine
1529 2691 1706 2745 divina
1763 2690 2200 2759 illuminatione;

627 2784 753 2851 quin
811 2783 974 2837 etiam
1021 2798 1187 2852 pravo
1249 2782 1472 2838 consilio
1510 2798 1717 2837 omnem
1788 2783 1954 2836 aliam
2011 2785 2209 2840 anima:

619 2875 1029 2930 consolationem
1050 2876 1232 2947 fugere
1259 2877 1527 2932 hortatur.

698 2966 782 3021 ιδ’.
817 2967 943 3020 Ὅτι
967 2966 1027 3034 ἐξ
1055 2960 1130 3021 ὢν
1178 2966 1273 3021 νῦν
1323 2966 1481 3030 αὖθις
1509 2971 1537 3023 ὁ
1584 2969 1748 3032 αύτός
1801 2985 1956 3037 φησι,
1995 2971 2204 3030 πάντας

618 3058 746 3121 τοὺς
775 3057 869 3111 ἀπ’
892 3057 1089 3122 αἰῶνος
1132 3064 1226 3113 καὶ
1261 3062 1547 3130 προῳήτας
1597 3061 1692 3113 καὶ
1741 3061 2076 3121 ἀποστόλους
2109 3061 2206 3113 καὶ

620 3150 896 3220 Πατέρας,
929 3152 1022 3206 καὶ
1058 3152 1340 3223 μάρτυρας
1392 3153 1846 3222 πεπλανημένους
1910 3148 2052 3207 εἶναι
2108 3153 2206 3206 καὶ

623 3241 935 3311 μεμηνότας
989 3243 1018 3296 6
1046 3241 1211 3306 τάλας
1235 3243 1549 3313 ἀποφαίνει.
1589 3244 1675 3299 14.
1712 3242 1864 3309 Quod
1890 3259 1954 3297 ex
1988 3243 2053 3297 iis
2090 3259 2208 3313 quae

624 3350 835 3387 rursum
860 3335 1011 3400 dicit,
1042 3351 1216 3390 omnes
1263 3353 1296 3390 a
1338 3336 1533 3391 saeculo
1571 3336 1873 3405 prophetas,
1919 3333 2206 3404 apostolos,

624 3425 817 3481 Patres
841 3436 889 3481 et
914 3437 1169 3500 martyres
1197 3428 1251 3482 in
1286 3443 1460 3482 errore
1499 3437 1548 3482 et
1582 3427 1811 3498 furiosos
1860 3427 2023 3498 fuisse
2046 3427 2205 3481 miser

622 3520 713 3572 ille
742 3518 1002 3573 declarat.

700 3618 783 3664 ιε’.
819 3612 938 3666 Ὀτι
970 3611 1145 3665 καὶτὸ
1173 3611 1271 3682 τῆς
1312 3611 1406 3665 τοῦ
1471 3611 1677 3683 Κυρίου
1734 3610 2206 3684 ενανθρωπήσεως

1837 362 2222 426 GREGORII
2265 359 2585 421 PAL.\M.E

3766 356 3878 421 82%

2296 474 2555 538 πίστεως,
2588 473 2704 529 ἀλλ’
2760 472 2861 526 οὐκ
2918 470 3247 538 ἀποδείξεώς
3313 472 3419 524 είσι
3481 470 3729 542 ῥήματα.
3772 473 3877 527 ὅσα

2294 568 2421 637 παρ’
2443 569 2599 637 ἡμῶν
2624 567 2744 636 περί
2766 583 2824 619 τε
2847 565 2955 619 τῶν
2971 563 3322 634 προφητικῶν
3345 564 3636 633 θεαμάτων
3659 566 3755 619 καὶ
3782 564 3878 620 τοῦ

2296 662 2439 714 θείου
2467 661 2685 728 λέγεται
2735 659 2935 727 φωτός.
3002 659 3093 712 l5.
3123 658 3278 724 Quod
3294 658 3459 711 etiam
3482 659 3658 726 ipsum
3684 660 3877 714 divina:

2294 752 2686 808 Incarnationis
2719 753 3027 822 mysterium
3049 750 3424 814 calumnietur,
3459 751 3659 816 Corpus
3713 753 3872 808 Chrio

2296 846 2366 899 sti
2394 846 2687 915 symbolum
2740 845 2956 898 luminis
3018 859 3130 898 esse
3177 844 3378 903 dicens.
3435 845 3880 913 quemadmodum

2296 946 2346 991 et
2379 936 2679 991 columbam
2739 935 3000 1004 Baptista:
3049 936 3217 989 visam
3263 935 3560 1005 symbolum
3617 935 3876 1002 Spiritus.

2300 1030 2433 1085 Item
2464 1030 2700 1093 docetur,
2745 1044 3085 1099 qua’cumque
3132 1026 3286 1081 verba
3337 1043 3369 1080 a
3418 1028 3568 1080 nobis
3630 1031 3883 1083 dicuntur

2298 1123 2437 1176 circa
2464 1121 2792 1189 propheticas
2838 1121 3061 1174 visiones
3095 1127 3143 1172 et
3203 1118 3439 1172 divinum
3492 1119 3689 1185 lumen,
3740 1122 3874 1191 ﬁdei

2298 1229 2410 1268 esse
2426 1222 2475 1267 et
2508 1230 2611 1267 non
2644 1213 3150 1268 demonstrationis.

2376 1305 2474 1371 ις’.
2509 1307 2636 1360 Ὀτι
2694 1305 2955 1375 μανιώδει
2992 1306 3169 1378 πλάνῃ
3198 1307 3428 1377 κάτοχός
3460 1308 3606 1359 ἐστιν
3656 1308 3886 1370 εἰκότως

2301 1400 2485 1463 αὐτὸς,
2512 1399 2581 1471 ἣν
2611 1401 2868 1468 ἀνωτέρω
2896 1398 3003 1451 τῶν
3033 1400 3312 1470 θεοφᾶρων
3361 1398 3758 1466 κατεψεύσατο.
3796 1400 3884 1454 16.

2302 1493 2457 1557 Quod
2469 1493 2677 1562 furiasi
2706 1493 2902 1545 erroris
2934 1507 3049 1544 vere
3073 1508 3191 1545 reus
3233 1490 3324 1545 ille
3352 1493 3441 1555 sit,
3483 1508 3632 1561 quem
3668 1492 3889 1559 deiferis

2303 1583 2556 1638 Patribus
2578 1601 2740 1653 supra
2767 1585 3087 1637 mendaciter
3114 1586 3384 1652 ascripsit.

2378 1673 2514 1728 Huic
2549 1661 2738 1728 ultimo
2790 1674 2951 1741 capiti
2986 1673 3212 1726 adnexu:
3266 1686 3388 1728 snnt
3442 1674 3563 1729 dum
3630 1661 3887 1745 Gregorii

2304 1766 2568 1837 epistol-.P.
2636 1766 2818 1820 Prima
2891 1761 2979 1821 es’t
3008 1766 3086 1835 τῷ
3153 1767 3562 1838 τιμιωτάτῳὲν
3633 1772 3892 1838 μοναχοίς

2305 1859 2562 1929 Δαμιανῷ
2592 1858 2669 1929 τῷ
2693 1859 2987 1928 φιλοσόφῳ.
3021 1858 3194 1927 Hujus
3223 1861 3436 1915 initium
3476 1876 3604 1916 ess:
3655 1864 3890 1936 Ἢνέχθη

2305 1952 2635 2020 πολλαχόθεν
2665 1952 2733 2004 τὰ
2763 1953 2855 2005 τοῦ
2884 1951 3196 2006 Ἀκινδύνον
3224 1955 3361 2022 πρδς
3390 1956 3541 2024 ἡμᾶς
3603 1958 3892 2027 συγγράμ-

2309 2062 2453 2115 ματα
2483 2051 2589 2098 clo.
2618 2043 2710 2097 l'ol.
2745 2043 2864 2098 196.
2902 2060 3082 2100 verso.
3107 2045 3290 2100 Altera
3317 2047 3455 2116 πρὸς
3510 2047 3601 2100 τὸν
3664 2049 3891 2102 εὐσεϐέ-

2307 2153 2496 2189 omne
2531 2138 2586 2187 έν
2618 2139 2871 2207 μοναχοῖς
2901 2136 3068 2207 κυρδν
3105 2136 3418 2200 Διονύσιον,
3456 2139 3671 2193 Initium
3708 2159 3721 2194 :
3759 2142 3891 2211 Τρι-

2306 2230 2380 2281 ῶν
2414 2228 2582 2281 ὄντων
2644 2228 2752 2282 τῶν
2791 2228 2890 2300 τῆς
2950 2227 3143 2293 ὰθεῖας
3190 2230 3267 2294 ὡς
3310 2233 3489 2284 εἰπεῖν
3556 2233 3726 2301 γενῶν
3780 2245 3890 2290 etc.

2308 2320 2554 2387 ful.204.

2381 2413 2640 2493 Sequitur
2709 2414 2910 2470 deinde
2959 2412 3175 2478 ἕκθεσις
3195 2415 3291 2470 τοῦ
3346 2417 3456 2470 τῶν
3504 2418 3765 2489 Βαρλαάμ
3796 2421 3894 2473 καὶ

2319 2507 2626 2562 Ἀκινδύνου
2642 2506 2874 2576 δυσσεϐη
2884 2508 3068 2575 μάτων
3085 2508 3374 2563 ἀλλοκότου
3394 2510 3654 2576 πληθύος.
3686 2511 3738 2567 ΙιΙ
3762 2522 3845 2566 est
3872 2529 3890 2566 :

2308 2590 2584 2665 Expositio
2633 2603 2908 2662 stupenda:
2976 2600 3335 2655 multitudinis
3374 2603 3705 2672 intpietatum
3751 2604 3885 2657 Bar-

2308 2692 2548 2748 [nuntiet
2580 2691 2865 2761 Acindyni.
2921 2691 2992 2747 Ibi
3027 2692 3282 2749 videlicet
3335 2709 3559 2750 errores
3603 2695 3892 2751 Bmluaum

2316 2797 2369 2841 cl
2429 2784 2720 2856 Acindyno
2783 2782 3048 2852 adscripti
3107 2785 3379 2855 capitibus
3426 2786 3487 2841 Η
3548 2801 3891 2856 exponuntur

2306 2876 2695 2947 sigillatimque
2741 2875 3087 2944 rejiciuntur.
3120 2875 3342 2932 Initium
3376 2888 3460 2933 cst
3494 2898 3507 2931 :
3568 2879 3887 2935 Ἀποϐαλλό-

2313 2967 2453 3039 μεθα
2480 2968 2579 3036 τὴν
2610 2964 2987 3036 ἀσεϐεστάτην
3017 2967 3308 3023 ἀλλόκοτον
3367 2968 3582 3038 πληθὺν
3637 2970 3745 3023 τῶν
3794 2972 3892 3025 τοῦ

2308 3060 2579 3129 Βαρλαὰμ
2647 3058 2742 3110 καὶ
2826 3057 3140 3113 ’Δκινδύνου
3218 3060 3536 3126 κακοδόξων
3600 3061 3891 3134 δογμάτων

2309 3167 2417 3212 etc.
2452 3155 2548 3211 fol.
2573 3154 2701 3207 ΞΗ.

2381 3249 2643 3305 Codiccm
2673 3249 2910 3319 denique
2941 3247 3149 3302 claudit
3193 3248 3437 3318 ejusdem
3474 3248 3723 3321 Gregorii
3775 3250 3887 3303 vita

2312 3360 2410 3414 per
2434 3342 2777 3398 Philntlieum
2813 3340 3208 3412 patriarcliam.
3246 3340 3498 3394 Φιλοθέου
3531 3343 3623 3396 τοῦ
3651 3341 3889 3410 ἁγιωτά-

2304 3456 2399 3493 του
2434 3437 2530 3491 καὶ
2562 3434 2941 3505 οἱκουμενικοῦ
2968 3435 3308 3505 πατριάρχου
3336 3434 3496 3504 λόγος
3520 3437 3892 3504 ἐγκωμιαστι-

2306 3533 2399 3594 κδς
2428 3532 2508 3593 είς
2540 3531 2632 3583 τὸν
2664 3529 2778 3598 βίον
2800 3527 2892 3581 τοῦ
2923 3528 2981 3580 ὲν
3017 3528 3195 3596 ἁγίοις
3228 3528 3440 3598 Πατρος
3471 3529 3631 3597 ἡμῶν
3672 3528 3892 3598 Γρηγο-

2314 3619 2427 3688 ρίου
2462 3616 2906 3688 ἀρχιεπισκόπου
2947 3616 3371 3686 Θεσσαλονίκης.
3433 3617 3655 3672 Initium
3693 3637 3707 3673 :
3740 3618 3889 3688 Γρη-

629 3704 928 3774 μυστήριον
956 3703 1255 3770 διαϐάλλει,
1284 3704 1346 3757 τὸ
1362 3703 1521 3773 σῶμα
1556 3703 1651 3758 τοῦ
1675 3703 1913 3775 Χριστοῦ
1938 3704 2207 3775 σύμϐολον

625 3789 765 3844 εἶναι
814 3792 988 3861 λέγων
1016 3796 1214 3863 φωτὸς,
1240 3793 1317 3858 ὡς
1345 3796 1445 3864 τὴν
1464 3795 1785 3865 έωραμένην
1815 3794 1894 3864 τῷ
1914 3795 2195 3866 Βαπτιστῇ

624 3887 955 3955 περιστερὰν
993 3886 1262 3949 σύμϐολον
1291 3887 1384 3941 τοῦ
1418 3884 1736 3954 Πνεύματος
1758 3903 1774 3921 ο
1816 3889 1874 3941 ὲν
1905 3880 1950 3955 ᾧ
1978 3888 2075 3942 καὶ
2102 3888 2186 3941 ὅτι

2307 3711 2490 3782 γόριος
2523 3708 2624 3781 μὲν
2663 3709 2692 3761 ὁ
2718 3711 2893 3779 μέγας
2929 3708 3292 3780 πανηγύρεως
3333 3709 3593 3774 ὑπόθεσις
3635 3718 3739 3765 etc.
3789 3707 3891 3764 τοι.

2306 3804 2435 3858 215.

698 4025 883 4081 Codex
915 4023 1104 4092 XCIX,
1136 4026 1263 4080 olim
1296 4026 1502 4091 CCXV,
1529 4022 1907 4100 bomlujcinus,
1941 4029 2038 4082 XV
2066 4031 2272 4096 saeculi,
2310 4029 2563 4085 folioru-u
2594 4027 2719 4082 I82.
2757 4025 2913 4081 Initio
2944 4025 3087 4081 hanc
3145 4035 3331 4082 notam
3365 4027 3584 4096 prmfert
3621 4045 3632 4080 :
3667 4025 3887 4078 Βιϐλίαν

624 4120 732 4173 τῶν
766 4119 1186 4189 κατηχουμένων
1234 4120 1331 4190 τῆς
1360 4121 1510 4186 θείας
1541 4124 1633 4176 καὶ
1697 4124 1850 4194 ἱερᾶς
1876 4123 2085 4192 λαύρας
2135 4123 2229 4177 τοῦ
2286 4124 2443 4192 ἁγίου
2486 4121 2643 4192 ὅρους
2688 4121 2782 4174 καὶ
2812 4118 3130 4173 Ἀθανασίυυ
3184 4121 3399 4192 Πατρὸς
3447 4119 3624 4190 ἡμῶν.
3693 4121 3751 4175 ld
3783 4130 3893 4185 est,

626 4213 781 4267 Liber
804 4212 1287 4268 catechumenorum
1324 4216 1516 4270 diviutv
1553 4233 1617 4271 ac
1638 4234 1810 4272 sacrae
1871 4220 2037 4272 (aurae
2066 4219 2235 4271 sancti
2261 4219 2456 4271 montis
2493 4214 2681 4284 (ΑιΙιο)
2724 4224 2773 4268 et
2808 4214 2994 4269 Patris
3044 4217 3212 4270 nostri
3233 4215 3542 4269 Athanasii.
3568 4214 3635 4267 Et
3667 4216 3718 4268 in
3746 4218 3847 4270 line
3874 4235 3893 4271 :

626 4299 759 4358 ’Ὧδε
785 4309 976 4376 εἴληφε
1022 4310 1201 4378 τέρμα
1239 4311 1300 4363 τὺ
1330 4309 1501 4380 παρὸν
1533 4308 1737 4380 βιϐλίον
1760 4310 1849 4363 διὰ
1869 4309 2050 4379 χειρὸς
2077 4307 2328 4362 Φιλοθέου
2365 4307 2600 4379 μοναχοῦ
2634 4305 2730 4359 τοῦ
2764 4307 2827 4359 ἐκ
2852 4307 3259 4362 Κωνσταντίνου
3283 4309 3512 4370 πόλεως.
3542 4290 3705 4364 Μ’θει
3738 4326 3752 4363 :
3793 4307 3897 4361 Hic

628 4404 785 4472 ﬁnem
836 4405 1033 4473 accepit
1064 4407 1160 4457 iste
1198 4404 1328 4457 liber
1354 4422 1447 4472 per
1472 4421 1685 4457 manum
1720 4403 1983 4458 Philuthei
2015 4405 2259 4459 monachi
2296 4421 2362 4459 ea;
2428 4404 2557 4457 urbe
2605 4401 3090 4471 Constantinopoli.
3161 4403 3255 4458 Est
3288 4413 3472 4458 autem
3530 4413 3713 4460 tomus
3751 4403 3897 4458 alius

628 4514 852 4566 operum
882 4497 1126 4568 Gregorii
1162 4498 1401 4553 Palumzn
1436 4510 1625 4554 cantra
1659 4500 2028 4571 Acinalynu'n,
2058 4518 2197 4571 quor

2331 4499 2500 4555 Index
2539 4500 2773 4553 habetur
2799 4497 2957 4552 initio
2996 4515 3014 4553 :
3045 4498 3217 4566 Πίναξ
3250 4499 3344 4553 τοῦ
3366 4494 3623 4571 δευτέρου
3673 4501 3885 4572 βιϐλίου

629 4599 733 4643 ctc.
770 4588 823 4665 In
856 4603 963 4657 quo
991 4588 1276 4657 sequentia
1312 4588 1559 4651 Gregorii
1602 4580 1766 4651 onera
1798 4593 2154 4649 exhibentur.

701 4732 770 4788 α’.
802 4733 1098 4801 ’Λπολογία
1136 4731 1553 4804 διεξοδικωτέρα
1593 4735 1730 4806 πρὸς
1763 4738 1889 4801 τοὺς
1919 4738 2205 4808 οἰομένους

630 4826 724 4879 δύο
758 4825 1066 4879 δείκνυσθαι
1128 4826 1304 4890 θεοὺς,
1341 4826 1404 4878 ὲκ
1434 4826 1528 4879 τοῦ
1564 4831 1666 4898 τὴν
1702 4828 1950 4882 θεοποιὸν
2000 4831 2210 4899 δωρεὰν

631 4918 723 4972 τοῦ
760 4919 1071 4987 Πνεύματος
1123 4916 1191 4991 ἧς
1218 4920 1545 4990 ὑπέρκειται
1602 4922 1722 4975 κατ’
1752 4921 1943 4975 οὐσίαν
1994 4923 2022 4974 6
2048 4921 2203 4985 Θεὸς,

631 5013 729 5063 οὐκ
757 5013 1019 5081 ἀγένητον
1061 5011 1221 5080 μόνον
1251 5013 1466 5074 θέωσιν,
1498 5011 1774 5081 ἀλλάκπιαὶ
1824 5012 2057 5082 θεότητα
2100 5013 2207 5067 ὑπὸ

630 5101 739 5155 τῶν
760 5103 928 5167 ἁγίων
977 5103 1363 5173 ὀνομάζεσθαιο
1418 5103 1613 5174 ἢπερὶ
1673 5102 1839 5156 θείων
1885 5103 2205 5174 ἐνεργειῶν,

635 5196 726 5246 καὶ
750 5195 849 5262 τῆς
875 5194 1183 5258 κατόιύτάς
1213 5195 1501 5264 μεθέξεως.
1531 5197 1583 5248 1.
1638 5194 1895 5264 Apologia
1944 5195 2210 5263 prolixior

634 5287 884 5340 adversus
922 5303 1008 5340 eos
1031 5289 1120 5357 qui
1170 5298 1357 5356 putant
1385 5287 1517 5339 duos
1551 5287 1756 5341 ostendi
1785 5286 1928 5350 deos,
1971 5288 2018 5341 si
2050 5285 2209 5354 deiﬁ-

636 5395 753 5432 cum
785 5378 979 5433 donum
1009 5378 1261 5450 Spiritus,
1291 5380 1377 5433 cui
1407 5377 1694 5432 secundum
1719 5377 2072 5432 substantiam
2118 5394 2210 5431 su-

636 5470 921 5536 pereminet
955 5469 1119 5533 Deus,
1152 5485 1254 5523 non
1286 5468 1458 5522 solum
1491 5484 1592 5521 non
1624 5468 1768 5537 facta
1799 5468 2092 5537 deiﬁcatio,
2122 5468 2212 5521 sed

636 5561 797 5614 etiam
822 5559 990 5614 deitas
1047 5576 1080 5614 a
1124 5559 1327 5614 sanctis
1361 5560 1696 5623 nominetur;
1748 5567 1843 5612 aut
1901 5559 1965 5613 de
2022 5559 2214 5613 divinis

639 5652 1054 5718 operationibus,
1083 5660 1133 5706 et
1165 5652 1229 5706 de
1259 5651 1670 5721 participatione
1700 5653 1989 5706 secundum
2042 5651 2211 5721 ipsas.

643 5741 861 5795 luitium
890 5759 905 5796 :
939 5743 1002 5797 El
1029 5743 1130 5813 μέν
1160 5743 1244 5806 τίς
1295 5746 1445 5796 ἐστιν
1475 5745 1500 5797 6
1535 5744 1670 5815 πρὶς
1723 5743 1991 5815 τοσαύτην
2022 5745 2219 5814 ἐκτρα-⁵

646 5833 766 5895 uel;
800 5831 1002 5903 τόλμαν
1029 5847 1133 5890 etc.
1170 5833 1281 5891 Fel.
1312 5834 1365 5890 2.

2332 4789 2342 4796 ,
2391 4736 2454 4807 β.
2486 4737 2621 4806 Περὶ
2647 4736 2793 4798 θείας
2820 4735 2916 4787 καὶ
2949 4730 3202 4787 θεοποιοῦ
3236 4734 3529 4803 μεθέξεως,
3561 4735 3593 4805 ἣ
3624 4736 3755 4805 περὶ
3795 4737 3892 4807 τῆς

2317 4831 2464 4892 θείας
2513 4828 2607 4882 καὶ
2654 4827 2969 4898 ὑπερφυοῦς
3021 4826 3343 4896 ἁπλότητος.
3374 4827 3429 4881 2.
3496 4826 3569 4881 De
3617 4829 3803 4881 divina
3837 4838 3894 4882 et

2316 4923 2503 4992 deiﬁca
2534 4920 2962 4988 participatione,
2999 4935 3089 4972 seu
3121 4919 3186 4971 de
3206 4919 3385 4973 divina
3415 4932 3459 4973 et
3494 4920 3893 4989 supernaturali

2316 5012 2678 5081 simplicitate.
2745 5009 2963 5063 Initium
2996 5026 3011 5063 :
3043 5011 3177 5080 Φέρε
3223 5010 3287 5080 δὴ
3345 5010 3643 5081 προθῶμεν
3679 5010 3773 5063 νῦν
3830 5010 3895 5061 τὸ

2317 5107 2421 5159 ὑπ’)
2454 5102 2782 5175 ἀμφοτέρων
2822 5100 3074 5172 φανερῶς
3131 5101 3425 5170 λεγόμενον
3474 5113 3582 5157 etc.
3647 5103 3764 5158 Fel.
3827 5103 3896 5156 19

2318 5209 2380 5248 VC
2390 5210 2495 5248 1⁸50.

2495 5372 2602 5427 Τοῦ
2650 5372 2812 5426 αὐτοῦ
2859 5371 3017 5442 λόγος
3092 5374 3299 5444 τρίτος,
3348 5374 3431 5427 ὅτι
3484 5374 3750 5444 Βαρλαάμ
3801 5375 3901 5426 καὶ

2330 5465 2641 5529 Ἀκίνδυνός
2681 5468 2819 5520 εἰσιν
2861 5467 2911 5520 oi
2941 5466 3354 5537 διχοτομοῦντες
3377 5465 3568 5530 κακῶς
3608 5461 3781 5528 ὅντ’ως
3800 5466 3902 5519 καὶ

2318 5556 2493 5618 ἀθέως
2522 5556 2602 5619 είς
2633 5555 2726 5609 δύο
2748 5556 2969 5619 ἀνίσους
2995 5556 3262 5628 θεότητας
3287 5556 3388 5626 τὴν
3410 5557 3583 5610 ἰιίαν.
3615 5557 3671 5611 3.
3728 5556 3902 5625 Ejus—

2321 5651 2436 5702 dem
2471 5648 2603 5703 liber
2637 5650 2845 5714 tertius,
2900 5649 3041 5720 quod
3070 5649 3329 5703 Barlaam
3396 5659 3445 5703 et
3505 5649 3814 5720 Acindynus
3853 5647 3903 5700 ii

2319 5746 2452 5804 sint,
2508 5743 2599 5809 qui
2632 5757 2794 5794 unam
2849 5743 3099 5796 deitatem
3141 5742 3197 5795 in
3240 5741 3373 5793 duas
3428 5756 3546 5794 vere
3605 5739 3906 5809 ina'quales

2319 5851 2587 5902 per-veram
2622 5844 2667 5890 ct
2698 5836 2857 5903 impie
2886 5835 3197 5890 diviserunt.
3254 5833 3469 5888 Initium
3507 5851 3519 5888 :
3550 5832 3685 5896 Ταῖς
3730 5847 3909 5885 men-
