4180 6308
361 384 473 453 8‘29

369 495 755 569 ματοκινήτοις
807 492 914 547 τῶν
940 491 1108 563 ἁγίων
1137 492 1395 565 Πατέρων
1429 492 1685 564 ἑπόμενοι
1736 492 1945 563 ψήφοις

366 602 474 644 etc.
503 586 621 641 Fol.
649 585 740 648 29,
765 598 948 638 verso.

436 677 502 731 δ’.
533 675 780 739 Διάλεξις
809 674 1092 741 ὀρθοδόξου
1129 676 1270 746 μετά
1336 675 1747 745 Βαρλααμίτου.
1772 674 1945 728 κατάο
2004 668 2007 673 ’

372 786 537 838 μερος
587 766 1038 832 ἀνασκευάζουσα
1103 769 1203 837 τὴν
1250 768 1661 839 Βαρλαοιμίτιδα
1713 768 1942 832 πλάνην.

368 860 428 916 4.
468 859 721 928 Dialogus
782 859 1059 913 orthodoxi
1116 875 1232 913 cum
1266 859 1624 921 Barlaamita,
1678 875 1780 928 quo
1810 858 1951 913 Bar-

368 949 673 1003 laamiticus
705 965 855 1003 error
894 951 1197 1004 minutatim
1227 951 1509 1020 refutatur.
1534 950 1748 1005 Initium
1774 967 1789 1005 :
1831 950 1953 1017 Ὀρ-

368 1044 602 1110 θόδοξος.
636 1045 846 1099 Μαθεῖν
875 1046 1176 1116 ἐϐουλόμην
1210 1047 1337 1117 παρ’
1376 1046 1531 1117 ὐμῶν
1582 1045 1692 1099 τῶν
1727 1043 1953 1113 ζητούνο

370 1154 482 1190 τιον
505 1137 599 1189 καὶ
629 1138 1065 1190 ἐπεκδικούντων
1089 1137 1156 1190 τὰ
1189 1136 1426 1207 λείψανα
1463 1147 1567 1192 etc.
1602 1136 1721 1191 Fol.
1747 1136 1837 1190 37.

444 1226 507 1280 ε’.
538 1226 645 1279 Τοῦ
669 1225 834 1279 αὐτοῦ
868 1226 1154 1298 ὀρθοδόξου
1195 1228 1505 1297 Θεοφάνους
1536 1227 1776 1291 διάλεξις
1806 1225 1949 1297 πρὸς

369 1316 461 1370 τὸν
495 1318 600 1370 ἀπὸ
624 1317 1020 1389 Βιρλααμιτῶν
1052 1319 1460 1388 ἐπιστρέψαντα
1492 1319 1781 1387 Θεότιμον.
1811 1320 1947 1373 Θεο-

372 1410 569 1477 φάνης,
600 1408 634 1480 ἢ
666 1410 797 1481 περὶ
839 1409 1092 1480 θεότητος
1122 1412 1217 1464 καὶ
1248 1410 1340 1464 τοῦ
1369 1413 1491 1464 κατ’
1551 1410 1719 1482 αὐτὴν
1747 1411 1949 1478 ἀμεθέ-

373 1519 503 1555 κτου
533 1520 593 1556 τε
620 1502 711 1555 καὶ
745 1501 1029 1572 μεθέκτου.
1058 1504 1110 1559 5.
1138 1503 1386 1571 Ejusdem
1441 1503 1723 1558 orthodoxi
1783 1503 1949 1558 Theo-

373 1594 567 1663 phanis
595 1594 838 1663 dialogus
863 1610 978 1647 cum
1004 1610 1062 1649 eo
1085 1595 1175 1664 qui
1201 1611 1263 1649 ex
1287 1593 1641 1649 Barlaamitis
1669 1611 1947 1650 conversus

376 1686 554 1754 fuerat
591 1682 883 1739 Theotimo.
914 1683 1251 1755 Theophanes
1280 1687 1383 1740 sive
1422 1687 1486 1740 de
1531 1687 1748 1746 deitate.
1807 1694 1856 1740 et
1882 1685 1948 1740 de

375 1792 437 1830 eo
470 1777 609 1847 quod
641 1793 743 1831 non
791 1776 1105 1845 participari
1154 1777 1232 1831 vel
1266 1778 1582 1846 participari
1612 1793 1678 1831 ex
1708 1776 1805 1831 illa
1855 1792 1948 1846 po-

378 1877 497 1921 test.
531 1868 745 1921 Initium
780 1884 795 1921 :
842 1866 1165 1936 Ἐπεσκέψω
1199 1868 1338 1921 κατά
1365 1867 1591 1920 σεαυτὸν
1620 1869 1942 1939 γενόμενος,

379 1959 575 2027 ἁδελφὲ
598 1958 827 2029 Θεότιμε
850 1969 956 2015 etc.
983 1957 1096 2015 Fnl.
1140 1959 1207 2014 58
1242 1974 1420 2017 verso.

454 2049 529 2115 ς’.
552 2049 851 2114 Ἀντίθεσις
880 2049 1013 2119 πρὸς
1037 2049 1073 2104 ἃ.
1095 2051 1391 2120 συνέθηκεν
1409 2052 1437 2103 6
1482 2052 1786 2117 Ἀκίνδυνος
1809 2052 1950 2107 κατά

379 2142 475 2195 τοῦ
508 2142 743 2210 Παλαμᾶ
767 2142 949 2212 δῆθεν,
980 2141 1057 2204 ὡς
1103 2142 1320 2212 ἀληθῶς
1365 2142 1421 2195 δὲ
1453 2143 1597 2197 κατά
1645 2145 1745 2214 τῆς
1791 2145 1949 2197 εὐσε-

382 2232 535 2296 ϐείας
565 2233 735 2302 αὐτῆς
768 2234 861 2286 καὶ
889 2232 995 2286 τῶν
1018 2232 1260 2286 εὐσεϐῶν
1283 2233 1541 2288 ἁπάντων
1565 2251 1581 2267 ο
1615 2235 1949 2303 ἐκληφθεῖσα

385 2324 537 2394 παρᾶ
565 2324 841 2393 διαφόρων
878 2324 973 2377 τοῦ
1023 2324 1259 2392 [Ιαλαμᾶ
1306 2324 1481 2392 λόγων
1516 2325 1608 2377 καὶ
1638 2328 1951 2393 περιστᾶσα

389 2415 603 2482 σαφῶς,
630 2415 713 2468 ὅτι
761 2414 831 2468 τά
856 2414 1010 2485 παρὰ
1058 2415 1155 2467 τοῦ
1213 2414 1523 2469 Ἀκινδύνου
1558 2415 1695 2486 πρὸς
1723 2433 1954 2483 συνηγο-

386 2506 513 2575 ρίαν
543 2504 745 2559 οἰκείαν
773 2506 837 2559 ἐκ
868 2505 976 2558 τῶν
1007 2506 1287 2575 πατρικῶν
1312 2504 1485 2569 λόγων
1514 2505 1610 2558 καὶ
1642 2506 1775 2575 παρ’
1830 2506 1956 2558 ἑαυ-

384 2596 479 2651 τοῦ
528 2595 942 2665 προϐαλλόμενα
1004 2595 1065 2648 οὐ
1116 2595 1542 2666 συνηγοροῦσιν,
1594 2594 1732 2648 ἀλλὰ
1782 2612 1954 2664 κατηο

385 2689 641 2759 γοροῦσιν
671 2687 856 2743 αὐτοῦ.
884 2685 939 2741 6.
976 2685 1262 2741 Antitltesis
1291 2696 1473 2739 contra
1501 2701 1562 2738 ea
1595 2701 1709 2755 quae
1729 2684 1959 2753 Acindy-

388 2800 488 2837 nus
522 2781 813 2851 composuit
842 2779 1092 2834 adversus
1133 2777 1434 2843 Palamam,
1455 2776 1544 2831 sed
1574 2792 1750 2831 revera
1772 2786 1956 2829 contra

388 2876 633 2944 pietatem
664 2874 828 2942 ipsam
884 2888 931 2925 et
962 2881 1148 2925 contra
1204 2872 1317 2940 pios
1374 2884 1576 2934 omnes,
1607 2874 1849 2935 excerpta
1893 2880 1960 2919 ex

392 2969 610 3020 diversis
671 2964 906 3018 Palamte
971 2963 1142 3026 libris,
1198 2973 1245 3016 et
1288 2960 1426 3015 clare
1473 2960 1839 3014 demonstrans
1890 2973 1953 3010 ea

357 3074 512 3139 -qua:
549 3057 610 3111 ab
642 3056 916 3126 Acindyno
947 3055 1015 3108 ad
1051 3054 1136 3108 sui
1183 3053 1540 3123 defensionem
1582 3049 1791 3119 prolata
1838 3058 1960 3102 sunt

398 3163 513 3202 tum
557 3165 619 3202 ex
648 3146 753 3203 SS.
794 3146 903 3200 PP.
936 3158 1047 3201 tum
1075 3161 1139 3200 ex
1165 3145 1332 3211 seipso
1381 3159 1483 3197 non
1518 3141 1668 3196 illum
1713 3155 1958 3210 purgare.

396 3240 490 3294 sed
531 3241 587 3293 in
625 3239 818 3292 crimen
886 3253 1092 3291 vocare.
1166 3235 1301 3289 Huic
1362 3233 1498 3287 libro
1545 3232 1955 3301 praemittuntur

400 3330 737 3400 singulorum
795 3332 1030 3398 capitum
1091 3334 1428 3397 argumenta,
1460 3339 1577 3394 quae
1613 3324 1700 3378 hic
1760 3322 1965 3378 exscri-

399 3424 576 3477 benda
608 3420 885 3475 duximus.
1564 3482 1570 3487 ι
1747 3411 1750 3414 ’

473 3515 553 3568 Ti
577 3515 892 3585 κατάμερος
918 3510 1012 3565 τοῦ
1041 3510 1204 3579 λόγου
1249 3508 1540 3578 κεφάλαια.
1600 3505 1749 3561 Libri
1791 3505 1965 3576 capita

402 3620 496 3672 per
520 3614 717 3673 partes.
1070 3608 1083 3618 ‘
1482 3588 1485 3591 ’

474 3703 545 3750 α’.
576 3696 698 3747 Ὀτι
725 3692 783 3759 ἐξ
826 3691 1158 3763 ἀμηχανίας,
1181 3694 1323 3745 κατά
1371 3688 1815 3761 τῆςρπιγραφῆς
1870 3684 1967 3757 μό-

403 3806 501 3857 νης
534 3787 563 3839 6
598 3785 901 3848 Ἀκὶνδυνος
931 3786 1273 3855 ἐπεχείρησεο
1307 3787 1402 3838 καὶ
1423 3783 1499 3846 ὼς
1531 3783 1589 3850 ἐξ
1615 3776 1690 3835 ὧν
1754 3779 1967 3834 ἐνταῦθ’

404 3875 560 3944 οὗτος
621 3878 844 3947 γράφει,
877 3877 1118 3946 διθεῖτης
1174 3874 1248 3930 ῶν
1290 3879 1384 3929 καὶ
1426 3873 1701 3944 Ἀρειανδς
1743 3870 1973 3938 ὑποφαί-

405 3989 581 4025 νεται.
624 3970 672 4026 Ι.
705 3966 861 4033 Quod
888 3984 1006 4021 cum
1035 3966 1180 4021 aliud
1211 3983 1314 4021 non
1344 3974 1539 4035 posset,
1577 3962 1970 4030 inscriptionem

406 4073 458 4118 et
494 4061 705 4115 titulum
731 4058 902 4113 solum
928 4039 1232 4129 Acindynus
1269 4071 1545 4127 aggressus
1592 4054 1697 4115 sit;
1738 4061 1788 4106 et
1826 4051 1970 4120 qttod

406 4169 475 4207 ex
505 4153 569 4206 iis
593 4166 707 4221 qua:
739 4147 966 4215 hoc‘loco
995 4149 1199 4213 scribit,
1236 4147 1456 4201 ditheita
1484 4154 1532 4199 et
1568 4142 1804 4197 Arianus
1834 4155 1975 4194 com-

405 4243 657 4315 probetur
684 4259 817 4299 esse.

482 4335 551 4403 β’.
584 4333 679 4386 Ἐκ
704 4332 814 4385 τῶν
841 4331 946 4385 ὐπὸ
975 4328 1070 4385 τοῦ
1100 4329 1334 4400 Παλαμᾶ
1356 4324 1809 4400 προϐεϐλημένων
1841 4338 1976 4393 μαρ-

406 4426 613 4496 τυριῶν
640 4424 704 4486 ἀς
731 4424 946 4487 πλάσας
998 4424 1297 4494 παρέλιπεν
1326 4423 1354 4473 6
1403 4418 1729 4478 Ἀκίνδυνος,
1763 4415 1971 4483 ὀλίγαι,

411 4514 544 4585 παρ’
593 4507 670 4569 ὧν
759 4513 959 4580 εὐσεϐῆ
1042 4510 1112 4564 τά
1190 4509 1285 4563 τοῦ
1387 4508 1623 4577 Παλαμᾶ
1703 4507 1975 4561 δείκνυται

412 4606 606 4661 καὶτὰ
659 4605 752 4659 τοῦ
797 4600 1102 4655 Ἀκινδύνου
1162 4597 1468 4663 κακοδόξως
1521 4598 1734 4668 ἔχοντα.
1783 4596 1839 4650 2.
1894 4592 1979 4648 Ex

414 4696 731 4751 testimoniis
774 4708 892 4764 qua:
965 4688 1218 4743 Patamas
1279 4689 1573 4758 protulerat
1602 4697 1652 4741 et
1717 4702 1832 4755 qua:
1885 4699 1979 4753 per

413 4785 890 4841 dissimulationem
940 4780 1348 4851 prtetermiscrat
1412 4777 1739 4847 Acindynus,
1809 4790 1980 4844 pauca

415 4878 732 4947 afferuntur,
768 4874 954 4940 quibus
1000 4873 1091 4939 pia
1138 4868 1423 4922 Palamam
1483 4868 1695 4929 sentire,
1735 4868 1970 4936 Acindy-

419 4974 547 5025 num
578 4983 695 5021 vero
720 4979 938 5036 pravam
967 4962 1104 5015 tueri
1150 4961 1446 5014 doctrinam
1476 4958 1892 5014 demonstratur.

490 5069 563 5130 γ’.
597 5062 809 5130 Ῥήσεις
836 5057 929 5112 τοῦ
970 5056 1282 5111 ’Δκινδύνου
1330 5055 1610 5109 δεικνῦσαι
1680 5054 1779 5125 τὴν
1816 5051 1983 5108 αὐτοῦ

418 5153 602 5219 δόξαν,
642 5152 737 5205 καὶ
767 5148 1069 5212 ἀντιθέσεις
1093 5146 1230 5217 πρὸς
1258 5146 1460 5209 ταύτας
1486 5145 1818 5214 Εὐνομιανὸν
1860 5143 1986 5197 τοῦ-

419 5261 514 5298 τον
545 5240 947 5311 ὲξελέγχουσαι·
991 5238 1090 5293 καὶ
1141 5226 1239 5291 ὅτε
1264 5240 1594 5307 προσωπείῳ
1633 5235 1983 5306 χρησάμενος

421 5332 504 5402 τῷ
537 5329 956 5401 Παλαμᾷ,κατὰ
994 5327 1091 5381 τοῦ
1132 5328 1268 5382 Θεοῦ
1312 5327 1405 5381 καὶ
1442 5326 1551 5379 τῶν
1588 5326 1759 5393 ἁγίων
1806 5322 1982 5393 κεχώ-

426 5442 620 5500 ρηκεν.
671 5424 727 5481 5.
776 5423 931 5477 Dicta
990 5421 1274 5491 Acindyni,
1315 5422 1505 5489 quibus
1557 5421 1671 5489 ejus
1744 5419 1986 5499 doctrina

424 5513 741 5579 ostenditur,
764 5522 810 5567 et
845 5513 914 5566 ad
949 5527 1011 5566 ea
1036 5511 1415 5580 responsiones,
1466 5509 1653 5580 quibus
1697 5506 1988 5561 Eunomia-

428 5626 531 5665 nus
561 5624 674 5662 esse
715 5609 977 5678 arguitur.
1016 5605 1088 5659 Et
1139 5605 1277 5670 quod
1333 5619 1607 5670 personam
1664 5601 1988 5672 praztendens

430 5695 692 5759 Palamae,
732 5703 915 5749 contra
949 5693 1110 5749 Deum
1134 5702 1182 5748 et
1198 5702 1408 5747 sanctos
1437 5691 1704 5757 procedat.

508 5783 580 5837 δ’.
614 5784 741 5837 Ὀτι
764 5785 791 5838 6
812 5781 1019 5846 πλάσας
1059 5781 1249 5852 ἑτέραν
1279 5780 1589 5851 ἐπιγραφὴν
1625 5779 1717 5834 ἐπὶ
1760 5778 1853 5834 τεῦ
1882 5778 1981 5835 αὐ-

1216 384 1531 446 ΟΡΕΒΙΙΜ
1564 384 2042 447 ARGUMENTA
2081 387 2184 448 EX
2210 386 2426 448 CODD.
2471 387 2791 449 COISLIN.

3503 388 3614 454 830

2060 497 2154 551 τοῦ
2187 497 2373 565 λόγου,
2404 496 2526 551 κατ’
2553 498 2721 566 αὐτῆς
2754 497 2917 553 πάλιν
2978 498 3140 563 αὐτὸς
3177 501 3365 571 χωρεῖ,
3411 501 3506 555 καὶ
3546 501 3615 556 δι’

2056 590 2231 659 αὐτῆς
2261 589 2405 643 κατὰ
2433 590 2543 643 τῶν
2568 590 2766 644 ἐνθέων
2798 590 3080 656 θεολόγων.
3122 593 3174 646 4.
3218 592 3371 657 Quod
3394 593 3618 646 alterunt

2050 680 2440 748 inscriptionem
2465 697 2554 735 seu
2586 681 2800 735 titulum
2825 683 2878 735 in
2903 682 3141 736 eumdem
3165 682 3362 736 librum
3395 684 3618 753 ﬁngens,

2053 782 2238 826 contra
2263 772 2415 826 illam
2438 773 2708 842 procedat,
2751 783 2798 828 et
2853 789 2943 842 per
2983 774 3136 827 illaut
3189 781 3376 827 contra
3412 752 3617 827 divinos

2056 866 2345 936 theologos.

2123 963 2185 1010 ε’.
2219 958 2342 1011 Ὀτι
2380 959 2448 1011 τά
2484 961 2835 1028 γενναιότερα
2864 956 3092 1011 πλεῖστα
3134 956 3483 1025 παραλιπὼν,
3520 959 3619 1026 ρη-

2057 1049 2254 1116 ματίου
2282 1045 2427 1109 τινὸς
2463 1048 2662 1102 ἔπειτα
2692 1047 2786 1101 τοῦ
2821 1046 3061 1116 Παλαμᾶ
3088 1046 3446 1116 μνημονεύει·
3484 1047 3620 1100 ἀλλὰ

1950 1172 1955 1177 ο
2053 1139 2150 1192 καὶ
2203 1138 2270 1191 δι’
2304 1138 2472 1191 αὐτοῦ
2525 1138 2706 1202 καλῶς
2775 1138 3064 1208 νοουμένου
3122 1137 3230 1191 πᾶν
3310 1137 3618 1191 Ἀκινδύνου

2052 1229 2397 1300 καθαιρεῖται
2456 1230 2518 1282 τὸ
2571 1232 2863 1299 φρύαγμα,
2911 1230 3197 1298 καθαιρεῖν
3242 1229 3619 1299 ἐγχειροῦντος

2054 1322 2223 1375 αὐτοῦ
2261 1323 2646 1393 φρενοϐλαϐῶς
2694 1323 2756 1376 τδ
2807 1324 3242 1394 τρισυπόστατον
3298 1323 3399 1390 τῆς
3432 1323 3617 1390 θεότη-

2053 1430 2165 1476 τος.
2192 1414 2245 1467 5.
2294 1412 2446 1478 Quod
2478 1416 2658 1468 multis
2709 1416 3165 1477 prtestantioribus
3224 1416 3613 1481 prwtermissis,

2054 1506 2294 1560 voculam
2345 1506 2628 1575 quamdant
2679 1505 2919 1560 Palamw
2967 1514 3234 1564 memoret.
3304 1522 3408 1575 qua
3454 1508 3615 1558 etiam

2051 1595 2209 1663 probe
2235 1595 2497 1649 intellecta
2528 1598 2686 1651 totius
2754 1596 3017 1664 Acindgni
3054 1596 3297 1664 fremitus
3355 1599 3418 1647 de
3448 1596 3616 1649 medio

2056 1685 2281 1749 tollitur,
2300 1703 2402 1756 quo
2434 1688 2627 1741 trinam
2674 1687 2890 1742 deitatis
2928 1687 3229 1757 hypostasin
3280 1698 3501 1740 evertere
3530 1688 3615 1739 in-

2053 1794 2181 1831 sane
2219 1789 2466 1831 conatur.

2122 1868 2197 1934 ς’.
2262 1870 2604 1941 Ἀντίρῤησις
2677 1869 2985 1924 Ἀκινδύνου
3045 1869 3182 1938 πρὸς
3238 1869 3300 1922 τδ
3352 1868 3621 1939 ῥημάτιον

2050 1962 2244 2027 ἐκεῖνο,
2280 1955 2347 2031 ἧς
2376 1961 2737 2032 ὲλεγχομένης
2764 1962 2862 2016 νῦν
2905 1962 3002 2028 μὲν
3040 1962 3276 2028 ⁸Ἄρειος,
3318 1959 3412 2012 νῦν
3445 1961 3502 2013 δὲ
3524 1961 3622 2012 Σα-

2050 2050 2256 2112 ϐέλλιος
2275 2043 2429 2113 οὗτος
2460 2050 2840 2119 ἀναφαίνεται,
2880 2051 3112 2113 πολλοὺς
3156 2049 3414 2123 δἰἄλλοτε
3440 2051 3618 2116 λέγων

2051 2143 2200 2205 υίούς
2232 2141 2366 2195 Θεοῦ
2397 2142 2490 2195 καὶ
2514 2141 2795 2211 πνεύματα
2813 2141 2879 2195 τὰ
2904 2141 3092 2198 πολλά.
3123 2141 3177 2196 ϐ.
3199 2139 3435 2209 Objectio
3461 2140 3625 2196 Acin-

2051 2234 2179 2304 dyni
2203 2241 2388 2286 contra
2415 2233 2651 2286 voculam
2672 2231 2845 2294 illam,
2876 2249 2980 2300 qua
3016 2232 3247 2301 refutatu
3277 2231 3430 2285 modo
3463 2231 3623 2285 Arius

2051 2325 2180 2393 ipse,
2205 2323 2357 2377 modo
2380 2321 2645 2377 Sabellius
2689 2338 2801 2376 esse
2856 2325 3273 2384 demonstratur,
3324 2338 3441 2375 cum
3465 2323 3627 2375 etiam

2051 2415 2262 2469 aliunde
2285 2413 2473 2467 multos
2495 2412 2631 2479 ﬁlios
2648 2413 2738 2466 Dei
2766 2424 2814 2467 et
2844 2414 3034 2467 multos
3065 2413 3283 2481 spiritus
3313 2428 3426 2466 esse
3455 2413 3620 2465 dicat.

2122 2507 2188 2571 ζ’.
2211 2504 2692 2576 Μαρτυρίαιιπαρὰ
2717 2505 2811 2557 τοῦ
2848 2505 3152 2558 Ἀκινδύνου
3180 2504 3625 2574 προϐεϐλημέναι

2052 2599 2160 2653 τῶν
2177 2598 2349 2667 ἁγίων
2368 2600 2506 2652 κατᾶ
2531 2597 2623 2651 τοῦ
2652 2597 2889 2664 Παλαμᾶ
2915 2596 3097 2666 δῆθεν,
3146 2598 3351 2659 αττινες
3375 2596 3628 2660 ἐξεταζό-

2058 2708 2219 2762 μεναι
2243 2693 2336 2743 καὶ
2371 2689 2660 2757 νοούμεναι
2684 2688 2867 2751 καλῶς
2896 2689 3154 2758 πρὸς-μὲν
3173 2688 3240 2739 τὰ
3265 2688 3359 2742 τοῦ
3392 2686 3629 2756 Παλαμα

2055 2781 2307 2850 οὐδαμῶς
2333 2780 2675 2835 ἀντικεῖσθαι
2714 2780 3043 2844 δείκνυνται,
3073 2780 3169 2831 τὸν
3220 2779 3276 2831 δὲ
3320 2777 3626 2831 ’Ᾱκίνδυνον

2058 2874 2338 2943 ἐλέγχουσι
2404 2873 2631 2936 πολλαῖς
2684 2871 2782 2925 καὶ
2825 2871 3028 2934 δειναῖς
3095 2872 3344 2943 αἱρέσεσι
3408 2869 3630 2942 περιπί-

2060 2987 2281 3027 πτοντα.
2315 2971 2368 3024 7.
2392 2968 2711 3024 Testimonia
2732 2975 3033 3022 sanctorum
3057 2965 3121 3020 ab
3148 2966 3416 3035 Acindyno
3442 2973 3628 3019 contra

2060 3058 2341 3114 Palamam
2371 3057 2601 3128 prolata,
2624 3072 2738 3126 quae
2773 3055 2821 3110 si
2844 3056 3215 3110 examinentur
3257 3066 3303 3109 et
3348 3055 3505 3123 probe
3536 3055 3624 3107 in-

2063 3150 2392 3220 telligantur,
2447 3150 2720 3203 sententia:
2770 3149 2979 3218 quidem
3025 3148 3264 3202 Palama:
3317 3146 3629 3200 nullatenus

2064 3257 2357 3313 repugnare
2410 3242 2723 3309 probantur,
2756 3240 3085 3310 Acindgnum
3136 3256 3255 3293 vero
3291 3247 3522 3309 arguunt
3574 3237 3633 3291 its

2063 3333 2261 3387 multas
2295 3346 2579 3402 gravesque
2606 3331 2828 3385 ltwreses
2856 3330 3127 3384 incidisse.

2134 3441 2205 3512 η’.
2251 3442 2549 3504 Ἀντίθεσις
2573 3439 2704 3509 παρ’
2739 3437 3073 3504 Ἀκινδύνου,
3099 3438 3196 3500 τὰς
3228 3438 3630 3500 ὲνυποστὰτους

2068 3536 2237 3605 μόνας
2276 3528 2414 3586 εἶναι
2433 3532 2685 3597 λέγοντος
2704 3530 2995 3593 ἀκτίστους
3034 3528 3342 3599 ἐνεργείας,
3373 3522 3440 3598 ἦς
3480 3527 3633 3594 ἐλεγ-

2067 3628 2304 3698 χομένης
2336 3626 2428 3678 καὶ
2484 3623 2697 3692 ’Δρείου
2734 3622 2932 3693 χείρων
2978 3622 3253 3677 δείκνυται
3317 3621 3506 3686 τελῶν,
3555 3620 3633 3684 ὡς

2054 3716 2166 3788 ’τὴν
2203 3718 2332 3781 μίαν
2387 3714 2497 3768 τῶν
2551 3713 2721 3783 τριῶν
2783 3712 3093 3783 προσώπων
3137 3712 3367 3782 θεότητα
3409 3710 3633 3779 κτιστὴν

2071 3807 2257 3861 ποιῶν.
2293 3806 2347 3861 8.
2390 3804 2626 3875 Objectio
2672 3805 2953 3875 Acindyni,
2982 3821 3084 3877 qua
3112 3804 3242 3859 dicit
3275 3804 3635 3874 hypostaticus

2071 3896 2242 3950 solum
2269 3897 2592 3962 operationes
2625 3897 2889 3950 increatas
2922 3911 3074 3961 esse;
3105 3895 3203 3949 illa
3242 3911 3360 3949 vero
3380 3895 3633 3964 refutata,

2071 3987 2205 4040 Aria
2239 3986 2388 4053 pejor
2411 3984 2727 4050 ostenditur,
2785 3994 2964 4055 utpote
3019 3986 3109 4053 qui
3153 4001 3313 4038 unam
3351 4000 3416 4038 ex
3468 3986 3640 4040 tribus

2072 4077 2310 4148 personis
2340 4076 2585 4129 deitatem
2625 4083 2858 4127 creatam
2886 4073 3071 4141 faciat.

2144 4189 2209 4243 θ’.
2243 4187 2593 4258 Ιῐαράστοισις
2620 4184 2678 4250 ἐξ
2711 4183 2890 4238 αὐτῶν
2928 4182 3135 4237 τούτων
3169 4184 3276 4237 τῶν
3310 4185 3402 4237 ὐπ’
3448 4186 3634 4237 ’Λκιν-

2075 4280 2233 4335 δύνου
2264 4276 2724 4350 προϐεϐλημένων
2759 4276 3095 4344 μαρτυριῶν.
3154 4277 3237 4328 ὅτι
3267 4277 3513 4345 διαφέρει
3539 4277 3640 4342 τῆς

2078 4372 2227 4433 θείας
2260 4371 2449 4433 οὐσίας
2470 4372 2503 4440 ἡ
2530 4369 2650 4422 θεία
2678 4370 2948 4440 ἐνέργεια·
2991 4369 3049 4421 ὲν
3150 4367 3313 4421 πάλιν
3356 4368 3641 4429 Σαϐἑλλιος

2082 4464 2242 4527 ἄλλος
2280 4463 2358 4515 ὣν
2414 4460 2819 4515 ἀποδείκνυται.
2849 4460 2902 4515 9.
2957 4458 3350 4513 Demonstratio
3399 4476 3463 4513 ex
3514 4459 3641 4526 ipsis

2082 4552 2395 4608 testimoniis
2422 4554 2485 4604 ab
2526 4552 2797 4621 Acindyno
2848 4549 3093 4620 prolatis,
3138 4550 3277 4618 quod
3320 4551 3497 4604 divina
3525 4566 3645 4618 ope-

2080 4646 2216 4699 ratio
2239 4644 2450 4712 diﬂ'erat
2494 4660 2527 4696 a
2556 4643 2734 4696 divina
2794 4643 3058 4707 essentia;
3102 4641 3190 4694 ubi
3241 4659 3448 4695 rursum
3504 4642 3641 4694 alius

2081 4736 2341 4794 Sa‘ellius
2378 4751 2490 4789 esse
2510 4735 2791 4803 probatur.

2155 4868 2208 4902 ι.
2279 4847 2469 4916 Ἑτέρα
2533 4845 2805 4916 μαρτυρία
2854 4844 2933 4913 τῷ
2981 4841 3128 4908 αὐτῇ
3227 4841 3645 4909 προϐεϐλημένη

2084 4938 2239 5009 παρὰ
2269 4938 2376 4991 τῶν
2402 4935 2497 4989 τοῦ
2530 4937 2686 5005 ἁγίου
2714 4933 2966 5002 Μαξίμου
2998 4931 3338 5000 κεφαλαῖων,
3366 4925 3433 5002 ἦς
3462 4929 3647 4993 ἐξετα-

2085 5028 2318 5099 ζομένης
2373 5026 2658 5087 Σαϐέλλιος
2699 5023 2859 5076 πάλιν
2915 5015 3068 5083 οὗτος
3112 5020 3490 5089 ἀναφαίνεται.
3555 5021 3641 5073 HI.

2086 5116 2246 5171 Aliud
2277 5115 2634 5169 testimonium
2681 5114 2743 5165 ab
2784 5112 2963 5165 eodem
3015 5110 3238 5163 allatum
3294 5127 3357 5163 ex
3385 5110 3651 5177 capitibus

2090 5207 2150 5263 S.
2187 5204 2427 5270 Maximi,
2459 5218 2559 5273 quo
2594 5201 2896 5255 examinato
2944 5198 3204 5253 Sabellius
3260 5216 3469 5253 rursum
3516 5216 3627 5252 esse

2088 5296 2343 5352 convincit
2354 5311 2435 5349 ur.

2164 5415 2250 5463 tu'.
2286 5406 2633 5479 Παράστασις
2669 5406 2766 5458 καὶ
2798 5403 2907 5458 ἀπ’)
2932 5402 3027 5458 τοῦ
3077 5405 3371 5473 κεφαλαίου
3430 5403 3646 5465 τούτον;

2089 5502 2171 5555 ὅτι
2208 5499 2455 5568 διαφέρει
2508 5496 2609 5564 τῆς
2646 5494 2796 5557 θείας
2836 5495 3023 5559 οὐσίας
3054 5496 3088 5565 ἡ
3118 5496 3391 5565 ινέργιια.
3424 5493 3554 5561 παρ’
3580 5488 3651 5564 ἦς

2090 5594 2170 5654 είς
2194 5588 2629 5657 καταγελάστους
2659 5586 2940 5640 ἐκπίπτων
2966 5586 3120 5652 δόξας
3138 5585 3418 5653 ἐλέγχεται
3438 5582 3466 5634 6
3489 5580 3581 5634 τοῦ
3591 5597 3659 5634 to

2095 5682 2279 5744 κακῶς
2312 5677 2766 5751 προϐαλλόμενος.
2813 5676 2903 5732 Η.
2930 5674 3321 5730 Demonstratio
3361 5688 3426 5726 ex
3467 5672 3652 5726 eodem

2096 5773 2283 5843 capite,
2312 5771 2450 5842 quod
2499 5770 2675 5826 divina
2700 5770 2932 5837 operatio
2962 5766 3173 5831 differat
3201 5782 3232 5820 a
3256 5764 3437 5819 divina
3468 5777 3653 5818 essem-
