4180 6308
553 342 662 408 835

554 455 869 510 strationem
906 454 1114 519 haberi,
1154 455 1428 526 refutatio,
1460 457 1598 525 quod
1629 456 1698 510 sit
1750 458 2129 511 demonstratio

555 564 713 618 super
745 548 1065 618 quibusdam
1093 567 1105 603 :
1133 558 1181 601 et
1211 550 1350 618 quod
1379 549 1474 601 illa
1504 564 1620 602 rere
1669 550 1739 602 sit
1794 550 2133 604 demonstra-

557 641 651 700 tio,
710 639 1052 692 Aristotelica
1120 655 1237 693 vero
1295 640 1682 692 demonstratio
1727 640 1795 693 sit
1846 640 2048 694 incerta
2082 652 2134 696 et

555 731 894 784 instabilis...
930 731 1149 783 Initium
1192 747 1204 783 :
1242 732 1321 783 Τὰ
1353 730 1453 799 μὲν
1484 731 1584 798 τῆς
1640 730 1911 802 δυαρχίας
1943 734 2006 786 ὲκ
2041 733 2137 803 μέ-

560 838 653 874 σου
685 824 911 890 γὲγονεν
963 838 994 896 °.
1014 822 1251 893 ἐξεκόπη
1286 822 1395 894 γὰρ
1433 822 1543 876 τῶν
1583 822 1759 891 λόγων
1798 824 1892 878 τοῦ
1922 825 2137 890 φιλοσο-

559 930 685 982 φου,
716 924 820 968 etc.
856 913 970 967 Ful.
1000 914 1088 969 90.

635 1029 741 1083 Τοῦ
780 1028 945 1083 αὐτοῦ
983 1028 1141 1097 λόγος
1187 1029 1331 1100 ὑπὲρ
1358 1031 1466 1085 τῶν
1510 1031 1673 1103 ίερῶς
1725 1035 2134 1105 ἡσυχαζόντων,

558 1121 670 1174 τῶν
702 1121 988 1191 προτέρων
1028 1120 1056 1173 ό
1096 1120 1340 1190 πρῶτος,
1372 1121 1516 1176 κατὰ
1560 1123 1611 1175 τί
1662 1124 1759 1178 καὶ
1793 1127 1953 1196 μέχρι
1991 1127 2136 1190 τίνος

559 1213 844 1282 λυσιτελὴς
877 1215 909 1282 ἡ
939 1214 1068 1284 περὶ
1108 1215 1300 1283 λόγους
1331 1215 1511 1287 τριϐή.
1561 1216 1883 1288 Ἀπόκρισις
1917 1221 2134 1291 πρώτη.

567 1305 819 1372 Ejusdem
870 1304 1003 1357 liber
1036 1307 1276 1372 priorum
1300 1307 1501 1374 primus
1554 1324 1650 1377 pro
1682 1309 1748 1361 iis
1778 1311 1867 1378 qui
1898 1311 1952 1363 in
1980 1327 2139 1366 sacra

561 1398 740 1465 quiete
774 1395 990 1466 degunt,
1030 1397 1084 1449 in
1115 1413 1217 1466 quo
1244 1410 1291 1450 et
1323 1414 1486 1467 usque
1518 1398 1587 1450 ad
1615 1416 1774 1468 quam
1808 1409 2002 1454 metam
2026 1414 2140 1455 stu-

560 1487 705 1540 dium
757 1487 1056 1540 litterarum
1113 1489 1181 1541 sit
1237 1488 1390 1542 utile.
1440 1487 1730 1558 Responsio
1772 1492 1971 1559 prima.
2029 1492 2141 1547 Ini-

562 1582 732 1632 tium:
776 1579 1023 1646 Ἀδελφέ,
1068 1579 1232 1631 καλὸν
1259 1579 1449 1650 χάριτι
1481 1581 1836 1651 βεϐαιοῦσθαι
1875 1582 1974 1655 τὴν
2008 1600 2141 1654 καρ-

560 1668 699 1732 δίαν,
726 1677 832 1722 ctc.
859 1667 976 1722 Ful.
1008 1668 1132 1731 105,
1159 1684 1339 1724 verso.

630 1780 739 1832 Τοῦ
799 1780 967 1834 αὐτοῦ
1012 1780 1169 1850 λόγος
1223 1784 1362 1854 ὑπὲρ
1394 1784 1502 1837 τῶν
1538 1785 1697 1857 ίερῶς
1731 1788 2138 1858 ἡσυχαζόντων,

559 1870 669 1923 τῶν
700 1873 982 1943 προτέρων
1013 1874 1039 1925 ό
1068 1872 1321 1942 δεύτερος
1346 1891 1359 1904 ·
1385 1875 1467 1927 ὅτι
1500 1877 1613 1940 τοῖς
1644 1878 2052 1948 προῃρημένοις
2078 1880 2137 1932 ὲν

559 1965 763 2035 ἡσυχίᾳ
801 1964 1093 2035 προσέχειν
1121 1966 1356 2029 ἑαυτοῖς,
1406 1967 1507 2021 οὐκ
1543 1969 1835 2033 άσυντελὲς
1865 1970 2013 2024 ἔνδον
2041 1970 2137 2025 τοῦ

562 2054 817 2125 σώματος
852 2057 1151 2126 πειρᾶσθαι
1178 2058 1434 2127 κατέχειν
1456 2059 1546 2112 τὸν
1573 2060 1771 2113 οἰκεῖον
1816 2061 1961 2116 νοῦν.
1981 2062 2142 2115 Ἀπό-

563 2163 749 2215 κρισις
797 2148 1046 2219 δευτέρα.
1095 2148 1349 2216 Ejusdem
1397 2149 1531 2203 liber
1579 2152 1819 2219 priorum
1873 2154 2137 2207 secundus

562 2253 658 2305 pro
695 2237 761 2297 iis
801 2238 894 2307 qui
930 2239 984 2291 in
1019 2254 1174 2291 sacra
1215 2240 1386 2308 quiete
1430 2240 1661 2310 degunt,
1723 2244 1864 2311 quod
1924 2244 1992 2297 iis
2048 2245 2140 2313 qui

560 2334 826 2398 elegerunt
859 2330 915 2383 in
945 2330 1117 2399 quiete
1144 2329 1244 2383 sibi
1273 2331 1400 2398 ipsis
1433 2333 1725 2398 attendere,
1753 2350 1855 2389 non
1914 2336 1984 2389 sit
2035 2337 2129 2390 im-

562 2420 812 2489 possibile
835 2422 975 2474 intra
1004 2437 1194 2490 corpus
1232 2423 1505 2491 propriam
1563 2434 1788 2478 mentem
1847 2428 2139 2495 continere,

562 2511 844 2565 lixnonsio
868 2513 1122 2565 secunda.
1157 2512 1373 2566 Initium
1404 2529 1418 2565 :
1464 2513 1710 2582 ’Δδελφὲ,
1746 2515 1848 2568 οὐκ
1880 2517 2140 2581 ἀκούσεις

557 2603 651 2657 τοῦ
669 2605 995 2657 ’Λποστόλου
1054 2603 1330 2672 λέγοντος,
1372 2604 1454 2656 ὅτι
1485 2607 1555 2658 τὰ
1598 2606 1850 2676 σώματα,
1898 2609 2139 2666 etc.Fol.

560 2694 686 2748 115.

631 2807 738 2860 Τοῦ
762 2806 927 2861 αὐτοῦ
954 2806 1106 2875 λόγος
1128 2806 1269 2876 ὑπὲρ
1291 2808 1398 2861 τῶν
1421 2808 1581 2878 ίερῶς
1604 2810 2137 2881 ήσυχαζόντων,τῶν

559 2902 841 2970 προτέρων
870 2902 896 2952 ὁ
926 2900 1107 2969 τρίτος
1139 2904 1269 2969 περὶ
1295 2901 1471 2970 φωτὸς
1508 2905 1602 2956 καὶ
1636 2905 1920 2982 φωτισμοῦ
1950 2905 2123 2971 θείου,

562 2995 657 3045 καὶ
701 2993 855 3063 ἱεράς
883 2992 1233 3062 εὐδαιμονίας
1268 2994 1363 3047 καὶ
1393 2995 1492 3065 τῆς
1520 2998 1578 3050 ὲν
1604 2998 1826 3069 Χριστῷ
1871 2999 2140 3069 τελειότη-

558 3101 672 3147 τος.
716 3084 1034 3154 Ἀπόκρισις
1084 3087 1271 3157 τρίτη.
1307 3086 1562 3157 Ejusdem
1596 3089 1728 3143 liber
1752 3091 1992 3160 priorum
2034 3103 2142 3147 ter-

560 3177 665 3229 tius
704 3177 767 3229 de
792 3177 856 3228 iis
887 3177 973 3245 qui
1010 3177 1065 3229 in
1093 3193 1246 3231 sacra
1287 3180 1462 3248 quiete
1487 3178 1702 3250 degunt,
1752 3182 1815 3235 de
1849 3182 2043 3239 lumine
2091 3194 2141 3238 et

558 3268 960 3322 illuminatione
1014 3268 1217 3336 divina,
1264 3270 1325 3323 de
1367 3288 1525 3325 sacra
1558 3273 1816 3339 felicitate
1843 3283 1891 3329 et
1923 3276 1987 3330 de
2019 3293 2141 3345 per-

560 3360 788 3429 lectione
842 3364 897 3414 in
945 3359 1178 3416 Christo.
1220 3361 1436 3415 Initium
1473 3380 1487 3416 :
1528 3364 1643 3417 Οὐκ
1679 3366 1786 3433 ἄρα
1828 3367 1992 3435 μόνον
2021 3371 2141 3432 ταῖς

558 3452 784 3520 ἀρεταῖς
817 3452 874 3504 αἱ
908 3451 1096 3504 κακίαι
1133 3454 1609 3522 παραπεπήγασιν
1673 3463 1781 3510 etc.
1816 3456 1933 3510 FoI.
1966 3457 2083 3511 I20.

630 3542 737 3595 Τοῦ
770 3541 937 3596 αὑτοῦ
965 3542 1123 3610 λόγος
1174 3543 1317 3614 ὑπὲρ
1363 3543 1474 3597 τῶν
1514 3545 1674 3615 ίερῶς
1731 3546 2135 3616 ἡσυχαζιὶντων,

559 3633 671 3688 τῶν
692 3635 980 3704 ὑστέρωνό
999 3634 1237 3702 πρῶτος,
1278 3637 1398 3704 ἦτοι
1444 3636 1697 3707 διήγησις
1739 3638 1831 3690 καὶ
1856 3640 2137 3711 ἀνατροπὴ

559 3729 669 3782 τῶν
726 3729 832 3781 ὑπὸ
869 3728 962 3781 τοῦ
1002 3729 1301 3798 φιλοσόφου
1356 3728 1624 3798 Βαρλαὲιμ
1702 3735 2134 3801 συγγραφέντων

561 3819 704 3872 κατὰ
725 3819 834 3872 τῶν
860 3818 1024 3888 ἱερῶς
1047 3819 1452 3890 ἡσυχαζόντων.
1489 3821 1583 3884 Τίς
1608 3821 1640 3890 ή
1666 3822 1837 3885 ὅντως
1870 3827 2140 3894 σωτήριος

568 3909 767 3978 γνῶσις
806 3910 899 3964 καὶ
932 3913 1044 3973 τοῖς
1077 3910 1246 3973 ὅντως
1292 3913 1549 3981 μοναχοίς
1584 3913 2073 3983 περισπούδαστος,
2106 3916 2139 3987 ἢ

567 4003 703 4057 κατὰ
738 4003 846 4058 τῶν
880 4003 1144 4072 λεγόντων
1172 4004 1277 4074 τὴν
1304 4004 1366 4055 ὲκ
1396 4002 1497 4073 τῆς
1533 4002 1637 4069 ἔξω
1690 4005 1941 4069 παιδείας
1994 4006 2137 4073 γνῶ-

561 4111 647 4147 σιν
677 4095 846 4158 ὅντως
879 4077 1167 4164 σωτὴριον.
1195 4093 1447 4164 Ejusdem
1477 4095 1611 4149 liber
1637 4099 1989 4164 posteriorum
2012 4101 2097 4170 pri
2115 4130 2137 4141 -

561 4202 675 4238 mus
699 4202 794 4255 pro
823 4187 887 4240 iis
931 4187 1021 4256 qui
1058 4188 1111 4239 in
1169 4202 1325 4239 sacra
1352 4188 1522 4256 quiete
1561 4188 1786 4258 degunt,
1845 4193 1953 4244 sive
1982 4207 2141 4245 enar-

560 4279 700 4330 ratio
734 4290 782 4331 et
817 4280 1013 4331 eversio
1058 4294 1242 4331 eorum
1276 4295 1391 4347 quae
1438 4295 1471 4331 a
1518 4281 1823 4348 philosopho
1876 4281 2137 4337 Burlaam

561 4369 757 4437 scripta
788 4379 909 4423 sunt
942 4379 1124 4422 contra
1147 4386 1231 4422 eos
1278 4373 1369 4440 qui
1404 4372 1456 4425 in
1480 4388 1636 4426 sacra
1687 4374 1858 4441 quiete
1916 4374 2133 4443 degunt.

561 4460 819 4525 Quwnam
851 4460 918 4512 sit
951 4476 1063 4513 vere
1095 4461 1350 4515 salutaris
1383 4464 1607 4516 scientia
1637 4482 1668 4517 a
1692 4465 1827 4518 veris
1863 4467 2135 4521 monachis

559 4550 733 4612 culta;
766 4566 856 4602 seu
906 4563 1096 4603 contra
1133 4567 1218 4604 eos
1261 4553 1353 4622 qui
1409 4554 1587 4607 dicunt
1642 4556 1917 4610 scientiam
1957 4567 2134 4612 exter-

562 4655 645 4693 na:
676 4640 823 4693 illius
847 4639 1146 4708 disciplina?
1169 4648 1309 4711 "esse
1358 4658 1474 4697 vere
1513 4645 1828 4701 salutarem.
1855 4646 2077 4703 Initium
2115 4669 2129 4706 :

561 4731 727 4783 Οὐδὲν
757 4728 988 4798 ψεύδους
1040 4732 1362 4801 δεινότερον,
1419 4734 1574 4789 οὐδὲν
1611 4739 1975 4807 συκοφαντίας
2032 4742 2133 4812 ἄχη

562 4819 685 4883 θους
715 4819 1038 4893 βαρύτερον,
1069 4833 1177 4878 etc.
1214 4823 1334 4880 FOI.
1372 4825 1500 4893 MU,
1538 4842 1713 4884 verso.

632 4933 737 4985 Τοῦ
771 4934 936 4988 αὑτοῦ
973 4935 1130 5004 λόγος
1163 4938 1303 5009 ὑπὲρ
1335 4940 1445 4992 τῶν
1496 4942 1658 5011 ἱερῶς
1710 4943 2126 5014 ἡσυχαζόντων,

558 5026 667 5078 τῶν
697 5027 939 5098 ὑστέρων
985 5033 1010 5081 ό
1040 5030 1292 5103 δεύτερος
1341 5036 1469 5102 περὶ
1497 5037 1824 5104 προσευχῆς.
1877 5036 2129 5105 Ejusdem

562 5118 693 5170 liber
720 5121 1074 5186 posteriorum
1098 5124 1361 5176 secundus
1395 5140 1489 5190 pro
1510 5126 1579 5179 iis
1610 5126 1703 5195 qui
1736 5143 1946 5180 sacram
1983 5132 2131 5198 quie-

563 5218 662 5261 tem
696 5223 882 5278 agunt,
922 5214 986 5265 de
1014 5212 1288 5269 Oratione.
1334 5215 1551 5269 Initium
1580 5233 1595 5269 :
1624 5218 1745 5269 Τῶν
1797 5217 1896 5286 μὲν
1925 5218 2018 5272 οῦν
2041 5220 2131 5272 οὐ·

560 5300 649 5352 δὲν
708 5302 851 5371 μέγα
904 5304 1208 5370 τιθεμένων
1255 5307 1353 5374 τὴν
1416 5307 1523 5361 ἀπὸ
1579 5310 1678 5378 τῆς
1724 5307 1830 5372 ἔξω
1882 5310 2131 5376 παιδείας

561 5391 767 5461 ὄνησιν,
798 5403 903 5446 etc.
935 5392 1055 5447 Fol.
1086 5395 1209 5461 15‘},
1246 5411 1419 5452 versu.

633 5504 744 5559 Τοῦ
781 5507 949 5559 αὐτοῦ
984 5506 1140 5577 λόγος
1179 5510 1322 5581 ὑπὲρ
1367 5511 1476 5564 τῶν
1509 5513 1671 5583 ἰερῶς
1722 5515 2126 5585 ἡσυχαζόντων,

556 5596 664 5649 τῶν
711 5597 956 5668 ὑστέρων
985 5602 1014 5651 ό
1037 5601 1217 5669 τρίτος
1246 5605 1379 5672 περὶ
1434 5608 1609 5674 φωτὸς
1665 5609 1834 5678 ἱεροῦ.
1872 5610 2125 5678 Ejusdem

561 5687 687 5739 liber
715 5692 1064 5755 posteriorum
1099 5696 1314 5757 tertius,
1341 5711 1435 5764 pro
1468 5699 1532 5750 iis
1580 5700 1669 5768 qui
1698 5702 1752 5754 in
1776 5718 1929 5755 sacra
1954 5704 2126 5773 quiete

559 5775 772 5847 degunt,
826 5781 888 5834 de
934 5799 1087 5837 sacro
1120 5785 1337 5843 lumine.
1382 5788 1602 5845 Initium
1636 5808 1651 5849 :
1700 5793 1759 5847 '0
1795 5794 1858 5865 δὴ
1883 5794 1980 5866 τῆς
2011 5813 2129 5850 νοε-

1783 344 2172 407 GREGORII
2218 346 2544 408 ΡᾹιΑΜίΕ

2243 457 2343 526 ρᾶς
2374 461 2687 529 προσευχῆς
2736 460 2878 514 κατὰ
2932 461 3037 516 τῶν
3063 462 3149 516 διὰ
3197 462 3313 533 βίου
3345 465 3520 537 ταύτῃ
3551 484 3821 538 προσανέσ-

2236 550 2462 619 χόντων,
2501 562 2608 606 etc.
2645 552 2762 610 F0].
2796 553 2916 619 I68,
2952 570 3132 609 verso.

2312 638 2419 692 Τοῦ
2451 639 2618 693 αὐτοῦ
2676 640 2900 712 ἔλεγχος
2953 644 3062 697 τῶν
3134 646 3569 716 συμϐαινόντων,
3604 652 3668 704 ἐκ
3711 654 3821 705 τῶν

2238 729 2510 802 δευτέρων
2558 731 2653 785 τοῦ
2706 735 3003 802 φιλοσόφου
3035 735 3308 808 Βαρλαάμ
3335 744 3819 813 συγγραμμάτων,

2239 822 2437 892 ἢπερ).
2500 822 2775 888 θεώσεως.
2835 824 3091 893 Ejusdem
3157 829 3415 897 refutatio
3466 831 3822 889 absurdorum

2239 932 2355 984 qua:
2414 928 2709 987 sequuntur
2758 935 2823 972 ea;
2867 921 3112 974 secundis
3169 921 3455 978 Barlaami
3521 926 3822 996 philosophi

2239 1010 2497 1077 scriptis;
2545 1012 2649 1065 sive
2704 1011 2772 1065 de
2824 1013 3180 1081 dei/icatione.
3247 1015 3524 1071 Initium:
3570 1018 3711 1072 Ἀλλ’
3771 1022 3823 1072 εί

2245 1100 2342 1170 μὲν
2375 1104 2517 1155 κατὰ
2547 1103 2951 1156 Μασσαλιανῶν
2981 1106 3238 1177 καθάπερ
3284 1110 3380 1161 καὶ
3411 1110 3822 1179 ἐπιγέγραπται

2240 1193 2288 1245 οἱ
2321 1194 2381 1247 τὸ
2411 1194 2620 1265 βιϐλίον
2648 1199 2969 1268 πεποίηται,
3005 1197 3242 1256 ctc.FoI.
3281 1201 3405 1269 I97,
3437 1219 3615 1259 verso.

2312 1286 2418 1338 Τοῦ
2452 1288 2618 1340 αὑτοῦ
2650 1289 2950 1358 κατάλογος
2981 1291 3090 1344 τῶν
3118 1292 3479 1349 ἐκϐαινόντων
3502 1298 3724 1350 ἀτόπων
3753 1300 3823 1353 ἐκ

2239 1377 2349 1430 τῶν
2406 1378 2501 1431 τοῦ
2563 1380 2858 1450 φιλοσόφου
2922 1382 3190 1454 Βαρλαὰμ
3253 1385 3598 1455 προτάσεων,
3658 1390 3822 1458 λόγος

2237 1469 2492 1541 δεύτερος
2516 1472 2659 1526 κατὰ
2693 1474 2985 1544 δευτέρων.
3026 1476 3281 1547 Ejusdem
3309 1479 3586 1551 catalogus
3622 1483 3823 1537 absur-

2240 1564 2432 1617 dorum
2460 1580 2577 1634 quae
2605 1578 2897 1637 sequuntur
2923 1585 2988 1623 ea:
3023 1569 3307 1625 Barlaami
3343 1573 3648 1645 philosophi
3704 1592 3826 1643 pro-

2240 1656 2465 1723 tasibus,
2498 1658 2632 1713 liber
2658 1663 2919 1715 secundus
2941 1674 3126 1717 contra
3150 1669 3381 1719 secunda
3404 1670 3622 1733 scripta.
3652 1668 3777 1723 Init.
3805 1687 3820 1724 :

2246 1748 2445 1818 ’Ἦρετό
2508 1768 2593 1814 τις
2639 1751 2749 1803 τῶν
2794 1755 3168 1825 εἰσαγομένων
3235 1759 3284 1810 εί
3334 1757 3562 1814 δυνατὸν
3606 1762 3826 1834 ἀνθρώ-

2240 1857 2348 1913 πῳ,
2380 1854 2486 1899 etc.
2524 1843 2639 1900 FoI.
2680 1846 2806 1909 2H,
2847 1863 3024 1904 verso.

2309 1955 2416 2009 Τοῦ
2445 1957 2611 2011 αὐτοῦ
2642 1960 2943 2030 κατάλογος
2976 1963 3084 2018 τῶν
3106 1966 3474 2023 ἐκϐαινόντων
3505 1972 3725 2027 ἀτόπων
3757 1976 3825 2029 ὲκ

2236 2047 2348 2100 τῶν
2372 2048 2466 2101 τοῦ
2497 2053 2791 2122 φιλοσόφου
2818 2055 3087 2126 Βαρλαὰμ
3136 2065 3647 2131 συμπερασμάτων,
3678 2068 3822 2121 κατὰ

2238 2138 2350 2193 τῶν
2381 2141 2659 2215 δευτέρων
2688 2148 2715 2199 ό
2742 2149 2946 2216 τρίτος.
2981 2149 3230 2217 Ejusdem
3259 2157 3535 2224 catalogus
3561 2158 3827 2212 absurdo-

2240 2245 2359 2283 rum
2380 2248 2495 2300 qua:
2524 2246 2814 2304 sequuntur
2834 2253 2900 2292 ea:
2913 2239 3199 2310 philisophi
3214 2242 3488 2298 Barlaami
3517 2248 3823 2303 conclusio-

2241 2323 2416 2384 nibus.
2444 2324 2577 2378 liber
2599 2328 2788 2382 tertius
2817 2339 3007 2385 contra
3042 2336 3273 2388 secunda
3297 2339 3518 2405 scripta.
3556 2337 3775 2395 Initium
3801 2361 3815 2395 :

2245 2417 2309 2468 Ἀ
2344 2417 2444 2484 μὲν
2473 2413 2567 2472 οῦν
2597 2422 2930 2492 προσκρούει
2956 2428 3022 2494 τῇ
3054 2427 3284 2499 ἀληθείᾳ
3327 2430 3423 2483 καὶ
3450 2430 3530 2501 τῷ
3561 2432 3658 2503 τῆς
3688 2434 3823 2507 άλη-

2241 2508 2393 2572 θείας
2424 2511 2565 2580 Θεῷ,
2599 2522 2705 2568 etc.
2742 2513 2857 2570 Fol.
2904 2516 3031 2572 9.20.

2323 2622 2613 2694 Ἐπίτομος
2648 2628 2787 2680 κατὰ
2812 2627 2872 2680 τὸ
2903 2629 3128 2684 δυνατὸν
3163 2631 3417 2705 διήγησις
3461 2640 3559 2707 τῆς
3595 2640 3687 2691 ἐπὶ
3718 2642 3817 2694 τοῦ

2246 2713 2512 2769 παλατίου
2564 2716 2795 2771 ἐνώπιον
2848 2720 2942 2774 τοῦ
2993 2723 3265 2792 βασιλέως
3310 2736 3610 2804 γενομένης
3634 2737 3821 2790 διαλέ-

2242 2804 2376 2870 ξεως
2405 2807 2499 2860 τοῦ
2536 2808 2940 2883 Θεσσαλονίκης
2969 2816 3139 2887 κυροῦ
3176 2819 3484 2894 Γρηγορίου
3535 2830 3630 2881 καὶ
3662 2830 3821 2901 Γρη-

2241 2901 2381 2970 γορᾶ
2408 2902 2502 2954 τοῦ
2536 2903 2854 2975 φιλοσόφου,
2889 2915 3273 2981 συγγραφεῖσα
3302 2920 3457 2988 παρά
3505 2939 3654 2987 τινος
3706 2926 3819 2979 τῶν

2241 2991 2341 3062 τῆς
2373 2992 2682 3065 συγκλήτου
2717 2996 2960 3065 λογάδων
2991 3004 3257 3071 παρόντος
3286 3010 3382 3062 καὶ⁵
3426 3011 3699 3081 αὐτηκόου
3729 3032 3821 3083 γε·-

2241 3085 2483 3151 γονότος.
2518 3085 2905 3157 Compendiosa
2932 3107 3027 3161 pro
3053 3094 3311 3163 facultate
3336 3104 3573 3157 narratio
3600 3105 3817 3177 dialogi,

2234 3181 2326 3250 qui
2364 3180 2417 3233 in
2446 3181 2647 3249 palatio
2691 3199 2872 3238 coram
2917 3188 3239 3256 imperatore
3297 3194 3510 3250 habitus
3554 3208 3631 3252 est
3678 3201 3819 3253 inter

2244 3271 2310 3325 υ.
2344 3270 2654 3343 Gregorium
2680 3275 3130 3349 archiepiscopum
3169 3281 3556 3342 Thessalonica;
3608 3300 3657 3343 et
3689 3290 3821 3346 Gre-

2239 3379 2420 3432 goram
2453 3366 2836 3435 philosophum,
2868 3374 3100 3439 scriptus
3135 3391 3167 3429 a
3199 3378 3425 3446 quodam
3451 3396 3515 3433 ex
3552 3381 3816 3438 illustrio-

2240 3455 2383 3510 ribus
2422 3459 2773 3527 senatoribus,
2821 3463 2913 3531 qui
2961 3465 3072 3519 Ita’c
3110 3483 3341 3533 pra’sens
3394 3472 3661 3528 audierat.
3711 3477 3818 3531 Ini-

2243 3549 2373 3601 tium
2413 3566 2426 3602 :
2468 3549 2743 3620 'OpraI;
2783 3556 2936 3624 παρά
2963 3557 3056 3609 τοῦ
3103 3559 3261 3628 ἁγίου
3330 3564 3487 3633 ήμῶν
3553 3568 3811 3624 αὑθέντου

2240 3641 2334 3693 καλ⁵
2364 3640 2653 3710 βασιλέως,
2688 3653 2793 3701 etc.
2835 3647 2952 3703 Fol.
2983 3649 3107 3705 226.

2312 3755 2417 3807 Τοῦ
2471 3760 2893 3837 μακαριωτάτου
2923 3762 3362 3834 ἀρχιεπισκόπου
3413 3770 3811 3847 θεσσαλονίκης

2241 3849 2546 3920 Γρηγορίου
2596 3848 2671 3915 ὡς
2733 3853 2842 3906 ἀπό
2870 3858 3238 3928 τινοςιέτέρου
3297 3867 3658 3934 συγγραφεὶς,
3688 3871 3812 3939 περὶ

2237 3942 2337 4008 τῆς
2368 3942 2461 3995 τοῦ
2494 3943 2752 4015 Γρηγορᾶ
2777 3945 3184 4018 ψευδογραφίας
3213 3953 3348 4022 ὁμοῦ
3374 3958 3466 4009 καὶ
3495 3957 3813 4023 δυσσεϐείας

2238 4033 2398 4103 λόγος
2445 4035 2685 4106 πρῶτος.
2762 4037 3067 4095 Beatissimi
3124 4043 3370 4115 Gregorii
3439 4049 3812 4120 archiepiscopi

2246 4123 2735 4183 Thessalonicensis
2768 4131 2832 4183 de
2868 4130 3120 4202 Gregorte
3149 4136 3203 4189 in
3233 4138 3508 4193 scribendo
3536 4142 3811 4196 mendaciis

2238 4226 2288 4270 et
2314 4218 2584 4286 impietate
2609 4219 2742 4275 liber
2759 4223 2985 4293 primus,
3014 4225 3081 4278 ab
3106 4226 3213 4282 alio
3242 4230 3468 4297 quodam
3499 4232 3808 4300 descriptus.

2243 4308 2458 4365 Initium
2492 4328 2507 4365 :
2544 4313 2890 4385 Μεταλαχεῖν
2940 4316 3141 4380 ἀθλίως
3191 4319 3282 4372 τὸν
3322 4321 3635 4393 Γρηγορᾶν,
3672 4325 3808 4392 Βαρ-

2238 4403 2388 4473 λαάμ
2416 4405 2837 4461 καὶἈκινδύνου
2866 4407 2976 4460 τῶν
3004 4410 3335 4477 κακοδόξων,
3368 4421 3474 4470 etc.
3507 4414 3628 4469 [θυι.
3652 4416 3773 4472 252.

2307 4518 2414 4572 Τοῦ
2446 4519 2613 4573 αὐτοῦ
2647 4521 2775 4590 περὶ
2808 4523 2905 4594 τῆς
2945 4523 3042 4577 τοῦ
3092 4526 3350 4598 Γρηγορᾶ
3405 4531 3743 4602 ψευδογραφί
3779 4553 3807 4598 ς

2237 4611 2374 4680 ἐμοῦ
2424 4612 2520 4665 καὶ
2561 4613 2882 4679 δυσσεϐείας
2916 4616 3076 4685 λόγος
3117 4619 3390 4691 δεύτερος.
3447 4623 3701 4693 Ejusdem
3750 4645 3808 4681 te

2239 4700 2487 4773 Gregorte
2521 4706 2573 4757 in
2601 4705 2874 4761 scribendo
2931 4710 3224 4765 mendaciis
3268 4721 3317 4766 et
3356 4714 3627 4784 impietate
3682 4719 3806 4771 libat

2235 4803 2522 4851 secundus.
2562 4798 2827 4853 Initium:
2867 4800 2957 4865 Ἐξ
3004 4802 3215 4872 ὀνύχων
3268 4807 3400 4873 φασὶ
3455 4808 3549 4863 τὸν
3601 4809 3801 4876 λέοντα,

2239 4887 2331 4938 καὶ
2360 4888 2424 4939 ἐκ
2451 4888 2544 4940 τοῦ
2578 4890 2887 4958 κρασπέδου
2909 4893 2970 4945 τὸ
3004 4893 3254 4966 ὕφασμα,
3291 4907 3397 4952 etc.
3434 4898 3551 4954 Fol.
3578 4901 3645 4955 24
3660 4903 3700 4955 ι.

2311 4977 2569 5047 ΙἜλεγχος
2620 4981 2718 5049 τῆς
2745 4985 2825 5045 εἰς
2855 4985 2917 5037 τὸ
2958 4985 3237 5041 θειότατον
3281 4990 3398 5058 φῶς
3438 4992 3538 5060 τῆς
3575 4994 3669 5045 τοῦ
3702 4995 3804 5045 Κυ-

2238 5065 2356 5135 ρίου
2413 5070 2920 5140 μεταμορφώσεως,
2979 5078 3333 5147 παντοδαπῆς
3390 5081 3484 5134 τοῦ
3552 5083 3800 5155 Γρηγορά

2238 5156 2589 5227 βλασφημίας
2636 5163 2733 5213 καὶ
2784 5165 3130 5234 παράστασις
3185 5169 3245 5235 ἐξ
3308 5171 3661 5238 ἀντιθέσεως,
3722 5177 3801 5228 ὅτι

2233 5247 2488 5301 άκτιστον
2516 5249 2677 5304 τοῦτο
2702 5247 2851 5307 εστιν
2879 5255 2955 5319 ὡς
2984 5257 3203 5326 άληθῶς
3229 5261 3322 5313 καὶ
3350 5261 3542 5316 ἀΐδιον.
3560 5265 3798 5335 Ἑγράφη

2234 5342 2328 5392 καὶ
2364 5341 2646 5412 ἀπεστάλη
2679 5345 2758 5413 τῷ
2787 5346 3078 5416 ἁγιωτάτῳ
3133 5351 3229 5403 καὶ
3284 5355 3667 5424 οἰκουμενικῷ-
3701 5373 3803 5408 πα-

2235 5430 2488 5501 τριάρχῃ.
2523 5432 2791 5503 Refutatio
2826 5441 3145 5493 omnimodw
3185 5441 3527 5510 blasphemia:
3555 5446 3799 5515 Gregorte

2242 5524 2385 5575 circa
2426 5525 2814 5580 divinissimum
2845 5529 3528 5603 lumentransﬁgurationis
3554 5537 3804 5603 Domini,-

2232 5630 2292 5667 ac
2317 5616 2697 5673 demonstratio
2746 5635 2811 5674 ea:
2851 5624 3121 5690 antithesi,
3154 5626 3292 5695 quod
3338 5628 3476 5681 illud
3506 5630 3806 5687 increatum

2233 5722 2347 5760 uere
2404 5710 2472 5761 sit
2517 5720 2565 5762 et
2597 5721 2872 5771 arternum.
2913 5714 3125 5785 Scripta
3160 5728 3208 5771 et
3235 5700 3527 5775 missaest
3578 5725 3650 5776 ad
3678 5741 3805 5778 san-

2234 5798 2525 5853 ctissimum
2583 5812 2631 5858 et
2685 5809 3056 5862 mcutuenicum
3118 5811 3500 5879 patriarcham.
3537 5811 3801 5873 Initium:
