4180 6308
322 302 432 367 841

325 413 644 487 ἀφροσύνην
702 407 891 474 αὐτοῦ,
935 425 952 458 ι
994 411 1161 476 φησιν
1211 406 1245 457 ὁ
1294 403 1456 472 σοφὸς
1494 400 1748 470 Σολομῶν
1789 406 1898 452 etc.

326 507 441 562 Fol.
482 504 607 558 171.
647 513 824 554 verso.

1113 294 1432 355 OPERUM
1477 283 1959 350 ARGUMENTA
2003 283 2104 344 EX
2144 279 2362 340 CODD.
2406 274 2736 334 COlSLlN.

2008 397 2182 464 θησαν
2213 393 2270 446 δὲ
2311 392 2371 442 ὲν
2405 389 2482 457 τῷ
2514 387 2744 458 παρόντι
2779 385 2871 436 καὶ
2903 384 2968 436 τὰ
2999 380 3218 450 ἐφεξῆς.
3250 381 3362 435 Huc
3387 382 3581 434 desinit
3640 456 3647 465 ι

2010 488 2160 551 liber,
2212 493 2272 538 ut
2322 484 2377 536 in
2431 480 2749 550 prothcoriis
2794 478 3085 532 indicatur.
3132 474 3198 528 In
3256 477 3352 527 hoc
3404 482 3583 527 autem

3474 262 3580 326 8&2

397 597 506 650 T06
557 591 724 646 αὐτοῦ
780 589 1199 657 παναγιωτάτου
1240 587 1584 657 πατριάρχου
1620 584 1760 653 πρὸς
1815 581 1906 635 τὸν

2043 574 2303 642 πονηρίατέ
2325 572 2510 626 addita
2541 580 2660 624 sunt
2685 584 2800 638 qum
2837 574 3169 636 sequuntur:
3210 565 3269 617 Ὀ
3303 564 3464 628 αὐτὸς
3505 562 3586 633 τῷ

325 689 490 742 αύτῦν
528 682 830 752 ,φιλόσοφον
887 678 1176 750 Γρηγορᾶν
1201 674 1785 747 λόγος’άντιρῤητικὸς
1839 671 1907 737 ιβ’

327 779 472 847 ὑπὲρ
497 775 608 827 τῶν
634 772 714 842 τῷ
738 770 878 839 ἁγίῳ
905 768 1025 840 ὄρει
1058 769 1136 839 τῷ
1164 767 1318 838 Ἀθῳ
1347 763 1633 837 μοναστῶν
1659 763 1783 834 (sic)
1815 761 1909 815 καὶ

327 869 439 924 τῶν
489 866 654 935 ίερῶς
702 861 1091 935 ⁴ἡσυχαζόντων
1140 860 1260 914 ἐκεῖ
1302 859 1397 913 καὶ
1445 857 1512 930 δὴ
1547 857 1643 910 καὶ
1673 855 1783 907 τῶν
1820 855 1909 906 ὲν-

2010 664 2316 735 Πετριώτῃ,
2357 664 2439 716 ὅτι
2472 661 2662 729 ὥσπερ
2703 657 2782 723 εἷς
2826 660 2960 721 Θεὸς
2986 660 3020 728 ἡ
3049 657 3185 727 ἁγία
3214 657 3409 727 Τριὰς,
3442 654 3588 710 οὕτω

2013 758 2111 812 καὶ
2151 758 2249 827 μία
2282 759 2315 828 ἡ
2347 756 2573 823 θεότης·
2605 755 2700 807 καὶ
2733 754 2864 819 περὶ
2898 751 3049 816 θείας
3095 752 3399 823 ἐνεργείας.
3438 749 3589 804 Idem

2014 843 2283 914 Petriotce,
2309 850 2447 919 quod
2476 850 2614 902 sicut
2653 845 2710 901 S.
2749 846 2985 901 Trinitas
3018 863 3152 899 unus
3192 853 3272 899 est
3313 844 3469 906 Deus,
3516 843 3591 897 sic

329 960 507 1016 ταῦθα
532 973 546 989 ·
581 957 726 1027 ὑπὲρ
758 973 820 1008 τε
849 956 959 1008 τῶν
981 955 1120 1008 κατὰ
1153 952 1263 1006 τῶν
1291 947 1582 1004 θειοτάτων
1638 942 1913 1017 βασιλέων

2043 958 2121 995 ma
2155 943 2225 996 sit
2254 941 2468 995 deitas:
2497 948 2546 992 et
2586 938 2652 992 de
2701 939 2880 992 divina
2907 939 3234 1006 operatione.
3267 936 3419 991 lnit.:
3447 935 3593 998 Χθὲς

333 1054 520 1116 κακῶς
569 1049 878 1121 εἰρημένων
911 1045 1062 1117 αὐτῷ
1095 1044 1382 1113 ἀπολογία,
1431 1041 1568 1096 ἀλλὰ
1589 1040 1652 1108 δὴ
1690 1037 1783 1091 καὶ
1806 1035 1916 1090 τῶν

335 1145 480 1200 κατὰ
537 1142 631 1197 τοῦ
687 1141 836 1194 θείου
892 1137 1202 1212 Γρηγορίου
1255 1135 1354 1190 καὶ
1397 1133 1509 1187 τῶν
1549 1130 1711 1203 ἱερῶν
1751 1124 1916 1182 αὐτοῦ

335 1237 670 1305 θαυμάτων·
727 1230 864 1300 πρός
905 1247 968 1298 γε
1023 1229 1130 1298 μὴν
1185 1228 1263 1298 τῷ
1297 1225 1392 1280 τοῦ
1444 1225 1612 1294 λόγου
1643 1221 1788 1274 τέλει
1823 1220 1919 1274 καὶ

334 1325 813 1415 ἀνακεφαλαίωσις
859 1320 967 1374 τῶν
1002 1317 1444 1389 προειρημένων.
1498 1312 1755 1383 Ejusdem
1791 1325 1918 1364 san-

333 1403 562 1472 ctissinii
601 1409 1217 1484 patriarchw‘adversns
1259 1407 1498 1462 eumdem
1548 1403 1919 1474 philosophum

337 1510 630 1580 Gregoram
679 1506 810 1560 liber
861 1503 1242 1556 antirrheticus
1291 1499 1379 1563 12,
1418 1511 1514 1568 pro
1556 1494 1826 1550 monachis
1865 1493 1921 1546 in

339 1609 525 1654 sancto
556 1605 732 1650 monte
790 1593 926 1648 Atho
977 1591 1304 1662 degentibus,
1337 1597 1384 1642 et
1417 1585 1482 1642 iis
1520 1588 1609 1657 qui
1639 1585 1835 1640 ibidem
1862 1593 1918 1635 ut

339 1705 389 1746 et
419 1693 504 1744 hic
532 1691 586 1742 in
622 1703 776 1741 sacra
805 1685 976 1755 quiete
1038 1685 1214 1737 vivunt
1245 1682 1308 1752 (i.
1341 1676 1705 1748 Hesychastis)
1737 1673 1919 1742 defen-

341 1784 423 1835 sio
441 1767 913 1835 'divinissimm‘um
940 1777 1322 1842 imperatorum
1355 1780 1544 1824 contra
1575 1765 1812 1837 ejusdem
1836 1766 1922 1817 di-

345 1885 473 1938 cta;
510 1872 857 1938 similiterque
907 1868 973 1922 D.
1027 1864 1270 1934 Gregorii
1309 1873 1360 1918 et
1395 1861 1778 1916 miraculorum
1805 1858 1921 1927 ejus

340 1966 614 2036 apologia.
637 1961 964 2032 Insuperque
988 1961 1043 2014 in
1071 1960 1177 2028 ﬁne
1196 1958 1319 2012 libri
1344 1954 1715 2024 recapitulatio
1741 1966 1923 2007 eorum

339 2075 462 2131 qua:
487 2072 650 2126 supra
682 2055 825 2108 dicta
864 2061 1009 2108 sunt.
1042 2050 1175 2105 luit.
1203 2066 1216 2104 :
1258 2046 1529 2102 Ἐνταῦθά
1570 2062 1638 2115 με
1667 2043 1926 2116 βουλόμε-

343 2167 436 2206 νον
476 2149 672 2218 στῆσαι
695 2146 787 2198 τὸν
813 2143 972 2212 λόγον
994 2141 1023 2196 δ
1046 2141 1111 2212 δὴ
1137 2142 1240 2196 κάν
1264 2141 1376 2203 τοῖς
1405 2137 1646 2207 φθάσασι
1674 2132 1926 2208 προῦφην

342 2257 455 2300 etc.
487 2242 604 2296 F01.
639 2241 765 2295 197.

420 2332 528 2386 T06
553 2329 721 2385 αὐτοῦ
751 2317 1063 2396 ἁγιωτάτου
1100 2327 1198 2382 καὶ
1233 2318 1622 2391 οίκουμενικού
1655 2316 1928 2388 πατριάρ-

348 2441 448 2494 χου
488 2420 658 2493 κυροῢ
698 2419 953 2473 Φιλοθέου
983 2417 1062 2490 τῷ
1091 2415 1470 2487 εὐγενεστάτω
1508 2411 1732 2484 μεγάλῳ
1769 2410 1929 2477 δομε-

351 2513 522 2583 στίκῳ
549 2511 627 2580 τῷ
658 2509 1007 2580 Παλαιολόγιρ
1036 2509 1166 2580 περὶ
1213 2505 1310 2560 τοῦ
1344 2507 1402 2560 ὲν
1435 2506 1547 2568 τοῖς
1600 2500 1738 2574 πρὸς
1766 2498 1933 2554 Εὐνό-

349 2620 480 2676 μιον
531 2602 944 2674 άπιρῤητικοῖς
989 2599 1085 2655 τοῦ
1129 2598 1370 2669 μεγάλου
1423 2591 1712 2649 Βασιλείου
1759 2589 1930 2662 ῥητοῦ

349 2694 449 2749 τοῦ
487 2694 771 2762 λέγοντος-⁸
811 2712 830 2748 ι
883 2693 943 2747 '0
987 2693 1098 2764 γὰρ
1129 2687 1366 2752 τετοκὼς
1405 2687 1615 2758 βώλους
1659 2684 1926 2756 δρόσου,›

283 2794 288 2798 ’
352 2788 502 2842 κατὰ
525 2787 616 2841 τὸν
650 2782 772 2840 Ἰὼϐ
798 2785 976 2853 λόγον,
1007 2785 1105 2854 οὐχ
1138 2783 1341 2853 ὁμοίως
1370 2780 1468 2846 τάς
1510 2797 1570 2833 τε
1605 2776 1812 2850 βώλους
1839 2777 1934 2830 καὶ

350 2881 446 2934 τὸν
480 2880 610 2934 Υίὸν
639 2879 987 2950 ὑπεστήσατο
1010 2891 1027 2906 °
1057 2879 1156 2932 καὶ
1186 2875 1316 2946 περὶ
1355 2874 1612 2944 θεότητος
1649 2871 1808 2941 λόγος
1841 2875 1931 2938 ιγ’.

356 2973 608 3043 Ejusdem
645 2971 973 3028 sanctissimi
991 2979 1040 3024 et
1061 2968 1366 3026 cecumenici
1386 2966 1710 3037 patriarcha
1735 2959 1938 3017 domini

356 3065 620 3120 I‘hilothei
650 3063 980 3118 nobilissimo
1003 3078 1190 3133 magno
1211 3061 1495 3117 domestico
1514 3057 1845 3127 Pala'ologo,
1873 3056 1938 3110 de

355 3161 500 3212 dicto
535 3157 594 3212 S.
626 3157 820 3212 Basilii
853 3157 910 3210 in
940 3156 1315 3211 Antirrheticis
1367 3163 1554 3207 contra
1590 3150 1936 3212 Eunomium,

355 3251 451 3321 qui
503 3251 580 3303 ait
647 3249 705 3302 in
757 3247 893 3301 hunc
942 3247 1068 3301 labi
1123 3252 1321 3311 iocum,
1357 3264 1376 3297 ι
1422 3245 1529 3312 Qui
1564 3245 1704 3297 enim
1739 3242 1938 3310 peperit

358 3342 539 3413 glebas
575 3341 735 3406 roris,
765 3359 785 3392 ι
821 3356 923 3394 non
956 3341 1202 3395 similiter
1226 3341 1404 3410 glebas
1430 3349 1482 3391 et
1518 3335 1564 3390 F
1567 3337 1719 3390 ilium
1734 3335 1942 3390 consti-

358 3440 546 3502 ruisse,
575 3446 623 3490 et
651 3436 716 3490 de
747 3435 942 3488 deitate
962 3434 1094 3488 liber
1121 3433 1354 3486 decimus
1385 3432 1588 3485 tertius.
1627 3428 1778 3485 luit.:
1806 3430 1944 3497 ’Λγε

359 3530 431 3599 δὴ
461 3529 554 3582 καὶ⁴
584 3528 768 3593 πάλιν,
802 3527 972 3604 φίλων
1004 3526 1214 3596 ἀνδρῶν
1252 3524 1614 3593 εύγενέστατε
1651 3523 1743 3577 καὶ
1792 3522 1944 3591 φιλο-

365 3619 698 3689 μαθέστατε,
729 3615 866 3688 πρὸς
889 3617 986 3680 τὰς
1005 3615 1188 3680 λύσεις
1215 3615 1386 3686 ἴωμεν
1419 3612 1528 3668 τῶν
1554 3612 1664 3668 σῶν
1693 3612 1946 3683 ζητημά-

363 3729 481 3765 των
507 3723 616 3766 etc.
645 3711 761 3766 [τοι.
785 3709 914 3766 212.

440 3801 548 3856 T06
586 3801 750 3857 αὑτοῦ
782 3802 918 3872 πρὸς
951 3801 1043 3855 τὸν
1085 3800 1249 3854 αὐτὸν
1285 3799 1415 3869 περὶ
1457 3799 1561 3868 τῆς
1586 3799 1645 3851 ὲν
1675 3797 1946 3870 Θαὸωρίῳ

366 3896 522 3959 θείας
561 3894 658 3948 τοῦ
690 3893 932 3961 Χριστοῦ
969 3889 1474 3963 μεταμορφώσεως,
1501 3890 1585 3943 ὅτι
1619 3887 1744 3942 οὔτε
1789 3890 1949 3944 οὐσία

365 3985 509 4040 Θεοῦ
535 3985 596 4039 τὸ
625 3985 747 4038 κατ’
781 3983 956 4052 αὐτὴν
996 3982 1112 4052 φῶς
1140 3980 1270 4034 οὔτε
1296 3978 1502 4049 κτίσμα
1523 3995 1537 4010 ·
1568 3979 1662 4032 καὶ
1694 3978 1775 4032 ὅτι
1809 3972 1950 4034 εἶδον

369 4077 507 4132 αὐτὸ
532 4078 582 4130 oi
616 4075 928 4140 ἀπόστολοι,
976 4075 1071 4128 καὶ
1104 4073 1222 4137 πῶς
1267 4067 1410 4127 εἶδον
1435 4076 1452 4103 δ
1488 4072 1584 4124 καὶ
1615 4071 1700 4124 ὅτι
1731 4064 1795 4123 οὐ
1824 4082 1953 4123 σιω-

369 4171 586 4225 πᾶσθαι
615 4170 742 4232 τοὺς
794 4170 924 4238 περὶ
973 4166 1183 4222 τούτων
1219 4166 1413 4234 λόγους
1456 4165 1601 4219 κατά
1638 4180 1792 4227 τινας
1819 4163 1949 4234 χρὴ,

370 4264 514 4325 ἀλλὰ
540 4263 636 4317 καὶ
680 4258 1075 4332 κηρύττεσθαι,
1129 4259 1222 4310 καὶ
1256 4258 1395 4328 πρὸς
1432 4257 1530 4327 τὴν
1568 4255 1805 4326 μετοχὴν
1847 4254 1950 4325 μά.

371 4359 535 4411 λιστα
590 4354 846 4408 σπεύδειν
900 4353 1110 4413 πάντας
1147 4349 1242 4402 τοῦ
1300 4349 1448 4401 θείου
1486 4350 1668 4418 φωτὸς
1707 4345 1949 4403 ἐκείνου.

377 4450 636 4518 Ejusdem
682 4448 752 4501 ad
787 4446 1026 4499 eumdem
1057 4444 1122 4497 de
1155 4444 1334 4497 divina
1361 4442 1853 4512 Transﬁguratione
1899 4444 1954 4496 in

379 4542 672 4605 Thaborio,
709 4539 846 4610 quod
882 4538 1061 4592 lumen
1110 4536 1165 4590 in
1200 4551 1264 4590 ea
1315 4535 1606 4590 exhibitum
1638 4552 1801 4606 neque
1831 4536 1958 4590 sub-'-

265 4659 282 4674 ο
374 4635 582 4690 stantia
618 4633 714 4686 Dei
741 4633 808 4685 sit
851 4645 1015 4698 neque
1043 4637 1294 4683 creatura
1329 4670 1345 4694 ,
1368 4637 1418 4682 et
1450 4629 1589 4697 quod
1629 4627 1856 4695 apostoli
1881 4627 1962 4695 ip-

351 4737 499 4787 ⁵διιεοιι
531 4719 755 4773 viderint
801 4735 863 4770 ac
895 4717 1157 4786 quamodo
1195 4716 1460 4782 uiderint;
1491 4715 1628 4785 quod
1651 4715 1762 4770 haec
1791 4727 1962 4770 tacere

381 4829 487 4867 non
527 4819 788 4880 oporteat,
827 4820 884 4862 ut
924 4808 1144 4878 quidam
1195 4808 1400 4870 volunt,
1429 4807 1521 4863 sed
1555 4808 1735 4876 potius
1761 4808 1962 4878 praedi-

379 4919 521 4957 care.
554 4900 620 4953 Et
651 4903 790 4970 quod
820 4903 888 4952 ad
934 4899 1082 4952 illius
1111 4898 1303 4953 divina:
1339 4899 1472 4952 lucis
1504 4901 1961 4968 participationem

380 5010 564 5050 omnes
621 4983 874 5062 festinare
922 4992 1171 5046 debeant.
1196 4991 1370 5046 lnit.:
1416 4991 1569 5043 Ἐπεὶ
1601 4991 1658 5044 δὲ
1696 4991 1796 5055 τὰς
1837 4993 1967 5062 περὶ

378 5090 481 5150 τὰς
510 5088 686 5152 λέξεις
738 5086 862 5140 καθ’
889 5085 1050 5156 ἡμῶν
1087 5083 1462 5152 συκοφαντίας
1494 5099 1554 5135 τε
1590 5087 1688 5137 καὶ
1721 5102 1967 5139 καινοτο-

385 5181 516 5252 μίας
548 5190 650 5234 etc.
689 5177 809 5232 Fol.
836 5179 965 5233 221.
1009 5215 1011 5217 ι

457 5271 501 5322 Τ
505 5270 567 5321 οὗ
605 5269 771 5323 αὑτοῦ
805 5269 942 5338 πρὸς
985 5267 1078 5322 τὸν
1111 5267 1274 5319 αὖτὶν
1308 5268 1438 5335 περὶ
1468 5265 1576 5318 τῶν
1609 5266 1789 5318 αὐτῶν
1811 5266 1968 5334 λόγος

387 5363 475 5413 ιε’.
511 5357 764 5424 Ejusdem
791 5358 858 5410 ad
892 5356 1133 5411 eumdem
1163 5356 1229 5410 tle
1255 5372 1307 5409 re
1325 5355 1508 5409 eadem
1539 5355 1673 5408 liber
1702 5355 1788 5410 15.
1819 5356 1968 5410 luit.:

398 5449 564 5504 Ἀλλὰ
595 5449 785 5517 καιρὸς
817 5449 882 5501 ἂν
914 5447 1002 5518 εἴη
1032 5447 1241 5512 λοιπὸν,
1279 5447 1373 5500 καὶ
1399 5446 1492 5500 τον
1530 5448 1692 5500 οἱονεὶ
1727 5448 1876 5512 τέλος
1910 5467 1968 5502 τε

386 5542 487 5596 καὶ
514 5541 786 5609 σφραγῖδα
818 5551 921 5594 etc.
958 5538 1073 5594 Fol.
1104 5539 1210 5592 227
1238 5551 1416 5594 verso.

464 5634 644 5703 Μέχρι
697 5632 796 5700 μὲν
833 5630 1040 5684 τούτων
1074 5630 1490 5700 συμπληροῦται
1521 5631 1581 5684 τὸ
1615 5633 1840 5702 βιϐλίον,
1875 5652 1972 5687 κα-

391 5725 506 5790 θὼς
540 5728 597 5778 ὲν
629 5726 748 5787 ταῖς
793 5722 1158 5794 προθεωρίαις
1198 5720 1646 5781 διαλαμϐάνεται.
1698 5728 1971 5796 Προσετέ-

731 5818 1158 5901 Ρλτῐιοιηυιι.
1207 5815 1302 5875 CI.
1317 5855 1332 5872 .

2017 1035 2115 1088 καὶ
2167 1032 2436 1104 πρότριτά
2472 1031 2564 1101 μοί
2617 1048 2702 1096 τις
2739 1030 2847 1084 τῶν
2882 1030 3131 1100 συνήθων
3189 1029 3454 1098 ἀγγελίαν
3487 1022 3592 1101 ἧκε

2017 1126 2262 1198 κομίζων
2290 1135 2396 1180 etc.
2421 1123 2538 1178 Fol.
2562 1124 2690 1178 257.

2090 1217 2198 1272 Τοῦ
2229 1217 2397 1272 αὐτοῦ
2419 1219 2532 1278 τοῖς
2562 1216 2930 1281 ἐνδοξοτάτοις
2965 1219 3059 1270 καὶ
3104 1217 3598 1289 περιφανεστάτοις

2022 1311 2288 1382 μεγάλοις
2321 1309 2666 1380 δομεστίκοις
2708 1311 2836 1379 περὶ
2881 1311 2980 1378 τῆς
3021 1309 3258 1374 παλαιᾶς
3290 1310 3598 1379 περιτομῆς

2020 1405 2382 1472 έρωτήσασιν.
2418 1400 2667 1473 Ejusdem
2710 1403 3108 1473 gloriosissimis
3140 1411 3188 1455 et
3223 1400 3598 1456 illustrissimis

2023 1499 2228 1567 magnis
2272 1499 2572 1551 domesticis
2607 1499 2670 1550 de
2704 1499 2861 1551 veleri
2892 1497 3307 1550 circumcisione.
3332 1497 3548 1552 Initium
3583 1513 3598 1550 :

2037 1588 2178 1657 Ἐγὼ
2208 1588 2307 1657 μὲν
2328 1589 2474 1658 ὑμᾶς
2493 1587 2651 1658 ᾤμην
2681 1589 2746 1640 ὲκ
2766 1588 2867 1658 τῆς
2903 1590 3122 1658 μακρᾶς
3157 1587 3472 1657 ἀποδημίας
3492 1593 3600 1642 etc.
3668 1623 3670 1625 ›

2023 1675 2142 1732 Fol.
2177 1676 2304 1733 245.
2334 1693 2514 1732 verso.

2097 1767 2179 1821 Τὰ
2213 1768 2486 1837 κεφάλαια
2550 1768 2656 1842 (ιδ’)
2700 1773 2803 1839 τῆς
2853 1773 3121 1839 αἱρέσεως
3168 1771 3480 1826 Ἀκινδύνου
3509 1771 3605 1828 καὶ

2023 1861 2294 1932 Βαρλαάμ
2341 1862 2438 1914 καὶ⁴
2470 1861 2580 1914 τῶν
2635 1863 2955 1934 ὀμοφρόνων
3007 1863 3214 1928 αὐτοῖς,
3249 1865 3472 1919 τεθέντα
3505 1865 3607 1935 μὲν

2024 1953 2099 2016 ὡς
2148 1953 2304 2007 αὐτοὶ
2340 1954 2801 2024 συνεγράψαντο,
2839 1953 3040 2024 ἐφεξῆς
3091 1956 3148 2008 δὲ
3182 1957 3606 2027 άνατρεπόμενα

2027 2047 2180 2114 παρὰ
2216 2045 2312 2098 τοῦ
2365 2045 2530 2099 αὐτοῦ
2585 2049 2952 2120 πατριάρχου.
3003 2051 3064 2103 14
3116 2050 3309 2118 Capita
3354 2051 3607 2106 Itwreseos

2027 2137 2289 2206 Acindyni
2347 2144 2396 2189 et
2444 2135 2720 2192 Barlaami
2755 2157 2818 2192 ac
2869 2143 3172 2210 sequacium
3209 2159 3410 2207 eorum,
3436 2144 3613 2213 posita

2027 2230 2260 2300 quidem,
2293 2238 2351 2282 ut
2379 2229 2480 2298 ipsi
2504 2231 2850 2299 scripserunt,
2877 2234 3065 2288 deinde
3091 2251 3209 2288 vero
3230 2252 3408 2290 eversa
3426 2239 3491 2291 ab
3521 2255 3612 2293 eo-

2028 2322 2149 2376 dem
2178 2320 2514 2391 patriarcha.
2538 2320 2758 2378 initium
2789 2341 2802 2376 :
2836 2321 3147 2393 Propositio
3178 2326 3469 2397 Acyndiui.
3503 2329 3611 2384 A6-

2031 2429 2222 2484 γουσιν
2254 2413 2661 2484 ἐναντιούμενοι
2694 2418 2760 2487 τῇ
2791 2416 2912 2486 θείᾳ
2961 2418 3150 2490 Γραφῇ
3187 2429 3294 2476 etc.
3330 2421 3450 2477 Fol.
3484 2423 3610 2479 249.

2103 2506 2395 2572 Συνοδικὸς
2427 2507 2597 2578 τόμος
2622 2511 3019 2580 γεγραμμένος
3053 2514 3146 2566 ἐπὶ
3179 2516 3300 2577 ταῖς
3329 2515 3616 2586 ἐξελεγξά-

2037 2619 2159 2665 σαις
2180 2603 2275 2656 καὶ
2298 2601 2742 2671 ἀποδαλομέναις
2771 2601 2871 2674 τὴν
2903 2604 2996 2658 τοῦ
3021 2606 3290 2676 Βαρλαὰμ
3311 2611 3406 2662 καὶ
3429 2609 3617 2665 Ἀκιν-

2033 2693 2192 2746 δύνου
2225 2691 2556 2747 δυσσέϐειαν
2608 2693 2878 2763 μεγάλαις
2929 2696 3192 2762 συνόδοις,
3235 2700 3293 2753 έν
3314 2697 3404 2764 αἷς
3450 2703 3550 2773 οὐχ
3585 2705 3626 2772 ἡ

2048 2785 2347 2857 Ἐκκλησία
2392 2787 2544 2838 πᾶσα
2581 2786 2764 2855 μόνον,
2801 2786 2940 2842 ἀλλὰ
2989 2789 3144 2860 καὶὴ
3185 2791 3490 2864 σύγκλητος
3526 2795 3621 2849 καὶ

2038 2877 2090 2932 οἱ
2123 2877 2403 2932 καθολικοὶ
2453 2881 2715 2950 παρῆσαν
2743 2880 2854 2955 τῶν
2901 2880 3191 2951 Ῥωμαίων
3226 2888 3432 2956 κριταὶ,
3486 2904 3622 2959 προ·

2043 2969 2356 3040 καθημένου
2411 2970 2504 3023 καὶ
2536 2969 2632 3022 τοῦ
2683 2969 2960 3026 θειοτάτου
2999 2971 3268 3042 βασιλέως
3300 2975 3406 3040 ἕως
3438 2970 3500 3030 06
3529 2997 3623 3031 πε-

2043 3061 2190 3134 ριῆν.
2248 3061 2542 3132 Synodicus
2598 3070 2770 3117 tomus
2804 3064 3033 3132 scriptus
3065 3069 3119 3119 in
3151 3070 3360 3138 magnis
3408 3073 3621 3140 synodis

2040 3169 2157 3223 qua:
2198 3153 2476 3207 Barlaami
2525 3165 2572 3207 et
2619 3154 2884 3224 Acimlyui
2925 3157 3244 3225 impietatem
3282 3161 3622 3230 confutarunt

2041 3255 2090 3302 et
2139 3247 2584 3316 proscripseruut,
2631 3247 2820 3316 quibus
2855 3264 2957 3300 non
3010 3256 3121 3302 tota
3152 3249 3326 3304 solum
3362 3251 3626 3320 Ecclesia,

2043 3342 2134 3394 sed
2192 3341 2353 3394 etiam
2388 3348 2603 3393 senatus
2634 3351 2682 3393 et
2721 3339 2973 3395 catholici
3027 3340 3391 3397 Romanorum
3413 3347 3627 3415 judices

2046 3433 2293 3495 aderant,
2321 3432 2635 3498 prcesidentc
2661 3431 2990 3486 dicinissimo
3020 3433 3356 3502 imperatore,
3389 3440 3627 3508 quandiu

2045 3531 2306 3594 superstes
2337 3522 2464 3594 fuit.
2505 3523 2718 3578 initium
2746 3543 2760 3578 :
2808 3525 3123 3590 Ἐπαινετὸς
3155 3526 3372 3599 ἀληθῶς
3401 3531 3431 3582 ό
3456 3529 3628 3583 εἰπὼν

2045 3615 2145 3684 τὴν
2181 3612 2509 3669 ταπείνωσιν
2534 3611 2798 3684 ἀληθείας
2834 3609 2976 3669 εἶναι
3033 3615 3335 3685 ἐπίγνωσιν
3364 3628 3470 3674 etc.
3507 3618 3629 3675 Fol.

2046 3703 2175 3761 258.
2212 3706 2346 3760 Acta
2371 3713 2458 3761 est
2509 3706 2624 3761 haec
2659 3708 2899 3775 synodus
2955 3723 3142 3764 mense
3185 3709 3454 3780 Augusto,
3487 3712 3632 3767 indi-

2049 3799 2232 3853 ctione
2259 3799 2316 3862 9,
2351 3811 2497 3852 anno
2547 3799 2735 3852 mundi
2793 3798 2955 3865 6849,
2991 3799 3041 3853 id
3091 3809 3176 3855 est
3232 3799 3437 3858 Christi
3471 3803 3632 3858 13H.

2052 3887 2363 3945 Subscribit
2409 3889 2650 3946 Joannes
2708 3899 2848 3960 patr.
2909 3892 2968 3946 C.
3008 3894 3070 3946 P.
3108 3910 3234 3948 cum
3269 3897 3634 3965 ntetropolitis

2053 3991 2200 4036 octo.
2229 3979 2352 4036 Jam
2393 3981 2644 4050 sequitur
2678 3983 2822 4034 Ἴσον
2874 3982 2970 4034 τοῦ
3001 3984 3154 4050 παρὰ
3188 3985 3296 4037 τῶν
3327 3985 3635 4055 ἀρχιερέων

2057 4073 2157 4142 (ς’)
2188 4072 2471 4140 γεγονότος
2507 4072 2836 4142 γράμματος
2888 4073 3030 4125 κατὰ
3063 4074 3163 4141 τὴν
3201 4075 3635 4130 πεντεκαιδεκά-

2056 4184 2157 4238 την
2179 4165 2413 4220 ῐνδικτον
2435 4164 2568 4236 περὶ
2594 4163 2690 4218 τοῦ
2727 4163 3008 4218 συνοδικοῦ
3033 4166 3225 4219 τούτου
3254 4167 3446 4236 τόμου.
3480 4167 3634 4224 Illum

2062 4271 2259 4324 nempe
2293 4257 2617 4326 approbant,
2639 4255 3000 4326 Barlaamque
3031 4257 3083 4310 in
3121 4257 3220 4313 hac
3247 4259 3458 4330 synodo
3485 4261 3638 4316 dam-

2063 4356 2249 4403 natum
2286 4363 2346 4403 se
2375 4360 2594 4418 quoque
2622 4351 2880 4402 damnare
2935 4347 3284 4416 proﬁtentur.
3593 4390 3598 4394 .

2136 4439 2419 4504 Συνοδικδς
2461 4437 2643 4509 τρίτος
2677 4439 2844 4509 τόμος
2901 4443 3043 4494 κατὰ
3090 4442 3190 4512 τῆς
3224 4441 3492 4514 Βαρλαὰμ
3547 4446 3642 4497 καὶ

2078 4534 2388 4588 ’Λκινδύνου
2426 4533 2660 4602 πλάνης,
2693 4534 2807 4596 τοῖς
2833 4533 3124 4604 προτέροις
3159 4535 3441 4604 ὁμόλογος.
3485 4535 3642 4603 Ἐγέ-

2066 4645 2187 4682 νετο
2215 4629 2273 4681 δὲ
2307 4627 2396 4680 διὰ
2420 4626 2548 4689 τοὺς
2575 4623 2804 4697 ὕστερον
2833 4625 3314 4695 ἀκολουθήσαντας
3340 4629 3406 4696 τῇ
3425 4627 3642 4680 τούτων

2067 4723 2268 4792 πλάνῃ,
2296 4720 2389 4774 τόν
2420 4735 2480 4773 τε
2520 4720 2943 4791 χρηματίσαντα
2995 4721 3224 4788 Ἐφέσου
3260 4720 3354 4772 καὶ
3403 4723 3494 4772 τὶν
3538 4721 3647 4776 Γά·

2068 4833 2183 4877 νου,
2223 4814 2511 4884 Γρηγορᾶν
2544 4828 2604 4867 τε
2650 4814 2746 4866 καὶ
2779 4811 2966 4878 Δέξιον
3022 4813 3118 4865 καὶ
3177 4811 3364 4876 αὐτοῖς
3401 4830 3646 4867 συνυπα-

2069 4908 2318 4979 χθέντας.
2347 4905 2492 4962 Idem
2526 4905 2822 4977 synodicus
2861 4904 2998 4960 liber
3019 4903 3133 4974 jam
3170 4913 3391 4958 notatus
3422 4906 3522 4960 fuit
3553 4922 3647 4960 co-

2070 5001 2190 5056 dice
2214 4999 2278 5055 C.
2313 4999 2653 5058 variantibus
2685 5004 2892 5051 tantum
2950 4995 3466 5064 subscriptionibus.
3493 4995 3649 5053 Insu-

2070 5105 2167 5162 per
2215 5098 2336 5159 post
2388 5072 2820 5156 subscriptiones
2852 5088 2926 5140 ita
2959 5086 3010 5139 in
3045 5085 3146 5139 hoc
3196 5085 3383 5140 codice
3428 5086 3643 5156 legitur,

2072 5179 2201 5253 Εἶχε
2239 5183 2330 5236 καὶ
2369 5183 2567 5252 ἑτέραν
2602 5180 2932 5249 ὑπογραφὴν
2965 5178 3107 5248 μετὰ
3140 5179 3237 5232 καλ⁵
3274 5180 3649 5251 προγράμμα-

2071 5291 2162 5334 τος
2187 5272 2340 5324 τοῦδε
2368 5273 2403 5326 i.
2440 5269 2610 5325 Habet
2646 5281 2692 5323 et
2733 5269 2906 5322 aliam
2943 5267 3380 5336 subscriptionem
3409 5286 3530 5323 cum
3551 5271 3648 5323 hoc

2070 5365 2339 5434 prooemio.
3126 5349 3130 5351 ἢ

2145 5457 2407 5514 Prommii
2460 5455 2720 5509 initium:
2790 5451 2851 5506 Ἦ
2909 5454 3160 5526 βασιλεία
3221 5471 3322 5523 μου
3381 5451 3650 5522 μέλλουσα

2078 5545 2416 5620 ὑπογράφειν
2453 5545 2510 5596 ὲν
2540 5543 2618 5614 τῷ
2653 5543 2882 5613 παρόντι
2915 5544 3092 5613 τόμῳ,
3117 5540 3473 5612 προγεγονὸτι
3499 5544 3651 5608 παρὰ

2079 5637 2172 5691 τοῦ
2201 5632 2468 5707 κραταιοῦ
2492 5634 2594 5711 ,καὶ
2629 5633 2786 5700 ἁγίου
2818 5650 2921 5702 μου
2962 5633 3350 5702 αὑθέντουκαὶ
3389 5629 3654 5699 βασιλέως

2075 5728 2169 5782 τοῦ
2202 5727 2409 5795 πατρὸς
2442 5725 2541 5796 τῆς
2578 5721 2855 5795 βασιλείας
2896 5741 3023 5795 μου,
3069 5723 3165 5778 καὶ
3209 5729 3305 5792 τῆς
3358 5720 3507 5784 θείας
3551 5720 3651 5773 καὶ

3203 5812 3278 5870 2‘7
