4180 6308
419 441 537 504 849
1592 449 2039 523 θ’ῐὶίΕϐΟΒυΜ
2078 450 2548 519 ΞΕΝΤΕΝΤΙΕ.
3584 454 3718 518 8507-

429 558 491 610 Ei
518 558 626 628 γὰρ
656 560 828 629 μονάς
856 560 1132 630 πέφυκεν,
1158 563 1274 618 ἀλλ’
1299 564 1441 636 ὑπὲρ
1470 565 1655 633 φύσιν.
1806 636 1809 641 _

420 651 532 703 Kal
565 649 675 721 γὰρ
701 654 861 723 τριὰς
891 654 1158 723 πέφυκεν,
1191 657 1308 710 ἀλλ’
1340 657 1482 728 ὑπὲρ
1506 655 1692 726 φύσιν.

419 742 539 811 Ζωὴ
577 758 661 809 τε,
682 743 778 796 καὶ
811 743 958 810 νοῦς,
988 749 1087 801 καὶ
1106 748 1417 819 τρισόλϐιον
1450 747 1662 810 σθένος,

419 833 531 887 Kal
556 835 762 904 γνῶσις
794 837 955 909 αὑτὴ,
989 840 1083 894 καὶ
1110 843 1395 913 παναλκὴς
1425 841 1574 909 ἀξια.

416 926 561 992 Φῶς,
589 927 813 1001 κάλλος,
840 916 991 986 αὑτδ
1008 934 1273 1002 τάγαθὸν,
1295 935 1450 1003 δόξα,
1475 935 1702 1005 κράτος.

418 1020 530 1075 Καὶ
562 1022 674 1076 πᾶν
704 1021 735 1077 ὃ
753 1040 808 1078 τι
833 1024 1136 1095 φράζουσιν
1151 1027 1321 1084 αὑτὸν
1344 1030 1395 1084 οί
1422 1029 1593 1098 λόγοι.

418 1113 572 1185 Πλὴν
604 1115 722 1171 ἀλλ’
750 1117 1174 1189 ἀνεξάλλακτον,
1214 1123 1291 1188 ὡς
1309 1124 1373 1178 ἓν
1395 1124 1493 1179 καὶ
1524 1124 1709 1193 μόνον.

420 1206 794 1278 ιιαραλλαγῆς
831 1210 942 1282 γὰρ
967 1212 1210 1285 οὐδαμοῦ
1230 1215 1403 1286 δήπου
1424 1216 1592 1280 τόπος

433 1298 523 1351 Ἐν
553 1297 631 1369 τῷ
659 1303 950 1371 τριφεγγετ
975 1304 1075 1375 τῆς
1096 1306 1355 1377 έναρχιας
1385 1311 1600 1376 κράτει.

420 1389 593 1459 Τριάς
639 1392 831 1461 μονὰς,
868 1394 1043 1453 σῶσόν
1085 1415 1176 1469 με.
1202 1398 1296 1454 σοῦ
1333 1400 1503 1472 μόνης
1531 1402 1746 1473 λάτριν,

419 1477 527 1546 Ἦς
543 1484 714 1539 τᾶλλα
749 1486 928 1542 πάντα
954 1490 1295 1563 δημιουργία
1327 1494 1520 1565 μόνης.

421 1577 533 1630 Kal
562 1579 773 1648 κτίσμα
802 1582 912 1636 πᾶν
944 1582 1006 1636 ὃν
1032 1583 1134 1653 τῆς
1162 1585 1463 1657 ὑφειμένης
1493 1587 1680 1658 ἕδρας.

422 1668 535 1739 Οδχ
566 1671 789 1740 ἥττονος
818 1672 927 1744 γὰρ
949 1673 1267 1739 δυσσεϐείας
1292 1677 1412 1733 ἐστι
1441 1695 1548 1732 που

422 1760 529 1814 Τοῦ
552 1763 757 1832 κτίσμα
790 1766 1023 1835 φάσκειν
1048 1769 1150 1836 τὴν
1179 1770 1445 1825 ἀνωτάτω
1475 1772 1663 1843 φύσιν,

423 1854 497 1907 Τό
524 1871 579 1908 τι
612 1859 829 1925 φρονεῖν
849 1858 1108 1914 ἄκτιστον
1149 1861 1556 1934 ἠλαττωμένον,

423 1945 491 2000 Ἥ
523 1950 574 2000 τὶ
603 1951 822 2019 φρονεῖν
847 1950 1069 2005 ἔλαττον
1097 1953 1199 2008 οὐκ
1229 1955 1574 2027 ἐκτισμένον.

421 2036 575 2108 Αὕτη
608 2042 710 2109 μὲν
737 2039 831 2095 οὖν
860 2042 1141 2115 ἄρρηκτος
1174 2046 1206 2115 ἡ
1238 2047 1460 2102 πάντων
1494 2049 1653 2118 βάσις

422 2132 561 2187 Καθ’
590 2133 657 2205 ἢν
690 2134 753 2189 τὸ
776 2134 932 2191 Θείον
961 2139 1302 2211 εὐσεϐοὖμεν
1324 2141 1642 2212 ἐμφρόνως,

422 2227 563 2289 Τοὺς
595 2230 901 2300 πατρικοὺς
936 2230 1224 2298 στέγοντες
1264 2234 1578 2304 εὑπήκτους
1609 2237 1793 2306 ὅρους.

427 2317 615 2387 Ἔχεις
637 2317 697 2370 τὸ
713 2320 893 2373 κοινὸν
920 2321 981 2387 ἐξ
1017 2322 1330 2385 ’Δκινδὺνου
1361 2325 1539 2396 δόγμα

424 2405 537 2483 Kal
561 2407 749 2462 καινὸν
775 2408 951 2476 οὐδὲν,
984 2411 1096 2465 οὐδ’
1128 2413 1270 2485 ὑπὲρ
1296 2415 1368 2469 τὰ
1392 2417 1742 2488 ἐσκαμμένα.

426 2494 572 2565 Ὅρα
600 2498 664 2552 τὸ
677 2501 865 2555 καινὸν
890 2502 987 2556 τοῦ
1011 2503 1365 2575 Παλαμναίου
1404 2507 1602 2580 βόθρου

426 2590 537 2643 Καὶ
566 2591 744 2647 κοινὸν
774 2593 949 2661 οὐδὲν,
978 2596 1101 2651 οὐδὲ
1129 2598 1239 2653 τῶν
1266 2602 1627 2671 ἐσκαμμένωι

439 2681 623 2753 ’Δπλῷ
646 2683 746 2752 μὲν
773 2687 972 2752 εἰπεῖν,
1006 2689 1104 2743 καὶ
1134 2693 1468 2765 συνημμένῳ
1492 2694 1658 2767 λόγῳ,

424 2774 762 2832 Ἰὀὺναντίον
808 2780 917 2833 πᾶν
952 2782 1065 2843 τοῖς
1101 2780 1448 2852 λελεγμένοις
1472 2785 1644 2855 λέγει,

438 2869 904 2938 ’Λντιστρατεύων
934 2872 1009 2943 τῷ
1038 2873 1344 2929 καθεστῶτι
1382 2878 1601 2946 κράτει,

427 2957 609 3013 Κινῶν
632 2978 691 3015 τε
714 2962 912 3030 πάντα,
945 2966 1043 3018 καὶ
1075 2966 1280 3035 κυκῶν,
1311 2970 1363 3022 κ’
1390 2971 1779 3042 ἀναστρέφων,

440 3048 677 3120 Ἀφῆκεν
703 3053 858 3107 οὐδὲν
886 3054 1151 3120 εὐσταθὲς
1172 3058 1283 3113 τῶν
1307 3059 1623 3132 δογμάτων.

426 3140 503 3194 Τὸ
531 3141 587 3195 δὲ
607 3143 867 3216 φρόνημα
893 3146 992 3201 τοῦ
1020 3149 1400 3222 πολυστρόφου
1425 3155 1631 3209 πλάνου

440 3230 752 3302 Ἑλληνικὸν
789 3237 1050 3308 μάλιστα,
1083 3242 1178 3296 καὶ
1197 3243 1392 3299 τούτου
1419 3246 1585 3318 πέρα.

427 3324 730 3395 Μερίζεται
762 3328 871 3402 γὰρ
893 3332 926 3402 ἡ
952 3333 1123 3402 μονὰς
1152 3338 1526 3410 μετρουμένη,

426 3417 568 3493 Οὐχὶ
603 3424 919 3495 προσώποις
941 3428 1079 3485 ἀλλά
1104 3429 1336 3503 βαθμοῖς
1356 3436 1723 3506 πραγμάτων.

427 3605 546 3677 ipse
572 3610 719 3666 enim
745 3625 967 3670 omnem
998 3620 1252 3670 naturam
1290 3618 1557 3675 condidit.
1589 3618 1745 3688 Quod
1780 3624 1825 3680 si
1855 3640 1884 3681 a
1920 3625 2013 3685 Dei

427 3700 698 3757 ministris
748 3711 946 3760 natura
1003 3705 1125 3775 ejus
1178 3708 1525 3779 praedicetur,
1573 3715 1800 3772 minime
1830 3727 1889 3771 ut
1919 3731 2017 3775 na-

428 3797 580 3859 tura,
608 3792 706 3847 sed
736 3794 897 3850 veluti
930 3804 1139 3852 natum
1181 3799 1468 3864 Conditor,
1504 3804 1722 3872 qualem
1758 3822 1885 3862 eum
1917 3823 2017 3864 no-

429 3883 613 3938 vimus
645 3892 699 3938 et
748 3886 970 3944 aliunde
1032 3889 1234 3945 merito
1272 3904 1302 3944 a
1346 3892 1692 3961 sapientibus
1724 3896 1820 3952 Dei
1851 3898 2017 3954 mini-

433 3974 565 4030 stris
584 3987 955 4048 nuncupatur.
1002 3978 1171 4051 Magis
1196 3990 1378 4036 autem
1401 3983 1646 4040 continet
1662 3987 1717 4041 in
1749 4001 1808 4042 se
1833 3987 2014 4045 omnia

429 4064 794 4135 coniunctim,
829 4080 1027 4126 cuncta
1075 4071 1277 4127 etenim
1332 4072 1575 4145 undique
1619 4076 1736 4145 ipse
1782 4077 2014 4151 colligit,

427 4158 569 4212 nihil
619 4174 747 4215 vero
778 4160 831 4214 in
870 4170 1135 4231 quantum
1162 4165 1432 4222 creaturis
1482 4168 1763 4234 convenit.
1822 4167 2020 4230 Unitas

427 4252 683 4320 quaedam
719 4261 881 4310 notas
912 4254 1054 4310 inter
1091 4271 1353 4341 personas
1375 4258 1616 4326 exsistit,
1636 4274 1803 4332 quam
1833 4264 2020 4322 nullus

428 4344 714 4415 superavit
766 4360 1033 4418 unquam,
1077 4358 1269 4419 utpote
1305 4351 1552 4406 omnium
1591 4351 1860 4410 Conditor
1909 4373 1924 4411 :
1971 4359 2016 4414 si

426 4437 577 4494 enim
598 4436 783 4495 unitas
802 4438 1038 4508 exsistit,
1062 4456 1231 4513 supra
1251 4453 1500 4499 naturam
1516 4445 1752 4503 exsistit.
1779 4446 2019 4505 Trinitas

2041 564 2087 623 Δ
2119 568 2228 622 Kal
2256 568 2517 640 τέμνεται
2537 569 2602 640 δὴ
2619 570 2858 640 τάμερὲς
2895 566 3257 637 πολυτρόπως

2110 661 2226 713 Οὐκ
2252 661 2330 723 είς
2363 662 2503 732 μέρη
2534 661 2695 731 μόνον
2741 660 2820 726 δὲ,
2848 660 2987 716 ἀλλά
3016 659 3111 714 καὶ
3139 658 3315 729 μέρη..

2121 750 2209 813 Ὠς
2231 751 2293 816 ἐξ
2326 752 2574 823 ἀπείρων
2608 752 3039 823 συντεθειμένων
3080 751 3275 815 ξένων.

2110 844 2455 914 Δημοκρίτου
2480 846 2541 899 τὸ
2565 845 2771 915 πλῆθος
2799 843 3033 900 ἐνταῦθα
3064 844 3266 914 βλέπω,

2110 938 2220 992 Kal
2252 938 2430 1003 νείκος
2453 938 2738 1009 ἐξάγιστον
2779 938 3232 1010 Ἐμπεδοκλέους,

2110 1031 2398 1096 Πλάτωνος
2430 1031 2573 1103 εἴδη,
2608 1031 2708 1088 καὶ
2745 1031 2904 1097 θεοὺς
2945 1032 3049 1102 τῆς
3090 1030 3371 1094 Ἑλλάδος..

2113 1124 2337 1194 Ἀρειον
2359 1123 2552 1195 ἀϐρὸν,
2576 1124 2675 1194 τὴν
2704 1122 2996 1179 Σαδελλίου
3029 1123 3261 1193 πλάνην.

2114 1216 2320 1285 Ἀμφω
2371 1216 2641 1287 Παλαμᾶν
2673 1216 2733 1270 ἕν
2756 1233 2810 1270 τι
2843 1215 3106 1270 σύνθετον.
3133 1215 3303 1285 τέρας

2126 1308 2216 1376 Ἐξ
2247 1311 2569 1381 ἀντιφώνων
2596 1310 2691 1367 καὶ
2712 1309 2993 1366 κακίστων
3025 1309 3333 1379 δογμάτων,

2112 1408 2197 1477 Ili]
2233 1406 2334 1477 μὲν
2363 1407 2500 1463 Θεοῦ
2533 1408 2805 1477 τέμνοντα
2838 1407 2940 1478 τὴν
2973 1407 3238 1475 ἀπειρίαν

2112 1500 2207 1562 Εἰς
2226 1498 2329 1552 οὐκ
2373 1499 2491 1563 ἴσας
2517 1498 2978 1567 πλάστιγγας,εἰς
3009 1496 3186 1566 ἄκραν
3213 1495 3398 1567 μάχην
3432 1510 3446 1526 ο

2112 1589 2198 1657 Πῆ
2236 1587 2378 1652 δἐίς
2411 1587 2753 1652 ἀνουσίωσιν,
2780 1586 2890 1641 οὐδ’
2922 1585 3254 1647 ὑποστάσεις

2115 1680 2377 1746 Ἀγοντα,
2403 1680 2496 1733 καὶ
2534 1678 2771 1750 φέροντα
2804 1679 2904 1741 τὰς
2944 1677 3299 1742 ὑποστάσεις,

2112 1766 2209 1832 Af;
2240 1773 2351 1825 πᾶν
2382 1770 2592 1840 ὑπέστη
2614 1770 2980 1841 δημιουργίας
3012 1771 3194 1837 γένος.

2039 1895 2085 1956 Β
2118 1864 2353 1956 Ἔπειτα
2366 1864 2465 1934 τὴν
2499 1863 2739 1934 ἄναρχον
2768 1863 2982 1932 ἡγεῖται
3016 1860 3201 1956 χάριν,

2118 1955 2221 2007 Ἦν
2241 1947 2384 2008 εἶδεν
2411 1952 2611 2020 οὐδεὶς,
2641 1953 2752 2007 οὐδ’
2780 1953 2909 2006 ίδείν
2937 1950 3051 2020 ἔχει
3084 1950 3271 2021 φύσιν,

2112 2044 2233 2100 Κᾶν
2257 2046 2496 2114 ἀγγέλου
2531 2045 2780 2119 χάρισμα
2810 2046 3095 2118 προσλάϐῃ
3124 2044 3307 2113 φύσιν,

2122 2138 2288 2208 Ὀρᾷν
2314 2138 2533 2208 ἀληθῶς
2559 2141 2852 2210 σαρκικαϊς
2884 2139 3078 2207 ἁγναῖς
3109 2137 3304 2207 κόραις

2114 2229 2517 2294 Μασσαλιανοῖς
2550 2230 2814 2302 ὲμμανῶς
2844 2226 2912 2285 αὖ
2955 2223 3292 2301 συντρέχων.

2114 2324 2177 2376 Ei
2205 2322 2249 2375 δ’
2276 2322 2524 2392 ἀγγέλων
2565 2322 2847 2392 πέφευγεν
2882 2320 3168 2392 αἰσθήσεις
3209 2319 3396 2389 φύσις,

2113 2416 2241 2479 Πῶς
2269 2415 2331 2468 οὐ
2357 2415 2569 2487 πλάνης
2596 2415 2871 2473 δείκνυσιν
2891 2415 3129 2484 ἐσχάτης
3151 2412 3364 2481 γέμων,

2119 2509 2412 2562 Ἀκτιστον
2438 2507 2497 2571 ὃς
2527 2506 2668 2576 φῶς,
2694 2505 2885 2578 φησὶν,
2918 2505 3177 2576 αἰσθήσει
3214 2503 3462 2575 βλέπειν,

2115 2600 2189 2652 Τὸ
2216 2599 2572 2671 δημιουργὸν,
2606 2599 2708 2662 τὰς
2738 2598 3066 2668 ἀσωμάτους
3102 2596 3318 2666 φύσεις,

2121 2693 2189 2745 Ὃ
2229 2693 2305 2762 μὴ
2328 2690 2549 2762 βλέπειν
2569 2693 2814 2760 πέφυκεν
2853 2689 3160 2760 ἀνθρώπων
3188 2687 3377 2759 φύσις,

2117 2785 2180 2838 El
2217 2782 2294 2856 μὴ
2324 2783 2492 2854 θεατῇ
2516 2784 2584 2855 τῇ
2616 2781 2827 2854 βροτῶν
2856 2781 3014 2845 αὖθις
3045 2781 3206 2850 φύσει
3237 2796 3253 2847 ;

2116 2879 2229 2932 Kal
2255 2875 2575 2946 δογματίζει
2608 2876 2723 2936 τοῖς
2755 2873 3105 2944 πολυστίχοις
3134 2873 3315 2940 λόγοις

2117 2948 2227 3023 Kal
2264 2967 2548 3021 δυσπσείν
2584 2967 2827 3038 κέκραγε
2860 2967 2987 3030 τοὺς
3024 2965 3340 3034 σεϐασμίως

2130 3061 2220 3123 Ὠς
2249 3059 2452 3131 εὐσεϐῆ
2486 3058 2643 3114 ταῦτ’
2676 3061 2830 3115 ἐστὶν
2858 3060 2921 3113 οὑ
2947 3059 3325 3131 κεκραγότας.-

2123 3155 2246 3220 ῐιῶς
2283 3149 2440 3218 οὗτος
2469 3150 2633 3218 εἶδεν,
2664 3154 2726 3207 οὑ
2748 3152 2884 3209 Θεοῦ
2930 3154 3092 3220 δόξαν
3122 3154 3291 3221 λέγω,

2040 3234 2084 3291 c
2128 3248 2270 3303 Ἀλλ’
2296 3248 2458 3312 αὐτὸς
2479 3245 2645 3302 αὐτοῦ
2670 3245 2768 3316 τὴν
2798 3244 3092 3317 ἀσώματον
3120 3244 3325 3316 φύσιν;

2116 3339 2304 3402 Οὐδεὶς
2336 3340 2465 3408 γὰρ,
2495 3338 2673 3400 οὐδεὶς
2698 3332 2841 3391 οἶδεν
2871 3336 3103 3406 ἀγγέλου
3133 3340 3325 3406 φύσιν,

2115 3433 2190 3487 Οὐ
2229 3431 2470 3504 ψυχικὴν
2492 3430 2690 3503 ἔϐρεψε
2725 3431 2943 3501 γυμνὴν
2974 3430 3192 3494 οὐσίαν,

2115 3622 2340 3678 Patrum
2369 3619 2586 3688 regulas
2637 3617 2995 3688 inconcussas
3023 3618 3261 3670 tuemur.
3290 3615 3368 3669 Eu
3401 3628 3695 3672 commune
3745 3638 3755 3645 -

2115 3713 2366 3785 Gregorii
2429 3710 2698 3782 Acindyni
2768 3708 3009 3779 dogma,
3088 3708 3228 3765 nihil
3268 3708 3396 3778 ipsi
3451 3720 3701 3775 novum,

2117 3819 2220 3863 nec
2249 3804 2389 3863 lines
2419 3801 2655 3859 excedit.
2689 3799 2855 3856 Juxta
2887 3815 3042 3867 vero,
3082 3814 3281 3856 novum
3330 3800 3515 3869 aspice
3540 3800 3699 3855 Pala-

2118 3911 2223 3951 ωδε
2278 3894 2535 3973 abyssum
2587 3910 2603 3948 :
2664 3892 2806 3947 nihil
2866 3892 2971 3961 ipsi
3036 3905 3353 3956 commune,
3408 3905 3514 3945 nec
3558 3893 3709 3949 intra

2120 3976 2263 4040 ﬁnes
2313 3982 2611 4045 clauditur,
2678 3980 2777 4036 sed
2821 3989 2882 4035 ut
2931 3981 3082 4038 clara
3113 3991 3375 4035 accurate
3404 3979 3608 4046 dicunt,
3635 3992 3704 4035 ex

2117 4075 2281 4132 dictis
2328 4071 2665 4128 contrarium
2715 4070 2943 4125 omnino
2967 4070 3159 4137 docet;
3196 4079 3415 4125 statuta;
3444 4073 3703 4141 potestati

2119 4168 2298 4240 palam
2325 4180 2392 4220 ex
2424 4165 2660 4221 adverso
2696 4169 2825 4227 stat,
2847 4169 3047 4217 cuncta
3079 4170 3324 4225 mutans,
3351 4170 3548 4217 cuneta
3577 4172 3699 4216 me-

2121 4264 2485 4324 vens,euncta
2518 4254 2868 4325 perturbans,
2889 4252 3094 4309 nullum
3132 4254 3351 4310 demum
3381 4255 3705 4326 dogmatum

2120 4353 2446 4410 inviolatum
2496 4347 2739 4418 reliquit.
2794 4344 3011 4401 Etenim
3083 4347 3207 4402 sive
3249 4346 3477 4401 mobilis
3521 4346 3705 4402 Protei

2122 4444 2347 4507 formas,
2379 4441 2494 4497 sive
2524 4444 2863 4509 paganorum
2896 4437 3081 4507 potius
3130 4452 3331 4494 mores
3357 4437 3475 4510 ipse
3496 4434 3702 4504 induit,

428 4530 655 4604 insuper
689 4530 809 4602 ipsa
867 4547 1030 4604 supra
1051 4542 1303 4589 naturam
1336 4535 1555 4593 exsiStit'
1576 4553 1592 4597 :
1617 4539 1728 4594 vita
1774 4541 2018 4610 quidem,
2050 4556 2105 4631 ον
2128 4530 2381 4609 personis
2420 4531 2636 4603 quidem
2671 4530 3098 4631 mensurandam
3130 4530 3411 4631 unitatem,

426 4634 485 4679 et
506 4623 814 4697 intellectus
839 4633 896 4681 et
944 4635 1026 4681 ter
1051 4626 1201 4682 felix:
1225 4627 1428 4694 virtus,
1484 4629 1685 4693 quibus
1713 4630 1858 4686 idem
1902 4631 2009 4688 ho-

426 4731 533 4773 nor
595 4733 663 4774 ac
721 4721 1069 4790 praestantior
1135 4719 1397 4791 dignitas,
1465 4721 1744 4792 splendor,
1814 4724 2010 4789 decus,

427 4826 593 4868 omne
611 4813 837 4879 bonum,
852 4812 1043 4884 gloria,
1060 4820 1320 4881 potestas,
1347 4826 1453 4867 uno
1466 4813 1653 4881 verbo,
1670 4828 2013 4887 quaecunque

427 4904 565 4973 ipsis
607 4904 789 4975 lingua
841 4903 1105 4960 concinit.
1182 4902 1416 4959 Aliunde
1460 4914 1616 4967 vero,
1667 4906 1831 4962 veluti
1877 4909 2007 4978 quid

428 5010 601 5050 unum
619 5005 675 5051 et
695 4997 900 5065 solum,
936 4997 1278 5051 immutabile
1300 5006 1602 5065 permanet.
1633 4997 1824 5056 Nullus
1856 5001 2002 5056 enim

428 5100 565 5142 sane
592 5088 910 5144 mutationis
941 5086 1096 5143 locus
1135 5087 1189 5141 in
1225 5088 1327 5142 hac
1356 5096 1439 5143 ter
1470 5088 1774 5158 splendenti
1804 5093 2004 5162 majes-

428 5182 561 5237 tatis
588 5179 810 5249 virtute,
828 5182 1012 5242 datur.
1038 5181 1303 5247 Trinitas,
1344 5198 1467 5252 quas
1504 5197 1565 5238 es
1602 5184 1763 5239 etiam
1800 5187 2004 5253 unitas,

429 5274 584 5329 salva
610 5289 719 5341 me,
759 5274 837 5329 tui
871 5274 1041 5330 solius
1091 5274 1456 5340 adoratorem,
1484 5290 1514 5330 a
1538 5284 1590 5330 te
1611 5277 1725 5330 sola
1748 5276 2006 5335 universa

400 5394 401 5397 η
430 5364 577 5420 facta
604 5373 757 5429 sunt,
788 5373 844 5419 et
892 5366 1074 5420 omnis
1122 5372 1373 5421 ercatura
1399 5380 1511 5436 prae
1542 5374 1593 5420 te
1616 5365 1842 5422 humilis
1865 5368 2015 5426 sedis

428 5454 628 5513 instar.
662 5456 780 5512 Non
810 5467 990 5513 autem
1043 5457 1230 5511 minus
1258 5455 1483 5526 impium
1526 5458 1712 5527 aliquo
1745 5457 1908 5512 modo
1932 5459 2015 5514 vi-

429 5548 655 5604 deretur
696 5564 967 5620 supremae
1015 5549 1244 5604 Deitatis
1293 5559 1545 5603 naturam
1577 5560 1814 5605 creatam
1848 5566 2013 5621 repua

432 5641 559 5706 tari,
594 5640 708 5696 sive
742 5648 1083 5696 attenuatum
1110 5639 1379 5710 quoddam
1441 5639 1743 5695 increatum
1803 5641 2013 5708 haberi,

358 5720 395 5745 λ
428 5732 549 5787 sive
570 5731 977 5790 imbecilliorem
1022 5732 1261 5803 aliquam
1311 5742 1692 5787 creaturarum
1726 5733 2013 5787 inﬁrmita-

433 5835 544 5879 tem
575 5825 683 5894 ipsi
727 5824 915 5880 tribui.
947 5824 1067 5895 ipsa
1092 5827 1236 5880 enim
1271 5822 1487 5879 ﬁrmum
1519 5824 1762 5879 omnium
1811 5825 2013 5894 princi-

436 5917 592 5985 pium
624 5926 827 5983 manet,
866 5932 975 5988 quo
1004 5916 1181 5989 salvo,
1213 5915 1279 5974 de
1302 5914 1504 5974 divinis
1536 5926 1685 5973 recte
1720 5917 2015 5988 sapientes,

2124 4630 2301 4691 sonis,
2350 4625 2444 4682 sed
2500 4637 2685 4680 rerum
2717 4620 3001 4693 gradibus,
3052 4630 3313 4679 metatur.
3365 4622 3707 4678 indivisibile

2124 4725 2291 4779 etiam
2335 4716 2523 4774 multis
2566 4731 2636 4773 ex
2693 4716 2943 4787 partibus
2977 4714 3197 4783 dividit,
3227 4729 3337 4770 non
3366 4723 3577 4769 tantum
3600 4722 3705 4785 per

2102 4828 2334 4889 partes,
2386 4813 2482 4869 sed
2539 4812 2703 4868 etiam
2756 4818 2940 4882 partes
2987 4808 3202 4873 dividit,
3244 4809 3405 4863 veluti
3443 4816 3718 4863 extranea.

2127 4906 2382 4979 quadam
2437 4903 2652 4959 inilnita
2715 4904 2862 4958 inter
2924 4915 2986 4957 se
3044 4898 3356 4964 commista,
3414 4898 3705 4955 Democriti

2129 5014 2386 5057 numeros
2408 4999 2499 5055 hic
2528 4994 2753 5067 aspicio,
2801 4993 3195 5063 iniandamque
3217 4988 3565 5062 Empedoclis
3599 5008 3705 5062 pu-

2128 5106 2312 5162 gnam,
2365 5089 2607 5145 Platonis
2668 5086 2847 5151 ideas,
2910 5097 3122 5140 necnon
3171 5082 3486 5140 Graacorum
3548 5086 3704 5148 deos,

2128 5184 2350 5239 mollem
2405 5183 2618 5245 Arium,
2671 5172 3006 5247 Sabelliique
3066 5190 3284 5233 errores
3340 5196 3353 5232 :
3406 5185 3708 5246 utrumque

2130 5276 2379 5332 Palamas
2411 5275 2464 5329 in
2494 5278 2803 5328 monstrum
2838 5269 3061 5339 aliquod
3107 5283 3468 5340 componens,
3511 5284 3575 5322 ex
3615 5282 3704 5323 re-

2128 5368 2497 5440 pugnantibus
2560 5362 2943 5435 perversisque
2982 5362 3351 5432 dogmatibus,
3399 5360 3556 5413 nnnlo
3614 5359 3705 5413 Dei

2130 5458 2576 5520 immensitatem,
2634 5470 2728 5523 per
2750 5456 3045 5524 inaequales
3094 5453 3299 5516 lances,
3351 5465 3470 5505 sese
3492 5449 3705 5505 fortiter

2133 5556 2543 5626 impugnantes,
2577 5549 2844 5617 partitur;
2899 5548 3064 5602 modo
3149 5549 3202 5600 in
3280 5543 3704 5598 insnbstantiale

2130 5645 2373 5712 aliquod,
2419 5657 2528 5699 non
2582 5655 2847 5712 personas
2900 5654 3194 5711 generatis,
3254 5637 3348 5691 sed
3441 5649 3705 5703 personas

2134 5736 2336 5800 ferens,
2370 5733 2571 5804 quibus
2613 5743 2786 5788 totum
2814 5730 3118 5787 creationis
3148 5743 3319 5798 genus
3350 5726 3697 5796 producitur.

2133 5827 2417 5882 JEternam
2463 5824 2660 5881 deinde
2703 5824 2935 5879 aestimat
2978 5823 3248 5894 gratiam,
3314 5834 3476 5889 quam
3550 5834 3706 5872 nemo

2134 5918 2289 5981 \idit,
2318 5931 2421 5974 nec
2450 5915 2633 5975 videre
2667 5914 2990 5972 naturaliter
3018 5922 3218 5984 potest,
3243 5910 3343 5966 etsi
3375 5908 3548 5978 angeli
3610 5923 3711 5961 na-
