4180 6308
379 418 490 483 853

393 526 588 596 Ἀδρὸίς
620 522 908 596 μετασχὼν
946 524 1042 594 τῆς
1072 522 1327 577 άνουσίου
1353 521 1584 589 πλάνης,

384 619 494 671 Καὶ
530 618 629 686 τῆς
653 614 919 683 ταπεινῆς
948 613 1207 677 ὲσπακὼς
1240 613 1383 681 ἄγαν
1429 613 1603 677 Ῥέας,

382 707 487 761 Καὶ
516 705 625 775 7&9
655 705 953 775 καταρρεῖν
985 706 1083 767 τάς
1113 703 1414 773 ὐφειμένας
1439 703 1589 770 λέγει

393 798 487 851 Ἐκ
519 797 622 867 τῆς
656 797 886 869 ῥεούσης
910 794 1162 866 οὐδαμῶς
1190 796 1464 863 ἐξουσίας.

387 890 488 952 Ἀς
534 888 804 959 οὐσιώδης
838 891 932 942 τοῦ
971 888 1108 941 Θεοῦ
1142 889 1341 959 μοίρας
1364 890 1539 959 λέγει,

393 977 656 1048 Ἐπείπερ
689 978 789 1032 οὐκ
822 976 1015 1032 ἄποιον
1046 978 1231 1032 οὐσίαν
1254 980 1405 1048 ἄγει,

381 1068 504 1123 (ὧδ’
529 1070 651 1124 αὖτ’
675 1069 876 1142 ενεργῆ
906 1069 1007 1140 τὴν
1030 1070 1348 1143 ὑπερτάτην
1380 1072 1564 1139 φύσιν.

388 1161 452 1214 '0
477 1161 522 1215 δ’
550 1161 714 1225 αὐτὸς
730 1162 894 1217 αὐτὸν
920 1164 1169 1233 ἐκφανῶς
1189 1162 1330 1218 οὕτω
1355 1166 1608 1235 γράφων,

386 1253 679 1306 Ἀκτιστον
708 1253 783 1319 ὡς
808 1252 856 1308 δ’
878 1255 1115 1326 ἄναρχον
1137 1255 1426 1324 ἀνθρώπου
1456 1257 1678 1326 σπόρον,

381 1342 490 1395 Καῖ
514 1342 738 1412 σπέρμα
771 1343 984 1406 νυκτὶς,
1021 1345 1113 1399 καὶ
1147 1346 1358 1417 φθορᾶς
1387 1344 1549 1414 ἔργον
1576 1346 1762 1415 φύσει,

383 1434 498 1487 Καὶ
532 1434 738 1504 βρῶσιν
777 1436 1005 1508 οἰκτρὰν
1034 1436 1144 1491 τῶν
1181 1438 1413 1492 ὀδόντων
1442 1437 1540 1491 τοῦ
1567 1439 1763 1510 χρόνου

384 1527 448 1579 El
478 1527 590 1580 κάκ
620 1525 824 1598 μέρους
860 1527 1061 1598 ἔσχηκε
1092 1528 1169 1600 μη
1196 1529 1541 1599 τεθνηκέναι,

383 1617 503 1670 Κᾶν
538 1616 808 1690 ἐξαναστῇ
845 1619 1024 1673 καὶτὸ
1055 1619 1149 1674 νῦν
1184 1621 1468 1693 διαρρέον,

382 1708 494 1777 Τῆς
522 1709 759 1779 ἐσχάτης
788 1709 1089 1780 σάλπιγγος
1111 1713 1527 1784 ἐκκαλουμένης

383 1797 584 1852 Τοῦτον
616 1799 702 1862 τίς
746 1798 919 1854 εἰπὼν
947 1798 1147 1871 εὐσεϐῆ
1179 1803 1385 1873 φρένας
1423 1805 1615 1878 φέρεις

383 1888 500 1942 οὐκ
531 1888 651 1942 εστι
686 1890 867 1955 τοῦτο,
899 1891 1017 1957 πῶς
1046 1894 1156 1964 γὰρ
1187 1895 1284 1949 οὐκ
1316 1896 1434 1950 ἔστι
1465 1917 1481 1964 ;
1516 1900 1719 1969 πόθεν;

382 1977 542 2032 Οὕτω
569 1979 842 2050 κατῆλθεν
875 1981 958 2044 είς
984 1982 1045 2036 τὸ
1088 1984 1201 2038 πᾶν
1230 1986 1405 2041 κακοῦ
1439 1987 1625 2057 βάθος.

384 2065 504 2122 Εἶθ’
530 2068 559 2121 δ
593 2071 870 2141 φρονήσας
912 2071 1012 2143 οὐχ
1039 2072 1333 2143 ἁμαρτεῖν,
1363 2077 1458 2130 καὶ
1488 2077 1728 2148 φράσας.

384 2160 524 2216 Θεὸν
550 2162 682 2233 παρ’
715 2162 866 2233 αὐτῷ
893 2165 1269 2245 προσκυνητδν
1297 2167 1398 2221 οὐκ
1426 2167 1564 2239 ἔχει,

397 2252 489 2314 Ὠς
525 2254 592 2308 ἂν
621 2254 681 2308 τὸ
707 2254 937 2327 βροντῆς
961 2256 1196 2328 ἐκραγὲν
1229 2259 1380 2330 ῥῆμα
1407 2261 1636 2330 φράσαι,

386 2346 582 2400 Καίτοι
610 2348 906 2420 καταρρεῖν
935 2366 1071 2420 φησι
1104 2351 1205 2414 τὰς
1244 2351 1548 2424 ὑφειμέναις

399 2433 638 2505 Ἀνδρῶν
662 2436 915 2508 θεαυγῶν
950 2441 1000 2493 οί
1037 2439 1296 2513 θεηγόροι
1333 2443 1507 2512 λόγοι,

394 2523 490 2589 Ὦς
526 2529 620 2580 καὶ
653 2527 922 2597 μεθεκτὰς
951 2532 1012 2584 οὐ
1037 2534 1128 2587 τὸν
1158 2534 1324 2588 αὐτόν
1352 2552 1415 2603 γε
1443 2536 1664 2607 τρόπον,

385 2617 598 2687 Ὀνπερ
620 2620 892 2690 μκθεκτήν
916 2639 1053 2692 φασι
1081 2622 1180 2694 τὴν
1215 2624 1442 2695 πρώτην
1472 2627 1661 2696 φύσιν,

385 2699 511 2782 Τὴν⁶
525 2710 588 2764 οὐ
633 2711 926 2785 μεθεκτὴν,
957 2714 1088 2780 τοὺς
1112 2716 1442 2788 ὐφειμὲνους
1475 2718 1735 2789 τρόπους.

398 2800 541 2853 Ἀλλ’
561 2800 654 2856 οὖν
682 2804 914 2874 γενητάς
942 2823 1075 2876 φασι
1100 2808 1209 2862 τῶν
1237 2808 1428 2881 δώρων
1457 2811 1654 2875 δόσεις.

399 2891 544 2945 Ἀλλ’
579 2893 701 2965 οὐχὶ
725 2894 1010 2966 θειότητας
1042 2894 1359 2965 ὰκτίστᾶθς.
1385 2903 1592 2970 Πόθεν;
1640 2952 1643 2955 ,

390 2984 471 3037 οὐ
497 2984 604 3057 7&9
632 2988 851 3059 κινητὸν
885 2990 963 3061 μὴ
1001 2992 1202 3063 γενητη
1240 2991 1476 3064 θειότης.

388 3076 503 3130 Ποῦ
523 3078 633 3149 7&9
663 3081 862 3153 κινηθῇ
892 3098 908 3149 ;
943 3082 1045 3137 ποῦ
1076 3084 1189 3156 γὰρ
1225 3085 1325 3140 οὐκ
1346 3087 1462 3142 ἐστι
1498 3107 1512 3153 ;
1561 3090 1804 3162 ⁴ι’ράσον.

389 3166 519 3222 Οὐδ’
544 3170 624 3233 είς
659 3170 782 3240 ἴσην
807 3170 1096 3244 ἅνθρωπος
1129 3175 1287 3241 ἀξίαν
1320 3177 1517 3246 φθάνει

390 3259 485 3332 Τῷ
513 3261 856 3336 δημιουργῷ,
898 3266 996 3320 καὶ
1024 3258 1296 3340 παναιτίῳ
1326 3269 1544 3340 κράτει,

389 3451 687 3505 essentiam
720 3450 867 3515 dicit,
902 3451 1032 3506 illud
1061 3454 1279 3523 quidem
1304 3455 1492 3524 vitam,
1524 3440 1674 3519 istud
1715 3477 1845 3520 vero
1888 3479 1975 3520 es-

392 3543 586 3598 sentia:
614 3544 890 3610 virtutem,
913 3552 969 3600 et
1000 3545 1219 3605 aliunde
1248 3548 1535 3606 scientiam
1563 3555 1975 3628 sapientemque

394 3634 489 3689 Dei
536 3636 855 3705 potentiam,
880 3637 996 3695 sive
1022 3637 1128 3694 alia
1152 3654 1382 3712 quaeque
1414 3642 1507 3699 Dei
1537 3647 1801 3703 attributa
1835 3663 1968 3719 pro-

395 3724 600 3793 ferens,
637 3740 733 3795 per
772 3725 1067 3796 inmquales
1090 3728 1294 3799 gradus
1319 3729 1670 3790 Divinitatetn
1697 3748 1971 3805 recenset,

395 3820 772 3887 promiscuum
822 3820 1050 3875 deorum
1099 3836 1297 3892 genus,
1333 3831 1391 3877 ut
1422 3839 1590 3896 supra
1625 3827 1762 3894 dixi,
1796 3831 1970 3899 parti-

396 3919 540 3978 tum,
570 3925 676 3966 non
712 3912 991 3981 partitum,
1014 3927 1178 3983 opus,
1204 3915 1540 3984 operarium,
1567 3919 1804 3986 visibile,
1832 3920 1978 3975 invio

380 3999 576 4065 'sibile,
617 4015 683 4056 ac
707 4000 908 4058 deinde
938 4014 1333 4061 concurrentes
1401 4005 1566 4062 etiam
1635 4009 1973 4077 fundatores,

396 4098 806 4146 attenualorum
868 4106 1097 4163 quoque
1152 4109 1385 4153 numero
1439 4099 1625 4168 magni
1685 4098 1777 4155 Dei
1840 4115 1976 4170 prae-

396 4180 719 4235 stantiorem
782 4189 1035 4237 naturam
1085 4184 1311 4253 praebet,
1374 4193 1431 4241 et
1488 4186 1605 4243 haec
1671 4190 1974 4261 orbemque

399 4278 573 4324 totum
601 4270 818 4339 partim,
844 4272 1226 4341 praestantiora
1263 4275 1488 4346 insuper
1513 4277 1609 4332 Dei
1639 4293 1800 4347 opera
1828 4280 1978 4352 (heu,

396 4356 767 4413 lamentabilis
805 4358 1019 4429 error!)
1060 4359 1115 4414 in
1153 4368 1235 4416 tot
1261 4369 1317 4416 et
1346 4370 1528 4419 tantos
1571 4364 1799 4436 abyssos
1848 4382 1974 4437 gur-

398 4448 648 4517 gitesque
694 4446 987 4506 demersit!
1038 4450 1214 4507 virum
1264 4465 1325 4508 se
1371 4462 1565 4510 natura
1623 4455 1768 4511 haud
1802 4456 1978 4511 imbe-

1542 411 1994 477 GR.‘ECORUM
2029 401 2503 471 SENTENTLE.

1984 537 2029 584 Α
2064 519 2182 573 Κᾶν
2209 520 2240 587 ἡ
2265 518 2499 587 Παλαμᾶ
2528 519 2937 588 δυσσεϐεστάτη
2970 517 3143 586 πλάνη

3530 403 3638 471 εει

2060 612 2312 665 Μανεῖσα
2343 611 2533 675 δεινῶς
2557 611 2679 666 οὐδὲ
2706 610 2853 665 τοῦθ’
2885 611 3186 680 ὑπεστάλη.

2066 704 2357 758 Ἀκτιστον
2390 703 2426 774 ἢ
2467 702 2584 773 φῶς
2618 719 2784 772 φησιν
2815 701 2878 756 οὐ
2902 701 3123 772 βλέπειν
3157 704 3339 773 μόνον,

2076 793 2214 847 Ἀλλ’
2244 794 2409 847 αὐτὸν
2440 790 2581 848 εἶναι
2614 795 2708 847 καὶ
2745 794 2879 849 Θεὸν
2908 796 3064 863 παρὰ
3086 795 3284 849 κτίσιν.

2063 886 2126 938 Ei
2147 885 2192 938 δ’
2214 883 2282 940 αὖ
2313 888 2613 956 καταρρεῖν
2641 888 2795 955 φασὶ,
2819 887 2914 940 καὶ
2952 887 3166 957 χεῖσθαι
3190 885 3351 939 κάτω

2062 975 2197 1029 Θεοῦ
2228 976 2383 1046 λόγον
2407 977 2800 1048 πάνταρχον,ἢ
2832 977 3052 1048 πνεῦμα
3083 978 3345 1047 κράτους,

1955 1090 1993 1109 η·
2064 1069 2137 1121 Οὐ
2170 1068 2466 1137 προσφυῶς
2503 1069 2774 1137 λέγουσιν,
2797 1052 2919 1122 οὐδὲ
2954 1069 3185 1138 κυρίως.

2076 1162 2215 1215 Ἀλλ’
2236 1163 2313 1227 ὡς
2349 1162 2470 1227 ἔθος
2499 1163 2714 1233 ἔχουσιν
2752 1165 2885 1234 ἡμῖν
2914 1164 3219 1233 πανσόφωςο

2079 1258 2172 1310 Ἐκ
2228 1262 2338 1311 τῶν
2366 1259 2496 1330 παρ’
2524 1262 2656 1329 ἡμῖν
2687 1261 2780 1312 καὶ
2811 1258 3065 1329 γενητῶν
3104 1258 3448 1328 πραγμάτων

2066 1351 2188 1405 Τῶν
2221 1353 2282 1404 οὐ
2314 1351 2555 1424 γενητῶν
2581 1352 2892 1422 ὲξομιλοῦσι
2933 1354 3084 1424 πέρι.
3466 1348 3471 1353 ’

2078 1439 2340 1510 Ἑπείπερ
2358 1441 2457 1494 οὐκ
2488 1437 2558 1512 ἦν
2589 1442 2842 1512 οὐδαμῶς
2865 1443 3040 1506 ἄλλως
3071 1444 3254 1512 λέγειν

2064 1529 2243 1600 Αὐτῆς
2273 1531 2493 1602 ἐκείνης
2513 1532 2612 1604 τῆς
2646 1532 2909 1604 θεαρχίας
2937 1535 3091 1605 πέρι.

2069 1620 2247 1685 Ὀλως
2275 1621 2384 1692 γάρ
2411 1640 2577 1692 φασιν
2617 1623 2789 1694 αὐτὴν
2815 1624 3163 1697 ὲξῃρημένην

2067 1709 2275 1774 Εῐδους,
2308 1710 2477 1781 ἁφῆς,
2503 1713 2622 1776 νοῦ,
2659 1715 3149 1785 μυσταγωγοῦντος
3180 1715 3362 1783 λόγου,

2068 1799 2141 1853 Τὸ
2169 1800 2298 1869 γοῦν
2326 1802 2451 1856 καθ’
2478 1804 2648 1874 αὐτὴν
2668 1805 2718 1858 οί
2743 1807 2899 1875 σοφοὶ
2935 1807 3288 1876 μυστοπό).οι,

2067 1890 2271 1945 Καίτοι.
2289 1896 2543 1963 παρεῖναι
2570 1897 2849 1966 πανταχοῦ
2875 1898 3083 1967 ταύτην
3114 1898 3272 1966 λόγος

2065 1982 2182 2035 Οὐκ
2213 1983 2277 2036 ὲκ
2312 1983 2515 2055 μέρους
2539 1987 2832 2057 δήπουθεν,
2870 1989 3138 2059 ἀλλ’ὃλην
3176 1990 3341 2056 ὅλοις.

2070 2072 2259 2138 υύτως
2285 2075 2750 2147 ὐπερθαύμαστον
2782 2081 2816 2150 ἡ
2850 2080 2973 2135 θεία
3000 2083 3187 2152 φύσις,

2068 2164 2180 2217 Καὶ
2208 2165 2370 2219 πάνθ’
2412 2167 2555 2239 ὑπὲρ
2587 2168 2735 2233 νοῦν,
2772 2172 2870 2225 καὶ
2900 2174 3186 2241 λογισμὸν,
3225 2174 3321 2229 καὶ
3348 2175 3539 2245 λόγον,

2068 2256 2288 2311 Μᾶλλον
2322 2262 2500 2331 σιωπῇ
2524 2259 2619 2314 τοῦ
2655 2261 2817 2330 λόγου
2846 2266 3160 2336 τιμωμένη,

2071 2348 2133 2402 Εἰ
2159 2350 2203 2403 δ’
2233 2348 2303 2405 αὖ
2323 2351 2476 2406 δοκεῖ
2505 2355 2650 2407 νοεῖν
2673 2371 2780 2419 τις,
2808 2357 2870 2410 οὐ
2899 2360 3191 2429 νοουμένη.

2069 2440 2277 2507 Γνῶσις
2302 2443 2412 2515 7&9
2444 2445 2617 2518 αὐτῆς
2662 2449 2814 2502 ἐστιν
2842 2449 3066 2515 ἀγνοίας
3093 2451 3276 2521 βάθος,

2078 2534 2180 2587 Ἦν
2211 2534 2473 2606 ἀκριϐοῦν
2511 2554 2597 2600 τις
2625 2537 2727 2609 τὴν
2755 2538 3015 2594 θεοπτίαν
3063 2539 3216 2613 θέλῃ.

2073 2622 2151 2677 Οὐ
2171 2623 2282 2695 γὰρ
2308 2625 2523 2680 δίδωσιν
2551 2627 2808 2697 οὐδαμῶς
2834 2629 3011 2694 οὕτως
3043 2629 3193 2701 ῐχνος

2085 2714 2174 2768 Ἐν
2193 2715 2269 2786 τῷ
2299 2717 2536 2772 νοεῖσθαι
2547 2720 2644 2790 “τῷ
2671 2721 2813 2774 νοεῖν
2846 2723 3192 2793 πειρωμένῳ.

2083 2806 2144 2860 ’0
2175 2804 2270 2860 νῦν
2315 2807 2372 2861 δὲ
2398 2808 2608 2876 καινὸς,
2637 2812 2732 2865 καὶ
2765 2811 2923 2875 κενὸς
2959 2811 3225 2883 θεηγόρος

2085 2898 2181 2952 Ἐκ
2211 2899 2320 2953 τῶν
2356 2901 2477 2955 κατ’
2503 2901 2674 2973 αὐτὴν
2710 2904 2878 2975 φησὶν
2905 2905 3078 2976 αὐτὴν
3109 2905 3309 2961 είδέναι

2074 2989 2197 3043 Τῶν
2223 2991 2524 3059 οὐσιωδῶν,
2549 2994 2624 3059 ὡς
2650 2994 3024 3067 ὑπερκόμποις
3051 2997 3236 3066 λέγει..

2073 3082 2156 3136 Τὰ
2179 3083 2290 3152 γὰρ
2320 3086 2443 3138 κατ’
2470 3085 2666 3157 αὐτὴν,
2695 3087 2812 3156 είγε
2835 3090 2996 3143 ταυτί
3022 3107 3114 3159 μοι
3144 3091 3330 3162 λέγῃς,

2000 3206 2045 3266 C
2075 3174 2144 3266 τί
2169 3175 2322 3229 ταῦτ’
2352 3176 2498 3246 ἐρεῖς
2522 3194 2604 3240 τε,
2640 3180 2739 3232 καὶ
2770 3181 3115 3251 προσείποις,
3149 3183 3406 3250 γεννάδα,

2077 3265 2294 3331 Ταύτας
2313 3266 2361 3321 δ’
2397 3267 2676 3338 ὑφεῖσθαι,
2706 3270 2798 3324 καὶ
2821 3272 3123 3343 καταρρεῖν
3154 3274 3380 3344 κυρίως,

2074 3459 2182 3506 tem
2218 3450 2445 3507 minime
2476 3452 2700 3508 tribuat.
2734 3453 2837 3510 Hie
2867 3468 3018 3519 vero,
3052 3455 3168 3522 ipse
3201 3453 3438 3524 seipsum
3466 3466 3651 3526 aperte

2074 3543 2235 3599 talem
2263 3544 2594 3612 praedicans,
2626 3545 2928 3601 increatum
2967 3544 3190 3616 quidem
3231 3560 3297 3601 ac
3329 3547 3494 3601 veluti
3527 3550 3642 3617 pri-

2074 3648 2219 3689 mam
2256 3635 2496 3691 hominis
2525 3643 2863 3703 sementem;
2893 3642 2949 3691 et
2970 3635 3150 3692 noctis
3179 3634 3326 3702 fons,
3379 3645 3433 3691 et
3461 3638 3650 3692 mortis

2076 3739 2213 3794 epus
2262 3735 2490 3794 naturae,
2533 3734 2589 3781 et
2612 3727 2768 3782 triste
2816 3726 3074 3796 pabulum
3147 3728 3407 3797 temporis
3463 3727 3648 3783 edacis

2075 3815 2332 3872 dentibus
2361 3815 2597 3882 videtur,
2645 3817 2745 3872 etsi
2788 3817 3221 3874 immortalitatis
3254 3819 3459 3873 donum
3492 3819 3655 3873 sorti-

2079 3913 2165 3959 tus
2201 3906 2297 3971 sit,
2343 3907 2448 3961 etsi
2495 3907 2780 3975 superbire
2825 3907 3023 3962 audeat
3074 3922 3201 3961 mox
3247 3907 3648 3973 dissolvendus,

2079 3994 2269 4048 ultima
2295 4003 2525 4049 vocante
2549 3995 2703 4050 tuba.
2738 3995 2872 4061 Quis
2903 3996 3030 4050 talia
3063 3996 3253 4051 dicens
3280 4005 3430 4052 recte
3456 4011 3657 4068 sapere

2076 4084 2362 4159 videatur?
2410 4083 2604 4140 Nonne
2660 4085 2734 4139 ita
2766 4085 2880 4140 haec
2910 4084 2933 4139 ?
2964 4086 3146 4153 Quare
3195 4101 3302 4141 non
3350 4087 3462 4141 ita?
3502 4087 3658 4159 Quo-

2078 4176 2283 4232 modo?
2310 4158 2383 4231 Ita
2411 4183 2731 4232 cunctorum
2761 4176 3027 4231 malorum
3056 4178 3109 4231 in
3138 4177 3477 4247 profundum.
3495 4158 3653 4234 deve-

2078 4269 2193 4336 nit;
2227 4268 2358 4335 imo,
2385 4283 2444 4324 se
2473 4284 2582 4324 non
2616 4282 2844 4338 peccare
2876 4279 3080 4338 putans
3109 4284 3175 4325 ac
3217 4270 3427 4337 dicens,
3482 4272 3653 4327 Deum

2079 4373 2110 4413 a
2143 4372 2203 4415 se
2233 4358 2455 4414 adorari
2501 4359 2730 4415 minime
2775 4359 3042 4430 indigere.
3093 4362 3331 4416 tonitrua
3364 4376 3497 4418 voce
3543 4365 3657 4417 ela-

2081 4449 2276 4506 mitare
2325 4465 2495 4533 ausqs
2537 4461 2643 4506 est.
2686 4450 2943 4508 Attamen
3004 4452 3208 4509 divinis
3259 4452 3665 4523 inspiratorum‘

399 4541 578 4594 cillem
625 4551 847 4610 putans,
880 4556 1050 4611 seque
1074 4542 1188 4614 jam
1226 4557 1392 4613 supra
1426 4545 1652 4601 modum
1679 4547 1974 4616 extollens,
2002 4535 2056 4597 D
2082 4542 2363 4598 hominum
2386 4543 2732 4600 sermonibus
2751 4543 2983 4599 humiles
3005 4543 3198 4613 spiritu
3234 4544 3481 4599 madidos
3498 4546 3651 4610 dicit,

400 4633 613 4703 majora
675 4632 742 4688 de
772 4648 832 4689 se
880 4633 1144 4699 sentiens,
1196 4649 1321 4706 qua:
1366 4648 1433 4690 ex
1481 4634 1599 4706 ipso
1627 4646 1838 4707 patent,
1881 4655 1981 4703 nec

401 4725 544 4780 intra
577 4725 791 4795 regulas
821 4725 1066 4782 inclusus
1089 4740 1340 4794 manens,
1373 4726 1595 4798 quibus,
1643 4727 1738 4784 Dei
1766 4730 1983 4801 placitis

401 4833 597 4872 omnes
646 4816 978 4889 diriguntur.
1013 4815 1107 4873 Sic
1147 4818 1349 4874 mentis
1395 4833 1550 4874 error
1596 4827 1755 4876 extra
1790 4822 1981 4879 modos

402 4909 670 4979 cogitare,
735 4924 800 4962 ac
855 4907 1029 4964 Nosce
1087 4910 1317 4980 teipsum
1366 4925 1472 4965 non
1533 4912 1768 4982 amplius
1819 4915 1984 4969 corde

403 5000 738 5069 recogitare,
784 5001 953 5063 unde,
1002 5016 1101 5070 per
1143 5001 1411 5056 inﬁnitam
1469 5002 1738 5059 malorum
1780 5003 1979 5060 seriem

399 5093 684 5161 delapsus,
730 5105 790 5147 se
822 5107 920 5147 nec
955 5100 1223 5157 creatum,
1274 5108 1374 5149 nec
1421 5094 1639 5148 initium
1689 5096 1981 5152 habentem

400 5183 580 5247 dicit,
628 5183 772 5252 quod
820 5197 953 5240 sane
1007 5184 1107 5239 soli
1157 5185 1638 5254 superspirituales
1694 5188 1978 5245 auderent.

402 5275 531 5345 Ipse
571 5289 699 5328 vero
722 5275 943 5330 Palama
973 5275 1056 5328 vir
1082 5276 1333 5331 mortalis
1363 5277 1608 5346 quidem,
1638 5280 1852 5336 tametsi
1884 5297 1983 5336 no-

403 5369 493 5434 lit,
553 5366 706 5436 impii
780 5367 986 5422 erroris
1035 5367 1308 5439 particeps
1376 5368 1621 5435 enectus,
1663 5384 1772 5440 quo
1821 5370 1983 5429 mise-

400 5457 637 5513 randam
682 5457 822 5511 hanc
862 5466 1064 5512 terram
1105 5456 1216 5512 late
1256 5457 1477 5526 premit,
1519 5457 1567 5510 si
1627 5457 1845 5527 quidem
1899 5457 1984 5512 iu-

398 5550 639 5606 fcriores
671 5565 931 5619 personas
958 5566 1025 5605 ex
1055 5549 1420 5612 emanatione,
1479 5548 1702 5603 minime
1743 5564 1874 5605 vero
1917 5565 1984 5606 ex

398 5643 736 5708 substantia,
770 5643 1061 5712 procedere
1083 5641 1239 5707 dicit,
1271 5654 1411 5709 quas
1459 5648 1638 5694 tamen
1666 5642 1984 5697 essentiales

404 5732 507 5787 Dei
563 5740 739 5801 paites
776 5733 1089 5799 conlltetur,
1135 5730 1346 5786 tametsi
1382 5732 1577 5785 harum
1622 5731 1981 5786 substantiam

404 5823 731 5879 scnsibilem
771 5826 956 5883 ducat.
986 5824 1228 5886 iusisque
1257 5816 1526 5887 suprema:
1558 5832 1764 5877 uatuuu
1812 5826 1983 5879 virtu-

2081 4645 2136 4691 οι
2167 4636 2358 4693 horum
2389 4635 2551 4690 etiam
2578 4635 2872 4706 participes
2903 4635 3037 4699 ﬁeri,
3063 4635 3288 4690 minime
3307 4652 3435 4690 vero
3463 4637 3657 4691 eodem

2084 4725 2244 4780 modo
2275 4739 2386 4795 quo
2418 4725 2652 4795 primam
2687 4735 2941 4780 naturam
2972 4724 3291 4793 participem
3322 4724 3547 4790 dictmt;
3591 4708 3673 4778 et»

2082 4816 2227 4871 enim
2263 4815 2488 4872 minime
2514 4817 2788 4887 particeps
2816 4816 2998 4887 quoad
3044 4814 3279 4869 humiles
3315 4824 3524 4884 partes.
3551 4815 3654 4870 Sin

2084 4916 2264 4962 autem
2318 4906 2618 4975 gratiarum
2679 4907 2822 4961 dona
2863 4914 3116 4975 generata
3175 4903 3379 4969 dicunt,
3433 4905 3661 4960 minime

2085 5013 2210 5052 vero
2239 4997 2535 5054 iucreatam
2568 5000 2851 5053 Deitatem.
2897 4996 3114 5063 Quare?
3150 4996 3380 5052 lmmola
3416 5012 3657 5066 namque

2084 5103 2366 5172 permanet
2388 5108 2496 5148 non
2531 5104 2788 5163 generata
2827 5090 3030 5146 Deitas.
3075 5089 3197 5157 Quo
3227 5090 3371 5145 enim
3408 5106 3654 5147 movere-

2086 5184 2214 5239 tur?
2247 5183 2477 5240 Ubinam
2510 5184 2689 5239 absit?
2713 5183 2976 5253 Loquere.
3009 5182 3131 5237 Non
3161 5183 3351 5238 eadem
3384 5198 3519 5239 sane
3563 5182 3652 5237 di-

2084 5273 2291 5344 gnitate
2338 5281 2561 5343 praestat
2613 5270 2798 5334 homo,
2867 5285 2975 5340 qua
3027 5280 3242 5326 creator
3306 5286 3370 5325 ac
3407 5270 3653 5325 omnium
3743 5338 3757 5353 Α

2086 5364 2367 5419 fundatrix
2400 5363 2666 5434 potentia,
2717 5361 2820 5417 etsi
2847 5360 3081 5416 Palama:
3105 5361 3527 5417 scelestissimus
3552 5375 3644 5414 er-

2086 5470 2198 5518 ror,
2248 5456 2418 5511 rabiei
2468 5455 2644 5524 impar
2699 5452 2827 5507 illud
2888 5468 3138 5509 asserere
3190 5469 3298 5507 non
3354 5450 3653 5525 erubuerit.

2086 5547 2388 5601 lncrcatum
2410 5546 2555 5598 enim
2582 5545 2760 5598 lumen
2791 5560 2897 5598 non
2927 5551 3137 5598 tantum
3163 5558 3222 5598 se
3242 5556 3466 5598 cernere
3498 5543 3667 5609 dicit,

2088 5639 2183 5695 sed
2232 5638 2394 5693 etiam
2450 5638 2624 5707 ipsum
2655 5651 2774 5692 esse
2816 5645 2868 5690 et
2921 5636 3086 5689 Deum
3117 5636 3270 5703 juxta
3312 5642 3663 5698 creaturam;

2088 5731 2131 5785 si
2169 5728 2386 5783 aliunde
2440 5727 2757 5794 procedere,
2787 5725 3042 5795 infraque
3065 5722 3302 5778 deﬂuere
3346 5722 3533 5777 dicunt
3563 5724 3673 5777 Dei.

2090 5821 2333 5890 verbum,
2371 5834 2689 5890 supremum
2724 5816 3036 5885 Dominum,
3072 5816 3185 5872 sive
3235 5815 3456 5871 virtutis
3488 5816 3648 5885 spiti-
