4108 6316
524 464 531 471 ’
564 487 671 550 εδδ

567 600 675 652 Καὶ
702 596 860 652 πάντ’
900 598 1167 667 ἰνεργεῐν,
1207 598 1281 658 ὡς
1315 598 1588 667 μεθεκτὰς
1620 601 1733 663 τοῖς
1773 601 1926 654 κάτω

567 688 772 757 Ἔθηκε
800 689 1084 759 θειότητας
1108 691 1172 743 ὃν
1200 690 1396 760 πλήθει
1435 689 1630 758 λέγων,

567 778 721 842 "Ioc;
747 780 867 833 κατ’
882 781 1037 837 οὐδὲν
1060 784 1125 853 τῇ
1148 782 1418 853 παναιτίῳ
1447 784 1635 852 φύσει,

575 867 893 940 Ἀπειράκις
920 868 967 922 δ’
997 871 1228 942 ἄπειρον
1262 870 1674 942 ἠλαττωμένας,

564 959 690 1023 Τοῖς
717 961 978 1031 κτίσμασι
1015 962 1073 1016 δὲ
1103 965 1539 1035 συντεταγμένας
1564 967 1738 1020 κάτω.

566 1051 744 1117 (υῦτω
768 1052 876 1122 γὰρ
913 1053 1005 1107 οὖν
1030 1051 1254 1109 ὕπεστιν
1276 1054 1438 1127 εργρν
1465 1057 1699 1129 ἐργάτῃ,

562 1141 674 1194 Καὶ
700 1143 785 1211 ῥεῖ
807 1143 942 1213 παρ’
970 1144 1120 1213 ἡμᾶς
1138 1144 1202 1199 ού
1232 1145 1401 1214 ρυτῆς
1433 1145 1709 1210 ἔξουσίας.

564 1232 643 1285 Οὐ
672 1233 782 1302 γὰρ
814 1236 1070 1305 παρεῖναι
1096 1236 1378 1307 πανταχοῦ
1392 1236 1483 1291 τὸν
1511 1238 1773 1309 ἠρμένον,

568 1325 666 1385 Ὃς
686 1324 864 1381 πάντα
891 1326 1137 1398 πληροῦν
1174 1331 1447 1401 μαρτυρεῖ
1477 1330 1598 1384 κατ’
1621 1330 1831 1386 οὐσίαν.

562 1414 685 1468 Οὖδ’
709 1417 1052 1483 ἐγκατοικεῖν
1087 1422 1201 1485 τοῖς
1235 1422 1548 1493 θεουμένοις
1579 1424 1722 1490 ὅλον,

560 1504 693 1559 Θεὸν
719 1505 862 1570 θεοῖς
889 1510 1167 1580 άιιτιστον,
1182 1512 1303 1568 ἀλλ’
1325 1513 1690 1584 ἑκτισμένοις.

572 1596 717 1650 Ἀλλ’
760 1597 876 1655 ἀντ’
894 1601 1107 1655 ἐκείνου
1131 1606 1255 1668 τοὺς
1286 1605 1614 1677 ὑφειμένως
1653 1607 1847 1679 ὄχλους

559 1684 716 1749 Θεοῖς
751 1689 1006 1760 ἀνάρχοις
1030 1691 1166 1764 ἔργα
1186 1693 1281 1748 τοῦ
1302 1697 1742 1767 πρωτεργάτου.)

560 1774 718 1831 Οῦτω
735 1776 790 1832 δὲ
818 1782 1177 1855 παμπόνηρόν
1203 1787 1353 1844 ἔστιν
1378 1789 1411 1859 ἠ
1441 1790 1645 1859 πλάνη,

576 1870 667 1932 Ὠς
694 1868 869 1924 ταῦτα
901 1873 1252 1944 κηρύττουσα
1278 1877 1550 1951 λαμπρῶς
1578 1883 1637 1936 ιν
1656 1880 1867 1951 λόγοις,

558 1957 671 2014 Καὶ
712 1962 881 2016 πᾶσιν
909 1964 1197 2035 ἐξάγιστος
1228 1970 1643 2043 ὲκφωνουμένη,

560 2051 729 2114 Δθκας
760 2068 819 2104 τε
852 2053 917 2123 δὴ
937 2055 1134 2111 τίσασα
1167 2058 1452 2131 λαμπράς,
1477 2056 1562 2127 οἷς
1594 2054 1754 2127 ἔδει,’

559 2139 747 2211 Τομὴν
775 2142 871 2196 ἀπ’
909 2144 1084 2216 αὐτῆς
1106 2149 1204 2219 τῆς
1227 2151 1398 2222 ἁγνῆς
1419 2151 1773 2225 Ἐκκλησίσς,

560 2230 656 2294 Εἰς
676 2232 854 2307 ἥνπερ
880 2237 1115 2309 ἠσέϐησε
1130 2240 1417 2312 δογμάτων
1452 2244 1630 2317 ὕϐρει,

558 2322 977 2394 Σπουδαστικῶς
1014 2331 1217 2404 ἔσχηκε
1245 2335 1342 2393 τοῦ
1370 2339 1679 2410 λεληθέναι,

560 2412 834 2469 ’Ύπουλον
858 2417 935 2482 ὡς
963 2420 1200 2492 νόσημα,
1227 2426 1323 2478 καὶ
1352 2430 1689 2498 χαμαιλέων.

559 2503 771 2592 ρύκοῦν
797 2508 926 2563 ὅταν
953 2512 1055 2582 μὲν
1083 2515 1184 2580 τὰς
1213 2516 1529 2586 ἁλωσίμους
1562 2521 1671 2592 ἴδῃ,

557 2587 764 2650 Ἷιττον
791 2599 1055 2657 καλύπτει
1085 2605 1184 2676 τὴν
1223 2608 1563 2667 πολύπλοκον
1586 2587 1798 2685 πλάνην

560 2687 732 2743 Ὅταν
757 2691 814 2745 δὲ
844 2694 969 2757 τοὺς
997 2697 1205 2766 εἴδησιν
1230 2702 1668 2772 ἡκριΰωμένους,

560 2778 691 2833 Οὐδ’
707 2782 1012 2850 εὐαλώτους
1038 2791 1152 2854 τοῖς
1188 2796 1575 2864 προκειμένας
1613 2798 1853 2870 βρόχοις,

558 2871 816 2928 Μάλιστα
839 2877 1105 2947 κρύπτειν
1144 2886 1458 2955 μηχανᾶται
1482 2888 1582 2959 τὴν
1627 2889 1865 2959 πλάνην,

572 2962 934 3051 ἒΔρνούμενος
956 2970 1056 3038 μὲν
1089 2972 1197 3040 τὰς
1213 2976 1517 3047 προδήλους
1543 2979 1816 3051 αἶρέσεις,

562 3046 663 3107 Ἦν
685 3052 736 3109 θ’
766 3059 814 3112 οι
835 3057 983 3128 λόγοι
1013 3060 1273 3132 γέμουσιν
1296 3067 1481 3123 αὐτῶν
1512 3046 1795 3142 ῥημάτων,

562 3148 816 3212 Κύκλους
835 3151 891 3205 δὲ
918 3154 1146 3223 πάντας,
1170 3159 1264 3212 καὶ
1280 3162 1656 3236 περιδρόμους
1680 3166 1840 3232 ὅλους

565 3237 850 3312 Στρέφων,
877 3243 1121 3302 ἐλαύνων
1140 3244 1281 3320 πρὸς
1305 3250 1398 3305 τὸν
1424 3254 1590 3309 αὐτόν
1611 3271 1679 3327 γε
1709 3257 1923 3335 βρόχον.

562 3434 704 3491 ιυω,
730 3442 831 3484 nec
867 3430 1097 3487 omnino
1145 3440 1296 3490 recte
1338 3450 1441 3492 nec
1468 3438 1656 3495 stricte
1680 3438 2004 3510 loquuntur,
2038 3442 2134 3498 sed

562 3527 631 3570 ex
659 3514 897 3586 quadam
929 3520 1073 3589 apud
1108 3534 1212 3577 nos
1238 3526 1655 3592 consuetudine,
1694 3542 1802 3597 qua
1838 3528 2136 3599 sapientis-

563 3605 728 3671 sime,
758 3610 979 3669 cunctis
1023 3612 1229 3668 nutris
1246 3621 1306 3668 et
1325 3614 1545 3688 aliunde
1576 3618 1777 3675 creatis
1812 3623 1996 3687 rebus,
2026 3636 2133 3677 non

565 3704 749 3755 create
799 3699 968 3761 etiam
1007 3715 1259 3759 sermone
1286 3717 1616 3775 componere
1662 3708 1862 3766 solent.
1903 3710 1963 3767 Si
2015 3713 2136 3783 qui-

564 3792 713 3856 dem,
733 3791 801 3849 de
822 3792 925 3849 hac
947 3808 1207 3865 suprema
1224 3797 1509 3870 majestate
1538 3802 1688 3859 nullo
1711 3804 1821 3859 alio
1842 3803 2008 3862 modo
2031 3805 2136 3863 rite

564 3881 749 3941 dicere
769 3883 1048 3942 valeamus
1076 3887 1204 3953 :ila,
1225 3890 1450 3946 omnino
1473 3894 1675 3963 specie,
1702 3901 1866 3962 tactu,
1885 3906 2134 3966 aspectu,

565 3974 942 4048 serutouisque
969 3977 1239 4046 doctrina,
1268 3994 1389 4036 eam
1443 3994 1628 4040 carere
1670 3984 1861 4042 dicunt
1919 3988 2136 4060 sapien-

567 4076 669 4133 tes,
698 4071 959 4140 mysteria
1000 4070 1070 4126 de
1098 4083 1163 4126 ea
1198 4079 1529 4142 tractantes;
1578 4088 1642 4131 ac
1672 4084 1852 4132 tamen
1885 4091 2003 4131 eam
2036 4094 2137 4133 un—

563 4156 730 4227 dique
758 4152 1107 4218 sermonibus
1126 4177 1237 4222 nou
1267 4179 1334 4221 ex
1365 4176 1519 4236 parte
1550 4172 1782 4235 tantum,
1814 4170 1907 4226 sed
1943 4176 2134 4236 totam,

454 4284 465 4293 ι
566 4248 771 4318 ubique
820 4265 1051 4320 praeesse
1088 4252 1351 4310 fatentur.
1383 4256 1534 4311 Adeo
1574 4258 1731 4313 nobis
1758 4257 2005 4313 miranda
2041 4258 2135 4315 Dei

567 4349 763 4394 natura
812 4355 978 4411 supra
1014 4354 1274 4409 mentem,
1335 4354 1391 4400 ct
1423 4348 1803 4417 cogitationes,
1840 4356 1894 4402 ct
1923 4363 2136 4404 sermo-

568 4445 691 4486 nem
721 4430 884 4497 elata,
920 4434 1093 4502 magis
1116 4435 1335 4492 silentio
1364 4452 1528 4506 quam
1565 4453 1700 4494 voce
1721 4438 1943 4495 colitur.
1974 4439 2135 4508 Quod

567 4522 612 4578 si
630 4536 750 4579 eam
769 4523 890 4593 quis
919 4524 1151 4579 scrutari
1176 4525 1444 4595 videatur,
1473 4528 1698 4599 intelligi
1730 4530 1937 4600 nequit,
1972 4531 2135 4605 hujus

1738 460 1837 550 15E
1875 489 2276 553 cascomo
2323 488 2625 553 PALAMA

2154 610 2199 665 Α
2231 602 2338 655 Καὶ
2362 599 2471 670 γὰρ
2506 598 2738 671 τελευτᾷ
2757 596 2895 669 πρὸς
2917 594 3055 650 θεῶν
3073 594 3245 665 δῆμον
3271 593 3452 658 πάλιν,

3697 478 3805 543 856

2233 696 2341 748 Καὶ
2375 693 2552 748 πάντα
2583 691 2652 745 τὰ
2679 691 2832 763 πρὶν,
2856 691 2932 753 ὡς
2960 688 3120 759 ἔφην,
3153 686 3421 759 εἰρημένα
3446 701 3464 719 ο

2230 783 2449 841 Μᾶλλον
2477 783 2534 837 δὲ
2563 782 2643 852 τῷ
2673 784 2804 854 πρὶν
2839 780 3094 836 δυσσεϐεῖ
3114 779 3227 834 τῶν
3265 778 3555 848 δογμάτων

2232 876 2347 930 Ἀεὶ
2375 874 2534 945 κακῷ
2561 874 2773 944 πέφηνε
2803 874 2989 944 χεῖρον
3025 870 3376 942 συμπλέκων.

2235 967 2418 1033 Ἀπαξ
2446 965 2556 1038 γὰρ
2576 965 2632 1020 si
2659 982 2743 1030 τις
2767 964 3088 1036 ἐμπεσεῖται
3110 982 3214 1018 που
3244 962 3478 1035 πλάνης.

2231 1058 2341 1123 Οὓς
2367 1056 2570 1130 φαῦλος
2593 1057 2716 1122 νοῦς
2736 1057 2936 1127 ἔφυσεν
2968 1056 3028 1120 ἐξ
3050 1055 3383 1125 οἰδημάτων,

2232 1154 2446 1224 ’Ὠσπερ
2475 1151 2773 1225 βαράθροις
2803 1152 2903 1205 ούκ
2926 1148 3447 1218 ὲπισκοπουμένοις,

2230 1243 2322 1311 Τῷ
2341 1244 2452 1297 τῶν
2475 1242 2732 1297 ἁπάντων
2760 1237 3006 1310 ἀκριβῶς
3040 1236 3353 1306 ὲπισκόπῳ,

2232 1335 2347 1389 οὐκ
2372 1332 2521 1387 ἐστιν
2557 1330 2709 1404 αὐτῷ
2742 1328 3053 1400 τάσφαλοῦς
3086 1322 3260 1400 ἧφθαι
3294 1325 3481 1380 πάλιν.

2231 1427 2347 1482 Οὐκ
2373 1428 2563 1491 οὐσίας
2590 1425 2722 1497 γὰρ,
2755 1423 2876 1477 ἀλλ’
2915 1421 3197 1492 ἐνεργείας
3233 1417 3432 1487 λέγων,

2232 1522 2307 1574 Τὸ
2333 1511 2538 1590 πλῆθος
2555 1517 2724 1574 αὑτοῦ
2747 1516 2857 1569 τῶν
2885 1514 3197 1584 ύφειμένων
3227 1511 3389 1577 θεῶν,

2234 1613 2305 1665 Ἣ
2338 1604 2654 1680 θειοτῆτωνο
2676 1608 2737 1660 οὐ
2762 1607 2870 1677 γάρ
2906 1601 3071 1677 ἦττον
3104 1605 3138 1675 ἡ
3168 1603 3366 1675 πλάνη,

2232 1700 2408 1770 Χάριν
2443 1715 2528 1763 τε,
2553 1698 2649 1751 καὶ
2675 1696 2809 1768 φῶς.
2861 1694 2957 1749 καὶ
2984 1692 3344 1765 χαρισμάτων
3372 1689 3535 1762 τένη,

2234 1790 2442 1844 Γνῶσιν
2464 1787 2623 1855 Θεοῦ,
2655 1786 2955 1857 μόρφωσιν,
2987 1784 3165 1855 ἰσχὺν,
3195 1781 3270 1844 ὡς
3289 1780 3452 1851 ἔφην,

2241 1873 2445 1935 Ἦττον
2475 1878 2687 1948 νομίζει
2725 1876 3007 1931 δυσσεϐεῖν
3043 1878 3072 1928 ὁ
3101 1873 3386 1942 γεννάδας,

2161 1965 2203 2019 Β
2232 1973 2399 2028 Πάλιν
2426 1970 2679 2034 συνιστὰς
2707 1968 2933 2039 πλῆθος,
2953 1967 3030 2031 ὡς
3058 1965 3313 2038 προῦφην
3338 1964 3476 2030 άνω,

2240 2062 2569 2132 Ἑλληνικῶν
2599 2078 2677 2115 τοι
2699 2059 3287 2130 δεισιδαιμονημάτων.

2231 2154 2358 2208 Δέον
2388 2153 2497 2224 γὰρ
2517 2153 2598 2216 είς
2631 2151 2690 2205 ἒν
2722 2150 2963 2219 τάγαθὸν
2994 2150 3156 2220 μόνον
3179 2146 3424 2220 βλέπειν,

2230 2243 2573 2315 Τριλαμπὲς,
2601 2241 2829 2308 ἁπλοῦν,
2859 2243 2923 2296 ού
2951 2241 3234 2313 μεριστὸν,
3262 2240 3323 2294 ού
3356 2239 3572 2310 μίγμα,

2231 2337 2366 2392 Οὐδὲ
2398 2333 2731 2406 σταθμητδν,
2763 2333 2824 2386 οὐ
2863 2333 3131 2403 μετρητὸν
3164 2330 3454 2401 βαθμίσιν,

2231 2428 2358 2483 Οῦτ’
2387 2427 2554 2493 ἔνδον,
2579 2425 2692 2480 οὔτ’
2722 2424 2923 2492 ἔξωθεν
2955 2424 3356 2496 ἐξηρτημένον,

2243 2517 2569 2589 ’Δνωμάλων
2598 2517 2876 2587 ἄθροισμα
2905 2515 3208 2585 τμημάτων
3246 2512 3435 2587 πέριξ,

2233 2612 2308 2666 Οὐ
2346 2610 2659 2681 θειοτήτων,
2690 2609 2752 2663 οὐ
2793 2607 2949 2672 θεῶν,
2977 2610 3036 2660 οὒ
3069 2606 3403 2677 συνδρόμων.

2232 2705 2347 2760 Ούκ
2377 2702 2673 2767 οὐσιωδῶν,
2697 2701 2798 2754 οὐκ
2829 2699 3099 2754 ἀνουσίων
3132 2699 3313 2768 ὄχλον,

2138 2832 2165 2857 .
2234 2794 2358 2849 Οὐδ’
2384 2792 2659 2855 ὡντινοῦν,
2690 2792 2768 2854 ὡς
2784 2792 2931 2847 ἅπαν
2962 2792 3140 2846 εἰπεῖν
3161 2791 3313 2855 ἔπος,

2236 2886 2447 2956 Ὠσπερ
2468 2883 2898 2939 πεπαιδεύκασιν
2935 2882 3084 2954 ἡμᾶς
3105 2882 3156 2936 οῖ
3191 2882 3358 2937 πάλαι

2237 2977 2464 3048 Ἀνδρες
2496 2974 2697 3048 θεωροὶ
2718 2977 2828 3031 τῶν
2860 2975 3078 3045 ἀληθῶν
3099 2975 3387 3046 δογμάτων
3406 2988 3421 3004 ’

2245 3070 2306 3125 '0
2343 3070 2390 3124 δ’
2422 3070 2505 3134 είς
2532 3068 2853 3126 ἐναντίωσιν
2882 3066 3247 3139 ἐξηπγμὲνος

2233 3160 2455 3215 Τούτων
2475 3161 2692 3231 ὁρᾶται,
2714 3158 2809 3213 καὶ¹
2834 3159 3184 3229 σαφεστάτην
3216 3158 3409 3233 μάχην,

2157 3287 2202 3346 c
2231 3251 2516 3324 Μερισμδν
2540 3253 2620 3315 sic
2652 3250 2896 3324 ἄτμητον
2925 3251 3162 3320 εἰσάγων
3187 3250 3371 3320 φύσιν,

2240 3453 2364 3496 esse
2396 3448 2664 3503 creatum,
2694 3433 2845 3506 quod
2869 3445 3066 3490 cuncta
3098 3432 3400 3504 adimplere
3452 3441 3680 3491 testatur
3710 3450 3796 3491 se-

2201 3587 2206 3593 ,
2234 3528 2477 3586 cundum
2507 3527 2893 3593 substantiam,
2922 3540 3022 3581 nec
3052 3525 3370 3581 cohabitare
3391 3541 3518 3582 cum
3551 3537 3793 3583 contem-

2234 3618 2511 3692 plantibus
2537 3616 2740 3677 omnia.
2770 3616 2939 3671 Deum
2968 3628 3139 3671 non~a
3171 3613 3295 3669 Deis
3328 3623 3599 3680 creatum,
3632 3613 3719 3671 sed
3758 3629 3789 3667 a

2235 3709 2524 3777 creaturis,
2557 3706 2650 3764 sed
2685 3706 2804 3779 eius
2835 3706 2955 3763 loco
2980 3705 3280 3783 submissius
3296 3704 3490 3761 turbas
3520 3705 3625 3760 diis
3646 3713 3791 3760 aeter-

2235 3804 2323 3860 nis
2348 3816 2510 3873 Opera
2532 3789 2699 3874 primi
2737 3800 3035 3871 operantis.
3062 3798 3209 3854 Adeo
3242 3814 3368 3854 vero
3393 3798 3653 3855 infandus
3687 3799 3801 3869 ejus

2236 3903 2325 3950 est
2358 3909 2535 3962 error,
2574 3902 2637 3949 ut
2664 3893 2782 3949 haec
2815 3892 2963 3949 clare
2992 3895 3045 3947 in
3076 3892 3422 3948 sermonibus
3448 3907 3732 3963 spargere,
3758 3900 3809 3944 et

2236 3984 2465 4040 scelesta
2484 3999 2716 4055 quaeque
2734 3983 2912 4054 palam
2930 3983 3167 4054 proilteri
3211 3995 3323 4037 non
3373 3982 3657 4038 erubuerit
3683 3999 3699 4036 :
3722 3982 3809 4052 ja-

2235 4083 2349 4132 stas
2380 4085 2585 4140 autem,
2623 4077 2945 4141 utdecebat,
2975 4070 3197 4131 sceleris
3228 4089 3418 4144 poenas
3448 4074 3619 4142 dedit,
3659 4089 3809 4145 sepa-

2234 4167 2501 4223 rationem
2557 4165 2679 4221 dico
2707 4164 2777 4220 ab
2807 4165 2923 4234 ipsa
2973 4156 3259 4234 impoliuta
3323 4163 3590 4228 Ecclesia,
3644 4178 3811 4236 quam

2236 4255 2420 4326 impiis
2449 4253 2798 4326 dogmatibus
2812 4261 2923 4309 tam
2950 4253 3172 4325 indigne
3201 4252 3485 4308 laceravit.
3516 4250 3681 4307 Omni
3710 4266 3811 4321 ope

2239 4354 2420 4400 tamen
2451 4359 2668 4401 errores
2698 4344 2874 4401 celare
2897 4345 3142 4408 studens,
3176 4343 3341 4403 fallax
3365 4343 3530 4400 veluti
3575 4343 3808 4414 species,

2236 4435 2353 4491 sive
2419 4436 2751 4491 camclconls
2783 4444 2920 4499 arte.
2956 4436 3000 4492 si
3040 4435 3189 4491 viros
3226 4436 3455 4506 deceptu
3488 4433 3675 4493 faciles
3707 4433 3805 4505 ipsi

2237 4527 2453 4583 obviam
2474 4536 2791 4593 occurrunt,
2819 4526 3077 4582 callidum
3103 4529 3347 4589 errorem
3367 4527 3547 4581 minus
3573 4526 3807 4581 velatum

564 4614 710 4669 cnim
757 4614 983 4671 scientia
1034 4616 1352 4686 ignorantiae
1394 4620 1668 4687 cumulus,
1720 4623 1766 4678 si
1814 4622 2127 4681 intultivam

2237 4617 2461 4690 praebet,
2515 4632 2676 4674 secus
2731 4633 2884 4684 vero,
2929 4617 2973 4673 si
3011 4605 3569 4688 scicntiaa'peritiorcs
3608 4616 3807 4679 adsint,

569 4704 664 4760 Dei
690 4703 960 4760 visionem
1011 4705 1214 4777 aliquis
1259 4710 1494 4764 scrutari
1546 4722 1874 4781 conaretur;
1922 4715 2130 4771 nullum

567 4795 712 4851 cnim
731 4796 959 4853 omnino
984 4798 1268 4868 vestigium
1297 4800 1520 4870 praebet,
1554 4816 1661 4873 quo
1684 4818 1803 4859 eam
1837 4816 2132 4873 scrutetur,

565 4886 660 4955 qui
681 4889 1177 4959 scrutarilvoiucrit.
1204 4888 1296 4945 Ille
1321 4905 1605 4949 verouunc
1629 4908 1801 4951 novus
1825 4897 2131 4966 imperitus,

568 4994 676 5047 que
701 4979 1008 5037 divinorum
1043 4984 1332 5053 interpres,
1386 4999 1451 5040 ex
1501 4985 1621 5056 ipsa
1675 4986 1847 5057 ipsam
1879 4988 2137 5058 cognosci

568 5070 726 5139 dicit,
759 5073 1010 5130 videlicet
1039 5091 1107 5131 ex
1153 5076 1272 5147 ejus
1324 5070 1798 5147 substantialibus,
1838 5080 1984 5149 quod
2044 5094 2139 5134 su-

565 5163 736 5233 perbe
778 5164 1144 5232 vociferatur;
1201 5184 1322 5240 quae
1373 5184 1503 5225 vero
1533 5171 1600 5225 ad
1655 5170 1828 5240 ipsam
1866 5180 2134 5243 spectant,

567 5271 693 5312 tum
742 5257 879 5312 mihi
937 5259 1059 5314 talia
1091 5261 1264 5328 dicas,
1298 5262 1388 5317 illa
1419 5263 1625 5317 nobilia
1655 5263 1816 5328 dicis,
1887 5276 2136 5334 voceque

569 5348 869 5413 confiteris,
907 5349 1012 5404 ista
1043 5366 1173 5405 vero
1229 5352 1463 5409 deﬂuere
1500 5354 1712 5426 riteque
1745 5354 2057 5423 procedere,
2087 5363 2141 5408 ct

568 5450 765 5497 cuncta
791 5453 981 5510 agere,
1013 5442 1174 5496 veluti
1199 5444 1508 5498 mortalium
1537 5446 1854 5517 participem
1880 5443 2139 5498 deitatem

570 5533 835 5598 statuisti,
856 5534 912 5588 in
945 5535 1165 5605 vulgum
1196 5550 1456 5608 spargens
1489 5554 1605 5593 eam
1635 5546 1842 5594 naturze
1863 5536 2140 5607 primariae

573 5626 801 5680 minime
826 5626 1119 5696 aequalem,
1154 5626 1341 5682 multis
1364 5629 1525 5683 etiam
1556 5628 1730 5685 modis
1762 5629 1934 5684 errori
1965 5629 2139 5684 obno-

568 5716 742 5783 xiam,
797 5719 1065 5773 creaturis
1111 5734 1239 5774 vero
1312 5719 1450 5773 inira
1490 5721 1853 5776 commistam.
1897 5718 1970 5774 ita
2011 5735 2141 5789 ergo

572 5822 710 5876 Opus
762 5812 1007 5878 operanti
1043 5812 1308 5881 sulijacet,
1362 5822 1526 5883 atque
1590 5814 1731 5882 apud
1760 5829 1858 5870 nos
1894 5828 1956 5869 ex
1990 5823 2140 5881 pote-

579 5908 721 5955 state
751 5915 859 5957 non
890 5904 1129 5973 subjecta
1160 5906 1421 5975 procedit.
1443 5905 1563 5963 Non
1598 5906 1740 5962 enim
1775 5906 1970 5973 ubique
2004 5919 2138 5973 prae-

2242 4709 2333 4780 qui
2356 4707 2561 4780 paratis
2586 4707 2805 4764 insidiis
2837 4708 2982 4763 haud
3013 4705 3174 4764 facile
3203 4708 3516 4777 capiuntur,
3556 4719 3801 4761 errorem

2240 4810 2370 4857 tunc
2397 4800 2622 4856 omnino
2643 4798 2824 4855 velare
2869 4805 3117 4854 conatur.
3173 4796 3424 4869 Apertam
3454 4811 3587 4854 sane
3612 4802 3811 4873 ,Μετε-

2240 4893 2341 4949 sim
2366 4892 2545 4963 palam
2571 4908 2680 4949 non
2712 4891 3030 4957 confitetur,
3064 4889 3168 4946 etsi
3202 4889 3431 4960 singulae
3467 4888 3582 4945 fere
3603 4904 3811 4944 scrmo—
3899 4886 3911 4895 '

2241 4988 2325 5041 nis
2348 5001 2510 5042 voces
2536 5000 2653 5040 eam
2684 4985 2980 5049 redoicant,
3033 4991 3088 5038 at
3143 4981 3363 5056 nonnisi
3432 4981 3646 5036 cunctis
3680 4980 3810 5035 sini-

2241 5078 2362 5140 bus,
2402 5075 2725 5145 cunctisque
2789 5072 3096 5130 recessibus
3146 5072 3514 5142 perlustratis,
3553 5071 3808 5140 deceptos

2240 5169 2294 5223 in
2325 5165 2712 5238 ipsasinsidias
2736 5165 3022 5233 demergit.
3055 5162 3134 5217 Ad
3174 5163 3407 5219 deorum
3438 5162 3807 5233 pluralitatem

2242 5259 2404 5330 igitur
2433 5256 2729 5321 concludit,
2783 5264 2837 5310 et
2867 5256 2932 5310 ad
2957 5265 3152 5310 cuncta
3205 5254 3364 5324 prius
3412 5253 3604 5317 relata,
3648 5250 3809 5307 veluti

2242 5350 2374 5415 dixi,
2425 5349 2537 5404 imo
2564 5363 2713 5411 vero,
2747 5347 2931 5417 impiis
2975 5344 3327 5416 dogmatibus
3373 5358 3537 5413 supra
3571 5341 3808 5407 emissis,

2243 5441 2457 5495 tametsi
2498 5438 2756 5502 infandis,
2784 5437 2969 5509 peiora
2997 5438 3180 5492 adhuc
3223 5436 3524 5491 admiscere
3575 5433 3807 5487 videtur.

2240 5530 2375 5587 Cum
2419 5527 2618 5598 aliquis
2675 5529 2817 5582 enim
2839 5541 3080 5582 errorem
3147 5526 3321 5581 semel
3372 5524 3656 5594 amplexus
3704 5531 3807 5585 est,

2243 5637 2351 5695 quo
2398 5619 2642 5676 scelestae
2690 5619 2888 5675 mentis
2914 5628 2996 5674 est
3022 5616 3275 5687 superbia
3321 5617 3599 5684 delapsus,
3644 5612 3808 5666 veluti

2241 5728 2339 5785 per
2371 5711 2742 5780 inexploratos
2800 5711 3051 5780 abyssos,
3089 5708 3336 5761 omnium
3357 5706 3532 5767 etiam
3562 5703 3808 5772 explora-

2244 5813 2422 5860 torum
2453 5802 2785 5871 peritissimo
2810 5802 3086 5869 abreptus,
3121 5796 3237 5865 ipse
3276 5811 3335 5852 se
3367 5794 3597 5850 vinculis
3620 5806 3810 5849 eruere

2245 5913 2354 5953 non
2377 5896 2610 5967 amplius
2636 5895 2777 5952 valet
2800 5909 2817 5961 ;
2842 5892 3039 5948 ctenim
3070 5902 3174 5944 non
3194 5887 3305 5955 jam
3330 5886 3679 5955 substantias,
3715 5882 3809 5941 sed
