4180 6308
399 401 504 468 85⁸1

407 520 518 574 Kal
544 519 819 584 συντιθεὶς
845 521 1086 594 πρόδηλα
1112 523 1211 594 τὴν
1247 525 1628 599 ἁπλουστάτην

403 611 475 662 Ἦ
501 612 816 679 κτισμάτων
842 613 1040 680 ἔξωθεν
1086 616 1508 693 ἀνειλημμένος,

403 700 476 751 Ἦ
507 700 707 770 μᾶλλον
735 703 902 771 ἄμφω
925 704 1264 776 ρᾳδιουργῶν
1293 709 1551 777 εἰσάπαξ,

398 788 473 840 Τὸ
498 787 706 856 πλῆθος
735 790 1025 861 εἰσήνεγκε
1053 795 1163 850 τῶν
1195 798 1583 870 σεὼσμάτων,

412 878 743 944 Ὕψιστικῶς
776 881 1044 954 ’Έλληνας
1077 885 1316 957 ἐξαίρων
1342 890 1527 958 πάλιν,

402 972 556 1024 Ἀνω
577 972 644 1024 τὰ
665 975 812 1042 τῇδε,
836 975 930 1028 καὶ
959 977 1022 1029 τὸ
1045 979 1155 1031 πᾶν
1177 977 1314 1049 ὕψος
1335 981 1513 1046 κάτω,

401 1062 667 1115 ’Λκτιστα
684 1063 879 1127 ταῦτα,
913 1067 1008 1120 καὶ
1033 1066 1093 1121 τὸ
1121 1069 1201 1142 μὴ
1229 1070 1434 1139 κτίσμα
1464 1072 1697 1143 κτίσμα,

397 1152 509 1206 Kal
555 1153 808 1210 δυσσεϐεῖ
839 1158 971 1224 πᾶς,
1007 1159 1196 1232 φησιν,
1228 1161 1290 1226 ὃς
1322 1162 1478 1218 ταῦτ’
1509 1164 1573 1218 οὐ
1605 1165 1779 1220 σέϐει.

398 1248 476 1301 Οὐ
502 1245 784 1302 δυσσεϐεῖν
822 1251 969 1322 μόνῳ
995 1251 1054 1306 δὶ
1076 1251 1154 1324 τῷ
1175 1253 1319 1326 λόγῳ
1347 1255 1548 1326 λέγων,

411 1343 467 1395 Ἀ
478 1345 629 1414 ρκεῖν
661 1343 874 1412 νομίζει
900 1347 1038 1419 πρὸς
1057 1349 1117 1402 τὸ
1143 1348 1245 1418 τῆς
1288 1350 1473 1420 μάχης
1495 1350 1698 1421 κράτος
1721 1366 1736 1382 ⁹

411 1436 552 1490 Ἀλλ’
581 1437 767 1509 ὥσπερ
794 1439 981 1506 ὅπλοις
1017 1441 1113 1494 καὶ
1139 1441 1309 1510 ξιφῶν
1339 1443 1546 1513 ἀκμαῖς
1571 1443 1722 1506 ὅλαις

399 1527 530 1580 Δέον
550 1526 822 1582 τελεῖσθαι
853 1530 954 1594 τὰς
987 1531 1128 1600 ὑπὲρ
1152 1523 1360 1587 τούτων
1387 1535 1620 1604 κρίσεις.

411 1618 586 1672 Ὀκνῶ
603 1619 648 1672 δ’
679 1619 931 1691 ἀριθμεῖν
961 1624 1058 1687 τὰς
1079 1625 1395 1696 ἀμυθήτους
1435 1625 1644 1697 ὕϐρεις.

397 1711 556 1766 Οὕτω
585 1716 946 1786 συνεκρότησε
972 1716 1166 1780 δεινῶς
1199 1718 1298 1789 τὴν
1328 1718 1512 1790 μάχην

398 1804 543 1870 Πρὸς
571 1805 697 1868 τοὺς
727 1806 970 1872 ἀπειθεῖς
991 1809 1104 1869 τοῖς
1138 1809 1279 1872 θεοῖς
1301 1812 1400 1880 τῆς
1444 1806 1700 1870 Ἑλλάδος

399 1895 586 1960 Οὕτως
617 1897 850 1969 ἄναρχος
879 1901 997 1953 ὲστι
1026 1906 1122 1956 καὶ
1154 1901 1374 1958 πάντων
1401 1903 1536 1969 ἂνω,
1561 1912 1572 1970 ε

400 1990 513 2043 Kal
537 1988 636 2060 τὴν
664 1990 1036 2048 ἀνεικόνιστον
1069 1992 1230 2058 ἀξίαν
1253 1994 1440 2064 βλέπει

400 2077 603 2143 Λύταϊς
627 2079 842 2150 ἀληθῶς
874 2083 995 2146 ταῖς
1015 2083 1182 2151 ἀφαίς
1217 2083 1324 2140 τῶν
1371 2083 1661 2154 ὀμμάτων.

402 2171 571 2226 Ὅθεν
603 2172 695 2225 τὸν
723 2173 880 2244 ϐχλον
909 2169 1020 2229 εῐδε
1037 2177 1144 2232 τῶν
1176 2178 1545 2249 σεϐασμάτων

414 2265 505 2318 Ἐν
537 2267 602 2336 τῇ
645 2269 877 2338 ταπεινῇ
905 2267 1012 2323 τῶν
1049 2268 1366 2340 ὑφειμένων
1401 2271 1584 2340 βάσει.

404 2349 509 2410 Ὧν
529 2357 608 2421 είς
630 2357 692 2410 τὸ
723 2357 952 2428 πλῆθος,
981 2358 1059 2423 ὡς
1082 2359 1254 2425 δοκεῖ,
1289 2361 1496 2432 βλέψας
1516 2363 1627 2427 ὅδε,

416 2449 568 2514 Ένὺς
603 2451 982 2524 κατεφρόνησε
1011 2453 1105 2507 τοῦ
1149 2454 1368 2510 πάντων
1401 2454 1664 2527 κράτους.

415 2539 562 2594 Ἀλλ’
595 2539 656 2593 οὐ
683 2541 794 2612 τὰρ
818 2542 983 2596 αὑτὸν
1009 2542 1285 2612 ὠφελήσει
1307 2544 1368 2598 τὸ
1393 2543 1614 2614 στέφος.

406 2630 686 2701 Ὅτανπερ
706 2631 940 2703 οἰκτρῶς
965 2633 1031 2688 ὲκ
1059 2635 1192 2703 μιᾶς
1215 2634 1484 2705 θεαρχίας

403 2719 566 2793 Τρισὶ
595 2723 884 2792 μοναπλῶς
915 2723 1358 2795 συγκαταθλᾶται
1387 2727 1582 2792 λίθοις,

405 2814 552 2886 Πρὸς
577 2815 778 2884 κέντρα
806 2815 863 2870 δὲ
892 2817 1008 2888 γνῷ
1036 2819 1471 2891 τραυματουργά
1492 2821 1777 2886 λακτίαας.

405 2906 519 2961 Kal
557 2906 775 2961 κτιστὸν
804 2907 908 2962 οὐκ
931 2908 1191 2966 ἀκτιστον
1223 2913 1387 2967 αὐτὸν
1420 2913 1695 2986 μανθάνῃ,

407 3095 639 3149 virtutes
689 3107 945 3150 sermone
987 3093 1205 3158 dicens,
1295 3103 1705 3152 attenuatorum
1755 3096 1984 3152 deorum

408 3189 525 3242 sive
553 3184 818 3241 deitatum
845 3198 1131 3239 numerum
1159 3185 1212 3239 in
1245 3184 1516 3240 inlinitum
1537 3187 1727 3241 statuit
1753 3203 1768 3241 :
1799 3186 1982 3242 minor
2015 3221 2062 3283 ο

407 3279 555 3335 enim
586 3292 694 3333 non
751 3276 1095 3347 relinquitur
1141 3279 1316 3334 errori
1354 3279 1529 3336 locus.
1559 3279 1626 3332 Et
1651 3280 1906 3350 gratiam,
1935 3287 1990 3334 et

408 3372 692 3438 lumen,-at
743 3367 1104 3423 chrismatnm
1126 3369 1290 3434 dona,
1320 3368 1411 3424 Dei
1435 3369 1744 3435 scientiam,
1764 3369 1988 3436 formas,

407 3464 694 3527 virtutem,
747 3461 915 3516 veluti
947 3461 1086 3525 dixi,
1144 3461 1342 3517 iterum
1398 3463 1546 3517 inter
1579 3478 1637 3518 se
1675 3463 1991 3531 promiscua

407 3556 682 3628 praebens,
745 3555 994 3623 inquam,
1031 3555 1230 3608 minori
1279 3554 1556 3623 impietate
1591 3570 1697 3623 qua
1723 3555 1993 3625 supersti-

407 3643 540 3700 tiosi
571 3641 768 3706 Graci,
792 3641 878 3696 vir
916 3642 1006 3697 ille
1045 3643 1316 3712 ingenuus
1365 3657 1488 3699 sese
1517 3644 1768 3699 laborare
1797 3644 1993 3715 praedi-

407 3744 526 3793 cat.
562 3733 742 3790 Unum
779 3740 961 3788 tamen
991 3741 1046 3789 et
1074 3733 1254 3788 solum
1306 3735 1573 3804 optimum
1631 3735 1880 3791 confiteri
1900 3749 1994 3790 ue-

410 3841 572 3884 cesse
595 3835 702 3894 est,
727 3825 924 3896 triplici
962 3826 1086 3880 luce
1119 3824 1431 3895 splendens,
1459 3826 1711 3896 simplex.
1742 3828 1996 3882 indivisi-

410 3916 544 3982 hile,
567 3932 672 3971 non
715 3915 960 3980 mistum,
1012 3928 1115 3970 nec
1160 3914 1541 3984 ponderatum,
1601 3929 1703 3970 nec
1738 3915 1995 3984 gradibus

415 4014 815 4071 mensuratum,
848 4017 951 4058 nec
983 4004 1152 4068 intra,
1179 4018 1277 4058 nec
1326 4013 1479 4058 extra
1517 4004 1767 4072 partibus
1789 4003 1995 4059 eonﬁa-

412 4109 556 4163 tum,
587 4099 753 4152 veluti
785 4097 1034 4168 quaedam
1066 4095 1418 4167 inaequalium
1454 4096 1759 4151 sectionum
1792 4110 1997 4166 coagu-

412 4191 549 4246 iatio
577 4190 812 4256 circum,
848 4203 951 4243 nec
990 4188 1271 4254 deitatum,
1301 4202 1402 4244 nec
1429 4187 1678 4252 deorum,
1704 4202 1810 4244 nec
1826 4203 1998 4243 aimu-

414 4284 674 4345 latorum,
719 4295 820 4336 nec
846 4280 1310 4344 substantialium,
1351 4294 1453 4335 nec
1492 4279 1996 4355 insuhstantialium

416 4373 657 4438 turbam,
694 4385 795 4426 nec
853 4370 1088 4424 aliorum
1127 4371 1423 4437 omnium,
1456 4380 1513 4426 ut
1550 4383 1749 4427 cuncta
1806 4372 1998 4441 paucis

413 4465 720 4529 absolvam,
759 4463 924 4518 veluti
954 4478 1056 4518 nos
1086 4462 1215 4539 olim
1263 4464 1571 4519 docuerunt
1605 4463 1852 4531 inspirati
1896 4465 1999 4518 ho-

1552 416 1995 483 amoenum
2021 423 2496 491 seareurm.
2838 381 2849 389 ’
3551 438 3659 501 ess

3592 471 3619 499 ι)

2009 544 2055 601 Δ
2084 539 2361 610 Λαμπράν
2390 543 2514 596 καθ’
2545 544 2708 599 αὑτοῦ
2734 545 2915 618 ψῆφον
2943 518 3105 611 αὐτὸς
3125 548 3395 619 ἐκφέρων,

2087 631 2176 722 fil;
2209 631 2307 722 τὴν
2334 634 2590 688 ἁπάντων
2622 635 2998 710 ὲξηρνημένην
3029 641 3216 709 φύσιν,

2085 714 2190 784 Ἧς
2217 714 2401 777 ἶπάντα
2431 725 2614 789 δοῦλα,
2655 729 2747 782 καὶ
2783 731 2852 784 τὰ
2889 733 3124 802 κρείττω
3160 733 3512 805 βλεμμάτων,

2085 811 2194 863 Καὶ
2217 812 2309 865 νοῦ
2349 814 2489 886 πρὸς
2522 817 2808 888 ἀκρίϐειαν
2841 821 3252 896 ἐπτερωμένον,

2097 898 2282 968 Ἀφεὶς
2308 901 2460 958 κάτω
2479 907 2768 962 πέπτωκεν
2797 911 2859 964 ἐκ
2890 915 3301 984 φαντασμάτων
3330 933 3345 983 ;

2087 990 2179 1056 El;
2205 995 2297 1047 νοῦ
2327 997 2702 1070 ματαιότητας
2727 1003 2807 1065 είς
2837 1001 3018 1072 ἔργων
3053 1005 3243 1072 σέϐας,

2085 1083 2154 1137 Ἢ
2187 1085 2389 1153 μᾶλλον
2414 1089 2610 1155 εἰπεῖν,
2645 1093 2726 1155 είς
2754 1094 3023 1148 ἀνουσίων
3055 1096 3241 1163 σέϐας,

2084 1171 2378 1232 Τουτέστιν
2407 1179 2596 1246 ἁπλῶς
2638 1182 2888 1253 οὐδαμῶς
2910 1185 3047 1240 Θεοῦ
3083 1188 3269 1256 σέϐας.

2084 1266 2253 1320 Οὐδὲν
2279 1269 2412 1340 γὰρ,
2445 1271 2598 1326 οὐδὲν
2623 1273 2733 1327 τῶν
2763 1277 3027 1332 ἀνουσίων
3060 1280 3246 1346 σέϐας,

2088 1359 2374 1434 Ὀπουπερ
2404 1365 2527 1419 οὐδὲ
2561 1368 2670 1422 τῶν
2695 1368 3004 1440 ὕφειμένων
3038 1373 3199 1436 ὅλως,

2085 1453 2197 1522 Τῆς
2216 1456 2602 1526 παντανάσσης
2629 1461 2723 1513 καὶ
2754 1462 2986 1534 τριπλῆς
3015 1465 3272 1535 ὲναρχῖας

2085 1543 2366 1614 Τελοῠμεν
2392 1547 2546 1602 οὐδὲν
2573 1542 2942 1605 δουλικόντινι
2969 1559 3172 1624 τρόπον

2085 1635 2233 1707 Πλήν
2265 1637 2317 1706 γ’
2343 1639 2417 1701 ὡς
2453 1640 2710 1706 ἐλάττους
2730 1645 2828 1708 τάς
2860 1646 3170 1718 ὑπερτέρας
3201 1649 3418 1721 φύσεις,

2091 1727 2160 1780 Ἣ
2183 1728 2388 1797 τάξεις,
2427 1731 2494 1796 ἃς
2524 1733 2722 1787 ἔδωκεν
2749 1737 3010 1805 ἀνδράσιν
3039 1740 3223 1803 πόνος,

2086 1820 2197 1873 Kal
2229 1820 2337 1875 τῶν
2361 1823 2419 1884 ἐς
2445 1825 2594 1892 ἡμᾶς
2625 1826 2897 1880 συστικῶν
2932 1832 3292 1901 συνεργάτας,

2011 1889 2054 1949 Β
2084 1912 2344 1984 Τιμῶμεν
2381 1889 2748 1986 ὡς-ένθεσμον
2770 1921 2828 1971 ἐν
2863 1889 3253 1991 συμμετρίαις,

2095 2004 2236 2057 Ἀλλ’
2259 2005 2360 2059 οὐκ
2394 2007 2668 2079 ἀνάρχους
2694 2011 2770 2074 ὡς
2804 2011 2985 2077 θεοὺς,
3018 2015 3114 2067 καὶ
3136 2015 3426 2082 δεσπότας.

2085 2097 2148 2148 Ὦ
2170 2096 2287 2162 πῶς
2315 2098 2584 2170 τοσαύτην
2619 2100 2803 2157 εἰσιὼν
2832 2103 3039 2174 τόλμαν
3071 2105 3256 2174 μόνος,

2084 2189 2326 2244 Ἥκιστα
2351 2191 2476 2244 νοῦν
2501 2193 2724 2264 εἴληφας
2752 2194 2788 2248 ἃ
2819 2197 3082 2266 πράττειν
3106 2199 3281 2265 θέλεις
3303 2200 3317 2252 l

2084 2281 2238 2334 Κατὰ
2266 2281 2459 2352 θρόνου
2497 2284 2560 2338 σὺ
2588 2284 2681 2338 τοῦ
2714 2285 3010 2359 θεοδμήτου
3045 2289 3246 2358 στόμα,

2096 2372 2213 2450 Ἐφ’
2240 2364 2412 2444 οὗπερ
2436 2373 2598 2437 αὐτὸς
2629 2376 3006 2446 ἐγκαθήμενος
3035 2379 3252 2450 θρόνου,

2085 2449 2313 2536 Κρινεῖν
2347 2468 2562 2522 ἀπειλεῖ
2589 2469 2715 2531 τοὺς
2747 2449 3305 2542 βεϐλασφημηκότας,

2087 2557 2280 2612 υασῶν
2311 2558 2558 2612 ἀπαιτῶν
2589 2561 2689 2630 τὴν
2713 2562 3026 2635 ὑπερτάτην
3055 2565 3236 2636 δίκην,

2086 2648 2158 2701 Σὺ
2196 2650 2323 2712 τοὺς
2359 2649 2541 2716 ὅρους,
2573 2651 2850 2720 ἄνθρωπε,
2891 2656 3018 2717 τοὺς
3045 2657 3319 2723 αἰωνίους,

2087 2741 2272 2796 Κινεῖν
2311 2741 2585 2812 ἐπήρθης,
2625 2743 2719 2807 οὓς
2749 2745 2882 2809 Θεὸς
2917 2747 3093 2816 πήξας
3121 2748 3273 2819 ἔχεις

2087 2831 2160 2886 Σὺ
2191 2832 2284 2886 τοῦ
2318 2832 2579 2902 θεμέθλου
2603 2832 2703 2904 τὴν
2743 2834 3074 2907 βαθύρῤιζον
3107 2841 3340 2913 πέτραν,

2101 2925 2187 3008 Ὠς
2212 2925 2599 2996 ἐκμοχλεύσων
2639 2931 2921 2997 συγκινεῖς
2952 2931 3164 2995 πάντας
3195 2934 3416 3002 λίθουςς

2089 3100 2378 3140 numerare
2403 3087 2698 3142 horresco:
2731 3089 2865 3143 adeo
2902 3090 3120 3146 funeste
3145 3108 3338 3164 pugnae
3367 3098 3656 3166 strepitum

2091 3191 2350 3233 resonare
2383 3191 2548 3232 ausus
2582 3189 2665 3232 est
2696 3181 2837 3248 apud
2870 3180 3020 3250 ipsos
3047 3182 3274 3241 Graeciae
3307 3189 3548 3244 numinis
3578 3190 3660 3244 in-

2093 3269 2380 3336 credulos;
2416 3269 2551 3325 adeo
2573 3282 2899 3326 cunctorum
2931 3274 3168 3344 desuper
3197 3291 3255 3330 se
3275 3289 3663 3348 praepotentem

2093 3360 2318 3430 praebet,
2387 3361 2818 3434 dignitatemque
2893 3366 3120 3422 omnino
3176 3368 3346 3439 ﬁgura
3400 3373 3662 3429 nudatam

2093 3453 2212 3524 ipso
2237 3455 2526 3512 oculorum
2573 3465 2746 3514 tractu
2777 3474 2902 3514 vere
2954 3463 3312 3531 contemplari
3360 3467 3664 3522 contendit.

2094 3545 2271 3611 Unde,
2295 3546 2554 3606 humilem
2579 3549 2720 3606 inter
2743 3550 2888 3605 hunc
2923 3559 3324 3608 attenuatorum
3351 3573 3666 3622 numerum,

2093 3639 2304 3698 inﬁnita
2338 3642 2771 3698 venerandorum
2809 3645 3155 3702 multitudine
3177 3648 3379 3718 agnita,
3415 3649 3558 3718 ipse,
3605 3661 3668 3707 ut

2095 3734 2485 3802 mihividetur,
2525 3739 2736 3790 turbam
2775 3739 3197 3808 contemplatus,
3242 3757 3408 3795 unum
3435 3750 3667 3810 tantum,

2095 3833 2422 3882 omterorum
2444 3826 2685 3881 omnium
2723 3827 2996 3892 virtutem,
3033 3830 3256 3898 sprevit.
3276 3831 3342 3884 At
3365 3845 3566 3886 corona
3594 3831 3671 3886 illi

2097 3929 2229 3970 sane
2259 3915 2484 3970 minime
2530 3916 2794 3984 proderit,
2871 3933 2996 3972 cum
3045 3919 3419 3975 miserandum
3461 3920 3516 3974 in
3553 3937 3674 3974 mo-

2095 4005 2249 4070 dum,
2289 4019 2396 4060 una
2455 4020 2710 4074 suprema
2761 4017 3020 4074 potestas,
3069 4009 3265 4079 triplici
3296 4011 3475 4081 lapide
3505 4011 3673 4067 mise-

2098 4093 2343 4149 rabiliter
2391 4093 2684 4162 frangitur,
2731 4109 2790 4148 se
2851 4097 3115 4151 adversus
3164 4097 3345 4152 calcar
3386 4098 3674 4154 calcitrare

2098 4198 2316 4252 noscat,
2349 4201 2412 4242 ac
2437 4185 2654 4240 tandem
2684 4200 2744 4242 se
2774 4195 3042 4254 creatum,
3070 4203 3178 4242 non
3209 4203 3342 4244 vero
3363 4190 3672 4245 increatum

2099 4280 2292 4341 discat,
2348 4278 2465 4348 ipse
2518 4277 2726 4336 clarum
2777 4279 2832 4333 in
2896 4293 2956 4333 se
3006 4279 3376 4334 testimonium
3433 4279 3674 4349 praefert,

2097 4361 2228 4442 erga
2249 4369 2757 4439 prastantissimam
2787 4369 3035 4423 omnium
3065 4378 3343 4434 naturam,
3371 4370 3461 4424 cui
3488 4372 3676 4425 omnia

2101 4461 2417 4524 subsunt,et
2437 4457 2716 4514 oculorum
2736 4460 3184 4529 perspicaciorcs,
3203 4469 3256 4514 et
3275 4463 3340 4516 ad
3354 4462 3677 4517 sublimiora

414 4558 615 4623 mines,
652 4571 907 4614 verorum
953 4555 1270 4625 dogmatum
1325 4557 1585 4612 ministri.
1621 4558 1740 4625 ipse
1788 4571 1914 4609 vero
1947 4556 1998 4609 in
2032 4567 2082 4622 p
2107 4559 2290 4605 mente
2320 4551 2492 4619 magis
2539 4550 2692 4617 elati,
2724 4551 2842 4620 ipse
2889 4553 3034 4608 enim
3065 4563 3282 4607 terrena
3320 4559 3584 4621 respuens
3612 4566 3679 4606 ex

415 4649 714 4704 adversum
799 4661 1052 4717 surgere,
1110 4646 1688 4714 evidentissimamque
1760 4659 1997 4714 puguain

412 4740 762 4795 committere
797 4737 1031 4802 videtur,
1068 4737 1454 4793 imlivisibilem
1507 4747 1758 4792 naturam
1807 4735 2001 4806 partiri

415 4847 528 4887 non
553 4831 906 4896 erubescens,
945 4830 1413 4900 simplicissimum
1453 4832 1614 4886 etiam
1647 4828 1752 4885 sub
1777 4842 2002 4897 compo-

413 4924 530 4980 sito
562 4932 745 4993 aperte
771 4921 1039 4992 praebens,
1060 4923 1140 4976 vel
1175 4921 1303 4976 illud
1336 4931 1492 4974 extra
1525 4928 1806 4974 creaturas
1837 4919 2004 4972 collo-

417 5029 550 5070 care
577 5030 743 5070 ausus
765 5022 869 5077 est,
902 5013 1016 5069 sive
1065 5014 1271 5084 potius,
1302 5013 1577 5081 duplicem
1614 5013 1780 5066 semel
1806 5010 2000 5079 nequi-

427 5107 564 5162 tiam
593 5121 785 5176 agens,
840 5107 1280 5162 venerandorum
1327 5119 1610 5158 numerurm
1643 5103 1696 5156 in
1728 5104 2000 5156 inlinitum

424 5198 601 5262 anxit,
628 5213 692 5252 ac
717 5199 799 5253 sic
823 5199 1016 5252 iterum
1052 5195 1489 5265 Graecisiongius
1513 5209 1855 5264 progressus,
1880 5209 2002 5261 quae

423 5287 569 5343 infra
604 5297 732 5341 sunt
792 5288 1048 5352 desuper,
1110 5301 1231 5354 quae
1262 5299 1389 5338 vero
1443 5283 1676 5350 desuper
1729 5279 1891 5344 inira,
1924 5281 2005 5332 in-

428 5387 613 5436 creata
642 5381 778 5445 haec,
809 5395 916 5434 non
944 5387 1126 5434 creata
1178 5394 1326 5439 vero,
1369 5385 1547 5430 creata
1591 5371 1876 5442 praedicat,
1900 5371 2005 5424 im-

429 5473 630 5545 pieque
659 5488 718 5527 se
747 5488 955 5542 gerere,
995 5472 1150 5536 dicit,
1195 5473 1288 5540 qui
1322 5469 1407 5524 illa
1443 5483 1552 5527 non
1580 5475 1890 5529 veneratur,
1911 5480 2007 5520 nec

427 5565 479 5621 si
510 5563 660 5618 illum
690 5578 824 5617 voce
854 5571 1061 5618 tantum
1091 5562 1252 5630 impie
1274 5576 1334 5616 se
1363 5574 1548 5630 gerere
1567 5556 1772 5612 dixeris
1795 5555 1862 5610 ad
1893 5569 2012 5609 cer-

429 5657 661 5711 taminis
686 5655 968 5710 victoriam
994 5653 1127 5708 satis
1165 5667 1284 5707 esse
1321 5652 1550 5721 putabit,
1577 5651 1668 5705 sed
1710 5647 1878 5702 veluti
1918 5662 2008 5700 ar-

435 5749 546 5804 mis
577 5748 692 5802 sive
723 5748 870 5801 omni
900 5747 1204 5815 gladiorum
1238 5746 1488 5814 strepitu,
1527 5743 1594 5796 de
1623 5741 1706 5795 his
1739 5740 1888 5793 litem
1915 5737 2008 5792 ab-

433 5841 574 5898 solvi
599 5851 895 5909 oportcret.
927 5839 1042 5896 Jam
1072 5855 1202 5896 vero
1235 5838 1468 5893 iniinitas
1486 5837 1602 5905 eius
1626 5832 1882 5891 stultitias
1903 5846 2000 5884 an~

2101 4641 2408 4714 phantasiis
2436 4642 2488 4698 in
2509 4643 2708 4698 mentis
2727 4644 3014 4714 vanitates,
3048 4646 3102 4699 in
3135 4659 3357 4714 Operum
3378 4647 3443 4700 ad
3474 4646 3676 4700 oratio-

2103 4750 2251 4799 nem,
2308 4733 2442 4797 sive,
2475 4743 2535 4788 ut
2565 4735 2878 4791 accuratius
2911 4735 3112 4800 dicam,
3162 4737 3216 4790 in
3283 4737 3680 4793 insubstantia-

2103 4825 2235 4881 lium
2263 4825 2631 4880 adorationem
2669 4827 2920 4896 delapsus
2951 4835 3053 4891 est,
3090 4829 3236 4896 quod
3269 4843 3401 4882 sane
3435 4845 3672 4896 unquam

2105 4919 2200 4974 Dei
2224 4919 2468 4974 adoralio
2499 4919 2614 4974 fuit.
2648 4917 2795 4974 Nihil
2821 4921 2985 4986 enim,
3009 4921 3140 4973 nihil
3168 4921 3676 4976 insubstantialium

2107 5012 2378 5076 adoratiu,
2410 5010 2545 5065 nihil
2584 5011 2808 5077 pariter,
2839 5013 3064 5065 omnino
3106 5013 3238 5065 nihil
3269 5023 3676 5067 attenuatorum

2099 5107 2227 5172 eius
2270 5106 2485 5169 cultus;
2527 5119 2797 5172 supremae
2851 5103 2996 5157 enim
3034 5119 3097 5158 ac
3124 5105 3348 5170 triplicis
3381 5107 3684 5173 maiestatis

2107 5197 2319 5252 debitos
2372 5197 2626 5260 honores,
2683 5195 2886 5249 nemini
2937 5195 3254 5249 tribuendos
3289 5196 3482 5250 merito
3517 5205 3678 5265 puta-

2111 5305 2252 5354 mus,
2300 5290 2429 5353 nisi,
2479 5289 2641 5342 veluti
2691 5286 3000 5354 inferiores,
3057 5298 3376 5356 praestantes
3434 5298 3679 5348 naturas,

2111 5386 2223 5440 sive
2254 5383 2495 5446 ordines,
2536 5396 2674 5450 quos
2712 5379 2812 5433 viri
2846 5378 3035 5433 labore
3063 5390 3404 5443 meruerunt,
3440 5380 3554 5433 sive
3585 5378 3674 5431 dc-

2112 5493 2258 5532 mum
2283 5476 2422 5544 apud
2443 5489 2543 5528 nos
2570 5474 2760 5528 salutis
2793 5476 3092 5543 uperarios,
3119 5475 3311 5527 merito
3337 5486 3684 5534 veneremur,

2111 5568 2342 5624 servatis
2377 5575 2551 5620 tamen
2565 5565 2868 5630 servandis,
2895 5582 2990 5621 eos
3008 5567 3152 5620 enim
3183 5572 3538 5632 praepotentes
3567 5563 3682 5618 vel-

2114 5663 2190 5716 uti
2231 5661 2369 5714 Deos
2407 5668 2459 5713 et
2495 5659 2770 5725 Dominos,
2861 5673 2965 5712 non
3015 5657 3263 5713 colimus.
3312 5655 3448 5709 Cum
3497 5663 3682 5708 autem

2115 5755 2206 5809 tali
2235 5753 2487 5821 superbia
2511 5763 2565 5804 tu
2586 5751 2731 5806 solus
2745 5766 3030 5812 accensus,
3051 5764 3168 5818 quzc
3191 5763 3349 5817 agere
3377 5747 3533 5816 cupis
3565 5758 3674 5800 tam

2115 5854 2335 5916 repente
2367 5844 2641 5905 statueris,
2703 5855 2852 5905 tunc,
2880 5844 3032 5912 juxta
3081 5841 3334 5896 thronum
3397 5842 3504 5896 Deo
3554 5855 3678 5895 erc—
