4108 6316
552 445 662 510 ῖ59

555 563 627 615 Σὺ
653 561 748 616 τοῦ
790 566 1097 636 φυτουργοῦ
1125 567 1213 623 τὸν
1238 571 1491 642 φραγμὸν
1531 574 1629 643 τῆς
1661 576 1932 644 ἀμπέλου,

554 655 714 717 Τίνος
755 660 1081 727 φυτουργοῦ,
1117 660 1215 715 καὶ
1246 663 1391 724 τίνος
1417 665 1513 734 τῆς
1536 666 1783 734 ἀμπέλου
1817 686 1832 734 ;

557 743 690 795 Τίνα
723 747 978 814 φραγμὸν
1009 749 1086 809 δὲ,
1116 752 1210 802 καὶ
1234 752 1316 814 τίς
1355 753 1519 818 αὐτὸς
1546 755 1622 808 ὣν
1647 760 1854 829 φράσον

569 833 981 906 ’Λνεπτερὼθης
1011 838 1086 902 ὡς
1115 839 1430 896 διασπάσων
1459 845 1594 908 ὅλως
1624 864 1639 909 ς

557 920 823 992 Ὀκνηρὸν
852 925 1005 978 οὐδὲν
1032 927 1284 994 ἐμπιδὼν
1315 932 1452 1001 πρὸς
1475 934 1534 986 τὸ
1567 937 1766 1005 θράσος

557 1015 620 1066 Εἰ
649 1016 742 1068 καὶ
767 1016 876 1086 γάρ
904 1017 1060 1086 ἡμεῖς
1087 1021 1149 1073 ἐκ
1178 1021 1372 1089 γένους
1411 1029 1806 1098 κτηνοτρόφου,

558 1105 665 1157 Kal
691 1108 945 1178 χωρικῶς
977 1109 1192 1181 ἔχοντος
1226 1113 1302 1176 ὡς
1331 1119 1736 1188 κτηνοτρόφου,

567 1195 659 1257 Ὠς
684 1196 938 1268 λοιδορῶν
972 1201 1036 1254 σὺ
1067 1203 1160 1255 καὶ
1199 1205 1547 1277 καθυϐρίζων
1582 1211 1783 1278 λέγεις,
1899 1269 1904 1274 ε

569 1286 756 1371 ᾝμῶν
778 1289 805 1340 6
830 1290 1080 1360 λαμπρὸς
1111 1294 1210 1358 τὰς
1237 1298 1492 1367 ίιὶιερορμδις
1519 1300 1613 1353 τοῦ
1642 1304 1854 1371 γένουδ

557 1368 626 1445 ᾮ
655 1377 746 1428 καὶ
777 1378 870 1431 τὸν
895 1381 976 1442 είς
1000 1381 1273 1449 Αἴγυπτον
1302 1387 1363 1437 ἐκ
1393 1368 1768 1462 Παλαιστίνης

556 1465 813 1522 Ἐλθόντα
845 1473 1020 1540 τιμῶν
1049 1473 1340 1544 εὐπρεπῶς
1378 1483 1771 1552 κτηνοτρόφον,

556 1556 672 1608 Οὐκ
703 1558 842 1612 ἀλλὰ
870 1562 965 1612 καὶ
992 1563 1121 1632 πρὶν
1155 1565 1408 1638 Ἀϐραὰμ
1445 1571 1540 1624 καὶ
1570 1573 1662 1625 τὸν
1691 1575 1870 1643 γόνον.

570 1645 712 1698 Ἀλλ’
746 1648 865 1701 οὐδέ
902 1650 1109 1722 Μωσῆς
1143 1654 1370 1728 εὐκλεὴς
1409 1663 1580 1733 κτήνη
1614 1665 1854 1733 τρέφων,

557 1737 798 1807 Βόσκων,
829 1742 1105 1812 ἀμέλγων,
1143 1747 1379 1816 ἐξάγων,
1401 1754 1800 1824 καθειργνύων,

557 1829 664 1882 Kal
690 1833 848 1886 πάνθ’
869 1837 896 1888 6
917 1838 1123 1908 ποιμὴν
1147 1840 1385 1897 ἐκτελῶν
1411 1848 1522 1908 τοῖς
1565 1847 1846 1920 θρέμμασι

553 1921 740 1985 Δαυῒδ,
785 1926 966 1995 Ἀμώς
990 1945 1050 1980 τε
1085 1931 1166 1983 uol
1196 1930 1477 1999 βδελυκτοὶ
1506 1939 1784 2007 ποιμένες,

571 2014 658 2076 Ὠς
687 2015 811 2070 οὐδέ
844 2021 953 2079 τοῖς
977 2021 1254 2090 Αἴγυπτον
1279 2027 1492 2081 οἰκοῦσι
1528 2031 1720 2096 πάλαι,

555 2107 619 2157 Ol
647 2106 849 2172 ζῶντες
875 2111 947 2175 ὡς
971 2109 1039 2184 ῆν
1071 2117 1326 2186 χωρικῶς
1354 2121 1417 2172 ὲκ
1455 2121 1809 2193 θρεμμάτων.

553 2197 722 2288 Ταῦθέ
746 2200 1079 2274 ήσυχαστὴς,
1107 2210 1202 2262 καὶ
1243 2209 1435 2263 παθῶν
1470 2213 1846 2288 αὐτοκράτωρ,

567 2284 624 2339 '0
647 2287 756 2341 τῶν
788 2293 1064 2360 μεγίστων
1105 2297 1200 2350 τοῦ
1232 2297 1367 2352 Θεοῦ
1389 2284 1776 2372 χαρισμάτων.

553 2377 622 2430 Τί
651 2381 822 2434 ταῦτα
852 2384 1076 2452 φάσκων
1107 2389 1318 2458 ἀγνοεῖν
1351 2391 1504 2447 ἔοικά
1535 2411 1613 2456 σε,

564 2470 624 2525 '0
649 2475 746 2542 τὴν
774 2476 912 2546 ὑπὲρ
939 2478 1063 2532 νοῦν
1089 2481 1349 2550 ἐμιρανῶς
1381 2483 1536 2549 δόξαν
1560 2486 1776 2554 βλέπων
1803 2507 1818 2552 ;

557 2564 625 2616 Τί
654 2565 763 2634 δρῶ
791 2567 848 2620 δὲ
880 2571 974 2622 καὶ
1001 2571 1118 2634 νῦν,
1147 2573 1282 2627 ἀλλὰ
1311 2574 1387 2644 μὴ
1409 2575 1552 2642 λέγω
1580 2577 1639 2629 τὸ
1668 2581 1796 2644 πᾶν,

567 2654 656 2718 Ὦς
685 2656 752 2709 ἂν
789 2658 1006 2727 φθονῶν
1039 2679 1122 2714 σοι
1149 2664 1242 2716 τοῦ
1285 2664 1422 2719 Θεοῦ
1452 2667 1551 2736 τῆς
1583 2667 1762 2734 ἀξίας,

570 2746 629 2798 'O
658 2745 734 2816 μὴ
763 2752 1009 2819 γενητὸς,
1039 2753 1066 2803 6
1097 2757 1330 2822 σπαρεὶς
1365 2757 1504 2828 ὑπὲρ
1534 2759 1718 2828 φύσιν,

559 2827 652 2902 Ἐξ
671 2830 731 2896 οὐ
751 2839 937 2910 φυγὼν
963 2845 1221 2915 γέννησιν
1246 2847 1475 2916 εὑρέθης
1511 2827 1691 2918 μόνος,

562 2928 635 2981 Ἦ
662 2929 785 2998 μηδ’
815 2932 1071 2986 ὁπωσοῦν
1091 2935 1156 2988 ἐκ
1188 2939 1396 3006 σπορᾶς
1433 2938 1569 3004 ὅλως
1602 2940 1768 3011 Equis;

559 3019 628 3072 ’Ἡ
653 3023 976 3076 πωσποτοῦν
997 3025 1250 3090 ἄκτιστος
1279 3027 1511 3099 εὑρέθης
1544 3033 1706 3100 μόνος
1735 3051 1750 3099 ;

554 3111 664 3166 Τοῦ
692 3115 801 3186 γὰρ
831 3118 1084 3186 γενέσθαι
1117 3121 1388 3194 μηδαμῶς
1411 3124 1577 3193 φάσις
1609 3126 1746 3182 τόδε.

555 3321 724 3380 ctum,
745 3315 909 3386 'juxta
941 3317 1089 3375 hunc
1123 3319 1379 3377 thronum
1414 3323 1468 3379 in
1495 3341 1604 3396 quo
1631 3327 1746 3398 ipse
1776 3331 1995 3399 sedens,
2030 3333 2146 3389 bla-

1722 463 1821 522 DE
1859 462 2256 528 onseomo
2291 444 2620 535 PALAMA'

2170 1906 2216 1964 B

2156 3240 2199 3298 (Ξ

3711 479 3828 552 860

2164 584 2207 640 Α
2242 585 2386 655 Πλὴν
2409 588 2529 641 οὐδὲ
2565 589 2673 643 τῶν
2703 590 2813 644 σῶν
2842 592 3078 660 εὐγενῶν
3106 587 3261 662 οἶμαι
3298 591 3535 661 σπόρων.

2242 676 2306 729 “ll
2339 679 2474 747 μηδὲ
2501 679 2596 749 τῆς
2642 681 2740 750 σῆς
2765 683 3062 751 δυστυχοῦς
3083 684 3340 746 άκτισίας

2238 771 2446 833 Κινεῖν,
2470 772 2729 842 διασπᾷν,
2757 775 3002 845 εὐχερῶς
3042 775 3372 846 ἀνατρέπειν

2239 863 2340 914 Τὸν
2375 864 2621 933 θριγγὸν,
2659 865 2721 918 ὃν
2753 866 2876 936 χεὶρ
2904 867 2938 935 ἠ
2976 867 3258 935 παναλκὴς
3290 870 3346 920 ἐν
3374 867 3563 938 κύκλῳ

2243 952 2511 1021 Ἔστησεν
2541 953 2862 1024 ἐξείργουσα
2887 955 3092 1025 θηρίων
3131 955 3358 1025 βλάϐας,

2238 1042 2335 1094 Ἐκ
2355 1043 2460 1095 τῶν
2483 1044 2758 1100 ἐκλεκτῶν
2788 1045 2878 1099 τοῦ
2909 1045 3046 1100 Θεοῦ
3078 1050 3463 1117 φυτευμάτων,

2245 1136 2342 1194 Ὃς
2369 1134 2403 1188 ὃ.
2426 1137 2761 1204 προσάπτεις
2793 1139 2860 1208 τῇ
2891 1139 3025 1192 Θεοῦ
3067 1139 3227 1208 φύσει
3253 1141 3431 1208 μόνος,

2241 1224 2350 1275 Kal
2371 1225 2578 1289 πάντας
2615 1225 2800 1288 ἁπλῶς
2829 1227 2920 1279 τοῦ
2943 1227 3080 1280 Θεοῦ
3110 1231 3282 1289 κινεῖς
3321 1228 3546 1295 νόμους.

2239 1311 2574 1382 Ἐϐουλόμην
2601 1315 2698 1384 μὲν
2732 1316 2990 1386 ἐμϐαλεῖν
3022 1320 3101 1380 εἰς
3129 1317 3380 1383 εὐθύνας,

2253 1401 2339 1464 Ὠς
2362 1403 2428 1454 ἄν
2458 1420 2524 1471 με
2559 1405 2750 1474 μηδεὶς
2775 1408 2884 1460 τῶν
2913 1408 3101 1462 κακῶν
3123 1413 3268 1478 φύγῃ
3304 1408 3484 1460 τόκων
3524 1424 3537 1435 ·

2254 1495 2393 1546 Ἀλλ’
2427 1496 2486 1548 οὐ
2513 1498 2620 1566 γὰρ
2658 1497 2913 1568 εὐχέρεια
2944 1501 3038 1552 τοῦ
3067 1501 3248 1555 πάντα
3275 1502 3535 1572 γράφειν.

2244 1587 2353 1638 Kal
2372 1587 2479 1657 γὰρ
2520 1589 2578 1642 τὸ
2604 1589 2778 1642 δεινὸν
2815 1591 2896 1654 είς
2917 1593 3178 1661 ἀπειρίαν
3211 1593 3413 1662 τρέχει.

2243 1676 2410 1740 Φύσις
2439 1678 2546 1748 γὰρ
2586 1677 2726 1749 αὐτη
2754 1680 2829 1750 τῷ
2863 1681 3018 1750 κακῷ
3052 1682 3272 1746 πάντως
3308 1684 3436 1751 ἔφυ,

2245 1759 2314 1837 ᾯ
2345 1767 2420 1838 μὴ
2453 1753 2614 1837 ᾧύσις
2645 1773 2910 1842 πάρεστιν
2955 1773 3146 1837 οὐσίας
3175 1774 3348 1844 ἴχνος,

2244 1857 2571 1912 Συνεκτικὸν
2595 1876 2659 1926 γε
2679 1861 2778 1930 τῆς
2809 1863 2986 1932 κακῆς
3015 1863 3298 1933 ἀπειρίας,

2249 1953 2354 2004 Kal
2395 1953 2666 2023 τμητικῆς
2697 1953 2932 2023 μάλιστα
2964 1953 3072 2006 τῶν
3101 1955 3430 2023 ἡνωμένων.

2248 2041 2388 2112 Πρὸς
2425 2043 2485 2096 ἓν
2517 2045 2577 2096 τὸ
2604 2045 2816 2114 τριττὸν
2846 2046 2946 2115 τῆς
2981 2045 3236 2116 θεαρχίας
3275 2047 3501 2116 κράτος,

2247 2136 2307 2188 Εἰ
2335 2137 2444 2206 γὰρ
2479 2136 2737 2206 συνῆκτο,
2769 2135 2870 2190 κᾶν
2899 2138 3134 2192 τέτακτο
3162 2137 3298 2206 πρὸς
3328 2137 3493 2206 λόγον

2248 2225 2595 2296 Τεταγμένον
2622 2229 2678 2281 δὲ
2709 2231 2818 2282 πᾶν
2845 2233 3085 2297 πεφυκὸς
3117 2229 3397 2298 τυγχάνει.

2249 2324 2385 2392 (Οὐκ
2417 2323 2531 2375 ἔστι
2557 2323 2603 2375 δ’
2627 2323 2778 2376 οὐδὲν
2805 2325 2868 2376 οὐ
2904 2323 3063 2376 καλὸν
3095 2323 3258 2391 φύσιν
3296 2321 3483 2391 φέρον,

2254 2415 2463 2478 ’Ἄλλως
2486 2432 2544 2468 τε
2569 2415 2662 2469 καὶ
2684 2417 2930 2485 πέφυκεν
2964 2417 2998 2486 ἡ
3029 2418 3288 2468 συνουσία

2249 2510 2428 2578 ’ἰσχύς
2460 2526 2544 2569 τις
2570 2505 2714 2563 εἶναι
2749 2509 2857 2563 τῶν
2877 2511 3014 2564 ὅλων
3039 2511 3430 2580 συνημμένων.

2251 2599 2394 2652 Ἀλλ’
2423 2600 2651 2669 ἀδρανὲς
2686 2595 2942 2668 πέφυκεν
2967 2602 3000 2670 ἡ
3031 2602 3288 2670 πονηρία,

2252 2692 2516 2762 Ἐπείπερ
2544 2693 2694 2746 ἐστὶν
2728 2693 2978 2764 οὐδαμῶς
3007 2698 3308 2766 ήνωμενον.

2253 2781 2410 2834 (ὶύτω
2438 2782 2544 2852 γάρ
2572 2780 2744 2844 οὕτως
2773 2784 2924 2837 ἐστὶν
2954 2786 3343 2856 ἐστερημένον,

2253 2876 2364 2944 Τῆς
2389 2874 2483 2928 τοῦ
2524 2875 2691 2928 καλοῦ
2715 2892 2774 2929 τε
2805 2877 3051 2945 κάγαθοῦ
3083 2879 3395 2947 μετουσίας.

2247 2967 2428 3036 Ἰσχὺς
2453 2967 2561 3037 γὰρ
2593 2968 2645 3020 ετ
2659 2984 2742 3031 τις
2777 2969 2854 3037 τῷ
2877 2969 3034 3036 κακῴ
3062 2969 3276 3038 προσῆν
3308 2971 3464 3032 ὅλως,

2251 3061 2409 3131 Αὐτῷ
2440 3060 2546 3130 πρὸ
2585 3061 2785 3123 παντὸς
2818 3061 2884 3114 ἂν
2915 3061 3109 3131 βοηθὸν
3133 3062 3394 3133 εὑρέθη.)ῑ

2254 3153 2364 3208 Kal
2407 3153 2585 3208 ταῦτα
2621 3154 2722 3224 μὲν
2745 3152 2811 3224 δὴ
2842 3154 2948 3207 τῶν
2968 3154 3283 3223 ἀναγκαίων
3309 3152 3466 3224 πέρα.

2251 3327 2366 3366 ram
2391 3312 2664 3378 sublatus,
2695 3313 2861 3377 unde,
2895 3314 3261 3384 generationis
3282 3329 3477 3384 expers
3501 3313 3651 3369 solus
3678 3314 3812 3370 inve-

556 3404 996 3472 spitematoribus
1039 3424 1277 3478 ρωιιωη,
1306 3413 1418 3483 jam
1459 3417 1704 3484 minaris,
1741 3433 1958 3489 ρωηεηη
2015 3438 2145 3480 vero
2248 3402 2404 3466 niris,
2470 3403 2586 3457 sive
2639 3403 2787 3457 nullo
2821 3405 3052 3470 omnino
3109 3419 3306 3474 genere
3361 3414 3520 3458 ortus
3570 3404 3662 3458 sis.
3698 3406 3816 3458 sive

555 3510 842 3565 poenarum
905 3501 1150 3554 omnium
1196 3505 1630 3571 acerbissimam,
1679 3517 1826 3574 tune,
1885 3513 2128 3583 inquam,

557 3587 642 3642 vir
688 3591 960 3656 mortalis,
1013 3601 1249 3670 aeternas
1319 3596 1485 3664 leges,
1523 3613 1662 3666 quas
1734 3600 1925 3658 statuit
1977 3604 2140 3672 Deus,

555 3691 770 3734 mutare
805 3681 1143 3737 decrevisti?
1173 3682 1330 3740 Tune
1385 3687 1725 3745 fundamenti
1761 3692 2140 3751 inconcussam

559 3779 791 3837 peltam,
861 3771 1025 3825 veluti
1075 3782 1230 3827 vecte
1306 3776 1664 3843 sublevando,
1711 3795 1937 3839 cunctas
2003 3787 2142 3856 lapi-

557 3865 652 3916 des
706 3878 810 3917 una
875 3865 1152 3920 movebis?
1186 3865 1263 3921 Tu
1282 3882 1464 3937 sepem
1529 3870 1697 3928 vinea:
1745 3875 1990 3942 cultoris,
2041 3893 2142 3934 cn-

551 3957 768 4024 jusnatn
800 3972 930 4012 vero
960 3957 1205 4020 cultoris,
1239 3974 1302 4014 ac
1339 3961 1622 4030 cuiusnam
1661 3965 1877 4022 viuere?
1909 3970 2139 4037 lQuam-

556 4061 679 4100 nam
714 4046 936 4102 demum
969 4063 1182 4116 sepem,
1212 4063 1277 4105 ac
1311 4052 1490 4121 qualis
1541 4052 1682 4122 ipse,
1717 4056 1885 4112 veluti
1911 4063 2139 4116 omnino

555 4139 844 4196 avulsurns
877 4141 1214 4196 occurristi?
1268 4143 1557 4214 Responde
1618 4149 1777 4204 mihi.
1847 4149 2137 4208 Efl‘renatte

558 4230 780 4285 tandem
830 4240 937 4286 tute
973 4233 1216 4288 audaciae
1263 4235 1400 4290 nihil
1453 4237 1679 4292 obstare
1730 4239 1895 4303 valet,
1931 4241 1976 4296 si
2017 4245 2140 4311 qui-

508 4346 514 4352 -
557 4322 680 4377 dem
715 4338 818 4377 nos
845 4339 910 4378 ex
947 4340 1145 4393 genere
1193 4335 1475 4394 pastorum
1538 4329 1740 4398 gregis,
1802 4345 1867 4385 ac
1904 4335 2130 4399 rustice,

557 4413 726 4468 veluti
751 4415 930 4484 gregis
961 4425 1227 4483 pastores.
1249 4417 1618 4487 nosmetipsos
1645 4433 1839 4485 gerere
1877 4421 2138 4491 injuriose

559 4517 626 4558 ac
647 4503 934 4558 ludibriter
957 4503 1159 4570 passim
1187 4519 1434 4568 accusas,
1455 4506 1616 4561 nobis
1646 4523 1772 4563 vero
1791 4509 1992 4566 claram
2025 4516 2136 4568 ori-

560 4594 741 4663 ginem
794 4592 1011 4659 tribuis,
1047 4607 1170 4646 eum
1222 4610 1444 4664 gregum
1479 4606 1751 4665 pastorem
1791 4616 1857 4656 ex
1892 4601 2132 4659 Palaesti-
2166 4617 2209 4673 ι)

559 4701 631 4741 na
676 4685 972 4756 Egyptum
1009 4693 1279 4755 petentem
1319 4687 1486 4766 (ligno
1519 4688 1726 4746 honore
1759 4699 2020 4762 prosequi
2049 4697 2135 4752 di-

560 4775 828 4830 dicimus:
863 4790 1026 4830 secus
1067 4775 1212 4830 enim
1245 4784 1300 4830 et
1351 4778 1628 4835 Abraham
1661 4790 1716 4837 et
1747 4785 1869 4852 ejus
1931 4789 2135 4856 posteri

561 4865 715 4932 olim,
758 4882 918 4923 secus
943 4868 1155 4938 Moyses
1185 4869 1370 4923 clarus
1399 4868 1528 4923 olim
1563 4886 1785 4942 gregum
1813 4886 2023 4944 pastor.
2044 4893 2136 4932 ar-

561 4969 742 5012 menta
763 4975 1012 5028 pascens,
1043 4961 1314 5029 mulgens,
1351 4961 1652 5029 deducens,
1679 4965 1798 5021 sive
1829 4967 1896 5020 ad
1925 4969 2138 5024 stabula

560 5051 870 5115 recludens,
904 5052 1092 5118 David,
1116 5064 1170 5108 et
1193 5055 1380 5117 Amos,
1411 5055 1666 5125 gregibus
1690 5059 1878 5112 omnia
1904 5061 2140 5128 pastoris

563 5141 741 5197 ofﬁcia
773 5145 1096 5212 przebentes,
1125 5145 1392 5201 fastidiosi
1447 5137 1699 5216 pastores
1736 5148 1828 5203 tibi
1863 5151 2139 5218 videntur.

561 5231 684 5287 Non
715 5234 788 5287 ita
818 5237 991 5288 visum
1027 5247 1109 5290 est
1140 5238 1266 5290 olim
1298 5237 1514 5308 {Egypti
1541 5239 1758 5303 incolis,
1790 5241 1880 5309 qui
1917 5257 2139 5311 gregum

568 5323 997 5379 fructibnsntore
1019 5329 1217 5394 agri-Sti
1245 5329 2047 5398 vescebantur,sictnonachns,
2063 5336 2142 5389 sic

567 5415 884 5485 passiOnntn
933 5415 1213 5482 Dominus,
1249 5420 1753 5487 praestantissimum
1793 5426 2140 5490 praestantio-

569 5520 690 5559 rntn
714 5505 805 5558 Dei
839 5509 1128 5560 donorum.
1149 5505 1223 5558 Te
1252 5521 1376 5560 vero
1399 5507 1485 5558 illa
1508 5509 1741 5572 dicente,
1762 5509 1812 5561 in
1839 5509 2143 5579 ignorantia

573 5600 766 5654 sedere
827 5613 894 5653 ac
935 5613 1068 5653 sane
1099 5598 1328 5668 gloriam
1369 5614 1532 5666 supra
1592 5610 1826 5655 mentem
1877 5603 2142 5672 prosequi

575 5691 707 5744 mihi
758 5691 980 5747 videris.
1021 5691 1280 5746 Praesenti
1328 5706 1582 5746 sermone
1609 5693 1812 5762 aliquid
1843 5709 1977 5749 sane
2010 5702 2136 5765 ege-

574 5797 702 5845 rtm,
728 5783 828 5836 etsi
856 5791 1051 5838 cuncta
1076 5783 1302 5838 dicenda
1336 5799 1442 5838 non
1480 5783 1681 5847 dicam,
1710 5786 1811 5838 etsi
1838 5795 1886 5839 te
1917 5786 2007 5841 Dei
2039 5789 2145 5856 glo-

579 5871 672 5926 rias
711 5871 950 5928 invidere
999 5884 1230 5943 taceam,
1267 5885 1322 5931 tu
1360 5874 1658 5939 lncrcatus,
1696 5885 1750 5930 tu
1785 5890 1944 5945 supra
1988 5888 2140 5932 natu-

2247 3495 2434 3564 aliquo
2465 3496 2629 3549 modo
2663 3496 2944 3550 inereatus
2976 3497 3125 3550 solus
3160 3497 3400 3552 liaberis.
3437 3497 3556 3550 Illic
3579 3496 3717 3550 enim
3748 3497 3814 3550 de

2244 3587 2593 3654 generatione
2645 3586 2786 3639 nulla
2842 3601 3078 3655 unquam
3119 3603 3221 3642 vox
3266 3589 3451 3642 habita
3503 3598 3606 3642 est.
3675 3587 3818 3642 Nihil

2253 3675 2476 3743 quidem
2507 3677 2577 3730 de
2605 3677 2753 3730 clara
2803 3685 2889 3730 tua
2927 3678 3161 3746 origine,
3225 3677 3366 3733 nihil
3401 3678 3469 3733 dc
3503 3677 3704 3733 infelici
3731 3689 3817 3732 tua

2246 3766 2606 3832 generatione
2638 3782 2858 3821 movere
2885 3769 2970 3821 vel
3007 3768 3295 3822 detrahere
3328 3769 3534 3838 cogito,
3567 3770 3674 3824 etsi
3702 3785 3819 3823 mu-

2243 3857 2508 3912 nitionem
2545 3860 2702 3912 istum
2737 3858 2994 3928 perfacile
3026 3874 3214 3913 eruere
3235 3873 3429 3914 manus
3467 3860 3561 3915 illa
3590 3861 3814 3920 valeret.

2241 3964 2364 4016 quae
2398 3964 2566 4018 prope
2597 3957 2768 4014 stans,
2803 3949 3098 4005 bestiarum
3129 3965 3345 4006 morsus
3390 3951 3459 4005 ab
3509 3953 3701 4007 electis
3730 3953 3816 4006 Dei

2240 4039 2442 4109 plantis
2491 4040 2692 4108 saepius
2749 4042 2964 4095 avertit.
3002 4039 3082 4094 Tu
3110 4042 3268 4097 solus
3314 4041 3408 4094 Dei
3452 4053 3712 4097 naturam
3734 4059 3819 4112 ag-

2239 4132 2388 4198 gredi
2422 4147 2590 4187 ausus
2611 4148 2670 4187 es
2695 4149 2712 4200 ;
2741 4143 2797 4189 tu
2823 4133 2977 4189 solus
3016 4143 3213 4188 cuncta
3247 4133 3336 4187 Dei
3362 4142 3571 4189 statuta
3598 4137 3819 4190 omnino

2237 4223 2530 4277 subvertis.
2594 4221 2858 4292 Equidem
2899 4225 3162 4279 rationem
3208 4225 3307 4278 abs
3361 4232 3412 4278 te
3461 4227 3816 4294 poposcerim,

2239 4326 2474 4380 namque
2511 4328 2675 4380 prava
2706 4315 2890 4370 omnia
2939 4315 3170 4370 consilia
3207 4323 3394 4385 aperte
3439 4330 3650 4382 nosco;
3692 4319 3817 4383 mihi

2239 4416 2366 4456 vero
2391 4403 2548 4458 deest
2587 4415 2824 4474 tempus,
2876 4421 2986 4475 quo
3018 4416 3215 4461 cuncta
3279 4406 3537 4461 referam.
3587 4405 3817 4476 Jamjam

2236 4495 2381 4549 enim
2444 4511 2540 4565 per
2584 4497 2850 4553 infinitum
2909 4500 3064 4554 ruina
3121 4498 3357 4555 festinat.
3415 4497 3618 4554 Natura
3673 4501 3814 4553 enim

2238 4585 2355 4655 ipsa
2416 4590 2563 4642 omni
2621 4591 2765 4646 malo
2803 4591 3029 4656 infecta,
3079 4592 3213 4646 heul
3266 4593 3472 4647 nullum
3519 4592 3632 4660 jam
3691 4594 3818 4646 sub-

2239 4679 2453 4735 stantia:
2491 4682 2774 4752 vestigium
2820 4683 2932 4752 ipsa
2991 4685 3217 4752 praebet,
3275 4684 3368 4738 sed
3425 4683 3592 4738 veluti
3651 4684 3818 4751 quod-

2236 4771 2358 4823 datn
2395 4774 2559 4828 totius
2616 4775 2867 4843 nequitiae
2926 4759 3304 4840 coministum,
3359 4775 3508 4844 quod
3555 4775 3818 4844 imprimis

2238 4861 2484 4917 ordinata
2503 4879 2732 4934 quaeque
2777 4867 3080 4933 perturbat.
3103 4863 3156 4918 ln
3192 4881 3360 4920 unum
3383 4867 3528 4919 enim
3555 4866 3815 4935 triplicem

2238 4969 2503 5023 supremae
2527 4957 2823 5026 majestatis
2880 4960 3132 5012 virtutem
3152 4957 3518 5024 commiscuit,
3544 4958 3647 5012 etsi
3680 4956 3818 5010 ordi-

2241 5062 2337 5099 nes
2371 5047 2425 5100 in
2452 5046 2566 5116 ipsa
2593 5050 2803 5103 ratione
2827 5061 3134 5112 serventur,
3153 5063 3217 5102 ac
3242 5049 3322 5102 sic
3353 5050 3603 5104 ordinata
3628 5059 3815 5102 cuneta

2243 5151 2556 5205 procreasse
2585 5139 2858 5194 credatur.
2891 5141 2985 5192 Est.
3027 5141 3198 5202 enim,
3229 5150 3310 5195 est
3334 5140 3697 5194 sanebonutn
3723 5139 3817 5192 ali-

2241 5229 2385 5296 quod
2410 5240 2657 5284 naturam
2685 5247 2995 5301 procreatis,
3021 5248 3198 5296 smus,
3218 5248 3335 5287 eam
3359 5231 3668 5286 commistio
3694 5245 3816 5299 pro-

2243 5317 2537 5384 duxit;est
2566 5321 2747 5390 aliqua
2801 5325 2973 5377 totius
3027 5323 3237 5377 ordinis
3267 5323 3464 5386 virtus,
3507 5337 3691 5388 secus,
3719 5322 3816 5373 im-

2241 5401 2452 5466 becillis
2481 5400 2723 5481 nequitia
2753 5415 3032 5482 produxit,
3075 5416 3207 5468 nihil
3238 5414 3383 5469 enim
3432 5415 3638 5480 absque
3670 5413 3818 5479 prin-

2246 5505 2388 5573 cipio
2422 5507 2647 5561 omnino
2679 5509 3018 5562 ordinatum.
3053 5511 3127 5562 Ita
3161 5524 3316 5572 vero,
3351 5509 3424 5561 ita
3459 5507 3676 5560 honesti
3717 5521 3816 5559 nec

2247 5612 2352 5649 non
2382 5596 2504 5651 boni
2541 5599 2958 5662 coadunatione,
3016 5600 3203 5653 omnia
3240 5599 3382 5652 haud
3413 5597 3632 5652 dillicile
3662 5611 3814 5652 com-

2249 5699 2545 5755 ponuntur.
2577 5689 2731 5755 Quod
2756 5692 2800 5744 si
2823 5692 2968 5744 enim
2991 5691 3135 5745 malo
3160 5692 3332 5745 virtus
3361 5691 3612 5759 quaedam
3639 5691 3813 5758 rcipsa

2251 5779 2410 5844 foret,
2436 5781 2490 5834 in
2518 5782 2772 5836 omnibus
2796 5783 2895 5850 ipsi
2921 5781 3228 5834 auxiliatrix
3262 5781 3455 5835 saltem
3487 5781 3722 5835 adesset.
3755 5781 3817 5832 Et

2252 5874 2368 5930 lucc
2403 5873 2622 5943 quidem
2656 5873 2789 5930 satis
2821 5883 2874 5929 et
2899 5873 3040 5927 ultra
3075 5871 3206 5926 inibi
3254 5871 3527 5926 videntur.
3564 5869 3644 5924 'l‘u
3688 5886 3811 5924 vctu
