4180 6308
377 489 480 558 861

380 607 458 659 Σὺ
474 602 521 657 δ’
539 603 725 669 ἐξελοῦ
759 623 826 676 με
861 607 960 678 τῆς
989 609 1348 680 Παλαμναίας
1374 609 1603 682 ἡλάνης,

379 698 644 750 Κάκεῖνον
675 698 842 751 αὐτοῦ
874 700 975 768 τῆς
1009 702 1130 769 μεθ’
1160 703 1348 767 αὑτοῦ,
1376 702 1580 774 Χριστέ
1613 721 1741 773 μου,

380 785 551 856 Τριὰς
579 785 744 854 μονὰς
779 789 983 858 πρόσου
1013 806 1081 860 με
1121 789 1216 844 σοῦ
1249 793 1416 864 μόνης
1446 794 1674 864 λάτρην,

379 971 449 1026 de
509 968 744 1025 Palamte
797 985 985 1025 errore
1031 971 1170 1026 educ
1241 987 1349 1036 me,
1410 971 1688 1026 Palamam
1747 971 1950 1042 ipsum,

380 1060 594 1117 Christe
609 1061 704 1128 tui,
722 1076 752 1115 a
775 1063 1016 1134 nequitia
1045 1078 1196 1120 erue.
1231 1063 1468 1119 Trinitas
1490 1065 1544 1118 in
1569 1062 1774 1118 unitate
1791 1064 1938 1119 salva

1537 499 1980 562 GRECORUM
2016 500 2492 566 SENTENTUE.

1980 623 2033 684 Α
2059 610 2138 686 ᾝ
2173 618 2323 669 πᾶσα
2355 618 2730 690 προσκύνησις
2759 621 2826 675 ὲκ
2852 619 3073 676 πάντων
3101 623 3237 695 μόνῃ

2057 708 2167 760 Καὶ
2194 707 2341 773 δόξα,
2370 711 2465 763 καὶ
2496 709 2783 780 λάτρευσις
2815 715 2897 777 εἰς
2954 714 3102 770 ἅπαν
3131 715 3335 785 πρέπει

2058 987 2167 1038 me,
2199 973 2280 1027 tul
2310 972 2482 1029 solius
2505 974 2842 1030 adoratorem
2870 993 2885 1030 :
2915 985 2967 1031 te
2994 976 3164 1031 solam
3194 976 3372 1032 omnis
3389 975 3636 1032 adoralio

2048 1063 2224 1128 decet,
2257 1074 2309 1120 et
2342 1064 2533 1134 gloria,
2557 1073 2606 1120 et
2641 1066 2886 1122 adoratio
2917 1067 2978 1122 in
3005 1067 3226 1124 saecula.

380 1250 3621 1287 ~.-————-'————-—-——-———-———————————-———-—————____.._________

1277 1427 1463 1539 EX
1540 1423 2053 1537 LEON‘IS
2157 1427 2728 1541 ALLATII

1627 1651 2267 1714 DISSERTATIONE
2299 1653 2355 1714 ll

1090 1829 1208 1890 DE
1269 1824 1550 1890 LIBRIS
1613 1750 2318 1889 ECZ'LESIASTICIS
2397 1826 2912 1892 GR£CORUM.

451 2144 610 2200 Plura
665 2141 720 2198 in
766 2141 872 2197 hoc
915 2139 1176 2212 synodico
1223 2137 1400 2193 notari
1433 2137 1740 2209 ipoterant.
1805 2139 1942 2206 Quia

2054 2156 2178 2196 nere
2204 2148 2566 2211 compactam,
2603 2140 2788 2211 πηγὴν
2815 2141 3087 2212 βρύουσαν
3114 2141 3378 2212 ςὶαμάτων
3411 2145 3632 2214 νάματα

381 2245 565 2292 tamen
597 2232 782 2290 omnia
822 2247 887 2288 eo
917 2229 1236 2301 respiciunt,
1272 2237 1332 2284 ut
1373 2228 1520 2284 illius
1549 2227 1804 2284 Ecclesia:
1835 2229 1953 2284 l'au-

383 2339 538 2382 tores
585 2335 774 2380 contra
829 2322 1128 2377 Romanam
1162 2321 1480 2386 Ecclesiam,
1539 2329 1795 2390 tauquam
1850 2321 1952 2376 viri

382 2417 564 2488 probi,
597 2426 654 2492 et
697 2415 982 2471 orthodoxi
1033 2396 1534 2470 omnibus-Christi
1578 2411 1847 2476 ﬁdelibus,
1898 2421 1953 2468 et

385 2508 664 2569 laudandi,
699 2515 754 2562 et
783 2504 1030 2560 imitandi
1060 2513 1458 2574 proponantur,
1495 2517 1600 2557 non
1637 2511 1722 2557 est
1751 2505 1805 2556 itt
1843 2501 1953 2558 illis

383 2597 735 2654 recensendis
765 2596 970 2650 diutius
999 2594 1401 2649 immorandum
1434 2609 1448 2646 :
1479 2607 1654 2662 eoque
1680 2593 1952 2662 praecipue

386 2689 530 2760 quod
576 2689 630 2744 in
663 2689 777 2743 haec
817 2703 1008 2742 novem
1039 2687 1214 2756 capita
1256 2685 1440 2740 omnia
1477 2684 1664 2741 referri
1698 2697 1949 2756 possunt.

383 2783 565 2849 Quare
596 2790 791 2837 caetera
820 2795 1237 2851 prosequamur.

462 2875 662 2932 Sextus
693 2873 877 2942 itaque
903 2886 1059 2927 error
1104 2879 1212 2935 est,
1241 2885 1398 2939 quem
1437 2868 1754 2924 Philotimus
1783 2868 1954 2937 patri-

383 2961 552 3020 archa
581 2961 1242 3031 Constantinopolitanus,
1268 2969 1328 3014 ut
1357 2959 1611 3014 factionis
1643 2975 1754 3014 sua:
1783 2958 1955 3012 homi-

382 3068 511 3109 nem
555 3054 829 3108 laudando
870 3051 1219 3122 opinionibus
1266 3064 1483 3119 quoque
1511 3048 1649 3111 suis,
1692 3063 1755 3102 ac
1787 3047 1956 3101 haere-

384 3147 538 3202 sibus
561 3147 940 3199 auctoritatem
966 3144 1207 3206 adderet,
1233 3143 1286 3196 in
1309 3140 1609 3221 Ecclesiam
1637 3138 1949 3193 Graecorum

384 3236 625 3292 iutrusit.
657 3236 777 3306 Ipse
817 3235 961 3290 cnim
998 3233 1244 3304 exemplo
1276 3246 1415 3284 novo
1461 3231 1735 3285 hominem
1771 3229 1938 3282 haere-

387 3343 520 3383 seen
595 3334 1096 3398 propugnatorem,
1170 3333 1565 3392 proptereaque
1638 3330 1948 3374 accusatum

386 3419 553 3474 etiam
605 3428 658 3472 et
703 3417 1122 3473 condemnatum
1165 3430 1193 3468 a
1243 3413 1536 3484 plerisque,
1581 3413 1632 3466 iu
1686 3413 1946 3482 Spiritum

2059 2234 2268 2295 πιστοῖς
2311 2230 2515 2287 fontem
2555 2231 2940 2286 scaturientem
2987 2233 3285 2288 sanitatum
3335 2233 3537 2290 ﬂuenta
3578 2238 3633 2288 li-

2056 2321 2270 2378 delibus
2285 2363 2302 2388 ,
2363 2321 2690 2391 Ὲκκλησίας
2713 2321 3080 2388 διδάσκαλον,
3126 2324 3382 2380 Ecclesiae
3405 2326 3632 2396 magis-

2037 2420 2224 2479 .trum,
2260 2411 2435 2480 φωτὸς
2461 2411 2606 2466 θείου
2639 2411 2877 2481 κήρυκα,
2910 2413 3133 2468 luminis
3164 2413 3334 2468 divini
3367 2415 3632 2472 buccina-

2058 2519 2252 2568 torem,
2287 2505 2700 2575 οὐρανομύστην
2723 2505 2824 2574 τῆς
2854 2505 3114 2575 Τριάδος,
3157 2507 3435 2562 caelestem
3472 2506 3632 2562 Tria-

2056 2597 2141 2652 dis
2170 2604 2421 2668 mystem,
2441 2597 2706 2667 φωστῆρα
2731 2595 3072 2668 ὀρθοδοξίας,
3106 2609 3270 2652 rectae
3296 2597 3418 2652 ﬂdei
3441 2599 3627 2669 splen-

2057 2688 2265 2753 dorem,
2313 2688 2640 2759 Ἐκκλησὶας
2686 2689 2970 2759 στήριγμα
3010 2690 3107 2742 καὶ
3153 2689 3494 2756 διδάσκαλον,
3525 2691 3628 2746 Ec-

2056 2782 2236 2838 clesia:
2265 2780 2496 2835 fulcrum
2528 2787 2582 2836 et
2609 2779 2951 2850 magistrum,
2997 2781 3217 2849 κήρυκα
3251 2781 3350 2850 τῆς
3382 2781 3630 2851 χάριτος,

2055 2887 2362 2944 praeconem
2391 2871 2598 2940 gratia},
2627 2871 2820 2925 στῦλον
2849 2871 2951 2940 τῆς
2976 2870 3246 2938 πίστεως,
3307 2871 3430 2926 ﬁdei
3478 2871 3631 2926 eolu-

2055 2978 2261 3026 mnam,
2301 2963 2559 3032 καύχημα
2605 2963 2697 3017 καὶ
2741 2963 3021 3032 στήριγμα
3059 2963 3314 3030 μέγιστον
3344 2963 3635 3032 τὼνόροα-

2054 3053 2241 3120 δόξων,
2275 3053 2500 3123 gloriam
2551 3063 2605 3108 et
2639 3053 2937 3108 maximum
2969 3055 3400 3107 orthodoxorum
3439 3052 3627 3107 ﬁrma-

2057 3153 2321 3209 mentum,
2342 3143 2603 3210 Θεολόγον
2626 3143 2901 3214 δεύτερον,
2932 3143 3271 3212 Theologum
3300 3143 3629 3205 secundum,

2055 3233 2163 3285 τῶν
2214 3231 2550 3285 διδασκάλων
2605 3232 2901 3302 ἀκρότητα,
2954 3231 3340 3301 Magistrorum
3397 3233 3630 3300 apicem,

2057 3322 2322 3390 θεολόγων
2346 3323 2407 3374 τὸ
2437 3323 2632 3390 στόμα,
2663 3319 3071 3391 Theologorum
3099 3337 3183 3379 os.
3223 3321 3286 3375 Et
3314 3324 3444 3392 quid
3480 3340 3585 3376 non
3606 3321 3634 3376 3

2057 3414 2240 3468 omnia
2285 3413 2612 3467 laudationis
2660 3415 2861 3482 capita,
2897 3427 3018 3482 quae.
3049 3413 3175 3468 aliis
3203 3412 3458 3468 Patribus
3491 3414 3632 3468 divi-

387 3520 661 3570 sanctum,
713 3523 777 3562 ac
833 3505 1131 3562 Ecclesiam
1186 3505 1430 3558 Latinam
1487 3503 1765 3572 injurium,
1825 3518 1947 3558 cum
1980 3496 2024 3556 (Ξ
2057 3506 2162 3561 sim
2191 3505 2259 3560 ab
2285 3505 2406 3559 aliis
2435 3505 2772 3568 tribuuntur,
2807 3504 2861 3558 in
2912 3493 3269 3559 hunc‘Solum
3309 3505 3631 3560 Philotheus

386 3600 606 3670 scriptis
631 3597 792 3653 editis
824 3606 1013 3654 contra
1043 3595 1338 3652 catholicos
1364 3596 1533 3658 viros,
1561 3594 1708 3648 illius
1744 3608 1809 3647 ex
1845 3593 1948 3647 Pa—

388 3701 472 3747 tre
523 3689 639 3745 solo
697 3689 1104 3758 processionem
1154 3685 1473 3748 defenderit,
1525 3694 1584 3739 ut
1612 3699 1675 3738 ex
1712 3684 1831 3753 ejus
1881 3683 1949 3738 ad

386 3780 553 3838 Vecci
578 3781 968 3850 inscriptiones
1001 3777 1488 3836 coniutationibus,
1513 3776 1712 3845 quibus
1734 3775 1950 3830 abunde

383 3871 650 3929 satislecit
691 3869 946 3925 Bessario
982 3867 1297 3932 cardinalis,
1325 3875 1380 3920 et
1415 3867 1535 3920 aliis
1577 3865 1786 3919 duabus
1818 3865 1950 3918 Ora-

383 3963 648 4024 tionibus,
700 3976 835 4030 quas
877 3960 990 4028 ipse
1033 3957 1472 4018 ’Δποδεικτικοὺς
1518 3956 1700 4020 ὶόγουε
1757 3965 1950 4007 contra

386 4054 612 4108 Latinos
642 4049 991 4115 nuncupavit,
1023 4046 1250 4101 Londini
1276 4045 1459 4099 Graece
1486 4043 1792 4112 publicatis,
1826 4057 1944 4095 ma-

386 4142 646 4198 nifestum
675 4150 778 4205 est,
808 4141 949 4193 inter
976 4138 1126 4191 divos
1155 4134 1358 4197 retulit,
1387 4143 1442 4188 et
1469 4133 1588 4202 ejus
1619 4130 1940 4185 memoriam

381 4236 560 4290 ollicio
587 4237 652 4288 dc
682 4250 822 4287 novo
861 4233 1194 4300 conscripto,
1228 4227 1375 4300 quod
1418 4229 1473 4282 in
1507 4226 1767 4283 Ecclesiis
1793 4226 1946 4291 cani,

381 4324 845 4395 quemadmodum
881 4332 934 4377 et
969 4323 1020 4375 in
1068 4322 1298 4375 aliorum
1331 4329 1642 4374 sanctorum
1695 4317 1949 4371 solemni-

381 4413 587 4468 tatibus
614 4411 806 4473 voluit,
834 4408 1147 4475 celebravit,
1173 4424 1294 4480 pag.
1321 4408 1390 4464 96
1412 4422 1464 4462 a.
1491 4421 1540 4462 c.
1568 4422 1641 4460 nt.
1668 4415 1720 4459 et
1740 4421 1818 4461 ss.
1837 4403 1944 4458 Pa-

379 4507 540 4560 lamae
565 4517 696 4558 vero
749 4501 938 4556 laudes
985 4501 1056 4555 ita
1093 4513 1412 4571 prosecutus
1454 4506 1562 4561 est,
1596 4506 1653 4552 ut
1694 4498 1806 4566 jam
1837 4497 1947 4550 Na-

379 4595 711 4656 zianzenus,
771 4590 1088 4662 Nyssenus,
1157 4590 1422 4653 Basilius,
1483 4587 1946 4659 Chrysostomus,

381 4683 736 4748 Athanasius,
779 4692 1076 4752 caeteraque
1131 4681 1388 4737 Ecclesiae
1434 4679 1634 4735 Graecae
1680 4680 1944 4745 culmina,

379 4775 584 4844 quibus
626 4789 747 4829 cum
795 4783 1004 4828 tantum
1053 4773 1228 4828 scelus
1263 4771 1574 4834 committit,
1622 4771 1755 4826 nihil
1808 4772 1919 4826 sint

382 4865 522 4919 nihil
559 4865 612 4920 in
655 4865 904 4920 Ecclesiae
930 4865 1219 4919 utilitatem
1247 4864 1478 4934 egerint.
1515 4864 1645 4932 Pag.
1671 4864 1816 4916 enim
1847 4861 1937 4916 96.

379 4966 438 5009 ct
463 4955 604 5010 infra
631 4966 788 5011 vocat
819 4971 943 5011 eum
973 4955 1410 5024 θαυματουργδν,
1443 4955 1828 5008 miraculorum
1865 4951 1945 5007 ef-

381 5046 663 5110 fecturem,
711 5046 988 5114 θεολογίας
1021 5045 1332 5111 σάλπιγγα.
1378 5043 1704 5114 Τιιθοιοείεθσ
1736 5044 1943 5107 tubam,

381 5135 687 5205 πυρίπνουν
739 5135 911 5203 στόμα
951 5134 1051 5202 τῆς
1098 5134 1320 5203 χάριτος
1373 5134 1549 5202 ignem
1602 5131 1818 5200 spirans
1883 5145 1945 5184 os

380 5227 594 5295 gratim,
650 5225 959 5295 πνεύματος
1006 5225 1231 5294 δοχεῖον,
1266 5224 1490 5291 spiritus
1517 5223 1947 5290 receptaculum,

380 5313 575 5367 στῦλον
598 5314 697 5382 τῆς
748 5312 1075 5383 Ἐκκλησίας
1114 5312 1468 5382 ἀχράδαντον,
1497 5310 1807 5362 columnam
1844 5309 1945 5364 Ec-

374 5404 558 5462 clesiae
617 5405 1032 5466 inconcussam,
1092 5401 1376 5464 εὐσεὸείας
1433 5400 1782 5468 ὑπέρμαχον,
1849 5402 1944 5452 καὶ

375 5494 632 5557 ἁσεσεῑας
655 5495 967 5559 ἀντίπαλον,
999 5495 1215 5562 pietatis
1243 5501 1724 5562 propugnatorem,
1752 5490 1946 5560 impie-

377 5585 508 5640 tatis
533 5593 985 5654 0ppugnatorem,
1023 5583 1257 5646 πίστεως
1305 5582 1639 5651 προστάτην,
1681 5581 1805 5635 ﬁdei
1847 5580 1939 5637 dc-

377 5676 673 5742 l’ensorem,
714 5677 887 5746 μέγαν
934 5675 1286 5744 καθηγεμόνα
1331 5673 1422 5726 καὶ
1456 5672 1795 5739 διδάσκαλον,
1830 5687 1943 5726 nta-

377 5783 548 5839 guum
603 5769 792 5824 ducem
849 5777 904 5823 et
956 5769 1295 5838 magistrum,
1347 5767 1515 5834 λύραν
1565 5766 1936 5834 παναρμόνιον

383 5858 691 5928 πνεύματος
731 5860 956 5929 spiritus
990 5861 1156 5929 lyram
1207 5858 1352 5912 omni
1407 5858 1814 5912 harmoniarum
1849 5874 1941 5928 ge-

1927 4809 1941 4834 '
1977 4815 2024 4872 Ι)

2058 3597 2158 3652 iste
2189 3595 2484 3667 congessit.
2511 3596 2577 3650 Et
2610 3610 2679 3650 ne
2727 3596 3002 3651 videretur
3032 3596 3199 3650 etiam
3246 3595 3383 3650 divae
3418 3597 3632 3666 Virgini

2054 3685 2302 3750 inferior,
2334 3687 2596 3752 hymnum
2633 3685 2709 3739 illi
2758 3701 2972 3740 sacrum
2996 3727 3012 3750 ,
3056 3696 3110 3741 et
3144 3686 3358 3746 recitari
3406 3687 3630 3741 solitum

2055 3775 2111 3832 in
2153 3775 2329 3832 cilicio
2361 3776 2624 3831 Acathisti
2676 3776 2756 3830 sic
2787 3777 2947 3843 dicti,
2988 3776 3130 3844 quod
3162 3792 3434 3846 nunquam
3473 3777 3526 3829 iu
3562 3790 3631 3831 eo

2053 3867 2326 3931 sedeatur,
2358 3867 2427 3922 ob
2454 3868 2808 3923 reverentiam
2842 3867 3106 3938 Deiparze,
3135 3868 3289 3938 cujus
3314 3869 3502 3922 laudes
3531 3883 3635 3937 pro

2055 3953 2336 4008 beneﬁciis
2384 3957 2621 4025 acceptis
2662 3958 2986 4020 recitantur,
3027 3973 3151 4026 pag.
3204 3958 3306 4012 158
3338 3959 3392 4022 h,
3424 3974 3471 4011 c.
3508 3973 3546 4020 ι,
3585 3959 3626 4012 f.

2055 4042 2181 4095 inde
2209 4042 2478 4107 avulsum,
2519 4056 2574 4099 et
2609 4045 2798 4113 paucis
2831 4045 3157 4107 immutatis,
3188 4061 3284 4114 per
3318 4046 3626 4114 parodiam,

2055 4131 2110 4186 in
2154 4133 2300 4188 hunc
2331 4131 2630 4194 Palamam,
2682 4149 2786 4188 non
2840 4135 2958 4188 sine
3005 4136 3243 4189 maxima
3300 4136 3623 4191 temeritatis

2054 4234 2194 4281 nota
2235 4227 2557 4281 transvexit.
2594 4227 2863 4282 Praeterea
2903 4228 2956 4282 in
3003 4229 3121 4299 ejus
3149 4227 3472 4299 Syuaxario,
3523 4230 3617 4284 ubi

2053 4315 2288 4372 Palamae
2316 4317 2482 4371 vitam
2515 4318 2903 4386 compendiose
2932 4319 3272 4387 exsequitur,
3309 4319 3450 4372 inter
3483 4319 3619 4384 alia,

2055 4409 2185 4463 dum
2227 4409 2345 4478 ejus
2378 4409 2432 4462 in
2483 4409 2783 4464 haeresibus
2823 4411 3223 4481 oppugnandis,
3275 4426 3339 4465 ac
3376 4410 3481 4465 ﬁde
3530 4426 3628 4466 ca-

2052 4499 2254 4553 tholica
2295 4503 2642 4570 propaganda
2691 4502 2931 4557 studium
2980 4509 3204 4568 narrat,
3257 4503 3396 4558 nihil
3444 4503 3621 4568 aliud,

2053 4592 2155 4644 nisi
2213 4591 2358 4646 illius
2397 4593 2450 4646 in
2493 4591 2797 4648 Romanam
2842 4591 3144 4649 Ecclesiam
3204 4595 3514 4662 machinas,
3564 4595 3622 4650 in

2052 4681 2276 4738 Latinos
2308 4682 2452 4746 odia,
2482 4698 2581 4752 pro
2611 4685 2922 4740 assereudis
2949 4683 3260 4740 Graecorum
3297 4685 3578 4740 erroribus
3603 4726 3622 4753 ,

2051 4788 2114 4826 ac
2147 4772 2255 4827 illis
2286 4772 2695 4836 conﬁrmandis,
2733 4775 3043 4830 evertendis
3074 4774 3395 4828 Latinorum
3422 4775 3627 4828 verita-

2052 4861 2218 4923 tihus,
2253 4870 2306 4914 et
2346 4861 2619 4929 przecipue
2652 4861 2720 4915 de
2766 4863 3116 4931 processione
3158 4861 3395 4938 Spiritus
3445 4863 3623 4917 sancti

2052 4966 2118 5003 ex
2147 4949 2304 5004 Patre
2346 4959 2402 5004 et
2427 4950 2567 5004 Filio
2597 4967 2840 5021 operam,
2887 4954 2989 5006 etsi
3045 4954 3267 5008 subdole
3298 4956 3519 5007 nomina
3569 4963 3624 5008 ct

2052 5041 2495 5114 circumstantias
2517 5049 2713 5105 taceat,
2736 5043 2991 5110 proponit
3021 5058 3142 5112 pag.
3173 5042 3240 5098 98
3260 5085 3273 5108 ,
3309 5059 3400 5111 per
3434 5053 3622 5099 totam.

2053 5129 2284 5185 Palamae
2312 5142 2604 5201 praeterea,
2633 5148 2752 5200 quze
2785 5133 2904 5202 ipse
2933 5133 2988 5186 in
3038 5134 3257 5187 Latinos
3288 5133 3354 5188 de
3386 5134 3624 5201 Spiritus

2057 5222 2227 5276 sancti
2273 5224 2658 5290 processionnc
2683 5222 2898 5286 eﬂ‘utiit,
2946 5223 3080 5277 alias
3111 5225 3470 5294 iuThcoIOgia
3513 5235 3625 5277 har-

2058 5326 2208 5367 reses
2257 5322 2312 5366 et
2355 5313 2608 5382 ineptias,
2658 5329 2862 5381 easque
2909 5316 3344 5382 quamplurimas
3390 5331 3454 5368 ex
3505 5319 3625 5382 ejus

2055 5402 2274 5468 scriptis
2309 5403 2564 5456 collectas
2593 5402 2701 5456 late
2731 5404 3084 5474 prosequitur
3116 5407 3294 5459 libello
3327 5403 3393 5458 de
3427 5405 3529 5457 hac
3562 5420 3618 5456 re

2052 5496 2196 5549 edito
2223 5494 2526 5549 Demetrius
2555 5494 2848 5565 Cydonius.
2895 5497 3076 5563 Quare
3108 5499 3194 5551 hic
3223 5498 3376 5566 plura
3411 5493 3620 5548 referre

2050 5587 2398 5656 supersedeo.
2434 5586 2682 5642 Andreas
2711 5589 2871 5642 etiam
2917 5589 3260 5644 (.Zoiosseusis
3303 5587 3526 5654 Dialogo
3560 5601 3617 5638 tn

2049 5677 2214 5733 Marci
2247 5676 2504 5746 Ephesini
2537 5679 2844 5748 epistolam,
2888 5690 3082 5734 contra
3116 5680 3253 5732 ritus
3284 5676 3608 5730 Latinorum

2045 5770 2332 5826 nonnullas
2365 5768 2594 5838 hujusce
2621 5771 2852 5827 Palamaa
2884 5774 2935 5825 in
2965 5787 3134 5825 unum
3161 5767 3378 5839 collegit
3406 5783 3615 5837 pravas

2053 5869 2105 5917 ct
2129 5875 2158 5915 a
2186 5859 2285 5915 [ide
2307 5860 2573 5916 catholica
2594 5862 2798 5919 alienas
2815 5861 3137 5928 sententias,
3163 5875 3300 5930 quas
3325 5859 3413 5916 hic
3445 5866 3621 5914 trans-
