4108 6316
604 451 714 514 863
1783 449 1883 510 DE
1915 445 2316 530 GREGORIO
2353 447 2665 511 PALAMA
3559 464 3566 468 ‘
3796 445 3893 509 864

607 565 840 632 cribam,
871 565 998 636 quia
1038 565 1174 622 liber
1207 580 1314 622 non
1353 563 1609 622 omnibus
1651 572 1816 632 patet.
1855 581 1874 614 ι
1906 562 2176 619 Praeterea

2303 559 2644 632 μήοΊωάννης
2665 561 2804 630 ἐλέῳ
2821 559 2959 615 Θεοῦ
2978 559 3411 631 ἀρχιεπίσκοπος
3428 561 3890 615 Κωνσταντινου-

557 681 565 732 ι
611 672 736 712 cum
772 658 961 715 Patres
994 658 1072 714 tui
1109 668 1162 713 te
1193 656 1447 727 Ephesiis
1477 656 1530 712 in
1563 655 1853 722 praesulem
1905 653 2183 724 przelicere

2303 654 2497 716 πόλεως
2516 655 2642 716 νέας
2676 653 3038 722 Ῥώμης,καὶ
3072 654 3462 724 οίκουμενικδς
3509 654 3887 723 πατριάρχης.

612 752 872 815 vellent,.
899 768 1006 807 non
1044 751 1195 822 prius
1220 749 1492 823 pontificis
1531 748 1793 818 dignitate
1830 753 2182 811 ornaverunt,
2292 766 2310 800 ι
2353 746 2630 802 Palamam
2683 753 2740 801 et
2769 745 2922 802 illius
2970 755 3292 812 sectatores,
3353 755 3412 800 et
3440 746 3651 800 omnia
3708 761 3888 800 eorum

613 857 778 908 quam
811 841 1163 912 jurejurando
1195 841 1472 912 pollicitus
1500 838 1692 900 fueris,
1725 847 1786 892 ut
1816 851 1939 906 qua:
1972 835 2185 906 Grego-
2289 839 2460 910 impia
2493 837 2768 910 dogmata,
2798 837 2885 891 vel
2919 837 3106 893 verius
3137 847 3499 909 nugamenta,
3540 853 3776 894 necnon
3805 839 3890 893 de-

2289 931 2571 994 fensores,
2626 933 3104 1000 propugnatores,
3161 939 3622 1000 exceptoresqne
3683 944 3891 995 eorum,

2287 1039 2414 1094 quae
2441 1023 2494 1077 in
2537 1031 2689 1076 torno
2717 1021 3064 1091 digeruntur,
3095 1022 3400 1076 secundum
3432 1035 3648 1076 eorum
3677 1021 3891 1090 exposi-

2289 1117 2534 1180 tionem,
2587 1115 2704 1169 imo
2755 1114 3220 1182 vaniloquentiam
3251 1152 3267 1178 ,
3313 1122 3369 1168 et
3417 1129 3536 1168 non
3588 1113 3890 1168 secundum

2289 1221 2511 1264 sensum
2543 1205 2809 1270 divinum,
2857 1215 2912 1262 et
2955 1205 3353 1272 orthodoxum,
3414 1215 3475 1259 et
3527 1213 3594 1260 ut
3646 1203 3891 1258 Ecclesia!

616 934 732 988 rius
764 931 983 988 Palama
1034 934 1088 988 in
1118 947 1219 988 sua
1259 931 1501 988 editione
1543 945 1708 1000 quam
1741 928 1954 984 Tomon
2001 927 2185 986 nomi-

613 1025 784 1088 navit,
835 1024 1028 1080 edocet
1062 1023 1364 1079 indubitata
1399 1023 1502 1078 lide
1535 1022 1868 1091 susciperes.
1905 1035 1969 1076 ac
1994 1019 2186 1077 defen-

614 1131 788 1172 sares.
824 1115 918 1170 llle
942 1102 1308 1172 autem-inter
1351 1125 1580 1172 caeteras
1625 1115 1973 1183 blasphemas
2025 1112 2187 1168 diffe-

615 1207 838 1271 rentias,
865 1221 1002 1276 quas
1040 1211 1295 1264 essentia
1321 1208 1546 1274 divinae,
1576 1218 1631 1263 et
1669 1209 1786 1264 suis
1819 1207 2060 1278 energiis
2102 1205 2184 1260 fa-

615 1296 870 1360 bricavit,
894 1297 994 1354 has
1025 1298 1189 1354 etiam
1215 1299 1448 1366 addidit,
1475 1308 1535 1354 ut
1561 1300 1747 1354 divina
1773 1299 2007 1354 essentia
2035 1313 2189 1353 crea-

618 1398 755 1446 tura
804 1392 1048 1446 minimae
1087 1393 1512 1462 appropinquat,
1565 1390 1714 1461 quod
1765 1389 1984 1460 energia
2037 1389 2187 1446 facit.

613 1482 750 1538 Nam
795 1483 844 1540 si
893 1484 1076 1539 divina
1121 1483 1405 1554 maiestas,
1454 1492 1514 1539 ut
1541 1483 1638 1550 ait,
1684 1493 1951 1538 creatura:
1990 1481 2188 1552 junge-

617 1584 788 1638 retur,
819 1575 992 1642 ipsam
1027 1574 1252 1629 omnino
1282 1575 1616 1630 absumeret.
1643 1575 1876 1641 Energia
1903 1586 2036 1628 vero
2059 1586 2190 1645 pro-

618 1665 770 1739 xime
788 1663 928 1720 facta
960 1664 1229 1734 quoddam
1258 1672 1748 1734 temperamentum
1777 1662 1931 1727 facit,
1967 1673 2188 1733 pmpte-

623 1771 713 1812 rea
737 1765 792 1811 ct
815 1757 988 1825 ipsam
1011 1756 1298 1818 inhabitat,
1323 1757 1620 1820 illuminat,
1639 1756 1798 1812 docet
1815 1794 1831 1822 ,
1861 1755 2187 1823 sanctificat,

621 1857 784 1917 atque
815 1847 1053 1915 deificat,
1092 1863 1214 1916 quae
1245 1861 1274 1901 a
1311 1847 1497 1901 divina
1531 1847 1794 1910 essentia,
1846 1855 1905 1901 ut
1937 1847 2052 1916 ipse
2085 1848 2188 1901 lin-

621 1937 719 2006 git,
754 1937 1022 2006 proficisci
1047 1937 1271 1991 minime
1295 1944 1548 2006 possunt.
1575 1937 1709 1990 item
1731 1937 2006 2006 energiam
2031 1936 2186 2002 dicit,

616 2037 922 2083 extremum
958 2027 1189 2083 hominis
1217 2029 1401 2094 linem,
1430 2027 1799 2082 haereditatem
1831 2027 2184 2090 Sanctorum,

619 2133 1004 2188 summamque
1055 2118 1396 2175 felicitatem.
1451 2117 1575 2174 Haec
1622 2132 1652 2172 a
1705 2117 1890 2172 divina
1945 2117 2184 2174 essentia

618 2209 1088 2277 prorsus'adimit.
1122 2207 1312 2266 Solum
1359 2209 1586 2266 Deitatis
1633 2225 1833 2266 nomen
1868 2210 2002 2266 dicit
2049 2207 2188 2281 ipsis

617 2316 742 2358 esse
774 2317 1086 2358 commune.
1128 2301 1183 2358 Si
1218 2301 1384 2375 igitur
1422 2304 1517 2360 illa
1543 2317 1757 2359 summa
1806 2301 1990 2358 Deitas
2028 2317 2098 2358 ex
2131 2315 2193 2358 se

619 2397 763 2450 inter
787 2409 898 2451 non
936 2395 1082 2452 entia
1113 2404 1476 2452 numeratur:
1499 2397 1546 2450 si
1581 2410 1799 2450 omnem
1822 2395 2108 2450 entitatem
2135 2401 2196 2450 et

618 2483 993 2539 excellentiam
1021 2485 1093 2540 ab
1125 2485 1250 2541 aliis
1279 2484 1513 2557 accipit;
1543 2484 1590 2540 si
1625 2493 1892 2539 creaturae
1930 2483 2190 2540 inacces-

621 2578 817 2642 sibilis,
871 2577 915 2634 si
965 2579 1336 2648 propinquare
1369 2578 1529 2634 nobis
1574 2578 1693 2634 sine
1737 2587 1922 2634 nostro
1963 2577 2189 2634 interitu

622 2677 889 2736 nequeat;
913 2668 957 2722 si
985 2682 1093 2722 non
1116 2667 1295 2732 docet,
1322 2683 1421 2723 nec
1439 2666 1731 2732 illuminat,
1754 2679 1845 2722 aut
1864 2669 2191 2733 sanctificat,

622 2760 668 2812 si
703 2759 828 2814 linis
861 2774 968 2814 non
1003 2768 1109 2824 est,
1145 2774 1312 2829 quem
1344 2759 1602 2814 omnibus
1634 2758 1951 2815 hominibus
1995 2769 2191 2814 natura

622 2849 837 2916 indixit,
877 2865 1013 2904 vana
1045 2859 1173 2906 sunt
1212 2851 1375 2922 igitur
1410 2851 1703 2917 sacriﬁcia,
1757 2867 1877 2921 quae
1905 2852 1980 2905 illi
2014 2851 2196 2907 offeri-

621 2957 767 3007 mus,
803 2941 879 2996 nil
910 2951 1138 3012 prosunt
1177 2958 1390 3014 preces,
1441 2943 1515 2997 nil
1548 2943 1819 3014 lacrymae,
1866 2943 2031 2997 nulla:
2063 2944 2194 2998 reli-

623 3034 793 3103 giosas
849 3034 1211 3088 observantiae
1265 3033 1597 3090 Christianis
1655 3035 1872 3104 populis
1928 3035 2197 3104 prolicere

622 3131 877 3190 possunt.
927 3119 1083 3177 Unde
1129 3132 1184 3176 et
1217 3122 1379 3178 aliam
1412 3122 1569 3178 fidem
1606 3137 1852 3192 quaerere
1897 3123 2192 3194 oportebit,

2290 1297 2521 1364 lumina,
2548 1306 2602 1352 et
2627 1295 2896 1367 magistri,
2929 1310 3165 1365 quorum
3201 1309 3302 1350 nos
3332 1295 3603 1366 vestigiis
3634 1294 3887 1348 insisten-

2293 1399 2396 1454 tes,
2443 1397 2499 1444 et
2541 1386 2851 1446 sententias
2901 1396 3216 1458 sequentes,
3264 1397 3598 1442 sanctorum
3639 1386 3786 1441 dicta
3834 1385 3882 1438 in

2291 1490 2440 1537 tomo
2468 1479 2803 1552 digessimus
2830 1497 2844 1533 :
2875 1487 2930 1535 et
2959 1494 3154 1535 omnes
3178 1490 3399 1550 propter
3434 1479 3574 1544 hoc,
3613 1478 3765 1548 quod
3800 1492 3884 1531 εο-

2290 1586 2408 1628 rum
2451 1580 2778 1642 nugamenta
2817 1586 2925 1626 non
2962 1579 3337 1640 acceptamus.
3383 1585 3638 1639 quorum
3680 1581 3878 1638 partem

2291 1669 2394 1739 ipsi
2425 1668 2586 1736 npbis
2613 1667 3060 1730 transmiserunt,
3090 1681 3217 1734 pars
3249 1663 3317 1719 ab
3348 1665 3470 1718 aliis
3496 1665 3761 1719 nuntiata
3781 1672 3876 1724 est,

2292 1759 2384 1831 qui
2419 1759 2536 1815 ausi
2569 1769 2699 1816 sunt
2725 1767 2916 1812 contra
2953 1771 3216 1818 canones,
3249 1764 3302 1808 et
3334 1757 3451 1810 sine
3489 1755 3714 1822 judicio
3743 1768 3876 1808 com-

2293 1852 2740 1906 memorationem
2801 1865 2978 1904 meam
3031 1849 3374 1908 exscindere,
3410 1848 3673 1909 vivificae,
3715 1857 3770 1901 et
3805 1847 3877 1899 di-

2292 1944 2432 1998 vinae
2479 1943 2698 1999 Triadis
2752 1943 2972 1996 vinculo
3025 1941 3372 2010 subiicimus,
3417 1950 3472 1995 et
3525 1941 3876 1995 anathemate

2294 2035 2542 2089 ferimus.
2592 2031 2973 2104 Subscriptio:
3010 2031 3253 2087 Joannes
3287 2031 3653 2087 miseratione
3707 2031 3875 2085 divina

2294 2125 2736 2195 archiepiscopus
2763 2122 3441 2192 ConstantinOpnlitanns.
3476 2135 3640 2176 novre
3673 2119 3873 2180 Romze,

2295 2227 2350 2274 et
2409 2217 2784 2273 mcumenicus
2839 2215 3167 2286 patriarcha.
3202 2231 3221 2265 ι
3271 2213 3338 2268 Et
3370 2214 3485 2268 haec
3531 2213 3674 2268 satis
3713 2211 3872 2266 videri

2297 2317 2554 2380 poterunt
2589 2308 2654 2362 ad
2688 2321 2786 2364 eos
2835 2308 2987 2377 ipsos
3025 2305 3374 2368 rrfellcndos,
3412 2303 3506 2372 qui
3558 2304 3700 2358 adeo
3730 2302 3875 2356 inve-

2297 2399 2535 2455 recunde
2575 2397 2851 2453 Palamam
2898 2397 3041 2451 inter
3080 2405 3305 2451 sanctus
3333 2394 3630 2458 collocant,
3673 2400 3732 2446 et
3761 2390 3873 2460 ejus

2297 2491 2485 2549 laudes
2527 2491 2597 2547 ab
2626 2491 2871 2560 ejusdem
2913 2497 3056 2544 notre
3095 2487 3439 2551 hominibus,
3473 2499 3692 2540 summo
3735 2484 3871 2538 fastu

2300 2584 2694 2654 mendacioqne
2749 2581 3115 2651 conscriptas,
3187 2580 3242 2634 in
3306 2579 3551 2634 Ecclesia
3621 2577 3866 2633 recitanl.

2297 2677 2433 2731 Cum
2466 2690 2597 2730 vero
2625 2675 2742 2746 ejus
2765 2675 3026 2733 haereses.
3053 2671 3198 2741 quod
3231 2669 3378 2724 illius
3439 2678 3491 2725 et
3518 2669 3866 2726 scctariorum

2298 2769 2420 2826 libri
2455 2776 2566 2838 prae
2599 2767 2852 2821 manibus
2885 2781 2994 2819 non
3023 2765 3158 2828 sint,
3199 2778 3305 2818 non
3344 2762 3602 2818 omnibus
3631 2767 3866 2830 pateant,

2298 2877 2367 2918 ne
2397 2876 2496 2915 nos
2519 2861 2609 2914 tali
2642 2860 2759 2914 viro
2775 2857 2980 2928 injuste
3001 2859 3238 2912 luere-ses
3261 2855 3549 2925 appingere
3567 2853 3864 2923 videamur,

2299 2967 2488 3007 carum
2520 2961 2754 3022 partem,
2785 2966 2849 3004 ex
2881 2950 3030 3004 illius
3076 2948 3173 3003 aevi
3203 2946 3574 3016 scriptoribus,
3616 2942 3860 2996 nondum

2298 3040 2476 3106 editis,
2511 3053 2610 3096 nec
2642 3039 2716 3094 ita
2747 3039 2803 3093 in
2837 3049 3116 3108 promptu,
3144 3036 3234 3092 hic
3259 3048 3604 3105 apponemus.
3627 3031 3858 3085 Nomina

2300 3133 2540 3187 nondum
2572 3131 2748 3202 reperi
2777 3149 2792 3186 :
2824 3131 2973 3187 acuti
3008 3139 3192 3185 tamen
3227 3136 3352 3185 sunt
3378 3167 3393 3192 ,
3439 3123 3860 3198 etargumentis

625 3225 678 3269 ct
700 3229 895 3268 novam
919 3215 1236 3284 religionem
1261 3215 1467 3271 videre.
1495 3215 1626 3282 Qu.e
1650 3215 1834 3271 omnia
1858 3217 2020 3271 etiam
2047 3218 2197 3287 ipsos
2224 3225 2268 3284 c
2302 3225 2369 3278 ad
2418 3220 2762 3293 probandum
2798 3221 3132 3276 firmissimis
3182 3217 3554 3274 adversarium
3596 3216 3850 3284 iugulant.

624 3307 900 3360 daemones
950 3315 1170 3373 terrent,
1206 3322 1330 3361 cum
1361 3307 1462 3376 ipsi
1514 3307 1666 3362 illum
1709 3305 1876 3361 Deum
1921 3321 2092 3361 unum
2144 3314 2199 3361 et

623 3397 800 3451 solum
829 3399 1074 3464 credant,
1117 3408 1172 3454 et
1200 3399 1648 3455 contremiscant.
1684 3419 1702 3452 ι
1747 3398 2036 3465 Quomodo
2068 3412 2201 3468 ergo

624 3491 898 3546 hominem
933 3491 1224 3559 nefarium,
1271 3493 1523 3562 impium,
1566 3491 1906 3552 hazreticum.
1948 3491 2201 3548 Turcicae

625 3581 836 3636 libidini
854 3583 1184 3649 expositum.
1207 3580 1539 3651 infandaque
1561 3596 1804 3651 passum,
1828 3583 1875 3638 si
1895 3598 2021 3637 vera
2043 3583 2201 3638 nobis

626 3682 814 3726 narrat
856 3673 1150 3742 Gregoras,
1193 3683 1248 3728 et
1283 3673 1351 3729 ab
1400 3675 1696 3729 universali
1744 3675 2059 3730 Graecorum
2103 3674 2204 3734 Ec-

625 3763 815 3827 clesia,
864 3765 1028 3818 etiam
1075 3764 1203 3818 dum
1241 3766 1464 3828 viveret.
1502 3765 1704 3820 frustra
1738 3750 2060 3822 conantibus
2103 3769 2205 3822 im-

630 3855 978 3922 peratoribus
1013 3855 1667 3927 Constantinopolitanis,
1706 3871 1894 3914 coacta
1927 3861 2139 3932 synodo
2171 3875 2201 3914 a

629 3946 958 4014 patriarchis
984 3947 1328 4002 Antiocheno
1361 3947 1589 4020 lgnatio,
1623 3959 1677 4004 et
1707 3950 2204 4022 ConstantinOpoli-

629 4050 755 4096 tano
804 4038 1036 4108 Joanne,
1088 4056 1196 4095 non
1242 4051 1464 4114 prepter
1510 4043 1564 4098 in
1596 4035 1846 4102 Latinos
1890 4045 2060 4109 dicta,
2109 4044 2203 4100 sed

627 4131 1062 4203 quamplurimos
1104 4134 1238 4190 alios
1275 4133 1330 4191 in
1376 4134 1478 4190 fide
1511 4150 1731 4192 errores
1773 4137 2105 4191 anathemati
2154 4145 2208 4191 et

627 4225 1180 4282 excommunicationi
1235 4225 1586 4296 subjectum,
1641 4228 1779 4283 adeo
1834 4229 1986 4298 pium
2047 4227 2207 4283 nobis

630 4316 776 4372 illius
803 4326 1104 4374 sectatores
1134 4327 1468 4387 proponunt.
1491 4319 1720 4374 Tomum
1746 4316 1938 4389 ignatii
1965 4321 2016 4374 in
2043 4320 2208 4375 Pala-

630 4421 801 4473 mam,
862 4409 988 4477 quia
1051 4408 1316 4476 prolixior
1373 4420 1477 4471 est,
1535 4419 1850 4479 praetereo:
1890 4410 2199 4466 breviorem

629 4501 857 4557 Joannis
918 4501 1009 4555 hic
1064 4499 1302 4560 habeto:
1337 4500 1440 4552 Τὸν
1482 4499 1748 4570 Παλαμᾶν
1777 4501 1870 4553 καὶ
1913 4502 2037 4566 τοὺς
2077 4502 2206 4570 ὁμό-

632 4607 837 4661 φρονας
859 4589 1046 4653 αὐτοῦ,
1081 4590 1175 4643 καὶ
1207 4591 1382 4646 πάντα
1401 4587 1470 4642 τὰ
1506 4590 1676 4658 ἀσεϐῆ
1699 4591 1877 4645 αὐτῶν
1928 4591 2202 4663 δόγματα,

634 4685 965 4756 οἰκειότερον
989 4683 1048 4737 δὲ
1078 4684 1254 4736 εἰπεῖν
1283 4683 1909 4755 παραληρήματα.’τούς
1955 4703 2011 4738 τε
2061 4685 2207 4738 ἐκδι-

633 4776 888 4838 κοῦντας,
919 4776 1013 4828 καὶ
1054 4773 1525 4844 ἐκλαμϐάνοντας,
1571 4776 1667 4828 καὶ
1705 4776 2099 4848 ἐκδεχομένους
2140 4780 2210 4834 τὰ

636 4867 792 4936 ἐντῷ
830 4866 993 4936 Τόμῳ
1016 4865 1156 4918 κατὰ
1190 4863 1288 4934 τὴν
1340 4865 1521 4917 αὐτῶν
1581 4865 1870 4934 ἐξήγησιν,
1918 4865 2118 4934 μᾶλλον
2152 4867 2210 4918 δὲ

638 4957 930 5026 φλυαρίαν,
973 4959 1066 5011 καὶ
1097 4959 1155 5009 οὐ
1177 4958 1296 5010 κατ’
1321 4957 1531 5010 ἔννοιαν
1575 4956 1882 5026 θεοπρεπῆ,
1924 4956 2019 5010 καὶ
2059 4957 2212 5024 6906-

633 5048 806 5112 δοξον,
841 5050 934 5101 καὶ
961 5049 1146 5111 καθὼς
1172 5051 1220 5102 oi
1268 5051 1366 5118 τῆς
1401 5049 1732 5118 ’ίιίκκλησίας
1793 5041 2079 5120 φωότῆρες
2117 5052 2212 5103 καὶ

639 5140 974 5208 διδάσκαλοι,
1001 5141 1084 5206 οἷς
1107 5144 1200 5195 καὶ
1222 5144 1382 5212 ἡμεῖς
1423 5143 1702 5213 ἑπόμενοι,
1727 5142 1822 5196 καὶ
1858 5143 2214 5196 ἀκολουθοῦν-

640 5248 732 5292 τες
759 5229 828 5283 τὰ
849 5231 956 5283 τῶν
985 5233 1153 5300 ἁγίων
1188 5235 1328 5304 ρητά
1371 5234 1755 5304 ἑνεγράψαμεν
1796 5233 1853 5284 ὲν
1903 5233 1980 5303 τῷ
2024 5234 2210 5302 Τόμῳ,

641 5324 738 5376 καὶ
764 5311 975 5386 πάντας
1002 5325 1128 5384 τοὺς
1162 5325 1228 5377 δι’
1253 5326 1383 5378 αὐτὸ
1413 5325 1590 5393 τοῦτο,
1619 5327 1788 5394 ἧγουν
1808 5326 1890 5378 ὅτι
1933 5326 2007 5394 μὴ
2033 5342 2212 5394 παρα-

641 5414 912 5483 δεχόμεθα
941 5414 1009 5467 τὰ
1031 5415 1257 5469 τοιαῦτα
1307 5417 1489 5471 αὐτῶν
1530 5417 2002 5488 παραληρήματα,
2034 5410 2109 5471 ὧν
2145 5417 2214 5469 τὰ

648 5513 749 5576 μὲν
770 5506 1162 5576 ἀπεστάλησαν
1186 5509 1319 5577 ἡμῖν
1348 5509 1477 5578 παρ’
1513 5511 1712 5573 αὐτῶν,
1765 5510 1830 5563 τὰ
1857 5509 1913 5562 δὲ
1960 5509 2054 5563 καὶ
2085 5507 2215 5578 παρ’

647 5601 852 5668 ἑτέρων
903 5602 1332 5670 ἐνεφανίσθησαν
1364 5644 1379 5668 ,
1427 5601 1805 5672 τολμήσαντας
1845 5600 2217 5672 ἁκανονίστως

651 5689 747 5742 καὶ
782 5691 1020 5761 ἀκρίτως
1053 5692 1328 5758 ἁποκὸηδαι
1351 5693 1409 5744 τὶ
1436 5693 1779 5763 μνημόσυνόν
1813 5710 1937 5762 μου,
1976 5691 2056 5761 τῷ
2111 5692 2216 5744 ἀπὸ

653 5781 751 5848 τῆς
773 5784 1081 5854 ζωαρχικῆς
1113 5785 1206 5838 καὶ
1229 5785 1391 5852 ἁγίας
1420 5783 1647 5854 Τιςιιάδος
1668 5785 1849 5852 δεσμῷ
1875 5784 2014 5836 καθυ
2026 5783 2218 5836 ποδαλ-

657 5871 843 5938 λομεν,
873 5876 964 5925 καὶ
981 5874 1058 5943 τῷ
1077 5875 1240 5928 ἁναθέ
1255 5893 1381 5944 ματι
1404 5875 1870 5944 παραπέμπομεν.
1891 5874 1950 5926 ’Π
1975 5875 2002 5926 ὑ
2017 5890 2214 5944 τῖίγρα-

2229 4557 2285 4616 Ι)
2310 4557 2384 4648 ira

2306 3313 2520 3371 Primus
2549 3321 2668 3367 est:
2715 3311 2962 3376 Διάλεξίς
3003 3329 3156 3373 τινος
3209 3311 3392 3380 λογίου
3441 3310 3535 3362 καὶ
3586 3307 3850 3376 φιλοσόφου

2302 3406 2410 3460 ἀπὸ
2439 3403 2548 3456 τῶν
2578 3401 2735 3456 θείων
2764 3402 3022 3472 Γραφῶν.
3060 3397 3215 3465 Εῐδες
3245 3402 3346 3472 τὴν
3381 3398 3738 3455 ἀνταπόδοσιν
3772 3394 3856 3448 τοῦ

2303 3496 2570 3566 πολέμου,
2606 3496 2702 3549 καὶ
2734 3493 2842 3548 τῶν
2872 3492 3122 3561 ἀγώνων.
3153 3487 3312 3556 Εἶδες
3337 3494 3434 3545 καὶ
3458 3495 3560 3556 τὰς
3597 3485 3694 3545 ὧδε
3730 3504 3860 3557 γινο-

2307 3589 2476 3661 μένας
2505 3589 2780 3660 ἐμφάσεις
2816 3588 2880 3639 ὲκ
2915 3587 3014 3656 τῆς
3050 3585 3328 3656 μακαρίας
3372 3585 3628 3655 Τριάδος,
3681 3582 3775 3637 οὐκ
3806 3580 3859 3631 ἐκ

2302 3682 2401 3752 τῆς
2425 3679 2730 3751 ἐνεργείας.
2779 3678 2929 3749 Αὕτη
2975 3679 3008 3748 ὴ
3039 3678 3162 3744 δόξα
3187 3681 3288 3748 τῆς
3314 3677 3675 3748 Ἐκκλησίας,
3737 3673 3854 3740 αὕτη

2303 3773 2338 3844 ἡ
2368 3771 2555 3835 πίστις
2580 3771 2690 3824 τῶν
2717 3770 3040 3840 όρθοδόξων,
3079 3772 3188 3824 τῶν
3223 3771 3544 3824 ἀποστόλων
3574 3770 3636 3824 τδ
3670 3769 3856 3839 κήρυγ-

2308 3882 2404 3934 μα,
2438 3863 2546 3916 τῶν
2586 3863 2849 3932 Πατέρων
2878 3862 2946 3914 τὰ
2979 3862 3253 3933 δόγματα,
3309 3863 3419 3914 τῶν
3471 3861 3762 3932 μαρτύρων
3802 3857 3858 3910 τὰ

2308 3956 2537 4025 σφάγια,
2571 3956 2677 4008 τῶν
2706 3955 2872 4008 ὁσίων
2899 3955 2967 4008 τὰ
3036 3953 3460 4025 κατορθώματα,
3501 3954 3610 4007 τῶν
3650 3951 3799 4021 ίερῶν
3828 3950 3855 4015 ἡ

2307 4047 2633 4119 εὐπρέπεια,
2667 4045 2773 4100 τῶν
2805 4046 3147 4099 διδασκάλων
3182 4046 3208 4116 ἡ
3261 4044 3535 4112 θεολογία.
3596 4045 3860 4098 Κατέπεσε

2305 4141 2415 4193 τῶν
2457 4141 2564 4193 σῶν
2603 4138 2888 4209 δογμάτων
2925 4140 2951 4191 ό
2990 4139 3206 4209 ὄροφος.
3287 4137 3586 4208 Συνετρίῦη
3633 4138 3666 4206 ἡ
3721 4133 3862 4188 οἰκία.

2322 4231 2381 4285 Ὀ
2414 4230 2666 4300 θεμέλιος
2689 4231 2994 4300 ἀνετράπη.
3041 4231 3104 4285 '0
3129 4229 3386 4301 φραγμδς
3420 4228 3760 4296 κατεκαύθη.
3794 4224 3868 4283 Ὠς

2307 4322 2458 4392 χοῦς,
2490 4320 2572 4374 ὼσ
2592 4323 2752 4399 κόνις.
2781 4320 2890 4376 ὑπὸ
2923 4321 3190 4384 λαίλαπος
3240 4321 3306 4376 τὰ
3343 4319 3411 4372 σὰ
3459 4318 3652 4386 γέγονε
3717 4331 3870 4368 καταο

2309 4414 2500 4485 φύγια.
2530 4414 2613 4466 Td;
2642 4413 2798 4485 τείχη
2841 4411 3356 4484 κατεχαλάσθησαν.
3385 4411 3451 4465 Δί
3489 4409 3746 4477 ἐπάλξεις
3783 4408 3873 4476 iw-

2309 4506 2629 4578 ανίσθησαν.
2666 4505 2760 4568 Εἰς
2783 4505 2936 4568 τέλος
2970 4503 3276 4558 ἀπώλοντο.
3329 4501 3395 4555 Τί
3443 4500 3627 4565 λέγεις
3665 4501 3871 4560 λοιπόνς

2395 4596 2582 4664 ίθομεν
2608 4597 2721 4659 τοῖς
2751 4595 2931 4664 λόγοις
2963 4594 3199 4660 τούτοις,
3235 4593 3330 4646 καὶ
3358 4593 3478 4655 ταῖς
3530 4595 3596 4645 ὲκ
3620 4591 3719 4660 τῆς
3751 4591 3876 4656 Γρα-

2311 4689 2418 4758 φῆς
2447 4686 2823 4758 μαρτυρίαις;
2863 4687 2923 4738 Εἰ
2961 4687 3060 4756 μὲν
3100 4685 3386 4755 πείθομεν,
3425 4682 3507 4754 τῷ
3538 4682 3658 4754 Θεῷ
3705 4683 3874 4753 χάρις,

2307 4777 2386 4848 τῷ
2417 4779 2543 4840 τοὺς
2587 4775 3050 4846 ἀπεγνωσμένους
3103 4775 3167 4828 ὲκ
3218 4774 3429 4844 πλάνης
3482 4775 3875 4841 ἐπιστρέφοντι,

2312 4870 2405 4922 καὶ
2441 4867 2516 4936 μὴ
2545 4866 2860 4938 βουλομένῳ
2895 4867 2986 4920 τὸν
3008 4867 3238 4921 Θάνατον
3267 4865 3361 4920 τοῦ
3415 4863 3766 4934 ἁμαρτωλοῦ,
3811 4863 3876 4923 ὡς

2309 4962 2370 5013 τὸ
2400 4959 2724 5038 ἐπιστρέψαι
2754 4960 2849 5012 καὶ
2883 4959 2983 5030 ζῇν
3009 4960 3189 5012 αὐτόν.
3227 4959 3287 5011 Εἰ
3319 4957 3365 5010 δ’
3387 4958 3446 5010 οὐ
3485 4957 3766 5026 πείθομεν,
3791 4955 3882 5024 ὅρα

2311 5048 2494 5100 λοιπόν
2525 5049 2582 5098 ὲν
2603 5048 2756 5106 ὅσαις
2789 5047 2882 5100 καὶ
2903 5048 3043 5110 οἵαις
3070 5047 3370 5116 ἐμπίπτεις
3396 5046 3695 5116 αἱρέσεσιν,
3719 5046 3748 5096 ὁ
3791 5043 3884 5114 ψυ-

2314 5138 2424 5208 χιῖιν
2490 5138 2802 5209 προστάτης
2861 5139 2954 5190 καὶ
3028 5137 3359 5206 Ἐκκλησίας
3415 5137 3552 5189 Θεοῦ
3601 5137 3884 5204 γενόμενος

2315 5213 2598 5300 κρίμασιν,
2623 5223 2704 5292 οἷς
2728 5223 2869 5281 οἶδεν
2900 5229 3111 5290 ἐκεῖνος
3141 5229 3168 5279 ὁ
3199 5229 3527 5298 ἀπόρρητος,
3567 5225 3669 5277 κᾶν
3691 5224 3786 5276 καὶ
3819 5223 3886 5293 μὴ

2317 5323 2586 5392 παρεδόθη
2612 5338 2694 5374 σοι
2715 5320 2802 5374 διὰ
2835 5321 3036 5386 πολλὴν
3071 5319 3239 5374 αὐτοῦ
3273 5319 3663 5390 μακροθυμίαν
3691 5319 3723 5388 ἡ
3771 5317 3889 5368 Ἐκ-

2318 5414 2538 5483 κλησία,
2572 5412 2665 5465 καὶ
2705 5413 2762 5463 αί
2792 5411 2978 5481 ψυχαί.
3024 5395 3202 5463 Πᾶσαι
3251 5412 3348 5478 μὲν
3388 5406 3480 5462 οὖν
3533 5410 3587 5460 αἱ
3650 5409 3889 5477 αἱρέσεις

2319 5503 2467 5570 παρὰ
2495 5501 2602 5553 τῶν
2644 5501 2815 5568 ἁγίων
2858 5500 3275 5562 θανατωθείσαι,
3331 5500 3424 5552 καὶ
3481 5496 3889 5566 διαφθαρεῖσαι,

2321 5595 2460 5664 ξηρὰ
2517 5593 2809 5661 γεγόνασιν
2866 5593 3028 5646 ὀστέα
3087 5591 3306 5660 σαρκῶν
3348 5591 3500 5655 ἄνευ,
3547 5590 3774 5657 νεύρων,
3799 5589 3893 5638 καὶ

2323 5686 2623 5758 ἁρμονιῶν.
2670 5686 2740 5738 Σὺ
2761 5685 2817 5737 δὲ
2847 5684 3052 5746 ταύτας
3089 5685 3489 5751 ἀναγεννήσας,
3525 5679 3619 5733 δῖα).
3648 5672 3891 5732 ἀναπλά-

2325 5796 2443 5842 σας,
2477 5778 2570 5828 xui.
2598 5778 2664 5830 τὰ
2699 5779 2898 5847 μάταια
2925 5777 3192 5845 δόγματα,
3225 5773 3462 5841 πνεῦμα,
3506 5770 3664 5840 σὰρξ,
3717 5771 3893 5841 ἁρμο-

2327 5873 2458 5938 νίαι,
2497 5871 2592 5923 καὶ
2623 5870 2787 5938 νεῦρα
2815 5871 3037 5932 ταύταις
3070 5869 3334 5935 γενόμενα
3377 5867 3482 5935 ζῶν
3511 5866 3758 5938 ἔμψυχον
3800 5868 3895 5919 καὶ
