4108 6316
631 284 738 346 867

1841 287 1936 347 DE
1980 280 2382 348 GBEGORIO
2427 282 2733 345 PALAMA
3818 279 3908 348 868

636 401 876 472 μάλιστα
903 397 958 451 δὲ
995 397 1092 450 καὶ
1117 395 1296 458 καλῶς
1321 396 1462 460 οἰδα,
1498 393 1592 448 καὶ
1637 393 1979 467 τεθάρῤηκα,
2003 397 2098 450 καὶ
2123 411 2215 449 πε-

2319 399 2404 448 est
2423 391 2689 462 infragilis
2720 387 2926 447 Christi
2959 387 3174 456 Petrus,
3197 395 3253 445 et
3287 387 3704 460 discipulorum
3741 404 3906 461 apex;

634 494 932 553 πίστευκα,
962 491 1079 552 ταῖς
1109 488 1202 541 τοῦ
1231 490 1485 558 Σωτῆρος
1518 488 1873 556 ἐπαγγελίαις
1916 487 2214 558 πιστούμε-

636 602 751 646 νος.
799 585 995 652 ’Πμεϊς
1023 580 1080 633 δὲ
1107 579 1186 650 τῷ
1214 581 1537 650 κηρύγματι
1583 580 1692 633 τῶν
1725 581 2062 644 ἀποστόλων,
2121 580 2213 636 καὶ

635 679 748 738 τοῖς
783 677 1016 744 δνεγμασι
1041 674 1150 726 τῶν
1205 673 1466 742 Πατέρων
1527 671 1808 741 ἑπόμενοι,
1845 675 1942 727 καὶ
1999 672 2215 727 πάντων

637 769 832 836 ἁγίων,
895 767 956 818 οὑ
1013 764 1396 834 θεολογοῦμεν,
1461 763 2095 829 ἁλλ’,ἀνασκευάζοντες
2145 763 2215 817 τὰ

637 849 873 931 βδελυρὰ
897 861 1168 928 δόγματα,
1200 844 1549 926 κηρύττομέν
1578 857 1674 910 καὶ
1729 857 1962 928 λέγομεν
2016 856 2210 921 οὓτως·

636 950 1081 1019 Πιστεύομενείς
1115 947 1358 1016 Πατέρα,
1416 946 1565 1010 Υῖὸν,
1612 947 1706 1000 καὶ
1761 945 1916 1010 ἅγιον
1965 945 2212 1017 Πνεῦμα,

635 1043 785 1111 τρεῖς
826 1040 1111 1110 ἰδιότητας,
1148 1041 1276 1108 μίαν
1333 1037 1600 1107 Θεότητα,
1659 1039 1808 1108 τρεῖς
1865 1039 2213 1103 ὑποστάσεις,

641 1134 773 1202 μίαν
799 1133 1047 1201 θεότητα,
1083 1131 1210 1200 τρία
1254 1131 1547 1200 πρόσωπα,
1591 1131 1721 1200 μίαν
1779 1129 2028 1200 θεότητα,
2087 1131 2216 1192 μίαν

635 1224 845 1285 οὐσίαν,
884 1225 1013 1292 μίαν
1045 1224 1208 1293 φύσιν
1235 1222 1433 1292 ἁπλῆν,
1492 1225 1638 1292 ἴσην,
1675 1221 1997 1295 ἀδιαίρετον,
2049 1222 2218 1292 ἀσύγ-

637 1330 820 1384 χυτον,
854 1313 1084 1376 ἑνιαίαν,
1117 1311 1324 1382 Τριάδα
1371 1312 1428 1364 ὲν
1479 1311 1693 1380 μονάδι,
1749 1310 1847 1365 καὶ
1908 1312 2112 1381 μονάδα
2155 1314 2216 1365 ὲν

637 1403 827 1472 Τριὰδι
857 1402 1366 1472 προσκυνουμένην,
1397 1403 1493 1456 καὶ
1556 1403 1880 1474 σεϐομένην.
1927 1403 2216 1474 Ἀλλοτρίῳ

637 1497 694 1550 δὲ
719 1497 778 1548 οὐ
817 1495 892 1564 μὴ
918 1493 1388 1563 ἀκολουθήσομεν.
1425 1495 1559 1548 Οὐδὲ
1591 1495 1700 1565 γὰρ
1725 1496 1951 1572 οἴδαμεν
1980 1495 2077 1566 τὴν
2100 1513 2216 1563 φω-

638 1590 735 1660 νὴν
785 1590 892 1640 τῶν
925 1589 1220 1653 ἀλλοτρίων
1250 1589 1570 1644 ἀκολουθεῖν
1603 1607 1618 1621 '
1696 1590 1817 1644 οὐδὲ
1881 1591 1965 1644 σοὶ
2001 1591 2076 1660 τῷ
2123 1591 2217 1663 λῃ-

640 1676 882 1745 στρικῶς
916 1675 1216 1744 ἀλλαχόθεν
1251 1677 1621 1743 ἀναϐαίνοντι,
1653 1679 1747 1732 καὶ
1781 1678 1858 1749 μὴ
1875 1680 1961 1732 διὰ
1987 1680 2087 1750 τῆς
2118 1680 2216 1735 θύ-

641 1784 744 1836 ρας
803 1767 883 1828 εἰς
942 1765 1039 1835 τὴν
1105 1766 1273 1838 αίρλὴν
1327 1769 1692 1840 εἰσερχομένῳ
1751 1771 1868 1824 τῶν.
1903 1772 2215 1843 προϐάτων,

639 1857 796 1913 Οὕτω
818 1857 876 1910 δὲ
911 1858 1373 1928 προσκυνοῦντες,
1405 1858 1548 1915 οὕτω
1592 1861 1932 1930 δοξάζοντες,
1960 1866 2058 1920 καὶ
2077 1865 2218 1920 οὓτω

641 1950 927 2020 σεϐόμενοι
958 1951 1054 2020 τὴν
1089 1951 1218 2020 μίαν
1244 1953 1302 2003 ἐν
1359 1951 1509 2021 τρισὶ
1573 1953 1895 2024 προσώποις
1953 1956 2215 2028 Θεότητα,

638 2043 735 2120 καὶ
758 2043 858 2105 τὰς
884 2043 1220 2110 ἐπαγγελίας
1256 2050 1458 2106 πιστὰς
1498 2046 1718 2116 ἔχομεν,
1753 2046 1982 2116 ὄψεσθαι
2013 2049 2220 2119 ταύτην

636 2133 969 2203 τελεώτερὸν
997 2153 1064 2212 τε,
1092 2137 1187 2188 καὶ
1215 2135 1627 2209 καθαρώτερον,
1659 2137 1756 2192 οὐκ
1791 2141 1852 2192 ὲν
1900 2139 2217 2210 αἰνίγμασι,

636 2227 929 2296 πρόσωπον
956 2227 1012 2280 δὲ
1050 2228 1184 2296 πρὸς
1216 2228 1508 2298 πρόςωπον
1533 2232 1590 2283 ὲν
1627 2232 1813 2304 ἐκείνῃ
1867 2235 1931 2301 τῇ
1966 2234 2221 2306 ἀθανάτῳ

637 2319 906 2392 βασιλείᾳ,
973 2322 1066 2374 καὶ
1104 2321 1402 2374 ἀπολαύσει
1451 2321 1560 2375 τῶν
1645 2323 1892 2391 δικαίων,
1939 2320 2006 2396 ἦς
2043 2327 2220 2396 ὅψεως

639 2413 856 2479 γένοιτο
887 2413 1097 2474 πάντας
1131 2414 1277 2481 ἡμᾶς
1334 2415 1634 2483 ἐπιτυχεῖν,
1690 2416 1786 2470 καὶ
1849 2417 1908 2469 σὲ
1946 2421 2218 2490 μετανοή-

641 2522 838 2568 σαντα,
874 2506 1061 2576 χάριτι
1090 2507 1185 2558 καὶ
1219 2507 1552 2577 οἰκτιρμοῖς,
1576 2509 1673 2561 καὶ
1714 2509 2095 2584 φιλανθρωπίᾳ
2128 2515 2220 2568 τοῦ

636 2599 836 2665 Κυρίου
866 2597 1024 2666 ἡμῶν
1065 2597 1243 2666 Ἰησοῦ
1272 2596 1538 2664 Χριστοῦ,
1568 2617 1612 2667 ῳ
1653 2602 1854 2671 πρέπει
1889 2605 2038 2657 πᾶσα
2067 2605 2215 2670 δόξα,

632 2689 789 2757 τιμὴ,
813 2688 911 2739 καὶ
940 2686 1329 2758 προσκύνησις,
1373 2688 1471 2740 σὺν
1493 2687 1571 2758 τῷ
1598 2689 1820 2760 ἀνάρχῳ
1857 2692 2020 2745 αὐτοῦ
2045 2696 2221 2763 Πατρ)⁹

632 2781 712 2851 τῷ
748 2781 894 2850 μόνῳ
937 2779 1120 2848 αἰτίῳ,
1149 2781 1246 2832 καὶ
1287 2778 1367 2849 τῷ
1426 2780 1702 2851 παναγίῳ,
1737 2782 1834 2835 καὶ
1885 2782 2097 2852 ἀγαθῷ,
2127 2788 2222 2838 καὶ

632 2873 884 2945 ζωογονῷ
900 2873 1062 2927 αὐτοῦ
1083 2872 1218 2924 [ινεύ
1227 2874 1445 2941 parum“;
1463 2873 1962 2944 μιᾷμαὶὰδεαιρέτφ
1976 2876 2219 2946 Θεότητι,

633 2965 1168 3030 νῠνκαὶάεὶ,καὶεῑς
1203 2963 1329 3028 τοὺς
1367 2962 1572 3028 αἰῶνας
1619 2964 1725 3016 τῶν
1753 2965 1985 3020 αἰώνων.
2021 2968 2215 3038 Ἀμήν.

2317 484 2408 538 sed
2439 496 2548 537 non
2591 481 2948 536 obliviscetur
2995 481 3048 534 in
3096 479 3256 536 finem
3305 481 3592 552 pauperis,
3650 497 3904 552 pauperes

2315 576 2460 632 enim
2488 574 2615 630 facti
2639 589 2856 640 sumus,
2875 583 2931 630 et
2951 573 3152 630 divinae
3177 575 3386 644 gratiae,
3410 575 3455 630 si
3480 591 3737 644 usquam
3764 577 3902 642 alias,

2316 676 2534 738 propter
2555 676 2740 722 nostra
2765 674 3008 737 peccata,
3034 666 3224 736 indigi.
3250 667 3391 722 Audi
3420 667 3616 738 itaque
3647 683 3665 722 :
3697 669 3747 724 l.
3778 669 3898 724 Cum

2318 759 2462 814 dicis
2497 757 2731 815 Deitates
2773 759 2986 814 infinite
3015 759 3275 820 infinitas.
3306 775 3433 815 cum
3466 761 3781 826 gentilibus
3802 778 3902 817 om.

2318 850 2478 905 nibus
2511 850 2872 906 consociaris.
2929 849 2987 904 2.
3022 850 3156 905 Cum
3184 850 3343 914 dicis,
3379 851 3518 908 duas
3557 852 3800 909 Deitates
3827 857 3898 910 vi-

2317 941 2530 998 sibilem
2560 951 2614 996 et
2643 941 2997 1010 invisibilem,
3028 943 3581 1011 comprehensibilem
3612 956 3669 1000 et
3700 946 3896 1002 incom-

2319 1033 2742 1103 prehensibilem
2773 1033 2961 1098 Deum,
2990 1035 3044 1095 in
3069 1035 3258 1090 eadem
3285 1051 3407 1089 cum
3430 1035 3670 1092 Platone
3695 1051 3896 1096 senten-

2319 1127 2388 1179 tia
2416 1141 2498 1191 es,
2521 1125 2613 1195 qui
2637 1127 2831 1180 asserit
2851 1127 2990 1182 duos
3009 1127 3166 1194 deos,
3202 1127 3427 1182 fandum
3469 1129 3892 1202 nefandumque,

2315 1216 2586 1272 visibilem
2611 1225 2666 1273 et
2703 1216 3051 1273 invisibile-n.
3076 1219 3130 1273 ὅ.
3158 1217 3290 1274 Cum
3314 1219 3456 1276 dicis
3475 1221 3623 1277 duas
3648 1223 3888 1289 Deitates,

2317 1307 2828 1364 communicabilem
2847 1350 2863 1376 ,
2893 1318 2947 1364 et
2979 1310 3559 1366 incommunicabilem
3584 1355 3600 1380 ,
3629 1314 3686 1368 in
3717 1315 3888 1370 eadem

2318 1415 2442 1454 cum
2475 1398 2789 1456 Manicha-is
2821 1402 3081 1471 Opinione
3104 1417 3186 1468 es,
3221 1402 3317 1474 qui
3347 1403 3486 1460 duas
3518 1404 3778 1475 Deitates,
3807 1407 3886 1463 bo-

2319 1505 2445 1544 nam
2486 1501 2539 1546 et
2587 1492 2785 1547 malam
2835 1491 3149 1549 adstruunt.
3203 1495 3258 1548 4.
3308 1495 3443 1550 Cum
3497 1496 3554 1552 in
3617 1497 3882 1556 Diviuitate

2320 1593 2555 1652 quatuor
2584 1597 2778 1652 ponas,
2806 1581 3046 1646 Patrem,
3081 1581 3300 1648 Filium,
3325 1586 3625 1656 Spiritum,
3647 1602 3699 1644 et
3713 1605 3882 1662 opera-

2324 1674 2550 1738 tionem,
2593 1689 2717 1728 cum
2763 1673 3066 1745 Pythagora
3100 1677 3292 1738 sentis,
3319 1677 3412 1748 qui
3448 1693 3696 1748 quatuor
3731 1681 3875 1738 Deum

2319 1780 2442 1821 esse
2473 1774 2773 1829 asseverat,
2798 1768 3166 1838 enunciatque
3191 1771 3618 1838 quaternionem
3645 1775 3870 1841 perennis

2320 1868 2527 1912 natura:
2558 1859 2784 1914 fontem.
2817 1859 2870 1914 5.
2902 1858 3036 1914 Cum
3069 1860 3152 1914 ais
3179 1861 3457 1922 hominem
3493 1863 3810 1932 increalum,
3830 1878 3871 1923 et

2319 1949 2439 2004 sine
2482 1950 2750 2020 principio
2787 1960 2840 2005 et
2870 1950 2994 2014 fine,
3025 1951 3373 2008 Aristotelem
3404 1969 3520 2024 prae
3552 1967 3606 2011 te
3640 1957 3767 2026 fers,
3799 1959 3870 2028 qui

2321 2040 2586 2093 mundum
2612 2040 2800 2095 statuit
2822 2041 2938 2095 sine
2961 2041 3229 2111 principio
3246 2052 3300 2097 et
3339 2043 3466 2100 line.
3491 2045 3549 2101 6.
3578 2045 3710 2101 Dum
3735 2065 3866 2102 unam

2326 2129 2586 2185 Deitatem
2625 2132 2676 2185 in
2715 2133 3049 2200 superiorem
3082 2143 3136 2189 et
3166 2133 3483 2192 inferiorem
3521 2139 3738 2204 divi-lis,
3767 2155 3866 2195 cum

2331 2220 2608 2275 insensato
2639 2223 2770 2276 Ario
2802 2222 3060 2288 allirmas,
3092 2239 3318 2294 compar
3345 2227 3676 2298 principium
3712 2231 3866 2294 unius,

2324 2313 2660 2382 :equalisque
2713 2314 2953 2381 Deitatis,
2999 2315 3051 2368 in
3104 2317 3357 2384 superius
3405 2319 3737 2391 iuferiusque
3773 2321 3869 2376 dis-

2323 2406 2522 2473 ecrpis.
2552 2405 2768 2464 7.,Cum
2797 2422 2985 2463 omnes
3013 2409 3252 2478 Spiritus
3283 2413 3653 2480 Operationes,
3684 2415 3734 2470 in
3757 2428 3865 2485 ope-

2323 2495 2590 2551 rationem
2631 2496 2963 2564 inferiorem,
3012 2516 3203 2570 nempe
3250 2501 3515 2560 Deitatem
3562 2507 3778 2576 accipis,
3821 2516 3863 2561 et

2327 2587 2590 2658 Spiritum
2635 2591 2977 2659 Operatione,
3029 2607 3179 2661 aeque
3223 2609 3287 2649 ac
3333 2607 3634 2652 creaturam
3682 2597 3860 2668 privas,

2329 2695 2436 2734 non
2485 2681 2753 2736 absimilis
2801 2698 2856 2736 es
2911 2683 3147 2752 Spiritus
3190 2687 3334 2742 hosti
3392 2688 3692 2745 Macedonio
3735 2688 3861 2744 allir-

2327 2773 2520 2839 tnanti,
2548 2775 2959 2830 sanctissimum
2996 2777 3260 2848 Spiritum
3291 2782 3409 2836 sine
3434 2784 3734 2852 operatione
3756 2796 3856 2837 esse

2326 2878 2544 2918 servum
2581 2864 2828 2934 ejusdem
2885 2883 3008 2923 cum
3067 2867 3232 2924 Patre
3283 2881 3340 2926 et
3397 2871 3528 2927 Filio
3584 2874 3856 2929 facultatis.

2329 2954 2384 3010 8.
2426 2955 2561 3008 Cum
2592 2955 2879 3011 dissimilia
2911 2957 2966 3012 itt
3000 2959 3258 3029 simplici,
3293 2977 3413 3026 una,
3437 2977 3496 3018 ac
3524 2964 3630 3016 sola
3662 2965 3859 3018 Deitate

639 3075 660 3108 ι
695 3055 1022 3124 Disceptatio
1050 3054 1332 3125 cujusdam
1365 3055 1466 3137 viri
1499 3055 1720 3119 eruditi,
1753 3067 1807 3109 et
1842 3057 2148 3128 philosophi
2191 3075 2220 3114 e
2247 3075 2292 3137 ε
2325 3047 2628 3102 itttroducls
2655 3087 2671 3114 ,
2708 3048 2923 3104 visibile
2965 3061 3019 3105 et
3062 3053 3354 3117 invisibile,
3386 3054 3850 3122 compreltensibile

634 3149 808 3202 sacris
835 3147 1051 3201 litteris.
1083 3144 1280 3201 Vidisti
1320 3135 1512 3216 pugnae
1542 3163 1606 3203 ac
1633 3149 1996 3204 certaminum
2032 3166 2215 3207 remu-

634 3240 996 3294 nerationem.
1035 3237 1229 3294 Vidisti
1279 3255 1401 3310 quae
1452 3241 1539 3296 hic
1573 3229 1728 3296 fita:
1777 3254 1905 3298 sunt
1957 3258 2021 3298 cx
2057 3244 2214 3299 beata

635 3331 855 3399 Triade,
899 3347 1005 3386 non
1053 3347 1116 3386 ex
1167 3332 1484 3402 operatione
1535 3333 2058 3391 demonstrationes.
2117 3335 2217 3392 Hic

633 3435 718 3481 est
763 3443 960 3482 sensus
1004 3425 1285 3488 Ecclesiae,
1331 3426 1446 3481 btec
1493 3435 1639 3482 recte
1666 3429 2021 3483 sentientium
2057 3429 2214 3497 ﬁdes,

637 3519 1022 3589 Aposmlorum
1076 3519 1427 3589 praedicatio;
1472 3518 1696 3574 Patrum
1739 3521 2024 3590 dogmata,
2069 3538 2216 3575 mar-

638 3621 818 3680 tyrum
859 3610 1067 3672 caedes,
1117 3608 1492 3664 confessurum
1551 3609 1820 3675 facinora,
1867 3605 2213 3667 sacerdOtum

639 3703 826 3765 decor,
861 3709 1252 3768 praeceptorum
1286 3701 1370 3754 de
1396 3700 1504 3755 Deo
1533 3699 1812 3769 scicntia.
1846 3702 2054 3757 Cecidit
2097 3715 2216 3760 tuo-

643 3809 763 3847 rum
797 3794 1110 3859 dogmatum
1137 3791 1380 3854 culmen,
1407 3791 1606 3847 domus
1637 3793 1851 3856 collisa,
1892 3791 2216 3850 fundamen-

640 3899 753 3939 tum
793 3898 1068 3947 eversum,
1123 3897 1282 3951 scpes
1311 3891 1526 3944 exusta,
1562 3883 1728 3937 veluti
1756 3883 1922 3954 cinis,
1959 3893 2014 3940 et
2041 3887 2216 3956 pulvis

639 3987 670 4026 a
696 3971 914 4026 turbine
946 3980 1034 4024 tua
1085 3967 1428 4040 subterfngia
1461 3969 1750 4041 dissipata,
1799 3972 1940 4026 muri
1975 3972 2214 4042 disjecti,

639 4063 1042 4133 propugnacula
1077 4061 1305 4122 abolita.
1360 4062 1717 4133 funditusque
1765 4066 2028 4120 convulsa
2063 4075 2213 4121 sunt.

578 4216 589 4226 ,
637 4154 778 4220 Quid
828 4164 884 4208 tu
929 4155 1244 4210 interimis?
1294 4169 1422 4209 num
1455 4155 1636 4210 verbis
1685 4155 1857 4221 hisce,
1922 4167 1979 4211 et
2017 4157 2216 4212 divinae

641 4246 938 4316 Scriptura;
975 4247 1301 4302 testimoniis
1347 4247 1640 4303 suaderis?
1672 4250 1718 4302 si
1751 4249 2071 4315 suademus,
2107 4250 2214 4305 Deo

639 4337 828 4404 gratiae
874 4336 1138 4390 habendae
1194 4345 1346 4400 sunt,
1398 4337 1491 4404 qui
1541 4337 1861 4405 desperatos
1911 4337 1980 4391 ab
2025 4355 2212 4394 errore

2321 3149 2376 3195 et
2408 3141 2978 3210 incomprcltensibile,
3015 3145 3458 3203 cummuuicahile
3485 3157 3534 3201 et
3563 3147 3850 3202 incommu-

2320 3231 2574 3297 nicabile,
2606 3234 2798 3308 'magis
2847 3245 2902 3290 et
2951 3235 3156 3298 minus.
3206 3239 3407 3295 asseris
3437 3245 3563 3294 'cutn
3603 3239 3850 3292 Eunomio

2321 3339 2489 3377 unum
2525 3322 2743 3381 Triadis
2788 3324 3067 3383 Christum
3121 3328 3413 3386 Dominum
3461 3330 3600 3387 Patri
3639 3331 3842 3401 inaequa-

2323 3415 2447 3468 lem.
2477 3415 2530 3471 9.
2564 3416 2699 3470 Cum
2733 3419 3038 3487 contrahis,
3077 3428 3131 3474 et
3165 3421 3422 3478 decurtas
3475 3423 3526 3478 in
3561 3437 3716 3478 unam
3753 3428 3844 3474 tres

2321 3504 2633 3564 Divinitatis
2654 3525 2936 3579 personas,
2967 3512 3033 3565 ab
3057 3512 3244 3582 eisque
3269 3519 3474 3570 asseris
3497 3514 3848 3586 operationem.

2320 3614 2424 3652 non
2457 3600 2666 3657 alienus
2702 3618 2761 3658 es
2795 3619 2824 3657 a
2871 3603 3104 3660 Sabellio
3131 3606 3225 3674 qui
3274 3617 3384 3661 tres
3417 3607 3610 3673 Patris,
3643 3605 3780 3669 Filii,
3807 3614 3853 3658 et

2320 3687 2558 3759 Spiritus
2589 3696 2762 3747 sancti
2815 3711 3098 3764 personas,
3137 3697 3188 3750 in
3224 3713 3386 3751 unam
3426 3698 3586 3770 impie
3622 3703 3846 3752 coarctat.

2319 3783 2405 3840 10.
2437 3785 2575 3840 Cum
2607 3787 2866 3856 majorem
2907 3793 3278 3859 mitioremque
3331 3791 3618 3854 Dcitatem,
3654 3792 3848 3860 primatu

2317 3863 2382 3930 ac
2405 3877 2700 3932 secundam
2736 3881 3184 3947 profueris,.eum
3217 3883 3254 3934 A
3267 3883 3556 3950 pollinario
3575 3898 3650 3947 es,
3682 3880 3761 3950 qui
3787 3879 3852 3930 itt-

2318 3967 2627 4033 confusam,
2663 3977 2824 4038 atque
2857 3971 3322 4040 incorruptibileut
3349 3982 3638 4038 ,‘naturam,
3675 3974 3721 4025 in
3760 3968 3848 4038 pri-

2320 4072 2490 4122 mam,
2521 4068 2575 4112 et
2604 4062 2927 4127 secundant,
2949 4071 3002 4115 et
3027 4063 3238 4116 tertiam
3267 4079 3581 4133 personam,
3605 4065 3847 4134 majorem,

2319 4151 2613 4215 minorem,
2646 4162 2699 4206 et
2743 4154 2921 4208 adhuc
2959 4155 3224 4210 minoem
3271 4157 3590 4215 subdividit.
3627 4157 3704 4210 Η.
3739 4156 3848 4208 Cum

2319 4239 2484 4296 Deum
2517 4257 2583 4297 ex
2617 4244 2908 4303 contrariis
2939 4245 3268 4314 quibusdam
3305 4247 3614 4302 visibilibus
3653 4254 3702 4299 ct
3735 4241 3851 4296 imi-

2323 4333 2601 4397 sibilibus,
2631 4335 3214 4403 comprt-ltcnsibilibus
3237 4347 3290 4392 et
3321 4329 3856 4408 incomprehensibili-

575 4497 578 4500 ἢ
640 4427 930 4488 convertit,
970 4436 1025 4480 et
1075 4442 1183 4479 non
1213 4425 1327 4478 vult
1372 4437 1601 4481 mortem
1651 4428 1972 4494 peccatoris,
2020 4431 2114 4484 sed
2157 4441 2214 4486 ut
2245 4422 2292 4481 D
2321 4423 2442 4484 bus.
2477 4440 2680 4478 conum
2703 4427 3028 4482 n.canilibus
3054 4436 3108 4483 et
3139 4429 3756 4486 incommunicabilibus,
3780 4437 3856 4476 ευ·

641 4525 1012 4576 convertatur,
1047 4523 1101 4566 et
1140 4514 1322 4567 vivat:
1359 4518 1402 4569 si
1447 4529 1554 4568 non
1605 4517 1878 4581 suaderis,
1932 4530 2080 4574 tuum
2111 4521 2215 4574 crit

639 4607 824 4660 animo
854 4604 1095 4667 volvere,
1154 4602 1207 4656 in
1251 4613 1405 4672 quot,
1438 4615 1491 4657 ct
1541 4615 1773 4672 quantas
1806 4607 2038 4663 hmrcscs
2081 4609 2213 4664 inci-

638 4703 757 4771 das,
784 4697 878 4766 qui
906 4695 1199 4750 animabus
1228 4705 1280 4748 ct
1313 4694 1405 4748 Dei
1441 4694 1694 4750 Ecclesia:
1740 4713 1973 4764 praeesse
2004 4698 2216 4754 institu-

640 4805 729 4844 tus
776 4806 871 4854 es,
911 4789 1159 4859 judiciis,
1208 4803 1329 4857 qua-
1392 4788 1681 4842 intll'abilis
1731 4789 1818 4844 ille
1853 4792 2039 4858 novit,
2092 4791 2214 4848 licet

640 4892 860 4950 propter
905 4881 1050 4936 illitis
1100 4881 1320 4933 nimiam
1359 4881 1728 4943 tolerantiam,
1778 4881 2047 4948 Ecclesia,
2096 4883 2216 4938 ani-

637 4988 850 5041 maeque
876 4973 973 5025 tibi
1005 4972 1334 5026 concredita:
1363 4987 1468 5024 non
1499 4971 1630 5026 sint.
1663 4971 1864 5027 Omnes
1894 4974 2075 5041 itaque
2105 4975 2214 5028 ha:-

639 5078 790 5117 rcses
818 5079 908 5120 ner
940 5072 1159 5118 sanctos
1191 5061 1377 5117 Patres
1407 5062 1570 5116 morti
1597 5061 1828 5126 traditae,
1864 5064 2210 5133 abolitceque,

640 5157 784 5210 sicca
825 5170 953 5208 ossa
1000 5155 1220 5208 reddita:
1257 5164 1406 5220 sunt,
1451 5155 1660 5225 absque
1694 5155 1974 5218 carnibus,
2008 5158 2214 5223 nervis,

639 5247 960 5314 reliquaque
1001 5260 1284 5314 compage,
1321 5261 1447 5300 ecce
1484 5257 1537 5299 tu
1583 5245 1697 5315 ipse
1728 5248 2084 5316 regeneratis,
2127 5249 2212 5301 in-

639 5337 1007 5406 stauratisque
1073 5337 1258 5390 stultis
1315 5339 1424 5391 tuis
1476 5337 1847 5408 dogmatibus,
1906 5341 2207 5410 Spiritum,

639 5445 899 5493 carnem,
951 5439 1114 5498 atque
1163 5429 1538 5499 compagiucm
1596 5431 1952 5500 impertiens,
2002 5432 2210 5498 vivrns,

641 5528 976 5589 animatum,
1030 5531 1082 5577 ct
1140 5535 1198 5576 se
1249 5510 1473 5576 movens
1525 5539 1727 5594 corpus
1777 5523 2058 5580 cﬂ'ecisti:
2117 5541 2215 5594 pro

641 5619 824 5671 anima
887 5607 1113 5671 deordm
1166 5613 1570 5668 multitudinem
1629 5617 1876 5682 habens,
1928 5625 1981 5670 et
2037 5617 2212 5687 ignettt

641 5712 900 5764 adversus
929 5707 1020 5775 Dei
1045 5705 1340 5763 Ecclesiam
1362 5705 1598 5775 spirans,
1623 5706 1778 5776 cujus
1798 5707 2211 5764 fundamentum

2318 4517 2622 4584 pcrioribus
2673 4527 2726 4571 et
2765 4519 3118 4574 inferioribus
3177 4523 3488 4590 componis.
3549 4536 3666 4575 cum
3711 4512 3854 4568 Paulo

2319 4609 2680 4663 Samosateno
2727 4612 3021 4674 convenis,
3068 4611 3233 4666 Deum
3281 4615 3644 4683 compositum
3702 4615 3858 4659 astru«

2320 4711 2464 4751 cute.
2505 4697 2590 4751 12.
2629 4698 2763 4753 Cum
2797 4701 2879 4754 ais
2914 4699 3004 4753 Dei
3041 4700 3338 4755 Ecclesiam
3375 4703 3426 4755 itt
3470 4701 3667 4756 Christi
3697 4698 3857 4750 lucar-

2321 4789 2542 4844 ttalionc
2588 4793 2884 4860 perfectam
2926 4809 3105 4847 rerum
3154 4790 3584 4864 thenlOgicarum
3624 4788 3859 4860 cognitio-

2321 4896 2442 4933 nem
2477 4897 2580 4934 nou
2625 4882 2903 4948 habuisse,
2929 4883 3022 4937 sed
3063 4901 3206 4939 nut.c
3231 4888 3576 4955 postmodum
3599 4897 3683 4938 tua
3703 4887 3859 4937 aetate.

2321 4986 2444 5024 cum
2480 4971 2688 5026 Manete
2720 4978 3049 5040 cottcordas,
3081 4977 3322 5043 seipsum
3353 4977 3684 5032 Paraeletum
3730 4982 3859 5024 asse-

2321 5071 2472 5116 rente
2501 5079 2514 5128 ;
2546 5065 2747 5116 ctenim
2797 5065 2840 5118 si
2879 5063 3098 5118 Christo
3135 5067 3420 5121 iucarnato
3465 5057 3559 5138 per
3597 5080 3714 5120 eum
3761 5072 3861 5129 pc!“-

2321 5147 2458 5206 fecte
2497 5152 2793 5222 theologica
2838 5170 2944 5208 non
2988 5172 3180 5211 sumus
3224 5159 3483 5223 assecuti,
3531 5159 3624 5214 sed
3659 5167 3742 5210 tuo
3774 5151 3861 5202 hoc

2319 5257 2456 5308 arvo,
2498 5243 2849 5299 manifestum
2895 5255 3120 5316 apparet
3153 5263 3319 5301 unum
3355 5241 3635 5304 Trinitatis
3666 5260 3714 5300 te
3736 5256 3858 5304 esset

2318 5335 2654 5391 Paraeletum
2679 5337 2912 5402 scilicet,
2927 5347 2981 5391 et
3001 5353 3122 5408 quae
3143 5341 3365 5394 deerant
3387 5339 3523 5396 Filio
3542 5337 3860 5408 adimplesse.

2321 5429 2406 5483 15.
2430 5429 2564 5483 Cum
2589 5429 2863 5483 hominem
2893 5430 3193 5484 increatum
3219 5447 3341 5486 esse
3365 5433 3667 5493 contendis,
3695 5427 3859 5481 eadem

2317 5536 2435 5591 quae
2463 5529 2514 5575 et
2551 5519 2918 5575 Mountltelita:
2959 5523 3097 5576 dicis
3128 5541 3141 5576 :
3192 5523 3464 5592 siquidem
3494 5525 3539 5579 si
3587 5523 3741 5575 homo
3791 5520 3861 5565 iu-

2319 5624 2537 5668 creattts
2570 5625 2676 5679 est,
2707 5623 2760 5667 et
2785 5630 2916 5668 caro
2944 5615 3161 5668 Domini
3202 5617 3470 5682 iucreata,
3505 5628 3556 5672 ct
3586 5607 3861 5668 secundum

2321 5713 2616 5774 utrumque
2658 5705 2961 5774 iucreatus,
3011 5716 3065 5763 et
3119 5707 3330 5777 eadem,
3387 5720 3440 5766 et
3477 5724 3579 5765 una
3615 5704 3862 5761 voluntas.
