4108 6316
314 287 430 353 ΣΠ)
839 327 890 349 ρ

1479 292 1522 350 G
1537 291 1802 351 ΠᾹΞΩΟΒ
1814 290 1924 350 UM
1957 290 2337 352 SENTENTI
2352 291 2434 350 [Ε.

3476 289 3581 352 8ῗο

318 409 408 461 lt.
443 406 496 460 lo
529 420 594 458 eo
625 419 754 459 sane
782 404 1136 460 concorditer
1162 405 1420 473 congruis
1446 420 1567 460 cum
1603 404 1900 474 Monoiihy-
1931 409 1975 465 Α
2006 413 2058 458 ta
2092 409 2427 466 refellentes,
2485 405 2628 458 hunc
2661 402 2713 457 in
2740 403 2960 458 modum
2985 402 3360 472 prredieamus.
3389 403 3483 457 sed
3529 412 3584 457 et

319 500 480 562 sitis;
517 512 641 550 nam
691 497 736 550 si
787 497 946 550 homo
981 497 1278 560 increatus,
1313 506 1365 549 et
1416 497 1678 552 Dominus
1725 497 1891 552 veluti
1946 548 1950 552 .

324 589 490 642 homo
547 587 858 648 inercatus,
928 594 981 640 et
1045 583 1189 640 Deus
1255 586 1531 641 inrreatus
1595 588 1894 641 secundum

325 688 620 746 utrumque
672 679 832 732 unius
894 685 1102 730 natura:
1137 677 1410 732 increataa.
1452 675 1630 731 15.1o
1686 678 1789 733 hoc
1831 679 1897 733 ad

327 769 650 824 sententiam
689 765 1214 833 Theoraschitarum
1247 767 1502 832 act-edis;
1550 783 1675 821 nam
1727 771 1771 823 si
1818 770 1898 822 in-

331 871 547 916 creatus
576 859 844 912 Dominus
876 867 936 912 ut
968 861 1150 922 homo,
1182 869 1233 912 et
1274 875 1378 912 una
1411 867 1604 912 natura
1633 859 1686 913 in
1718 875 1783 914 eo
1815 861 1900 913 itt-

331 960 530 1014 creata,
573 951 687 1019 ipsa
741 959 933 1004 natura
972 949 1212 1004 increata
1253 949 1309 1004 in
1365 966 1528 1004 cruce
1579 964 1738 1016 passa
1795 960 1899 1005 est.

245 1077 264 1094 ς
333 1042 418 1096 16.
455 1040 524 1095 Es
558 1049 611 1093 et
633 1041 684 1093 iu
711 1040 1324 1110 Aphthartodocitarum
1355 1041 1544 1096 haeresi
1574 1057 1591 1106 ;
1619 1042 1823 1094 etenim
1854 1042 1901 1096 si

326 1134 514 1187 eadem
548 1143 764 1197 natura,
799 1141 854 1186 et
905 1148 1009 1186 una
1047 1132 1101 1184 in
1143 1131 1367 1185 Domino
1409 1130 1682 1195 increata,
1720 1141 1774 1185 et
1818 1131 1905 1184 in-

329 1228 702 1298 corruptibilis
734 1229 786 1282 in
818 1229 1072 1297 passione
1112 1235 1166 1280 et
1193 1241 1375 1281 cruce.
1412 1226 1501 1280 l7.
1531 1225 1716 1295 Neque
1743 1225 1796 1279 in
1841 1240 1907 1280 eo

330 1321 519 1376 dill’ers
564 1321 632 1374 ab
679 1317 1069 1384 lcouoclastis;
1125 1334 1251 1373 nam
1287 1320 1331 1373 si
1379 1318 1655 1394 increatus
1692 1328 1776 1373 est
1803 1318 1908 1372 Do—

333 1413 539 1473 minus,
576 1420 636 1466 ut
666 1412 849 1477 homo,
875 1420 926 1465 et
953 1411 1483 1479 incircumscriptus,
1513 1419 1908 1480 proptereaque

341 1518 439 1572 per
478 1512 528 1556 te
564 1517 742 1572 neque
788 1501 1023 1570 imagine
1067 1500 1454 1570 exprimendus
1478 1511 1584 1564 est,
1615 1501 1717 1556 hoc
1750 1517 1912 1556 vene-

333 1594 626 1648 randarum
681 1593 982 1663 imaginum
1039 1593 1246 1648 cultum
1303 1593 1564 1649 destruis.
1612 1593 1701 1648 i8.
1755 1593 1911 1649 Facis

333 1701 458 1741 cum
511 1686 854 1742 Massalianis
901 1688 954 1741 in
987 1688 1186 1756 seipsis
1219 1686 1534 1742 universam
1584 1685 1677 1742 Dei
1724 1701 1912 1743 essen-

1974 495 2334 566 .prolitemur.
2359 495 2644 551 Credimus
2665 496 2718 548 in
2741 494 2979 555 Patrem,
3000 492 3220 562 Filium,
3245 507 3294 546 et
3319 493 3429 562 Spi;
3447 496 3579 548 itum

2001 596 2276 653 sanctum,
2309 597 2420 643 tres
2444 589 2822 657 proprietates,
2858 601 3022 639 unam
3073 587 3339 640 Deitatem
3371 601 3387 650 ;
3475 595 3581 638 tres

2001 679 2346 751 bypostases,
2381 696 2543 734 unam
2583 679 2888 743 Deitatem;
2933 689 3042 733 tres
3073 692 3357 747 personas,
3417 693 3580 730 unam

2001 770 2286 832 Deitatcm.
2323 787 2484 825 unam
2521 772 2840 836 essentiam,
2875 787 3038 825 uuam
3065 779 3341 834 naturam,
3365 768 3577 834 simpli-

2004 877 2144 924 cem,
2176 863 2470 932 aequalem,
2531 863 2846 928 indivisam,
2897 859 3263 925 ineonl‘usam,
3336 859 3580 920 unicam,

2003 952 2322 1008 Trinitatem
2359 955 2413 1008 in
2448 956 2679 1019 unitate,
2723 966 2778 1009 ct
2798 955 3054 1008 unitatem
3090 953 3142 1007 iu
3169 951 3436 1006 Trinitate
3456 951 3586 1004 ado-

2005 1051 2204 1110 ratam,
2232 1055 2286 1098 et
2311 1045 2536 1099 cultam.
2560 1046 2751 1100 Alieno
2779 1060 2910 1099 vero
2937 1060 3041 1098 non
3062 1045 3305 1098 animum
3326 1043 3569 1097 intende-

2005 1151 2128 1190 mus
2157 1158 2173 1209 ;
2211 1153 2384 1208 neque
2404 1138 2547 1192 enim
2580 1153 2767 1191 vocem
2797 1138 3096 1192 alienorum
3125 1139 3278 1206 sequi
3305 1138 3581 1202 novimus;

2008 1244 2188 1302 neque
2225 1241 2297 1295 te,
2331 1232 2423 1300 qui
2480 1229 2796 1298 pra‘douum
2829 1229 3002 1284 instar
3031 1227 3250 1282 aliunde
3272 1228 3584 1293 intruderis,

2003 1335 2059 1381 et
2089 1339 2196 1379 non
2231 1339 2325 1392 per
2356 1332 2571 1391 portam
2614 1320 2668 1374 iu
2707 1319 2891 1373 ovium
2923 1319 3135 1372 caulam
3158 1318 3584 1388 ingrederis.Sic

2007 1430 2172 1486 porro
2214 1413 2526 1473 adorantes.
2584 1411 2664 1466 sic
2710 1420 2980 1476 tenentes,
3031 1418 3085 1465 et
3137 1411 3217 1465 s'c
3267 1417 3588 1464 venerantes

2011 1506 2226 1561 unicam
2266 1504 2324 1558 in
2359 1503 2529 1560 tribus
2546 1500 2796 1572 personis
2817 1500 3107 1562 Deitatem,
3127 1501 3416 1569 promissis
3468 1516 3590 1554 cer-

2010 1599 2082 1654 tis
2110 1597 2555 1660 constabilimur,
2587 1609 2706 1649 eam
2740 1608 2844 1650 nos
2903 1591 3217 1661 perfectius,
3282 1601 3336 1645 et
3393 1591 3588 1662 purius
3673 1608 3680 1618 ·

2011 1690 2250 1752 visuros,
2278 1702 2386 1742 non
2419 1687 2474 1740 iu
2506 1684 2816 1756 anigmate,
2843 1683 2936 1737 sed
2980 1681 3119 1736 facie
3149 1681 3214 1735 ad
3244 1679 3464 1738 faciem.
3529 1680 3584 1733 in

333 1778 464 1832 tiam
494 1778 696 1833 habere
717 1777 1162 1844 clamitantibus;
1194 1778 1416 1842 etenim,
1449 1779 1494 1832 si
1531 1778 1805 1833 inereatus
1829 1789 1910 1833 est
1938 1756 1985 1817 Β
2013 1781 2107 1837 illo
2137 1778 2430 1835 immortali
2468 1791 2657 1847 regno,
2689 1786 2743 1830 et
2761 1775 3036 1844 justorum
3073 1773 3328 1827 lruitione
3375 1789 3391 1827 :
3430 1771 3586 1842 cujus

335 1869 502 1923 homo
528 1879 580 1922 et
609 1884 952 1938 qumcunque
1005 1870 1241 1923 divinam
1273 1879 1524 1924 naturam
1563 1884 1908 1939 consequun-

337 1969 448 2024 tur,
485 1962 666 2014 omnia
704 1976 798 2029 per
837 1960 1070 2028 gratiam
1123 1961 1364 2016 increato
1400 1961 1698 2024 accedunt,
1748 1962 1808 2015 ﬁt
1856 1969 1912 2016 et

336 2067 434 2123 per
464 2062 513 2108 te
546 2055 781 2107 essentia
818 2053 932 2107 Dei.
966 2053 1050 2108 l9.
1088 2053 1222 2108 Cum
1266 2054 1319 2107 in
1357 2053 1567 2109 Deitate
1600 2053 1740 2110 duas
1785 2068 1913 2109 cau-

337 2159 450 2208 sas,
489 2152 541 2198 et
574 2144 682 2198 duo
708 2145 970 2214 principia
1001 2143 1280 2209 adstruas,
1323 2159 1544 2197 causam
1591 2144 1812 2215 quidem
1859 2150 1913 2198 et

341 2236 630 2308 pricipium
666 2234 814 2298 Filii,
844 2245 898 2288 et
925 2233 1161 2304 Spiritus
1202 2233 1442 2296 Patrem,
1491 2235 1591 2288 tria
1624 2248 1752 2288 vero
1782 2247 1914 2287 cau-

339 2341 454 2382 sam
503 2334 558 2379 et
615 2324 948 2394 principium
990 2324 1351 2392 operationis,
1406 2339 1514 2376 non
1572 2323 1834 2378 abhorres
1883 2338 1914 2378 a

340 2416 572 2480 Latinis,
606 2416 659 2469 in
700 2414 994 2470 Divinitate
1019 2415 1156 2468 duas
1183 2429 1402 2479 causas,
1431 2423 1483 2468 et
1511 2415 1619 2468 duo
1651 2415 1916 2485 principia

343 2505 708 2576 ponentibus;
759 2520 923 2558 unam
974 2518 1195 2558 causam
1240 2501 1396 2566 Filii,
1447 2513 1502 2558 et
1542 2496 1778 2573 Spiritus
1821 2504 1920 2558 P31

343 2605 504 2657 trem,
533 2602 588 2647 et
623 2592 784 2646 aliam
817 2607 1039 2647 causam
1072 2591 1308 2661 Spiritus
1339 2591 1580 2656 Patrem,
1611 2602 1664 2646 et
1695 2591 1916 2660 Filium,

342 2698 566 2738 causam
604 2691 658 2737 et
704 2682 1060 2753 principium,
1093 2681 1333 2744 Patrem,
1368 2665 1588 2736 causam
1622 2690 1676 2737 et
1722 2683 1920 2752 princi-

344 2780 490 2848 pium
547 2777 758 2832 Patrem
816 2791 870 2832 et
915 2776 1132 2832 Filium.
1196 2775 1320 2831 Haec
1375 2776 1558 2847 itaque
1589 2777 1771 2844 '_veluli
1821 2777 1921 2832 do-

342 2880 521 2943 gmata
553 2878 832 2933 astruens,
881 2879 935 2923 et
974 2871 1150 2938 palam
1197 2867 1433 2923 edocens
1483 2869 1574 2923 Dei
1626 2869 1921 2924 Ecclesiam

345 2960 632 3029 perturbas
693 2959 954 3028 paciﬁcus
999 2958 1192 3028 praesul
1237 2967 1288 3012 et
1327 2957 1535 3027 paciﬁci
1575 2959 1923 3014 auditorne-

347 3062 650 3105 rttmlameu
669 3051 910 3106 funditus
928 3065 1031 3104 non
1049 3057 1282 3104 evertes.
1307 3046 1438 3103 Fide
1451 3049 1593 3103 enim
1615 3051 1809 3118 dignus
1821 3060 1924 3112 est,

346 3145 436 3214 qui
457 3142 731 3213 promisit,
755 3159 933 3212 neque
951 3152 1131 3212 portas
1150 3140 1309 3196 inleri
1334 3141 1710 3210 praevalituras
1735 3141 1926 3195 adver-

348 3252 443 3291 sus
470 3250 613 3297 eam,
647 3248 818 3302 neque
842 3234 1212 3287 lneretieorum
1240 3246 1336 3286 ora
1360 3227 1657 3296 eﬂraenat'a.
1687 3231 1763 3286 Ne
1781 3231 1927 3287 exal—

349 3327 601 3383 tenturiu
623 3325 955 3391 semetipsis,
986 3325 1078 3392 qui
1106 3334 1449 3392 exasperant.
1480 3325 1730 3379 Aliorum
1764 3325 1928 3378 infor-

351 3418 496 3472 tunis
509 3417 738 3480 discant,
755 3424 1090 3480 necatortctn
1106 3417 1350 3480 subeant,
1369 3416 1570 3470 dictum
1589 3416 1927 3488 estGregorii

351 3505 636 3576 Theologi;
660 3520 835 3575 neque
849 3504 990 3559 enim
1007 3518 1187 3559 moras
1200 3506 1433 3575 ponetad
1448 3507 1930 3566 abseindendahm—

354 3600 644 3673 reticoruin
673 3599 873 3668 capita,
910 3596 1181 3651 Ecclesias
1204 3595 1298 3659 Dei
1330 3598 1842 3665 interturbantium,
1875 3611 1931 3656 et

357 3708 516 3744 unam
537 3691 798 3745 Deitatem
823 3689 876 3744 itt
903 3689 1037 3745 duas
1060 3687 1437 3753 diridentium,
1455 3689 1694 3746 abscissa
1715 3691 1894 3748 Deitas
1909 3732 1928 3756 ,

356 3781 700 3850 pessimeque
721 3780 890 3835 divisa
916 3779 968 3833 in
996 3778 1248 3848 majuset
1275 3781 1472 3844 minus,
1494 3779 1706 3835 visibile
1721 3790 1774 3836 et
1790 3782 1930 3836 invi-

303 3884 306 3886 ‘
357 3873 548 3936 sibile,
605 3869 1060 3926 communicabile
1109 3878 1161 3923 et
1200 3868 1734 3924 incommunicabile.
1781 3869 1930 3926 Licet

358 3967 499 4020 enim
539 3974 758 4036 prOpter
788 3963 1098 4030 iniquitates
1127 3969 1340 4014 nostras
1372 3961 1670 4024 tradantur,
1700 3975 1932 4028 namque

362 4055 818 4125 quemadmodum
850 4055 1012 4107 rebus
1053 4050 1296 4107 etiamin
1332 4049 1456 4103 aliis
1499 4049 1679 4103 traditi
1721 4064 1931 4116 sumus,

364 4148 716 4203 nihilominus
741 4143 924 4198 nonad
944 4145 1098 4196 ﬁnem
1129 4156 1299 4210 usque
1323 4154 1457 4194 nova
1486 4139 1614 4193 Sion
1634 4140 1932 4205 deseretur,

365 4238 568 4293 Christi
599 4252 818 4305 sponsi,
848 4235 939 4289 Dei
965 4231 1391 4295 Ecclesia,illius
1419 4231 1684 4299 sanguine
1715 4232 1934 4286 rubefa-

369 4341 478 4392 cta,
509 4340 562 4383 et
592 4337 950 4396 expurgatazt
994 4323 1134 4378 Ecce
1169 4324 1345 4394 enim,
1375 4328 1472 4392 ait,
1491 4339 1592 4393 ego
1627 4323 1826 4379 tradidi
1859 4335 1932 4386 te,

2012 1871 2241 1928 visionis
2270 1869 2476 1924 utinam
2509 1867 2610 1938 ipsi
2649 1861 2941 1939 participes
2965 1864 3283 1929 eﬂiciamor,
3312 1871 3364 1917 et
3387 1871 3437 1917 te
3481 1863 3583 1916 ali-

2012 1965 2231 2036 quando
2261 1963 2544 2034 ptenitcat,
2572 1960 2765 2030 gratia,
2795 1967 2848 2014 et
2875 1956 3268 2014 misericordia.
3301 1963 3354 2009 et
3381 1955 3545 2008 huma
3567 1984 3580 1994 -

2014 2057 2183 2111 nitate
2213 2054 2422 2109 Domini
2449 2052 2615 2107 nostri
2675 2049 2803 2106 Jesu
2843 2049 3068 2110 Christi,
3104 2047 3190 2102 cui
3216 2047 3440 2102 addecet
3468 2062 3587 2098 om-

2015 2147 2100 2203 nis
2135 2146 2327 2216 gloria,
2360 2145 2553 2207 honor,
2578 2153 2632 2198 et
2658 2143 2925 2207 adoratio,
2981 2157 3104 2196 cum
3169 2139 3410 2205 ejusdem
3465 2136 3586 2192 sine

2014 2239 2281 2308 principio
2313 2235 2497 2300 Patre,
2528 2234 2643 2289 sola
2676 2241 2923 2295 causa,et
2958 2233 3332 2298 sanctissimo,
3361 2238 3414 2284 et
3469 2231 3574 2284 ho-

2016 2346 2108 2395 no,
2133 2339 2186 2386 et
2215 2329 2430 2384 viviﬁco
2457 2327 2601 2382 illius
2623 2327 2853 2395 Spiritu,
2875 2325 2966 2378 uni
2997 2333 3050 2379 et
3075 2325 3320 2380 inllivisae
3357 2326 3580 2391 Deitati,

2018 2439 2189 2490 nunc,
2224 2431 2278 2478 et
2309 2436 2546 2490 semper,
2581 2429 2631 2474 et
2668 2420 2719 2472 in
2751 2419 2947 2472 smcula
2974 2417 3317 2473 saeculorum.
3351 2417 3580 2474 Amen.»

2017 2513 2169 2569 Alter
2201 2522 2330 2567 est:
2399 2511 2462 2564 'H
2495 2510 2594 2580 μὲν
2647 2509 2800 2579 παρὰ
2833 2507 2926 2560 τοῦ
2958 2508 3161 2578 Κυρίου
3217 2509 3376 2576 ἡμῶν
3417 2509 3592 2574 Ἰησοῦ

2017 2604 2276 2675 Χριστοῦ,
2310 2604 2402 2657 καὶ
2433 2601 2538 2654 τῶν
2571 2601 2742 2668 ἁγίων
2782 2598 3061 2669 μαθητῶν,
3125 2599 3222 2652 καὶ
3275 2599 3591 2652 ἀποστόλων

2019 2695 2208 2760 αὑτοῦ,
2241 2693 2334 2748 καὶ
2354 2693 2462 2745 τῶν
2489 2692 2650 2763 ἱερῶν
2675 2689 2996 2760 προφητῶν,
3020 2690 3114 2742 καὶ
3141 2689 3249 2742 τῶν
3274 2689 3435 2743 θείων
3463 2708 3592 2744 συν-

2021 2785 2176 2846 όδων,
2210 2786 2304 2837 καὶ
2330 2784 2549 2836 πάντων
2578 2781 2686 2834 τῶν
2722 2780 2998 2850 θεοφόρων
3027 2779 3304 2849 Πατέραυν,
3336 2783 3427 2832 καὶ
3451 2781 3596 2834 διδαο

2025 2875 2240 2928 σκάλων
2275 2873 2645 2944 παραδοθεῖσα
2675 2871 2863 2934 πίστις
2899 2873 3034 2940 ἡμῖν
3063 2871 3156 2923 καὶ
3193 2871 3444 2924 εὐσέϐεια
3484 2873 3592 2924 πᾶ-

2026 2967 2109 3020 σίν
2133 2969 2250 3021 ἐστι
2279 2966 2543 3038 πρόδηλος
2565 2967 2662 3019 καὶ
2679 2965 2888 3034 φανερὰ
2914 2966 3028 3024 τοῖς
3056 2961 3376 3032 μετέχουσιν
3400 2963 3590 3030 αὺτῖς.

2028 3059 2445 3129 Πανταχοῦλγὰρ
2479 3057 2820 3127 ὁμολογεῖται
2861 3051 2940 3118 εἷς
2973 3055 3106 3120 Θεὸς
3136 3055 3594 3118 τρισυπόστατοτ,

2028 3152 2122 3204 καὶ
2149 3126 2378 3220 ποιητὴς
2407 3133 2616 3218 ὁρατῶν
2651 3163 2708 3199 τε
2744 3145 2963 3200 πάντων
2999 3145 3090 3197 καὶ
3122 3145 3388 3212 ἀοράτων,
3423 3146 3497 3206 ὡς
3538 3147 3596 3196 ἐν

2025 3242 2104 3311 τῷ
2131 3243 2269 3311 ἁγίῳ
2302 3240 2402 3309 τῆς
2435 3239 2670 3301 πίστεως
2707 3236 2962 3307 συμϐόλῳ
2989 3236 3359 3304 ὁμολογεῖται.
3381 3238 3594 3307 Πατὴρ,

2028 3333 2177 3398 Υἱὸς,
2217 3331 2313 3384 καί
2338 3329 2563 3399 Πνεῦμα
2596 3329 2772 3396 ἅγιον,
2793 3329 2942 3395 τρεῖς
2974 3327 3319 3391 ὑποστάσεις,
3349 3327 3450 3394 μία
3473 3327 3596 3380 θεό⁴

2027 3443 2123 3495 της
2157 3423 2325 3493 ἁπλῆ.
2368 3421 2619 3490 ἀόρατος,
2674 3417 2932 3480 ἀνείδεος,
2969 3417 3399 3484 ἀσχημάτιστος,
3459 3417 3597 3480 ἁμέ-

2033 3531 2234 3588 ριστος,
2290 3513 2617 3582 ἀδιαίρετος,
2683 3506 2958 3577 πανταχοῦ
3021 3523 3080 3558 τε
3129 3505 3379 3574 παροῦσα
3407 3506 3499 3559 καὶ
3529 3509 3595 3556 τὰ

2031 3608 2208 3660 πάντα
2235 3602 2544 3674 πληροῦσα,
2591 3600 2683 3654 καὶ
2713 3600 2891 3652 πάντα
2917 3597 3238 3667 ἐνεργοῦσι.
3287 3598 3363 3651 Οὐ
3397 3599 3593 3668 μικρὸν

2029 3699 2088 3751 ὲν
2120 3696 2305 3766 ἐκείνῃ
2344 3695 2436 3748 καὶ
2470 3693 2634 3763 μέγα,
2663 3692 2783 3745 οὐδὲ
2825 3692 3079 3758 ἀνισότης
3116 3692 3207 3742 καὶ
3248 3691 3596 3759 ἀνομοιότης,

2031 3789 2166 3842 ἀλλὰ
2199 3789 2348 3841 πᾶσα
2383 3784 2563 3854 ἰσότης
2593 3785 2687 3837 καὶ
2734 3785 3010 3852 ὁμοιότης.
3040 3781 3191 3850 Αὕτη
3211 3779 3303 3834 οῦν
3333 3782 3366 3852 ἠ
3415 3781 3596 3844 πίστις

2030 3881 2128 3949 τῆς
2157 3879 2320 3946 ἁγίας
2345 3878 2437 3928 τοῦ
2476 3873 2611 3928 Θεοῦ
2644 3873 2942 3942 καθολικῆς
2971 3875 3065 3926 καὶ
3095 3874 3460 3939 ἀποστολικῆς
3482 3874 3602 3924 Ἐκ-

2034 3969 2263 4039 κληοίας
2301 3967 2386 4018 διὰ
2419 3967 2517 4035 μὲν
2554 3965 2614 4017 τὸ
2643 3965 3072 4034 τρισυπόστατον
3121 3967 3218 4031 τῆς
3257 3964 3509 4032 θεότητος
3541 3964 3602 4015 τὸ

2036 4060 2292 4130 φρόνημα
2321 4058 2429 4110 τῶν
2482 4058 2750 4110 Ἰουδαίων
2784 4055 3103 4119 κατέϐαλεν,
3134 4056 3329 4119 οἵτινες
3375 4073 3602 4108 πιστευ-

2035 4167 2153 4206 ουσι
2176 4152 2272 4203 καὶ
2289 4148 2609 4217 ὁμολογοῦσι
2639 4147 2792 4209 Θεὸν,
2823 4147 2882 4198 οὺ
2915 4145 3345 4214 τρισυπόστατον
3361 4147 3437 4209 δὲ,
3465 4145 3602 4198 ἀλλὰ

2040 4243 2481 4315 μονοπρόσωπον·
2510 4241 2598 4292 διὰ
2621 4238 2678 4292 δὲ
2701 4238 2760 4292 τὸ
2783 4237 3068 4308 μοναδικὺν
3097 4239 3264 4304 αὐτῆς
3287 4239 3380 4292 καὶ
3405 4239 3602 4308 ἀμέρι-

2041 4353 2164 4389 στον
2189 4336 2287 4404 τὴν
2320 4332 2428 4386 τῶν
2467 4331 2736 4400 Ἑλλήνων
2769 4327 3060 4383 πολυθεῖαν
3080 4329 3353 4399 ἀπήλασε,
3391 4333 3484 4384 καὶ
3506 4335 3603 4400 τὴν

369 4433 422 4477 et
445 4437 543 4491 ego
572 4435 727 4486 opem
767 4417 933 4474 feram
965 4419 1097 4487 tibi:
1127 4421 1178 4473 ln
1199 4435 1363 4489 parvo
1399 4421 1580 4475 furore
1611 4419 1923 4488 percusiste,

2049 4426 2282 4496 Ἀρείου,
2334 4423 2429 4477 καὶ
2467 4421 2737 4492 Εὑνομίου
2771 4423 2877 4474 τῶν
2905 4420 3081 4475 ἀθέων
3111 4422 3404 4491 αἱρετικῶν
3433 4441 3602 4476 κατῖ-

371 4525 423 4571 et
476 4516 526 4566 in
564 4511 890 4579 sempiterna
938 4512 1311 4567 misericordia
1346 4511 1658 4580 gloriﬁcabo
1692 4521 1763 4565 te.
1802 4529 1822 4564 ι
1855 4508 1935 4564 lu-

372 4607 628 4663 credibile
655 4617 760 4676 est,
789 4612 992 4673 quanto
1035 4603 1340 4673 ‘punitiouis
1381 4617 1688 4657 mensuram
1725 4610 1937 4657 auteeat

376 4704 704 4759 humanitas.
731 4720 750 4754 ι
772 4702 1038 4756 Modicum
1066 4701 1232 4763 enim,
1261 4698 1356 4760 ait,
1383 4695 1767 4750 litereditahitis
1787 4709 1939 4748 mon-

376 4805 478 4850 tem
521 4804 772 4852 sanctum
803 4807 980 4847 meum
1026 4789 1342 4855 ;modicum
1399 4787 1541 4856 apud
1604 4785 1937 4854 alienigenas

374 4903 498 4942 arca
529 4903 548 4942 ι
580 4902 726 4941 nunc
767 4882 1042 4953 paululum
1073 4883 1126 4934 iu
1148 4882 1324 4935 aliena
1353 4878 1678 4934 insolentius
1711 4887 1763 4932 te
1788 4892 1936 4946 gere,

375 4989 427 5034 ct
451 4978 647 5048 placita
669 4971 1342 5044 exple;quemadmodum
1387 4968 1532 5024 enim
1589 4982 1674 5022 me
1743 4968 1940 5036 ejicere

377 5071 555 5124 conati
579 5067 733 5130 estis,
758 5066 831 5118 ita
855 5074 906 5117 et
937 5065 1051 5133 ipse
1080 5063 1290 5130 eiiciam
1320 5075 1435 5124 vos,
1465 5059 1596 5113 dicit
1665 5057 1928 5111 Dominus

377 5157 772 5219 omnipotens.»
809 5154 881 5210 De
915 5156 1022 5207 tuis
1049 5153 1225 5220 itaque
1249 5150 1614 5220 dogmatibus,
1655 5158 1707 5202 et
1729 5162 1940 5201 summo

380 5257 642 5316 occupato
674 5246 977 5302 sacerdotio
1013 5243 1085 5296 ita
1118 5244 1232 5312 ipse
1255 5244 1512 5303 sentio,et
1546 5255 1668 5310 spes
1692 5255 1776 5293 me
1796 5248 1940 5293 tenet

383 5341 459 5395 ita
489 5337 750 5392 futurum.
782 5334 922 5400 Quin
958 5334 1068 5387 imo
1093 5334 1337 5401 apprime
1372 5332 1520 5394 novi,
1554 5342 1606 5384 et
1631 5329 1942 5389 conﬁdo.et

385 5429 822 5490 llrmiterteneo,
852 5425 1154 5480 Salvatoris
1200 5421 1658 5493 promissionibus
1718 5420 1942 5475 indubie

387 5523 755 5576 sonlirmatus.
788 5517 894 5572 Nos
927 5533 1054 5571 vero
1078 5516 1450 5585 apostolorum
1475 5513 1939 5583 prmdicationem,

384 5619 432 5666 et
459 5616 710 5681 dogmata
735 5611 977 5673 Patrum,
1001 5618 1425 5676 sanctorumque
1448 5607 1690 5659 omnium
1715 5620 1946 5673 sequen-

388 5704 494 5770 tes,
524 5716 629 5756 ron
656 5703 720 5757 de
752 5703 856 5755 Deo
884 5701 1249 5766 decernimus,
1281 5701 1371 5753 sed
1392 5696 1698 5780 execranda
1719 5696 1910 5767 dogma
1929 5731 1941 5740 ο

2039 4492 2212 4588 τομὴν
2240 4518 2337 4586 τῆς
2363 4515 2650 4586 Θεότητος.
2693 4515 2751 4568 '0
2785 4513 2840 4567 δὲ
2874 4514 2966 4567 νῦν
3004 4514 3362 4584 αἱρεσιάρχης
3386 4517 3413 4568 ό
3445 4492 3631 4584 λεγό-⁶

2043 4623 2198 4677 μενος
2248 4605 2511 4670 Παλαμᾶς
2548 4603 2727 4657 πάντα
2781 4604 2847 4655 τὰ
2897 4601 3142 4670 δόγματα
3201 4603 3299 4670 τῆς
3327 4603 3484 4670 ἁγίας
3503 4603 3604 4655 ’τοῦ

2039 4695 2175 4748 Θεοῦ
2213 4693 2556 4766 Ἐκκλησὶας,
2583 4694 2678 4745 καὶ
2711 4693 2890 4746 πᾶσαν
2925 4695 3021 4761 τὴν
3042 4692 3221 4744 πίστιν
3251 4693 3406 4762 ἡμῶν
3435 4711 3606 4746 κατα-

2040 4787 2156 4838 λύει
2182 4787 2294 4846 τοῖς
2323 4783 2519 4836 ἑαυτοῦ
2550 4785 2766 4854 μιαροῖς
2816 4783 2910 4835 καὶ
2942 4781 3330 4840 ἀσεόεστὰτοις
3369 4780 3604 4850 δόγμασι

2040 4883 2134 4932 καὶ
2159 4877 2473 4946 διδάγμασι,
2510 4879 2603 4929 καὶ
2637 4876 2854 4929 πάντων
2901 4877 3052 4925 ἐστὶν
3085 4872 3376 4940 αἱρετικών
3407 4873 3601 4923 ἀσεθέ-

2043 4986 2258 5030 στιτος.
2307 4968 2391 5030 Ὠς
2424 4967 2660 5034 ἀνεφάνη
2693 4965 2791 5033 μὲν
2845 4963 3126 5034 προδήλως
3179 4961 3411 5014 ἐνταῦθα
3454 4964 3603 5031 πάσῃ

2041 5064 2105 5132 τῇ
2150 5058 2444 5128 Ἐκκλησία
2473 5057 2565 5108 τοῦ
2603 5054 2760 5120 Θεοῦ,
2799 5055 2888 5105 καὶ
2922 5052 3202 5121 ἀπερρίφη
3251 5051 3354 5120 πρὸ
3384 5051 3602 5120 κατροῦ,

2042 5152 2114 5212 ὡς
2134 5150 2288 5219 μέλος
2321 5147 2579 5216 σεσηπὸς,
2605 5146 2697 5197 καὶ
2716 5143 2933 5196 ἀνίατον
2961 5141 3050 5194 ὑπ’
3085 5142 3250 5210 αὐτῆς
3274 5157 3288 5173 ο
3320 5141 3603 5209 ἐξεκίνησε

2041 5242 2098 5295 δὲ
2132 5241 2225 5293 νῦν
2254 5240 2342 5294 διὰ
2395 5239 2490 5300 τὰς
2531 5237 2804 5307 ἁμαρτίας
2861 5235 3039 5303 ἡμῶν,
3103 5235 3301 5303 μᾶλλον
3348 5235 3405 5288 δὲ
3440 5235 3526 5287 ἵνα
3557 5237 3606 5286 οξ

2041 5333 2254 5396 δόκιμοι
2287 5329 2508 5398 φανεροὶ
2536 5329 2825 5395 γένωνται,
2845 5324 2918 5388 ὣς
2944 5342 3106 5393 φησιν
3128 5327 3153 5378 ὁ
3181 5325 3321 5388 θεῖος
3353 5325 3608 5378 Ἀπόστοι

2043 5424 2152 5485 λος.
2187 5423 2332 5485 Msa;
2376 5421 2504 5487 γὰρ,
2532 5419 2607 5480 ὡς
2665 5418 2904 5487 εἴρηται,
2938 5419 3371 5485 τρισυποστάτου
3401 5417 3603 5480 Θεό-ιη-

2044 5533 2135 5576 τος
2195 5513 2634 5583 ὁμολογουμένης
2663 5511 2797 5579 ἡμῖν
2846 5511 3023 5579 ἁπλῆς
3071 5525 3128 5560 τε
3165 5511 3256 5561 καὶ
3287 5507 3602 5576 ἀμερίστου,

2047 5606 2206 5668 αὐ.ὸς
2241 5605 2441 5666 πολλὰς
2479 5601 2741 5671 κηρύττει
2765 5602 3022 5668 θειότητι,
3071 5599 3271 5667 μικρᾶς
3308 5599 3399 5647 καὶ
3432 5597 3603 5660 μεγά-

2046 5700 2165 5765 λας,
2222 5700 2313 5751 καὶ
2366 5695 2562 5765 διαιρεί
2608 5694 2706 5765 τὴν
2743 5695 2870 5763 μίαν
2900 5693 3103 5760 τχύτην
3138 5691 3214 5749 εἰς
3251 5687 3343 5748 τὰς
3383 5684 3602 5744 πολλάς.
