4180 6308
577 312 682 378 871

1821 301 1920 361 DE
1944 297 2343 362 GREGORIO
2379 300 2467 361 PA
2481 299 2567 358 LA
2579 299 2684 359 MA

3731 305 3842 371 δτι

576 429 685 482 Καὶ
727 427 855 496 μίαν
904 424 999 496 μὲν
1055 422 1460 492 ὑπερκειμένην
1510 411 1686 488 λέγει,
1744 419 1842 479 τάς
1872 419 1928 472 δὲ
1981 418 2151 480 ἄλλας
2179 419 2225 477 Δ
2257 415 2366 469 τῶν
2396 417 2657 485 νεφελῶν,
2691 420 2786 471 καὶ
2811 417 3006 489 ἔσομαι
3031 420 3213 490 ὅμοιος
3233 420 3311 492 τῷ
3335 421 3596 492 ’Υψίστῳ.
3629 443 3644 474 ι
3683 425 3842 477 ’Aa-j-

577 519 898 590 ὑφειμένας,
924 518 956 586 ἦ
983 517 1054 578 ὡς
1099 517 1390 575 ἐλάττονας
1445 513 1678 581 ἐκείνης,
1711 509 1898 580 ὥσπερ
1938 510 2006 563 τά
2039 511 2156 562 κτί-

579 631 782 683 σματα.
815 613 926 663 Καὶ
951 611 1050 676 τὴν
1083 610 1180 678 μὲν
1214 608 1622 677 ὑπερκειμένην
1647 605 1840 657 οὐσίαν
1872 604 2021 672 λέγει
2054 603 2149 657 τοῦ

577 704 734 769 Θεοῦ,
785 704 881 764 τὰς
931 702 987 754 δὲ
1022 700 1317 770 ὑφειμένας
1375 698 1662 759 οὐοιώδεις
1723 697 2025 767 ἐνεργείας,
2058 698 2154 750 καὶ

576 797 834 864 δυνάμεις
887 794 1075 861 αὐτῆς,
1111 793 1202 845 καὶ
1243 792 1473 858 χάριτας
1530 788 1950 857 ἐνεργουμένας,
1983 788 2155 858 ἤγουν

581 889 827 952 κτιστάς,
859 888 952 940 καὶ
981 886 1142 937 πάλιν
1178 885 1492 946 ἀκτίστους.
1545 883 1722 955 Ὅπερ
1753 886 1812 938 οὐ
1847 886 2006 955 μόνον
2037 882 2154 941 ἐστὶ

579 978 838 1030 πολύθεον
861 981 954 1031 καὶ
994 975 1304 1043 Ἑλληνικόν
1331 975 1562 1046 ’διασπᾷ
1593 977 1700 1047 γὰρ
1729 977 1826 1047 τὴν
1862 981 2152 1050 μοναδικὴν

577 1067 820 1136 Θεότητα
857 1069 935 1127 εἰς
983 1064 1314 1129 πολυθεῗαν,
1356 1065 1472 1118 ἀλλ’
1522 1066 1638 1118 ἐστι
1691 1068 1785 1120 καὶ
1837 1069 2016 1138 μωρὸν
2059 1071 2154 1123 καὶ

575 1160 801 1226 ἀνόητον
839 1158 1138 1218 παντελῶς.
1198 1150 1361 1225 Λέγει
1421 1159 1516 1211 καὶ
1571 1159 1774 1230 δρατὴν
1821 1166 2154 1231 σωματικοῖς

575 1249 873 1318 ὀφθαλμοῖς
903 1248 997 1318 τὴν
1034 1249 1272 1319 φυσικὴν
1322 1251 1535 1320 μορφὴν
1585 1251 1678 1303 τοῦ
1705 1251 1866 1316 Θεοῦ,
1907 1252 2004 1305 καὶ
2034 1255 2151 1306 θεό-

575 1327 731 1409 τητά,
763 1343 828 1411 ῆν
862 1340 958 1394 καὶ
1009 1341 1309 1410 ὑφειμένην
1375 1343 1694 1411 δογματίζει
1745 1343 2013 1414 θεότητα,
2057 1345 2152 1399 καὶ

577 1433 710 1486 Θεὸν
732 1433 984 1502 δεύτερον
1006 1432 1100 1486 καὶ
1127 1432 1324 1502 μικρὸν
1344 1433 1536 1503 μέχρις
1554 1433 1712 1503 ήμῶν
1729 1435 2148 1503 καταϐαίνοντα,

576 1528 672 1578 καὶ
701 1525 980 1595 ὁρώμενον
1027 1525 1180 1594 ἡμῖν.
1234 1523 1360 1578 Ὅτι
1421 1527 1450 1578 6
1487 1525 1910 1596 ὑπερκείμενος,
1963 1529 2147 1599 φησιν,

578 1619 780 1690 ὑψηλός
807 1618 862 1669 τέ
891 1619 1008 1668 ἐστι
1049 1616 1142 1668 καλ⁵
1161 1615 1496 1686 ἀθεώρητος.
1524 1610 1694 1681 Οὗτος
1721 1617 1776 1671 δὲ
1807 1620 1835 1671 6
1855 1620 2153 1690 ὑφειμένος

577 1712 730 1775 Θεὸς,
767 1690 860 1761 καλ
888 1705 1188 1776 ὁρώμενος,
1230 1705 1328 1758 καὶ
1357 1705 1515 1760 άλλαι
1545 1706 1801 1776 θεότητες
1840 1708 2149 1780 ίσοδύναμοι

578 1800 749 1871 αὐτῷ,
774 1798 840 1861 ἃς
865 1798 1124 1867 ὀνομάζει
1152 1798 1246 1852 καὶ
1275 1797 1566 1866 πνεύματα
1589 1798 1740 1866 ἅγια,
1767 1799 1862 1853 καὶ
1895 1800 2148 1870 άκτιστα,

475 1925 478 1930 .
577 1891 746 1959 ἕτερα
769 1887 870 1956 τῆς
895 1888 1058 1955 ἁγίας
1084 1887 1340 1957 Τριάδος,
1375 1890 1468 1941 καὶ
1499 1888 1764 1958 ὑφειμένα
1801 1887 1970 1960 αὐτῆς
1999 1893 2154 1944 ἀπει-

579 1983 742 2048 ράκις
765 1981 1028 2046 ἀπείρως,
1061 1981 1232 2050 ήγουν
1268 1979 1616 2050 ἀσυγκρίτως
1662 1981 1920 2035 ἐλάττονα
1954 1983 2148 2052 αὐτῆς,

575 2073 764 2142 ὥσπερ
817 2074 886 2124 τὰ
932 2071 1233 2140 κτίσματα.
1280 2063 1453 2123 Αὖται
1508 2071 1601 2124 οὑν
1652 2072 1708 2124 αί
1741 2071 2017 2142 θεότητες,
2058 2075 2153 2127 καὶ

577 2163 750 2216 ταῦτα
775 2163 840 2215 τά
897 2163 1207 2232 πνεύματα,
1241 2163 1333 2215 καὶ
1365 2163 1396 2232 ή
1449 2161 1618 2232 ὁρατὴ
1650 2161 1844 2234 θεότης
1874 2167 2040 2234 φησὶν
2070 2167 2150 2221 ὅτι

574 2258 634 2307 ἐν
667 2257 778 2317 τοῖς
810 2254 1076 2324 κτίσμασι
1101 2253 1302 2317 θεῖκῶς
1334 2253 1650 2325 ἐνεργοῦσιν
1687 2270 1702 2285 ⁸
1737 2257 1869 2324 άλλη
1900 2257 2148 2326 φωτίζει,

575 2349 668 2402 καὶ
702 2350 833 2419 άλλη
894 2349 1165 2418 καθαίρει,
1226 2349 1320 2400 καὶ
1356 2347 1492 2417 ἄλλη
1545 2347 1824 2419 ζωογονεῖ,
1891 2353 1985 2404 καὶ
2013 2351 2148 2422 άλλη

574 2439 823 2508 φωτίζει,
855 2441 946 2490 καὶ
983 2439 1115 2507 άλλη
1138 2438 1311 2501 άλλως
1340 2427 1652 2508 προνοεῖται
1687 2440 1796 2494 τῶν
1823 2442 2015 2495 ὄντων.
2037 2444 2149 2498 Καὶ

574 2531 778 2599 ἑκάστη
811 2530 969 2597 ἔργον
999 2530 1112 2599 ἔχει
1147 2530 1300 2595 ίδιον,
1319 2531 1414 2584 καὶ
1441 2533 1676 2601 ἐνεργεῖ.
1708 2531 1871 2587 Ὥστε
1897 2536 1957 2588 οὐ
1989 2535 2150 2604 μόνον

572 2617 671 2688 τήν
713 2617 1034 2687 Ἑλληνικὴν
1088 2618 1380 2671 πολυθεῖαν
1437 2621 1670 2687 εἰσάγει,
1722 2621 1858 2676 ἀλλά
1919 2624 2013 2676 καὶ
2052 2619 2148 2678 τοῦ

587 2710 830 2779 Ἀρείου,
863 2713 956 2762 καὶ
988 2709 1277 2778 Εὐνομίου,
1335 2712 1430 2762 καὶ
1483 2712 1842 2780 Μακεδονίου,
1895 2716 1990 2768 καὶ
2039 2717 2149 2771 τῶν

576 2803 992 2866 Μασσαλιανῶν,
1019 2803 1112 2853 καὶ
1144 2802 1461 2870 Βογομίλων
1488 2803 1554 2856 τά
1585 2805 1836 2873 δόγματα
1867 2823 1931 2860 πε
1944 2808 2140 2878 ριέχει.

572 2895 829 2965 Φανερῶς
876 2893 985 2963 γάρ
1017 2895 1044 2946 ό
1077 2894 1327 2956 Σατανᾶς
1381 2895 1662 2948 ἐσκότισεν
1692 2895 1855 2950 αὐτοῦ
1904 2899 2004 2966 τήν
2033 2898 2146 2951 διά-

575 3003 746 3049 νοιαν,
782 2989 877 3040 καὶ
901 2986 1202 3055 ἐφάντασεν
1233 2983 1400 3037 αὐτοῦ
1429 2986 1523 3038 τὸν
1547 2987 1694 3050 νοῦν,
1722 2989 1812 3039 καὶ
1835 2988 2144 3058 διεμέρισεν

2255 525 2415 562 νατον
2440 510 2549 580 γάρ
2573 510 2795 579 μείζονα
2827 512 3057 583 ῥηθῆναι
3085 513 3362 578 ἀσέϐειαν,
3389 515 3420 586 ἢ
3445 515 3526 568 ὅτι
3548 516 3841 588 ἄνθρωπος

2255 600 2386 661 Θεὸς
2413 603 2670 665 ἀκτιστος
2699 603 2793 656 καὶ
2816 605 3049 673 ἄναρχος
3073 607 3307 672 γίνεται.
3340 606 3633 660 Καὶιτοῦτό
3662 610 3837 675 ἐστιν,

2255 691 2283 748 ὃ
2320 694 2486 747 πάλαι
2519 697 2780 762 προεῖπεν
2827 698 2853 748 ὁ
2895 695 3132 767 Κύριος,
3181 715 3198 748 ι
3252 698 3597 753 Ἐλεύσονται
3645 699 3838 769 ψευδό-

2255 805 2486 857 χριστοι,
2516 789 2611 840 καὶ
2635 788 3102 858 ψευδοπροφῆται,
3132 790 3226 842 καὶ
3259 789 3488 844 δώσουσι
3515 794 3716 862 σημεῖα
3739 793 3838 846 καὶ

2255 877 2461 944 τέρατα
2483 877 2540 930 ἐν
2564 877 2638 946 τῷ
2673 878 2810 947 λαῷ.
2849 879 2956 932 Καὶ
2984 881 3079 933 ἐὰν
3109 882 3236 950 ὑμῖν
3269 883 3523 947 εἴπωσιν,
3575 882 3703 938 ’1δοῦ
3728 875 3836 938 ὧδε

2253 968 2281 1020 6
2313 967 2564 1036 Χριστὸς,
2592 969 2622 1038 ἦ
2657 970 2764 1024 ίδοὺ
2803 969 2937 1033 ἐκεῖ,
2990 973 3063 1042 μὴ
3093 972 3422 1043 πιστεύσητε
3456 976 3655 1038 αὐτοῖς.
3682 995 3701 1028 ι
3730 977 3840 1029 Λέ-

2253 1077 2444 1127 γουσιν
2474 1061 2565 1113 οὖν
2612 1063 2706 1114 καὶ
2744 1055 2906 1136 ,οὗτοι
2953 1063 3110 1117 τοῦτο
3157 1066 3340 1135 μόνον,
3384 1065 3496 1118 ἀλλ’
3532 1067 3614 1120 ὅτι
3645 1066 3839 1138 γυμνὴ

2252 1153 2444 1222 θεότης
2469 1153 2586 1206 ἐστὶ
2611 1155 2740 1226 παρ’
2756 1153 2960 1221 αὐτοῖς,
2982 1155 3236 1227 ὁρωμένη
3269 1159 3606 1227 σωματικοῖς
3633 1159 3839 1227 ὀφθαλ-

2256 1247 2398 1312 μοῖς,
2423 1247 2520 1298 καὶ
2543 1246 2695 1299 αὐτοὶ
2727 1243 2840 1300 θεοί
2867 1249 3004 1302 εἰσιν
3038 1248 3306 1303 άκτιστοι.
3341 1249 3517 1303 Τοῦτο
3541 1251 3598 1306 δὲ
3629 1254 3656 1305 6
3685 1251 3837 1315 θεῖος

2254 1333 2463 1398 Παῦλος
2494 1337 2598 1407 ἔφη
2628 1336 2756 1407 περὶ
2780 1335 2872 1391 τοῦ
2907 1339 3304 1410 Ἀντιχρίστου,
3346 1359 3365 1392 ι
3401 1339 3534 1394 Ὅτε
3556 1341 3834 1396 ἀποκαλυ-

2252 1428 2522 1499 φθήσεται
2569 1430 2598 1482 ό
2625 1426 2826 1499 άνομος
2855 1430 3295 1503 ὑπεραιρόμενος
3348 1432 3490 1504 ὑπὲρ
3531 1435 3636 1488 πᾶν
3666 1434 3833 1490 σέδα-

2253 1533 2389 1592 σμα,
2413 1525 2508 1590 καὶ
2537 1525 2846 1580 καθεδεῖται
2868 1527 2926 1579 ἐν
2950 1527 3027 1594 τῷ
3067 1526 3180 1596 ναῷ
3199 1527 3376 1596 λέγων
3399 1529 3594 1582 ἐαυτὸν
3623 1529 3774 1583 Θεόν.
3806 1546 3827 1582 ι

2251 1611 2319 1665 Τί
2341 1613 2448 1684 γὰρ
2485 1613 2650 1668 πλέον
2681 1616 2985 1684 κομπάσαι,
3011 1619 3142 1673 ὅταν
3166 1617 3296 1691 ἔλθῃ
3339 1622 3589 1684 ἐκεῖνος;
3624 1623 3717 1674 καὶ
3773 1621 3832 1673 τί

2253 1704 2673 1774 ἐπινοηθήσεται
2704 1707 2785 1770 είς
2811 1709 2872 1761 τὸ
2897 1708 3028 1777 ὐψος
3057 1709 3150 1762 τοῦ
3183 1709 3340 1776 Θεοῦ,
3382 1712 3478 1764 καὶ
3500 1711 3830 1781 βλασφημή-

2258 1813 2340 1849 σει
2373 1797 2557 1865 μεῖζον
2583 1797 2678 1850 τοῦ
2739 1783 2941 1866 λέγειν,
2978 1801 3059 1854 ὅτι
3114 1800 3231 1854 ἔστι
3285 1803 3417 1865 Θεὸς
3457 1805 3709 1867 ἅκτιστος
3733 1804 3829 1856 καὶ

2257 1890 2511 1959 ἄναρχος,
2546 1891 2683 1960 ὅπερ
2714 1891 2810 1945 νῦν
2842 1894 2870 1945 6
2897 1893 3156 1964 Ιιαλαμᾶς
3187 1895 3534 1964 ἐδογμάτισε,
3563 1898 3655 1948 καὶ
3688 1900 3827 1966 παρο
3855 1889 3860 1892 ’

2257 1975 2422 2051 ρησίᾳ
2454 1980 2737 2048 διδάσκει;
2780 1981 2947 2036 Ὥστε
2979 1984 3012 2052 ἢ
3045 1977 3198 2046 οὗτός
3234 1985 3384 2039 ἐστιν
3410 1987 3438 2038 6
3477 1986 3747 2050 Σατανᾶς,
3791 1985 3827 2055 ἦ

2255 2071 2565 2142 πρόδρομος
2593 2069 2758 2126 αὐτοῦ
2797 2076 2966 2128 ἐστιν.
3019 2074 3240 2146 Ἐπειδὴ
3268 2077 3361 2130 καὶ
3383 2077 3539 2141 τέλος
3574 2074 3691 2130 ἐστὶ
3719 2077 3833 2131 τῶν

2253 2161 2487 2224 αίὼνων,
2539 2161 2614 2225 ὥς
2673 2157 2849 2232 οἴμαι,
2897 2165 3063 2232 ἐγγὺς
3102 2165 3205 2235 ήδη
3249 2164 3344 2218 τοῦ
3399 2170 3598 2231 παντός
3625 2169 3830 2240 ἐστινή

2251 2253 2559 2316 ἀλλοίωσις.
2588 2255 2698 2310 Καὶ
2732 2258 3024 2327 μακάριος,
3070 2257 3126 2317 ὃς
3167 2259 3404 2329 τηρήσει
3431 2259 3530 2322 τὰς
3563 2261 3659 2316 τοῦ
3691 2261 3832 2332 Χρμ

2253 2343 2380 2398 στοῦ
2415 2345 2814 2416 παραγγελίας,
2852 2348 2949 2401 καὶ
2980 2347 3089 2401 τῶν
3124 2346 3291 2402 αὐτοῦ
3330 2350 3603 2422 μαθητῶν,
3641 2352 3736 2405 καὶ
3757 2355 3830 2406 τὰ

2250 2433 2499 2504 δόγματα
2530 2436 2639 2488 τῶν
2669 2433 2930 2508 Πατέρων
2967 2438 3068 2508 τῆς
3105 2439 3388 2504 εὐσεϐείας
3417 2442 3672 2511 ἀκέραια,
3724 2445 3828 2497 καὶ

2250 2527 2548 2596 φυλάξεται
2595 2527 2703 2582 ἀπὸ
2727 2529 2826 2598 τῆς
2853 2529 3066 2601 πλάνης
3089 2529 3197 2584 τῶν
3234 2531 3581 2600 Παλαμιτῶν,
3607 2535 3682 2598 ὡς
3711 2536 3831 2589 ἀπὸ

2248 2614 2420 2684 πυρὸς
2455 2616 2550 2668 καὶ
2597 2616 2796 2684 ὄφεως.
2849 2617 2972 2672 ’Ότι
3030 2617 3177 2689 αὕτη
3217 2621 3334 2674 ἐστὶ
3382 2623 3440 2675 τὸ
3468 2623 3687 2693 ἔσχατον
3715 2625 3829 2695 τῆς

2258 2701 2590 2775 Ἐκκλησίας
2643 2708 2834 2772 κακὸν,
2889 2708 2985 2760 καὶ
3020 2712 3240 2764 πάντων
3265 2713 3376 2764 τῶν
3416 2713 3824 2783 προγεγονότων

2247 2797 2307 2848 τὸ
2332 2796 2658 2853 ἀθεώτατον.
2696 2799 2808 2854 Καὶ
2839 2799 2996 2855 τοῦτό
3027 2805 3196 2868 ἐστιν,
3230 2801 3405 2871 οἶμαι,
3433 2805 3570 2874 ὅπερ
3614 2807 3826 2875 πλανή-

2249 2903 2331 2939 σει
2380 2889 2628 2952 καὶτοὺς
2668 2892 2984 2955 ἐκλεκτοὺς,
3046 2892 3122 2956 ὡς
3176 2895 3450 2964 ἀκούομεν
3481 2896 3577 2950 τοῦ
3610 2897 3818 2967 Κυρίου

2252 2980 2666 3050 προειρηκότος.
2722 2981 2901 3034 Καλὸν
2950 2977 3045 3037 οῦν
3079 2984 3282 3055 ἀρτίως
3312 2986 3822 3058 ὑπομιμνήσκεσθαι

575 3079 658 3140 εἰς
709 3079 808 3139 τὰς
862 3076 1087 3140 πολλὰς,
1149 3075 1216 3137 ἃς
1275 3075 1491 3144 βλέπει,
1516 3076 1798 3146 θεότητας,
1833 3079 1927 3132 καὶ
1969 3080 2143 3158 πολλά
2170 3098 2216 3161 c
2247 3071 2428 3161 πάντα
2477 3072 2570 3124 τὸν
2628 3072 2962 3142 βουλόμενον
3007 3073 3107 3146 ζῇν
3136 3077 3395 3142 εὐσεϐῶς,
3424 3078 3516 3132 καὶ⁸
3547 3079 3826 3134 ἀνάλωτον

576 3167 886 3236 πνεύματα.
929 3166 1040 3218 Καὶ
1069 3165 1129 3219 τὸ
1159 3166 1275 3234 φῶς
1305 3166 1334 3218 ὃ
1368 3165 1556 3234 βλέπει
1603 3169 1794 3231 σκότος
1829 3170 1946 3223 ἐστὶ
1972 3188 2142 3240 μετα-

580 3257 1050 3328 σχηματιζομένου
1081 3257 1217 3327 πρὸς
1246 3258 1410 3312 αὐτὸν
1438 3258 1530 3312 τοῦ
1559 3259 1774 3313 Σατανᾶ
1799 3262 1880 3324 είς
1914 3262 2144 3328 ἄγγελον

575 3349 774 3418 φωτὸς,
800 3348 876 3411 ὥς
899 3365 1064 3418 φησιν
1093 3351 1120 3402 ὁ
1161 3350 1221 3402 Ἀ
1232 3348 1514 3414 πόστολος,
1551 3351 1646 3402 καὶ
1669 3350 1813 3421 άπερ
1843 3351 2006 3415 αὐτὸς
2029 3352 2146 3422 βλέ-

574 3458 666 3494 πει
701 3443 1031 3509 σωματικοῖς
1055 3439 1355 3511 ὀφθαλμοῖς
1390 3442 1486 3494 καὶ
1514 3442 1662 3509 λέγει
1695 3439 1837 3497 εἶναι
1869 3445 2142 3513 ὑφειμένα

572 3531 668 3583 τοῦ
695 3529 855 3590 ξΘεοῦ
919 3531 1212 3600 ἀπειράκις
1242 3531 1488 3602 ἀπείρως
1520 3531 1709 3602 ὥσπερ
1740 3532 1808 3586 τά
1841 3534 2142 3604 κτίσματα,

573 3623 747 3677 ταῦτα
805 3623 1112 3692 προσάπτει
1170 3622 1249 3691 τῷ
1286 3621 1424 3690 Θεῷ,
1482 3623 1574 3675 καὶ
1605 3623 1752 3690 λέγει
1781 3624 2014 3697 οὐσιώδη
2051 3627 2144 3680 καὶ

572 3717 782 3784 φυσικά
819 3714 916 3768 τοῦ
957 3713 1121 3779 Θεοῦ,
1159 3713 1254 3766 καὶ
1283 3713 1499 3767 κελεύει
1542 3713 1716 3768 ταῦτα
1739 3715 1873 3785 ἡμῖν
1906 3733 2145 3785 προσκυιι

579 3808 686 3860 .νεῖν
738 3805 815 3866 ὡς
854 3803 1149 3866 ἀκτίστονς
1207 3803 1387 3868 θεοὺς,
1416 3802 1510 3856 καὶ
1535 3802 1817 3874 θεότητας,
1845 3804 1940 3860 καὶ
1969 3806 2144 3871 οὑτως

573 3899 637 3951 οὐ
660 3898 823 3966 μόνον
853 3897 932 3959 είς
960 3895 1165 3964 πλῆθος
1183 3893 1492 3957 ἀλλόκοτον,
1516 3896 1609 3948 καὶ
1640 3895 1924 3952 διάστασιν
1945 3901 2144 3954 τοσαύ·

570 4007 673 4059 την
703 3989 908 4059 διασπᾷ
936 3990 998 4040 τὸ
1021 3987 1165 4040 θεῖον
1202 3987 1315 4048 τοῖς
1340 3985 1628 4056 δόγμασιν,
1667 3989 1806 4043 ἀλλά
1829 3993 1919 4044 καὶ
1950 3992 2141 4046 σύνθε-

572 4099 662 4136 τον
688 4081 750 4134 τὸ
777 4080 1004 4142 ἁπλοῦν,
1039 4079 1130 4132 καί
1158 4079 1389 4149 ἀμερὲς,
1419 4078 1512 4131 καὶ
1546 4078 1756 4148 άποιον,
1783 4083 1875 4136 καὶ
1904 4084 2142 4140 ἀνείδεον

573 4176 736 4240 ποιεῖ,
777 4173 967 4243 ὥσπερ
997 4173 1064 4226 τὰ
1091 4173 1390 4242 κτίσματα,
1423 4177 1516 4227 καὶ
1549 4175 1843 4244 ἐλάτρευσε
1874 4177 1938 4246 τῇ
1969 4177 2142 4231 κτίσει

572 4267 722 4335 παρά
756 4267 846 4318 τὸν
905 4265 1189 4328 κτίσαντα,
1244 4267 1503 4319 ἐπέκεινα
1558 4267 1654 4320 καὶ
1712 4267 1820 4320 τῶν
1871 4267 2141 4336 Ἑλλήνων

572 4359 1025 4427 παραφρονήσας.
1092 4358 1168 4409 υύ
1219 4360 1330 4426 γὰρ
1386 4359 1545 4426 μόνον
1574 4357 1748 4420 οὑτως
1787 4357 2024 4429 ἠσέϐησε
2064 4359 2140 4432 τῷ

2247 3158 2387 3216 εἶναι
2411 3163 2579 3234 ταύτῃ
2600 3166 2666 3232 τῇ
2697 3165 3072 3239 ὀλεθριωτάτῃ
3101 3167 3280 3240 πλάνῃ
3300 3169 3410 3224 τῶν
3439 3171 3813 3227 άποστολικῶι

2246 3253 2468 3322 λογίων.
2526 3252 2698 3309 Ποίων
2751 3256 2994 3325 τούτων;
3034 3277 3053 3311 ι
3097 3259 3212 3313 Κάν
3247 3261 3478 3328 ἄγγελος
3505 3263 3565 3326 ἐξ
3589 3263 3825 3334 οὐρανοῦ

2246 3346 2675 3419 εὐαγγελίσηται
2730 3348 2881 3417 ὑμῖν,
2931 3352 3064 3422 παρ’
3101 3351 3130 3405 δ
3162 3353 3522 3423 παρελάϐετε,
3569 3356 3823 3425 ἀνάθεμα

2245 3435 2406 3503 ιστω,
2452 3451 2471 3490 ε
2511 3437 2621 3502 Τὰς
2651 3439 2925 3510 ξβεδήλους
2959 3444 3290 3510 κενοφωνίας
3325 3445 3662 3514 περιίστασο.
3697 3444 3824 3500 Ἐπὶ

2246 3528 2432 3584 πλεῖον
2461 3533 2570 3601 γὰρ
2609 3533 2980 3602 προκόψουσιν
3039 3531 3315 3599 ἀσεϐείας,
3352 3535 3446 3589 καὶ
3471 3538 3498 3590 ό
3531 3537 3684 3605 λόγος
3715 3537 3822 3591 αὑ-

2245 3623 2372 3689 τῶν,
2403 3621 2480 3686 ὡς
2515 3625 2828 3696 γάγγραινα
2874 3625 3046 3703 νομήν
3095 3625 3226 3690 ἕξει.
3259 3627 3516 3697 ’Διδαχαῖς
3545 3630 3822 3694 ποικίλαις

2245 3716 2338 3768 καὶ
2358 3716 2538 3782 ξέναις
2561 3717 2634 3787 μὴ
2659 3718 3066 3789 παραφέρεσθε,
3088 3720 3182 3772 καὶ
3213 3717 3390 3785 ἔσται,
3420 3723 3571 3792 φησὶ,
3601 3723 3820 3788 καιρὸς,

2243 3810 2332 3876 δτε
2371 3807 2471 3878 τῆς
2506 3809 2864 3880 ὑγιαινούσης
2900 3811 3250 3874 διδασκαλίας
3285 3811 3388 3866 οὐκ
3421 3811 3702 3876 ἀνέξονται
3725 3813 3820 3866 ἄνε-

2245 3897 2472 3970 ορωποι,
2536 3899 2674 3953 ἀλλά
2729 3901 2870 3954 κατά
2915 3900 3014 3964 τὰς
3076 3901 3212 3963 ίδίας
3264 3901 3562 3971 ἐπιθυμίας
3600 3903 3818 3966 ἑαυτοῖς

2243 3989 2674 4062 ὲπισωρεύσουσι
2706 3992 3064 4056 διδασκάλους
3116 3993 3440 4063 κνηθόμενοι
3487 3995 3589 4062 τὴν
3616 3994 3813 4064 ἀκοήν.

2243 4084 2356 4138 Καὶ
2401 4085 2510 4137 ἀπὸ
2551 4085 2652 4155 μὲν
2681 4085 2780 4156 τῆς
2809 4083 3066 4153 ἀληθείας
3098 4087 3195 4155 τὴν
3242 4087 3412 4155 ἀκοὴν
3443 4086 3817 4158 ἀποστρέφου.

2244 4186 2349 4242 σιν,
2383 4176 2480 4229 ἐπὶ
2506 4176 2562 4230 δὲ
2588 4176 2716 4239 τούς
2748 4176 2950 4247 μύθους
2983 4178 3447 4250 ἐκτραπήσονται,
3481 4179 3574 4232 καὶ
3601 4177 3812 4232 ἔσονται

2243 4265 2301 4321 ἐν
2334 4266 2461 4338 ὑμῖν
2490 4267 2989 4338 ψευδοδιδάσκαλοι,
3028 4266 3104 4332 ὥς
3142 4270 3236 4323 καὶ
3294 4271 3464 4325 πάλαι
3509 4269 3812 4340 ψευδοπρς-

2244 4359 2414 4428 φῆται
2443 4357 2710 4428 ἐγένοντο,
2741 4361 2937 4423 οἵτινες
2965 4361 3350 4427 ἐπεισὰξουσιν
3389 4358 3632 4432 αἱρέσεις
3654 4363 3807 4416 ἀπω-

554 4452 768 4520 ,πλήθει
792 4452 901 4502 τῶν
932 4450 1228 4520 θεοτήτων,
1255 4449 1353 4502 καὶ
1379 4449 1459 4520 τῷ
1487 4453 1555 4520 τῇ
1582 4451 1764 4503 κτίσει
1788 4451 2051 4521 ὁμοιῶσαι
2078 4454 2137 4506 τὸ
2170 4437 2214 4497 D
2241 4449 2413 4515 λείας,
2441 4450 2508 4504 δι’
2534 4451 2679 4521 οὒςή
2712 4451 2827 4515 όδὸς
2847 4452 2946 4522 τῆς
2974 4453 3233 4521 ἀληθείας
3257 4452 3810 4524 βλασφημηθήσεται,

570 4543 748 4607 Θεῖον,
776 4543 872 4595 καὶ
895 4540 994 4610 τῆς
1017 4540 1128 4594 τῶν
1163 4540 1435 4610 ἀγγέλων,
1461 4544 1558 4596 καί
1586 4540 1696 4594 τῶν
1722 4542 1892 4610 ἀγίων
1926 4543 2136 4610 οὐσίας,

571 4634 666 4686 καὶ
692 4630 797 4684 τῶν
827 4629 1018 4700 ψυχῶν
1059 4629 1248 4700 χεῖρον
1304 4629 1654 4700 δογματίσαι,
1687 4633 1781 4686 καὶ
1811 4635 2139 4706 ὑφειμένονο

567 4723 602 4790 ἡ
627 4721 726 4791 μὲν
753 4720 860 4790 γάρ
891 4719 1055 4788 φύσις
1089 4721 1202 4772 τῶν
1228 4719 1482 4788 ἀγγέλων
1505 4720 1739 4792 ἀόρατός
1771 4724 1911 4788 ἐστι,
1938 4725 2035 4779 καὶ
2063 4725 2140 4779 -αί

569 4811 771 4882 ψυχαί·
827 4813 857 4866 6
908 4809 966 4864 δὲ
1011 4810 1280 4882 Παλαμᾶς
1307 4811 1503 4882 ὁρατὸν
1532 4811 1674 4878 εἶδος
1709 4814 1857 4883 λέγει
1887 4816 1978 4870 τὸν
2007 4815 2140 4871 Θεὸν

570 4905 801 4974 φυσικὸν
835 4903 1024 4970 αὐτοῦ,
1061 4904 1156 4958 καὶ
1191 4904 1450 4969 οὐσιῶδες
1486 4906 1634 4977 ἔχειν
1659 4923 1676 4942 ·
1733 4905 1794 4960 τὸ
1821 4906 1878 4962 δέ
1903 4908 2140 4978 ἀόρατον

568 4997 662 5050 τοῦ
692 4995 891 5066 ὁρατοῦ
931 4996 1182 5064 κρεῖττόν
1221 4997 1338 5052 ἐστι
1378 4999 1599 5062 πάντως
1648 5000 1746 5054 καὶ
1779 5001 2101 5074 τιμιώτερον
2124 5019 2138 5035 ·

568 5089 631 5141 οὑ
670 5090 829 5158 μόνον
860 5089 1042 5143 τοίνυν
1067 5088 1240 5152 οὑτως
1275 5091 1353 5152 είς
1381 5091 1442 5143 τὸ
1485 5089 1630 5145 Θεῖον
1682 5091 1975 5160 ἠσέϐησεν,
2005 5093 2140 5146 ἀλλά

572 5182 664 5234 καὶ
697 5181 887 5234 ἑαυτὸν
911 5182 1168 5235 άκτιστον
1195 5181 1349 5244 Θεὸν,
1382 5183 1474 5234 καὶ
1518 5181 1754 5252 ἄναρχον
1784 5181 2138 5252 ἐδογμάτισεν

571 5255 734 5330 εῖναι.
771 5277 929 5341 Λέγει
987 5274 1092 5341 γὰρ
1143 5274 1224 5325 ὅτι
1276 5273 1327 5325 of.
1362 5273 1679 5341 μετέχοντες
1712 5271 1987 5342 ἄνθρωποι
2042 5275 2139 5343 τῆς

573 5367 871 5436 ὑφειμένης
898 5365 1168 5434 θεότητος,
1198 5365 1320 5434 ἥτις
1347 5364 1544 5424 αὐτοὺς
1567 5364 1826 5428 θεοποιεῖ,
1853 5367 1945 5418 καὶ
1970 5366 2138 5435 όρῶν-

568 5476 658 5520 τες
688 5460 752 5511 τὸ
787 5457 901 5526 φῶς
960 5459 1137 5510 ἐκεῖνο
1171 5457 1261 5508 τὸν
1296 5455 1590 5523 ὑφειμένον
1630 5454 1763 5509 Θεὸν
1807 5458 2139 5524 σωματικοῖς

570 5551 891 5620 ὀρθαλμοῖς,
944 5541 1093 5601 οῦτοι
1122 5548 1364 5613 γίνονται
1419 5546 1534 5599 θεοὶ
1571 5547 1819 5601 άκτιστοι
1853 5551 1946 5602 καὶ
1976 5549 2139 5618 ἄναρ-

572 5660 676 5710 χοι.
708 5641 880 5693 Τοῦτό
911 5641 968 5693 δέ
993 5641 1094 5692 οὐκ
1117 5636 1337 5690 ἔλαττόν
1372 5640 1488 5688 ἐστι
1522 5637 1617 5690 τοῦ
1640 5639 2002 5708 τολμηθέντος
2033 5639 2138 5692 πά-

572 5733 658 5786 λαι
677 5731 751 5801 τῷ
781 5731 1028 5800 διαϐόλῳ,
1063 5731 1147 5782 ὅτε
1169 5723 1309 5792 εἷπε,
1347 5743 1366 5778 ι
1395 5727 1559 5796 Θήσω
1597 5726 1897 5798 τὸνθρύνον
1920 5746 2021 5800 μου
2047 5730 2137 5782 ἐπὶ

2242 4541 2336 4596 καὶ⁵
2373 4545 2432 4596 ἐν
2463 4543 2748 4615 πλεονεξίᾳ
2775 4544 3032 4609 πλαστοῖς
3068 4545 3247 4613 λόγοις
3277 4545 3420 4615 ὑμᾶς
3449 4547 3813 4616 ἐμπορεύσον-

2239 4645 2352 4697 ται,
2376 4627 2452 4688 ὧν
2475 4633 2536 4687 τὸ
2561 4634 2736 4704 κρίμα
2766 4634 2997 4689 ἔκπαλαι
3029 4635 3137 4687 οὐκι
3164 4637 3352 4706 ἀργεῖ,
3381 4635 3473 4689 καὶ⁸
3502 4634 3536 4704 ή
3568 4634 3811 4690 ἀπώλεια

2241 4725 2419 4780 αὐτῶν
2447 4726 2508 4779 οὐ
2536 4727 2813 4794 νυστάξει.
2850 4727 3089 4798 Στήκετε
3129 4723 3222 4780 οὖν
3265 4729 3322 4780 ἐν
3352 4729 3417 4798 τῇ
3448 4728 3654 4791 πίστει,
3718 4729 3810 4780 καὶ

2241 4821 2499 4887 κρατεῖτε
2535 4819 2634 4881 τὰς
2671 4819 3023 4890 παραδόσεις,
3065 4817 3131 4882 ἃς
3159 4818 3523 4891 παρελάδετε,
3557 4822 3650 4873 καὶ
3677 4821 3811 4872 ἐπα-

2243 4908 2539 4973 γωνίζεσθε
2570 4909 2636 4979 τῇ
2669 4910 2814 4976 ἅπαξ
2835 4909 3204 4982 παραδοθείσῃ
3232 4893 3422 4973 πίστει,
3438 4909 3550 4972 τοῖς
3578 4912 3804 4976 άγίοις.ι

2241 5001 2480 5054 Τοιαῦτα
2535 5002 2631 5053 καὶ
2689 5001 2788 5054 ὅσα
2818 5003 3046 5055 τοιαῦτα
3096 5003 3178 5056 δεῖ
3228 5001 3586 5070 προτίθεσθαι
3617 5002 3811 5054 ἐκτῶν

2240 5092 2412 5159 ἁγίων
2440 5091 2481 5144 Γ
2487 5087 2693 5161 ραφῶν,
2729 5090 2967 5160 μάλιστα
3001 5093 3060 5144 ἐν
3085 5089 3164 5161 τῷ
3189 5092 3416 5162 παρόντι
3451 5092 3629 5163 καιρῷ
3676 5093 3810 5162 πρὸς

2241 5183 2557 5252 ἀποτροπὴν
2584 5181 2680 5251 τῆς
2719 5182 3055 5251 ἐπελθούσης
3102 5183 3331 5252 πλάνης.
3375 5184 3559 5236 Πάντα
3593 5187 3699 5252 γὰρ
3733 5185 3814 5245 εἰς
3926 5247 3938 5256 _

2240 5273 2522 5327 νουθεσίαν
2553 5275 2709 5344 ἡμῶν
2733 5275 2970 5345 ἐγράφη,
3015 5279 3089 5337 ὡς
3125 5276 3456 5345 γέγραπται,
3488 5277 3546 5326 ὲν
3593 5273 3812 5343 Χριστῷ

2255 5363 2430 5434 Ἰησοῦ
2458 5365 2532 5435 τῷ
2561 5367 2752 5435 Κυρίῳ
2782 5366 2960 5435 ἡμῶν,
2986 5360 3029 5433 ᾧ
3060 5366 3092 5435 ἡ
3123 5364 3250 5430 δόξα
3285 5370 3375 5418 καὶ
3400 5367 3461 5418 τὸ
3483 5367 3681 5433 κράτο,
3716 5369 3812 5418 σὺν

2240 5457 2318 5527 τῷ
2352 5459 2574 5529 ἀνάρχιρ
2605 5457 2774 5511 αὐτοῦ
2809 5458 3007 5528 Πατρὶ,
3042 5462 3134 5512 καὶ
3152 5458 3227 5529 τῷ
3259 5462 3534 5529 παναγίῳ,
3567 5461 3658 5512 καὶ
3680 5464 3819 5526 ἁγα-

2243 5546 2469 5616 θοποιῷ,
2530 5551 2622 5599 καὶ
2654 5543 2904 5616 ξωοποιῷ
2938 5548 3232 5615 Πνεύματι,
3259 5551 3322 5616 τῇ
3360 5550 3459 5617 μιᾷ
3489 5548 3706 5616 θειότητι
3727 5553 3818 5599 καὶ

2241 5639 2384 5702 δόξα,
2411 5641 2501 5691 καὶ
2523 5638 2770 5709 βασιλεία
2789 5640 2866 5701 είς
2885 5639 3005 5702 τοὺς
3021 5639 3224 5702 αίῶνας
3241 5640 3349 5693 τῶν
3370 5641 3597 5695 αἰώνων.
3622 5642 3677 5692 Ἀ
3689 5641 3819 5709 μήν.

2249 5749 2265 5780 ι
2306 5731 2350 5782 Α
2387 5728 2612 5784 Domino
2647 5738 2832 5785 nostro
2861 5727 2989 5785 ,πονο
3023 5728 3260 5799 Christo,
3308 5741 3361 5786 cl
3411 5733 3622 5787 sanctis
3653 5731 3820 5786 ὼεείο
