4180 6308
277 437 383 505 873

1446 421 1883 488 GRECORUM
1930 421 2400 482 SENTENTL'E.

3447 410 3553 471 87$

281 554 448 626 polis,
476 559 527 605 et
574 547 837 619 apostolis
867 547 1033 611 illius,
1069 558 1284 600 necnon
1328 544 1504 599 sacris
1558 539 1862 610 prophetis,
1897 542 1941 596 Α
1969 545 2023 590 et
2054 533 2399 607 Macedonii,
2436 542 2490 587 et
2519 531 2968 587 Massalianornm
2994 570 3007 594 ,
3057 538 3111 585 et
3148 528 3554 600 Bogomilorutn

282 645 600 714 divinisque
649 639 898 709 synodis,
927 647 980 692 et
1028 636 1287 691 omnibus
1316 635 1539 690 deiferis
1588 632 1866 693 Patribus,

283 747 340 792 et
389 732 665 803 magistris
695 731 853 784 nobis
882 729 1085 783 tradita
1124 726 1278 791 ﬁdes,
1310 735 1365 781 et
1398 725 1575 796 pietas
1612 724 1871 777 omnibus

286 839 406 878 eam
442 819 871 892 possidentibus,
900 816 1190 873 manifesta
1243 824 1402 871 estet
1428 812 1757 886 aperta.Ubi
1784 829 1871 879 ,ue

287 917 434 971 enim
466 929 656 969 onmes
689 913 1015 981 proﬁtentur
1064 909 1228 965 Deum
1262 925 1429 963 unum
1456 908 1511 963 in
1547 908 1721 963 tribus
1756 922 1876 975 per-

288 1005 461 1067 sonis,
495 1001 788 1057 visibilium
821 1001 1065 1053 omnium
1104 1009 1158 1053 et
1190 998 1551 1054 invisibilium
1587 997 1872 1059 factorem,

287 1094 753 1164 quemadmodum
791 1093 847 1145 in
883 1107 1045 1145 sacro
1081 1091 1201 1145 ﬁdei
1255 1091 1507 1160 symbolo
1560 1090 1872 1144 astruitnr:

262 1174 475 1250 'Pater,
506 1185 705 1248 Filius,
736 1193 792 1239 et
822 1183 1065 1253 Spiritus
1096 1191 1343 1246 sanctus,
1374 1191 1486 1236 tres
1527 1183 1873 1253 hypostases,

291 1294 398 1332 una
440 1278 640 1342 Deitas,
674 1276 906 1340 simplex
932 1315 947 1337 ,
991 1274 1305 1337 invisibilis,
1357 1274 1632 1337 informis,
1668 1273 1873 1326 nullam

293 1371 523 1440 ﬁgurant
556 1369 850 1438 recipiens,
886 1366 1188 1428 individua,
1223 1366 1475 1430 indivisa,
1506 1365 1709 1435 ubique
1742 1379 1879 1434 pran-

290 1480 440 1529 scns,
474 1463 659 1519 omnia
715 1462 964 1532 explens,
1021 1469 1083 1514 et
1129 1460 1313 1513 omnia
1370 1457 1611 1513 efﬁciens
1648 1473 1663 1509 :
1703 1459 1757 1511 in
1815 1471 1875 1510 ea

296 1572 472 1626 neque
513 1568 773 1624 magnum
806 1561 908 1613 est.
941 1566 1120 1621 neque
1149 1565 1375 1621 parvum
1400 1592 1416 1615 ,
1444 1550 1788 1620 inaequalitas
1823 1558 1879 1603 et

294 1647 686 1705 dissimilitudo
740 1646 887 1700 nulla
919 1688 933 1710 ,
988 1645 1083 1699 sed
1118 1660 1277 1714 requa
1314 1644 1498 1698 omnia
1550 1655 1602 1699 et
1652 1644 1872 1699 similia.

294 1744 422 1799 llaec
474 1743 659 1810 itaque
694 1749 900 1795 sancta:
946 1737 1042 1791 Dei
1116 1737 1402 1793 catholicae
1455 1745 1509 1790 et
1564 1736 1878 1805 apostolicae

1975 631 2193 684 decreta
2228 627 2485 682 stabiliat.
2536 624 2704 680 Plane
2743 625 2889 679 enim
2932 623 3165 677 Satanas
3205 622 3371 676 menti
3405 620 3553 676 illius

1977 722 2231 776 tenebras
2259 719 2477 785 oﬁ‘udit,
2511 727 2565 772 et
2588 719 2754 772 variis
2785 716 3122 786 imaginibus
3154 713 3390 779 obsedit,
3414 726 3465 768 ct
3500 715 3553 765 in

1976 815 2200 874 multas,
2256 828 2393 881 quas
2437 810 2683 865 intuetur
2727 809 2984 874 Deitates,
3016 816 3069 862 et
3104 807 3290 877 plures
3333 806 3557 875 spiritus
3626 866 3629 869 Ἴ

1977 905 2299 974 dispar-titus
2330 913 2435 959 est.
2464 904 2526 957 Et
2562 903 2765 966 lumen,
2798 903 2944 973 quod
2972 902 3090 972 ipse
3121 900 3288 966 videt,
3320 899 3560 954 tenebrae

1979 1008 2123 1061 sunt,
2158 1013 2283 1052 cttm
2318 996 2550 1050 Satanas
2596 996 2737 1060 apud
2788 996 2965 1064 ipsum
3018 995 3070 1048 in
3112 994 3361 1062 angelum
3418 992 3559 1045 lucis

1981 1088 2430 1153 transformatur,
2465 1098 2526 1143 ut
2571 1088 2647 1143 ait
2680 1088 2992 1157 A’postolns.
3030 1086 3093 1141 Et
3123 1099 3246 1155 qua:
3276 1086 3393 1155 ipse
3425 1099 3560 1138 con-

1980 1183 2141 1251 spicit
2170 1182 2455 1251 corporeis
2483 1180 2700 1245 oculis;
2742 1182 3058 1248 fateturque
3103 1192 3224 1234 esse
3271 1175 3382 1232 Deo
3427 1175 3565 1228 infe-

1980 1277 2127 1331 riora
2162 1275 2372 1329 inﬁnite
2403 1273 2683 1335 inﬁnities,
2718 1272 3178 1341 quemadmodum
3218 1277 3272 1322 et
3301 1278 3565 1323 creatura:

1983 1371 2077 1423 Dei
2109 1369 2320 1433 tribuit,
2359 1379 2625 1436 vocatque
2651 1364 2985 1423 essentialia,
3020 1372 3075 1417 et
3107 1360 3379 1417 naturalia
3424 1358 3517 1413 Dei
3546 1399 3560 1419 ,

1981 1462 2335 1531 przecipitque
2374 1461 2552 1522 nobis,
2589 1468 2648 1513 ut
2669 1473 2733 1513 ea
2766 1470 3113 1519 veneremur,
3144 1463 3401 1524 tanquam
3432 1455 3566 1506 deos

1983 1555 2282 1618 inet-catos,
2319 1563 2371 1606 et
2420 1552 2657 1606 Deitates
2704 1565 2720 1604 :
2758 1560 2813 1605 et
2851 1550 2932 1604 sic
2966 1565 3076 1603 non
3120 1555 3331 1602 tantum
3376 1548 3429 1600 in
3466 1547 3568 1599 im-
3623 1540 3628 1544 ’

1983 1662 2201 1703 manem
2235 1644 2641 1701 multitudinem
2673 1683 2690 1711 ,
2720 1652 2776 1699 et
2808 1642 3185 1712 prodigiosam
3216 1641 3567 1711 partitionem

1984 1741 2196 1796 Numen
2228 1728 2389 1794 dictis
2423 1736 2541 1792 suis
2574 1734 2857 1803 disrerpit,
2889 1749 3080 1789 verum
3116 1734 3279 1789 etiam
3312 1736 3569 1803 simplex,

297 1835 557 1891 Ecclesia:
593 1832 748 1897 ﬁdes,
785 1847 883 1901 per
911 1838 1022 1883 tres
1052 1829 1276 1885 Deitatis
1305 1831 1628 1902 hypostases
1661 1828 1882 1884 Judam-

1995 1834 2306 1896 indivisum,
2339 1829 2566 1899 sequale
2594 1838 2758 1898 atque
2789 1830 3045 1887 informe.
3081 1828 3472 1896 compositum,
3512 1839 3572 1881 ut

301 1943 423 1981 rum
460 1926 803 1995 opinationes
853 1921 1132 1986 convellit,
1165 1921 1255 1990 qni
1280 1924 1510 1976 credunt
1540 1920 1882 1991 fatenturque

301 2016 492 2076 Deum,
532 2022 588 2067 at
624 2028 737 2066 non
774 2011 829 2066 in
878 2012 1056 2066 tribus
1105 2011 1525 2082 hypostasibus,
1579 1995 1685 2067 sed.
1733 2027 1879 2078 una;

301 2123 398 2178 per
426 2108 684 2161 unitatem
723 2104 896 2173 ipsius
947 2104 1322 2169 individuam,
1380 2104 1538 2174 plura
1594 2103 1880 2173 gentilium

301 2199 527 2253 numina
587 2196 833 2267 proﬁigat
867 2212 883 2250 :
928 2210 1139 2251 necnon
1176 2195 1330 2262 Arii,
1372 2194 1739 2265 Eunomiique
1783 2196 1885 2252 im-

301 2291 517 2360 piorum
571 2289 950 2345 haereticorum
985 2286 1215 2342 Deitatis
1248 2286 1644 2342 concisionem.
1673 2283 1885 2343 Recens

303 2398 439 2439 vero
461 2379 822 2435 hmresiarcha
857 2381 1077 2434 nomine
1103 2379 1375 2446 Palamas,
1402 2378 1657 2433 universa
1685 2391 1886 2434 sancta

305 2474 400 2530 Dei
458 2472 718 2527 Ecclesiae
752 2471 1007 2540 dogmata
1028 2510 1044 2536 ,
1082 2481 1159 2526 et.
1184 2470 1344 2525 ﬁdem
1384 2478 1631 2526 nostram
1665 2471 1887 2525 univer-

300 2582 448 2627 sam,
479 2565 595 2619 suis
620 2564 971 2619 exsecrandis
1026 2577 1091 2617 ac
1129 2562 1473 2631 impiissimis
1524 2562 1872 2634 dogmatibus

302 2668 360 2715 ct
406 2655 671 2713 doctrinis
704 2653 1028 2722 confundit,
1076 2654 1458 2709 luereticorum
1493 2655 1736 2709 omnium
1790 2669 1887 2708 ne-

303 2751 624 2823 quissimus.
666 2748 771 2815 Qui
815 2748 994 2817 palam
1027 2746 1120 2803 hic
1156 2747 1212 2801 in
1248 2745 1491 2802 Ecclesia
1524 2745 1616 2800 Dei
1667 2760 1890 2816 compa—

306 2858 458 2905 reos,
498 2841 658 2911 paulo
696 2850 821 2895 ante
852 2851 1114 2910 tanquam
1146 2838 1451 2893 membrum
1483 2838 1811 2901 marcidum,
1836 2848 1890 2892 ct

307 2934 638 2991 medicinam
688 2948 796 2987 non
839 2931 1160 2994 admittens,
1197 2929 1266 2984 ab
1302 2929 1491 2984 eadem
1525 2929 1736 2999 ejectus
1780 2940 1886 2984 est.

312 3026 625 3081 Commovit
657 3033 840 3079 autem
895 3023 1011 3093 ipse
1044 3023 1213 3077 multa
1252 3029 1473 3090 propter
1527 3033 1749 3092 peccata
1795 3038 1891 3076 no-

308 3129 449 3185 stra,
483 3120 614 3188 quin
646 3118 779 3181 into,
809 3126 869 3171 ut
896 3116 1106 3186 probati
1144 3115 1417 3171 manifesti
1453 3115 1605 3182 ﬁant,
1630 3115 1892 3185 quemad-

1984 1939 2114 1987 sunt
2147 1927 2267 1982 aliae
2307 1933 2596 1987 creaturae,
2632 1919 2782 1975 facit.
2815 1921 2879 1975 Et
2908 1922 3110 1976 cultum
3142 1922 3392 1976 exhibuit
3420 1936 3574 1976 crea-

1986 2031 2141 2085 turae,
2165 2027 2219 2073 et
2248 2031 2359 2071 non
2390 2013 2664 2077 Creatori,
2700 2015 2872 2069 multo
2905 2012 3224 2079 immanius,
3254 2030 3417 2084 quam
3442 2029 3575 2086 gen-

1987 2113 2109 2166 tiles
2146 2108 2270 2179 ipsi,
2295 2106 2594 2162 insaniens.
2628 2105 2809 2176 Neque
2831 2107 2977 2160 enim
3008 2122 3072 2160 eo
3103 2107 3400 2175 impietatis
3431 2106 3570 2160 ada-

1986 2206 2060 2259 cti
2100 2211 2231 2259 sunt
2274 2200 2564 2255 numinum
2598 2198 2971 2263 multitudine,
3004 2208 3065 2254 ut
3102 2198 3266 2254 Deum
3306 2208 3575 2255 creatura:

1987 2294 2376 2356 assimilarent,
2406 2299 2459 2346 et
2496 2290 2837 2361 angelorum,
2882 2301 3222 2359 sanctorum,
3253 2303 3418 2363 atque
3451 2294 3574 2347 ani-

1990 2403 2202 2440 marum
2228 2384 2466 2440 essentia
2500 2382 2818 2437 inferiorem
2861 2384 3211 2453 pejoremque
3246 2394 3569 2439 statuerent.

1988 2474 2234 2545 Namque
2259 2483 2453 2530 natura
2478 2474 2796 2544 angelorum
2824 2474 3032 2543 perpici
3059 2489 3166 2529 non
3191 2476 3353 2541 valet,
3380 2491 3574 2544 quem-

1989 2568 2284 2623 admodum
2322 2581 2501 2637 neque
2533 2566 2751 2620 animm.
2795 2565 3045 2621 Palamas
3083 2583 3213 2621 vero
3248 2568 3360 2636 ait,
3403 2568 3571 2625 Deum

1990 2660 2227 2731 speciem
2251 2660 2452 2713 habere
2483 2658 2775 2725 visibilem,
2798 2660 3103 2714 naturalem
3140 2661 3241 2731 ipsi
3290 2673 3343 2717 et
3386 2678 3576 2718 essm-

1993 2752 2200 2806 tialem.
2242 2750 2520 2805 Invisibile
2561 2766 2726 2821 porro
2763 2752 2934 2806 multo
2983 2762 3068 2808 est
3118 2753 3320 2808 visibili
3380 2755 3575 2811 melius

1993 2859 2057 2899 ac
2087 2843 2477 2914 prmstabilius.
2509 2843 2695 2912 Neque
2732 2845 2834 2899 hac
2864 2844 3075 2899 ratione
3102 2846 3277 2901 solum
3322 2847 3374 2900 in
3408 2848 3574 2903 Deum

1993 2937 2195 3005 impius
2229 2936 2352 3000 fuit,
2384 2936 2478 2990 sed
2532 2946 2588 2991 et
2637 2936 2875 3006 scipsum
2931 2938 3095 2992 Deum
3138 2939 3473 3005 increatum,
3524 2950 3581 2993 et

1992 3029 2202 3096 absque
2239 3027 2510 3097 principio
2543 3043 2665 3081 esse
2700 3028 2983 3094 decrevit;
3016 3045 3141 3084 nam
3180 3032 3399 3093 asserit,
3434 3031 3577 3087 infe-

1995 3120 2160 3175 rioris
2193 3119 2419 3174 Deitatis
2450 3120 2705 3174 homines
2734 3122 3042 3190 participes.
3071 3139 3191 3193 quae
3215 3139 3309 3179 eos
3340 3126 3579 3186 (leiiicat,

310 3211 534 3266 modum
564 3210 786 3264 divinus
823 3208 899 3262 ait
928 3208 1245 3277 Apostolus.
1273 3206 1407 3262 Nam
1442 3223 1564 3262 cum
1597 3223 1761 3262 unam
1783 3208 1886 3278 ipsi
1916 3201 1959 3259 C
1993 3222 2281 3269 cernentes
2308 3213 2491 3268 lumen
2520 3213 2653 3268 illud
2691 3213 2858 3268 Deum
2890 3216 3208 3272 inferiorem
3240 3219 3419 3275 oculis
3447 3236 3575 3275 cor-

313 3302 581 3356 Deitatem
625 3302 678 3354 in
732 3300 907 3354 tribus
952 3299 1342 3370 hypostasibus
1367 3297 1726 3353 conﬁteamur
1756 3298 1893 3352 sim-

311 3396 507 3465 plicem
544 3405 708 3462 atque
736 3391 1053 3457 indivisam,
1085 3392 1175 3445 ille
1208 3391 1407 3444 multas
1441 3390 1680 3445 Deitates
1714 3389 1892 3460 palam

311 3486 574 3557 praedicat
600 3500 796 3554 parvas
822 3493 877 3537 et
908 3498 1156 3551 magnas,
1189 3494 1240 3536 et
1287 3483 1428 3537 hanc
1454 3497 1617 3536 unam
1650 3483 1704 3536 in
1751 3481 1897 3537 mul-

313 3586 400 3630 tas
430 3576 712 3644 discerpit,
751 3584 805 3628 et
828 3589 989 3627 uuam
1016 3574 1234 3641 quidem
1266 3574 1628 3641 superiorem,
1656 3574 1895 3642 reliquas

311 3666 623 3740 inferiores,
658 3666 773 3720 sive
806 3680 870 3720 ea
906 3665 1171 3726 minores,
1210 3666 1373 3719 sicuti
1404 3674 1688 3721 creaturas
1741 3665 1894 3732 facit,

312 3768 369 3814 et
407 3757 743 3828 superiorem
799 3758 1097 3811 eSsentiaut
1135 3755 1229 3809 Dei
1286 3755 1544 3825 appellat,
1595 3756 1896 3811 inferiores

312 3849 642 3906 cssentiales
673 3847 1047 3917 operationes,
1086 3859 1139 3903 et
1169 3847 1461 3903 facultates
1492 3849 1659 3916 illius,
1687 3857 1741 3902 et
1770 3850 1900 3903 cha-

316 3941 568 3999 rismata,
606 3952 728 4007 quae
774 3947 1055 4007 operatur,
1106 3948 1289 3992 creata
1337 3952 1555 4008 nempe,
1602 3949 1656 3991 et
1705 3954 1899 3994 rursus

316 4035 586 4097 int-reata,
618 4037 763 4101 quod
790 4047 898 4087 non
938 4040 1149 4086 tantum
1182 4029 1465 4102 gentilium
1493 4039 1595 4096 est,
1623 4038 1676 4084 ct
1697 4031 1901 4086 multos

316 4108 715 4180 deosﬁuducit
761 4142 773 4177 :
814 4124 1029 4178 unicam
1083 4125 1228 4178 enim
1280 4122 1544 4177 Deitatem
1595 4124 1648 4176 in
1700 4124 1902 4178 multos

317 4225 452 4279 deos
486 4223 757 4278 concidit:
786 4221 881 4277 sed
917 4221 1082 4276 etiam
1113 4220 1414 4273 vanitatum
1461 4218 1676 4289 plenum
1709 4231 1814 4283 est,
1851 4227 1905 4273 et

320 4332 348 4369 a
381 4323 562 4369 mente
612 4313 844 4368 consilio
866 4329 951 4382 lue
982 4313 1140 4383 plane
1167 4312 1469 4366 diductum.
1496 4311 1585 4366 Ait
1615 4324 1905 4380 corporeo-

323 4421 445 4460 rum
488 4406 774 4460 oculorum
810 4405 1027 4459 obtutui
1078 4402 1276 4471 subjici
1308 4404 1613 4458 naturalem
1648 4402 1742 4458 Dei
1789 4403 1905 4457 for-

322 4516 491 4561 mam,
518 4510 572 4553 et
601 4498 889 4560 Deitatem,
912 4511 1078 4566 quant
1108 4496 1425 4550 inferiorem
1452 4495 1713 4552 Deitatem
1738 4512 1905 4551 enun-

1999 3308 2203 3375 poreis,
2233 3305 2343 3358 ﬁeri
2376 3304 2505 3359 deos
2567 3305 2837 3361 increatos
2871 3318 2923 3361 et
2973 3309 3092 3363 sine
3144 3311 3432 3381 principio.
3468 3311 3582 3369 Hoc

1998 3405 2178 3448 autem
2210 3410 2317 3447 non
2352 3395 2510 3465 longe
2540 3396 2693 3450 abest
2721 3396 2789 3450 ab
2818 3411 2903 3458 eo,
2934 3398 3080 3467 quod
3129 3399 3425 3470 aliquando
3458 3404 3583 3463 dia-

2000 3488 2159 3542 bolus
2196 3502 2365 3543 ausus
2401 3496 2504 3549 est,
2538 3504 2661 3543 cum
2697 3488 2871 3544 dixit:
2900 3506 2919 3541 ι
2960 3489 3165 3546 Ponam
3190 3494 3372 3548 sedem
3402 3511 3580 3551 meum

2001 3593 2168 3646 super
2203 3580 2374 3633 nubes
2397 3620 2410 3639 ,
2444 3588 2499 3633 rt
2531 3594 2627 3637 ero
2662 3581 2859 3637 similis
2891 3581 3199 3638 Altissimo.
3250 3604 3268 3636 ι
3306 3584 3448 3640 Sane
3483 3588 3586 3644 hac

2003 3667 2284 3737 inzpietate
2337 3671 2482 3725 nulla
2536 3682 2715 3741 pctest
2775 3675 3076 3735 excogitari
3125 3678 3388 3743 atrocior,
3423 3695 3584 3749 quam

1950 3799 1956 3806 .
2009 3776 2134 3815 cum
2186 3778 2242 3815 se
2307 3759 2487 3817 homo'
2506 3762 2670 3820 Deum
2708 3765 3008 3822 incteatum
3052 3776 3106 3822 et
3153 3769 3273 3823 sine
3315 3771 3585 3841 principio

2002 3851 2123 3907 ﬁeri
2145 3854 2335 3922 jactat.
2370 3856 2433 3909 Et
2473 3857 2523 3910 id
2555 3867 2642 3912 est
2670 3859 2814 3927 quod
2854 3860 2984 3914 olim
3020 3860 3287 3918 Dominus
3318 3863 3588 3933 praedixe-

2003 3957 2109 4009 rat,
2152 3964 2170 3996 ι
2212 3946 2443 4002 Venient
2493 3951 2897 4018 pseudochristi
2945 3961 2998 4007 et
3051 3955 3540 4025 pseudopropIu-t:e
3569 3999 3584 4023 ,

2003 4048 2055 4091 et
2091 4038 2294 4091 dabunt
2341 4039 2499 4107 signa
2531 4049 2597 4111 et‘
2614 4042 2859 4109 prodigia
2890 4044 2942 4097 in
2970 4046 3170 4113 populo
3207 4063 3219 4098 :
3257 4056 3312 4101 et
3350 4049 3395 4103 si
3431 4050 3588 4106 vobis

2004 4129 2265 4192 dixerint,
2298 4128 2434 4185 Ecce
2466 4130 2556 4185 hic
2577 4131 2828 4188 Christus
2856 4142 2960 4200 est,
2987 4140 3069 4189 vel
3101 4152 3227 4190 ecce
3254 4139 3349 4203 ibi,
3376 4155 3443 4196 ne
3468 4157 3590 4197 cre-

2004 4220 2145 4275 datis
2183 4219 2313 4273 illis.
2347 4239 2365 4271 »
2401 4220 2467 4275 Hi
2504 4222 2690 4291 itaque
2716 4231 2927 4277 tantum
2966 4240 3072 4277 non
3104 4225 3206 4281 hoc
3235 4228 3463 4295 dicunt,
3494 4247 3589 4287 ve-

2005 4328 2127 4367 rum
2172 4311 2433 4366 Deitatem
2464 4327 2587 4368 esse
2622 4314 2762 4383 apud
2797 4313 2946 4383 ipsos
2975 4319 3254 4386 corporeis
3299 4322 3475 4377 oculis
3507 4325 3589 4378 vi-

2009 4420 2152 4471 sam,
2181 4420 2349 4474 seque
2394 4405 2542 4475 ipsos
2603 4422 2719 4460 esse
2772 4404 2904 4462 deos
2956 4408 3249 4469 iucrcatos.
3300 4411 3414 4469 Hoc
3462 4430 3591 4469 vero

2011 4493 2213 4549 Paulus
2272 4494 2340 4549 de
2393 4495 2735 4550 Antichristo
2783 4499 3113 4556 enuntiavit.
3173 4520 3192 4553 ι
3239 4502 3372 4557 Cum
3434 4521 3591 4561 reve-

323 4594 444 4653 tiat,
477 4600 529 4645 et
555 4586 721 4645 Deum
752 4587 1079 4652 secundum,
1111 4596 1162 4642 et
1190 4602 1441 4658 parvum,
1474 4587 1540 4640 ad
1580 4602 1683 4643 nos
1725 4604 1899 4657 usque
1934 4593 1974 4647 ο
2004 4586 2208 4641 labitur
2238 4586 2417 4648 exlex,
2451 4587 2691 4657 seipsum
2727 4604 2892 4659 super
2914 4604 3131 4646 omnem
3169 4595 3378 4649 cultum
3408 4597 3586 4651 extol-

324 4683 750 4751 pervenientem,
799 4690 852 4735 et
899 4681 1059 4736 nobis
1104 4680 1394 4735 visibilem.
1443 4679 1593 4745 Quod
1630 4682 1900 4749 superior,

322 4773 525 4841 inquit,
556 4768 809 4827 excelsus
836 4780 939 4834 est,
974 4786 1072 4826 nec
1104 4770 1242 4826 visui
1283 4780 1451 4840 patet.
1484 4769 1582 4826 Hic
1614 4788 1743 4826 vero
1769 4774 1904 4843 infe-

325 4867 442 4921 rior
489 4864 655 4931 Deus,
698 4865 791 4934 qui
842 4865 1080 4930 videtur,
1113 4872 1167 4919 et
1211 4864 1330 4918 alia:
1376 4864 1632 4928 Deitates,
1678 4865 1905 4932 aequalis

324 4975 451 5013 cum
488 4973 554 5012 eo
585 4957 889 5021 facultatis,
917 4972 1058 5027 quas
1092 4967 1395 5025 nuncupat,
1424 4967 1476 5011 et
1506 4956 1745 5026 Spiritus
1776 4973 1904 5010 sau-

325 5052 811 5113 ctos,etincrcata
867 5049 971 5115 alia
1018 5061 1222 5105 sancta:
1252 5048 1493 5114 Triadis,
1539 5065 1715 5118 eaque
1763 5050 1905 5103 infe-

325 5143 474 5195 ricta
504 5140 720 5196 inﬁnite
751 5140 992 5207 inﬁnita,
1025 5143 1127 5194 hoc
1157 5150 1242 5195 est
1284 5141 1492 5210 absque
1532 5142 1640 5194 ulla
1679 5157 1905 5209 compu-

324 5235 538 5289 ratione
568 5235 632 5288 ad
672 5248 756 5300 ea,
791 5233 1252 5303 quemadmolum
1284 5242 1340 5287 et
1386 5231 1610 5301 reliquae
1645 5242 1907 5287 erratum:

325 5327 716 5382 desciscentia.
750 5326 860 5381 Has
901 5326 1088 5395 itaque
1125 5326 1386 5387 Deitates,
1421 5333 1476 5378 et
1510 5325 1609 5377 hos
1642 5324 1904 5393 Spiritus,

325 5427 382 5473 et
408 5417 678 5477 visibilem
715 5417 977 5471 Deitatem
1019 5417 1093 5471 ait
1125 5416 1181 5469 iu
1241 5413 1513 5470 creaturis
1545 5429 1699 5482 teque
1746 5423 1909 5482 atque

326 5511 509 5581 ipsum
546 5507 716 5563 Demn
768 5511 1007 5579 operari,
1040 5509 1200 5561 aliam
1244 5507 1577 5570 illuminare,
1617 5504 1779 5559 aiiam
1811 5522 1907 5565 cx.-

327 5618 578 5671 purgare,
612 5600 774 5655 aliam
814 5602 1116 5663 \‘iviﬁcat'e,
1149 5600 1310 5653 aliam
1364 5599 1473 5654 alio
1524 5602 1685 5654 modo
1721 5615 1906 5654 rerum

326 5707 517 5747 curam
546 5708 755 5761 gerere,
781 5702 833 5745 et
870 5706 1310 5760 unamquamque
1338 5689 1617 5761 proprium
1642 5706 1780 5759 opus
1807 5690 1910 5743 sibi

330 5786 646 5848 vinalicure,
698 5794 749 5837 rt
803 5785 1015 5853 operari
1054 5803 1066 5837 :
1101 5794 1156 5837 ut
1212 5799 1319 5836 nun
1374 5792 1581 5836 tantum
1632 5783 1909 5849 gentilium

332 5878 564 5947 plurima
586 5881 812 5933 numina
847 5877 1179 5937 introilurat,
1206 5875 1296 5929 scd
1327 5885 1375 5928 tl
1399 5873 1532 5942 Arii,
1562 5883 1613 5929 et
1639 5872 1912 5933 Eunomii,

583 5975 852 6031 PATttUL.
893 5970 1008 6027 (in.
1042 5969 1168 6029 CL.

2008 4677 2146 4741 lens,
2173 4689 2227 4731 et
2255 4676 2464 4732 sedebit
2494 4678 2545 4731 in
2583 4681 2804 4748 templo,
2840 4681 3031 4735 direns
3059 4696 3117 4735 se
3143 4682 3320 4750 ipsum
3354 4682 3578 4741 Deum.)

2006 4769 2146 4834 Quid
2173 4769 2318 4823 enim
2359 4770 2534 4839 magis
2561 4768 2814 4840 iactabit,
2847 4787 2968 4827 cum
3003 4771 3089 4827 ille
3112 4774 3321 4827 venerit
3342 4776 3363 4827 ?
3384 4785 3438 4829 et
3458 4781 3588 4846 quid

2008 4869 2060 4919 in
2093 4865 2485 4920 sabiimitatem
2527 4865 2617 4919 Dei
2653 4867 2908 4930 insaniet,
2937 4876 2987 4921 et
3013 4867 3416 4936 blasphemabit
3439 4882 3589 4926 atro-

2008 4958 2147 5020 eius,
2195 4973 2357 5025 quam
2397 4974 2519 5011 eum
2553 4973 2611 5012 se
2652 4958 2784 5011 dicit
2834 4958 3001 5012 Deum
3050 4958 3351 5013 inc‘reatum
3386 4970 3439 5014 et
3473 4963 3594 5017 sine

2012 5047 2322 5118 principio?
2358 5049 2503 5116 quod
2532 5064 2687 5121 nunc
2708 5046 2957 5103 Palanms
2984 5048 3295 5109 afﬁrmavit,
3323 5062 3377 5104 et
3403 5067 3590 5107 coram

2010 5142 2265 5193 ()rllibtts
2318 5140 2525 5192 dmuil.
2564 5141 2742 5203 Quare
2791 5148 2885 5191 aut
2932 5138 3022 5193 hic
3073 5139 3304 5195 Satanas
3347 5152 3448 5207 est,
3499 5154 3595 5198 aut

2013 5247 2320 5301 praecursor
2352 5228 2518 5295 illius,
2555 5246 2677 5285 cum
2707 5230 2818 5298 jam
2851 5241 2905 5284 et
2956 5232 3080 5285 linis
3131 5235 3314 5287 saeculi
3346 5274 3362 5298 ,
3416 5245 3489 5298 et,
3539 5248 3603 5291 ut.

2012 5324 2128 5391 ipse
2168 5323 2385 5390 opinor,
2432 5322 2740 5385 immutatio
2775 5321 3016 5376 universi
3051 5340 3215 5392 prope
3244 5326 3334 5391 sit,
3365 5336 3417 5381 et
3461 5327 3593 5379 bea-

2015 5424 2123 5478 tus,
2158 5412 2252 5480 qui
2287 5412 2542 5465 mandata
2581 5411 2803 5476 Christi,
2831 5422 2885 5465 et
2917 5412 3064 5467 illius
3094 5413 3509 5484 discipulorum,
3539 5427 3592 5470 et

2014 5505 2238 5559 Patrum
2277 5507 2494 5559 decreta
2533 5513 2679 5558 saata
2724 5514 2865 5559 tet-ta
2900 5509 3181 5572 servabit,
3211 5518 3265 5562 et
3312 5509 3379 5560 ab
3408 5524 3593 5562 errore

2012 5595 2426 5656 I‘alantiarum,
2456 5607 2511 5647 ut
2548 5596 2615 5647 ab
2648 5594 2771 5666 igne
2824 5605 2877 5649 et
2920 5598 3143 5651 coluhro
3178 5598 3377 5651 intacta
3416 5598 3593 5651 tuebi-

2016 5699 2125 5746 tur,
2178 5691 2320 5755 quot
2368 5688 2482 5740 hth
2519 5688 2587 5741 sit
2620 5688 2853 5756 pessima
2891 5689 3146 5742 Ecclesia!
3180 5704 3315 5741 noxa
3341 5729 3353 5748 ,
3391 5699 3444 5743 et
3478 5708 3596 5742 om-

2017 5780 2169 5833 ninm
2210 5778 2301 5846 qui
2335 5793 2573 5846 unquam
2599 5791 2755 5833 antea
2790 5781 3010 5842 iuerint,
3034 5797 3190 5834 erret‘
3220 5781 3594 5849 impiissiuuts.

2021 5870 2189 5938 lliue
2230 5877 2328 5935 cst,
2374 5878 2433 5922 ut
2467 5886 2607 5934 reor,
2639 5873 2776 5938 quol
2814 5890 2863 5925 en
2906 5887 3144 5925 errorem
3179 5871 3391 5925 induco:
3430 5876 3593 5927 etiam

2980 5964 3115 6045 _".’.3
