4108 6316
676 505 901 562 electos,
937 499 1095 555 sicmi
1130 514 1161 553 a
1193 498 1421 554 Domino
1454 500 1779 571 praedicente
1818 503 2097 560 audimus.
2127 505 2240 578 0p-

677 595 869 646 timum
910 592 1096 662 itaque
1124 607 1271 646 nunc
1304 592 1487 659 fuerit,
1522 603 1579 647 ut
1611 595 1923 665 quicunque
1958 598 2045 666 pie
2072 600 2234 654 vitam

677 701 838 754 agere
870 694 991 741 avet
1017 687 1084 740 ab
1118 702 1304 740 errore
1335 688 1437 742 isto
1463 689 1925 757 perniciosissimo
1960 695 2238 759 immunis,

678 778 1105 847 apostolicorum
1166 778 1461 833 verborum
1534 796 1738 836 memor
1803 785 1892 838 sit.
1948 784 2245 851 Quorum?

686 886 703 918 σ
753 868 905 923 Licet
933 870 1157 938 angelus
1186 870 1252 923 dc
1278 870 1415 925 cmlo
1450 862 1899 941 evangelizaverit
1928 877 2083 931 vobis
2110 894 2246 947 prac-

678 968 760 1010 ter
793 959 841 1011 id
878 960 1018 1027 quod
1061 960 1374 1029 accepistis,
1440 964 1730 1019 anathema
1776 965 1867 1020 sit.
1905 986 1925 1019 ι
1981 968 2244 1025 Profanas

681 1063 954 1117 novasque
983 1063 1143 1103 voces
1182 1052 1528 1117 contundito,
1579 1056 1632 1107 in
1687 1044 2045 1125 iuéentiorem
2097 1061 2243 1113 enim

678 1139 1011 1208 impietatem
1046 1153 1387 1207 excrescent,
1428 1154 1476 1199 et
1512 1161 1693 1201 sermo
1728 1149 1991 1218 ipsorum,
2023 1160 2082 1205 ut
2116 1167 2247 1221 gan-

677 1245 880 1297 graena,
930 1245 1191 1300 pascuum
1231 1235 1479 1301 Izabrbit;
1513 1238 1777 1292 doctrinis
1809 1241 1976 1296 variis
2000 1251 2054 1295 et
2089 1256 2245 1311 pere-

676 1323 846 1388 griuis
880 1339 949 1377 ne
982 1339 1268 1394 perperam
1302 1331 1652 1383 moveamini.
1688 1348 1707 1383 ι
1740 1331 1805 1384 Ει
1832 1333 1958 1397 erit,
1994 1334 2092 1399 ait,
2117 1345 2251 1389 tem-

677 1428 807 1482 pus,
840 1428 965 1467 cum
991 1429 1179 1470 sanam
1213 1417 1516 1473 doctrinam
1547 1436 1654 1475 non
1687 1422 2041 1478 sustinebunt
2074 1425 2250 1479 homi-

677 1520 811 1571 nes,
850 1510 944 1560 sed
982 1507 1278 1562 secundum
1334 1510 1552 1579 propria
1589 1512 1861 1568 desideria
1889 1555 1904 1577 ,
1961 1515 2062 1569 sibi
2117 1517 2250 1584 ipsis

678 1599 1084 1653 coacervabunt
1130 1601 1424 1669 magistros
1448 1641 1462 1666 ,
1507 1604 1816 1672 prurientes
1844 1605 2090 1670 auribus,
2131 1619 2184 1662 et
2222 1626 2249 1662 a

679 1693 905 1748 veritate
954 1693 1168 1763 quidem
1223 1709 1385 1751 aures
1428 1706 1705 1763 avertent,
1752 1700 1818 1754 ad
1857 1679 2080 1756 .fabulas
2117 1692 2269 1754 vero'

680 1793 1086 1848 convertentur,
1118 1795 1172 1840 et
1212 1794 1372 1842 erunt
1421 1787 1565 1861 inter
1606 1804 1704 1845 vos
1750 1792 2207 1862 pscudomagistri
2237 1833 2251 1856 ,

678 1877 1140 1946 quemadmodum
1172 1888 1227 1933 et
1272 1880 1401 1934 olim
1448 1882 1942 1952 pseudopropheta:
1989 1884 2249 1949 fuerunt,

681 1972 774 2040 qui
821 1973 1171 2029 introducent
1223 1985 1402 2030 sectas
1450 1976 1793 2045 perditionis,
1848 1993 1943 2047 per
1976 1995 2112 2048 quos
2170 1982 2253 2034 via

680 2066 934 2132 puritatis
981 2066 1473 2135 blaspltemabitur.
1516 2077 1570 2123 et
1612 2070 1666 2122 in
1708 2084 1871 2123 avara
1913 2069 2257 2127 l'raudatione

681 2156 823 2214 tictis
853 2159 1195 2214 sermonibus
1243 2158 1309 2213 de
1356 2161 1511 2216 vobis
1563 2162 2005 2232 negotiabnntur,
2058 2165 2259 2235 quibus

677 2251 943 2317 judicium
973 2251 1081 2320 jam
1118 2251 1246 2305 olim
1278 2267 1388 2307 non
1438 2262 1636 2321 ressat,
1678 2265 1730 2308 ct
1772 2256 2013 2324 perditio
2062 2271 2256 2311 eorum

679 2358 785 2395 non
816 2342 1051 2396 mutabit
1072 2357 1191 2397 cor.
1216 2341 1534 2399 Permancte
1557 2345 1742 2414 itaque
1765 2346 1818 2399 in
1851 2347 2044 2409 lide,ct
2074 2358 2256 2403 tenete

679 2432 1023 2498 traditiones,
1075 2447 1215 2503 quas
1269 2436 1558 2504 accepistis
1589 2444 1652 2489 et.
1683 2446 1888 2489 certate
1946 2455 2041 2504 pro
2090 2442 2257 2494 semel

642 2523 992 2579 concredita
1042 2524 1145 2580 [ide
1184 2525 1409 2581 sanctis.
1460 2545 1478 2578 ι
1529 2526 1653 2581 Hac
1699 2536 1752 2581 et
1810 2528 2009 2582 similia
2064 2546 2261 2600 propo-

683 2614 864 2668 nenda
901 2626 1030 2669 sunt
1059 2631 1089 2669 e
1125 2617 1296 2672 sacris
1333 2616 1576 2682 Litteris,
1628 2621 1924 2686 przcscrtim
1975 2621 2079 2675 hoc
2123 2632 2260 2676 tem-

690 2719 841 2771 pore,
871 2705 938 2758 ad
972 2704 1355 2760 deszevientem
1384 2721 1625 2762 errorem
1662 2708 2094 2777 propellendum.
2131 2716 2261 2766 Om-

689 2795 773 2846 nia
812 2795 877 2848 ad
910 2796 1323 2857 instructionem
1359 2805 1606 2851 nostram
1642 2799 1841 2869 scripta
1871 2807 2032 2863 sunt,
2067 2808 2124 2853 ut
2156 2810 2261 2854 tra-

639 2892 646 2900 '
683 2885 855 2939 ditum
893 2894 974 2940 est
1010 2886 1064 2940 in
1107 2886 1329 2943 Christo
1360 2886 1489 2943 Jesu
1527 2889 1758 2943 Domino
1790 2900 1999 2954 nostro,
2031 2892 2115 2945 cui
2146 2892 2260 2961 glo-

686 2975 783 3036 ria,
814 2985 867 3030 et
905 2985 1146 3046 potestas
1182 2991 1303 3030 cum
1340 2975 1498 3032 Patre
1533 2978 1707 3047 ipsius
1738 2980 1859 3035 sine
1890 2980 2182 3054 principio,
2208 2990 2261 3036 et

685 3067 1053 3132 sanctiSsinto,
1094 3078 1149 3122 et
1187 3069 1470 3133 muniﬁco,
1510 3070 1835 3139 viviﬁcoque
1875 3070 2120 3142 Spiritu,
2164 3074 2257 3127 uni

691 3158 886 3213 Deitati
919 3169 974 3215 ct
1005 3160 1199 3230 gloria,
1241 3170 1294 3216 ct
1317 3173 1550 3232 regnum
1585 3163 1639 3216 in
1683 3163 1881 3219 saecula
1913 3166 2258 3220 saeculorum.

1848 382 1948 444 DE
1988 384 2389 450 GREGORIO
2433 394 2520 451 PA
2535 387 2735 455 l.AM.\

3875 385 3947 449 ὃῗὸ

2268 514 2317 572 Α
2346 512 2535 565 Amen.
2580 530 2597 561 ι
2639 511 2705 564 Ει
2739 515 2851 565 haec
2882 510 2947 563 dc
2985 509 3219 563 puiatmﬂ}
3258 505 3580 560 erroribus
3649 502 3947 556 bmresibus.

2349 619 2455 674 que
2490 619 2634 658 nunc
2668 603 2803 657 satis
2839 603 2980 657 sint:
3010 601 3246 668 reliquas
3282 599 3389 652 alio
3426 597 3579 651 loco
3606 600 3946 665 opportunius

2349 692 3011 750 alfercmus.Pbilotheum
3056 706 3183 745 vero
3216 690 3658 760 patriarcham,
3689 690 3790 756 qui
3826 688 3885 740 ita
3911 690 3945 738 in

2296 837 2310 848 ,
2349 785 2582 839 Palamze
2626 784 2812 838 laudes
2848 780 3055 837 elfusus
3093 794 3176 835 ρει
3204 819 3218 842 ,
3251 778 3510 832 Palamm
3581 777 3647 829 in
3727 776 3948 828 omuiirs

2349 878 2606 941 haereses,
2632 879 2786 946 quasi
2817 874 3166 930 baercditario
3192 872 3313 940 jure
3336 880 3623 926 secutum
3687 884 3833 932 esse,
3868 886 3947 920 non

2354 969 2535 1023 minus
2570 984 2634 1023 eo
2666 972 2717 1022 in
2752 968 2976 1022 Latinos
3002 968 3126 1023 odio
3155 966 3416 1020 inlectum
3451 1002 3469 1024 ,
3514 962 3673 1016 satis
3746 961 3947 1028 probam

2354 1061 2475 1117 libri
2509 1062 2629 1130 eius
2659 1061 2994 1130 quindecim,
3052 1073 3190 1128 quos
3237 1057 3521 1111 adversus
3596 1054 3944 1122 Nicephorum

2350 1156 2642 1226 Gregoram
2690 1155 2926 1209 Palamae
3001 1151 3372 1207 adversarium
3423 1147 3816 1217 conscripsit.
3872 1144 3946 1198 ilic

2350 1251 2777 1318 patriarcbatum
2804 1248 2943 1301 rexit
2969 1259 3111 1301 anno
3148 1243 3366 1298 Domini
3409 1242 3601 1303 i562,
3635 1242 3747 1295 sub
3764 1238 3942 1294 Joanne

2350 1340 2677 1408 Pnlzeulogo,
2715 1353 2888 1392 annos
2931 1337 3150 1407 triginta
3190 1335 3411 1390 circiter
3450 1343 3600 1402 post
3633 1330 3937 1389 Palamam.

2353 1442 2477 1483 cum
2536 1429 2650 1496 ipse
2697 1426 2844 1480 dicat
2884 1425 3164 1478 Palamam
3217 1423 3319 1477 sub
3363 1419 3716 1477 Andronico
3756 1433 3819 1475 ex
3862 1416 3938 1470 Pa-

2355 1518 2591 1587 lazologis
2643 1526 2841 1585 quarto
2892 1514 3183 1577 ﬂoruisse,
3242 1528 3364 1583 pag.
3425 1513 3532 1578 98,
3591 1527 3651 1566 a.
3708 1525 3761 1566 c.
3815 1511 3862 1562 Ι.
3905 1508 3934 1560 l.

2355 1613 2463 1668 Τοῦ
2493 1611 2777 1664 θειοτάτου
2802 1609 2979 1661 τοίνυν
3024 1607 3291 1677 βασιλέως
3322 1604 3424 1657 τοῦ
3465 1602 3831 1674 Ἀνδρονίκου
3854 1604 3930 1666 τῆς

2356 1703 2634 1765 εὐσεϐείας
2688 1698 3120 1771 προασπίζοντος
3167 1694 3261 1748 τοῦ
3296 1694 3406 1747 τῶν
3437 1692 3845 1758 Παλαιολόγων
3865 1705 3930 1739 τε-

2357 1800 2577 1868 τάρτου,
2605 1796 2819 1858 σύνοδος
2848 1795 2970 1864 ἱερὰ
2994 1792 3395 1860 συγκροτεῖται,
3430 1788 3535 1841 καὶ
3559 1787 3664 1840 τοῦ
3691 1783 3921 1853 Βαρλαᾶμ

2357 1869 2819 1956 παραγεγονότος,
2847 1884 2940 1936 καὶ
2969 1882 3079 1935 τῶν
3130 1879 3294 1932 αὐτοῦ
3335 1876 3634 1947 προδεὸλη
3646 1876 3826 1945 μένων
3851 1889 3923 1925 κιο

2358 1978 2592 2045 κοδόξων
2622 1978 2933 2047 δογμάτων,
2959 1975 3056 2029 καὶ
3092 1971 3234 2027 κατὰ
3294 1970 3404 2023 τῶν
3466 1968 3734 2023 εὐσεϐῶν
3786 1982 3919 2031 κατῃ-

2358 2071 2685 2140 γορημάτων
2745 2069 3060 2137 Πνεῦματος
3120 2065 3265 2117 θείου
3347 2061 3626 2131 πλησθεὶς
3686 2060 3715 2112 6
3777 2058 3920 2127 μέγας

2358 2161 2678 2232 Γρηγόριος,
2698 2161 2789 2214 καὶ
2808 2159 3035 2228 δύναμιν
3066 2155 3276 2224 ἄμαχον
3297 2152 3775 2223 περιϐαλλόμενος
3799 2148 3917 2200 ἄνω·

2359 2253 2450 2305 θεν
2482 2251 2542 2305 τὸ
2580 2251 2723 2305 κατὰ
2759 2249 2897 2303 Θεοῦ
2931 2246 3181 2319 ἀνοιχθὲν
3220 2246 3393 2299 ἐκεῖνο
3431 2245 3614 2313 στόμα
3670 2240 3919 2310 ἐφίμωσε,

2359 2362 2414 2399 κ.
2451 2363 2502 2399 τ.
2536 2345 2587 2397 λ.
2630 2362 2648 2394 ι
2678 2342 3574 2410 Divinissimoitaqueimperatore
3600 2332 3915 2390 Androtion,

2362 2437 2617 2505 pietatem
2643 2442 3032 2504 propugnante,
3056 2434 3281 2503 quierat
3307 2440 3528 2501 quartus
3542 2445 3572 2483 e
3587 2423 3916 2490 PalaeologiS.

2362 2542 2515 2581 sacra
2545 2526 2786 2597 synodus
2814 2531 3166 2579 convocatur.
3201 2523 3260 2577 ln
3293 2538 3413 2577 eam
3444 2536 3569 2576 cum
3608 2514 3915 2573 accessisset

2362 2617 2701 2683 Barlaamus,
2719 2617 2862 2671 illius
2881 2615 3021 2670 male
3033 2615 3316 2670 sentientis
3328 2614 3637 2670 enormibus
3653 2607 3911 2680 dogmati-

2362 2708 2486 2774 bus,
2520 2724 2619 2763 nec
2646 2724 2753 2763 non
2785 2715 2972 2763 contra
3004 2707 3122 2776 pios
3149 2706 3297 2761 viros
3328 2703 3759 2761 accusationibus
3789 2713 3907 2769 prn-

2364 2801 2575 2871 positis,
2609 2800 2795 2853 divino
2828 2796 3035 2868 Spiritu
3065 2794 3545 2868 repletus'magnus
3584 2792 3898 2860 Gregorius.

2363 2897 2416 2944 et
2444 2889 2642 2943 robore
2682 2888 2901 2943 caelitus
2934 2889 3040 2944 sibi
3088 2902 3352 2943 concesso
3381 2880 3765 2952 inexpugnabili
3789 2879 3894 2927 eir-

2364 2980 2744 3043 cumvallatus,
2781 2995 2842 3034 os
2874 2980 3008 3033 illud
3037 2986 3232 3059 contra
3261 2978 3411 3031 Deum
3440 2977 3739 3041 adapertum
3786 2968 3882 3016 ob.

2365 3074 2516 3129 duxit
2546 3092 2563 3124 ι
2593 3085 2695 3127 etc.
2735 3073 2865 3127 Vide
2895 3074 3082 3135 etiam,
3110 3088 3232 3141 quze
3254 3072 3317 3125 de
3338 3070 3532 3125 Palama
3572 3062 3728 3117 habet
3749 3062 3877 3112 Gri:-

2356 3166 2528 3235 'gnras
2560 3165 2651 3218 lib.
2685 3180 2761 3229 xl,
2801 3179 2924 3232 cap.
2964 3164 3046 3227 15,
3089 3164 3293 3218 Histor.
3323 3160 3457 3214 Rom.

2287 1872 2326 1926 Β

1917 3385 2451 3397 mm
2470 3386 2877 3394 ...ς’-...ψῄή
2904 3388 2924 3391 ,ε

1727 3587 1871 3674 DE
1962 3582 2272 3671 EODE

2294 3582 2893 3668 biPALAMA

852 3804 937 3863 Ex
973 3800 1252 3880 ejusdem
1304 3801 1527 3863 Leonis
1558 3800 1764 3881 nllatii
1802 3814 1998 3878 opere
2029 3799 2114 3857 De
2165 3795 2464 3857 Ecclesia:
2501 3794 2923 3858 Occidentalis
2965 3805 3022 3858 et
3059 3793 3405 3859 Orientalis
3450 3798 3742 3874 perpetua

1526 3905 1946 3978 consensione,
1984 3901 2092 3964 lib.
2126 3902 2205 3976 Π,
2239 3919 2270 3964 c

768 4237 856 4290 111.
878 4238 990 4289 Sub
1004 4232 1210 4290 Joanne
1227 4228 1528 4298 Palaeoldgo
1555 4238 1609 4284 et
1630 4227 1842 4283 Joanne
1863 4227 2265 4292 Cantacuzeuo,

701 4329 1015 4381 Barlaamus
1039 4323 1359 4385 monachus,
1379 4330 1432 4376 et
1451 4321 1743 4390 Gregorius
1764 4317 2099 4388 Acindynus,
2127 4317 2268 4372 mul-

702 4429 878 4472 torum
896 4426 1142 4468 errorum
1164 4420 1215 4465 et
1233 4411 1509 4465 baereseon
1535 4408 1933 4471 convicti,cum
1980 4406 2097 4463 suis
2136 4406 2271 4462 scri-

702 4507 808 4579 ptis
826 4502 1167 4560 condemnati
1188 4509 1241 4554 et
1263 4497 1549 4567 proscripti
1572 4497 1834 4562 sunt;qui
1858 4496 1983 4551 licet
2008 4501 2270 4552 acerrime

702 4600 958 4657 infamem
1011 4594 1284 4648 Palamam
1340 4597 1813 4660 persequerentur,
1877 4603 1985 4643 non
2038 4589 2178 4644 inter
2207 4603 2268 4643 se

704 4700 883 4747 tamen
915 4682 1337 4747 conveniebant,
1363 4678 1455 4733 sed
1486 4693 1627 4733 unus
1650 4678 1815 4733 alium
1856 4682 2140 4750 exagitans
2162 4677 2268 4733 haer

709 4798 892 4839 rescos
930 4776 1301 4835 insimulabat.
1355 4772 1428 4826 De
1455 4770 1522 4825 iis
1546 4768 1690 4839 pleni
1723 4778 1851 4824 sunt
1903 4770 2267 4825 recentiorum

707 4877 1016 4933 Graecorum
1056 4869 1203 4925 “libri.
1263 4866 1381 4935 ipse
1438 4872 1640 4926 tamen,
1697 4876 1819 4930 quae
1860 4878 1968 4915 non
2017 4861 2271 4916 omnibus

711 4967 869 5023 obtia
895 4973 1043 5027 sunt,
1071 4958 1288 5014 addam.
1322 4956 1383 5010 Et
1407 4954 1645 5025 primum
1664 4953 1913 5007 audiatur
1934 4950 2273 5020 Acindynus:

724 5060 880 5130 Ἐμοὶ
932 5056 1079 5123 λόγοι
1140 5051 1466 5119 πεποίηνται
1525 5047 1621 5101 καὶ
1664 5044 1948 5098 ἐπιστολαὶ
1984 5036 2272 5096 δ.ἀ’πέντε

710 5130 1182 5220 τμημάτωνπρὸς
1231 5141 1497 5208 ιὶαρλαὰμ
1554 5139 1778 5199 ἐκεῖνον,
1840 5136 1930 5188 καὶ
1962 5137 2085 5188 κατ’
2109 5135 2272 5189 αὑτοῦ

714 5238 1033 5311 προθύμως,
1067 5237 1151 5302 ἐφ’
1181 5229 1259 5295 οἷς
1292 5235 1369 5294 εἰς
1404 5231 1499 5299 τὴν
1528 5228 1650 5282 καθ’
1681 5229 1829 5297 ἡμᾶς
1856 5225 2148 5296 μοναδικὴν
2179 5225 2273 5295 ὀρ-

712 5329 911 5396 θότητα
957 5325 1353 5393 ὲξημὰρτανεν.
1402 5321 1591 5378 Ὅστις
1616 5314 1743 5403 .-οὖν
1793 5314 1979 5367 ἀκούει
2013 5331 2080 5383 με
2124 5313 2276 5379 παρά

711 5437 872 5476 τινων
906 5413 1187 5484 φιλαιτίων
1220 5411 1314 5462 καὶ
1369 5408 1641 5477 ὐὸριστῶν
1687 5405 1990 5475 ἀνθρώπων
2015 5404 2111 5471 τῆς
2140 5404 2275 5472 ἀλη-

712 5515 860 5577 θείας
913 5507 1349 5574 διαϐαλλόμενον,
1414 5503 1487 5564 ὡς
1528 5502 1635 5571 ἄρα
1692 5501 1830 5569 ὑπὲρ
1885 5496 1977 5550 τοῦ
2012 5496 2274 5565 Βαρλαὰμ

714 5606 849 5675 ’πρὸς
906 5603 997 5655 τὸν
1032 5596 1296 5665 [Ισ.)αμᾶν
1324 5594 1350 5645 δ
1378 5593 1679 5660 αφέρομαι,
1721 5592 1815 5641 καὶ
1855 5589 2000 5641 ἔστιν
2029 5588 2277 5655 ἐπιεικὴς

715 5698 812 5750 καὶ
834 5692 1082 5762 ἀσφαλὴς
1100 5691 1193 5758 τῆς
1217 5685 1475 5754 ἀληθείας
1504 5681 1815 5748 ἐξεταστὴς,
1847 5680 1980 5732 ἀλλά
2010 5680 2081 5751 μὴ
2106 5680 2191 5731 ἄλ)
2205 5696 2279 5738 ως

715 5786 999 5855 φιλαίτιος,
1057 5783 1345 5851 ζητησάτω
1394 5774 1520 5836 τοὺς
1556 5773 1881 5841 εἰρημένους
1924 5772 2110 5837 λόγους
2148 5787 2271 5836 μου,

2275 3918 2375 3981 ap.
2415 3900 2509 3976 16,
2542 3918 2719 4003 num.
2753 3901 2811 3973 3,
2859 3920 2922 3981 p.
2959 3901 3094 3964 802.
3134 3962 3141 3969 .

2293 4228 2340 4291 (Ξ
2373 4224 2468 4281 καὶ
2497 4223 2817 4293 ἀναγνώτω,
2844 4225 2941 4278 καὶ
2971 4224 3179 4280 εἴσεται
3196 4224 3378 4295 χάριτι
3407 4219 3646 4294 Χριστοῦ
3666 4214 3752 4271 τοῦ
3767 4206 3897 4264 Θεοῦ.

2373 4315 2449 4378 ὡς
2476 4316 2539 4369 οὗ
2572 4315 2764 4381 δεῖνος,
2789 4314 2822 4386 ἢ
2844 4313 2938 4368 τοῦ
2968 4315 3139 4379 δεῖνος
3168 4316 3281 4384 ἐγὼ
3326 4315 3508 4385 χάριν,
3541 4313 3617 4374 ὡς
3655 4309 3718 4363 ἂν
3741 4306 3785 4357 οἱ
3803 4300 3898 4353 διαο

2375 4408 2658 4470 σάλλοντες
2680 4408 2935 4473 ῗεῖποιεν,
2983 4406 3100 4461 ἀλλ’
3155 4408 3296 4479 ὑπὲρ
3340 4408 3441 4476 τῆς
3492 4406 3604 4457 τῶν
3654 4396 3902 4486 seruam-‘1

2374 4500 2663 4569 ἀκριϐείας
2682 4500 2991 4570 ἐνίσταμαι,
3012 4501 3106 4554 καὶ⁸
3132 4500 3307 4569 ὀρθῶς
3327 4498 3533 4562 δειλιῶ,
3554 4497 3648 4549 καὶ
3674 4493 3728 4545 οι)
3751 4483 3899 4570 τολμῷ

2378 4567 2778 4663 παραδέχεσθαι
2811 4567 2909 4659 τήν
2936 4590 3138 4662 ἑτέρως
3165 4567 3542 4660 ἐκφερομένην
3569 4577 3845 4671 Oculatis":
3876 4567 3901 4633 ἦ

2377 4685 2426 4737 οἱ
2460 4685 2697 4754 Πατὲρες
2721 4683 2876 4752 ἡμῶν
2901 4683 2950 4735 οἱ
2985 4681 3234 4748 θεοφόροι
3261 4679 3591 4750 παρέδοσαν,
3630 4672 3726 4727 κᾶν
3757 4667 3902 4760 [Ιώ-(ξ’

2382 4775 2489 4844 μᾶς
2522 4774 2689 4844 αὐτὴν
2712 4772 2908 4843 φράζει
2927 4812 2942 4835 ,
2977 4771 3078 4825 κᾶν
3106 4771 3368 4840 Βαρλαὰμ
3394 4771 3423 4821 ὁ
3454 4762 3797 4835 κακόσχολο-ἳν
3824 4762 3904 4804 ﬂ"

2380 4863 2627 4918 ὁστισοῦν
2692 4863 2800 4916 τῶν
2851 4864 3127 4928 ἁπάντων,
3192 4862 3287 4914 καὶ
3348 4862 3439 4912 ἐπὶ
3496 4857 3707 4914 τούτοις
3759 4845 3902 4897 πάντα

2381 4958 2572 5011 παθεῖν
2603 4955 2952 5025 ἀναδέχομαι,
2985 4953 3083 5008 κᾶν
3107 4954 3202 5025 δέῃ
3229 4970 3294 5021 με
3326 4951 3642 5012 ἀποθανεῖν,
3666 4945 3757 5012 τῆς
3782 4930 3904 4988 θείας

2380 5050 2601 5119 χάριτος
2649 5046 3049 5115 ὲνδυναμοὺσης
3079 5045 3177 5113 τὴν
3221 5043 3456 5112 φυσικήν
3491 5058 3595 5109 μου
3636 5029 3902 5089 ἀσθένειαν·

2386 5137 2708 5193 «Orationes
2742 5146 2904 5205 atque
2965 5136 3204 5204 cpistola:
3260 5132 3588 5201 conscripta:
3622 5132 3742 5183 sunt
3768 5132 3794 5170 a
3818 5122 3907 5164 πῖθι

2384 5233 2625 5301 quinque
2657 5227 3028 5281 voluminibus
3052 5224 3480 5295 comprehensae,
3506 5222 3573 5276 ad
3600 5207 3905 5304 Barlaatttllt"

2385 5296 2557 5384 iitum,
2588 5321 2646 5372 'et
2677 5334 2781 5371 non
2833 5318 2951 5370 sine
3018 5317 3217 5378 studio,
3270 5315 3533 5368 adversus
3591 5309 3731 5365 illius
3771 5296 3905 5384 dif-lib

2384 5410 2583 5480 quibus
2633 5417 2875 5461 nostram
2957 5407 3310 5459 monasticam
3369 5402 3743 5484 reatitudinetn
3780 5374 3908 5484 1113'!"

2386 5476 2771 5568 pertractabat.
2798 5494 3123 5565 Quicunque
3148 5495 3314 5565 igitur
3344 5493 3525 5558 audit,
3562 5503 3646 5544 me
3668 5480 3731 5538 ab
3750 5476 3904 5571 aliqui.

2305 5572 2356 5631 Ῑ)
2389 5594 2488 5645 bus
2519 5588 2761 5658 querulis
2794 5595 2851 5641 et
2882 5587 3124 5645 veritatis
3160 5581 3648 5637 calmnniatoribus
3707 5569 3906 5658 bonum:

2388 5681 2488 5734 bus
2511 5654 2780 5739 accusari,
2812 5676 2954 5747 quod
2984 5689 3208 5729 aversus
3237 5674 3509 5725 Pala'mam
3536 5685 3633 5740 pro
3662 5654 3904 5747 Barlaami)

2383 5769 2780 5835 contenderim,
2814 5776 2865 5822 et
2894 5777 2976 5823 est
3006 5782 3194 5835 aequus
3219 5781 3280 5819 ac
3315 5779 3484 5819 sanus
3530 5754 3768 5818 veritat's
3791 5746 3908 5797 πων
