4180 6308
415 408 518 472 881

1571 401 2016 462 GRAZCOHUM
2063 397 2536 461 SENTENTLE.

3564 399 3695 462 882‘

410 520 591 589 τούτῳ
631 518 738 573 τῶν
791 515 1134 588 πραγμάτων
1189 513 1594 586 ἡσυχαζόντων,
1651 516 1857 587 σφοδρά
1900 534 1987 579 τις
2022 522 2065 576 Α
2094 518 2270 584 δάξειε
2304 516 2541 589 χρηστδν
2568 515 2595 567 ό
2632 512 2914 578 παντελῶς
2952 513 3224 585 ἀγνοήσας
3252 513 3505 586 νηστείας
3551 535 3673 571 και-

414 612 674 668 ἀντέπνει
705 609 906 677 λαῖλαψ
934 610 997 660 ἐκ
1025 607 1137 660 τῶν
1174 606 1267 661 τοῦ
1293 609 1509 662 Σατανά
1542 608 1869 668 πνευμάτων
1892 610 1996 678 ἐμ-

416 702 747 775 φυσηθεῖσα,
771 702 867 755 καὶ
888 699 1047 754 πάντ’
1074 698 1391 769 ἀνατρέπει,
1410 702 1505 754 καὶ
1526 700 1884 770 μετατίθησιν
1916 702 1997 764 είς

419 794 666 851 κλύδωνα
687 790 946 862 χαλεπὸν,
982 791 1079 844 καὶ
1103 791 1230 853 τοὺς
1249 789 1393 843 οὕτω
1417 790 1764 862 βλασφήμους
1786 792 1997 861 ἀναφα-

419 888 631 949 νέντας,
653 883 778 946 τοὺς
801 880 976 945 οὕτως
999 880 1258 952 ἀληθείας
1276 880 1502 953 ἐχθροὺς
1523 883 1619 936 ἐπὶ
1638 882 1746 937 τῶν
1764 884 1997 953 πρώτων

421 979 625 1032 σάκων
668 974 906 1039 καθίζει,
938 974 1032 1027 καὶ
1055 974 1374 1043 ίερουργοῦς
1403 976 1530 1038 τοὺς
1581 976 1997 1048 ἀῤῥητουργοὺς

419 1069 787 1130 ἁιαδείκνυσι,
816 1066 910 1119 κοιλ⁵
935 1065 1225 1135 δογμάτων
1255 1068 1571 1135 προστάτας
1598 1069 1725 1132 τοὺς
1756 1068 1998 1123 ἀποστά-

417 1180 539 1223 τας,
583 1161 675 1214 καὶ
713 1159 902 1229 ψυχῶν
925 1159 1247 1229 οἰκονόμους
1281 1158 1417 1221 τοὺς
1442 1160 1795 1231 αὐτονόμους.
1830 1161 1996 1230 Ἔσχε

418 1253 468 1306 δ’
521 1250 666 1304 οὕτω
712 1251 811 1313 τάς
874 1249 1077 1313 αίτίας.
1111 1249 1220 1304 Τοῦ
1271 1250 1368 1305 νῦν
1417 1252 1516 1321 τῆς
1566 1251 1996 1322 αὐτοκρατορίας

431 1342 725 1413 Ῥωμαίων
786 1342 1039 1395 Ἰωάννου
1086 1342 1180 1396 τοῦ
1216 1342 1679 1415 Καντακουζηνοῦ
1728 1345 1854 1414 ἄρτι
1896 1345 1997 1416 τὴν

425 1435 688 1505 μεγίστην
716 1434 825 1488 τῶν
871 1434 1084 1489 πόλεων
1111 1435 1500 1507 κατασχόντος,
1528 1438 1624 1493 καί¹
1662 1436 1994 1506 τελεώτερον

420 1528 761 1597 δραξαμένου
807 1532 905 1598 τῆς
939 1527 1246 1599 βασιλείας,
1277 1530 1476 1600 ἐπειδὴ
1507 1530 1603 1583 καὶ
1647 1529 1998 1600 πατριάρχην

422 1614 534 1667 ἔδει
573 1612 922 1683 ἐνιδρυθῆναι
953 1614 1033 1685 τῷ
1067 1616 1288 1686 μεγάλῳ
1318 1616 1497 1688 θρόνῳ
1528 1617 1636 1673 τῶν
1665 1619 1876 1690 ίερέων,
1906 1619 1997 1671 διά

423 1708 517 1755 τὸν
561 1704 866 1775 τηνικαῦτα
909 1707 1041 1762 ὄντα
1077 1710 1141 1762 ἐκ
1175 1708 1342 1778 μέσου
1388 1710 1670 1778 γενέσθαι,
1703 1712 1913 1780 γίνεταί
1942 1730 1995 1768 τι

2102 611 2252 682 ροὺς,
2311 610 2404 662 καὶ
2458 607 2767 678 βρωμάτων
2837 605 3051 675 ἀποχάς
3101 606 3203 659 καὶ·
3243 607 3529 676 πομάτων,
3574 609 3674 661 ὅτε

2097 701 2258 754 τοῦτο
2314 700 2610 770 προσήκει,
2661 697 2755 750 καὶ
2816 696 3020 759 πάσαις
3078 695 3316 767 ἡμέραις
3363 696 3676 768 ἀδιαφόρως

2098 790 2402 861 χρώμενος,
2430 784 2543 842 οἷον
2562 786 2808 841 ποιοῦσιν
2836 788 2884 840 οί
2902 786 2993 840 τὸν
3024 786 3298 857 βάρϐαρον
3330 786 3679 857 πολιτευόμε-

2099 898 2180 934 νοι
2205 881 2428 952 τρόπον,
2452 880 2512 932 οὐ
2544 878 2822 948 δυνάμεθα
2851 877 2995 947 λόγῳ
3027 876 3282 943 διεξιέναι
3303 877 3479 930 ὁπόσα
3512 877 3676 946 φασὶν

2097 974 2262 1043 ἕτερα
2293 973 2342 1025 οί
2381 972 2449 1025 τὰ
2493 970 2661 1023 αὑτοῦ
2694 967 3193 1039 διακωμῳδοῦντες.
3237 966 3399 1021 Ἀλλά
3448 968 3556 1039 γὰρ
3601 966 3678 1036 τῷ

2098 1063 2328 1133 τοιούτῳ
2372 1061 2558 1132 σαθρῷ
2610 1060 2846 1131 θεμελίῳ
2882 1060 2976 1114 καὶ
3015 1059 3203 1130 ἕτερον
3250 1060 3420 1115 κακὸν
3461 1062 3675 1114 ἐποικο-

2097 1151 2367 1221 δομεῖται,
2401 1153 2493 1208 καὶ
2522 1152 2724 1222 ἀνομία
2757 1151 3357 1223 προστίθεταιτάνομίᾳ
3395 1153 3540 1206 κατὰ
3587 1152 3678 1205 τὸν

2097 1241 2237 1296 θεῖον
2259 1243 2439 1297 Δαδίδ.
2458 1245 2513 1296 '0
2535 1243 2770 1314 ἀρχηγὸς
2793 1243 2891 1314 τῆς
2907 1244 3101 1307 κακίας
3119 1243 3480 1310 ἐξωλέστατος
3501 1244 3682 1298 Παλα-

2100 1340 2225 1406 μᾶς,
2282 1336 2543 1407 Παλαμᾶς
2571 1336 2630 1389 ὃν
2661 1337 2754 1389 καὶ
2792 1336 2952 1405 μόνον
2994 1335 3391 1406 ἐνθυμηθέντες
3416 1334 3679 1402 καθαγνί-

2103 1428 2303 1481 σασθαι
2337 1429 2444 1497 χρὴ
2492 1427 2670 1498 ψυχὴν
2704 1427 2839 1497 ὁμοῦ
2874 1428 2967 1480 καὶ
3007 1426 3270 1491 διάνοιαν,
3300 1431 3393 1480 καὶ
3423 1428 3453 1480 ό
3499 1425 3679 1480 τοιοῦ-

2098 1538 2189 1583 τος
2250 1519 2499 1589 ἔχθιστος
2550 1519 2837 1590 ἄνθρωπος
2889 1519 2987 1588 τῆς
3047 1517 3158 1571 τῶν
3225 1518 3509 1572 Θετταλῶν
3543 1535 3678 1589 προ-

2100 1609 2480 1681 καθεζομένης
2518 1614 2907 1681 χειροτονεῖται
2941 1611 3255 1680 ἀρχιερεὺς,
3281 1609 3310 1662 ό
3348 1610 3441 1662 καὶ
3484 1610 3678 1681 πρώην

2107 1702 2210 1773 μὲν
2254 1702 2628 1772 καθαιρεθεὶς,
2663 1700 2749 1770 ἐφ’
2778 1696 2859 1765 οἷς
2905 1699 3211 1772 καθῃρέθη,
3242 1696 3363 1754 εἶτα
3409 1701 3503 1753 καὶ
3531 1700 3679 1772 ’χθὲς

426 1796 779 1867 καινοτομίας
810 1800 1044 1869 πρᾶγμα
1073 1800 1263 1872 πόρρω
1293 1800 1510 1871 θεσμῶν
1548 1802 1873 1875 Ἐκκλησίας
1903 1804 1995 1858 καὶ
2033 1864 2074 1875 __
2105 1793 2420 1863 ἱεροσυλίας
2448 1794 2766 1867 περιπεσὼν
2803 1791 3131 1862 ἐγκλήματι,
3163 1791 3303 1846 κατά
3345 1809 3411 1861 γε
3442 1792 3539 1861 τὴν
3577 1795 3678 1865 τῆς

428 1890 611 1957 νόμων
636 1864 743 1944 τῶν
775 1864 1160 1958 καθεστώτων,
1186 1864 1290 1956 ὀὓς
1335 1864 1558 1948 οί-θείοι
1587 1864 1877 1952 ἀπόστολοι
1905 1898 2001 1952 καὶ
2033 1864 2077 1933 Β
2111 1885 2481 1956 περιδλέπτου
2515 1864 2704 1956 μδνῆνς
2747 1885 2962 1949 εἰκόνας
3004 1882 3320 1955 λωποδύτης
3345 1886 3680 1955 ἀπογυμνώ-

432 1981 689 2049 ποιμένες
719 1982 828 2036 τῶν
847 1984 1157 2052 ἐκκλησιῶν
1179 1981 1292 2038 οἷόν
1320 2002 1471 2048 τινας
1497 1989 1816 2058 πεπηγότας
1843 1989 2004 2058 ὅρους

434 2074 925 2141 προκατεϐἀλοντο.
970 2078 1097 2131 Καί
1124 2077 1232 2151 γὰρ
1284 2079 1696 2156 προτραπέντες
1746 2082 2007 2152 ἀρχαιρε-

434 2164 559 2218 σίαν
609 2166 944 2236 ποιήσασθαι
1001 2169 1366 2240 ἐξειργόμεθα
1424 2172 1529 2225 ὑπὸ
1578 2171 1676 2243 τῆς
1735 2176 2006 2243 κοσμικῆς

432 2257 689 2323 ἐξουσίας
727 2260 802 2329 μὴ
852 2259 917 2314 ἄν
947 2279 1078 2315 ποτε
1114 2264 1365 2334 ποιῆσαι,
1395 2263 1455 2316 ὃν
1507 2265 1573 2319 ἀν
1608 2265 1641 2335 ή
1695 2265 1813 2318 θεία
1844 2265 2008 2336 χάρις

436 2351 577 2420 μετά
622 2351 722 2419 τῆς
768 2351 1065 2422 ἀδελφικῆς
1113 2355 1422 2424 συμπορίας
1461 2356 1772 2430 ἐκλέξηται,
1803 2356 1921 2411 ἀλλ’
1948 2355 2007 2410 ὃν

432 2442 498 2494 ἂν
531 2443 1005 2514 προτραπείημεν.
1038 2443 1181 2514 Πρὸς
1207 2443 1380 2501 ταῦτα
1406 2446 1786 2516 ἀντιδαίνομεν
1823 2464 2010 2517 μονον-

435 2535 556 2600 ουχὶ
617 2533 839 2599 πάντες,
869 2535 963 2588 καί
987 2536 1357 2607 ἀνθιστάμεθα
1378 2542 1445 2610 τῇ
1476 2540 1817 2610 ἀκανονίστῳ
1836 2539 2010 2609 ταύτῃ

437 2624 531 2675 καὶ
560 2627 950 2696 ἀπερισκέπτῳ
986 2627 1234 2681 κελεύσει
1269 2629 1409 2699 πλὴν
1459 2630 1657 2695 ὀλίγων
1700 2631 1810 2684 τῶν
1850 2631 2011 2700 θερα-

439 2714 736 2780 πευτικῶν,
768 2717 860 2770 καὶ
894 2718 1036 2771 κατά
1069 2721 1135 2772 τὰ
1160 2720 1466 2789 ἀνδράποδα
1497 2722 1823 2792 ἑλκομένων.
1868 2724 1926 2775 '0
1953 2724 2009 2777 δὲ

437 2809 628 2876 ῶσπερ
679 2809 952 2881 δόγματος
1000 2811 1184 2881 ἔχεται
1214 2811 1307 2865 τοῦ
1357 2817 1727 2884 φρονήματος,
1775 2814 1869 2867 νῦν
1912 2817 2010 2884 μὲν

435 2898 629 2954 τοῦτον
682 2900 983 2971 σχεδιάζων
1027 2903 1109 2963 είς
1152 2901 1251 2971 τὴν
1299 2904 1389 2957 τοῦ
1441 2905 1779 2974 πατριάρχου
1832 2903 2008 2968 ἀξίαν,

439 2991 538 3045 νῦν
569 2991 614 3046 δ’
645 2994 874 3045 ἐκεῖνον.
913 2994 1021 3046 Καὶ
1055 2993 1107 3046 τί
1131 2994 1211 3047 δεῖ
1239 2996 1305 3047 τὰ
1336 2995 1509 3048 πλείω
1546 2996 1726 3064 λέγειν
1754 2999 1852 3065 τῆς
1878 2996 2009 3050 στά-

444 3100 584 3147 σεως
615 3084 936 3150 ;Ἰέλευτῶν
981 3085 1060 3148 είς
1125 3086 1392 3154 Παλαμᾶν
1438 3088 1531 3140 καὶ
1586 3087 1854 3158 Ἰσίδωρον
1886 3089 2011 3150 τοὺς

441 3175 817 3244 ἐκκηρύκτους

442 3265 660 3336 ἀξίωμα
697 3269 1035 3339 περιίστησι.
1082 3271 1192 3324 Καὶ
1231 3273 1424 3341 χρόνος
1458 3273 1549 3325 ἐπὶ
1599 3275 1709 3335 τοῖς
1752 3274 2014 3339 τοιούτοις

444 3360 712 3429 ἐτρίϐετο,
743 3361 839 3414 τοῦ
869 3361 967 3432 μὲν
1000 3363 1334 3428 αύθεντικῶς
1368 3364 1463 3417 τοῦ
1496 3366 1820 3437 πράγματος
1851 3369 2020 3421 ἀπτο-

443 3449 637 3519 μένου,
671 3450 829 3521 ἡμῶν
874 3450 931 3505 δέ
966 3446 1031 3506 αὖ
1073 3453 1446 3522 ἐνισταμένων
1488 3456 1842 3525 σφοδρῶςώς
1869 3459 2012 3528 εἴχο-

446 3558 568 3610 μεν,
600 3542 692 3595 καὶ
724 3542 1034 3597 ἀδικεῖσθαι
1065 3546 1383 3613 φασκόντων
1413 3548 1646 3618 θεσμοὺς
1682 3550 2014 3621 Ἐκκλησίας

442 3632 537 3683 καὶ
569 3632 751 3701 νόμων
794 3633 1105 3702 ἀκρίϐειαν.
1143 3634 1335 3702 Ὅμως
1369 3638 1496 3707 νικᾷ
1539 3637 1771 3708 θέλημα,
1808 3643 2014 3711 σαρκός

441 3741 503 3777 τε
546 3725 638 3777 καὶ
671 3726 924 3795 αἵματος,
957 3726 1054 3781 καὶ
1081 3723 1170 3780 οἷα
1206 3728 1272 3781 τά
1302 3728 1437 3781 Θεοῦ
1481 3731 1747 3802 κρίματα.
1786 3736 2012 3790 καὶτῶν

443 3818 710 3871 πλειόνων
733 3821 1183 3891 ἀπορραγέντων,
1209 3824 1302 3875 καὶ
1329 3823 1658 3879 διαστάντων
1683 3828 2011 3897 ἀρχιερέων,

444 3912 654 3977 γίνεται
687 3912 1058 4000 πατριάρχης,
1092 3911 1138 3966 ὣ
1167 3913 1302 3966 Θεοῦ
1332 3915 1487 3984 νόμοι
1519 3920 1610 3969 καὶ
1640 3918 1969 3989 δικαστήρια
1996 3922 2008 3972 ί

458 4003 750 4072 Ἰσίδωρος,
784 4005 812 4057 ό
840 4006 1042 4071 πάσαις
1074 4005 1278 4075 ψήφοις
1313 4008 1672 4078 πατριαρχῶν
1709 4010 1804 4062 καὶ
1830 4013 2017 4081 ἀρχιε-

449 4093 1008 4166 ρέωνίκαθαιρεοεὶς,
1062 4098 1156 4150 καὶ
1207 4097 1422 4163 καθίζει
1484 4100 1577 4153 ἐπὶ
1622 4100 1717 4153 τοῦ
1776 4102 2011 4171 μεγάλου

444 4183 637 4252 θρόνου
677 4185 706 4237 ὁ
740 4186 873 4256 μηδὲ
908 4187 1143 4257 σμικροῦ
1178 4187 1309 4256 γοῦν
1340 4189 1553 4260 κριθεὶς
1610 4191 1757 4255 ἄξιος
1808 4193 2014 4263 ἀνθρω-

442 4295 568 4343 πος,
613 4278 688 4337 ὡς
718 4280 766 4331 οί
797 4279 987 4332 τοῦτον
1042 4282 1285 4350 ἀκριϐῶς
1310 4281 1535 4347 είδότες,
1585 4285 1676 4337 καὶ
1725 4285 1890 4339 πάλαι
1920 4288 2015 4340 καὶ

444 4370 542 4422 νῦν
589 4370 858 4438 λέγουσιν,
892 4372 1181 4443 ἀϐέλτερος
1216 4374 1353 4444 πρὸς
1402 4376 1515 4439 τοῖς
1548 4376 1748 4438 ἄλλοις,
1790 4377 2014 4447 κοῦφος,

442 4461 647 4530 ἀφελὴς
675 4460 735 4513 τὸ
757 4462 927 4532 φρόνη
939 4479 1032 4531 μα.
1056 4463 1151 4531 οὐχ
1181 4463 1439 4533 ὁμιλῆσαι
1457 4464 1707 4529 εἰδὼς,ού
1739 4466 1931 4521 διελεῖν
1956 4468 2016 4520 τὸ

2110 1994 2230 2039 σας,
2266 1976 2564 2048 συντρίψας
2584 1978 2641 2031 δὲ
2664 1978 2757 2032 καὶ
2774 1978 2841 2031 τά
2862 1979 3140 2050 ἐλαιοδόχα
3165 1979 3273 2031 τῶν
3296 1979 3459 2047 ἱερῶν
3483 1978 3692 2049 σκεύη,

2109 2070 2175 2122 ἵν’
2198 2069 2275 2132 ὠς
2315 2067 2518 2133 Ἰούδας
2553 2069 2818 2142 ἀργύριον
2850 2071 3142 2142 κτήσηται,
3176 2070 3270 2125 καὶ
3294 2070 3404 2124 οὐδ’
3437 2072 3465 2125 ό
3486 2072 3679 2141 τρισά·

2109 2162 2255 2224 θλιος
2287 2162 2555 2226 αἰδεσθεὶς
2588 2163 2690 2231 τὴν
2736 2162 2831 2216 τοῦ
2887 2164 3158 2233 σωτηρίου
3194 2163 3399 2228 πάθους
3443 2163 3678 2235 ἡμέραν,

2107 2255 2208 2323 τῆς
2238 2254 2507 2324 μεγίστης
2535 2254 2644 2309 τῶν
2671 2255 2933 2324 νηστειῶν
2963 2255 3280 2326 έὸδομάδος,
3310 2255 3554 2326 λουτροῖς
3591 2256 3682 2309 θε-

2115 2345 2376 2416 ραπεύειν
2419 2347 2482 2400 τὸ
2527 2346 2709 2415 σῶμα,
2746 2347 2842 2401 καὶ
2888 2349 3140 2417 τροφαῖς,
3194 2348 3285 2400 καὶ
3329 2347 3570 2413 πόσεσιν,
3603 2349 3689 2410 εἰς

2110 2438 2406 2492 κατάλυσιν
2431 2437 2532 2509 μὲν
2558 2437 2651 2491 τοῦ
2682 2437 2926 2505 κανόνος,
2957 2444 3289 2510 πρόσκομμα
3312 2439 3369 2492 δὲ
3399 2439 3493 2514 καλ.
3518 2440 3689 2493 σκάνε

2110 2531 2270 2585 δαλόν
2299 2533 2401 2602 τῆς
2430 2531 2539 2586 τῶν
2570 2533 2819 2604 μοναχῶν
2846 2534 3228 2602 συνειδήσεως,
3261 2535 3357 2587 καὶ
3386 2534 3493 2587 τῶν
3516 2535 3683 2587 ἀκου-

2110 2624 2278 2677 όντων
2312 2626 2410 2693 μέν
2447 2626 2600 2689 ἴσως,
2625 2626 2735 2679 τῶν
2764 2625 2819 2679 δὲ
2853 2626 3132 2695 παρόντων
3171 2627 3264 2679 καὶ
3293 2625 3547 2696 ὁρώντων
3577 2626 3686 2692 μά·

2110 2713 2268 2766 λιστα
2299 2716 2358 2768 ἐν
2381 2718 2447 2786 τῇ
2479 2717 2578 2784 τῆς
2613 2715 2985 2777 Ἀναστάσεως
3014 2715 3251 2784 Χριστοῦ
3280 2715 3374 2770 τοῦ
3400 2715 3537 2769 Θεοῦ
3565 2716 3686 2786 θείᾳ

2116 2811 2271 2878 μονῇ.
2310 2808 2484 2863 Αὐτοῦ
2513 2810 2622 2881 γὰρ
2649 2810 2745 2864 καὶ
2768 2812 2883 2873 τοῖς
2911 2809 3460 2880 καταποντιστηρίοις
3482 2808 3687 2879 μᾶλλον

2066 2970 2083 2973 ᾖ
2112 2898 2158 2970 ἦΔ
2209 2899 2605 2971 καθαρτηρίοις
2661 2898 2884 2971 θερμοῖς
2951 2900 3244 2970 ἐχρήσατο.
3295 2892 3457 2953 Οὗτοι
3504 2899 3686 2954 τοίνυν

2115 2988 2303 3059 ὥσπερ
2328 2991 2559 3061 ἀνομίας
2591 2992 2855 3062 κρηπῖδες
2896 2990 3294 3061 ὑποϐληθέντες
3319 2993 3383 3061 τῇ
3427 2990 3521 3044 τοῦ
3549 2991 3688 3061 Χριο

2119 3083 2248 3135 στοῦ
2287 3083 2666 3157 Ἐκκλησίᾳ,ἣ
2707 3085 2919 3156 φαύλης
2951 3085 3262 3156 συμμορίας
3289 3085 3689 3158 προδληθέντες

899 3178 989 3230 καὶ
1065 3177 1409 3248 ἀποϐλήτους
1481 3179 1541 3232 τὸ
1611 3182 2011 3251 πατριαρχικδν
2041 3199 2083 3255 C
2116 3179 2182 3247 τῇ
2234 3176 2329 3229 τοῦ
2389 3178 2627 3247 Χριστοῦ
2693 3177 2992 3250 Ἐκκλησία
3044 3178 3318 3248 ἡγεμόνες
3365 3178 3688 3249 φαυλότεροι

2117 3269 2519 3341 παρεισάγουσι
2549 3272 2677 3334 τοὺς
2724 3273 2794 3325 τὰ
2825 3272 3005 3325 αὐτῶν
3046 3273 3214 3327 πάλαι
3261 3272 3621 3343 φρονοῦνταςξ
3654 3273 3686 3341 ἢ

2119 3367 2218 3417 καὶ
2269 3362 2363 3417 νῦν
2411 3363 2630 3433 φρονεῖν
2669 3362 3177 3432 ἐπαγγελλομένους
3224 3367 3335 3426 τοῖς
3388 3366 3552 3435 ίεροίς
3577 3364 3687 3417 τῶν

2130 3452 2469 3526 Ἐκκλησιῶν
2522 3453 2760 3523 θρόνοις,
2806 3453 3127 3524 ἀνθρώπους
3192 3454 3323 3525 μήθ’
3366 3454 3489 3509 ὅθεν
3556 3457 3685 3519 είσὶ,

2120 3548 2246 3619 μήθ’
2285 3548 2372 3601 ὅτι
2424 3549 2831 3616 προεστήσαντο
2862 3546 3204 3618 ἐπιτήδευμα
3257 3547 3413 3617 παρά
3439 3547 3531 3601 τὸν
3571 3547 3688 3617 βίον

2117 3642 2560 3709 γινωσκομένους
2591 3641 2704 3703 τοῖς
2747 3639 2976 3694 πλείοσι.
3015 3637 3123 3692 Καί⁸
3162 3638 3468 3710 πληροῦται
3501 3639 3688 3693 λοιπὸν

2116 3736 2149 3801 ἡ
2201 3733 2296 3787 τοῦ
2340 3732 2476 3785 Θεοῦ
2515 3731 2814 3800 Ἐκκλησία
2859 3731 3121 3802 αἰσχύνης
3163 3733 3259 3786 καὶ
3307 3731 3545 3796 ἀδοξίας,
3586 3733 3689 3784 οὐκ

2121 3824 2268 3877 ἔστιν
2331 3824 2527 3888 εἰπεῖν,
2559 3824 2767 3893 ὁπόσης
2810 3824 2907 3876 καὶ
2936 3822 3075 3886 οἵας.
3109 3823 3219 3878 Καὶ
3266 3822 3315 3875 οἱ
3361 3822 3461 3890 μὲν
3490 3822 3686 3884 οὕτως.

2132 3915 2323 3985 Ἧμεῖς
2357 3915 2414 3969 δὲ
2444 3915 2593 3977 ἅπαξ
2619 3915 2718 3983 τῆς
2752 3914 2933 3967 αὐτῶν
2966 3913 3252 3977 κοινωνίας
3282 3914 3689 3985 ἀπορραγέντες

2120 4008 2359 4077 μένομεν
2388 4008 2753 4075 ἡσυχάζοντες
2783 4007 2869 4074 ἐφ’
2900 4006 3132 4071 ἑαυτῶν,
3156 4005 3276 4073 Θεῷ
3310 4007 3453 4074 μόνῳ
3483 4007 3549 4058 τὰ
3590 4005 3689 4069 τῆς

2118 4097 2333 4158 ἀδικίας
2361 4096 2730 4157 ἀνατιθέντες,
2765 4095 3024 4149 κάκεῖθεν
3051 4095 3149 4166 τὴν
3198 4096 3382 4164 κρίσιν
3406 4094 3515 4148 τῶν
3538 4111 3690 4160 γινο·

2123 4190 2299 4260 μένων
2343 4188 2494 4258 ἥξειν
2539 4186 2875 4251 ἐλπίζοντες.
2921 4185 3062 4240 Ἀλλ’
3107 4184 3230 4255 ούχί
3283 4186 3376 4238 καὶ
3409 4186 3459 4238 οί
3512 4185 3689 4248 οὓτως

2121 4281 2265 4348 ἡμᾶς
2316 4279 2678 4348 ἀδικήσαντες
2732 4278 2964 4346 ἠρεμεῖν
3017 4275 3330 4345 ἀγαπῶσιν,
3375 4275 3492 4333 ἀλλ’
3527 4278 3578 4332 εί
3609 4278 3686 4348 μὴ

2122 4373 2215 4425 καὶ
2243 4373 2389 4443 ἡμᾶς
2445 4372 2526 4432 είς
2558 4371 2617 4423 τὸ
2651 4369 2765 4422 ἴσον
2812 4369 3028 4432 ἑαυτοῖς
3077 4368 3349 4439 βάραθρον
3408 4384 3687 4435 συγκατα-

2125 4464 2418 4529 σπάσαιεν,
2469 4462 2864 4532 ἐπιτιθέμενοι,
2916 4459 3013 4512 καὶ
3063 4459 3421 4523 καθέλκοντες
3475 4462 3686 4522 ἑαυτοῖς

444 4552 695 4619 κρεῖττον
724 4549 832 4602 ἀπὸ
875 4549 970 4602 τοῦ
1016 4549 1280 4621 χείρονος,
1311 4549 1423 4606 οἷον
1462 4556 1728 4623 προσήκει
1763 4558 1874 4618 τοίς
1913 4557 2013 4626 ἄρ·
2047 4537 2092 4595 [δ
2122 4553 2425 4615 κοινωνεῖν,
2470 4551 2574 4605 οὐκ
2625 4549 2851 4604 ἀνεκτὸν
2899 4549 3154 4619 ἥγηνται.
3198 4547 3405 4601 Οὐκοῦν
3459 4549 3552 4602 νῦν
3588 4550 3688 4616 μὲν

443 4661 623 4716 χουσι,
654 4642 909 4696 τοσοῦτον
938 4643 1245 4709 ἁπτόμενος
1268 4645 1375 4697 τῶν
1403 4647 1768 4716 πραγμάτων,
1795 4650 1896 4702 ὅσα
1923 4651 2016 4704 καὶ

451 4738 766 4807 μύρμηκες,
817 4736 960 4789 κατά
988 4736 1084 4807 τῆς
1116 4737 1220 4807 γῆς
1264 4736 1549 4809 ἐρποντες,
1583 4741 1774 4795 παιδιά
1813 4759 1896 4804 τις
1925 4741 2017 4795 ἀν-

446 4846 642 4895 τικρυς
692 4827 845 4898 κοινὴ
880 4830 990 4890 τοῖς
1036 4830 1394 4895 καταπαίζειν
1444 4831 1606 4885 αὐτὸν
1649 4832 2013 4903 βουλομένοις.

454 4920 524 4976 Ὃ
553 4920 610 4974 δὲ
642 4920 831 4974 τούτου
874 4922 1079 4990 χεῖρον,
1108 4920 1218 4975 οὐδ’
1258 4922 1535 4993 ὑποταγῆς
1577 4924 1775 4991 νόμους
1809 4925 2014 4992 μαθὼν,

449 5017 561 5069 οὐδ’
588 5016 646 5065 ἐν
675 5012 929 5083 κοινοόίῳ
957 5014 1205 5082 τραφεὶς,
1238 5015 1352 5068 ἀλλ’
1380 5017 1567 5070 ἄστεσι
1599 5020 1694 5070 καὶ
1723 5018 2019 5082 πολιτείαις

453 5103 942 5174 συμπεφυρμένος,
969 5108 1064 5156 καὶ
1098 5104 1470 5172 παιδαγωγεῖν
1525 5108 1616 5158 καὶ
1646 5107 2016 5175 παιδοτριϐεῖν

454 5202 716 5270 παιδάρια
760 5201 1035 5270 ἐλόμενος,
1064 5199 1195 5251 ἔνθα
1239 5200 1335 5252 καί
1382 5198 1691 5268 ἀποστῆσαί
1727 5216 1912 5265 φασιν,
1944 5201 2017 5262 ὡς

452 5295 689 5365 εἴρηται.
721 5292 944 5359 γύναιον
990 5291 1085 5344 τοῦ
1119 5290 1311 5361 ἀνδρὸς
1360 5291 1451 5342 καὶ
1490 5290 1595 5342 τῶν
1631 5289 1834 5342 παίδων
1875 5291 1932 5343 ἓν
1959 5308 2018 5343 τε

449 5387 843 5456 Θεσσαλονίκη,
883 5385 1072 5454 ῶσπερ
1116 5386 1211 5438 καὶ
1255 5387 1313 5437 ἐν
1365 5382 1638 5452 Βυζαντίῳ
1674 5381 1890 5452 ἕτερον,
1930 5382 2018 5436 οἵα

451 5480 487 5546 ἡ
528 5477 623 5529 τοῦ
657 5476 935 5529 Κυδωνίου
963 5475 1234 5544 θυγάτηρ,
1271 5472 1413 5543 οἵαή
1440 5471 1533 5525 τοῦ
1560 5473 1843 5543 Τζυράκη.
1876 5473 2019 5527 Ὅσα

455 5571 513 5621 δὲ
564 5570 660 5623 καὶ
691 5569 964 5622 διδάσκειν
1017 5569 1207 5629 αὑταῖς
1266 5582 1398 5627 φατι
1444 5564 1732 5636 λαθραίαις
1781 5565 2021 5634 ὁμιλίαις

456 5662 807 5732 ἀπορρήτους
842 5660 993 5723 τινὰς
1035 5661 1132 5712 καὶ
1164 5660 1397 5720 ἀτόπους
1426 5657 1801 5721 διδασκαλίας,
1825 5658 2020 5728 παρεί-

460 5754 575 5806 σθω
604 5757 717 5815 τοῖς
762 5749 1146 5822 πνευματικῶς
1172 5752 1311 5803 αὐτά
1340 5750 1645 5813 ἐξετάσασι,
1683 5749 1759 5819 μὴ
1804 5749 1895 5802 καὶ
1929 5750 2019 5801 τδν

459 5846 598 5915 ἀέρα
625 5846 992 5916 ἐμπλήσωμεν
1046 5844 1409 5916 βλασφημίας.
1451 5841 1514 5893 Τί
1550 5841 1654 5911 γὰρ
1690 5841 1752 5893 ἂν
1804 5844 1895 5894 καὶ
1937 5841 2014 5894 δι-

2122 4642 2516 4713 πρεσϐεύουσι,
2567 4644 2660 4694 καὶ
2693 4639 3188 4710 καθυπισχνοῦνται
3223 4639 3455 4709 μεγάλα,
3507 4640 3601 4692 νῦν
3632 4640 3689 4694 δὲ

2124 4734 2545 4807 μεταϐαλόντες,
2590 4733 2808 4787 ποιοῦσι
2862 4733 2930 4786 τά
2977 4732 3219 4785 διωκτῶν
3250 4732 3344 4783 καί
3386 4732 3684 4810 τυράννων,

2117 4829 2215 4881 καὶ
2277 4826 2725 4896 καθειργνύουσιν
2774 4820 3204 4892 ἀσφαλῶςνῶστ’
3234 4822 3496 4887 ἀθεάτους
3544 4821 3685 4877 εἶναι

2118 4921 2210 4974 καί¹
2242 4920 2558 4992 ἀπροττους,
2604 4920 2762 4972 ὁποῖα
2790 4918 2885 4971 καὶ
2928 4915 3128 4987 λῃσταὶ
3173 4914 3389 4968 ποιοῦσι
3435 4916 3561 4980 τοὺς
3605 4920 3685 4979 είς

2120 5015 2312 5083 χεῖρας
2354 5012 2553 5075 ἰόντας,
2591 5010 2687 5063 καὶ
2736 5008 3015 5072 πιέζουσιν
3050 5005 3226 5059 ὁπόσα
3258 5005 3537 5061 δύνανται.
3570 5006 3685 5059 Νῦι

2078 5098 2083 5105 ’
2119 5105 2165 5158 δ’
2196 5104 2509 5157 ἀπειλοῦσιν
2539 5100 2796 5154 ἐπιπλέον
2816 5099 3030 5165 ἐξάγειν
3056 5096 3124 5151 τὰ
3141 5097 3239 5166 τῆς
3269 5096 3687 5167 ἀπανθρωπίας.

2122 5194 2254 5252 Εἶτα
2284 5199 2377 5249 καὶ
2403 5192 2625 5265 Γραφάς
2656 5190 2780 5245 καθ’
2811 5188 2969 5261 ἡμῶν
3009 5188 3394 5259 σκαιωροῦσιν,
3428 5188 3679 5260 ἔγκλημα

2120 5291 2434 5359 ποιούμενοι
2464 5286 2561 5355 τὴν
2590 5280 3011 5350 ἀκοινωνησίαν,
3038 5280 3168 5334 ἄλλο
3193 5280 3238 5333 δ’
3282 5280 3455 5336 οὐδέν.
3500 5281 3689 5350 Ἀφαι-

2126 5380 2346 5451 ροῦνται
2378 5377 2514 5447 πρὸς
2565 5374 2776 5436 τούτοις
2818 5373 2917 5436 τὰς
2969 5371 3266 5443 ἐκκλησίας
3296 5372 3393 5426 καί⁵
3438 5374 3561 5436 τοὺς
3592 5372 3688 5427 τοῦ

2129 5473 2230 5542 ζῇν
2255 5473 2405 5542 ἡμᾶς
2438 5468 2663 5540 πόρους,
2698 5468 2787 5520 ἵνα
2826 5464 3054 5528 θάνατος
3084 5466 3215 5534 ἡμῖν
3257 5462 3433 5530 βίαιος
3463 5463 3686 5532 ἐπιστῇ.

2134 5566 2278 5621 Ἀλλ’
2312 5567 2473 5635 ἡμεῖς
2500 5561 2662 5634 μέχρι
2688 5558 2837 5622 τινὸς
2875 5557 3192 5629 ἀνεχόμενοι
3221 5556 3321 5623 τῆς
3346 5555 3552 5606 τούτων
3579 5571 3688 5608 πα·

2100 5657 2464 5730 Δραπληξίας,
2525 5654 2600 5717 ᾡς
2651 5653 2802 5706 οὐδὲν
2860 5650 3267 5717 ἐπιεικέστερον
3326 5648 3541 5707 εἴδομεν
3591 5648 3689 5700 αύ-

2126 5749 2251 5810 τοὶις
2279 5744 2702 5817 διατιθεμένους,
2735 5742 2951 5811 δρῶμεν
2980 5741 3007 5793 ὂ
3040 5740 3132 5793 καὶ
3156 5737 3246 5792 τοῦ
3276 5737 3461 5801 κακῶς
3489 5739 3687 5799 αὐτοὺς

2130 5838 2394 5908 ἄρξασθαι
2444 5838 2613 5889 ποιεῖν
2642 5835 2786 5904 ἡμᾶς
2818 5833 2944 5897 ἔδει,
2971 5832 3060 5884 καὶ
3097 5831 3281 5901 κοινὴν
3324 5829 3458 5901 πρὸς
3491 5830 3687 5891 αὐτοὺς
