4108 6316
348 246 495 309 855

1547 248 1986 308 ϐῐὶίΕΟΟΙῖΗΜ
2030 248 2503 316 SENTENTL’E.

3525 248 3628 315 886

347 361 521 429 ὅρια
551 359 807 431 Ιιατέρων
835 361 1198 431 μὴνμεταίρεικ
1270 365 1721 434 εροαιρουμένοις.
1760 364 1957 434 Ἐοίρά.

2066 364 2167 418 illis
2189 365 2366 420 inesse
2393 379 2420 417 a
2450 362 2650 417 dcitatc
2672 361 2787 424 Dei,
2817 361 2906 431 qui
2938 375 3032 431 per
3056 361 3286 432 gratiam
3312 375 3441 419 suas
3473 377 3626 417 crea-

352 468 453 521 φη
500 455 533 505 ὁ
576 451 769 521 παρὼν
814 453 991 521 Τόμος
1043 452 1171 520 μηνὶ
1213 453 1437 523 Ἰουλίῳ,
1485 453 1833 519 Ἰνδικτιῶνος
1877 462 1955 510 ιε’.

364 561 388 592 c
408 541 659 608 Audite,
697 545 870 596 tril'us
900 552 1053 597 terrae
1080 550 1133 594 et
1159 543 1376 612 linguaz,
1408 553 1598 612 gentes
1622 560 1814 601 ornnes
1843 562 1962 615 qum

360 634 662 690 habitatis
689 636 788 689 sub
807 634 968 691 coelo.
998 635 1311 704 quicunque
1339 636 1544 691 scilicet
1574 637 1738 691 Deum
1771 655 1959 707 verum

358 727 608 787 colunt,
634 737 686 780 et
721 741 882 779 unam
913 724 1172 779 Deitatcm
1201 727 1255 779 in
1293 727 1466 781 tribus
1500 728 1747 797 personis
1794 730 1955 798 glori-

366 818 499 872 ﬁca
513 827 640 871 tam.
670 819 886 878 Audite,
922 819 1013 886 qui
1048 827 1237 871 sancto
1264 821 1509 887 peruncti
1539 821 1671 874 estis
1699 820 1964 890 sanguine

362 910 618 976 pretiosi
645 909 801 975 Agui.
826 910 919 977 qui
962 909 1192 964 ethnicae
1224 909 1501 979 religionis
1528 927 1792 977 errorem,
1827 913 1965 967 mul-

364 1010 465 1053 tos
515 1001 642 1051 deos
691 1009 1046 1064 astruentem,
1078 1001 1346 1064 dissolvit,
1395 1012 1452 1056 ut
1479 1019 1619 1057 unus
1652 1002 1791 1058 Dctts
1827 1019 1966 1059 una-

359 1105 498 1156 qttc
526 1091 695 1144 deitas
725 1093 998 1145 coleretur
1031 1093 1097 1146 ab
1137 1093 1207 1148 iis
1245 1093 1338 1162 qui
1378 1096 1429 1147 in
1463 1094 1739 1150 Christum
1779 1095 1963 1150 Domi-

366 1195 530 1232 num
570 1190 819 1235 nostrum
869 1183 1169 1237 credidere.
1223 1185 1442 1247 Audite,
1491 1202 1612 1251 quae
1646 1196 1963 1257 tempestas,

359 1266 520 1332 quis
549 1271 732 1329 turbo,
760 1285 880 1339 quze
907 1271 1139 1324 tenebrae
1165 1310 1179 1332 ,
1220 1273 1389 1325 multo
1427 1273 1694 1343 Aigyptiis
1728 1276 1833 1330 illis
1859 1276 1957 1328 im-

368 1361 695 1420 manior-es,
727 1359 1036 1414 Graecorum
1072 1362 1367 1416 Ecclesiam
1404 1376 1818 1434 oppresserunt.
1863 1367 1963 1420 Ne-

366 1464 504 1512 que
534 1450 678 1502 enim
709 1448 924 1505 suﬂecit
976 1451 1194 1505 diabolo
1226 1454 1442 1519 generis
1498 1456 1672 1510 nostri
1707 1456 1771 1509 ad
1803 1457 1967 1510 inter-

371 1537 682 1590 necionem
740 1539 974 1601 eversio,
1009 1555 1194 1610 quam,
1240 1555 1361 1594 cum
1423 1542 1690 1595 homicida
1729 1543 1965 1597 essetab

369 1629 576 1684 initio.
627 1632 942 1699 procuravit
974 1646 1067 1700 per
1104 1630 1463 1686 defectionem
1519 1641 1573 1686 et
1611 1633 1962 1687 rebellionem

2065 467 2216 511 turas
2242 457 2345 510 sibi
2378 455 2731 524 cognomines
2760 452 2911 518 facit,
2940 468 3113 521 neque
3137 461 3425 522 propterea
3460 455 3615 508 multi

2064 548 2158 609 dii,
2198 562 2370 614 neque
2400 544 2639 601 Domini.
2675 559 2849 613 neque
2897 543 3127 597 deitates
3162 542 3385 598 inﬁnita:
3434 559 3626 596 sccun~

2064 641 2191 693 dum
2222 639 2368 707 ipsos
2407 635 2819 705 operationibus
2847 643 3319 695 commensuralae,
3351 636 3443 689 sed
3484 651 3628 688 ultus

2070 731 2228 789 Deus,
2264 745 2404 782 unus
2439 728 2722 789 Dominus,
2760 743 2865 781 una
2917 726 3121 790 Deitas,
3148 735 3206 780 ut
3239 726 3456 781 divinus
3487 726 3623 778 Pau-

2068 823 2150 874 lus
2188 821 2382 890 inquit,
2418 819 2780 888 pluralitatcm
2816 819 3032 881 vitans;
3070 834 3134 870 ne
3166 819 3219 871 in
3253 817 3643 887 gentilismum.

2065 914 2347 966 abeamus.
2380 911 2471 966 Sic
2491 926 2553 965 ex
2591 901 2877 980 supposito
2913 910 3051 962 idtili
3083 909 3234 973 moti,
3265 909 3445 963 Statim
3482 924 3629 962 com-

2067 1002 2407 1070 parationum
2453 1000 2799 1063 eminentias,
2834 1009 2887 1053 ct
2914 999 3182 1061 defectus,
3217 1008 3270 1053 ct
3298 998 3627 1068 suppositio-

2070 1103 2183 1153 ncs,
2219 1098 2271 1142 et
2291 1088 2691 1157 depressiones,
2717 1088 2960 1142 sinculla
2993 1088 3221 1151 ratione,
3257 1090 3624 1142 recentiorum

2068 1180 2259 1233 harmu
2303 1177 2571 1233 Deitatum
2609 1178 2963 1241 concludunt,
3019 1176 3317 1231 referentes
3351 1179 3415 1231 ad
3449 1178 3625 1233 Dcita~

2069 1281 2195 1333 ttun,
2228 1285 2348 1338 qum
2380 1270 2624 1339 analogia
2660 1271 2807 1324 omni
2845 1277 2894 1324 et
2924 1270 3240 1325 habitudine
3262 1281 3315 1323 et
3341 1285 3629 1339 compara-

2069 1362 2215 1414 tione
2241 1361 2495 1428 superior
2530 1370 2654 1425 est;
2693 1360 3159 1429 quemadmodum
3196 1374 3431 1424 superne
3460 1360 3625 1414 divini

2068 1467 2351 1506 sermones
2380 1454 2669 1518 intonant;
2703 1467 2875 1519 neque
2912 1452 3025 1505 ﬁeri
3054 1452 3248 1520 potuit,
3277 1468 3341 1507 ex
3375 1468 3484 1519 quo
3506 1462 3631 1506 nata

2068 1553 2196 1599 sunt
2228 1544 2423 1596 saecula
2461 1544 2635 1596 donec
2682 1544 2795 1611 ipsa
2832 1557 3026 1597 rursus
3056 1544 3374 1611 depereant,
3406 1530 3509 1595 alia
3541 1556 3630 1594 ra-

2067 1637 2215 1689 tione
2235 1635 2454 1689 sentire.
2485 1635 2722 1697 Necnon,
2747 1635 2890 1703 quod
2913 1634 3156 1687 onmium
3182 1632 3630 1685 absurdissimum

368 1723 740 1788 propriorum
792 1722 1281 1776 instrumentorum
1309 1740 1323 1786 ;
1373 1737 1472 1776 nec
1495 1722 1630 1778 satis
1676 1724 1750 1777 illi
1783 1724 1960 1777 visum
1994 1704 2035 1759 Β
2066 1727 2646 1795 est,qucmatlmodum
2667 1726 3055 1796 prophetarum
3078 1725 3291 1792 eloquia
3311 1723 3629 1778 enuutiant:

371 1821 505 1873 est,
546 1821 626 1864 tot
672 1811 887 1865 urbium
955 1819 1011 1864 et
1044 1810 1327 1879 regionum
1382 1811 1639 1879 proditio,
1710 1827 1811 1866 nec
1852 1827 1961 1866 non

368 1901 828 1954 Christianorum
891 1903 1067 1956 caedes
1119 1912 1174 1956 et
1224 1904 1587 1972 captivitates,
1649 1911 1703 1955 et
1750 1904 1965 1974 generis

373 1989 635 2044 universi
670 2006 733 2043 ac
764 1993 937 2046 aetatis
995 1993 1352 2058 direptiones,
1416 1991 1519 2046 nisi
1553 1991 1717 2047 etiam
1770 1993 1965 2046 ferreis

369 2084 640 2135 vectibus
676 2082 974 2137 Ecclesiam
1020 2082 1114 2137 Dei
1172 2091 1505 2146 concuteret,
1544 2083 1680 2136 adeo
1709 2092 1766 2136 ut
1805 2084 1967 2138 simul

369 2171 572 2223 omnia
606 2172 661 2225 in
692 2172 1040 2241 precipitium
1098 2182 1305 2241 ageret,
1339 2183 1391 2227 et
1424 2174 1477 2227 iu
1512 2173 1838 2242 profundum
1874 2176 1968 2229 dc-

375 2274 690 2331 mergeret,
726 2264 1171 2333 dogmata,leges
1194 2280 1379 2320 sacras
1412 2274 1468 2320 et
1493 2266 1706 2319 Patrum
1732 2268 1966 2331 sancita,

375 2371 588 2424 parum
623 2356 748 2425 quid
797 2356 866 2410 ad
897 2358 1248 2423 tantasjvires
1274 2358 1428 2413 dirus
1489 2360 1592 2413 iste
1623 2358 1877 2428 Sophista
1914 2370 1967 2413 et

385 2447 577 2500 hostis
607 2448 902 2502 existimat.
951 2449 1088 2514 Quid
1125 2450 1270 2504 enim
1317 2450 1484 2504 facit?
1518 2451 1683 2506 Paulo
1729 2460 1875 2516 ante,
1910 2461 1967 2505 ut

381 2552 592 2593 omnes
619 2539 816 2603 nostis,
853 2543 1152 2596 exsuscitat
1174 2542 1427 2598 homines
1453 2543 1747 2613 quosdam.
1782 2559 1968 2597 mona-

379 2627 626 2681 chorum
666 2645 753 2684 ri-s
781 2630 1074 2685 ementitos
1107 2641 1160 2686 et
1193 2640 1380 2687 mutuo
1435 2634 1796 2701 decertantes,
1831 2644 1969 2689 etut

381 2719 581 2784 aptius
608 2721 810 2784 dicam,
874 2723 927 2775 in
963 2722 1125 2778 rectis
1155 2725 1372 2792 pictatis
1407 2725 1767 2793 dogmatibus,
1799 2725 1965 2779 νιιιυιί

384 2811 631 2876 zizania,
671 2823 884 2875 enatos,
916 2821 971 2866 et
1020 2815 1246 2883 probum
1289 2813 1409 2868 lidei
1457 2829 1641 2870 semen
1677 2816 1964 2881 laedentes;

379 2902 487 2969 qui
512 2902 634 2957 licet
661 2905 1016 2973 sibimetipsis
1051 2907 1415 2974 discrepantia
1460 2917 1513 2961 et
1539 2908 1698 2977 longe
1727 2909 1960 2970 diversa,

378 2998 749 3049 consonantia
783 2997 1144 3052 nihilominus
1186 3014 1375 3053 eorum
1426 3002 1619 3054 motori
1658 3001 1825 3069 impio
1854 3003 1963 3055 da:-

2072 1817 2240 1871 (Dixit
2276 1818 2437 1884 Deus,
2498 1818 2710 1871 locutus
2746 1827 2829 1870 est
2860 1816 3137 1879 Dominus,
3167 1825 3222 1869 et
3265 1814 3371 1872 hoc
3415 1822 3468 1868 et
3502 1814 3628 1868 illud

2065 1910 2305 1978 prmcipit
2343 1908 2716 1978 Omnipotens,
2752 1927 2770 1960 ι
2808 1918 2862 1961 et
2889 1922 3077 1961 vocem
3109 1916 3270 1976 atque
3298 1921 3633 1970 sermonem,

2065 1999 2155 2066 qui
2186 2014 2350 2066 supra
2386 2013 2693 2053 sermonem
2730 2005 2837 2061 est,
2876 1996 2987 2051 Deo
3020 2012 3246 2066 prorsus
3298 1997 3625 2065 appingunt,

2066 2087 2138 2139 ita
2166 2094 2215 2139 ct
2248 2087 2302 2139 hi
2327 2101 2588 2155 personas
2619 2086 2907 2155 clliugunt,
2969 2096 3021 2141 et
3050 2087 3104 2141 in
3135 2087 3497 2141 substantiam
3535 2101 3634 2154 pa-

2069 2177 2173 2230 lam
2210 2185 2377 2245 agunt
2402 2177 2681 2230 naturales
2706 2178 2803 2231 has
2834 2176 2922 2231 Dei
2946 2178 3312 2246 operationes.
3334 2192 3456 2246 quae
3484 2185 3635 2231 extra

2070 2266 2430 2319 substantiam
2490 2270 2790 2321 secundum
2831 2281 2890 2321 se
2921 2276 3071 2331 sunt,
3127 2277 3180 2321 ct
3214 2268 3383 2337 loqui,
3418 2278 3472 2322 et
3503 2283 3637 2325 con-

2068 2374 2340 2420 suescerc,
2374 2374 2436 2413 ac
2472 2359 2516 2412 si
2555 2358 2665 2412 vita
2701 2359 2936 2427 praedita;
2991 2371 3195 2425 essent,
3227 2375 3350 2414 cum
3384 2361 3491 2415 illis
3522 2363 3615 2429 qui

2067 2462 2253 2500 eorum
2293 2450 2467 2503 sacris
2501 2448 2696 2502 initiati
2733 2459 2866 2503 sunt
2901 2448 3191 2517 spondent,
3243 2457 3296 2503 ct
3327 2450 3378 2502 in
3427 2451 3637 2503 increa-

2068 2547 2177 2591 t:un
2235 2547 2487 2592 naturam
2529 2553 2721 2593 corum
2774 2539 3072 2607 participes
3130 2541 3440 2594 immutare.
3491 2540 3633 2606 Quin

2068 2630 2175 2683 imo
2191 2638 2245 2683 et
2271 2630 2664 2685 heuefactrices
2692 2640 2884 2685 vocant
2915 2631 3121 2686 similes
3146 2631 3403 2697 deitates,
3437 2633 3637 2687 benefi-

2067 2734 2179 2783 cas,
2213 2719 2523 2789 cuicunque
2553 2720 2657 2773 illa:
2688 2718 2982 2779 voluerint,
3008 2720 3226 2787 proprio
3255 2719 3490 2786 quodam
3524 2734 3637 2770 mo-

2066 2813 2156 2865 do.
2191 2811 2781 2879 Supersubstantialem
2816 2826 2946 2866 vero
2984 2810 3248 2864 Deitatem
3304 2826 3492 2880 parum
3541 2820 3636 2863 aut

2069 2902 2204 2955 nihil
2238 2901 2304 2955 ad
2334 2902 2534 2956 similia
2566 2903 2756 2956 dicunt
2798 2900 3071 2955 conferre.
3133 2900 3258 2955 Hatc
3294 2910 3348 2956 et
3376 2902 3633 2969 pleraque

2067 2993 2170 3047 alia
2228 2992 2422 3061 partim
2460 2992 2632 3062 palam
2684 2993 2918 3046 recitant
2950 3001 3003 3045 et
3035 2990 3446 3046 commentariis
3476 3006 3635 3046 mau-

381 3086 543 3139 tuoni
583 3088 952 3155 praedicabant
980 3102 1045 3142 ac
1077 3088 1406 3143 sentiebant.
1438 3087 1687 3158 Namque
1719 3107 1782 3145 ex
1828 3092 1957 3159 ipsis
1988 3092 2029 3149 ο
2064 3085 2212 3146 dant.
2244 3086 2436 3154 partim
2473 3085 2780 3139 clanculum
2836 3085 3159 3154 loquuntur,
3188 3098 3310 3139 cum
3342 3084 3544 3153 quibus
3577 3084 3633 3139 in

382 3177 617 3253 quidam
652 3179 773 3231 ausi
802 3188 950 3242 sunt,
979 3178 1119 3233 idem
1149 3181 1442 3236 essentiam
1476 3181 1565 3236 Dei
1600 3192 1653 3236 et
1691 3183 1964 3252 operatio-

382 3284 516 3323 nem
544 3271 881 3336 existimare,
904 3281 1021 3337 aut,
1054 3273 1098 3326 si
1143 3274 1515 3341 operationem
1548 3275 1693 3329 aliud
1736 3291 1857 3330 esse
1888 3284 1993 3329 te--

384 3362 631 3415 nendum
668 3370 772 3426 est,
804 3376 915 3416 non
969 3372 1295 3421 coarternam
1341 3365 1490 3419 illam
1542 3366 1746 3430 dicere,
1789 3382 1962 3435 neque

384 3451 638 3519 ejusdem
680 3452 932 3522 principii
968 3468 1090 3508 cum
1130 3457 1461 3525 sempiterno
1492 3469 1544 3511 et
1571 3459 1839 3529 principio
1867 3475 1960 3513 ca-

391 3549 550 3596 rcnte
599 3540 732 3608 Deo,
789 3543 883 3597 sed
930 3552 1168 3598 creatam
1224 3549 1736 3616 etcorruptibilem,
1792 3559 1961 3604 utres

384 3647 585 3686 ruiines
616 3641 810 3686 creatae
840 3633 1020 3702 qualis
1050 3634 1104 3689 in
1137 3635 1404 3691 Thaborio
1459 3638 1755 3694 divinitatis
1783 3641 1961 3709 splen-

388 3727 494 3777 dor
541 3726 817 3794 apparuit,
854 3738 948 3781 aut
979 3728 1092 3802 illa,
1127 3744 1250 3798 qua:
1292 3731 1605 3798 pastoribus
1642 3733 1841 3797 illuxit,
1876 3734 1958 3786 vel

380 3831 727 3887 quarumque
783 3818 888 3873 alia
925 3819 1015 3874 Dei
1064 3821 1328 3890 apparitio
1362 3821 1484 3876 fuit.
1538 3822 1603 3878 Et
1651 3824 1704 3878 hi
1740 3825 1957 3893 quidem

332 3904 333 3907 “
384 3910 491 3962 hac
535 3910 764 3963 ratione.
791 3910 894 3963 Alii
928 3926 1085 3981 aequo
1142 3928 1329 3967 errore
1368 3912 1652 3981 implicati,
1713 3914 1822 3966 imo
1848 3912 1962 3981 pri-

385 4018 511 4056 mos
536 4017 796 4071 superare
829 4004 1241 4068 contendentes,
1283 4019 1316 4059 ο
1354 4005 1594 4059 animam
1628 4014 1682 4057 ct
1716 4005 1956 4074 linguam

380 4105 438 4148 ct
476 4110 700 4148 manum
740 4095 1077 4165 iutemperiis
1117 4096 1327 4152 actam!
1381 4098 1586 4167 scripto
1618 4097 1801 4151 miseri
1855 4105 1963 4151 tra-

378 4187 546 4250 dunt,
581 4202 686 4241 non
718 4201 749 4242 e
778 4188 917 4243 cut-lo
953 4187 1274 4254 fabulantes,
1318 4190 1413 4244 sed
1444 4204 1509 4244 ex
1538 4197 1703 4252 terra,
1738 4198 1796 4243 ut
1827 4204 1962 4243 ven—

384 4280 665 4345 triloquze,
707 4278 856 4332 velut
908 4278 1079 4333 Isaias
1110 4278 1297 4343 tradit,
1347 4280 1533 4349 spuria
1566 4281 1813 4349 quaedam
1860 4293 1959 4333 nec

381 4374 649 4439 gertna‘na
684 4369 958 4437 dogmata,
989 4386 1110 4438 qua:
1162 4386 1339 4439 neque
1367 4371 1554 4425 Patres
1584 4370 1755 4425 nostri
1791 4386 1957 4424 nove-

2070 3176 2400 3245 colloquium
2422 3176 2669 3238 veniunt,
2704 3175 3167 3230 homuncionibus
3187 3183 3239 3230 et
3269 3174 3630 3240 mulierculis,

2066 3276 2268 3321 tentch
2304 3267 2433 3320 hinc
2460 3267 2586 3321 inde
2619 3268 2880 3321 collectis.
2940 3267 3339 3321 Testimonium
3377 3266 3634 3321 exhibent

2066 3373 2173 3411 non
2210 3358 2367 3427 pauci
2398 3372 2584 3412 eorum
2609 3358 2702 3427 qui
2729 3359 3068 3427 spiritualem
3099 3372 3285 3412 curam
3312 3359 3617 3412 animarum

2066 3461 2283 3519 gerunt,
2317 3466 2344 3505 a
2377 3451 2578 3505 delusis
2604 3466 2699 3520 per
2737 3451 2884 3519 ipsos
2914 3464 3026 3503 rem
3064 3459 3472 3518 extorquentes,
3510 3458 3624 3505 tum

2064 3543 2279 3597 demum
2312 3543 2375 3597 ad
2407 3558 2507 3596 nos
2561 3541 2887 3597 referentes.
2945 3540 3050 3596 Sed
3096 3541 3256 3609 primi
3301 3540 3402 3605 illi,
3438 3539 3628 3609 quales

2064 3641 2221 3687 erant
2254 3632 2527 3687 Barlaami
2559 3647 2849 3702 sequaces,
2904 3632 2999 3702 qui
3041 3632 3107 3686 ad
3144 3632 3307 3688 italos
3337 3646 3505 3701 genus
3540 3647 3627 3685 re-

2068 3721 2301 3786 ferebat,
2338 3733 2411 3785 ct,
2454 3722 2857 3791 qumltalorum
2880 3732 3030 3787 sunt,
3059 3722 3297 3787 fovebat,
3349 3722 3627 3790 congressi

2061 3828 2184 3867 cum
2221 3812 2342 3867 istis
2377 3813 2430 3867 iu
2458 3813 2668 3881 iudicio
2701 3827 2880 3878 sacro,
2920 3813 2997 3867 uti
3048 3828 3144 3882 par
3177 3823 3315 3878 erat,
3357 3813 3483 3868 victi
3516 3814 3629 3867 dis-

2062 3911 2364 3958 cesserunt.
2418 3904 2652 3958 Secundi
2718 3913 2898 3958 autem
2957 3903 3011 3957 hi
3079 3907 3339 3964 victores,
3396 3919 3523 3956 cum
3557 3905 3623 3956 ad

2064 4001 2276 4061 tempus
2328 4009 2516 4048 eorum
2565 4010 2796 4049 examen
2843 3992 3172 4058 differretur,
3237 3995 3450 4048 interim
3510 4012 3630 4049 sese

2062 4084 2389 4147 retinebant,
2423 4099 2521 4137 nec
2550 4084 2602 4137 in
2623 4084 2896 4152 publicum
2926 4100 3147 4140 suarum
3172 4078 3627 4153 blasphemiarum

2062 4184 2277 4245 partum
2317 4175 2567 4236 edebant,
2605 4189 2672 4227 ne
2700 4174 2985 4241 gentilium
3040 4178 3451 4244 superstitione,
3501 4192 3624 4243 qua:

2064 4267 2267 4320 multos
2304 4265 2438 4319 deos
2462 4265 2694 4329 colebat,
2750 4263 2935 4317 infecti
2974 4280 3038 4317 ac
3078 4265 3328 4330 judicati,
3367 4266 3630 4334 lapidibus

2064 4374 2160 4413 ora
2183 4358 2619 4411 obstruerentur.
2649 4355 2788 4421 Quid
2818 4370 2984 4423 porro
3005 4356 3128 4409 inde
3153 4358 3503 4413 subsecutum
3525 4357 3630 4411 est?

380 4418 536 4524 :unt,
570 4468 627 4513 nt
651 4418 834 4515 divino
868 4418 1087 4530 eloqdio
1154 4418 1394 4526 utainur,
1447 4477 1623 4531 neque
1652 4463 1807 4516 nobis
1844 4472 1955 4516 ira-
1993 4418 2034 4472 υ
2065 4450 2200 4505 Cum
2259 4456 2467 4517 partem
2524 4448 2899 4500 adversantem
2933 4446 3207 4501 debellare
3252 4447 3354 4501 nisi
3380 4446 3629 4511 fuissent,

383 4551 682 4604 diderunt:
731 4566 833 4605 nec
881 4553 1112 4605 audiunt
1147 4568 1400 4621 tnagnum
1434 4551 1660 4607 Paulum
1700 4552 1957 4622 profanas

387 4657 590 4695 vocum
617 4641 881 4697 novitates
925 4641 1164 4712 abjicere
1204 4643 1626 4712 praecipientem,
1664 4659 1836 4712 neque
1865 4660 1957 4699 sa-

387 4736 630 4802 pientem
674 4730 1062 4788 Salomonem:
1106 4731 1258 4787 (Noli
1310 4749 1501 4803 sapere
1554 4749 1957 4802 supervacanea

387 4836 441 4881 et
468 4832 669 4894 prater
687 4838 866 4879 usum.
884 4842 903 4875 ›
929 4823 1174 4895 Namque
1197 4826 1773 4894 supersubstantiulcm
1795 4840 1956 4879 unam

392 4917 680 4989 Deitatem,
711 4916 826 4970 sive
845 4931 1011 4969 untttn
1047 4915 1210 4971 Deum
1234 4920 1284 4971 in
1318 4917 1513 4972 Triade
1545 4918 1662 4971 sine
1692 4917 1958 4969 divisione

391 5005 653 5069 divisum,
693 5020 829 5058 nova
856 5006 1119 5059 divisione
1149 5008 1557 5061 subdividcntes
1587 5009 1820 5060 audaces
1847 5006 1955 5070 isti,

396 5098 594 5150 multas
621 5097 883 5166 quasdam
925 5096 1153 5168 deitatcs
1176 5113 1313 5162 esse,
1339 5107 1389 5149 et
1420 5098 1616 5151 inultos
1643 5100 1795 5162 deos,
1824 5112 1962 5165 pra:-

398 5200 477 5243 ter
499 5204 619 5243 vera
649 5189 926 5258 dogmata,
944 5188 1286 5255 impudenter
1300 5200 1350 5242 et
1378 5190 1660 5243 temerarie
1687 5191 1957 5242 sanciunt.

395 5267 559 5334 Aiunt
586 5282 807 5350 quippe,
832 5282 1105 5335 naturales
1134 5290 1189 5334 et
1218 5281 1532 5335 essentialcs
1566 5279 1656 5334 Dei
1682 5283 1960 5348 operatio-

401 5387 494 5426 ues
548 5372 855 5426 divinorum
898 5373 1089 5426 horum
1122 5384 1175 5426 ct
1205 5373 1647 5425 admirandot'um
1676 5373 1957 5425 nominutn

402 5478 502 5517 oon
535 5464 719 5519 minus
739 5464 1031 5533 participes
1061 5478 1199 5519 eSSe.
1224 5462 1328 5517 Nec
1360 5464 1487 5519 illud
1514 5480 1542 5516 a
1576 5464 1753 5517 divina
1779 5464 1962 5534 Scrip-

403 5560 517 5608 tura
548 5555 957 5616 intellexerunt,
1012 5563 1107 5608 aut
1139 5555 1312 5608 cdocti
1363 5565 1509 5618 sunt,
1554 5555 1684 5609 deos
1715 5568 1765 5607 et
1793 5556 1965 5609 domi-

406 5659 525 5711 itas,
571 5647 793 5717 angelos
824 5647 983 5702 sin'rul
1017 5653 1069 5700 et
1105 5647 1348 5701 homines
1388 5648 1516 5711 dici,
1554 5656 1603 5698 et
1643 5658 1961 5715 potestatem

2059 4542 2294 4610 etsigna
2352 4541 2588 4594 victoria:
2645 4538 2935 4608 synodales
2972 4539 3179 4594 litteras
3227 4538 3629 4607 deportassem,

2060 4634 2245 4687 statim
2283 4632 2507 4686 victoria
2555 4631 2707 4695 elati,
2741 4630 2975 4699 primum
3012 4631 3232 4698 quidem
3267 4630 3427 4689 clam,
3476 4640 3627 4695 post-

2060 4726 2281 4781 modum
2312 4723 2613 4794 propalam,
2642 4730 2998 4792 praeceptores
3023 4735 3118 4790 per
3157 4737 3217 4775 se
3250 4721 3417 4774 creati
3446 4722 3630 4773 civita-

2063 4820 2132 4873 tis
2172 4816 2552 4880 ostenduntur,
2605 4823 2662 4869 et
2697 4829 2867 4869 novos
2900 4827 3136 4887 errores,
3190 4813 3355 4865 veluti
3418 4812 3624 4864 Semina

2063 4927 2250 4982 prava,
2284 4912 2609 4964 miscrorum
2645 4906 2925 4960 hominum
2951 4905 3148 4959 animis
3181 4905 3527 4958 inseminant.
3565 4903 3630 4957 Et

2064 5007 2196 5068 haec,
2230 5012 2515 5073 postquam
2553 5002 2621 5053 ab
2652 4999 2889 5052 Ecclesia
2917 4997 3023 5051 illis
3081 4997 3410 5065 injunctum,
3450 5010 3627 5064 neque

2063 5099 2115 5151 iu
2140 5104 2411 5164 posterum
2445 5094 2695 5161 dogmata
2724 5090 2886 5152 ferre,
2923 5100 3099 5157 neque
3134 5089 3369 5153 docere;
3407 5089 3489 5141 sin
3527 5089 3628 5141 tni-

2063 5204 2189 5251 nus,
2244 5182 2721 5239 exsecrationibus
2752 5194 2909 5248 atque
2968 5178 3628 5234 excon:inculcationibus

2065 5277 2230 5330 futuri
2257 5285 2438 5329 essent
2458 5272 2703 5327 obnoxii.
2736 5271 2868 5324 Tum
2892 5272 3060 5337 magis
3080 5286 3143 5323 ac
3161 5269 3329 5337 magis
3350 5268 3402 5321 in
3424 5267 3630 5320 malitia

2069 5370 2409 5438 proﬁcientes
2435 5407 2449 5428 ,
2485 5380 2519 5419 0
2548 5363 3016 5417 invct'ecuntliatu!
3084 5363 3287 5428 nuptiis
3339 5359 3627 5413 hominum

2072 5474 2269 5514 manus
2311 5456 2595 5522 iijiciunt;
2628 5456 2855 5521 juvenes
2889 5452 3140 5506 mulieres
3179 5466 3209 5504 a
3256 5447 3386 5503 viris
3417 5455 3470 5499 et
3501 5445 3628 5502 (iliis

2082 5550 2363 5618 intrepide,
2390 5547 2683 5616 percgriuis
2719 5546 2834 5598 suis
2856 5555 3015 5612 atque
3040 5541 3292 5595 absurdis
3331 5537 3626 5600 doctrinis,

2077 5649 2392 5711 separantcs
2417 5681 2429 5704 ,
2461 5637 2687 5693 facinori
2719 5636 2920 5690 addunt
2954 5643 3207 5685 tonsuras
3242 5626 3629 5681 tetncrariasct
