4108 6316
516 281 543 342 ἓ
554 276 624 339 8‘1

1705 283 1801 342 DE
1839 282 2240 343 GREGOIUO
2286 285 2584 347 PALAMA

3810 276 3910 340 888

518 388 975 447 inconsideratas.
1014 407 1076 444 ex
1115 406 1290 459 pruno
1322 405 1510 450 nostro
1565 412 1761 465 genere
1798 397 2078 466 juvenum.
2113 399 2155 451 Δ
2188 397 2538 461 inhaererent,
2566 400 2823 454 audacter
2865 399 3095 471 mystica
3145 396 3477 455 sacriﬁcia
3541 393 3615 447 in
3653 393 3903 448 latebris

519 481 795 550 l't-ragunt
817 497 946 535 vero
977 482 1113 543 haec.
1147 500 1211 539 ac
1245 487 1288 538 si
1323 497 1567 555 pastores
1595 488 1715 540 urbi
1753 497 2076 557 praessent,

521 572 820 643 liceretque
848 577 1000 644 ipsis,
1043 578 1303 645 quidquid
1352 578 1562 633 libitum
1604 579 2083 645 fuerit,.coutmit-

525 676 660 721 tere.
720 666 1126 731 Verumtamen,
1170 674 1261 739 qui
1327 681 1454 726 tunc
1486 682 1710 742 praeerat
1752 672 2082 740 patriarcha,

524 762 759 828 primum
782 763 1000 832 quidem
1030 778 1124 816 eos
1148 764 1343 818 similia
1366 764 1502 819 clam
1529 763 1707 819 facere
1731 765 2083 835 perspiciens,

524 861 713 921 postea
752 855 803 908 in
841 857 1017 909 lucem
1065 871 1338 918 exserere,
1372 858 1712 923 adhortatur,
1743 868 1796 912 et
1827 859 2086 924 consulit,

527 954 586 996 ut
619 959 737 999 sese
767 947 1099 1010 contineant,
1147 947 1381 1001 absurda
1415 947 1529 1001 hch
1576 963 1699 1002 esse
1728 947 1940 1008 dicens.
1975 957 2028 1003 et
2058 963 2088 1001 a

528 1036 795 1090 canonico
852 1037 1042 1092 ordine
1076 1038 1275 1102 aliena,
1336 1049 1390 1092 et
1416 1039 1759 1093 confusionis
1791 1055 1853 1094 ac
1888 1040 2091 1093 tumul—

534 1141 685 1182 tmnn
745 1144 942 1185 causas
997 1130 1254 1185 Ecclesiae
1305 1132 1687 1193 eonnnuniter,
1748 1143 1801 1186 et
1841 1133 2090 1201 privatim

511 1221 808 1293 ,mnnibus.
849 1212 983 1276 cum
1042 1238 1171 1278 vero
1213 1224 1373 1278 enixe
1404 1225 1712 1294 saep'usque
1742 1225 1800 1279 id
1843 1234 2095 1292 repetens

532 1314 682 1367 nullo
719 1312 877 1368 modo
906 1314 1154 1371 homines
1182 1315 1235 1369 in
1267 1324 1500 1370 mentem
1548 1297 1729 1375 redire
1768 1316 2097 1378 intueretur,

535 1422 711 1475 neque
740 1406 808 1461 ab
840 1407 973 1460 inita
998 1407 1100 1460 sibi
1131 1407 1421 1462 inscientia
1458 1407 1753 1471 removeri,
1784 1421 1883 1460 nec
1911 1406 1977 1460 de
2010 1421 2096 1458 rev

537 1499 760 1553 dituad
813 1499 1034 1568 propria
1087 1499 1441 1562 monasteria,
1504 1499 1594 1553 tibi
1622 1514 1835 1553 comam
1886 1497 2098 1552 dctonsi

540 1603 863 1657 permanere
897 1587 1282 1655 promiserant,
1312 1586 1571 1655 rogitare,
1596 1593 1849 1652 tanquam
1872 1583 2103 1639 circula-

2182 493 2493 547 ochrentes.
2519 491 2623 546 Sed
2648 508 2770 547 cum
2793 491 2906 559 jam
2932 499 3120 561 pacata
3151 499 3300 545 esset
3342 485 3717 543 Ecclesia.
3740 494 3802 537 ct
3823 499 3905 538 res

2187 585 2563 655 tranquillam,
2600 584 3085 652 immunisquidam
3106 583 3266 639 turbo
3282 579 3648 636 exoritur.
3679 591 3716 629 a
3740 575 3900 629 Sata-

2188 692 2271 730 na‘.
2291 676 2466 730 ventis
2494 675 2786 738 excitatus,
2813 675 2905 742 qui
2931 677 3125 728 evertit
3154 672 3385 732 omnia,
3463 669 3899 732 immutatque

2191 770 2246 821 in
2281 769 2569 822 immanem
2620 768 2940 837 procellam,
2965 774 3019 820 et
3066 780 3163 820 eos
3180 765 3270 832 qui
3301 763 3496 816 adeo
3534 757 3891 827 blasphemi

2192 862 2439 922 fuerunt,
2470 859 2606 913 adeo
2630 858 2872 913 seritatis
2899 858 3103 923 hostes,
3135 857 3199 910 ad
3222 857 3428 925 prima
3457 850 3894 923 gubernacula

2193 952 2383 1006 sedere
2405 951 2553 1015 facit,
2578 966 2967 1020 sacrorumque
2985 949 3551 1008 administratores,
3587 940 3886 998 nefando-

2192 1058 2311 1096 rum
2333 1058 2556 1112 operum
2582 1043 2806 1110 opiﬁces
2825 1084 2837 1101 .
2864 1050 2918 1095 et
2944 1041 3189 1101 rebelles,
3224 1039 3629 1107 dogmatum
3661 1049 3883 1105 propu-

2196 1144 2451 1204 gnatores
2473 1174 2489 1199 ,
2521 1149 2584 1189 ac
2618 1133 2963 1188 adversarios
3022 1133 3220 1202 legum,
3248 1131 3638 1185 animarum
3678 1125 3879 1182 mode-

2197 1237 2428 1280 ratores.
2461 1224 2637 1280 Causa
2659 1239 2720 1279 ea
2753 1225 2884 1279 fuit:
2911 1226 3001 1294 qui
3029 1240 3172 1278 nunc
3204 1221 3474 1292 imperio
3501 1218 3871 1273 Graecorum

2201 1320 2425 1388 potitur,
2447 1320 2685 1371 Joannes
2734 1315 3172 1377 Cantacuzenus,
3226 1328 3344 1383 jam
3395 1310 3705 1365 maxima
3779 1324 3871 1363 ur-

2201 1409 2350 1463 bium
2403 1415 2695 1475 occupata,
2747 1415 2801 1461 et
2872 1404 3102 1472 imperio
3157 1401 3511 1457 absolutius
3587 1408 3862 1470 arrepto,

2203 1516 2327 1556 cum
2362 1501 2666 1569 patriarcha
2701 1498 2754 1553 in
2788 1511 3042 1567 magnum
3062 1493 3426 1551 sacerdotum
3458 1493 3711 1549 solium
3738 1506 3864 1563 prec

2207 1592 2508 1648 movendus
2532 1599 2700 1653 esset,
2730 1590 2897 1657 quod,
2930 1588 3023 1658 qui
3050 1597 3161 1643 tum
3179 1600 3318 1652 erat,
3349 1603 3385 1642 e
3426 1588 3657 1642 medio
3687 1602 3851 1642 exes-

541 1693 708 1748 tores,
745 1689 801 1735 et
833 1679 1141 1746 seditiosos,
1178 1688 1230 1732 et
1248 1678 1543 1748 dogmatun
1576 1692 1637 1732 ac
1664 1690 1892 1746 Opernm
1942 1688 2104 1729 nova.

2213 1694 2375 1750 serat,
2406 1699 2549 1739 nova
2584 1699 2673 1740 res
2705 1684 2960 1746 audetnr,
2982 1688 3178 1751 prater
3223 1681 3592 1735 sanctiones
3659 1683 3845 1735 eccle-

537 1782 705 1833 tores,
739 1770 875 1826 urbe
904 1769 1101 1838 pellere
1125 1779 1376 1825 conatur.
1406 1768 1510 1823 Sed
1544 1768 1598 1822 hi
1624 1766 2103 1837 persentiscentes,

538 1880 657 1933 quae
675 1871 832 1918 erant
849 1861 1179 1932 perpessuri,
1199 1862 1265 1915 ad
1283 1876 1534 1929 magnum
1561 1861 1815 1926 templum
1836 1857 1926 1912 Dei
1952 1856 2111 1911 Verbi

537 1953 827 2021 Sapientiae
853 1952 1196 2022 confugiunt.
1219 1951 1310 2006 ubi
1335 1967 1522 2019 parum
1556 1949 1726 2004 abfuit
1767 1949 1896 2017 quin
1920 1946 2114 2016 lapidi-

539 2049 638 2102 bus
666 2047 1067 2110 obrnerentur;
1097 2053 1151 2099 et
1180 2043 1360 2099 obruti
1386 2042 1636 2106 fuissent,
1668 2041 1772 2095 nisi
1811 2055 1967 2093 sacer
2025 2037 2114 2090 ille

538 2145 694 2197 locus
740 2147 970 2196 conatus
1024 2139 1421 2208 interrupisset.
1454 2137 1529 2191 lbi
1581 2136 1646 2191 ad
1690 2144 1922 2202 tempus.
1947 2133 2108 2187 veluti

538 2237 593 2290 in
619 2234 885 2298 custodia,
904 2229 1456 2303 permanserunt.sed
1496 2227 1619 2281 inde
1649 2236 1833 2296 postea
1857 2225 2112 2288 extracti,

538 2330 631 2394 qui
670 2330 874 2398 primas
903 2327 953 2380 in
985 2326 1277 2380 novatione
1304 2322 1615 2376 obtinebant
1657 2320 1863 2373 carceri
1898 2316 2112 2370 manci-

537 2432 738 2491 paotur
770 2438 784 2485 ;
818 2420 909 2474 alii
937 2420 1040 2474 hac
1071 2425 1233 2486 atque
1262 2415 1386 2468 illac
1429 2411 1789 2480 dissipantur.
1846 2407 2113 2474 Deinceps

543 2513 812 2584 professio
842 2511 991 2572 fidei,
1045 2518 1157 2562 tum
1191 2507 1259 2561 ab
1290 2501 1701 2566 ecclesiasticis,
1742 2511 1854 2554 tum
1896 2500 1963 2553 ab
1989 2497 2113 2553 aliis

544 2605 637 2661 oui
663 2605 714 2656 in
744 2601 1009 2670 dignitate
1032 2607 1208 2660 erant,
1236 2594 1574 2663 exposcitur.
1614 2590 1678 2645 lli
1700 2600 1906 2666 tantum
1937 2605 1967 2643 a
1998 2588 2111 2658 pie-

541 2703 650 2746 tate
682 2687 974 2744 asserenda
1008 2685 1343 2754 refugerunt,
1367 2692 1628 2752 quantum
1656 2680 1985 2750 impietatem
2011 2680 2105 2733 alii

542 2785 797 2837 oderunt.
832 2779 944 2833 lmo
977 2793 1193 2832 rursum
1231 2787 1283 2830 et
1317 2775 1516 2845 sapius
1566 2774 1619 2827 in
1652 2774 1753 2828 hoc
1780 2773 1917 2828 idem
1948 2786 2115 2826 com-

544 2876 712 2944 pulsi,
743 2889 864 2929 cum
897 2872 964 2926 de
1025 2870 1169 2925 fastu
1222 2882 1328 2922 non
1366 2867 1729 2926 remitterent,
1766 2864 1831 2918 ad
1876 2862 2113 2917 tribunal

2214 1776 2482 1839 siastieas,
2513 1784 2565 1830 et
2599 1774 2747 1845 leges
2794 1772 2954 1834 alias,
2990 1786 3127 1841 quas
3188 1770 3363 1826 divini
3423 1770 3723 1839 Apostoli
3783 1779 3837 1823 et

2213 1867 2581 1922 Ecetesiarum
2613 1873 2885 1935 pastores,
2910 1863 3069 1933 quasi
3090 1862 3315 1918 stabiles
3357 1862 3678 1932 quosdam
3735 1870 3841 1915 ter-

2213 1957 2394 2013 minos
2416 1958 2760 2027 przetlxerunt
2784 1973 2798 2022 ;
2831 1970 3091 2025 namque,
3114 1956 3179 2008 ad
3204 1955 3547 2025 eligendum
3582 1954 3831 2024 patriar-

2212 2052 2368 2104 cham
2402 2050 2597 2113 vocati,
2627 2065 2655 2103 a
2692 2048 2943 2105 saeculari
3005 2047 3259 2104 facultate
3315 2048 3822 2119 impediebamur,

2214 2156 2431 2196 neeum
2484 2155 2931 2211 promoveremus
2990 2154 3153 2208 quem
3206 2139 3393 2193 divina
3448 2140 3652 2210 gratia
3711 2154 3816 2192 una

2213 2250 2335 2289 Ctttu
2368 2248 2636 2287 consensu
2670 2230 2913 2286 fraterno
2951 2229 3228 2299 elegisset,
3253 2229 3347 2285 sed
3395 2246 3581 2300 quem
3651 2229 3818 2283 nobis

2214 2325 2651 2396 proposuissent.
2673 2322 2784 2379 Nos
2806 2338 3000 2377 omnes
3020 2322 3168 2376 hisce
3188 2322 3552 2391 opponimnr,
3579 2332 3639 2375 et
3666 2334 3809 2388 pra!-

2214 2431 2296 2473 ter
2323 2433 2579 2480 canones,
2610 2426 2663 2470 et
2695 2415 3111 2472 inconsideratae
3140 2415 3397 2484 jussioni,
3454 2414 3665 2484 paucis
3718 2428 3809 2466 as-

2214 2512 2584 2566 sentatoribus
2614 2510 2874 2577 exceptis,
2912 2517 2966 2561 et
3017 2522 3165 2562 more
3192 2508 3601 2576 mancipiorum
3662 2520 3794 2573 pcr-

2216 2605 2427 2667 trat-tis,
2463 2603 2837 2657 adversamur.
2868 2601 2979 2665 Ille,
3036 2608 3292 2670 tanquam
3324 2598 3594 2669 dogmati,
3658 2611 3794 2650 sen-

2216 2696 2396 2751 tentia:
2426 2710 2539 2749 sum
2565 2694 2789 2758 insistit,
2819 2706 2964 2746 nunc
2987 2691 3157 2752 hunc.
3194 2692 3501 2746 nuncillum
3523 2690 3581 2741 in
3614 2684 3785 2757 patri-

2215 2784 2490 2839 arehicam
2514 2782 2834 2854 dignitatem
2870 2780 3179 2836 immediate
3208 2790 3262 2834 et
3290 2778 3527 2833 insubide
3548 2788 3780 2845 promo-

2213 2890 2365 2930 vens.
2399 2875 2463 2928 Et
2493 2874 2622 2944 quid
2641 2888 2780 2943 opus
2794 2880 2877 2928 est
2896 2873 3050 2941 plura
3083 2872 3150 2925 de
3179 2872 3394 2928 dissidio
3420 2872 3504 2924 illo
3528 2869 3712 2920 dicere
3735 2866 3763 2916 ἓν

544 2977 833 3031 vocantur,
868 2975 926 3019 ut
955 2964 1022 3018 de
1051 2962 1120 3017 iis
1150 2976 1382 3031 quorum
1416 2958 1821 3014 lnsimnlantur.
1844 2955 2107 3009 rationem
2136 2994 2179 3052 Ο
2212 2967 2451 3021 Tandem
2485 2967 2550 3021 ad
2594 2966 2867 3021 palamam
2912 2974 3075 3034 atque
3115 2964 3390 3039 lsidorum,
3416 2957 3750 3031 pmscripws

546 3060 803 3115 reddant.
847 3056 952 3111 Sed
989 3070 1163 3123 neque
1211 3053 1314 3106 hac
1360 3051 1571 3105 ratione
1620 3049 1901 3110 ohediunt,
1935 3059 2112 3115 neque

549 3164 866 3221 comparere
887 3149 1105 3203 audent.
1138 3146 1292 3211 Quod
1317 3147 1496 3211 itaque
1529 3142 1833 3196 faciendum
1862 3145 2114 3209 propter-

550 3263 610 3299 ea
641 3254 761 3299 erat
811 3241 1051 3297 Ecclesia
1096 3255 1218 3295 cntn
1256 3234 1526 3305 spirituali
1577 3234 1903 3287 auctoritate
1932 3228 2113 3291 ellirit,
2161 3268 2167 3275 .

549 3349 604 3392 et
631 3339 864 3408 primum
902 3335 1112 3397 statim,
1145 3333 1236 3402 qui
1271 3328 1676 3403 hyp0pscphius
1726 3336 1843 3380 erat
1880 3321 2115 3378 sanctis-

554 3434 705 3485 sume
730 3428 1094 3497 metropoleos
1111 3423 1516 3480 Monembasiee,
1539 3420 1831 3481 lsidorum,
1849 3422 2118 3470 conantur

551 3540 580 3575 a
610 3523 835 3575 Palama
875 3531 930 3575 et
965 3519 1111 3572 illius
1162 3516 1414 3571 factionis
1457 3509 1804 3580 dogmatibus
1858 3505 2111 3561 avellere.

552 3614 799 3684 Namque
852 3596 1137 3666 dicebatur
1186 3617 1239 3659 et
1275 3607 1392 3674 ipse
1436 3618 1578 3659 unus
1623 3604 1747 3657 esse
1797 3615 1862 3654 ex
1914 3597 1983 3652 iis
2020 3594 2112 3665 qui

551 3707 740 3760 eadem
781 3718 845 3758 ac
874 3702 965 3756 ille
1012 3701 1297 3760 sentirent,
1327 3699 1454 3754 licet
1496 3694 1869 3765 imprudenter
1903 3689 2117 3743 antisti-

553 3813 666 3854 tmn
696 3797 919 3854 calculis
942 3794 1212 3850 obnoxius
1245 3791 1451 3857 fuerit;
1485 3802 1701 3853 verum,
1737 3786 1827 3841 ubi
1862 3782 2117 3839 eumdem

553 3890 864 3959 praedurum
898 3896 953 3942 et
984 3885 1141 3956 plane
1175 3862 1514 3938 obstinatum
1545 3878 1901 3943 invenissent,
1928 3881 2119 3929 sancto

559 3985 776 4036 bemate
826 3979 1057 4048 pellunt,
1089 3984 1456 4045 praeparatum
1489 3971 1599 4041 jam
1642 3969 1709 4024 ad
1734 3980 1952 4022 sacrum
1993 3977 2119 4018 cum

557 4073 861 4143 patriarcha
916 4069 1221 4125 faciendum
1264 4083 1280 4133 ;
1319 4075 1429 4120 tum
1486 4064 1539 4117 in
1578 4061 1844 4132 judicium
1901 4062 2120 4117 vocant,

555 4168 646 4235 qui
682 4167 859 4237 palam
891 4164 1158 4227 enuntiat,
1186 4174 1463 4229 nunquam
1503 4170 1563 4211 se
1595 4170 1657 4209 ea
1694 4153 2114 4219 abnegaturum,

557 4261 650 4314 sed
683 4260 919 4313 animam
940 4257 1117 4325 potius
1151 4253 1477 4306 traditurum
1507 4263 1627 4302 cum
1662 4244 1930 4306 Ecclesia,
1955 4254 2122 4309 quam

2221 3069 2385 3128 atque
2414 3059 2637 3129 ejectos,
2666 3055 3273 3128 patriarebicamdefert
3324 3053 3644 3120 dignitatem.
3686 3045 3748 3098 Et

2221 3161 2435 3221 tempus
2497 3152 2550 3206 in
2602 3152 2688 3206 his
2743 3148 3190 3210 consumebatur,
3243 3163 3310 3203 eo
3366 3145 3571 3216 quidem
3636 3153 3758 3193 cum

2223 3244 2547 3299 auctoritate
2603 3258 2716 3299 rem
2774 3249 3171 3313 pertractante,
3225 3240 3383 3295 nobis
3428 3244 3606 3291 contra
3668 3242 3767 3299 pro

2221 3337 2432 3392 viribus
2476 3335 2876 3402 resistentibus,
2928 3333 3463 3403 oppenentibusque,
3512 3325 3761 3395 injuriam

2222 3429 2338 3483 ﬁeri
2369 3427 2744 3483 sanctionibus
2763 3424 3151 3481 ecclesiasticis
3171 3431 3227 3478 et
3255 3423 3437 3490 legum
3457 3413 3768 3478 sinceritati.

2227 3519 2371 3574 Vicit
2400 3518 2619 3574 tandem
2642 3518 2895 3573 voluntas
2915 3516 3100 3572 carnis
3127 3522 3183 3570 et
3209 3514 3519 3582 sanguinis,
3551 3518 3624 3571 et,
3646 3519 3769 3576 qua.

2230 3614 2300 3668 lia
2324 3612 2496 3669 solent
2548 3608 2911 3678 esscljudicia
2966 3607 3083 3674 Dei,
3123 3606 3372 3676 pluribus
3428 3600 3683 3660 abscissis
3727 3606 3775 3651 et

2228 3708 2494 3777 separatis
2522 3703 2869 3775 praesulibus.
2899 3699 3205 3770 patriarcha
3236 3699 3314 3762 fit,
3344 3713 3378 3752 ο
3413 3697 3506 3751 Dei
3530 3697 3673 3764 leges
3725 3699 3774 3742 et

2227 3797 2549 3852 tribunalia!
2600 3793 2862 3865 Isidorus,
2917 3791 3173 3846 omnibus
3227 3789 3668 3859 patriarcharum
3727 3788 3776 3834 et

2229 3891 2530 3948 antistitum
2568 3887 2792 3943 calculis
2822 3886 3105 3956 depositus
3135 3901 3150 3951 ;
3187 3891 3240 3937 et
3268 3884 3421 3937 sedet
3482 3883 3538 3936 in
3591 3888 3773 3945 tnaguo

2228 3985 2447 4045 throno,
2482 3979 2697 4049 quinec
2720 3976 2902 4046 pusilli
2938 3975 3223 4047 cujusdam
3255 3973 3451 4043 dignus
3508 3971 3776 4041 judicatus

2229 4084 2313 4130 est
2344 4075 2529 4134 homo,
2550 4067 3009 4139 quemadmodum
3040 4067 3131 4134 qui
3167 4066 3305 4120 bene
3348 4079 3471 4117 eum
3497 4071 3554 4115 et
3585 4058 3707 4114 olim
3730 4068 3775 4107 et

2230 4180 2375 4221 nunc
2394 4173 2617 4225 norunt,
2650 4176 2761 4232 prae
2783 4161 2905 4216 aliis
2934 4158 3176 4222 stultior,
3210 4172 3405 4220 vanus,
3438 4164 3621 4209 mente
3643 4147 3775 4203 nulla

2230 4274 2356 4314 cum
2385 4257 2506 4311 aliis
2535 4266 2895 4309 consuescere
2927 4249 3175 4315 nescius,
3200 4263 3305 4302 non
3330 4247 3525 4301 melius
3551 4262 3579 4299 a
3619 4236 3774 4311 pejttri

561 4364 667 4404 non
694 4362 815 4402 cum
847 4346 1063 4398 Palama
1099 4343 1473 4411 Opinaturum.
1508 4337 1566 4391 Si
1597 4336 1722 4405 quis
1760 4333 1868 4387 vim
1905 4329 2111 4385 inferat

2233 4352 2567 4410 discernere,
2605 4352 2665 4398 ut
2688 4331 2917 4398 aliorum
2966 4340 3249 4411 praefectos
3273 4340 3533 4394 addecet:
3582 4341 3651 4389 ita
3698 4343 3775 4383 res

559 4440 839 4494 renuntiat
889 4433 1205 4505 pra-sulatui
1266 4440 1319 4485 et
1373 4428 1651 4489 Ecclesiae,
1700 4426 1860 4495 cujus
1912 4423 2124 4478 electus

559 4532 737 4585 inerat
772 4525 1085 4596 episcOpus.
1115 4521 1342 4589 Propter
1370 4520 1421 4573 id
1453 4516 1697 4589 synodali
1737 4515 2004 4572 sententia
2032 4515 2126 4569 de-

561 4621 804 4690 ponitur,
840 4627 895 4673 et
920 4616 1061 4670 alius
1102 4628 1210 4667 non
1253 4612 1480 4666 multum
1508 4619 1631 4679 post
1662 4618 1878 4679 tempus
1910 4607 1989 4661 illi
2023 4605 2125 4661 Eca-

563 4719 742 4773 clesitn
775 4713 1089 4786 praeﬁcitur.
1122 4715 1325 4765 Auctor
1343 4721 1472 4761 vero
1491 4717 1541 4761 et
1579 4714 1951 4774 propugnator
1983 4702 2129 4757 blas-

562 4810 901 4881 phemiarum
955 4804 1224 4866 Palatnas,
1279 4798 1443 4855 simili
1489 4806 1542 4852 et
1568 4797 1686 4866 ipse
1733 4795 1945 4850 calculo
1997 4797 2120 4848 cum

562 4902 819 4957 universa
874 4911 973 4953 sua
1008 4895 1246 4950 factione
1302 4891 1697 4946 condemnatus
1735 4902 1951 4955 ;ueque
1979 4884 2122 4939 enim

563 4998 631 5050 de
668 4991 1015 5048 contentione
1069 4985 1272 5056 aliquid
1298 4981 1639 5053 remittebat,
1692 4994 1866 5049 neque
1896 4978 1953 5033 in
1985 4993 2128 5047 quo-

563 5100 727 5157 quam
760 5098 788 5134 a
816 5080 1097 5134 temeraria
1133 5077 1222 5130 illa
1257 5075 1587 5145 loquacitate
1611 5073 1870 5133 cedebat;
1902 5073 1970 5126 ab
2007 5072 2116 5127 Ec-

564 5177 728 5232 clesia
752 5171 845 5227 Dei
884 5169 1268 5238 proscribitnr,
1306 5176 1359 5219 et
1388 5165 1694 5221 sacerdotio
1751 5165 2037 5232 spoliatur,
2067 5174 2127 5218 ut

562 5271 697 5325 Acta
727 5267 793 5318 de
819 5263 921 5316 hac
952 5275 1008 5313 re
1043 5270 1189 5329 gesta
1243 5265 1694 5319 commemorant,
1753 5273 1780 5308 ιι
1820 5256 2125 5324 patriarcha

564 5377 696 5416 tunc
757 5352 1019 5423 temporis
1068 5352 1271 5419 Ireg’nzc
1325 5351 1539 5403 urbium
1595 5347 1901 5416 obsignata,
1963 5347 2127 5401 etab

562 5450 927 5509 Antiochcno,
995 5455 1048 5498 et
1096 5441 1350 5497 omnibus
1411 5441 1745 5496 antistitibus
1816 5450 1927 5493 tum
1984 5456 2127 5494 mine

565 5541 653 5595 hic
717 5534 1095 5608 praesentibus,
1149 5540 1263 5585 tum
1317 5533 1367 5582 in
1434 5532 1681 5598 proprias
1718 5532 1875 5586 sedes
1910 5547 2122 5601 regres-

565 5635 661 5688 sis.
717 5630 782 5682 Et
833 5629 913 5683 sic
972 5628 1109 5679 facta
1174 5631 1260 5678 est
1330 5636 1518 5675 eorum
1581 5623 1807 5688 privatio
1870 5633 1919 5678 et
1964 5625 2129 5691 depo-

566 5724 714 5789 sitio,
747 5722 872 5777 licet
921 5720 1024 5789 ipsi
1061 5719 1212 5775 nihili
1245 5716 1507 5772 facientes
1537 5729 1773 5784 pcenam,
1806 5718 2110 5773 sacerdotio

2233 4449 2602 4511 pertractans,
2621 4432 2786 4489 veluti
2808 4441 2864 4489 et
2887 4430 3125 4487 fornices
3165 4445 3269 4498 per.
3288 4438 3483 4483 terram
3515 4429 3770 4495 repentes.

2232 4531 2475 4586 ludicros
2503 4528 2662 4597 plane
2694 4523 2990 4587 universis,
3020 4521 3113 4591 qui
3172 4519 3240 4575 de
3280 4534 3346 4575 eo
3416 4518 3580 4574 ludos
3615 4516 3771 4568 facere

2231 4624 2459 4693 cupiunt
2482 4638 2496 4687 ;
2524 4633 2579 4674 et
2601 4617 2744 4689 quod
2769 4615 2922 4685 pejus
2944 4624 3050 4680 est,
3070 4628 3245 4683 neque
3269 4611 3595 4665 obedientia:
3611 4609 3765 4675 legum

2232 4702 2659 4787 gnaruspneque
2683 4712 2736 4763 in
2768 4707 3021 4764 ctenobio
3040 4706 3336 4767 enutritus,
3365 4705 3459 4758 sed
3490 4703 3544 4757 in
3573 4697 3770 4757 urbibus

2232 4816 2285 4862 et
2315 4808 2478 4859 rebus
2534 4800 2766 4874 publicis
2824 4799 3171 4862 commistus,
3231 4806 3286 4851 et
3339 4794 3675 4865 pasdagogus,
3724 4795 3771 4840 et

2232 4913 2522 4968 puerorum
2550 4893 2881 4963 pmdotriba;
2913 4891 3109 4957 hincLet
3159 4903 3447 4958 separasse
3503 4889 3672 4946 aiunt,
3720 4886 3770 4932 ut

2233 4992 2490 5049 diximus,
2542 4985 2914 5040 mulierculam
2980 4999 3010 5035 a
3052 4989 3305 5037 consorte
3362 4989 3416 5034 et
3465 4978 3594 5033 filiis
3644 4968 3767 5044 apud

2232 5078 2702 5137 Thessalonicam,
2731 5074 3194 5145 quemadmodum
3227 5073 3443 5140 etapnd
3473 5068 3764 5141 Byzantium

2231 5172 2419 5235 aliain,
2454 5167 2632 5237 qualis
2656 5164 2834 5219 fuerat
2858 5163 3084 5234 Cydonii
3119 5161 3247 5224 lilia,
3281 5161 3462 5230 qualis
3495 5159 3762 5229 Τίνι-ιιεωὶ

2230 5270 2464 5334 quantas
2496 5273 2625 5313 vero
2648 5256 2867 5311 easdem
2896 5255 3090 5309 doceat
3130 5253 3184 5307 in
3232 5251 3466 5306 occultis
3504 5241 3766 5316 colloquiis

2232 5333 2494 5411 nefandas
2519 5360 2573 5405 et
2609 5350 2875 5405 absurdus
2940 5345 3243 5411 doctrinas,
3315 5343 3671 5413 relinquimus
3710 5333 3768 5386 iis

2232 5448 2323 5516 qui
2353 5442 2711 5514 spiritualiter
2731 5456 2795 5495 ea
2854 5439 3262 5500 examinarunt,
3292 5450 3361 5490 nc
3389 5449 3570 5490 aerem
3616 5431 3764 5497 ipsum

2231 5535 2582 5604 blasphemiis
2631 5533 2971 5602 impleamus.
3020 5529 3157 5594 Quid
3211 5527 3354 5581 enim
3413 5525 3546 5579 recti
3597 5524 3767 5577 docere

2232 5629 2445 5698 poterit,
2480 5627 2572 5693 qui
2606 5627 2819 5695 penitus
2839 5624 3037 5693 jcjunii
3066 5624 3182 5676 dies
3238 5635 3343 5672 non
3399 5613 3685 5674 discernit,
3720 5615 3764 5657 t't

2222 5734 2253 5774 a
2280 5720 2415 5775 cibis
2443 5734 2504 5773 ac
2537 5717 2749 5775 cotibus
2774 5712 3155 5775 abstinentias,
3201 5724 3325 5763 eum
3353 5722 3490 5774 opus
3522 5704 3695 5759 fuerit.
3720 5703 3763 5749 et
