4108 6316
284 356 429 418 8329

1471 360 1925 421 GlirECORUM
1967 359 2448 422 SENTENTi/E.

3464 361 3576 427 890

285 483 305 516 ‹
338 483 509 520 mnes
536 466 652 520 dies
683 450 1047 523 inditiercntcs
1076 479 1324 538 usurpat,
1367 482 1422 525 ut
1459 470 1642 527 facere
1677 482 1882 534 amant,
1910 477 1962 537 Α
1989 474 2291 543 prmpediti,
2322 476 2392 528 ab
2456 490 2645 529 corum
2680 471 3066 527 communione
3092 472 3466 541 abstinemus;
3522 475 3578 531 id

258 560 414 624 ⁴ψεῖ
449 557 736 611 barbaram
770 561 931 613 vitam
962 559 1192 615 ducunt.
1222 560 1339 616 Non
1379 579 1671 632 possumus
1718 564 1889 620 verbo

289 645 646 710 exprimere,
712 663 1049 716 qumcunque
1084 649 1178 704 alii
1227 651 1282 704 in
1328 652 1568 709 medium
1630 654 1886 720 alterunt,

291 737 412 801 qui
450 751 536 790 res
566 737 707 791 illius
735 738 1048 794 traducunt.
1076 739 1185 795 Sed
1241 756 1407 811 super
1458 744 1565 798 hoc
1616 746 1890 813 putridnm

294 828 758 887 tuadamnntum.
795 829 997 882 malum
1040 831 1186 885 aliud
1230 833 1620 897 exaediﬁcatur,
1683 845 1736 889 ct
1785 835 1890 889 ini-

296 919 506 981 quitas
536 918 751 970 additur
773 919 1068 987 iniquitati,
1100 924 1401 977 secundum
1423 926 1665 980 divinum
1699 926 1893 982 David.

296 1007 919 1086 Auctorimprobitatis
944 1012 1353 1079 perditissimus
1401 1013 1651 1071 Palamas
1688 1032 1703 1078 ;
1739 1016 1893 1069 Pala-

299 1110 464 1158 mns,
495 1098 654 1161 cujus
687 1099 768 1151 vel
798 1100 911 1153 sola
968 1102 1344 1157 recordatione
1369 1104 1585 1161 animus
1619 1107 1782 1160 simul
1841 1114 1898 1161 et

296 1199 478 1238 unus
527 1188 792 1254 expianda
848 1197 952 1243 est.
1010 1189 1105 1245 llic
1165 1193 1539 1261 nequissimus
1593 1196 1897 1263 hominum,

300 1274 626 1330 'l‘hessaliae
660 1281 982 1349 metropolis
1013 1283 1242 1338 antistes
1298 1295 1534 1351 creatur,
1589 1288 1680 1355 qui
1746 1289 1899 1356 prius

297 1370 337 1421 tl
391 1374 607 1437 positus
634 1370 1053 1442 fueratpropter
1089 1390 1171 1435 ea,
1215 1370 1453 1443 quorum
1491 1392 1657 1432 causa
1728 1378 1899 1447 depo-

299 1464 467 1518 sifus
496 1474 579 1518 est
611 1481 716 1518 non
762 1467 990 1521 mttltunt
1027 1478 1172 1532 ante,
1231 1470 1504 1540 sacrilegii
1566 1472 1795 1526 crimine
1827 1469 1898 1526 'in

304 1555 619 1623 Periblepti
686 1560 1020 1613 monasterio
1053 1560 1379 1625 obStrietus,
1450 1577 1572 1617 cum
1633 1562 1903 1631 imagines

304 1660 609 1714 grassator
644 1648 1022 1718 exspoliasset,
1076 1657 1132 1705 et
1162 1666 1318 1707 sacra
1348 1667 1505 1717 vasa,
1531 1668 1652 1723 qua:
1714 1653 1896 1707 oleum

308 1741 692 1809 recipiebant,
736 1740 1104 1807 contrivisset,
1137 1743 1303 1798 veluti
1358 1743 1550 1809 ludas,
1613 1755 1899 1815 argentum

308 1831 433 1882 sibi
467 1845 788 1899 conparans
818 1849 833 1885 ι
872 1847 998 1886 eum
1048 1848 1223 1902 neque
1249 1833 1333 1888 bis
1357 1846 1439 1889 ter
1470 1836 1634 1889 miser
1698 1836 1903 1890 reveri-
1934 1815 1974 1869 Β

312 1931 417 1972 tus
446 1920 638 1974 fuisset
675 1923 932 1978 salutaris
962 1920 1243 1981 Passionis
1286 1925 1426 1989 dies,
1456 1927 1707 1981 maximae
1756 1927 1900 1997 jeju-

312 2015 546 2066 ninrum
578 2014 953 2083 hebdomadis,
991 2018 1227 2073 lavacris
1258 2027 1314 2073 et
1360 2020 1634 2074 alimentis
1664 2026 1719 2074 ει
1759 2020 1902 2088 poli-

312 2106 433 2158 tms
465 2120 666 2174 corpus
691 2103 896 2171 fovere,
925 2107 991 2161 ad
1023 2107 1451 2162 destructionem
1484 2110 1704 2179 regulae.
1731 2109 1905 2163 otl‘en.

308 2196 536 2248 sionem
593 2204 648 2248 et
715 2198 1034 2251 scandalum
1074 2199 1425 2253 conscientia:
1486 2201 1903 2265 monachorum,

310 2300 373 2340 et
401 2288 748 2342 audientium
781 2304 1001 2358 quoque
1020 2291 1273 2356 fortasse,
1298 2306 1398 2346 nec
1421 2307 1527 2346 non
1554 2291 1903 2360 prmsentium

313 2397 386 2430 ae
427 2381 757 2435 intuentium
788 2382 842 2435 in
880 2381 1329 2437 Rcsurrectionis
1357 2382 1561 2437 Christi
1588 2382 1677 2436 Dei
1721 2382 1906 2437 divino

318 2472 671 2524 monasterio
704 2488 719 2531 ;
758 2470 831 2526 ibi
856 2473 1000 2526 enim
1046 2473 1412 2528 suﬂ‘ocatoriis
1469 2474 1677 2543 potius,
1740 2489 1903 2542 quam

316 2563 736 2630 mpnrgntnriis
772 2564 1008 2620 lavacris
1076 2580 1208 2620 usus
1239 2575 1342 2619 est.
1372 2563 1437 2617 Ili
1504 2566 1687 2633 itaque
1740 2565 1906 2618 veluti

321 2654 631 2721 impietatis
663 2654 1013 2709 fundamenta
1080 2655 1283 2710 Clll‘lrli
1329 2655 1586 2711 Ecclesiae
1632 2644 1905 2711 ‘suhmissi

319 2758 430 2798 aut
466 2746 724 2814 itnproltze
756 2746 1012 2802 factionis
1065 2748 1269 2803 Christi
1312 2748 1569 2804 Ecclesiae
1629 2749 1904 2819 praepositi

325 2846 503 2891 c’ttces
535 2839 927 2905 ituprobissitni
964 2840 1318 2896 introducunt
1362 2856 1457 2896 eos
1487 2843 1578 2912 qui
1611 2842 1740 2896 olim
1811 2857 1907 2897 ea-

323 2929 359 2983 d
387 2946 458 2981 -m
481 2944 543 2982 ac
566 2932 661 2999 ipsi
685 2932 1014 2996 sentiebant,
1040 2943 1132 2988 aut
1160 2948 1307 2988 nunc
1335 2935 1541 2990 sentire
1560 2935 1905 3004 profitentur,

322 3024 381 3077 in
422 3038 610 3078 sacras
639 3023 896 3082 Ecclesia:
947 3028 1134 3092 sedes;
1196 3026 1468 3091 homines,
1533 3043 1675 3098 quos
1729 3042 1907 3098 neque

323 3116 478 3168 unde
498 3116 762 3185 originem
792 3116 1029 3181 trahant,
1051 3134 1229 3187 neque
1255 3119 1397 3186 quod
1424 3119 1548 3175 vitae
1596 3119 1902 3175 institutum

322 3208 629 3269 set-tentur,
660 3194 966 3277 complures
996 3179 1214 3263 norunt.
1252 3179 1315 3262 Et
1344 3208 1600 3278 impletur
1655 3217 1907 3280 pr0pter-
1932 3179 1977 3241 C

326 3314 394 3349 ea
462 3295 551 3350 Dei
581 3295 821 3352 Ecclesia
848 3299 1112 3354 dedecore
1161 3310 1216 3353 et
1276 3300 1521 3366 infamia,
1591 3301 1750 3369 cujus
1810 3317 1907 3356 nec

331 3389 561 3440 tnodum
589 3403 687 3442 nec
714 3389 1031 3458 qualitatem
1063 3391 1247 3445 dicere
1287 3390 1561 3447 novimus.
1625 3392 1690 3445 Et
1720 3391 1789 3445 de
1823 3392 1906 3447 his

332 3478 560 3545 quidem
596 3495 683 3533 res
712 3480 786 3534 ita
826 3495 884 3534 se
908 3481 1087 3539 habet.
1124 3482 1231 3537 Nos
1267 3498 1393 3537 vero
1426 3483 1594 3538 semel
1621 3484 1689 3538 ab
1715 3498 1905 3540 eorum

336 3570 672 3622 commercio
707 3571 966 3638 separati,
1030 3572 1208 3640 quiete
1251 3574 1482 3642 egimus,
1541 3583 1594 3628 et
1641 3575 1744 3629 nisi
1809 3588 1908 3627 nos

336 3662 666 3728 impeteutcs
716 3664 766 3715 in
824 3676 1013 3716 eorum
1075 3664 1334 3718 unionem
1365 3665 1713 3729 attraxerint,
1763 3665 1904 3718 haud

333 3752 685 3805 tolerandum
756 3767 878 3807 esse
932 3753 1160 3808 ducunt.
1238 3758 1442 3824 Quare,
1503 3772 1649 3812 nunc
1702 3756 1907 3825 legatos

334 3846 591 3908 mittunt,
620 3856 672 3898 et
702 3846 935 3899 maxima
983 3848 1292 3916 spondent;
1323 3864 1489 3913 nunc,
1554 3858 1762 3903 mutato
1825 3851 1908 3902 itt-

333 3936 560 4001 stituto,
619 3950 740 4005 qua:
783 3947 1195 4005 persecutorum
1251 3949 1379 3992 sunt
1400 3953 1465 3993 ac
1526 3949 1909 4009 tyrannorum,

331 4028 602 4094 clliciunt,
634 4039 687 4081 et
716 4029 1031 4083 carceribus
1061 4030 1192 4085 tutis
1247 4029 1555 4096 includunt,
1626 4040 1686 4085 ut
1738 4045 1911 4100 neque

332 4120 514 4173 videri
542 4134 717 4186 neque
746 4120 959 4175 visitari
986 4121 1054 4177 ab
1087 4122 1198 4177 ullo
1252 4123 1531 4192 possimus
1565 4140 1579 4178 :
1649 4124 1913 4193 quemad-

332 4217 564 4267 modum
596 4214 839 4270 latrones
896 4231 992 4271 eos
1027 4212 1280 4282 tractant,
1329 4217 1419 4286 qui
1446 4215 1513 4270 ad
1546 4231 1734 4270 eorum
1793 4232 1910 4270 ma-

330 4322 436 4359 nus
461 4307 834 4374 pervenerint,
861 4317 915 4362 et
940 4308 1273 4374 deprimunt,
1304 4315 1572 4376 quantum
1632 4315 1863 4376 possunt
1892 4323 1907 4362 :

330 4410 483 4448 ltttttc
519 4394 794 4450 minantur
831 4407 1120 4468 augmenta
1167 4397 1620 4461 inhumanitatis;
1680 4405 1794 4449 tum
1856 4407 1912 4449 et

334 4483 555 4538 litteras
584 4484 850 4540 adversus
889 4501 989 4540 nos
1022 4485 1291 4541 malitiose
1313 4492 1672 4554 componunt,
1701 4484 1907 4538 crimen

329 4578 496 4630 nobis
511 4583 867 4645 opponentes,
884 4576 1028 4646 quod
1046 4572 1168 4631 eum
1196 4577 1302 4632 illis
1322 4592 1427 4629 non
1445 4574 1911 4630 communicamus

332 4684 429 4720 nec
458 4668 616 4721 aliud
642 4678 926 4737 praeterea.
959 4669 1225 4723 Praeterea
1261 4669 1510 4723 adintuut
1538 4670 1695 4723 nobis
1739 4668 1913 4723 eccle-

334 4762 550 4823 siaS,ct
588 4761 653 4813 ad
720 4762 881 4813 vitam
932 4762 1306 4817 sustinendam
1360 4761 1586 4827 reditus,
1645 4769 1705 4814 ut
1762 4774 1912 4815 mors

338 4855 582 4907 violenta
615 4853 871 4921 abripiat.
900 4853 1012 4908 Nos
1040 4868 1223 4923 porro,
1281 4869 1378 4921 per
1404 4852 1622 4921 aliquod
1672 4863 1910 4919 tempus,

341 4959 534 4997 eorum
569 4944 835 4998 insaniam
863 4945 1211 5011 sustinentes,
1248 4960 1372 4999 cum
1431 4945 1603 4997 nihilo
1667 4938 1913 4996 modera-

346 5039 514 5092 tiores
545 5038 716 5092 factos
747 5038 1047 5103 videamus,
1077 5037 1330 5096 facimus.
1351 5038 1518 5107 quod,
1545 5052 1669 5090 cum
1700 5036 1770 5089 illi
1797 5051 1915 5089 ma-

351 5134 398 5185 le
421 5148 580 5201 agere
610 5145 912 5201 cmpcrant,
948 5148 1043 5184 nos
1095 5131 1275 5187 facere
1305 5131 1657 5196 debebamus,
1686 5140 1737 5184 et
1761 5144 1913 5184 com-

353 5241 569 5278 munem
604 5224 669 5279 ad
696 5226 842 5294 ipsus
867 5223 1152 5291 dn'igianus
1210 5223 1658 5285 admonitionem,
1716 5222 1911 5291 partim

355 5327 625 5386 rogantes,
648 5318 844 5386 partim
874 5317 1143 5386 synodum
1195 5314 1313 5383 cogi
1340 5314 1712 5379 consiliantes,
1746 5323 1801 5366 et
1865 5315 1912 5369 si

355 5426 459 5462 non
494 5409 760 5471 omnium,
791 5407 982 5461 saltem
1020 5422 1208 5460 eorum
1256 5407 1345 5476 qui
1394 5407 1640 5465 aderant,
1709 5421 1913 5475 prtcsu-

357 5501 486 5559 lum,
517 5505 575 5550 ut
610 5498 750 5551 male
805 5496 1101 5553 constituta
1154 5496 1405 5565 factaque
1445 5496 1907 5561 examinareutur,

357 5589 747 5659 siequedivinte
768 5588 1022 5643 Ecclc~iae
1044 5597 1223 5656 partes
1252 5588 1303 5640 in
1334 5603 1500 5642 unum
1520 5588 1914 5643 coalescerent.

359 5681 673 5735 Addidimus
709 5678 1302 5741 adhortationi,.de_iis
1338 5693 1456 5745 qn.e
1516 5677 1615 5745 ipsi
1666 5674 1907 5744 agerent,

364 5777 457 5822 trat
478 5783 646 5829 tantes
674 5789 861 5830 sacros
880 5772 1200 5841 divinosque
1229 5787 1464 5825 canones
1486 5811 1499 5835 ,
1555 5770 1753 5840 quibus
1811 5788 1907 5827 nos

1994 581 2215 635 quoque
2244 574 2632 633 protestantes,
2675 565 2779 619 nisi
2815 563 3093 631 exquisito
3140 563 3345 632 judicio
3396 581 3566 635 perop

1993 668 2342 729 portunoque
2374 659 2613 713 remedio
2644 658 2808 713 rebus
2833 657 3112 726 provisum
3157 655 3371 719 fuisset,
3439 675 3579 710 nim-

1993 766 2158 819 quam
2189 767 2289 806 nos
2330 767 2452 805 cum
2513 750 2622 804 illis
2673 749 3195 811 communicaturus,
3256 750 3369 809 scd,
3420 750 3580 819 juxta

1993 842 2337 911 praescriptos
2416 856 2655 895 canones
2706 838 3073 908 apostolorum
3136 845 3191 892 et
3259 851 3573 892 sanctarum

1996 943 2171 1001 atque
2203 932 2682 987 (ecumenicarum
2720 929 3080 1000 synodorum,
3126 929 3299 997 poenis
3353 932 3575 984 eosdem

1996 1025 2363 1095 subjectnros,
2382 1023 2713 1091 deponentes
2731 1029 2785 1074 et
2802 1020 3359 1082 excommunicantes,
3381 1035 3580 1088 qui-ni-

1997 1116 2288 1170 admodum
2332 1114 2409 1168 illi
2457 1114 2776 1168 decernunt.
2808 1112 2871 1166 Et.
2929 1128 3026 1166 nos
3086 1111 3185 1165 ista
3246 1111 3580 1179 pertentavi-

1998 1222 2144 1261 mus.
2170 1205 2250 1260 llli
2282 1219 2432 1270 vero,
2462 1219 2586 1260 eum
2619 1204 2786 1259 semel
2817 1219 2847 1257 a
2879 1212 3030 1256 recta
3080 1202 3163 1255 via
3198 1203 3573 1265 abcrrasscut,

1998 1299 2049 1351 vi
2075 1295 2176 1350 soli
2205 1302 2258 1348 et
2291 1292 2541 1364 potestati
2568 1292 2826 1353 exteriori
2883 1291 3236 1357 confidentes,
3281 1290 3428 1361 leges
3491 1307 3582 1345 re-

2000 1393 2209 1455 Spuunt
2241 1396 2294 1440 et
2319 1385 2590 1452 justitiam
2630 1383 2742 1451 Dei,
2777 1394 2830 1438 et
2862 1393 3069 1437 armata
3103 1398 3265 1436 manu
3322 1383 3584 1435 adversus

1999 1491 2101 1532 nos
2164 1477 2396 1546 singulis
2457 1476 2652 1531 diebus
2701 1477 3039 1543 irrumpunt,
3076 1474 3260 1528 omnia
3302 1482 3582 1534 conantes,

2001 1581 2119 1637 qua:
2144 1564 2253 1620 illis
2276 1565 2341 1620 ad
2380 1564 2637 1634 injuriam
2658 1572 2712 1617 et
2732 1563 3013 1617 infamiam
3042 1576 3196 1614 mens
3213 1560 3581 1629 suggesserit;

2003 1659 2310 1711 nescientes
2341 1654 2548 1720 miseri,
2585 1655 2766 1722 qualis
2793 1662 2848 1707 et
2884 1653 3051 1721 cujus
3082 1651 3308 1721 spiritus
3364 1649 3585 1719 utrique

2003 1749 2191 1813 simus,
2231 1761 2409 1817 neque
2447 1747 2533 1800 vix
2566 1746 2751 1800 animo
2785 1745 3071 1798 Volventcs
3112 1742 3340 1810 justitia:
3372 1741 3583 1804 lances,

2002 1849 2057 1893 et
2086 1839 2218 1893 utin
2250 1837 2481 1908 singulis
2512 1849 2909 1892 mensurantur
2929 1850 3111 1888 rerum
3156 1842 3434 1904 gestarum
3486 1832 3585 1886 ho-

2004 1932 2286 1987 stimenta.
2326 1930 2514 1984 Visum
2544 1930 2726 1999 itaque
2752 1927 2911 1983 nobis
2964 1926 3088 1991 fuit,
3115 1942 3203 1981 res
3262 1925 3582 1981 earumdem

2004 2023 2320 2077 temerarias
2365 2029 2420 2075 et
2475 2034 2761 2077 sermones
2787 2019 2997 2075 clarius
3028 2019 3397 2090 proscribere.
3429 2016 3581 2083 Qua-

2004 2129 2084 2175 re,
2112 2129 2237 2166 cum
2264 2114 2672 2175 convenissent,
2702 2112 2797 2182 qui
2824 2112 2876 2166 in
2910 2112 3010 2167 hac
3064 2111 3211 2181 regia
3263 2109 3401 2165 urbe
3450 2110 3582 2163 ade-

2004 2212 2129 2256 rant
2154 2202 2452 2265 antistites,
2480 2216 2712 2255 numero
2736 2200 2949 2263 decem,
2989 2208 3043 2254 et
3075 2203 3165 2269 qui
3203 2200 3364 2269 longe
3404 2207 3584 2263 erant,

2008 2312 2103 2366 per
2123 2298 2339 2349 decreta
2372 2308 2436 2346 ac
2460 2293 2687 2357 litteras,
2725 2291 2914 2361 viginti
2938 2301 2991 2346 et
3024 2293 3308 2361 amplius;
3342 2292 3585 2359 accepis-

2007 2397 2238 2456 sentque
2272 2384 2629 2453 depositionis
2682 2382 3006 2438 sententiam
3057 2382 3436 2452 prmdictorum
3486 2396 3585 2450 pa-

2010 2480 2482 2541 triarcharum,et
2539 2485 2667 2530 ante
2726 2475 2911 2530 omnia
2973 2474 3302 2551 apostolicas
3326 2483 3379 2528 et
3408 2483 3586 2543 pater-

2010 2587 2106 2624 nas
2154 2571 2596 2632 constitutiones,
2643 2582 2838 2635 nempe
2874 2565 2941 2620 de
2999 2566 3347 2621 ordinatione
3392 2574 3584 2619 contra

2006 2676 2250 2717 canones
2302 2660 2463 2723 facta,
2518 2658 2892 2728 apestolorum
2945 2655 3308 2721 tricesimum,
3355 2655 3586 2710 Nicaeam

2008 2755 2198 2826 prima:
2232 2752 2422 2825 synodi
2457 2759 2736 2820 quartum,
2798 2756 2852 2803 et
2883 2746 3116 2801 Nica-nm
3168 2746 3421 2826 secunda:
3478 2755 3587 2799 ter-

2008 2818 2277 2913 iiutn;de
2309 2844 2437 2907 illis,
2476 2818 2593 2913 qui,
2647 2842 2716 2897 ab
2777 2839 3023 2895 Ecclesia
3077 2818 3332 2907 depositi,
3390 2852 3589 2893 rursus

2009 2939 2275 2995 audacter
2305 2934 2371 2989 ad
2393 2931 2815 2989 ministrandum
2846 2942 3043 2985 manus
3066 2927 3372 2996 imponunt,
3398 2925 3589 2978 Antin-

2009 3032 2197 3088 cheute
2219 3037 2473 3099 quartum
2499 3036 2553 3080 et
2581 3031 2817 3087 sextum,
2856 3028 3180 3077 sanctorum
3213 3021 3585 3088 apostolorum

2010 3123 2331 3180 vicesimum
2363 3128 2612 3175 octavum
2636 3125 2690 3170 et
2711 3114 2983 3171 decimum
3021 3129 3034 3166 :
3059 3111 3127 3167 de
3156 3127 3262 3166 non
3285 3108 3588 3163 eliciendis

2011 3216 2249 3288 propriis
2278 3213 2459 3266 liliisa
2506 3210 2775 3280 patrihus,
2833 3215 3056 3278 propter
3110 3203 3585 3265 exercitationem,

2009 3304 2342 3374 Gangrensis
2373 3301 2643 3357 decimum
2694 3296 2983 3366 quintum;
3028 3294 3095 3348 de
3144 3307 3279 3346 nova
3331 3291 3585 3357 dogmata

2010 3396 2386 3457 inferentibus,
2418 3406 2517 3446 nec
2547 3404 2653 3443 non
2681 3402 2844 3441 sacra
2878 3401 3007 3440 vasa
3029 3384 3242 3453 aliaque
3275 3382 3384 3435 Deo
3407 3382 3585 3433 dicata

2008 3484 2449 3559 profanantibus,
2485 3482 2714 3536 Nicaeum
2773 3479 3025 3534 secunda:
3050 3489 3351 3529 extremum
3395 3473 3584 3526 decre-

2012 3591 2123 3635 tum
2150 3580 2251 3644 ;al
2300 3578 2431 3637 haec,
2451 3589 2588 3645 quas
2606 3572 2771 3628 divini
2834 3574 3026 3625 Patres
3078 3584 3266 3638 pinnas
3297 3568 3589 3635 imponunt

2012 3672 2078 3725 iis
2109 3668 2201 3739 qui
2231 3664 2772 3738 prmsctiptajejunia
2804 3662 2969 3731 impie
3002 3662 3227 3721 violant.
3275 3660 3357 3712 his
3407 3658 3586 3713 sacris

2012 3762 2268 3823 decretis,
2296 3760 2733 3813 velutarmatura
2787 3754 2984 3814 valida,
3047 3753 3191 3813 fulti,
3217 3754 3288 3805 ita
3342 3763 3586 3820 pronun-

2016 3856 2215 3908 tiamus
2247 3867 2372 3905 cum
2398 3861 2589 3905 sancto
2614 3847 2843 3917 Spiritu,
2875 3861 2928 3901 et
2958 3848 3026 3900 ab
3052 3860 3116 3899 eo
3140 3844 3354 3900 etloetis
3409 3842 3587 3898 sacris

2012 3944 2271 4013 apostolis
2305 3943 2586 4010 sacrisque
2621 3939 2867 4009 synodis,
2901 3937 3192 3996 Isidorum,
3247 3949 3585 4005 cognomen-

2015 4031 2529 4099 toBuchiram,qui
2581 4029 2801 4098 indigne
2863 4029 2926 4083 ad
2986 4022 3347 4097 patriarehale
3387 4024 3583 4079 solium

2015 4125 2277 4189 ascendit,
2312 4136 2487 4190 neque
2519 4120 2932 4189 depositionem,
2977 4120 3248 4172 adversus
3303 4135 3362 4170 se
3414 4132 3443 4170 a
3500 4130 3590 4185 sy-

2014 4215 2180 4275 nodo,
2215 4212 2364 4283 quod
2401 4211 2560 4280 impia
2586 4209 2832 4273 sentiret,
2873 4208 3158 4278 prolatam,
3189 4205 3453 4260 reveritus
3479 4215 3584 4265 κει.

2015 4324 2190 4378 neque
2218 4305 2474 4370 crimina,
2513 4303 2713 4372 quibus
2741 4317 2863 4356 sese
2923 4302 3284 4369 immerscrat,
3337 4298 3578 4353 conside-

2014 4402 2174 4464 ravil,
2208 4400 2299 4454 sed
2320 4398 2569 4454 smculari
2598 4394 2837 4464 potentia
2872 4402 3116 4446 armatus
3155 4391 3584 4461 patriarchatnm

2016 4494 2320 4563 occupavit,
2357 4498 2411 4543 et
2462 4496 2650 4556 postea
2699 4484 3135 4555 depositionibus
3193 4494 3247 4537 et
3309 4483 3484 4552 poenis
3532 4491 3588 4535 et

2015 4581 2491 4656 persecutionibus
2517 4578 2958 4633 communionem
2984 4576 3354 4638 sacerdotum,
3390 4589 3585 4626 mona-

2014 4680 2269 4741 clmrum,
2298 4689 2397 4729 nec
2427 4688 2532 4728 non
2572 4672 2903 4737 antistitum,
2933 4687 3023 4740 per
3059 4671 3165 4721 vim
3200 4676 3584 4737 procurantem

2013 4781 2067 4825 et
2092 4768 2483 4839 depositiones,
2529 4765 2625 4818 has
2654 4764 2873 4832 quidem
2902 4758 3253 4827 sincjudicio
3291 4768 3345 4811 et
3387 4756 3588 4827 proba-

2016 4861 2161 4913 tione
2194 4858 2559 4921 intintantem,
2615 4856 2713 4909 has
2771 4869 2898 4907 vero
2943 4852 3388 4915 machinantem;
3435 4849 3583 4903 huuc

2013 4932 2343 5004 Christianis
2406 4948 2663 5001 omnibus
2734 4945 3127 4999 offendiculum
3190 4941 3417 5005 factum,
3488 4956 3584 5010 per

2014 5060 2175 5112 quem
2205 5042 2587 5095 communione
2629 5039 3012 5108 mysteriorum
3053 5035 3143 5091 Dei
3176 5044 3230 5089 et
3273 5034 3589 5090 sanctiﬁca-

2018 5137 2183 5195 tione,
2223 5133 2501 5201 prmsulcs.
2532 5131 2871 5189 sacerdotes,
2922 5127 3199 5193 monachi,
3229 5136 3284 5181 et
3340 5126 3461 5181 laici
3524 5140 3585 5181 sc

2016 5226 2315 5296 privarunt,
2349 5233 2460 5277 toto
2488 5237 2673 5276 animo
2697 5230 2749 5275 et
2770 5233 2968 5274 conatu
3023 5219 3346 5287 deponimus
3370 5257 3385 5282 ,
3410 5227 3464 5273 et
3487 5231 3585 5284 pa-

2019 5318 2290 5373 triarchali
2312 5324 2574 5386 potestate
2592 5313 2808 5381 indigne
2837 5328 2868 5368 a
2891 5314 3062 5368 laicali
3082 5314 3317 5384 potentia
3343 5314 3582 5366 cireum-

2014 5413 2291 5475 vestitum,
2315 5408 2616 5477 spoliamus
2644 5423 2658 5459 :
2688 5407 2961 5476 simulque
3019 5421 3143 5461 cum
3190 5421 3256 5460 eo
3305 5403 3582 5456 Palamam

2015 5514 2311 5570 p'avorum
2344 5496 2658 5565 dogmatum
2685 5505 2990 5558 auctorem,
3022 5495 3114 5564 qui
3137 5494 3337 5548 multas
3376 5491 3586 5545 oratio-

2020 5608 2119 5646 nes
2148 5592 2213 5645 ad
2248 5588 2493 5658 putridos
2523 5588 2821 5655 inanesque
2884 5588 3113 5655 propria:
3167 5587 3361 5638 mentis
3413 5584 3582 5642 fatus

2018 5681 2476 5744 corroborandos,
2502 5692 2549 5736 et
2586 5678 2679 5735 Dei
2732 5680 3025 5733 Ecclesiam
3053 5677 3343 5730 deitatihus
3391 5691 3585 5743 supcr-

2020 5770 2380 5827 euziuctttibus
2437 5780 2490 5825 ct
2543 5771 2769 5840 tl‘jectis
2846 5765 3187 5871 cverﬁcudam
3257 5766 3580 5834 composuit,
