4180 6308
565 293 665 361 891

1769 313 1865 371 DE
1909 311 2308 374 GBEGORIO
2351 315 2656 376 PALAMA

3697 321 3813 386 892
3855 309 3867 320 '

559 422 615 466 et
645 413 776 468 deos
807 419 969 483 atque
998 414 1227 473 deitates
1251 416 1455 474 affinxit
1481 421 1718 477 visibiles
1745 435 1795 480 et
1827 427 2132 481 invisibiles

2250 429 2522 498 σομένοις·
2575 432 2708 484 πολὺ
2773 432 2880 500 γὰρ
2929 434 3054 502 ὑμῖν
3109 434 3169 486 τὸ
3214 435 3462 489 ἐντεῦθεν
3514 437 3814 509 ὠφέλιμον.

551 511 615 556 -et
641 517 671 558 a
701 505 907 559 sanctis
933 507 1202 572 Patribus,
1235 508 1288 562 in
1323 509 1496 564 Νίσαια
1525 515 1888 583 congregatis,
1913 530 2129 570 sacrum

555 594 685 647 fidei
704 583 1133 650 Clu-istianorum
1174 600 1478 669 symbolum
1500 603 1864 673 obsignatum.
1892 607 1943 660 in
1965 624 2130 664 unum

564 685 734 739 Deum
767 689 892 742 etin
925 706 1088 744 unam
1116 691 1378 747 Deilatem
1413 696 1633 750 credere
1691 700 2032 769 praecipiens,
2079 709 2134 754 et.

564 777 700 832 alias
735 783 1106 836 meurneuicas
1137 787 1376 854 synodos
1425 791 1784 858 contempsit,
1835 800 1888 846 et
1936 809 2130 848 novam

557 869 734 924 edidit
769 871 1094 942 theologiam
1123 892 1142 940 ;
1168 885 1224 928 et
1253 891 1350 945 pro
1381 876 1448 933 iis
1475 879 1567 948 qui
1603 895 1725 934 cum
1753 896 1820 936 eo
1848 899 1956 942 una
2003 901 2131 940 seu-

563 961 709 1015 tiuut
735 976 920 1016 contra
951 980 1135 1021 sacras
1170 968 1436 1039 imagines
1475 982 1527 1026 et
1555 987 1712 1028 sacra
1769 989 1920 1042 vasa,
1943 985 1995 1030 et
2051 993 2135 1034 re-

565 1053 774 1120 liquum
835 1057 1208 1112 Christianum
1269 1062 1538 1126 ordinem,
1599 1067 1798 1122 animis
1821 1069 2130 1135 contraivit,

564 1156 626 1200 ut
686 1159 806 1215 post.
846 1149 1236 1219 depositionem
1282 1155 1452 1223 ipsam
1509 1155 1702 1215 Missas
1723 1159 2010 1218 celebrare
2034 1177 2131 1216 au-

565 1253 677 1306 sus_
724 1239 908 1294 fuerit.
959 1241 1116 1298 Hunc
1171 1247 1558 1302 exsecrabilem
1610 1247 1926 1318 Palamam,
1974 1261 2026 1306 et
2087 1253 2132 1322 si

564 1332 690 1401 quis
743 1331 884 1387 alius
935 1343 1020 1388 cst
1085 1335 1328 1405 ejusdem
1379 1354 1502 1392 cum
1541 1355 1608 1394 eo
1655 1339 2137 1412 farina‘,pcrfrac-

565 1429 739 1490 neque
765 1423 1118 1489 conditionis,
1152 1427 1242 1496 qui
1279 1444 1424 1486 nunc
1451 1432 1801 1500 prmsulatum
1857 1437 2138 1507 surripuea

567 1511 656 1576 rit,
691 1527 796 1566 non
820 1529 916 1569 eos
936 1518 1316 1572 tantummodo
1343 1522 1652 1578 sacerdotio
1697 1526 2020 1594 spoliamus,
2083 1537 2138 1584 et.

565 1615 840 1674 perpetuae
865 1607 1196 1676 depositioni
1221 1613 1566 1682 subjicimus,
1603 1617 1696 1670 sed
1730 1627 1785 1671 et
1840 1618 1963 1687 igne
2031 1619 2138 1675 fer-

567 1711 742 1766 roque
765 1696 960 1766 dignos
989 1714 1299 1766 censemus,
1349 1713 1604 1774 tanquam
1661 1707 1801 1762 filios
1863 1709 2139 1780 vitupera-

566 1786 726 1848 bilos,
779 1797 834 1843 et.
879 1793 1280 1858 generationem
1315 1810 1536 1864 pravam
1596 1808 1650 1856 et
1699 1801 2029 1865 adulteram,
2083 1815 2138 1859 et

569 1878 771 1934 similia
811 1881 920 1939 Deo
947 1884 1359 1943 retribuenlem.
1393 1889 1456 1943 Et
1503 1892 1616 1946 hzec
1647 1894 1864 1962 quidem
1925 1896 2138 1966 legibus

567 1985 632 2022 ac
680 1973 983 2032 canonibus
1033 1991 1271 2033 consona
1325 1983 1604 2040 sancimus
1654 1995 1857 2041 contra»
1887 1986 2139 2057 indignos

568 2060 874 2118 animarum
911 2080 1042 2120 cura
1078 2079 1129 2122 et
1145 2069 1442 2138 pontificali
1499 2076 1781 2145 dignitate,
1812 2079 2139 2136 sacerrimus

570 2153 836 2217 praesules
870 2174 886 2222 ;
919 2173 1042 2228 qua:
1091 2162 1308 2216 stabilia
1368 2167 1812 2234 perseverabunt,
1860 2171 2141 2228 canonicis

569 2251 624 2297 et
647 2246 1052 2313 pontificalibus
1075 2250 1310 2308 decretis
1326 2254 1571 2324 suffulta,
1627 2275 1773 2314 nunc
1795 2270 1847 2314 et
1882 2262 1949 2315 ab
1999 2263 2144 2318 anti-

569 2354 678 2406 quo
709 2339 1018 2398 firmitatem
1056 2345 1336 2414 habentia,
1378 2366 1660 2422 nunquam
1687 2369 1716 2405 a
1744 2355 1848 2422 piis
1870 2357 2144 2412 Christia-

570 2431 657 2484 nis
676 2433 948 2492 violanda.
979 2434 1090 2493 Nos
1113 2453 1297 2508 porro,
1329 2442 1474 2511 quod
1518 2445 1786 2513 reliquum
1819 2459 1923 2514 est,
1951 2451 2144 2518 praevi-

569 2522 787 2590 dvntes,
846 2541 915 2579 ne
975 2527 1182 2585 similes
1243 2531 1353 2598 lupi
1416 2534 1722 2590 clanculum
1785 2537 2026 2608 irrepant
2087 2542 2142 2598 in

569 2612 772 2669 Christi
796 2631 1034 2688 gregem,
1082 2620 1488 2692 etsimplieium
1537 2627 1749 2680 animas
1803 2629 2143 2700 discerpant,

574 2705 676 2760 boc
693 2707 848 2776 quasi
877 2713 1250 2768 necessarium
1273 2730 1380 2768 non
1401 2717 1716 2773 omittemus
1741 2739 1755 2774 :
1781 2730 1834 2775 et
1859 2737 2145 2780 monemus

573 2812 764 2854 omnes
795 2800 886 2868 qui
918 2801 972 2856 in
993 2803 1280 2860 Dominum
1346 2817 1596 2864 nostrum
1632 2811 1912 2867 Cbrismm
1965 2816 2144 2870 credi-

574 2888 797 2952 derunt,
825 2902 879 2948 ct
908 2909 1073 2949 unum
1109 2897 1274 2952 Deutn
1305 2917 1580 2971 unamque
1605 2905 1934 2958 confitentur
1975 2906 2146 2961 deita-

576 2991 710 3046 tem,
736 2993 788 3038 et
818 2993 878 3040 ut
909 2989 1086 3045 modis
1123 2991 1382 3048 omnibus
1446 2995 1705 3052 similium
1757 2999 2146 3054 commercium

2239 519 2364 572 Τοῖς
2403 521 2458 572 δὲ
2505 521 2810 584 ἐπιϐούλοις
2847 523 3078 586 τούτοις,
3129 525 3224 576 καὶ
3274 525 3334 576 τὸ
3381 525 3660 594 φρόνημα,
3715 530 3814 582 καὶ

2240 607 2302 660 τὸ
2333 609 2496 672 σέϐας
2521 612 2861 680 ἀμφιϐόλοις,
2889 614 2970 666 ἔτι
2999 632 3057 665 τε
3087 613 3503 678 ἀνυποτάκτοις,
3537 619 3634 670 καὶ
3655 619 3814 672 ἀπει-

2239 699 2378 766 θὲσι,
2437 704 2531 754 καὶ
2586 703 2778 767 ξένοις,
2837 705 2924 758 διὰ
2990 705 3148 760 τοῦτο
3203 709 3299 762 καὶ
3338 707 3645 778 ἀλλοτρίοις
3711 711 3814 778 τῆς

2251 790 2600 863 Ἐκκλησίας,
2637 813 2656 846 ι
2701 795 2760 848 '0
2786 794 2860 867 μὴ
2893 795 2969 850 ὢν
3001 799 3110 866 γὰρ
3152 799 3272 868 μεθ’
3316 801 3474 870 ἡμῶν
3501 802 3622 852 καθ’
3658 804 3813 872 ἡμῶν

2238 885 2376 948 ἔστι,
2417 904 2433 937 ι
2493 885 2652 956 φησὶ,
2707 887 2822 950 καὶ,
2857 905 2876 938 ι
2919 889 2978 940 ⁸0
3036 889 3111 960 μὴ
3169 893 3418 959 συνάγων
3487 892 3606 961 μεθ’
3655 895 3812 964 ἡμῶν
3861 936 3864 950 ς

2238 974 2382 1028 ἔοικε
2419 976 2768 1047 σκορπίζοντι
2796 993 2810 1008 ⁸
2853 997 2872 1030 ι
2911 980 3121 1042 τούτοις
3167 985 3280 1044 τοῖς
3325 984 3666 1054 οίηματίαις,
3716 988 3812 1039 καὶ

2239 1067 2486 1132 ἀλαζόσι,
2525 1070 2622 1122 καὶ
2653 1071 2830 1126 πάντα
2879 1073 3093 1138 ἑαυτοῖς
3137 1075 3433 1146 θαρροῦσιν
3473 1079 3574 1130 ούκ
3623 1080 3809 1133 εὐεπι·

2237 1159 2488 1230 χείρητα,
2543 1163 2642 1214 σὺν
2692 1163 2812 1233 Θεῷ
2861 1165 3120 1234 εἰρήσθω,
3165 1165 3318 1220 ἔσται
3352 1169 3420 1222 τά
3473 1169 3594 1222 καθ’
3643 1171 3805 1238 ὑμᾶς.

2241 1255 2531 1324 Ποιήσεται
2563 1256 2617 1308 δὲ
2642 1260 2740 1322 τὴν
2768 1257 2945 1327 ἀρχὴν
2973 1259 3106 1327 ἡμῖν
3131 1261 3158 1312 6
3187 1257 3344 1326 λόγος
3375 1258 3470 1312 ἀπ’
3497 1259 3662 1313 αὐτοῦ
3691 1260 3809 1314 τούο

2238 1363 2353 1412 του,
2403 1349 2482 1410 εἰς
2521 1349 2578 1401 ὃν
2628 1351 2924 1419 ἐρείδονται
2955 1353 3052 1403 καὶ
3098 1351 3274 1417 αὐτοὶ,
3307 1352 3403 1404 καὶ
3440 1352 3530 1418 ἐφ’
3575 1345 3618 1419 ᾧ
3672 1355 3807 1420 μέγα

2239 1441 2615 1510 ὲγκειυχῶνται
2665 1442 2914 1512 προϐόλῳ
2949 1444 3048 1497 καὶ
3099 1447 3484 1516 προαγωνιστῇ
3539 1443 3636 1498 τοῦ
3671 1446 3804 1499 ἰδίου

2240 1532 2420 1586 αὐτῶν
2453 1535 2820 1604 συστήματος.
2857 1535 3064 1590 Τούτου
3091 1537 3200 1606 γὰρ
3228 1535 3686 1602 κατασεισθέντος
3712 1541 3807 1592 καὶ

2239 1609 2628 1692 ταραχθέντος,
2660 1627 2910 1679 πείσεται
2941 1627 3112 1680 ταυτά
3137 1628 3236 1680 καὶ
3269 1627 3328 1680 τὺ
3365 1628 3557 1680 τούτου
3591 1629 3809 1694 πάντως

2244 1713 2512 1783 σύστημα.
2549 1717 2658 1770 Καὶ
2688 1717 2752 1788 δὴ
2783 1719 3034 1774 ἀκούετε.
3073 1719 3133 1773 '0
3165 1720 3436 1790 Παλαμᾶς
3473 1714 3628 1785 οὗτος
3673 1723 3767 1775 καὶ
3789 1722 3816 1774 6

2244 1804 2512 1875 Βαρλαὰμ
2549 1807 2798 1874 ἀλλήλοις
2851 1809 3244 1880 διαμαχόμενοι
3263 1853 3278 1874 ,
3312 1813 3407 1866 καὶ
3435 1813 3694 1876 ἁσεϐείας
3723 1814 3814 1883 έγ-

2246 1897 2432 1968 κλημα
2477 1899 2914 1968 ἐπιγράφοντες,
2943 1901 3191 1968 ἐξετάσει
3238 1905 3491 1977 συνοδικῇ
3532 1909 3816 1976 παρεπέμ-

2245 1987 2480 2056 φθησαν.
2505 1991 2696 2044 Οἴδατε
2724 1991 2908 2061 σχεδὸν
2941 1992 3348 2060 ἁπαξάπαντες,
3366 1995 3462 2048 καὶ
3489 1995 3590 2048 οὐκ
3609 1996 3826 2064 ἀγνοεῖ.

2245 2095 2307 2132 τε
2355 2081 2454 2148 τὴν
2493 2081 2758 2153 μεγίστην
2778 2081 2865 2136 ἐπ’
2896 2083 3193 2152 ἐκκλησίας
3227 2084 3442 2156 εκείνην
3483 2087 3819 2152 συνέλευσιν,

2245 2170 2304 2222 ὲν
2399 2169 2741 2240 προλὰμπων
2769 2167 2837 2244 ἦν
2866 2173 3152 2242 φωστῆρος
3176 2171 3333 2243 δίκην
3357 2175 3385 2228 6
3414 2175 3515 2244 τῆς
3541 2175 3822 2240 εὐσεϐείας

2247 2261 2669 2334 προαγωνιστὴς
2716 2263 2873 2333 ἡμῶν
2905 2261 3185 2332 βασιλεὺς,
3229 2264 3258 2315 6
3291 2263 3536 2334 ἀοίδιμος
3589 2267 3681 2320 καὶ
3718 2284 3823 2335 μα-

2249 2355 2476 2426 καρίτης
2510 2355 2690 2426 πατὴρ
2720 2355 2815 2412 τοῦ
2859 2355 3158 2426 κρατίστου
3191 2355 3287 2409 καὶ
3331 2355 3492 2424 ἁγίου
3527 2374 3628 2427 μου
3661 2361 3822 2412 αύτο-

2249 2448 2515 2518 κράτορος
2552 2449 2770 2516 σύναμα
2799 2448 2910 2510 τοῖς
2945 2447 3178 2520 ἄρχουσι
3219 2448 3317 2518 τῆς
3350 2448 3674 2517 συγκλήτου.
3714 2451 3824 2504 Καὶ

2253 2539 2473 2608 πρῶτος
2525 2538 2626 2606 μὲν
2659 2539 2688 2590 6
2726 2537 2996 2610 Βαρλαάμ
3049 2539 3488 2609 καταῴηφισθεὶς
3517 2538 3603 2594 οἷα
3652 2559 3822 2595 κακο-

2251 2631 2415 2696 δόξως
2447 2631 2542 2683 καὶ
2569 2630 2786 2700 φρονῶν
2819 2631 2918 2701 καὶ
2946 2630 3120 2699 λέγων
3154 2631 3282 2703 περί
3311 2649 3371 2685 τε
3404 2631 3492 2686 τοῦ
3519 2632 3815 2700 ἀπροσίτου

2253 2723 2430 2791 φωτὸς
2481 2723 2580 2788 τῆς
2635 2722 3138 2794 μεταμορφώσεως,
3167 2725 3266 2780 καὶ
3312 2725 3572 2796 περὶτῆς
3628 2723 3819 2795 εὐχῆς,

2250 2815 2372 2884 τῆς,
2413 2834 2433 2868 ‹
2463 2815 2634 2885 Κύριε
2677 2815 2852 2884 Ἰησοῦ
2899 2816 3124 2887 Χριστὲ,
3146 2817 3244 2871 Υἱὲ
3296 2817 3391 2871 τοῦ
3417 2815 3572 2880 Θεοῦ,
3605 2816 3826 2884 ἐλέησον

2252 2907 2439 2976 ημᾶς,
2503 2925 2521 2958 ι
2576 2907 2828 2961 ἐντεῦθεν
2893 2907 2989 2960 καὶ
3047 2909 3158 2971 εἰς’
3196 2908 3538 2980 κατηγορίαν
3603 2907 3826 2970 ἀδεκτος

2255 2995 2446 3066 ἐκρίθη
2498 2997 2824 3058 κανονικῶς.
2885 2997 3043 3050 Ἐπεὶ
3085 2997 3142 3051 δὲ
3183 2998 3618 3068 ἀμφιγνοοῦντες
3665 2997 3826 3060 εὐθὺς

577 3073 811 3142 fugiant,
835 3087 887 3132 et
909 3095 1001 3136 eas
1029 3097 1166 3149 quas
1196 3085 1403 3142 nefarie
1424 3089 1490 3144 ad
1521 3092 1831 3148 animarum
1888 3096 2145 3161 perditio-

2253 3083 2396 3156 ἦμεν
2438 3090 2622 3157 ἡμεῖς,
2655 3089 2751 3141 καὶ
2803 3089 2934 3158 περὶ
2985 3087 3080 3143 τοῦ
3125 3090 3386 3158 Παλαμᾶ,
3434 3091 3511 3154 ὡς
3559 3094 3617 3144 ὲν
3645 3091 3825 3153 ἄλλοις

577 3183 700 3221 neut
729 3170 1007 3230 doctrinas
1067 3176 1448 3245 disseminant.
1479 3184 1614 3238 nihil
1666 3199 1695 3239 a
1739 3187 2000 3255 pestifera
2059 3189 2146 3244 lue

576 3254 926 3326 differentes;
955 3271 1011 3318 ct
1035 3266 1100 3318 ad
1140 3282 1430 3333 germanos
1472 3254 1914 3332 Ecclesiarviros
1963 3293 2146 3332 recur-

577 3359 722 3410 rant,
762 3352 878 3421 qui,
899 3355 1061 3410 veluti
1091 3373 1123 3414 a
1162 3359 1328 3426 fonte,
1370 3378 1400 3418 a
1428 3364 1636 3435 Spiritu
1669 3378 1860 3425 sancto
1904 3371 2145 3445 irrigati,

577 3443 840 3502 doctrinae
867 3448 1066 3506 fluenta
1099 3452 1406 3520 effundunt,
1485 3473 1719 3527 quorum
1779 3462 1990 3518 fructus
2043 3443 2147 3534 pas

577 3545 661 3589 est
686 3537 738 3589 in
777 3542 1053 3606 praesenti,
1083 3545 1366 3612 gaudium,
1399 3558 1451 3602 et
1483 3551 1799 3618 exsultatio,
1836 3563 1889 3606 et
1915 3555 1966 3608 in
1994 3555 2147 3610 futu-

579 3640 640 3677 ro
675 3625 896 3687 luminis
931 3634 1248 3700 sempiterni
1272 3639 1639 3708 participatio,
1701 3645 1998 3712 superioris
2042 3648 2152 3716 pri-

579 3721 979 3785 mogenizorum
1028 3722 1284 3780 Ecclesiae
1327 3728 1636 3796 bmreditas,
1684 3735 1834 3802 regni
1883 3737 2148 3792 caalorum

578 3807 880 3873 possessio.
919 3809 1043 3866 llzec
1072 3826 1331 3882 paternas
1377 3820 1705 3878 traditiones
1731 3825 1796 3878 ad
1841 3835 2148 3883 extremum

577 3909 756 3963 usque
771 3897 1017 3966 spiritum
1036 3911 1727 3968 servare'contendcntium
1751 3918 1967 3983 praemia
1987 3929 2144 3976 sunt:

587 3984 667 4036 lue
689 3986 1030 4047 baercditates
1067 3991 1285 4052 Patrum
1325 3999 1524 4057 limites
1556 4019 1814 4067 amovere
1838 4009 2149 4065 detrectan-

579 4079 742 4134 tium.
773 4080 979 4140 Tomos
1009 4085 1096 4142 bic
1138 4091 1375 4160 scriptus
1429 4104 1510 4151 est
1571 4095 1642 4152 Μ.
1670 4097 1779 4153 Jul.
1826 4101 1940 4156 ind.
2003 4103 2088 4158 15.
2126 4123 2146 4156 ι

662 4171 722 4224 ν.
784 4173 878 4228 Est
921 4177 1084 4232 etiam
1116 4181 1506 4250 'patriarcbalis
1553 4204 1772 4256 sermo,
1822 4193 1876 4247 in
1937 4209 2045 4264 quo
2085 4197 2152 4251 de

585 4261 891 4330 Birlaa-mo,
915 4266 1152 4335 Palama,
1191 4285 1247 4326 et
1268 4273 1475 4332 Isidoro
1513 4278 1895 4350 Hypoiisepbio
1923 4261 2154 4342 Thessa-

579 4350 883 4418 ionicensi,
933 4356 1161 4414 bistoria
1209 4363 1530 4423 brevissime
1583 4381 1930 4440 recensetur,
1989 4393 2149 4444 quem

2255 3177 2386 3241 ἴσως
2421 3178 2515 3230 καὶ
2564 3173 2728 3231 αὐτοῦ
2759 3177 3152 3248 ἁλισκομένου,
3201 3180 3520 3249 πειθόμενοι
3548 3179 3829 3235 κάνταῦθα

2251 3271 2366 3331 τοῖς
2403 3269 2570 3336 ἱεροῖς
2605 3268 2700 3321 καὶ
2733 3268 2900 3330 θείοις
2927 3269 3118 3324 κανόσι
3154 3271 3230 3342 μὴ
3263 3271 3374 3326 δεῖν
3423 3271 3556 3326 ἄνευ
3592 3273 3828 3343 κατηγό-

2259 3373 2353 3428 ρου
2414 3357 2514 3410 καὶ
2573 3357 2798 3428 ἐλέγχου
2855 3361 3292 3426 καταγινώσκειν
3347 3361 3493 3424 τινος
3550 3362 3828 3431 ὁρίζουσι,

2255 3448 2594 3520 θεραπεῦσαι
2621 3449 2822 3518 τρόπον
2855 3450 3043 3522 ἕτερον
3073 3453 3373 3523 ἐκρίναμεν
3406 3453 3474 3506 τὰ
3513 3454 3606 3507 τοῦ
3657 3455 3829 3525 πράγ·

2258 3556 2447 3609 ματος.
2478 3539 2587 3592 Καί
2632 3556 2696 3606 γε
2724 3539 2822 3611 τὴν
2853 3540 2954 3609 μὲν
2998 3543 3131 3612 περὶ
3161 3542 3328 3597 αὐτοῦ
3359 3543 3606 3609 ἐξέτασιν
3635 3545 3834 3613 ὑπερε-

2257 3631 2486 3700 θέμεθα,
2525 3631 2667 3702 πλὴν
2696 3632 2793 3702 οὐχ
2819 3631 2960 3686 ὥστε
2986 3635 3082 3687 καὶ
3110 3633 3399 3704 ἐλεύθερον
3429 3633 3572 3689 εἶναι
3593 3635 3829 3707 χρῆσθαι

2257 3723 2418 3778 πάλιν
2434 3724 2546 3782 τοῖς
2563 3725 2761 3786 αὐτοῖς.
2785 3725 2919 3778 Οὐδὲ
2936 3723 3044 3795 γὰρ
3062 3725 3224 3780 καλὸν
3239 3725 3362 3778 οὐδὲ
3383 3727 3662 3798 συμφέρον
3686 3728 3830 3781 τοῦτ’

2258 3815 2434 3868 ἐδόκει
2459 3813 2536 3884 τῷ
2562 3815 2728 3866 παντὶ
2751 3816 2850 3883 τῆς
2895 3815 3223 3887 Ἐκκλησίας
3247 3817 3601 3889 πληρώματι,
3629 3819 3827 3885 ἐξεῖναι

2257 3905 2405 3976 αὐτῷ
2451 3909 2564 3971 τοῖς
2620 3907 2804 3969 αὐτοῖς
2843 3908 3162 3980 ἐπιχειρεῖν,
3223 3909 3694 3980 ἀμφιϐαλλομένῳ
3737 3910 3832 3964 καὶ

2260 4001 2398 4070 μηδὲ
2434 4003 2584 4072 παρά
2619 4001 2727 4056 τῶν
2782 4001 3029 4055 κανόνων
3073 4001 3404 4072 κεκτημένῳ
3433 4001 3494 4054 τὺ
3527 4002 3828 4072 ἐνδόσιμον.

2258 4093 2459 4155 Μόνοις
2481 4093 2590 4163 γὰρ
2622 4086 2766 4147 οὗτοι
2797 4095 2911 4156 τοῖς
2953 4092 3305 4164 ἀρχιερεῦσιν
3343 4094 3531 4164 ἐφιᾶσι
3583 4095 3674 4149 τὸν
3707 4093 3832 4150 λαὸν

2257 4185 2328 4240 τὰ
2351 4187 2450 4256 τῆς
2474 4185 2786 4250 θεοσεϐείας
2820 4185 3186 4252 ἐκδιδάσκειν,
3216 4185 3317 4240 κᾶν
3368 4204 3452 4249 τις
3477 4188 3830 4258 ἀνακινηθεὲη

2257 4279 2414 4346 λόγος
2445 4277 2738 4348 γραφικὸς,
2775 4280 2962 4347 φασὶν,
2993 4279 3068 4339 ὡς
3099 4280 3148 4329 οἱ
3173 4277 3423 4347 θεοφόροι
3458 4280 3699 4348 Πατέρες
3721 4281 3834 4334 τοῦο

2258 4386 2350 4421 τον
2379 4367 2722 4437 σαφηνίζειν.
2761 4368 2896 4438 Περὶ
2936 4361 3011 4420 ὧν
3041 4368 3141 4421 καὶ
3173 4369 3202 4420 6
3237 4367 3326 4422 διὰ
3354 4367 3448 4422 τοῦ
3497 4370 3594 4422 ἐπὶ
3620 4371 3832 4434 τούτοις

572 4441 714 4512 iibet
751 4445 840 4500 bic
878 4450 1214 4516 exscribere,
1263 4464 1321 4508 ut
1369 4456 1572 4514 futuris
1612 4463 1772 4516 etiam
1823 4441 2145 4538 temporibus

2261 4457 2580 4522 ἐκτεθέντος
2605 4458 2786 4526 Τόμου
2827 4457 3122 4519 συνοδικῶς
3151 4457 3466 4527 ὲξεφωνήθη
3499 4459 3827 4528 ἀφορισμός.
3856 4487 3866 4493 -

577 4533 650 4591 ad
707 4533 1095 4595 Palamitarum
1164 4559 1227 4598 os
1290 4533 2146 4618 obstruendumconservetur:

583 4623 989 4697 Πατριαρχικὸς
1041 4629 1220 4700 λόγος,
1272 4635 1342 4689 δι’
1376 4631 1438 4691 οὗ
1480 4640 1848 4714 ἀποκηρύττει
1897 4649 1988 4703 τὸν
2045 4653 2155 4708 [Ια-

575 4716 786 4786 ίλαμᾶν,
829 4721 923 4776 καὶ
956 4723 1083 4788 τοὺς
1110 4727 1276 4781 αὐτοῦ
1313 4731 1673 4800 σπουδαστὰς.
1700 4739 1795 4792 καὶ
1819 4741 2153 4814 ὁμόφρονας,

579 4811 678 4867 καὶ
707 4813 833 4876 τοὺς
873 4815 1232 4886 πειθομένους
1254 4821 1460 4886 αὐτοῖς,
1491 4827 1585 4878 καὶ
1627 4829 1932 4886 ἀποκόπτει
1957 4835 2155 4902 αὐτοὺς

575 4905 680 4968 ἐἷς
737 4905 896 4972 ἁγίας
956 4909 1049 4962 τοῦ
1099 4910 1234 4965 Θεοῦ
1285 4913 1614 4984 Ἐκκλησίας
1673 4920 1747 4984 ὡς
1799 4927 2156 4997 καινοτόμους

579 4995 682 5064 τῆς
744 4997 996 5062 πίστεως.
1063 5001 1124 5054 ἸΙ
1191 5007 1480 5077 μετριότης
1532 5009 1688 5080 ἡμῶν
1754 4995 2153 5088 ἀναδεδεγμένη

583 5087 739 5157 παρὰ
768 5087 909 5142 Θεοῦ
941 5091 1042 5158 τὴν
1071 5095 1387 5166 οἰκονομίαν
1413 5101 1506 5153 καὶ
1547 5105 1802 5172 φροντίδα
1824 5105 1934 5157 τῶν
1965 5107 2160 5175 ὑμετέ-

585 5193 697 5246 ρων
717 5177 932 5248 ψυχῶν,
964 5183 1057 5238 καὶ
1103 5186 1394 5253 ὀφείλουσα
1424 5193 1488 5244 ἐκ
1523 5192 1723 5258 παντὸς
1762 5197 1965 5265 τρόπου
1992 5216 2156 5268 περι-

583 5271 856 5326 ποιεῖσθαι
897 5274 1025 5343 ὑμῖν
1051 5277 1120 5330 τὰ
1148 5281 1285 5350 πρὸς
1315 5283 1612 5354 σωτηρίαν,
1649 5287 1949 5356 ἐπειδήπερ
1980 5290 2155 5354 ἐγνώ-

583 5377 761 5432 ρισεν,
793 5364 869 5429 ὡς
904 5365 1193 5436 θορυϐοῦσί
1247 5390 1395 5438 τινες
1433 5375 1490 5441 ἐξ
1518 5375 1675 5445 ὑμῶν
1705 5378 1752 5427 oi
1795 5377 1888 5430 τοῦ
1919 5379 2157 5448 Παλαμᾶ

577 5460 798 5528 ὀπαδοὶ,
831 5465 926 5517 καὶ
971 5465 1327 5534 σπουδαστατ,
1371 5471 1466 5522 καὶ
1495 5471 1819 5540 ὁμόφρονες,
1851 5472 2151 5540 ἀναγκαῖον

581 5553 803 5624 ἔκρινεν
844 5557 1148 5628 ἐγχαράξαι
1201 5560 1337 5627 πρὸς
1374 5561 1516 5629 ὑμᾶς
1558 5563 1626 5622 τά
1671 5563 1922 5632 παρόντα
1968 5563 2151 5634 γράμ-

593 5659 764 5708 ματα,
798 5643 872 5708 ὡς
905 5644 973 5700 ἂν
1009 5647 1084 5717 μὴ
1114 5646 1210 5700 τοῦ
1238 5648 1472 5715 ἀληθοῦς
1493 5649 1686 5722 ἀγνοίᾳ
1717 5651 2156 5721 συλαγωγήσωσί

585 5753 741 5800 τινας
773 5741 864 5810 ἀφ’
903 5742 1077 5812 ὑμῶν.
1113 5740 1415 5812 Προσέχειν
1444 5743 1498 5794 δὲ
1530 5741 1680 5807 ἄξιον
1709 5746 1816 5805 τοῖς
1851 5743 1949 5812 ἤδη
1989 5743 2155 5814 ρηθη·

2258 4541 2332 4602 Ού
2364 4549 2457 4602 καὶ
2505 4547 2674 4602 αὐτοῦ
2720 4549 3142 4619 καταφρονήσας
3171 4549 3416 4602 ἐπέτεινε
3457 4549 3617 4604 τοῦτο
3650 4552 3828 4614 πλέον,

2255 4643 2497 4710 γραφαῖς
2525 4640 2690 4696 πάλιν
2729 4643 2850 4702 ταῖς
2877 4640 3066 4704 αὑταῖς
3096 4642 3194 4694 καὶ
3216 4640 3488 4708 διαλέξεσι
3522 4644 3829 4712 χρώμενος,

2257 4723 2332 4788 ὧν
2385 4733 2598 4802 ἀποχὴν
2656 4730 2870 4783 τελείαν
2921 4730 3066 4800 ἔχειν
3133 4733 3484 4804 παρηγγέλη.
3525 4735 3623 4788 Διὰ
3674 4737 3830 4788 τοῦτο

2259 4824 2354 4878 καὶ
2390 4825 2447 4877 έν
2501 4823 2824 4894 ἀμφιϐόλοις
2865 4824 3053 4876 ἔκτοτε
3102 4818 3191 4894 ἦν.
3238 4823 3454 4893 Προϊὼν
3499 4827 3688 4895 μέντοι
3739 4827 3831 4878 καὶ

2257 4915 2336 4968 ἔτι
2387 4915 2548 4968 πλέον
2602 4914 2904 4983 ἀμφίϐολος
2945 4915 3005 4968 τὸ
3059 4914 3224 4976 σέϐας
3275 4915 3658 4984 κατεφαίνετο,
3694 4917 3826 4986 μηδὲ

2255 5007 2568 5076 ὁμολογίαν,
2629 5005 2692 5075 ἢν
2737 5005 3014 5077 ἔγγραφον
3049 5007 3315 5079 ἀπῃτεῖτο
3369 5007 3520 5077 παρά
3568 5009 3669 5077 τῆς
3712 5010 3832 5061 Ἐκο

2257 5097 2488 5166 κλησίας
2517 5095 2702 5148 ἐπιδοῦ
2723 5113 2794 5147 ,αι
2841 5095 3094 5164 θελήσας.
3127 5096 3249 5160 Πῶς
3297 5093 3392 5150 οὗν
3425 5097 3617 5166 ἔμελλε
3648 5117 3824 5170 παρασ-

2259 5191 2604 5260 θεωρηθῆναι
2634 5191 2702 5242 τὰ
2725 5188 2856 5258 παρ’
2895 5187 3060 5241 αὑτοῦ
3092 5190 3711 5260 ἰσχυρογνωμονοῦντος,
3739 5192 3827 5244 καὶ

2260 5285 2398 5356 μήτε
2427 5285 2534 5338 τῶν
2560 5283 2821 5336 τοιούτων
2878 5283 3332 5352 συγγραμμάτων
3367 5283 3706 5354 ἀποσχέσθαι
3735 5284 3828 5336 Θέ-

2257 5378 2463 5440 λοντος,
2499 5377 2595 5430 καὶ
2621 5379 2749 5438 τοὺς
2783 5373 3020 5436 πολλοὺς
3050 5374 3422 5440 ἀνασείοντος,
3453 5378 3569 5440 τοῖς
3599 5377 3825 5446 διερμη-

2258 5471 2568 5540 νευομένοις
2601 5467 2735 5538 παρ’
2773 5465 2940 5520 αὐτοῦ
2968 5466 3261 5535 προσέχειν
3293 5467 3602 5532 πείθοντος,
3631 5484 3828 5538 παρερο

2260 5559 2590 5630 μηνεύοντος
2611 5559 2668 5611 δὲ
2697 5557 2791 5610 καὶ
2811 5553 2908 5609 τοῦ
2937 5554 3118 5624 Τόμου
3147 5553 3287 5620 ἔνια,
3317 5555 3416 5608 καὶ
3442 5555 3826 5617 ἁνυποτάκτως

2257 5655 2396 5724 πρὸς
2435 5654 2533 5725 τὴν
2579 5652 2912 5724 Ἐκκλησίαν
2947 5651 3200 5724 ἔχοντος;
3245 5653 3463 5724 Ἀμέλει
3497 5653 3619 5708 οὐδὲ
3662 5669 3826 5725 παρε-

2262 5747 2532 5816 θεωρήθη,
2577 5747 2689 5802 ἀλλ’
2733 5745 2806 5808 ὼς
2840 5746 2897 5799 τὸ
2948 5745 3206 5816 φρόνημα
3244 5747 3338 5799 καὶ
3371 5747 3430 5801 τὸ
3463 5745 3632 5811 σέϐας
3659 5745 3823 5814 ἀμφί-
