4108 6316
595 365 700 427 ἷ93

596 495 828 547 namque
853 478 1126 533 couc‘usso
1162 488 1212 531 ct
1264 478 1605 547 perturbato,
1653 476 1810 530 cadet
1844 476 2067 529 omnino
2111 481 2166 527 et
2197 476 2237 529 Α

596 573 848 625 rniversa
885 571 1033 624 illius
1068 569 1438 640 congregatio.
1473 569 1539 620 Et
1565 567 1677 636 jam
1713 565 2021 633 intelligite.
2063 566 2164 619 Pa-

595 664 770 717 lamas
815 664 899 716 hic
947 671 1107 730 atque
1152 661 1422 725 Barlaam,
1455 670 1646 735 mutuo
1694 662 2063 720 decertantes,
2112 666 2169 710 et

598 773 665 805 re
716 754 1018 822 impietatis
1065 754 1294 806 crimine
1339 753 1480 805 alius
1531 751 1696 804 alium
1746 750 2164 810 insimulantes,

578 830 967 913 'disqnisitioni
1007 844 1252 915 synodali
1283 843 1593 897 demandati
1646 851 1795 896 sunt.
1832 840 2015 895 Nostis
2058 838 2169 892 fere

598 952 811 997 omnes,
850 952 1023 1005 neque
1051 934 1313 1004 ignoratis
1338 933 1636 987 maximum
1668 932 1819 986 illum
1845 931 1898 984 in
1924 931 2167 984 Ecclesia

601 1041 979 1094 congressum,
1010 1026 1062 1078 in
1096 1040 1224 1093 quo,
1255 1024 1423 1079 stellae
1453 1024 1645 1088 instar,
1678 1021 2033 1092 praefulgebat
2056 1021 2169 1089 pie-

603 1119 728 1172 tatis
786 1129 1158 1185 propugnator
1213 1117 1509 1183 imperator
1558 1125 1759 1178 noster,
1820 1111 2053 1168 celebris
2106 1127 2173 1167 ac

603 1209 770 1260 beatae
820 1207 1125 1271 memoriae,
1164 1215 1320 1277 pater
1356 1203 1714 1273 potentissimi
1747 1213 1800 1257 et
1846 1204 2018 1256 sancti
2065 1201 2170 1253 luci

603 1296 972 1359 imperatoris,
1028 1309 1152 1350 cum
1198 1303 1422 1348 senatus
1454 1291 1816 1362 principibus.
1853 1277 1924 1344 Et.
1963 1289 2173 1359 primus

601 1386 819 1452 quidem
859 1384 1131 1449 Barlaam,
1181 1392 1439 1451 tanquam
1474 1398 1639 1452 prava
1672 1381 1912 1437 sentiens
1960 1389 2014 1435 et
2060 1381 2174 1434 elo-

601 1490 800 1545 quens,
844 1485 958 1529 tum
999 1474 1065 1528 de
1112 1473 1475 1529 inaccessibili
1520 1470 2040 1542 Transfigurationis
2096 1470 2177 1524 lu-

605 1565 772 1625 mine,
805 1573 917 1617 tum
946 1563 1013 1617 de
1041 1564 1290 1619 oratione
1318 1564 1404 1617 illa
1431 1581 1445 1617 :
1477 1582 1495 1614 ε
1528 1562 1756 1616 Domine
1780 1560 1906 1615 Jesu
1934 1559 2173 1622 Christe,

606 1656 706 1709 Fili
754 1656 868 1716 Dei.
916 1656 1176 1711 miserere
1228 1653 1422 1720 nostri,
1454 1671 1473 1705 ι
1528 1653 1948 1717 condemnatur,
1997 1662 2050 1704 et
2094 1651 2175 1706 sic

606 1748 905 1803 secundum
933 1761 1176 1802 canones
1206 1747 1272 1800 ad
1300 1743 1677 1800 accusandum
1706 1743 1921 1813 ineptus
1957 1741 2172 1810 iudica.

608 1848 716 1890 tur.
747 1836 882 1891 Cum
920 1850 1044 1891 vero
1087 1835 1271 1891 statim
1308 1849 1408 1890 nos
1449 1834 1502 1888 in
1529 1835 1711 1888 varias
1748 1812 1910 1887 etiam
1952 1840 2173 1886 senteu-
2204 1812 2245 1866 Β

608 1928 711 1983 tias
739 1928 1126 1990 dividerentur,
1161 1926 1227 1979 de
1252 1923 1498 1990 Palama,
1533 1933 1789 1991 tauquam
1823 1923 1916 1993 qui
1949 1922 2086 1976 forte
2117 1922 2172 1976 itt

609 2017 731 2070 aliis
759 2030 971 2069 errasse
994 2030 1210 2084 quoque
1233 2013 1759 2082 deprehenderetur,
1794 2012 1846 2065 in
1878 2013 1980 2066 hoc
2007 2012 2171 2065 etiam

611 2121 797 2160 sat-ras
836 2105 1164 2173 divitiasque
1204 2105 1351 2175 leges
1374 2104 1682 2168 audientes,
1709 2118 1831 2173 qua:
1866 2103 1983 2157 sine
2012 2116 2174 2155 aecu-

611 2209 792 2253 satore
821 2208 875 2252 et
915 2198 1237 2267 probatione
1274 2198 1547 2251 neminem
1579 2199 1947 2252 condemnare
1980 2195 2174 2265 przccio

611 2293 795 2358 piunt,
821 2293 928 2345 alio
955 2291 1118 2346 modo
1146 2305 1260 2346 rem
1289 2306 1409 2345 esse
1440 2291 1779 2360 dirigendam
1807 2289 2173 2346 decrevimus.

609 2384 790 2446 Quare
824 2382 971 2437 illius
1011 2396 1237 2437 examen
1285 2382 1339 2435 in
1383 2381 1530 2435 aliud
1566 2390 1781 2447 tempus
1824 2379 2174 2443 distulimus;

614 2489 722 2527 non
749 2474 820 2526 ita
854 2482 1059 2537 tamen,
1090 2480 1148 2526 ut
1176 2473 1267 2527 ille
1302 2472 1437 2528 liber
1467 2479 1634 2534 esset,
1667 2469 1968 2538 iisdemque
1999 2479 2178 2524 uterc-

614 2576 704 2616 tur
728 2582 741 2629 ;
766 2578 943 2631 neque
969 2563 1114 2618 enim
1147 2564 1378 2634 probum
1410 2577 1589 2633 neque
1620 2562 1752 2616 utile
1776 2561 2047 2615 universa:
2077 2560 2179 2613 Ec-

611 2656 794 2710 clasizn
821 2657 997 2709 visum
1029 2663 1134 2719 est,
1162 2654 1328 2709 licere
1358 2653 1433 2707 illi
1465 2653 1652 2709 eadem
1684 2652 1923 2723 aggredi,
1959 2652 2027 2706 de
2057 2653 2178 2721 qui-

612 2748 713 2802 b-is
751 2747 1125 2811 dubitabatur,
1163 2762 1286 2801 cum
1320 2762 1495 2816 neque
1524 2763 1554 2801 a
1593 2747 1897 2801 canonibus
1938 2756 2178 2815 potesta-

609 2850 716 2892 tem
744 2838 1043 2893 habuisset.
1073 2837 1216 2893 Solis
1240 2837 1381 2892 enim
1411 2852 1648 2893 canones
1695 2839 2015 2907 praesulibus
2061 2838 2175 2902 illa,

608 2919 730 2996 quae
764 2929 977 2998 pietatis
1003 2937 1153 2994 sunt,
1194 2927 1459 2998 populum
1504 2928 1778 2983 instruere
1812 2929 2174 2998 permittunt:

607 3024 709 3076 etsi
736 3022 788 3075 in
814 3021 1106 3088 Scriptura:
1138 3020 1317 3075 verbis
1348 3020 1723 3075 controversia
1752 3008 2019 3089 qmcpiam
2051 3029 2176 3074 nata

1782 363 1881 423 DE
1921 361 2229 422 GliEtJOR
2244 361 2317 420 10
2356 362 2655 422 ΙἋῘΛΜΛ

3774 355 3899 419 895

2276 475 2456 529 rando:
2487 484 2770 545 propterea
2812 472 2983 525 sancti
3033 484 3221 524 cormn
3260 467 3475 538 imperii
3530 481 3719 521 saera:
3784 483 3896 520 ex-

2274 568 2473 635 peditae
2512 569 2640 620 sint.
2698 563 2757 618 Et
2789 565 2979 632 gratiae
3019 562 3131 617 sint
3180 560 3310 625 Deo,
3357 561 3449 628 qui
3485 561 3650 613 nobis
3684 560 3893 629 impe-

2272 666 2483 711 ratores
2514 656 2867 719 orthodoxos,
2918 664 2972 709 et
3004 653 3265 707 Ecclesiae
3310 662 3779 721 propugnatores
3820 670 3891 708 ac

2273 749 2608 810 defensores,
2659 747 2940 816 elargitur.
2996 745 3200 799 Horum
3251 746 3412 799 etiam
3453 760 3553 799 nos
3603 744 3883 798 divinum

2273 841 2449 895 zelum
2483 850 2539 893 et
2568 840 2820 909 pietatem
2852 838 3282 901 considerantes,
3315 851 3512 890 manus
3536 852 3781 904 semper
3809 838 3880 888 ad

2272 931 2443 985 Deum
2486 928 2761 998 supplices
2789 927 3089 985 tendimus.
3128 942 3549 995 preeamurqne.
3598 927 3876 993 quietum

2275 1021 2385 1075 illis
2412 1030 2461 1075 et
2496 1028 2749 1083 pacatum
2783 1019 3071 1087 imperium
3101 1017 3167 1070 ad
3204 1032 3376 1071 annos
3414 1015 3681 1084 plurimos
3719 1032 3845 1070 cnu

2280 1112 2421 1166 cedi.
2455 1112 2748 1180 Reliquum
2780 1110 2964 1179 itaque
2986 1118 3091 1174 cst,
3126 1122 3185 1164 ut
3219 1109 3542 1163 verecondia
3568 1119 3621 1161 et
3651 1110 3873 1162 confu—

2279 1202 2435 1273 sique.
2464 1202 2579 1269 ipse
2606 1210 2661 1259 et
2688 1215 2954 1270 sequaces
2980 1208 3033 1254 et
3056 1198 3300 1253 fautores
3329 1208 3381 1252 ct
3412 1200 3716 1252 mut-ordes
3762 1200 3871 1251 im-

2276 1295 2548 1364 pleantur,
2596 1292 2688 1362 qui
2732 1299 2990 1360 tanquam
3034 1290 3409 1344 veneramlum
3444 1289 3753 1357 quidpiam,
3812 1302 3864 1342 et

2276 1385 2535 1440 Ecclesiae
2574 1384 2981 1445 necessarium,
3020 1381 3192 1442 illius,
3233 1383 3325 1448 qui
3360 1381 3701 1434 cuinmcritis
3732 1397 3858 1448 pre-

2277 1469 2382 1533 nis,
2405 1481 2457 1523 et
2488 1470 2557 1526 iis
2588 1485 2724 1539 quas
2746 1470 2850 1525 sibi
2877 1471 2979 1539 ipsi
3010 1478 3170 1523 antea
3205 1468 3496 1527 indixerat,
3528 1469 3860 1531 mulctatus,

2276 1570 2330 1616 ct
2355 1574 2577 1628 propter
2602 1562 2712 1629 iam
2750 1563 2893 1616 dicta
2928 1562 2979 1614 in
3002 1561 3271 1628 judicium
3298 1569 3520 1614 vocatus
3545 1559 3860 1615 fuerat’una

2275 1668 2399 1709 cum
2452 1654 2826 1723 hypopsephio
2880 1652 3295 1712 Monembasiaz,
3353 1654 3755 1707 commentaria
3802 1663 3859 1707 et

2277 1760 2460 1807 voces,
2498 1761 2569 1798 ne
2596 1744 2844 1800 dicamus
2876 1758 3069 1798 recens
3104 1752 3227 1797 nata
3265 1743 3540 1811 dogmata,
3574 1743 3699 1797 aliis
3730 1759 3859 1813 pro-

2274 1845 2507 1906 ponunt.
2544 1835 2840 1889 Damnatus
2863 1843 3123 1901 praeterea
3148 1841 3227 1888 est
3253 1832 3434 1889 dictus
3455 1831 3855 1890 Monemhasia:

2278 1926 2681 1998 hypopscphius
2714 1964 2729 1990 ,
2761 1927 2853 1995 qui
2896 1927 3084 1980 eadem
3120 1941 3182 1980 ac
3209 1923 3464 1980 Palamas
3491 1926 3767 1980 sentiebat
3799 1927 3852 1978 in

2275 2017 2459 2087 pravis
2509 2017 2817 2071 divinorum
2879 2015 3234 2085 Eloquiorum
3284 2016 3748 2084 expositionibus,
3801 2028 3851 2069 et

2276 2111 2419 2179 quod
2456 2109 2524 2163 ab
2546 2122 2610 2163 eo
2635 2123 2694 2164 se
2717 2107 3048 2177 disiungere,
3078 2119 3133 2162 et
3167 2107 3564 2187 professionem
3621 2111 3857 2177 propria!

2277 2203 2648 2259 sententiae-et
2695 2204 2875 2257 cultus
2920 2201 3134 2257 tradere
3181 2202 3373 2256 nollet.
3428 2200 3849 2263 Verumtamen,

2280 2295 2484 2365 quibus
2516 2293 2569 2347 id
2602 2293 2654 2347 in
2685 2293 2870 2347 animo
2899 2302 3007 2356 est,
3040 2301 3101 2346 ut
3133 2291 3406 2347 malorum
3443 2293 3689 2346 omnium
3755 2308 3857 2347 au-

2276 2385 2448 2440 ctoris
2485 2383 2749 2439 daemonis
2779 2382 3354 2452 telisimpenetrabiles
3384 2383 3535 2449 tiant,
3560 2385 3710 2439 omni
3737 2393 3859 2438 stu-

2277 2477 2368 2532 dio
2404 2491 2462 2532 se
2495 2489 2823 2545 quacunque
2850 2490 2913 2528 ex
2951 2482 3108 2543 parte
3141 2472 3431 2528 defendere
3463 2473 3694 2529 debent.
3736 2474 3855 2528 Mn-

2278 2565 2382 2621 dus
2412 2567 2613 2636 quippe
2662 2565 2810 2620 illius
2847 2573 2952 2627 est,
2988 2572 3041 2618 et
3075 2564 3265 2635 ingens
3304 2574 3604 2631 certamen,
3633 2581 3856 2636 semper

2279 2657 2532 2712 scandala
2588 2666 2835 2712 serentes
2890 2655 2945 2709 in
2999 2653 3241 2711 Ecclesia
3292 2655 3539 2711 homines
3583 2658 3845 2711 excitare.

2281 2748 2387 2803 Sed
2420 2765 2517 2803 vos
2567 2749 2620 2803 in
2667 2749 2998 2819 evangelicis
3043 2756 3099 2802 et
3143 2748 3464 2816 apostolicis
3505 2759 3557 2802 et
3603 2750 3859 2817 paternis

2282 2839 2672 2893 traditionibus
2704 2840 2932 2902 assueti,
2965 2846 3018 2892 et
3055 2839 3281 2902 exculti,
3315 2847 3367 2893 et
3392 2838 3617 2907 legitimi
3651 2838 3848 2894 Eccle-

2278 2928 2373 2982 sia:
2398 2929 2513 2991 filii,
2543 2929 2860 2983 omnimoda
2892 2929 2960 2982 ab
2989 2928 3055 2982 iis
3082 2929 3177 2998 qui
3202 2925 3470 2982 Palamam'
3496 2940 3840 2995 sequuntur,

2278 3021 2643 3090 separatione,
2680 3022 2951 3075 immunes
2982 3021 3341 3091 vosmetipsos
3363 3034 3685 3075 conservare
3709 3035 3840 3074 stu-

608 3116 700 3172 sit,
732 3111 1188 3181 quemadmodum
1230 3126 1258 3164 a
1310 3109 1531 3182 deiferis
1565 3109 1819 3165 Patribus
1848 3120 2173 3180 exponetur.
2206 3134 2248 3192 ο
2283 3112 2425 3167 dcte.
2487 3110 2621 3177 Quis
2674 3111 2819 3165 enim
2868 3125 3059 3165 eorum
3120 3109 3418 3165 commercii
3470 3117 3524 3163 et
3569 3110 3827 3163 auditorii

612 3202 712 3252 l'io
741 3198 964 3269 quibus,
997 3207 1142 3252 tomo
1169 3199 1378 3270 digesto
1406 3215 1471 3254 ex
1495 3200 1737 3271 synodali
1761 3201 2057 3266 sententia,
2091 3217 2177 3256 ex-

608 3291 1031 3344 emnmunicatio
1078 3291 1186 3345 lata
1219 3301 1477 3362 est;qua
1523 3290 1613 3347 ille
1657 3292 1923 3361 neglecta,
1971 3295 2173 3346 malum

609 3383 849 3447 adauxit,
882 3383 1202 3452 scriptiones
1232 3399 1422 3439 rursus
1447 3384 1666 3438 easdem
1694 3395 1748 3439 et
1779 3386 2176 3454 disputationes

610 3490 903 3543 usttrpans.
945 3491 972 3529 a
1000 3476 1221 3545 quibus,
1256 3486 1316 3530 ut
1356 3475 1581 3530 omnino
1612 3476 1925 3542 abstineret,
1956 3476 2168 3546 jnssum

610 3565 804 3619 fuerat.
841 3565 1243 3634 PrOptercaque
1268 3581 1330 3619 ex
1361 3581 1425 3619 eo
1453 3574 1702 3634 tempore
1734 3565 1787 3619 in
1812 3564 2066 3634 ambiguo
2090 3581 2178 3621 res

609 3659 746 3712 erat,
791 3658 843 3701 et
874 3649 1199 3702 succedente
1233 3654 1474 3715 tempore
1509 3649 1683 3717 magis
1725 3662 1789 3701 ac
1829 3648 1999 3717 magis
2031 3647 2176 3703 circa

610 3739 869 3806 piat-tem
921 3737 1168 3792 Palamas
1223 3737 1513 3805 ambiguus
1564 3737 1871 3804 videbatur,
1918 3753 2040 3793 cum
2077 3754 2180 3794 nec

614 3829 1010 3896 professionem
1033 3828 1153 3882 fidei
1174 3829 1473 3897 inscriptis,
1489 3830 1551 3884 ab
1570 3830 1807 3884 Ecclesia
1829 3830 2176 3899 postulatam,

610 3920 911 3974 exhiberet.
935 3919 1215 3984 Quomodo
1233 3918 1413 3988 itaque
1436 3920 1678 3975 resillius
1700 3920 1892 3992 negligi
1907 3929 2179 3990 poterant,

608 4015 736 4064 dum
764 4012 854 4065 ille
885 4012 1222 4081 pervicacius
1252 4012 1536 4067 inhaereret
1572 4015 1876 4082 proposito,
1914 4029 2013 4068 nec
2049 4029 2077 4067 a
2108 4014 2183 4068 si-

610 4103 682 4154 mi
710 4104 830 4156 ibus
856 4103 1265 4157 commentariis
1312 4102 1631 4166 abstineret,
1662 4110 1715 4156 et
1741 4103 1941 4156 multos
1970 4110 2182 4171 pertur-

612 4197 767 4257 laus,
799 4193 864 4247 ad
898 4194 1270 4262 expositiones
1315 4209 1443 4249 suas
1488 4194 1893 4262 amplecteudas
1936 4192 2178 4262 compel-

611 4285 766 4346 ίιΊΨΙ,
802 4284 940 4336 male
962 4285 1127 4338 etiam
1157 4285 1311 4337 Tomi
1342 4286 1604 4338 nonnulla
1641 4291 1966 4351 exponeret,
1998 4298 2178 4354 neque

614 4373 867 4426 I'Zet-lesiae
897 4388 957 4426 se
983 4372 1327 4426 submitteret
1350 4374 1372 4424 ?
1393 4374 1618 4442 ideoque
1643 4389 1748 4426 non
1774 4372 2053 4443 neglectus
2075 4383 2174 4435 est,

2282 3204 2457 3259 usus?
2500 3201 2671 3269 Cujus
2717 3217 2846 3257 vero
2889 3203 3078 3273 gratiae
3124 3203 3272 3259 fures
3320 3201 3569 3257 Ecclesiae
3611 3203 3833 3270 quidem

2278 3295 2568 3364 imperium
2601 3295 2929 3361 detrectant,
2983 3295 3345 3350 archieratica
3378 3309 3503 3348 vero
3546 3309 3713 3361 Opera
3750 3309 3843 3361 ag-

2277 3386 2619 3456 grediuntur,
2651 3397 2950 3456 amantque
2998 3387 3221 3453 docere,
3254 3395 3309 3441 et
3341 3386 3666 3455 persuadere
3707 3401 3843 3439 con-

2278 3475 2530 3538 tendunt,
2560 3476 2700 3530 bona
2738 3491 2859 3532 esse
2888 3492 3011 3543 qua:
3045 3477 3115 3532 ab
3146 3477 3280 3546 ipsis
3308 3475 3708 3531 enuntiantur?
3740 3474 3846 3527 Nu-

2278 3566 2361 3621 bis
2405 3582 2568 3637 porro
2624 3569 2826 3637 smpius
2879 3568 3367 3638 eos-illacrymare
3410 3567 3659 3638 contigit,
3712 3567 3845 3620 mihi

2278 3657 2502 3719 credite,
2527 3659 3021 3723 considerantibus,
3057 3658 3201 3728 quali
3240 3656 3492 3713 veritatis
3521 3660 3605 3713 via
3638 3658 3843 3720 relicta,

2281 3746 2333 3801 in
2382 3758 2645 3816 quantum
2696 3763 2755 3802 se
2799 3748 3115 3803 barathrum
3161 3748 3573 3817 praecipitarint.
3624 3759 3842 3803 conten-

2279 3837 2414 3891 tioni
2437 3836 2684 3900 obnoxii,
2705 3839 2799 3907 qui
2828 3838 3164 3908 negligentes
3194 3836 3247 3890 in
3280 3836 3674 3906 tranquillitate
3698 3838 3841 3906 cogi-

2280 3927 2546 3981 tationum
2583 3929 3061 3998 gubernationem,
3104 3928 3231 3982 licet
3266 3928 3504 3982 tumultu
3543 3943 3703 3983 suum
3729 3944 3838 3993 cor,

2282 4017 2518 4072 tumultu
2554 4032 2711 4072 suam
2751 4018 2986 4072 animam
3019 4017 3293 4087 cppletam
3326 4017 3630 4081 obtineant,
3662 4019 3839 4072 odiose

2280 4118 2442 4178 atque
2464 4110 2829 4176 contentiose,
2859 4109 3001 4179 quod
3035 4109 3138 4179 ipsi
3166 4117 3495 4179 proponunt,
3520 4109 3836 4164 confirmare

2279 4209 2551 4269 satagunt,
2603 4215 2703 4254 nec
2739 4199 2867 4253 illud
2921 4200 3108 4255 animo
3138 4215 3333 4269 capere
3374 4211 3628 4268 possunt,
3666 4215 3833 4269 neque

2281 4290 2510 4360 probum
2547 4306 2722 4361 neque
2764 4291 2970 4359 justum
2998 4307 3143 4355 esse,
3190 4290 3411 4345 Patrum
3450 4293 3714 4346 terminos
3755 4291 3834 4345 di-

2280 4399 2520 4450 movere,
2548 4394 2602 4439 et
2630 4384 2928 4448 adversari,
2961 4394 3014 4439 et
3046 4399 3156 4438 non
3190 4383 3387 4438 cedere
3415 4397 3593 4451 neque
3623 4382 3833 4449 obedire

613 4466 704 4519 sed
727 4475 780 4516 ut
800 4465 1067 4518 sententia
1089 4465 1354 4532 etpietate
1370 4466 1765 4534 ambiguum,et
1784 4465 2177 4534 professionem
2212 4465 2255 4519 D
2282 4475 2539 4530 Ecclesia
2562 4475 2616 4529 in
2647 4475 2712 4531 iis
2741 4490 2862 4545 quae
2889 4476 2958 4530 ab
2986 4475 3100 4544 ipsa
3129 4475 3299 4545 probe
3328 4482 3382 4529 et
3424 4473 3723 4529 secundum
3746 4488 3830 4526 εει-

614 4556 870 4622 scriptam
903 4552 1112 4607 tradere
1145 4561 1463 4607 renuentem
1488 4592 1503 4617 ,
1532 4565 1590 4608 nt
1620 4554 1955 4621 pervicacem
1987 4563 2038 4609 et
2076 4554 2179 4609 Ec—

616 4647 799 4700 clesia:
836 4645 928 4699 Dei
964 4643 1123 4700 subdi
1160 4643 1427 4707 nescium,
1473 4652 1531 4696 ιιι
1564 4645 1826 4700 tumultus
1858 4654 1913 4701 et
1956 4655 2181 4700 conten-

616 4737 781 4790 tionis
822 4735 1157 4805 potissimam
1189 4748 1435 4795 eausam,
1467 4742 1527 4788 ut
1574 4749 1837 4788 novorum
1870 4734 2182 4804 peregrino-

615 4844 847 4898 ramque
873 4828 1186 4899 dogmatum
1220 4834 1573 4899 assertorem,
1605 4825 1696 4880 Dei
1731 4826 1973 4881 Ecclesia
2003 4824 2177 4881 virum

615 4935 644 4973 a
673 4936 729 4973 sc
754 4921 867 4985 ipsa
891 4918 1249 4988 proscripsit;
1271 4917 1419 4984 juste
1439 4916 1723 4985 equidem,
1765 4930 2026 4971 novorum
2052 4917 2183 4987 dog—

616 5020 820 5063 matum
850 5020 1126 5074 auctores,
1159 5009 1266 5062 imo
1295 5007 1346 5060 in
1375 5007 1509 5061 alias
1537 5017 1701 5076 atque
1726 5005 1857 5059 alias
1879 5007 2181 5061 sententias

618 5101 817 5170 scripta
855 5101 1110 5156 Ecclesiae
1133 5101 1540 5169 detorquentes,
1572 5098 1902 5153 contumelia
1950 5100 2182 5166 probro-

616 5206 723 5261 que
757 5189 1012 5255 adiciens,
1042 5201 1094 5245 et
1122 5191 1223 5245 sibi
1257 5192 1361 5261 ipsi
1393 5191 1445 5244 in
1486 5190 1801 5259 apostolicis
1843 5199 1898 5243 et
1937 5190 2179 5256 paternis

619 5282 1003 5336 traditionibus
1036 5283 1358 5345 profundam
1397 5281 1845 5351 tranquillitatem
1876 5296 1939 5334 ac
1972 5282 2182 5335 stabili-

617 5381 780 5428 tatem
813 5386 1130 5441 procurans.
1182 5372 1255 5426 Dc
1289 5388 1392 5442 qua
1437 5388 1629 5444 magna
1672 5382 1722 5426 et
1754 5374 1943 5442 ingens
1975 5374 2179 5428 sollici-

620 5463 750 5517 tudo
782 5464 1079 5527 invaserat,
1122 5477 1149 5515 a
1183 5461 1289 5517 Deo
1312 5476 1625 5518 coronatam
1661 5463 2093 5532 potentissimam
2125 5472 2180 5518 et

623 5564 866 5609 sanctam
921 5569 1094 5607 meam
1157 5553 1459 5615 dominam,
1517 5563 1573 5608 ct
1625 5570 1655 5608 a
1710 5554 1819 5610 Deo
1871 5555 2058 5609 datum
2116 5570 2180 5610 ac

626 5645 827 5697 mundo
860 5644 1277 5699 desiderabilem
1316 5643 1463 5697 illius
1514 5648 1818 5707 Surculum,
1864 5645 2178 5713 potentissi-

626 5750 770 5788 ιιιιιιιι
806 5743 859 5789 ει
888 5747 1135 5791 εειιιςῑιιιιι
1170 5752 1346 5790 ιιιρυιιι
1387 5736 1762 5802 imperatorem
1793 5751 1807 5801 ί
1842 5746 1897 5790 ιιι
1927 5745 1981 5791 Cl
2014 5750 2177 5791 ιὀιις-

2282 4581 2454 4622 nones
2498 4566 2683 4621 divina
2718 4567 2892 4636 gratia
2936 4565 3154 4620 decreta
3194 4573 3362 4630 sunt;
3396 4565 3489 4620 sed
3534 4577 3588 4620 et
3621 4565 3830 4618 liberta-

2283 4668 2413 4722 tem,
2446 4648 2594 4714 aeisi
2634 4658 2718 4714 sui
2742 4667 2926 4713 essent
2950 4658 3117 4728 juris,
3158 4665 3433 4728 usurpant
3459 4671 3582 4726 quae
3618 4657 3684 4709 ad
3710 4656 3830 4710 alios

2280 4751 2577 4820 pertinent,
2612 4750 2714 4819 ipsi
2754 4749 3123 4805 inverecunde
3155 4758 3475 4821 operantur,
3512 4756 3568 4803 et
3598 4763 3720 4802 cum
3755 4747 3828 4802 fa-

2281 4841 2539 4897 cultatem
2593 4841 2799 4895 nullam
2852 4842 3111 4905 habeant,
3171 4842 3470 4898 monachos
3511 4840 3827 4909 detondent,

2281 4932 2444 5001 idque
2476 4932 2639 4987 etiam
2677 4932 2730 4984 in
2758 4931 3011 5000 juvenem
3046 4933 3304 4998 nobilem,
3340 4931 3524 4986 multis
3553 4932 3827 5001 pellectum

2280 5024 2586 5086 fraudibus,
2619 5038 2727 5075 non
2776 5024 2897 5078 sine
2945 5024 3173 5077 audacia
3222 5025 3612 5092 praestiterunt.
3649 5022 3726 5076 Ab
3756 5022 3830 5074 his

2280 5114 2462 5183 itaque
2493 5122 2606 5166 toto
2640 5127 2735 5167 vos
2771 5114 2954 5167 animo
2994 5123 3288 5175 semovetc,
3318 5112 3638 5166 orthudoxis
3663 5111 3828 5164 Eccle-

2279 5207 2371 5259 sia:
2394 5204 2741 5274 tiogtttatibus
2763 5203 3122 5260 adhaerentes.
3146 5205 3278 5259 Cum
3306 5203 3486 5271 itaque
3502 5201 3826 5271 proptcrjam

2279 5300 2457 5353 dictas
2490 5312 2687 5351 causas
2722 5297 3060 5369 proscriptus
3090 5297 3162 5352 sit
3193 5296 3260 5350 ab
3289 5294 3529 5348 Ecclesia
3569 5294 3824 5352 Pslantas,

2279 5390 2469 5444 eodem
2504 5403 2568 5444 ac
2617 5388 2706 5442 ille
2754 5387 2914 5441 modo
2965 5385 3257 5456 proscripti
3308 5394 3435 5439 sunt
3480 5400 3693 5447 omnes,
3744 5383 3824 5450 qui

2279 5496 2432 5550 aque
2462 5495 2524 5534 ac
2553 5480 2643 5533 ille
2674 5478 2956 5543 sentiunt;
2992 5478 3193 5547 quippe
3226 5477 3335 5531 illis
3367 5475 3631 5539 credunt;
3668 5489 3828 5540 neque

2278 5583 2357 5625 est
2382 5571 2652 5627 similibus
2671 5587 2795 5641 pars
2814 5572 2919 5625 ulla
2939 5572 3053 5626 sive
3080 5572 3381 5633 lucreditas,
3400 5567 3574 5637 quoad
3593 5567 3824 5621 eamdem

2282 5662 2604 5715 Sententiam
2641 5670 2939 5716 sectantur.
2965 5660 3225 5730 Separatc
3259 5661 3443 5727 itaque
3469 5672 3567 5711 vos
3595 5657 3662 5707 ab
3690 5655 3818 5719 istis,

2282 5754 2534 5810 Ecclesia:
2568 5754 2881 5809 obcdientes
2903 5795 2918 5821 ,
2952 5753 3362 5827 acquiesccutcs
3394 5756 3825 5819 perseverantes-
