4180 6308
320 388 433 454 837

1472 396 1916 461 GR/ECURUM
1951 394 2422 459 SENTENTIE.

3454 409 3560 472 898

318 523 426 576 quc
452 506 505 559 in
534 506 873 576 Evangelicis
894 516 941 561 et
971 508 1286 578 apostolicis
1330 510 1741 567 traditiunibus.
1769 512 1895 566 Ete-
1925 522 1968 574 Α
2001 516 2054 561 et
2087 509 2563 577 procacissimum,
2604 509 2694 577 qui
2733 524 2948 581 semper
2980 513 3305 583 scriptorum
3339 520 3480 572 mole
3510 530 3565 573 et

321 601 459 663 nim,
492 598 617 653 licet
643 613 751 653 non
782 600 917 656 tales
948 610 1136 657 essent
1169 604 1383 671 pietate,
1416 606 1658 664 ambittui
1680 606 1892 659 scilicet

320 699 375 741 et
407 689 588 756 palam
618 688 802 744 hostes
823 698 876 744 et
899 691 1225 758 adversarii,
1249 703 1302 749 et
1328 696 1398 750 ab
1427 696 1674 752 Ecclesia
1706 698 1888 767 ejecti,

321 780 682 835 nihilominus
715 796 893 850 neque
939 784 1042 840 bac
1087 787 1298 843 ratione
1345 789 1397 843 in
1431 790 1781 860 dogmatibus
1837 798 1892 844 et

323 870 574 926 doctrina
609 873 676 927 de
719 872 919 942 pietate
961 875 1070 930 illis
1115 880 1338 934 credere
1388 880 1617 947 debetis,
1672 898 1797 938 cum
1840 882 1891 936 id

327 962 640 1027 ministerii,
673 972 732 1017 ut
757 964 869 1034 jam
901 965 1163 1031 diximus,
1197 971 1262 1024 ad
1288 973 1563 1028 antistites
1593 975 1887 1043 pertineat,

323 1056 525 1125 quibus
567 1055 688 1108 sine
727 1056 834 1109 ulla
876 1060 1196 1129 exceptione
1239 1062 1464 1118 obedire
1513 1064 1747 1131 debetis,
1794 1083 1893 1122 nec

329 1146 439 1200 ullo
494 1148 658 1201 modo
693 1148 1017 1216 adversari;
1065 1167 1191 1206 cum
1240 1152 1352 1208 sint
1391 1170 1422 1209 a
1466 1155 1577 1211 Deo
1629 1169 1891 1227 tanquam

325 1239 597 1292 meurtomi
634 1238 786 1294 vobis
812 1240 997 1295 traditi
1026 1243 1242 1307 salutis,
1279 1254 1335 1299 et
1364 1246 1633 1302 rationem
1668 1264 1766 1317 pro
1801 1265 1895 1303 vo-

325 1329 412 1384 bis
458 1329 741 1385 reddituri.
786 1329 918 1395 Qute
963 1333 1103 1386 ratio
1152 1333 1340 1402 fuerit,
1393 1336 1558 1392 hosce
1606 1340 1893 1410 ambiguos

325 1421 506 1475 locum
553 1425 691 1492 apud
727 1439 821 1477 vos
870 1427 1166 1494 possidere,
1212 1443 1324 1498 quo
1364 1431 1667 1499 periculum
1699 1436 1892 1489 anima:

326 1514 570 1569 Subeatis
626 1526 673 1569 et
725 1518 1060 1572 ercidium?
1114 1518 1285 1577 Nemo
1334 1521 1550 1577 interim
1594 1526 1889 1591 existimet,

326 1617 550 1675 propter
583 1609 743 1662 aliam
780 1624 1004 1664 causam
1051 1610 1354 1679 Palamam,
1405 1616 1662 1686 illiusque
1708 1618 1890 1673 socios

324 1703 393 1753 ab
425 1702 667 1758 Ecclesia
698 1705 923 1774 ejectos,
954 1723 1119 1778 quam
1145 1710 1215 1763 ob
1249 1710 1549 1764 adulterata
1578 1710 1751 1773 ipsius
1784 1712 1889 1766 Ec-

324 1792 503 1848 clesia:
548 1793 841 1864 dogmata:
900 1811 1026 1852 cum
1070 1808 1127 1852 et
1154 1799 1256 1868 ipsi
1302 1799 1624 1871 deprehensi
1673 1802 1783 1856 sint
1834 1802 1887 1855 in

1995 601 2459 670 multiloquentia,
2493 618 2598 656 non
2630 614 3072 672 argumentorun
3116 610 3332 672 robore,
3366 611 3562 665 adver-

1992 694 2166 747 sarios
2218 694 2522 762 opprimere
2563 707 2835 749 conatur:
2892 697 3068 752 nullas
3106 698 3269 752 habet
3314 717 3561 764 veneres,

1995 784 2202 836 nullum
2248 784 2450 853 ingenii
2484 799 2713 838 acumen
2743 802 2757 838 :
2803 789 2937 841 satis
2968 789 3041 840 illi
3073 799 3173 853 est,
3210 790 3274 854 si,
3328 807 3445 857 qua:
3474 793 3564 846 alii

1994 885 2119 928 ante
2146 876 2320 942 ipsum
2344 876 2613 939 dixerant,
2642 877 2994 933 tut-utentiore
3017 880 3227 936 calamo
3253 896 3562 951 pctcut'rat,

1993 976 2047 1018 et
2075 965 2280 1019 chartis
2305 965 2513 1030 illinat;
2550 967 2655 1020 sub
2690 968 2908 1036 pietatis
2940 971 3143 1038 specie,
3175 974 3375 1044 ubique
3407 993 3569 1033 vene-

1996 1072 2124 1108 num
2171 1055 2371 1125 spirat.
2411 1056 2476 1110 Et
2505 1066 2684 1111 tamen
2711 1059 2857 1113 hunc
2889 1060 3357 1129 improbissimum
3392 1070 3566 1121 homi-

1994 1160 2141 1209 nem,
2170 1161 2233 1200 ac
2263 1147 2306 1200 si
2341 1163 2481 1202 unus
2510 1159 2559 1200 et
2592 1148 2896 1218 prtecipuus
2926 1165 2987 1203 ex
3022 1154 3227 1208 sanctis
3255 1166 3307 1208 et
3335 1158 3569 1211 doctori-

1996 1239 2097 1291 bus
2130 1236 2290 1305 foret,
2321 1238 2567 1292 nonnulli
2603 1254 2670 1294 ex
2701 1238 2905 1295 Graecis
2951 1242 3093 1295 inter
3139 1255 3361 1301 sanctos
3397 1250 3566 1302 collu-

1993 1339 2204 1397 earunt,
2252 1341 2325 1394 et,
2358 1332 2575 1403 hymnis
2604 1348 2669 1389 ac
2702 1334 2826 1388 aliis
2874 1335 3109 1392 canticis
3156 1339 3339 1403 editis,
3371 1343 3423 1393 in
3470 1341 3567 1395 Ec-

1995 1422 2159 1477 clesia
2192 1423 2561 1488 celebrarunt,
2594 1434 2647 1479 et
2676 1440 2822 1480 nunc
2853 1442 3073 1496 quoque
3103 1430 3401 1485 celebrant.
3433 1433 3564 1499 Qua:

1993 1513 2046 1567 in
2080 1512 2302 1568 Triodio
2333 1514 2400 1569 de
2431 1516 2521 1570 illo
2554 1516 2884 1583 aﬂ‘eruntur,
2931 1534 2960 1573 a
2992 1521 3280 1578 Pbilutbeo
3326 1526 3559 1594 patriar-

1992 1605 2095 1660 cha
2126 1605 2731 1674 Constantinotmlitano
2764 1611 2905 1663 male
2936 1621 3148 1678 assuta,
3180 1614 3314 1669 alibi
3349 1618 3564 1669 exarui-

1993 1697 2269 1752 navimus.
2292 1697 2615 1754 Collectoris
2646 1701 2835 1765 etiam,
2867 1702 2982 1756 sive
3007 1704 3234 1759 editoris
3260 1704 3566 1777 incogitan-

1994 1788 2064 1841 tia
2089 1788 2292 1843 l'aetum
2322 1799 2426 1855 est,
2460 1797 2521 1843 ut
2562 1790 2616 1844 in
2653 1790 2824 1847 Tomo
2854 1792 2927 1869 IX,
2957 1793 3289 1852 Bibliotheca:
3318 1798 3561 1868 Patrum,

623 1852 652 1864 υ
1176 1852 1232 1868 ,ρ
1674 1852 1781 1856 μη

325 1885 621 1952 nonnullis,
664 1890 793 1941 ιοιηὶ
827 1889 1011 1955 verba,
1041 1900 1100 1944 ut
1127 1889 1238 1960 jam
1277 1891 1539 1955 diximus,
1572 1893 1885 1947 adulteran-

1994 1878 2047 1931 in
2095 1880 2676 1935 duaruntnrationum
2722 1864 3171 1954 titulo,’quarutn
3210 1888 3327 1957 ipse
3372 1901 3563 1945 auctor

327 1983 433 2037 tes,
468 1988 522 2030 et
564 1978 616 2031 in
653 1994 875 2048 pravam
908 1982 1303 2051 expositionem
1347 1985 1649 2039 trahentes.
1683 1984 1885 2051 Quare,

326 2069 371 2119 si
408 2068 561 2122 nobis
603 2080 781 2124 vestra
812 2072 1019 2129 utilitas
1054 2083 1105 2128 et
1147 2075 1413 2131 securitas
1441 2076 1593 2131 cordi
1632 2086 1735 2142 est,
1765 2091 1888 2131 om-

325 2159 456 2213 nino
490 2176 584 2215 eos
619 2163 804 2227 vitate,
839 2164 1065 2233 paciliee
1092 2173 1146 2220 ct
1184 2168 1477 2238 tranquille
1508 2168 1651 2222 inter
1678 2183 1770 2222 vos
1806 2170 1889 2237 ip-

320 2266 430 2317 sos,
483 2266 583 2307 nec
624 2269 733 2309 non
764 2268 819 2311 et
865 2257 1025 2322 alios,
1072 2258 1339 2324 viventes,
1383 2261 1649 2330 complete
1699 2275 1886 2330 opera,

320 2359 444 2413 qua:
466 2349 531 2399 ad
558 2356 793 2402 vestram
818 2350 1049 2404 salutem
1075 2352 1387 2407 necessaria
1406 2365 1534 2407 sunt
1559 2368 1573 2406 :
1600 2352 1762 2422 cujus
1787 2352 1892 2406 uti-

262 2495 267 2499 ,
324 2452 450 2489 nam
479 2447 755 2507 compotes
785 2440 928 2495 natis
953 2441 1006 2496 in
1026 2442 1270 2509 Christo,
1292 2445 1447 2515 cujus
1469 2449 1641 2516 gratia
1666 2447 1738 2501 sit
1764 2463 1888 2502 cum

327 2529 491 2584 vobis
521 2531 800 2585 omnibus.
831 2550 851 2583 ι
891 2532 958 2587 Et
989 2534 1103 2590 haec
1131 2535 1199 2591 de
1234 2536 1457 2592 Palama
1492 2538 1747 2610 illiusque
1777 2540 1888 2594 bae-

324 2620 541 2677 resibuo
591 2622 645 2676 in
688 2626 981 2694 praesentia
1011 2627 1144 2683 satis
1191 2630 1337 2696 sint;
1383 2630 1593 2701 reliqua
1630 2640 1891 2701 opportu-

324 2715 482 2771 niore
518 2725 763 2787 tempore
800 2734 1215 2789 prosequemur.
1254 2720 1506 2778 Palamas
1541 2725 1724 2793 itaque
1754 2722 1891 2778 Gre-

321 2807 532 2878 gorius,
561 2819 618 2864 ut
649 2809 818 2875 vides,
845 2826 952 2865 non
997 2812 1248 2882 proprias
1282 2813 1517 2870 haereses
1550 2826 1786 2880 tantum,
1816 2817 1889 2871 ob

316 2914 459 2968 quas
502 2900 666 2954 etiam
698 2903 767 2956 ab
802 2902 938 2974 ipsis
965 2903 1192 2970 Graecis,
1237 2906 1596 2974 plurimarum
1643 2908 1887 2979 synodo-

317 3005 441 3045 rum
473 2992 705 3061 calculo,
729 2994 1020 3051 damnatus
1045 3007 1148 3062 est,
1176 2998 1309 3053 lovit
1331 3010 1379 3053 et
1407 3001 1723 3069 propagavit
1747 3019 1761 3064 ;
1790 3001 1885 3056 sed

313 3080 630 3138 Grmcorum
658 3085 824 3139 etiam
853 3100 1069 3143 errores
1099 3088 1363 3144 adversus
1394 3088 1641 3155 Latinos,
1670 3091 1888 3161 scriptis

1992 1969 2189 2035 fuerat,
2241 1972 2602 2029 sanctissimus
2632 1987 2995 2043 nuncupetur.
3023 1975 3175 2043 Quod
3203 1980 3386 2034 maxia
3410 1996 3439 2035 e
3466 1982 3565 2034 ita.

1990 2064 2242 2133 probavit
2283 2065 2600 2123 Gennadius
2653 2067 2988 2137 patriarcha,
3028 2070 3245 2126 Graecos
3274 2072 3558 2142 alloquens

1991 2170 2090 2224 pro
2129 2156 2364 2211 concilio
2392 2157 2713 2213 Florentino
2748 2178 2762 2215 :
2804 2179 2823 2212 ι
2875 2158 3004 2226 Vos,
3033 2161 3276 2228 Graecos,
3305 2166 3558 2233 quamvis

1991 2244 2453 2314 ﬂagitiosissimos
2492 2259 2543 2305 et
2579 2252 2953 2316 stultissimos,
3005 2254 3049 2308 si
3087 2254 3263 2309 solum
3300 2257 3564 2311 adversus

1990 2336 2216 2394 Latinos
2250 2342 2453 2404 dicant,
2488 2343 2732 2397 omnium
2763 2346 3144 2401 sanctissimos
3176 2347 3517 2402 arbitramini
3544 2364 3559 2413 ;

1992 2427 2133 2482 inter
2166 2428 2306 2485 alios
2343 2429 2561 2499 quidem
2597 2433 2820 2496 multos,
2862 2433 3155 2502 quemdam
3192 2436 3282 2505 qui
3336 2447 3562 2490 vocatur

1991 2519 2264 2582 Palamas,
2313 2529 2368 2575 et
2408 2520 2613 2590 Ephesi
2646 2522 2914 2586 Marcum,
2962 2522 3238 2580 hominem
3287 2541 3385 2580 nec.
3428 2527 3563 2581 satis

1993 2612 2189 2666 mentis
2218 2622 2546 2680 compotem,
2576 2613 2671 2666 sed
2708 2614 2974 2667 tumidum
3008 2616 3292 2685 sapientiae
3323 2626 3564 2671 ostenta-

1994 2714 2177 2759 torem
2206 2721 2221 2769 ;
2256 2706 2405 2759 nulla
2446 2706 2643 2761 virtute
2671 2707 2751 2761 vel
2788 2707 3086 2776 sanctitate
3120 2709 3405 2773 subnixos,
3435 2710 3563 2779 quia

1992 2795 2289 2867 loquuntur
2326 2807 2381 2852 et
2429 2798 2676 2853 scribunt
2702 2798 2878 2854 solum
2907 2809 3095 2855 contra
3122 2799 3370 2866 Latinos,
3395 2806 3565 2855 cxtol-

1991 2886 2102 2940 litis
2147 2896 2202 2940 et
2245 2887 2555 2952 celebratis,
2602 2904 2906 2959 eorumque
2954 2891 3219 2961 imagines
3250 2892 3554 2958 exornatis,

1991 2976 2300 3046 festumque
2340 2991 2560 3048 agentes
2600 2980 2741 3036 diem
2778 2983 2980 3046 colitis,
3024 2994 3078 3038 et
3122 2984 3289 3039 veluti
3337 2995 3557 3043 sanctos

1989 3067 2245 3146 adoratis.
2275 3088 2293 3121 ι
2319 3070 2499 3137 Quod,
2537 3087 2670 3142 pace
2706 3076 2841 3129 tanti
2876 3075 2977 3129 viri
3013 3076 3172 3131 liceat
3203 3076 3427 3141 dixisse,
3464 3077 3564 3131 l‘al-

311 3174 505 3239 editis,
555 3184 762 3232 tutatus
791 3175 1102 3234 est.'Editte
1149 3189 1277 3235 sunt
1323 3180 1554 3235 Londini
1600 3160 1887 3239 Orationes
1910 3190 1957 3255 α
1989 3175 2109 3255 ῗιηη
2145 3169 2247 3216 es"
2282 3160 2519 3255 Εγκίῗθβω
2550 3165 2694 3253 enim
2729 3164 3144 3244 Τ¹¹θ³³³¹⁰¹¹ί⁰³ν
3177 3179 3231 3225 εί
3266 3170 3548 3225 ¹¹⁰¹¹¹¹⁰ι¹ί³

313 3265 764 3321 demonstrativa:
789 3267 931 3334 duae,
965 3267 1038 3322 De
1065 3271 1396 3339 processione
1441 3271 1672 3340 Spiritus
1717 3276 1889 3328 sancti

310 3362 509 3406 contra
540 3351 789 3419 Latinos,
820 3354 1007 3411 Grzece
1046 3364 1281 3412 tantum.
1328 3359 1562 3429 Scripsit
1594 3361 1761 3416 etiam
1791 3360 1891 3421 Ιίβ-

311 3444 606 3514 futationes
644 3447 714 3499 ad
747 3444 974 3501 Joannis
1011 3447 1161 3503 νεα-ἱ
1195 3448 1527 3519 Epigraphas
1548 3490 1563 3515 ,
1596 3453 1663 3507 de
1694 3453 1886 3508 eodem

314 3544 666 3605 argumento,
702 3536 879 3592 editas
916 3537 1101 3595 Graece
1133 3550 1186 3593 et
1218 3539 1433 3606 Latine,
1467 3541 1764 3612 interprete
1789 3544 1889 3597 Ar-

310 3627 502 3693 cudio,
537 3642 662 3682 cum
692 3626 1164 3699 Responsionibus
1200 3630 1561 3689 Bcssarionis.
1593 3634 1709 3688 Alia
1745 3649 1885 3705 quo-

310 3733 424 3788 que
469 3721 757 3793 scripsisse
787 3737 894 3777 non
930 3722 1122 3780 dubito
1150 3722 1426 3781 hominem
1454 3728 1881 3799 nugaeissimum

1989 3251 2043 3304 in
2089 3263 2271 3307 monte
2309 3254 2454 3307 Atho
2486 3252 2855 3321 monasteriis,
2902 3259 3086 3313 nullus
3107 3276 3171 3315 ex
3203 3260 3406 3316 Crareis
3455 3264 3559 3317 hoc

1987 3341 2110 3404 aevi,
2139 3341 2251 3410 jam
2292 3343 2580 3411 praedictos
2611 3345 2805 3413 dignos
2836 3355 2984 3402 tanta
3033 3353 3559 3409 commemoratione

1984 3433 2305 3499 existimat;
2340 3436 2450 3489 into
2480 3436 2644 3490 etiam
2679 3439 2897 3493 decreto
2937 3441 3157 3495 vetitum
3190 3450 3294 3506 est,
3335 3458 3403 3496 ne
3432 3445 3557 3511 quis

1985 3522 2041 3576 in
2074 3533 2349 3592 posterum
2384 3527 2449 3580 de
2482 3526 2550 3582 iis
2578 3526 2751 3583 cilicia
2781 3528 2834 3582 in
2867 3529 3110 3585 Ecclesia
3140 3533 3400 3597 celebret,
3429 3534 3555 3588 licet

1983 3615 2050 3669 de
2085 3615 2304 3671 Palama
2339 3616 2571 3672 oliicium
2600 3618 2669 3672 ab
2695 3618 2840 3673 illius
2877 3630 3041 3675 sectae
3068 3621 3252 3692 aliquo
3283 3638 3378 3693 per
3407 3639 3561 3679 sum-

1987 3724 2136 3762 mum
2175 3720 2325 3765 netas
2353 3709 2405 3764 in
2441 3711 2642 3766 Triodo
2672 3711 2879 3766 editum
2907 3710 3091 3768 fuerit.

314 3924 3547 3960 mw

1335 4088 1480 4176 DE
1564 4087 1966 4179 EODEM
2067 4091 2531 4177 PALAMA

555 4295 645 4355 Ex
699 4292 986 4369 ejusdem
1042 4293 1250 4355 Allatii
1303 4309 1498 4371 opere
1552 4291 1634 4350 De
1682 4289 1977 4352 Ecclesiae
2022 4291 2445 4355 Occidentalir
2494 4302 2553 4356 et
2591 4293 2936 4358 Orientalis
2966 4307 3283 4377 perpetrm

1150 4393 1573 4469 consensione,
1602 4392 1721 4489 lib.
1740 4409 1807 4469 η,
1841 4410 1978 4474 cap.
2018 4396 2117 4469 1'7,
2152 4411 2332 4457 num.
2357 4395 2419 4472 2,
2448 4412 2588 4477 pag.
2632 4396 2771 4458 828.

387 4718 452 4774 ll.
498 4717 605 4774 Sed
637 4733 762 4774 cum
790 4717 1021 4784 videam,
1057 4716 1110 4771 in
1143 4716 1335 4772 harum
1361 4732 1545 4772 rerum
1572 4714 1887 4771 narratione
1919 4716 1963 4772 Ι)
1992 4717 2212 4789 scriptis
2243 4718 2408 4774 etiam
2456 4717 2642 4784 editis,
2681 4731 2871 4775 eorum
2907 4723 3251 4793 aliorumque
3301 4714 3560 4794 plurimo-

313 4827 429 4866 non
460 4821 655 4864 omnes
680 4807 997 4873 convenire,
1025 4821 1225 4875 neque,
1247 4805 1380 4876 quid
1412 4806 1646 4861 senserit
1674 4804 1893 4859 Barlaa-

311 4918 461 4964 ntns,
504 4900 634 4972 quid
668 4899 1006 4970 Acindynus,
1058 4907 1113 4952 et
1153 4898 1283 4967 quid
1329 4898 1564 4967 denique
1611 4896 1885 4964 Palamas,

308 5001 501 5063 aperte
538 4992 743 5055 dicere,
791 4989 885 5044 sed
929 4989 1209 5042 veritatem
1268 4989 1572 5045 mendaciis
1608 4988 1882 5043 contami-

310 5098 469 5147 nare,
503 5080 899 5136 immorandum
927 5088 1012 5135 est
1033 5080 1310 5149 paululum
1338 5080 1622 5136 referendo
1646 5082 1883 5149 negotio,

310 5176 544 5232 minimc
568 5173 865 5235 incurioso,
892 5186 992 5225 nec
1023 5170 1277 5226 omnibus
1304 5171 1485 5226 obvio.
1508 5172 1754 5227 Accessit
1783 5174 1884 5226 ita-

308 5283 423 5337 que
451 5264 766 5335 Byzantium
805 5262 1123 5318 Barlaamus
1153 5262 1406 5326 Calaber,
1442 5279 1548 5317 non
1603 5265 1763 5319 rebus
1794 5278 1883 5317 ec-

308 5352 638 5416 clesiasticis
676 5364 913 5421 tantum,
946 5354 1041 5410 sed
1065 5353 1463 5425 philosophicis
1496 5354 1660 5409 etiam
1696 5357 1877 5410 scicn-

310 5453 406 5507 tiis
435 5448 672 5513 nobilis;
707 5446 931 5516 inquirit
957 5446 1010 5501 in
1042 5446 1458 5510 monachorum,
1489 5461 1679 5501 eorum
1708 5448 1879 5517 potis-

311 5542 542 5601 simum,
577 5537 668 5607 qui
701 5552 762 5592 se
803 5536 1145 5605 Ἢσυχαστᾱς
1178 5551 1209 5590 a
1245 5541 1447 5605 quiete,
1473 5545 1527 5591 et
1555 5536 1739 5592 animo
1772 5538 1877 5591 im-

311 5629 635 5702 perturbata
655 5625 1066 5694 nuncupabant,
1092 5624 1281 5687 vitam,
1310 5625 1556 5679 instituta
1580 5625 1879 5689 examinat,

310 5720 507 5777 orandi
545 5721 706 5773 etiam
741 5716 962 5771 modum
994 5716 1320 5785 'perpendit,
1365 5724 1439 5777 et.
1474 5730 1597 5770 cum
1631 5719 1877 5785 qntedam

313 5812 679 5876 ohservasset,
724 5822 846 5880 quae
893 5806 998 5878 ipsi
1032 5822 1138 5863 non
1180 5822 1352 5878 usque
1408 5805 1545 5861 adeo
1582 5807 1874 5877 placerent,

1989 4824 2112 4862 rum
2137 4809 2438 4864 insimulat.
2479 4807 2724 4876 Namque
2755 4825 2872 4877 eos,
2908 4821 2966 4867 ut
2996 4814 3251 4868 Euchitas
3278 4825 3330 4868 et
3356 4815 3560 4872 Massa-

1988 4899 2186 4969 lianos,
2215 4909 2459 4956 veterum
2489 4902 2875 4957 haereticorum
2908 4905 3293 4973 appellatione,
3334 4916 3389 4961 et
3421 4925 3557 4963 nova

2000 4990 2470 5061 Ὀμφαλοψύχους,
2503 4990 2959 5050 Umbilicanimos,
2990 4996 3388 5049 condemnavit.
3418 4996 3559 5061 Quid

1986 5081 2231 5135 Eucltita:
2261 5080 3184 5151 Massalianiquefuerint,veterum
3230 5086 3556 5153 scripturum
3627 5117 3643 5131 -

1984 5170 2105 5225 libri
2133 5171 2267 5227 satis
2296 5173 2388 5227 tibi
2420 5183 2732 5242 suggerent.
2767 5172 2838 5226 De
2868 5173 3380 5245 Oniphalopsycbis,
3409 5181 3555 5247 quod

1991 5277 2097 5315 non
2126 5263 2199 5316 ita
2226 5274 2299 5318 'se
2342 5263 2521 5327 habet,
2557 5262 2765 5332 aliquid
2802 5261 3070 5319 dicemus.
3109 5264 3292 5334 Neque
3315 5269 3459 5323 enim
3487 5271 3559 5323 ita

1988 5368 2083 5409 eos
2106 5356 2318 5408 vocavit
2340 5353 2679 5417 Barlaamus,
2696 5354 2859 5407 veluti
2881 5355 3057 5408 ventri
3078 5354 3309 5419 deditos,
3329 5366 3384 5412 et
3401 5357 3556 5425 quasi

1985 5449 2222 5503 animam
2259 5448 2312 5501 in
2335 5457 2521 5501 ventre
2562 5446 2821 5509 terentes,
2862 5462 2927 5500 eo
2955 5449 3115 5502 modo
3137 5465 3246 5517 quo
3266 5449 3393 5502 olim
3430 5447 3558 5501 Ter-

1988 5540 2272 5601 tullianus,
2294 5540 2359 5593 ad
2380 5539 2693 5593 Montanum
2719 5549 3118 5616 transgressus,
3135 5541 3401 5610 appellare
3417 5540 3557 5594 sole-
3630 5590 3633 5591 ν

1984 5632 2079 5685 bat
2111 5632 2449 5685 ονιιιοιιοςοε
2498 5630 2785 5699 psyehicos,
2840 5631 3123 5695 animales,
3162 5631 3550 5698 voluptuatios,

1981 5731 2087 5775 etc.
2108 5730 2164 5774 ιιι
2202 5718 2579 5790 ὀμφαλὸψυχοι
2610 5720 2721 5774 sint
2747 5721 3112 5790 gastrimargi,
3151 5731 3199 5771 et
3234 5718 3378 5786 quod
3413 5718 3554 5786 Apo-

1982 5810 2153 5865 stolus
2183 5810 2277 5876 ait,
2322 5808 2530 5864 l’entrrs
2563 5812 2719 5881 pigri.
2754 5811 2905 5891 Licet
2949 5812 3089 5867 enim
3136 5809 3404 5881 Gregoras
3429 5826 3554 5865 cos-
