4108 6316
544 370 655 437 903
1744 351 2287 420 DE‘TGREGORIO
2327 352 2636 415 PALAMA
2684 396 2688 399 Α
3745 343 3867 404 9ῦὶ

547 487 724 541 ταῦτα
785 482 1074 553 δεξάμενοι
1122 478 1488 550 ἀπεριέργως.
1540 476 1620 529 Τὰ
1665 476 1783 551 γὰρ
1821 473 1930 527 τῶν
1959 472 2133 542 ἁγίων

2247 479 2360 540 post
2389 469 2619 523 Tomum
2651 467 2856 523 editum
2880 462 3391 521 circumferuntur?
3450 460 3669 514 Conati
3720 468 3865 511 sues

543 580 659 640 τοῖς
691 576 865 644 ἀγίως
900 575 1000 643 μὲν
1025 573 1118 626 καὶ
1163 570 1405 633 εὐσεϐῶς
1442 569 1625 623 νοοῦσι
1660 568 1757 621 καὶ
1805 566 2120 636 δεχομένοις

2247 563 2389 618 :tiam
2452 562 2749 618 secundam
2804 560 3075 630 synodum
3142 573 3336 628 cogere
3399 560 3509 611 sub
3570 563 3859 622 prahiesta

545 671 666 738 φῶς
700 670 850 721 ἐστιν
902 665 1161 735 ἀληθείας
1193 664 1331 734 πρὸς
1366 663 1459 716 τὸν
1501 662 1659 725 Θεὸν,
1692 662 1806 724 τοῖς
1833 660 1878 712 δ’
1919 661 2123 728 ἑτέρως

2247 654 2517 725 tcindyni,
2565 652 2825 708 saeculari
2892 660 3164 722 potestate
3197 649 3429 710 sulfulti,
3462 656 3520 700 ct
3556 661 3857 699 convene-

545 737 767 831 ἔλεγχος
802 761 899 814 καὶ
927 759 1271 827 κατάκριμα.
1302 755 1450 825 Πλὴν
1472 754 1594 807 οὐδὲ
1624 750 2125 825 ἰσχυρογνωμονοῦ-

2247 756 2357 803 ὐιιι
2401 749 2454 802 in
2507 746 2917 801 catechumeuia
2976 744 3216 799 caelestis
3276 742 3462 810 templi
3516 739 3618 794 Dei
3692 737 3855 790 Verbi

551 872 674 924 μεν,
707 854 760 907 εἴ
794 872 848 907 τι
881 853 974 907 καὶ
1008 852 1095 903 ἐπ’
1148 850 1332 912 αὐτοῖς
1369 852 1480 911 τοῖς
1516 849 1688 917 ἁγίων
1727 848 1909 917 ῥητοῖς
1949 847 2125 898 εἰπεῖν

2247 840 2525 909 Sapientiae
2556 837 2916 908 prtesules,ct
2961 846 3185 890 senatus
3237 849 3335 904 pro
3379 834 3482 886 hac
3516 847 3581 884 re
3645 837 3857 898 pra-er

547 946 663 1016 ἔχει
690 962 795 1011 τις,
828 944 989 997 ἅτινα
1038 943 1228 1006 ἁπλῶς
1265 943 1362 996 καὶ
1396 941 1772 1006 ἀνεξετάστως
1821 936 2127 1005 ἐδεξάμεθα

547 1039 625 1101 ὡς
665 1038 856 1105 ἁγίων.
896 1036 994 1089 Ἐν
1023 1036 1132 1105 γάρ
1167 1036 1316 1088 ἐστιν
1365 1036 1499 1104 ἡμῖν
1544 1035 1606 1086 τὸ
1638 1031 1999 1103 ζητούμενον,
2039 1027 2129 1080 ἵνα

550 1134 617 1201 τῇ
681 1128 979 1201 Ἐκκλησία
1022 1127 1158 1182 Θεοῦ
1200 1126 1271 1181 τὰ
1323 1128 1500 1180 οἰκεῖα
1554 1126 1803 1196 δόγματα
1845 1122 2128 1192 ἀκραιφνῆ

547 1223 877 1295 ὃιατηρηθῇ,
913 1224 1011 1277 καὶ
1042 1220 1227 1285 καθὼς
1253 1222 1415 1291 ἡμεῖς
1451 1223 1508 1275 ὲν
1532 1220 1742 1283 τούτοις
1772 1215 2126 1284 διεδεξάμεοα

550 1315 743 1385 αὐτὴν,
767 1314 912 1369 οὓτω
943 1316 1039 1369 καὶ
1078 1314 1213 1383 πρὸς
1251 1314 1379 1374 τοὺς
1422 1312 1539 1381 μεθ’
1569 1313 1716 1382 ἡμᾶς
1751 1307 2127 1378 παραπέμψω-

557 1427 678 1479 μεν⁹
712 1408 891 1479 ἀμιγῆ
944 1406 1148 1469 παντὸς
1189 1405 1347 1459 νόθου
1397 1406 1493 1458 καὶ
1544 1404 1784 1473 ἐκφύλου
1839 1402 2133 1471 δόγματος.

549 1504 627 1557 Ob
673 1501 779 1572 μὴν
803 1499 941 1553 ἀλλὰ
976 1500 1132 1568 καὶὴ
1169 1499 1312 1550 κατὰ
1353 1496 1448 1549 τοῦ
1482 1495 1797 1565 ὑποψηφίου
1836 1493 2137 1572 Μονεμδα-

555 1595 681 1657 σίας
734 1590 988 1660 συνοδικὴ
1042 1589 1242 1660 πρᾶξις
1297 1589 1526 1658 ἀρκέσει
1597 1588 1711 1649 τοῖς
1767 1571 2137 1648 ὲνδοιάζουέι,

552 1689 784 1742 κάκεῖνα
814 1685 953 1755 μετὰ
984 1684 1094 1737 τῶν
1137 1681 1314 1738 ἄλλων
1343 1680 1451 1735 τῶν
1496 1679 1589 1733 ἐπὶ
1620 1680 1686 1750 τῇ
1720 1676 1991 1747 καταδίκῃ
2026 1675 2137 1727 αὐο-

553 1778 647 1832 τοΰ
682 1778 959 1847 φέρουσα,
993 1775 1073 1828 ὅτι
1125 1771 1354 1834 δύσνους
1387 1771 1518 1841 περὶ
1571 1769 1633 1823 τὸ
1677 1769 1947 1838 βασίλειον
2000 1764 2139 1836 ὕψος

2230 931 2563 985 voluntatem
2616 941 2880 992 nostram,
2941 927 3014 980 ita
3079 926 3186 980 illis
3218 922 3711 995 procurantibus:
3752 922 3847 974 Sed

2232 1022 2382 1077 nullo
2433 1021 2596 1075 modo
2635 1020 2686 1074 id
2717 1028 2802 1075 est
2830 1035 2861 1073 a
2913 1020 3070 1073 nobis
3099 1018 3466 1089 permissum:
3536 1025 3661 1068 tum
3697 1030 3789 1082 qu:
3812 1015 3845 1067 d

2234 1129 2411 1184 neque
2443 1115 2595 1183 prius
2614 1126 2792 1182 neque
2825 1111 3094 1182 posterius
3122 1127 3299 1180 neque
3326 1125 3573 1178 unquam
3602 1110 3843 1162 omnino

2234 1216 2618 1283 consensuset
2642 1208 2897 1262 voluntas
2930 1218 3117 1261 nostra
3152 1206 3340 1270 fuerit,
3391 1206 3746 1275 quaestiones
3774 1208 3841 1261 de

2236 1300 2579 1370 dogmatibus
2623 1300 2830 1355 moveri
2864 1300 2916 1353 in
2959 1300 3206 1355 Ecclesia
3266 1298 3382 1360 Dei,
3427 1309 3663 1369 propter
3716 1316 3841 1368 quae

2238 1395 2364 1450 inde
2396 1401 2701 1463 sequuntur
2728 1392 3046 1447 discrimina
3078 1401 3134 1445 et
3191 1391 3463 1460 pericula;
3528 1402 3653 1445 tum
3690 1393 3837 1458 quod

2241 1486 2690 1551 intellexerimus,
2731 1501 2854 1540 eum
2895 1486 2988 1555 qui
3031 1485 3095 1538 ad
3132 1487 3234 1539 hoc
3278 1485 3483 1539 aet-itus
3517 1485 3733 1547 fuerat,
3784 1496 3839 1538 et

2243 1580 2297 1634 in
2335 1594 2435 1634 nos
2473 1579 2943 1644 seseinsinuabat,
2970 1579 3072 1634 sibi
3109 1579 3404 1641 vindicare,
3431 1578 3523 1648 qui
3580 1579 3719 1633 inde
3746 1596 3837 1630 or-

2245 1677 2335 1724 tus
2375 1668 2586 1733 fuisset,
2620 1669 2907 1732 honorem,
2961 1670 3106 1738 quod
3150 1669 3589 1724 imminutionem
3656 1671 3836 1739 impa-

2248 1763 2400 1817 rialis
2430 1762 2616 1831 gloria:
2672 1777 2735 1816 ac
2791 1761 3090 1830 maiestatis
3142 1762 3547 1829 iudicabamus.
3591 1763 3834 1829 Ideoque

552 1872 902 1941 πεφώραται,
934 1867 1030 1921 καὶ
1060 1867 1142 1920 ὅτι
1174 1865 1357 1934 χαίρει
1388 1864 1486 1917 καὶ
1519 1861 1844 1931 πρόσκειται
1878 1861 2013 1923 τοῖς,
2051 1854 2134 1921 οἷς

2247 1870 2351 1909 rem
2388 1868 2496 1908 non
2532 1854 2881 1917 admisimus,
2909 1856 3000 1909 sed
3029 1856 3227 1924 objam
3254 1855 3426 1909 dictas
3443 1856 3583 1909 duas
3628 1871 3767 1910 caus
3802 1874 3830 1911 s

553 1960 872 2033 δογματίζει
906 1962 934 2014 ὁ
959 1958 1227 2027 Παλαμᾶς
1261 1956 1398 2026 μετὰ
1423 1954 1520 2023 τὴν
1561 1953 1658 2007 τοῦ
1705 1953 1885 2023 Τόμου
1917 1950 2135 2004 ἔκθεσιν

555 2055 651 2109 καὶ
678 2055 776 2123 τὴν
816 2052 885 2106 δι’
915 2049 1080 2107 αὐτοῦ
1128 2047 1274 2102 κατὰ
1323 2046 1433 2100 τῶν
1481 2044 1741 2098 τοιούτων
1790 2043 2132 2113 ἐπιτίμησιν.

555 2145 916 2201 «Patriarcha:
943 2145 1009 2199 de
1033 2141 1225 2197 Tomo.
1251 2140 1433 2195 Palam
1464 2147 1545 2194 est
1576 2154 1640 2193 ex
1666 2138 1783 2207 ipso
1813 2136 2004 2199 Tomo,
2032 2135 2137 2190 nisi

551 2240 677 2310 quis
696 2254 760 2292 ex
797 2236 999 2291 invidia
1031 2244 1196 2304 atque
1230 2233 1358 2287 odio
1383 2247 1475 2287 res
1508 2230 1815 2300 diiudicare
1872 2228 2024 2290 velit,
2067 2226 2136 2282 de

553 2331 772 2385 duobus
795 2338 976 2383 tamen
1008 2324 1280 2395 'capitulis
1346 2323 1617 2392 judicium
1678 2331 1885 2375 actum‘
1918 2334 2044 2375 esse
2083 2327 2138 2373 et

553 2423 1102 2485 determinationcm;
1147 2418 1214 2473 de
1240 2415 1425 2469 divino
1463 2413 1672 2468 lumine
1697 2410 1752 2465 in
1782 2418 1964 2464 monte
1991 2407 2139 2463 Tha-

556 2514 734 2576 borio,
767 2522 820 2566 et
846 2510 914 2565 de
948 2509 1222 2568 oratione,
1260 2514 1320 2560 ut
1343 2504 1483 2558 intra
1515 2515 1895 2571 exponemus;
1951 2508 2007 2554 et
2038 2514 2137 2569 pro

553 2604 773 2659 duobus
796 2602 947 2656 hisce
974 2597 1231 2667 capitulis
1280 2595 1727 2658 condemnatum,
1790 2591 2139 2660 ejectumque

563 2696 935 2756 Barlaamum,
975 2701 1275 2760 poenasque
1301 2686 1357 2740 in
1381 2684 1554 2741 Tomo
1574 2683 1877 2755 appositas,
1927 2683 1995 2736 ad
2043 2687 2139 2736 de-

559 2786 864 2840 fensionem
916 2782 1314 2836 monachorum
1370 2777 1441 2832 ob
1484 2776 1599 2832 haec.
1626 2778 1735 2831 duo
1792 2772 2139 2829 solummodo

554 2874 744 2941 cartita
785 2872 1018 2928 indictas
1038 2885 1178 2926 esse.
1206 2867 1363 2923 Nunc
1395 2882 1524 2923 vero
1572 2866 1760 2931 audio,
1808 2863 2140 2920 contendere

555 2981 652 3021 eos
669 2962 880 3037 judicio
908 2977 969 3018 se
995 2961 1278 3017 absolutos
1314 2958 1486 3014 fuisse
1510 2958 1578 3014 de
1616 2956 1898 3019 omnibus,
1933 2970 2053 3024 quae
2087 2963 2139 3007 et

557 3068 686 3111 ante
719 3062 773 3110 et
803 3061 992 3124 postea
1044 3051 1421 3107 decreverant.
1453 3047 1566 3104 Hoc
1593 3061 1790 3116 purum
1839 3054 2025 3116 putmn
2057 3052 2140 3099 cst

2238 1956 2466 2002 conatus
2496 1945 2639 1999 illius
2668 1946 3050 2014 repressimus.
3104 1945 3405 2001 Postulavit
3453 1962 3583 2002 vero
3630 1949 3829 2001 deinde

2237 2037 2600 2108 etcompulit,
2654 2046 2715 2092 ut
2751 2038 3015 2107 scriptum
3072 2040 3137 2092 «ὀ
3182 2038 3246 2091 iis
3296 2053 3416 2107 quae
3475 2038 3628 2107 prius
3676 2039 3713 2093 d
3743 2049 3827 2093 cta

2241 2134 2809 2205 fuerantumonacbis
2858 2134 3299 2197 concederemus,
3349 2144 3403 2188 et
3445 2147 3652 2187 morem
3702 2149 3827 2203 ges-

2238 2229 2434 2283 simus.
2470 2227 2648 2294 Quare
2675 2227 2854 2281 cditus
2892 2234 2975 2282 est
3002 2235 3203 2290 tomus,
3230 2227 3440 2281 nullum
3470 2227 3619 2282 aliud
3644 2243 3823 2296 neque

2239 2321 2566 2390 principium
2599 2335 2772 2389 neque
2824 2319 2984 2374 tinem
3031 2319 3258 2384 habens,
3318 2320 3419 2373 nisi
3456 2329 3667 2374 tantum
3714 2320 3823 2374 dno

2241 2414 2353 2478 illa,
2383 2428 2504 2482 quae
2537 2412 2589 2465 in
2617 2427 2684 2467 co
2725 2412 3096 2474 continentur,
3158 2411 3360 2481 capita,
3386 2412 3551 2465 Jirini
3600 2413 3823 2482 inquam

2241 2504 2761 2574 Translignratimiis
2788 2504 3030 2568 luminis,
3058 2504 3424 2566 ctorationis,
3461 2514 3521 2559 ut
3564 2504 3679 2575 jam
3735 2506 3827 2559 di-

2242 2599 2442 2653 ximus.
2470 2596 2543 2652 De
2565 2597 2763 2667 quibus
2786 2597 3055 2666 capitibus
3085 2605 3139 2652 et
3157 2597 3300 2652 dicta
3319 2597 3542 2653 Patrum
3570 2601 3825 2669 apposita

2240 2699 2391 2752 sunt,
2423 2688 2571 2743 nulla
2618 2688 2804 2743 addita
2835 2703 3012 2759 neque
3060 2689 3404 2759 expositione
3437 2705 3613 2760 neque
3661 2707 3828 2746 enar-

2243 2782 2474 2846 ratione,
2510 2789 2767 2849 tanquam
2821 2794 2945 2849 ουκ
2996 2789 3315 2835 sanctorum
3360 2780 3501 2835 dicta
3564 2782 3699 2846 sint,
3764 2791 3826 2836 et

2241 2882 2428 2930 sancte
2451 2871 2728 2928 enuntiata
2757 2886 2819 2927 ac
2853 2871 3124 2926 intellecta
3181 2872 3249 2927 ab
3292 2872 3356 2927 iis
3385 2873 3476 2941 qui
3503 2872 3592 2940 pie
3618 2888 3682 2926 ea
3713 2889 3823 2928 ex-

2242 2967 2473 3037 cipiunt.
2520 2966 2657 3022 Cum
2690 2965 2873 3034 itaque
2901 2964 2957 3019 in
2982 2964 3069 3019 bis
3102 2963 3305 3019 duobus
3327 2963 3591 3032 capitibus
3610 2979 3809 3019 causa:

2243 3058 2367 3113 ﬁnis
2396 3057 2682 3126 impositus
2718 3058 2935 3117 fuisset.
2980 3070 3083 3111 nos
3135 3056 3356 3127 quietem
3391 3054 3639 3109 Ecclesia
3700 3051 3800 3110 Dei

561 3146 908 3201 mendacium
950 3154 1006 3198 et
1045 3143 1343 3198 calmnnia.
1372 3141 1627 3208 Quanam
1692 3151 1874 3195 autent
1927 3137 2137 3193 ratione

2247 3158 2625 3218 procurantes,
2655 3148 2998 3217 gravioribus
3024 3149 3202 3218 pinnis
3236 3146 3636 3209 obstrinximus,
3689 3159 3811 3199 tum

557 3253 658 3293 eos
689 3236 986 3293 defendere
1036 3246 1093 3291 et
1132 3249 1477 3305 propugnare
1525 3245 1852 3287 conaremur
1917 3242 2014 3298 pro
2048 3227 2137 3291 iis,

558 3343 686 3398 quae
738 3327 983 3383 nondum
1022 3334 1180 3381 erant
1234 3323 1520 3381 enuntiata
1571 3323 1627 3377 in
1684 3321 1915 3392 synodo,
1965 3334 2144 3387 neque

555 3419 910 3477 examinata?
938 3417 1073 3472 Nam
1111 3418 1165 3471 in
1197 3415 1450 3486 synodali
1507 3414 1575 3469 de
1612 3414 1715 3467 hac
1762 3426 1821 3468 re
1867 3411 2141 3477 examine,

560 3515 615 3569 in
647 3529 757 3583 quo
803 3511 1198 3567 celeberrimus
1231 3519 1287 3563 et
1321 3508 1494 3563 beatae
1524 3504 1803 3560 memoriae
1852 3503 2146 3572 imperator

564 3622 663 3660 sua
698 3608 982 3673 pra-scotia
1016 3601 1190 3656 voluit
1238 3605 1611 3670 propugnator
1661 3611 1806 3663 esse,
1842 3606 2005 3665 atque
2049 3595 2147 3650 ad-

562 3707 789 3751 vocatus
811 3693 1066 3748 Ecclesne
1085 3692 1199 3755 Dei,
1232 3700 1489 3758 tanquam
1521 3697 1797 3744 rectorum
1829 3688 2143 3757 dogmatum

563 3795 692 3841 ante
715 3785 851 3840 alios
877 3792 1117 3840 sectatur
1146 3792 1200 3837 et
1228 3781 1539 3853 piissimus,
1578 3782 1781 3837 missus
1820 3784 1905 3835 est
1932 3779 2149 3835 Barlaa-

569 3892 716 3941 ntus,
746 3884 806 3929 ut
845 3875 1060 3944 publice
1094 3874 1162 3928 de
1238 3871 1524 3927 monachis
1575 3871 1813 3927 ediceret
1861 3885 1924 3925 ea
1963 3870 2147 3925 omnia

563 3982 799 4038 quorum
834 3965 1052 4022 eosdem
1087 3963 1449 4021 insimulabat
1480 3980 1497 4022 :
1532 3962 1623 4018 ille
1663 3964 1828 4019 aliam
1866 3962 2149 4033 ingressus

564 4060 731 4120 viam.
759 4055 1120 4128 proponebat,
1159 4069 1282 4125 quae
1303 4054 1406 4108 sibi
1433 4053 1786 4118 adhibebant,
1812 4053 1880 4109 de
1914 4052 2150 4122 dogma-

568 4153 714 4208 tibus
742 4151 1101 4220 quaestiones,
1131 4162 1273 4216 quas
1306 4148 1409 4203 sibi
1442 4146 1577 4202 solvi
1611 4161 1640 4201 a
1678 4147 1834 4200 nobis
1870 4144 2150 4213 poscebat,

504 4274 511 4279 -
565 4243 660 4311 qui
700 4241 973 4307 repulsam
1001 4252 1222 4308 passus,
1259 4253 1364 4291 non
1398 4247 1607 4291 tantum
1634 4236 1772 4305 ipse,
1820 4239 1912 4290 sed
1970 4244 2025 4289 et
2062 4235 2153 4289 hic

570 4333 687 4400 ipse
728 4330 1007 4392 Palantas,
1036 4326 1431 4395 inbibitusque,
1464 4342 1531 4382 ne
1557 4326 1625 4382 de
1656 4325 2004 4395 dogmatibus
2042 4325 2153 4382 dis-

564 4429 794 4478 sereret,
826 4419 1004 4472 allatis
1034 4416 1298 4485 lectisque
1321 4416 1388 4469 de
1416 4416 1519 4470 hoc
1547 4430 1615 4470 ex
1643 4412 1815 4470 sacris
1846 4414 2155 4487 divinisque

2242 3256 2339 3296 eos
2362 3243 2453 3311 qui
2487 3242 2541 3296 in
2587 3251 2863 3312 posterum
2908 3240 3210 3297 monacbos
3261 3254 3518 3296 accusare
3573 3240 3822 3293 niteren-

2244 3341 2353 3395 tur,
2387 3340 2498 3384 tum
2530 3344 2624 3385 eos
2650 3329 2738 3401 qui
2766 3330 2847 3383 vel
2873 3345 2967 3385 ore
2991 3330 3074 3384 vel
3108 3330 3315 3399 scripto
3356 3329 3424 3384 de
3475 3329 3825 3399 dogmatibus

2244 3420 2448 3490 aliquid
2480 3420 2848 3474 tradidissent.
2897 3418 2960 3474 [ii
2993 3434 3142 3483 vero,
3198 3429 3256 3472 ut
3310 3435 3407 3473 nos
3458 3420 3729 3480 audimus,
3777 3418 3829 3473 si

2245 3514 2372 3582 quis
2400 3528 2482 3576 ea,
2517 3528 2638 3583 quze
2666 3512 2908 3573 ipsicum
2968 3511 3252 3567 Barlaamu
3293 3514 3640 3567 decertantes
3694 3515 3833 3567 εει-’-

2246 3615 2575 3677 pserunt,et
2630 3606 2827 3674 sacpius
2894 3605 3188 3675 perquisita
3251 3604 3693 3668 absconduntur,
3732 3619 3832 3660 nec

2248 3697 2651 3766 producuntur,
2683 3711 2747 3750 ea
2780 3709 3021 3765 quoque,
3042 3710 3163 3765 quae
3215 3694 3296 3749 illi
3325 3705 3513 3765 postea
3550 3697 3829 3763 dixerunt,

2248 3795 2344 3842 aut
2369 3787 2731 3857 scripserunt,
2762 3789 3082 3841 adversatus
3106 3784 3291 3850 fuerit,
3317 3796 3372 3841 et
3409 3802 3505 3841 eos
3538 3787 3831 3857 reprehen-

2249 3879 2409 3943 derit,
2439 3877 2507 3932 ad
2535 3876 2690 3932 Tomi
2718 3877 2983 3949 judicium
3011 3876 3358 3946 cnniugiunt,
3385 3886 3441 3931 et
3473 3892 3669 3947 poenas
3706 3893 3830 3947 pro-

2250 3979 2478 4037 ponunt,
2510 3981 2571 4023 ac
2590 3969 2636 4023 si
2666 3968 2782 4022 haec
2812 3967 2928 4038 ipsa
2962 3967 3113 4037 prius
3162 3966 3232 4020 ab
3269 3966 3460 4020 iisdem
3504 3968 3828 4035 composita,

2249 4068 2455 4130 et‘;qua:
2491 4076 2639 4116 nunc
2683 4070 2962 4130 exponunt
2994 4068 3051 4115 et
3107 4059 3410 4130 publicant,
3472 4059 3528 4112 in
3580 4059 3832 4113 examine

2251 4151 2497 4222 synodali
2537 4154 2813 4222 preposita
2869 4150 3101 4205 fuissent
3133 4151 3322 4221 :ipsos
3381 4164 3509 4205 vero
3548 4150 3830 4220 prohiberi
3916 4162 3933 4182 ⁶

2252 4245 2321 4299 ab
2353 4244 2546 4298 iisdem
2572 4245 2749 4314 pinnis
2780 4243 2982 4299 similia
3036 4244 3240 4313 eloqui,
3289 4254 3344 4298 et
3398 4244 3600 4297 talibus
3656 4244 3834 4312 poenis

2256 4335 2373 4391 (teri
2397 4336 2686 4402 obnoxios,
2740 4338 2996 4406 tanquam
3058 4336 3456 4401 inobcdientes,
3513 4336 3583 4392 de
3635 4337 3834 4405 quibus

2255 4443 2431 4496 neque
2453 4427 2625 4498 prius,
2662 4444 2836 4500 neque
2854 4443 3022 4494 nunc,
3048 4444 3224 4495 neque
3250 4428 3404 4498 ipsis,
3426 4443 3607 4498 neque
3641 4444 3832 4482 eorum

564 4507 892 4569 cauonibus,
923 4519 1267 4575 quaecunque
1327 4504 1468 4559 lecta
1508 4512 1656 4560 sunt.
1679 4504 1819 4559 Cum
1872 4521 2000 4561 vero
2057 4522 2144 4561 net

2261 4521 2758 4592 propugnatoribus
2804 4536 2949 4577 curas
2982 4520 3107 4575 fuit.
3140 4521 3253 4575 Nos
3279 4535 3433 4591 ergo,
3462 4530 3586 4591 post
3599 4519 3834 4575 Tomum

570 4599 724 4653 hisce
744 4597 960 4653 cEderet
989 4594 1336 4657 Barlaamus,
1382 4607 1448 4649 ex
1507 4594 1682 4664 ipsius
1725 4594 2149 4651 Commentariis

569 4691 732 4744 allata
760 4700 811 4744 et
837 4690 971 4745 lecta
1022 4696 1173 4749 sunt,
1249 4701 1370 4756 quae
1419 4687 1487 4741 de
1525 4684 1730 4742 lumine
1802 4692 1857 4742 οἱ
1902 4691 2152 4744 oratione

571 4783 973 4855 pertractabat;
1022 4791 1076 4835 et
1111 4780 1216 4835 bac
1242 4794 1343 4834 sua
1396 4777 1701 4848 scriptione
1754 4780 2150 4836 condemnatus

571 4886 678 4937 est,
725 4873 777 4926 in
804 4889 989 4927 errore
1011 4872 1410 4941 deprehensus,
1443 4878 1497 4923 et
1527 4869 1740 4923 veniam
1772 4871 1943 4939 petiit.
1976 4871 2154 4927 Lectre

572 4963 725 5017 fuere
751 4978 966 5033 quoque
1017 4963 1195 5016 oratio
1230 4960 1407 5015 sancti
1432 4958 1663 5015 Joannis
1703 4959 2059 5027 Damasceni,
2100 4970 2154 5017 et

573 5056 751 5109 oratio
776 5055 951 5110 sancti
988 5052 1573 5118 AndreaeCretensis;
1618 5066 1756 5120 quas
1788 5051 1861 5105 illi
1895 5055 1947 5107 in
1974 5053 2157 5108 Domi-

577 5148 754 5201 nicam
783 5161 897 5198 san:
919 5154 986 5197 ta:
1006 5145 1208 5199 Christi
1234 5142 1753 5214 Transtigurationis
1784 5144 2154 5201 celebritatem

574 5246 1026 5307 composuerunt.
1079 5235 1265 5303 Neque
1297 5235 1423 5290 inde
1475 5244 1661 5304 postea
1693 5250 2017 5291 concessum
2075 5248 2173 5292 cst-

577 5331 679 5391 ftli,
715 5338 775 5382 ut
821 5325 1026 5395 aliquid
1060 5327 1324 5381 adversus
1365 5327 1671 5382 monachos
1724 5327 1953 5381 diceret.
1988 5329 2060 5381 De
2093 5328 2159 5382 iis

579 5423 764 5490 itaque
796 5435 891 5487 pro
923 5419 1122 5486 quibus
1167 5433 1346 5487 neque
1370 5434 1491 5473 cum
1521 5430 1893 5475 accusatorem
1931 5418 2159 5473 admisi-

579 5529 725 5577 mus,
751 5526 929 5580 neque
957 5509 1061 5577 ipsi
1112 5511 1537 5578 responsionem
1586 5511 1822 5581 aliquam
1873 5511 2159 5573 dederunt,

582 5601 860 5671 quomodo
949 5600 1317 5655 univcrsalem
1398 5601 1798 5656 absolutionem
1877 5602 2161 5657 consecuti

581 5700 807 5755 sunt,ct
833 5691 1176 5761 potissimum
1214 5692 1279 5745 de
1308 5690 1376 5746 iis
1425 5706 1545 5759 quae
1605 5700 1858 5761 tanquam
1905 5693 2162 5763 dogmata

578 5784 952 5853 protulerunt,
988 5782 1276 5837 Barlaamo
1305 5783 1604 5851 contraria,
1640 5784 1700 5839 dc
1725 5783 1792 5838 iis
1821 5784 2007 5850 etiam,
2042 5799 2163 5854 qnae

2254 4613 2597 4680 expeditum,
2637 4613 2965 4682 scriptiones
2989 4621 3044 4667 et
3065 4611 3454 4682 responsiones
3511 4613 3578 4666 de
3608 4613 3836 4681 dogma-

2254 4703 2647 4759 tibusPalamae
2677 4719 2800 4758 cum
2828 4704 3182 4769 vidissemus,
3211 4704 3297 4756 vix
3331 4704 3513 4759 induci
3537 4707 3834 4773 potuimus,

2256 4806 2316 4850 ut
2356 4796 2512 4850 tidem
2540 4796 2944 4850 adhiberemus.
2977 4796 3157 4862 Quare
3199 4796 3448 4867 pluribus
3484 4797 3661 4850 modis
3716 4813 3835 4848 cum

2256 4886 2323 4939 ad
2356 4901 2456 4940 nos
2492 4886 2814 4950 accivitnus,
2842 4897 2922 4951 ut,
2979 4888 3024 4941 si
3060 4887 3190 4953 quid
3235 4887 3340 4943 tale
3398 4887 3689 4950 acciderat,
3749 4896 3835 4939 aut

2259 4979 2459 5033 factum
2522 4977 2719 5041 fuerat,
2782 4992 3105 5038 curaremus
3155 4988 3210 5032 et
3260 4979 3680 5048 corrigeremus.
3748 4976 3838 5030 ille

2258 5087 2365 5126 non
2419 5070 2839 5139 obtemperavit,
2882 5071 3023 5139 Lsed-
3060 5072 3315 5125 mandata
3366 5070 3703 5123 detrectavit.
3774 5069 3841 5123 Ut

2258 5180 2388 5219 vero
2414 5164 2569 5219 nobis
2598 5166 2851 5230 innotuit,
2877 5164 2948 5217 ita
2975 5163 3163 5219 eodem
3198 5163 3485 5227 referente,
3518 5161 3839 5216 necessitate

2259 5268 2530 5324 coactum,
2565 5267 2621 5311 ut
2646 5259 2760 5326 ipse
2784 5258 2982 5322 aiebat,
3010 5268 3063 5310 et
3089 5257 3235 5324 loqui
3261 5265 3314 5309 ct
3348 5255 3688 5309 scriberesiu
3715 5253 3835 5317 ilia;

2260 5360 2335 5414 et,
2367 5350 2411 5403 si
2462 5349 2877 5405 accusatoribus
2936 5348 3213 5403 silentium
3273 5348 3667 5417 imponeretur,
3722 5346 3836 5414 ipse

2262 5456 2478 5512 quoque
2507 5440 2780 5495 scribendi
2818 5439 3186 5508 loquenditpte
3239 5438 3397 5492 tinem
3465 5437 3702 5498 faceret;
3750 5451 3838 5488 ac-

2261 5533 2586 5588 cersivimus
2625 5548 2763 5601 quos
2797 5536 2911 5602 ipse
2939 5543 3321 5601 proposuerat,
3366 5539 3420 5583 et
3446 5529 3834 5596 itnperavimus

2266 5626 2423 5694 ipsis,
2460 5638 2800 5695 quacunque
2833 5625 2990 5678 nobis
3018 5626 3131 5678 visa
3164 5631 3294 5677 sunt
3323 5638 3337 5674 :
3368 5630 3420 5674 et
3455 5618 3831 5680 obedivcrnnt,

2265 5714 2642 5784 dcdcruntqne
2666 5714 3085 5783 prol‘cssiuncm,
3118 5715 3192 5768 uti
3224 5714 3553 5784 postulatum
3624 5710 3832 5775 fuerat;

2266 5820 2372 5871 qua
2396 5804 2551 5861 facile
2576 5805 2816 5875 dignosci
2840 5814 3036 5875 potest,
3071 5815 3201 5874 quot
3251 5804 3350 5873 ipsi
3408 5820 3503 5858 sua
3544 5800 3834 5872 sponsione
