  <div class='ocr_page' id='page_1' title='image "/cluster/home/n/w/nwhite01/storage/ocr_20150623/150/mdp.39015078384743/460.png"; bbox 0 0 4180 6308; ppageno 0'>
   <div class='ocr_carea' id='block_1_1' title="bbox 343 235 450 300">
    <p class='ocr_par' dir='ltr' id='par_1_1' title="bbox 343 235 450 300">
     <span class='ocr_line' id='line_1_1' title="bbox 343 235 450 300; baseline 0 -1"><span class='ocrx_word' id='word_1_1' title='bbox 343 235 450 300; x_wconf 76' lang='lat'><strong>905</strong></span> 
     </span>
    </p>
   </div>
   <div class='ocr_carea' id='block_1_2' title="bbox 1494 222 2451 292">
    <p class='ocr_par' dir='ltr' id='par_1_2' title="bbox 1494 222 2451 292">
     <span class='ocr_line' id='line_1_2' title="bbox 1494 222 2451 292; baseline -0.004 0"><span class='ocrx_word' id='word_1_2' title='bbox 1494 229 1938 292; x_wconf 69' lang='grc' dir='ltr'><strong>ϐῐὶίῈΕΟΒΙΙΜ</strong></span> <span class='ocrx_word' id='word_1_3' title='bbox 1983 222 2451 291; x_wconf 80' lang='lat' dir='ltr'><strong>SENTENTIIE.</strong></span> 
     </span>
    </p>
   </div>
   <div class='ocr_carea' id='block_1_3' title="bbox 3499 223 3601 289">
    <p class='ocr_par' dir='ltr' id='par_1_3' title="bbox 3499 223 3601 289">
     <span class='ocr_line' id='line_1_3' title="bbox 3499 223 3601 289; baseline 0.039 -4"><span class='ocrx_word' id='word_1_4' title='bbox 3499 223 3601 289; x_wconf 72' lang='lat'><strong>006</strong></span> 
     </span>
    </p>
   </div>
   <div class='ocr_carea' id='block_1_4' title="bbox 342 333 3596 422">
    <p class='ocr_par' dir='ltr' id='par_1_4' title="bbox 342 333 3596 422">
     <span class='ocr_line' id='line_1_4' title="bbox 342 333 3596 422; baseline -0.006 -15"><span class='ocrx_word' id='word_1_5' title='bbox 342 350 736 422; x_wconf 75' lang='lat' dir='ltr'><strong>promiserant.</strong></span> <span class='ocrx_word' id='word_1_6' title='bbox 775 351 852 402; x_wconf 74' lang='lat' dir='ltr'><strong>An</strong></span> <span class='ocrx_word' id='word_1_7' title='bbox 880 356 1163 419; x_wconf 88' lang='lat' dir='ltr'><strong>propterea</strong></span> <span class='ocrx_word' id='word_1_8' title='bbox 1190 345 1352 400; x_wconf 88' lang='lat' dir='ltr'><strong>etiam</strong></span> <span class='ocrx_word' id='word_1_9' title='bbox 1394 344 1576 415; x_wconf 88' lang='lat' dir='ltr'><strong>aliquo</strong></span> <span class='ocrx_word' id='word_1_10' title='bbox 1599 345 1760 399; x_wconf 88' lang='lat' dir='ltr'><strong>modo</strong></span> <span class='ocrx_word' id='word_1_11' title='bbox 1789 359 1913 399; x_wconf 88' lang='lat' dir='ltr'><strong>sua-</strong></span> <span class='ocrx_word' id='word_1_12' title='bbox 1949 344 1995 400; x_wconf 84' lang='lat' dir='ltr'><strong>A</strong></span> <span class='ocrx_word' id='word_1_13' title='bbox 2023 343 2137 396; x_wconf 84' lang='lat' dir='ltr'><strong>imo</strong></span> <span class='ocrx_word' id='word_1_14' title='bbox 2173 340 2434 395; x_wconf 88' lang='lat' dir='ltr'><strong>adversus</strong></span> <span class='ocrx_word' id='word_1_15' title='bbox 2465 333 2849 392; x_wconf 75' lang='lat' dir='ltr'><strong>Mouembasia:</strong></span> <span class='ocrx_word' id='word_1_16' title='bbox 2880 333 3324 405; x_wconf 80' lang='lat' dir='ltr'><strong>Hypopsephium</strong></span> <span class='ocrx_word' id='word_1_17' title='bbox 3356 335 3596 406; x_wconf 75' lang='lat' dir='ltr'><strong>synoda-</strong></span> 
     </span>
    </p>
   </div>
   <div class='ocr_carea' id='block_1_5' title="bbox 337 431 1922 510">
    <p class='ocr_par' dir='ltr' id='par_1_5' title="bbox 337 431 1922 510">
     <span class='ocr_line' id='line_1_5' title="bbox 337 431 1922 510; baseline -0.005 -13"><span class='ocrx_word' id='word_1_18' title='bbox 337 443 456 497; x_wconf 88' lang='lat' dir='ltr'><strong>deri</strong></span> <span class='ocrx_word' id='word_1_19' title='bbox 510 441 613 496; x_wconf 93' lang='lat' dir='ltr'><strong>sibi</strong></span> <span class='ocrx_word' id='word_1_20' title='bbox 664 455 859 510; x_wconf 89' lang='lat' dir='ltr'><strong>passus</strong></span> <span class='ocrx_word' id='word_1_21' title='bbox 913 447 993 494; x_wconf 85' lang='lat' dir='ltr'><strong>est</strong></span> <span class='ocrx_word' id='word_1_22' title='bbox 1037 436 1326 492; x_wconf 86' lang='lat' dir='ltr'><strong>Palamas?</strong></span> <span class='ocrx_word' id='word_1_23' title='bbox 1380 431 1759 506; x_wconf 75' lang='lat' dir='ltr'><strong>Nequaquam.</strong></span> <span class='ocrx_word' id='word_1_24' title='bbox 1816 434 1922 490; x_wconf 89' lang='lat' dir='ltr'><strong>Sed</strong></span> 
     </span>
    </p>
   </div>
   <div class='ocr_carea' id='block_1_6' title="bbox 339 523 1926 600">
    <p class='ocr_par' dir='ltr' id='par_1_6' title="bbox 339 523 1926 600">
     <span class='ocr_line' id='line_1_6' title="bbox 339 523 1926 600; baseline -0.007 -14"><span class='ocrx_word' id='word_1_25' title='bbox 339 532 509 596; x_wconf 85' lang='lat' dir='ltr'><strong>idem,</strong></span> <span class='ocrx_word' id='word_1_26' title='bbox 539 531 632 599; x_wconf 92' lang='lat' dir='ltr'><strong>qui</strong></span> <span class='ocrx_word' id='word_1_27' title='bbox 690 529 842 600; x_wconf 90' lang='lat' dir='ltr'><strong>prius</strong></span> <span class='ocrx_word' id='word_1_28' title='bbox 910 539 1050 594; x_wconf 88' lang='lat' dir='ltr'><strong>erat,</strong></span> <span class='ocrx_word' id='word_1_29' title='bbox 1089 525 1426 597; x_wconf 84' lang='lat' dir='ltr'><strong>permansit;</strong></span> <span class='ocrx_word' id='word_1_30' title='bbox 1477 539 1650 593; x_wconf 91' lang='lat' dir='ltr'><strong>neque</strong></span> <span class='ocrx_word' id='word_1_31' title='bbox 1706 523 1770 576; x_wconf 86' lang='lat' dir='ltr'><strong>ad</strong></span> <span class='ocrx_word' id='word_1_32' title='bbox 1824 536 1926 576; x_wconf 91' lang='lat' dir='ltr'><strong>nos</strong></span> 
     </span>
    </p>
   </div>
   <div class='ocr_carea' id='block_1_7' title="bbox 340 615 1924 687">
    <p class='ocr_par' dir='ltr' id='par_1_7' title="bbox 340 615 1924 687">
     <span class='ocr_line' id='line_1_7' title="bbox 340 615 1924 687; baseline -0.006 -9"><span class='ocrx_word' id='word_1_33' title='bbox 340 624 601 680; x_wconf 80' lang='lat' dir='ltr'><strong>accedere</strong></span> <span class='ocrx_word' id='word_1_34' title='bbox 654 621 845 685; x_wconf 91' lang='lat' dir='ltr'><strong>voluit,</strong></span> <span class='ocrx_word' id='word_1_35' title='bbox 905 621 1032 676; x_wconf 90' lang='lat' dir='ltr'><strong>licet</strong></span> <span class='ocrx_word' id='word_1_36' title='bbox 1083 619 1406 684; x_wconf 75' lang='lat' dir='ltr'><strong>accersitus,</strong></span> <span class='ocrx_word' id='word_1_37' title='bbox 1463 631 1639 687; x_wconf 84' lang='lat' dir='ltr'><strong>neque</strong></span> <span class='ocrx_word' id='word_1_38' title='bbox 1699 615 1768 672; x_wconf 88' lang='lat' dir='ltr'><strong>de</strong></span> <span class='ocrx_word' id='word_1_39' title='bbox 1817 616 1924 670; x_wconf 88' lang='lat' dir='ltr'><strong>do-</strong></span> 
     </span>
    </p>
   </div>
   <div class='ocr_carea' id='block_1_8' title="bbox 341 711 1928 789">
    <p class='ocr_par' dir='ltr' id='par_1_8' title="bbox 341 711 1928 789">
     <span class='ocr_line' id='line_1_8' title="bbox 341 711 1928 789; baseline -0.006 -17"><span class='ocrx_word' id='word_1_40' title='bbox 341 717 618 789; x_wconf 82' lang='lat' dir='ltr'><strong>gmatibus</strong></span> <span class='ocrx_word' id='word_1_41' title='bbox 654 713 959 769; x_wconf 87' lang='lat' dir='ltr'><strong>disserendi</strong></span> <span class='ocrx_word' id='word_1_42' title='bbox 988 714 1148 767; x_wconf 89' lang='lat' dir='ltr'><strong>finem</strong></span> <span class='ocrx_word' id='word_1_43' title='bbox 1193 711 1372 767; x_wconf 86' lang='lat' dir='ltr'><strong>facere</strong></span> <span class='ocrx_word' id='word_1_44' title='bbox 1408 728 1422 776; x_wconf 91' lang='lat'><strong>;</strong></span> <span class='ocrx_word' id='word_1_45' title='bbox 1482 711 1736 765; x_wconf 83' lang='lat' dir='ltr'><strong>detentus</strong></span> <span class='ocrx_word' id='word_1_46' title='bbox 1801 724 1928 763; x_wconf 87' lang='lat' dir='ltr'><strong>vero</strong></span> 
     </span>
    </p>
   </div>
   <div class='ocr_carea' id='block_1_9' title="bbox 339 797 1927 876">
    <p class='ocr_par' dir='ltr' id='par_1_9' title="bbox 339 797 1927 876">
     <span class='ocr_line' id='line_1_9' title="bbox 339 797 1927 876; baseline -0.008 -13"><span class='ocrx_word' id='word_1_47' title='bbox 339 825 404 864; x_wconf 83' lang='lat' dir='ltr'><strong>ea</strong></span> <span class='ocrx_word' id='word_1_48' title='bbox 426 810 658 871; x_wconf 77' lang='lat' dir='ltr'><strong>ratione,</strong></span> <span class='ocrx_word' id='word_1_49' title='bbox 686 822 793 876; x_wconf 90' lang='lat' dir='ltr'><strong>qua</strong></span> <span class='ocrx_word' id='word_1_50' title='bbox 822 806 939 860; x_wconf 87' lang='lat' dir='ltr'><strong>fieri</strong></span> <span class='ocrx_word' id='word_1_51' title='bbox 973 803 1172 874; x_wconf 86' lang='lat' dir='ltr'><strong>potuit,</strong></span> <span class='ocrx_word' id='word_1_52' title='bbox 1197 818 1297 858; x_wconf 89' lang='lat' dir='ltr'><strong>nec</strong></span> <span class='ocrx_word' id='word_1_53' title='bbox 1320 803 1393 857; x_wconf 83' lang='lat' dir='ltr'><strong>ita</strong></span> <span class='ocrx_word' id='word_1_54' title='bbox 1430 801 1659 871; x_wconf 79' lang='lat' dir='ltr'><strong>quievit.</strong></span> <span class='ocrx_word' id='word_1_55' title='bbox 1701 799 1796 854; x_wconf 86' lang='lat' dir='ltr'><strong>sed</strong></span> <span class='ocrx_word' id='word_1_56' title='bbox 1829 797 1927 851; x_wconf 83' lang='lat' dir='ltr'><strong>ad-</strong></span> 
     </span>
    </p>
   </div>
   <div class='ocr_carea' id='block_1_10' title="bbox 343 886 1929 963">
    <p class='ocr_par' dir='ltr' id='par_1_10' title="bbox 343 886 1929 963">
     <span class='ocr_line' id='line_1_10' title="bbox 343 886 1929 963; baseline -0.008 -12"><span class='ocrx_word' id='word_1_57' title='bbox 343 898 453 951; x_wconf 89' lang='lat' dir='ltr'><strong>huc</strong></span> <span class='ocrx_word' id='word_1_58' title='bbox 491 895 664 963; x_wconf 85' lang='lat' dir='ltr'><strong>magis</strong></span> <span class='ocrx_word' id='word_1_59' title='bbox 691 909 754 948; x_wconf 92' lang='lat' dir='ltr'><strong>ac</strong></span> <span class='ocrx_word' id='word_1_60' title='bbox 783 892 955 962; x_wconf 83' lang='lat' dir='ltr'><strong>magis</strong></span> <span class='ocrx_word' id='word_1_61' title='bbox 987 892 1238 961; x_wconf 88' lang='lat' dir='ltr'><strong>proprias</strong></span> <span class='ocrx_word' id='word_1_62' title='bbox 1268 890 1569 947; x_wconf 84' lang='lat' dir='ltr'><strong>sententias</strong></span> <span class='ocrx_word' id='word_1_63' title='bbox 1597 886 1929 959; x_wconf 66' lang='lat' dir='ltr'><strong>promulgat.</strong></span> 
     </span>
    </p>
   </div>
   <div class='ocr_carea' id='block_1_11' title="bbox 343 982 1930 1059">
    <p class='ocr_par' dir='ltr' id='par_1_11' title="bbox 343 982 1930 1059">
     <span class='ocr_line' id='line_1_11' title="bbox 343 982 1930 1059; baseline -0.009 -14"><span class='ocrx_word' id='word_1_64' title='bbox 343 990 410 1045; x_wconf 91' lang='lat' dir='ltr'><strong>de</strong></span> <span class='ocrx_word' id='word_1_65' title='bbox 439 989 619 1059; x_wconf 68' lang='lat' dir='ltr'><strong>ptenis</strong></span> <span class='ocrx_word' id='word_1_66' title='bbox 646 986 752 1042; x_wconf 83' lang='lat' dir='ltr'><strong>sibi</strong></span> <span class='ocrx_word' id='word_1_67' title='bbox 784 985 1048 1054; x_wconf 72' lang='lat' dir='ltr'><strong>iniunctis</strong></span> <span class='ocrx_word' id='word_1_68' title='bbox 1081 997 1273 1054; x_wconf 88' lang='lat' dir='ltr'><strong>parum</strong></span> <span class='ocrx_word' id='word_1_69' title='bbox 1311 982 1687 1044; x_wconf 90' lang='lat' dir='ltr'><strong>sollicitus,-ut</strong></span> <span class='ocrx_word' id='word_1_70' title='bbox 1710 995 1776 1034; x_wconf 88' lang='lat' dir='ltr'><strong>ex</strong></span> <span class='ocrx_word' id='word_1_71' title='bbox 1808 994 1930 1034; x_wconf 91' lang='lat' dir='ltr'><strong>om-</strong></span> 
     </span>
    </p>
   </div>
   <div class='ocr_carea' id='block_1_12' title="bbox 341 1073 1930 1149">
    <p class='ocr_par' dir='ltr' id='par_1_12' title="bbox 341 1073 1930 1149">
     <span class='ocr_line' id='line_1_12' title="bbox 341 1073 1930 1149; baseline -0.009 -13"><span class='ocrx_word' id='word_1_72' title='bbox 341 1081 502 1136; x_wconf 88' lang='lat' dir='ltr'><strong>nibus</strong></span> <span class='ocrx_word' id='word_1_73' title='bbox 540 1078 783 1149; x_wconf 88' lang='lat' dir='ltr'><strong>conspici</strong></span> <span class='ocrx_word' id='word_1_74' title='bbox 817 1076 1107 1146; x_wconf 78' lang='lat' dir='ltr'><strong>colligique</strong></span> <span class='ocrx_word' id='word_1_75' title='bbox 1138 1082 1313 1144; x_wconf 90' lang='lat' dir='ltr'><strong>potest</strong></span> <span class='ocrx_word' id='word_1_76' title='bbox 1336 1088 1366 1128; x_wconf 89' lang='lat' dir='ltr'><strong>a</strong></span> <span class='ocrx_word' id='word_1_77' title='bbox 1395 1073 1636 1127; x_wconf 86' lang='lat' dir='ltr'><strong>veritatis</strong></span> <span class='ocrx_word' id='word_1_78' title='bbox 1667 1080 1930 1138; x_wconf 75' lang='lat' dir='ltr'><strong>amatore,</strong></span> 
     </span>
    </p>
   </div>
   <div class='ocr_carea' id='block_1_13' title="bbox 341 1165 1933 1241">
    <p class='ocr_par' dir='ltr' id='par_1_13' title="bbox 341 1165 1933 1241">
     <span class='ocr_line' id='line_1_13' title="bbox 341 1165 1933 1241; baseline -0.005 -16"><span class='ocrx_word' id='word_1_79' title='bbox 341 1187 371 1225; x_wconf 88' lang='lat' dir='ltr'><strong>a</strong></span> <span class='ocrx_word' id='word_1_80' title='bbox 402 1171 698 1241; x_wconf 83' lang='lat' dir='ltr'><strong>principio,</strong></span> <span class='ocrx_word' id='word_1_81' title='bbox 735 1169 968 1239; x_wconf 77' lang='lat' dir='ltr'><strong>propriae</strong></span> <span class='ocrx_word' id='word_1_82' title='bbox 1007 1167 1292 1224; x_wconf 89' lang='lat' dir='ltr'><strong>electionis</strong></span> <span class='ocrx_word' id='word_1_83' title='bbox 1315 1175 1368 1222; x_wconf 90' lang='lat' dir='ltr'><strong>et</strong></span> <span class='ocrx_word' id='word_1_84' title='bbox 1403 1165 1646 1220; x_wconf 85' lang='lat' dir='ltr'><strong>audaciae</strong></span> <span class='ocrx_word' id='word_1_85' title='bbox 1672 1173 1726 1218; x_wconf 91' lang='lat' dir='ltr'><strong>et</strong></span> <span class='ocrx_word' id='word_1_86' title='bbox 1743 1173 1933 1218; x_wconf 88' lang='lat' dir='ltr'><strong>contu-</strong></span> 
     </span>
    </p>
   </div>
   <div class='ocr_carea' id='block_1_14' title="bbox 345 1257 1930 1326">
    <p class='ocr_par' dir='ltr' id='par_1_14' title="bbox 345 1257 1930 1326">
     <span class='ocr_line' id='line_1_14' title="bbox 345 1257 1930 1326; baseline -0.004 -12"><span class='ocrx_word' id='word_1_87' title='bbox 345 1261 536 1316; x_wconf 67' lang='lat' dir='ltr'><strong>maciaa</strong></span> <span class='ocrx_word' id='word_1_88' title='bbox 571 1262 841 1326; x_wconf 86' lang='lat' dir='ltr'><strong>morbum,</strong></span> <span class='ocrx_word' id='word_1_89' title='bbox 874 1260 1156 1314; x_wconf 89' lang='lat' dir='ltr'><strong>Palamam</strong></span> <span class='ocrx_word' id='word_1_90' title='bbox 1189 1260 1242 1312; x_wconf 91' lang='lat' dir='ltr'><strong>in</strong></span> <span class='ocrx_word' id='word_1_91' title='bbox 1277 1257 1475 1315; x_wconf 83' lang='lat' dir='ltr'><strong>similia</strong></span> <span class='ocrx_word' id='word_1_92' title='bbox 1496 1257 1764 1312; x_wconf 80' lang='lat' dir='ltr'><strong>excitasse</strong></span> <span class='ocrx_word' id='word_1_93' title='bbox 1805 1269 1930 1310; x_wconf 88' lang='lat' dir='ltr'><strong>cum</strong></span> 
     </span>
    </p>
   </div>
   <div class='ocr_carea' id='block_1_15' title="bbox 346 1349 1934 1420">
    <p class='ocr_par' dir='ltr' id='par_1_15' title="bbox 346 1349 1934 1420">
     <span class='ocr_line' id='line_1_15' title="bbox 346 1349 1934 1420; baseline -0.005 -12"><span class='ocrx_word' id='word_1_94' title='bbox 346 1353 533 1408; x_wconf 88' lang='lat' dir='ltr'><strong>omnia</strong></span> <span class='ocrx_word' id='word_1_95' title='bbox 582 1351 667 1405; x_wconf 91' lang='lat' dir='ltr'><strong>vir</strong></span> <span class='ocrx_word' id='word_1_96' title='bbox 712 1355 936 1417; x_wconf 87' lang='lat' dir='ltr'><strong>audeat,</strong></span> <span class='ocrx_word' id='word_1_97' title='bbox 967 1350 1060 1420; x_wconf 90' lang='lat' dir='ltr'><strong>qui</strong></span> <span class='ocrx_word' id='word_1_98' title='bbox 1112 1350 1308 1404; x_wconf 89' lang='lat' dir='ltr'><strong>nedum</strong></span> <span class='ocrx_word' id='word_1_99' title='bbox 1349 1349 1674 1406; x_wconf 89' lang='lat' dir='ltr'><strong>sententiam</strong></span> <span class='ocrx_word' id='word_1_100' title='bbox 1714 1362 1934 1417; x_wconf 83' lang='lat' dir='ltr'><strong>permu-</strong></span> 
     </span>
    </p>
   </div>
   <div class='ocr_carea' id='block_1_16' title="bbox 345 1440 1930 1509">
    <p class='ocr_par' dir='ltr' id='par_1_16' title="bbox 345 1440 1930 1509">
     <span class='ocr_line' id='line_1_16' title="bbox 345 1440 1930 1509; baseline -0.004 -10"><span class='ocrx_word' id='word_1_101' title='bbox 345 1445 503 1509; x_wconf 89' lang='lat' dir='ltr'><strong>tarit,</strong></span> <span class='ocrx_word' id='word_1_102' title='bbox 548 1446 641 1500; x_wconf 91' lang='lat' dir='ltr'><strong>sed</strong></span> <span class='ocrx_word' id='word_1_103' title='bbox 675 1444 955 1499; x_wconf 85' lang='lat' dir='ltr'><strong>mordicus</strong></span> <span class='ocrx_word' id='word_1_104' title='bbox 986 1441 1090 1496; x_wconf 90' lang='lat' dir='ltr'><strong>sibi</strong></span> <span class='ocrx_word' id='word_1_105' title='bbox 1122 1440 1256 1497; x_wconf 89' lang='lat' dir='ltr'><strong>visis</strong></span> <span class='ocrx_word' id='word_1_106' title='bbox 1276 1441 1582 1506; x_wconf 71' lang='lat' dir='ltr'><strong>adhaerens,</strong></span> <span class='ocrx_word' id='word_1_107' title='bbox 1606 1440 1670 1495; x_wconf 88' lang='lat' dir='ltr'><strong>ad</strong></span> <span class='ocrx_word' id='word_1_108' title='bbox 1694 1441 1930 1509; x_wconf 90' lang='lat' dir='ltr'><strong>seipsum</strong></span> 
     </span>
    </p>
   </div>
   <div class='ocr_carea' id='block_1_17' title="bbox 346 1531 1933 1604">
    <p class='ocr_par' dir='ltr' id='par_1_17' title="bbox 346 1531 1933 1604">
     <span class='ocr_line' id='line_1_17' title="bbox 346 1531 1933 1604; baseline -0.004 -13"><span class='ocrx_word' id='word_1_109' title='bbox 346 1535 676 1604; x_wconf 79' lang='lat' dir='ltr'><strong>compellere</strong></span> <span class='ocrx_word' id='word_1_110' title='bbox 738 1535 1069 1604; x_wconf 88' lang='lat' dir='ltr'><strong>trabereque</strong></span> <span class='ocrx_word' id='word_1_111' title='bbox 1130 1541 1363 1588; x_wconf 87' lang='lat' dir='ltr'><strong>conatur</strong></span> <span class='ocrx_word' id='word_1_112' title='bbox 1420 1545 1780 1601; x_wconf 83' lang='lat' dir='ltr'><strong>quoscunque</strong></span> <span class='ocrx_word' id='word_1_113' title='bbox 1832 1531 1933 1585; x_wconf 92' lang='lat' dir='ltr'><strong>hac</strong></span> 
     </span>
    </p>
   </div>
   <div class='ocr_carea' id='block_1_18' title="bbox 349 1622 1935 1698">
    <p class='ocr_par' dir='ltr' id='par_1_18' title="bbox 349 1622 1935 1698">
     <span class='ocr_line' id='line_1_18' title="bbox 349 1622 1935 1698; baseline -0.006 -14"><span class='ocrx_word' id='word_1_114' title='bbox 349 1644 448 1684; x_wconf 90' lang='lat' dir='ltr'><strong>sua</strong></span> <span class='ocrx_word' id='word_1_115' title='bbox 479 1628 738 1698; x_wconf 78' lang='lat' dir='ltr'><strong>Opinione</strong></span> <span class='ocrx_word' id='word_1_116' title='bbox 774 1627 1014 1681; x_wconf 90' lang='lat' dir='ltr'><strong>irretitos</strong></span> <span class='ocrx_word' id='word_1_117' title='bbox 1039 1623 1504 1680; x_wconf 80' lang='lat' dir='ltr'><strong>animadverterit.</strong></span> <span class='ocrx_word' id='word_1_118' title='bbox 1550 1624 1624 1678; x_wconf 92' lang='lat' dir='ltr'><strong>De</strong></span> <span class='ocrx_word' id='word_1_119' title='bbox 1682 1639 1793 1693; x_wconf 91' lang='lat' dir='ltr'><strong>quo</strong></span> <span class='ocrx_word' id='word_1_120' title='bbox 1858 1622 1935 1675; x_wconf 93' lang='lat' dir='ltr'><strong>nil</strong></span> 
     </span>
    </p>
   </div>
   <div class='ocr_carea' id='block_1_19' title="bbox 351 1714 1928 1786">
    <p class='ocr_par' dir='ltr' id='par_1_19' title="bbox 351 1714 1928 1786">
     <span class='ocr_line' id='line_1_19' title="bbox 351 1714 1928 1786; baseline -0.003 -13"><span class='ocrx_word' id='word_1_121' title='bbox 351 1719 555 1773; x_wconf 91' lang='lat' dir='ltr'><strong>mirum</strong></span> <span class='ocrx_word' id='word_1_122' title='bbox 593 1727 698 1781; x_wconf 88' lang='lat' dir='ltr'><strong>est,</strong></span> <span class='ocrx_word' id='word_1_123' title='bbox 742 1717 786 1772; x_wconf 89' lang='lat' dir='ltr'><strong>si</strong></span> <span class='ocrx_word' id='word_1_124' title='bbox 824 1717 990 1771; x_wconf 91' lang='lat' dir='ltr'><strong>homo</strong></span> <span class='ocrx_word' id='word_1_125' title='bbox 1021 1717 1144 1773; x_wconf 83' lang='lat' dir='ltr'><strong>talis</strong></span> <span class='ocrx_word' id='word_1_126' title='bbox 1180 1715 1519 1786; x_wconf 67' lang='lat' dir='ltr'><strong>pervicaciaa,</strong></span> <span class='ocrx_word' id='word_1_127' title='bbox 1543 1716 1662 1772; x_wconf 90' lang='lat' dir='ltr'><strong>sine</strong></span> <span class='ocrx_word' id='word_1_128' title='bbox 1699 1714 1811 1770; x_wconf 93' lang='lat' dir='ltr'><strong>ullo</strong></span> <span class='ocrx_word' id='word_1_129' title='bbox 1842 1728 1928 1768; x_wconf 91' lang='lat' dir='ltr'><strong>re-</strong></span> 
     </span>
    </p>
   </div>
   <div class='ocr_carea' id='block_1_20' title="bbox 352 1805 1928 1880">
    <p class='ocr_par' dir='ltr' id='par_1_20' title="bbox 352 1805 1928 1880">
     <span class='ocr_line' id='line_1_20' title="bbox 352 1805 1928 1880; baseline -0.002 -15"><span class='ocrx_word' id='word_1_130' title='bbox 352 1811 554 1875; x_wconf 91' lang='lat' dir='ltr'><strong>medio,</strong></span> <span class='ocrx_word' id='word_1_131' title='bbox 587 1819 934 1877; x_wconf 86' lang='lat' dir='ltr'><strong>perseveret:</strong></span> <span class='ocrx_word' id='word_1_132' title='bbox 963 1809 1058 1865; x_wconf 91' lang='lat' dir='ltr'><strong>sed</strong></span> <span class='ocrx_word' id='word_1_133' title='bbox 1105 1823 1358 1880; x_wconf 90' lang='lat' dir='ltr'><strong>magnum</strong></span> <span class='ocrx_word' id='word_1_134' title='bbox 1424 1816 1480 1863; x_wconf 93' lang='lat' dir='ltr'><strong>et</strong></span> <span class='ocrx_word' id='word_1_135' title='bbox 1541 1805 1654 1864; x_wconf 88' lang='lat' dir='ltr'><strong>fere</strong></span> <span class='ocrx_word' id='word_1_136' title='bbox 1712 1813 1928 1862; x_wconf 90' lang='lat' dir='ltr'><strong>ostentu</strong></span> 
     </span>
    </p>
   </div>
   <div class='ocr_carea' id='block_1_21' title="bbox 351 1897 1926 1969">
    <p class='ocr_par' dir='ltr' id='par_1_21' title="bbox 351 1897 1926 1969">
     <span class='ocr_line' id='line_1_21' title="bbox 351 1897 1926 1969; baseline -0.002 -15"><span class='ocrx_word' id='word_1_137' title='bbox 351 1915 465 1955; x_wconf 87' lang='lat' dir='ltr'><strong>non</strong></span> <span class='ocrx_word' id='word_1_138' title='bbox 491 1899 772 1966; x_wconf 86' lang='lat' dir='ltr'><strong>dissimile,</strong></span> <span class='ocrx_word' id='word_1_139' title='bbox 804 1900 848 1953; x_wconf 90' lang='lat' dir='ltr'><strong>si</strong></span> <span class='ocrx_word' id='word_1_140' title='bbox 878 1900 1026 1969; x_wconf 84' lang='lat' dir='ltr'><strong>quis,</strong></span> <span class='ocrx_word' id='word_1_141' title='bbox 1080 1899 1254 1956; x_wconf 89' lang='lat' dir='ltr'><strong>donec</strong></span> <span class='ocrx_word' id='word_1_142' title='bbox 1285 1897 1374 1954; x_wconf 90' lang='lat' dir='ltr'><strong>ille</strong></span> <span class='ocrx_word' id='word_1_143' title='bbox 1425 1899 1498 1952; x_wconf 89' lang='lat' dir='ltr'><strong>ita</strong></span> <span class='ocrx_word' id='word_1_144' title='bbox 1528 1897 1714 1960; x_wconf 92' lang='lat' dir='ltr'><strong>sentit,</strong></span> <span class='ocrx_word' id='word_1_145' title='bbox 1769 1912 1926 1968; x_wconf 92' lang='lat' dir='ltr'><strong>opem</strong></span> 
     </span>
    </p>
   </div>
   <div class='ocr_carea' id='block_1_22' title="bbox 355 1987 1928 2060">
    <p class='ocr_par' dir='ltr' id='par_1_22' title="bbox 355 1987 1928 2060">
     <span class='ocr_line' id='line_1_22' title="bbox 355 1987 1928 2060; baseline -0.001 -17"><span class='ocrx_word' id='word_1_146' title='bbox 355 1989 500 2045; x_wconf 86' lang='lat' dir='ltr'><strong>ferre</strong></span> <span class='ocrx_word' id='word_1_147' title='bbox 552 1990 802 2057; x_wconf 90' lang='lat' dir='ltr'><strong>voluerit,</strong></span> <span class='ocrx_word' id='word_1_148' title='bbox 856 2005 1073 2060; x_wconf 91' lang='lat' dir='ltr'><strong>unaque</strong></span> <span class='ocrx_word' id='word_1_149' title='bbox 1123 2005 1188 2046; x_wconf 90' lang='lat' dir='ltr'><strong>ac</strong></span> <span class='ocrx_word' id='word_1_150' title='bbox 1250 1988 1340 2045; x_wconf 87' lang='lat' dir='ltr'><strong>ille</strong></span> <span class='ocrx_word' id='word_1_151' title='bbox 1387 1990 1612 2051; x_wconf 89' lang='lat' dir='ltr'><strong>sentire,</strong></span> <span class='ocrx_word' id='word_1_152' title='bbox 1671 1987 1928 2042; x_wconf 78' lang='lat' dir='ltr'><strong>Ecclesiae</strong></span> 
     </span>
    </p>
   </div>
   <div class='ocr_carea' id='block_1_23' title="bbox 358 2077 1929 2146">
    <p class='ocr_par' dir='ltr' id='par_1_23' title="bbox 358 2077 1929 2146">
     <span class='ocr_line' id='line_1_23' title="bbox 358 2077 1929 2146; baseline -0.001 -13"><span class='ocrx_word' id='word_1_153' title='bbox 358 2079 450 2135; x_wconf 89' lang='lat' dir='ltr'><strong>Dei</strong></span> <span class='ocrx_word' id='word_1_154' title='bbox 483 2081 798 2137; x_wconf 88' lang='lat' dir='ltr'><strong>adversans.</strong></span> <span class='ocrx_word' id='word_1_155' title='bbox 832 2079 943 2135; x_wconf 80' lang='lat' dir='ltr'><strong>Nos</strong></span> <span class='ocrx_word' id='word_1_156' title='bbox 967 2080 1136 2145; x_wconf 87' lang='lat' dir='ltr'><strong>enim,</strong></span> <span class='ocrx_word' id='word_1_157' title='bbox 1177 2088 1299 2134; x_wconf 90' lang='lat' dir='ltr'><strong>utut</strong></span> <span class='ocrx_word' id='word_1_158' title='bbox 1327 2093 1387 2134; x_wconf 88' lang='lat' dir='ltr'><strong>se</strong></span> <span class='ocrx_word' id='word_1_159' title='bbox 1417 2077 1674 2140; x_wconf 88' lang='lat' dir='ltr'><strong>habeant,</strong></span> <span class='ocrx_word' id='word_1_160' title='bbox 1701 2091 1823 2146; x_wconf 83' lang='lat' dir='ltr'><strong>quae</strong></span> <span class='ocrx_word' id='word_1_161' title='bbox 1859 2077 1929 2130; x_wconf 91' lang='lat' dir='ltr'><strong>ab</strong></span> 
     </span>
    </p>
   </div>
   <div class='ocr_carea' id='block_1_24' title="bbox 353 2168 1930 2230">
    <p class='ocr_par' dir='ltr' id='par_1_24' title="bbox 353 2168 1930 2230">
     <span class='ocr_line' id='line_1_24' title="bbox 353 2168 1930 2230; baseline -0.004 -1"><span class='ocrx_word' id='word_1_162' title='bbox 353 2173 544 2230; x_wconf 88' lang='lat' dir='ltr'><strong>eodem</strong></span> <span class='ocrx_word' id='word_1_163' title='bbox 573 2188 699 2229; x_wconf 92' lang='lat' dir='ltr'><strong>cum</strong></span> <span class='ocrx_word' id='word_1_164' title='bbox 730 2173 1018 2228; x_wconf 87' lang='lat' dir='ltr'><strong>Barlaamo</strong></span> <span class='ocrx_word' id='word_1_165' title='bbox 1050 2174 1366 2228; x_wconf 82' lang='lat' dir='ltr'><strong>decertante</strong></span> <span class='ocrx_word' id='word_1_166' title='bbox 1398 2178 1524 2225; x_wconf 91' lang='lat' dir='ltr'><strong>ante</strong></span> <span class='ocrx_word' id='word_1_167' title='bbox 1545 2168 1777 2224; x_wconf 89' lang='lat' dir='ltr'><strong>Tomum</strong></span> <span class='ocrx_word' id='word_1_168' title='bbox 1799 2182 1930 2223; x_wconf 90' lang='lat' dir='ltr'><strong>con-</strong></span> 
     </span>
    </p>
   </div>
   <div class='ocr_carea' id='block_1_25' title="bbox 357 2258 1929 2338">
    <p class='ocr_par' dir='ltr' id='par_1_25' title="bbox 357 2258 1929 2338">
     <span class='ocr_line' id='line_1_25' title="bbox 357 2258 1929 2338; baseline -0.005 -16"><span class='ocrx_word' id='word_1_169' title='bbox 357 2266 563 2338; x_wconf 88' lang='lat' dir='ltr'><strong>scripta</strong></span> <span class='ocrx_word' id='word_1_170' title='bbox 592 2264 827 2332; x_wconf 87' lang='lat' dir='ltr'><strong>fuerant,</strong></span> <span class='ocrx_word' id='word_1_171' title='bbox 855 2273 911 2321; x_wconf 91' lang='lat' dir='ltr'><strong>et</strong></span> <span class='ocrx_word' id='word_1_172' title='bbox 941 2273 1064 2336; x_wconf 91' lang='lat' dir='ltr'><strong>post</strong></span> <span class='ocrx_word' id='word_1_173' title='bbox 1090 2263 1348 2329; x_wconf 91' lang='lat' dir='ltr'><strong>Tomum,</strong></span> <span class='ocrx_word' id='word_1_174' title='bbox 1397 2271 1593 2333; x_wconf 57' lang='lat' dir='ltr'><strong>prater</strong></span> <span class='ocrx_word' id='word_1_175' title='bbox 1615 2261 1730 2332; x_wconf 86' lang='lat' dir='ltr'><strong>jam</strong></span> <span class='ocrx_word' id='word_1_176' title='bbox 1784 2258 1929 2314; x_wconf 90' lang='lat' dir='ltr'><strong>dicta</strong></span> 
     </span>
    </p>
   </div>
   <div class='ocr_carea' id='block_1_26' title="bbox 358 2351 1931 2430">
    <p class='ocr_par' dir='ltr' id='par_1_26' title="bbox 358 2351 1931 2430">
     <span class='ocr_line' id='line_1_26' title="bbox 358 2351 1931 2430; baseline -0.006 -15"><span class='ocrx_word' id='word_1_177' title='bbox 358 2361 470 2415; x_wconf 92' lang='lat' dir='ltr'><strong>duo</strong></span> <span class='ocrx_word' id='word_1_178' title='bbox 493 2360 670 2430; x_wconf 87' lang='lat' dir='ltr'><strong>capita</strong></span> <span class='ocrx_word' id='word_1_179' title='bbox 713 2358 1047 2421; x_wconf 81' lang='lat' dir='ltr'><strong>examinata,</strong></span> <span class='ocrx_word' id='word_1_180' title='bbox 1073 2371 1254 2427; x_wconf 88' lang='lat' dir='ltr'><strong>neque</strong></span> <span class='ocrx_word' id='word_1_181' title='bbox 1283 2355 1536 2411; x_wconf 87' lang='lat' dir='ltr'><strong>volumus</strong></span> <span class='ocrx_word' id='word_1_182' title='bbox 1563 2367 1734 2424; x_wconf 88' lang='lat' dir='ltr'><strong>neque</strong></span> <span class='ocrx_word' id='word_1_183' title='bbox 1759 2351 1931 2408; x_wconf 86' lang='lat' dir='ltr'><strong>susti-</strong></span> 
     </span>
    </p>
   </div>
   <div class='ocr_carea' id='block_1_27' title="bbox 358 2442 1929 2515">
    <p class='ocr_par' dir='ltr' id='par_1_27' title="bbox 358 2442 1929 2515">
     <span class='ocr_line' id='line_1_27' title="bbox 358 2442 1929 2515; baseline -0.007 -8"><span class='ocrx_word' id='word_1_184' title='bbox 358 2466 555 2507; x_wconf 89' lang='lat' dir='ltr'><strong>nemus</strong></span> <span class='ocrx_word' id='word_1_185' title='bbox 588 2451 796 2515; x_wconf 88' lang='lat' dir='ltr'><strong>audire,</strong></span> <span class='ocrx_word' id='word_1_186' title='bbox 848 2449 941 2503; x_wconf 90' lang='lat' dir='ltr'><strong>sed</strong></span> <span class='ocrx_word' id='word_1_187' title='bbox 992 2447 1202 2502; x_wconf 88' lang='lat' dir='ltr'><strong>abunde</strong></span> <span class='ocrx_word' id='word_1_188' title='bbox 1253 2445 1413 2500; x_wconf 89' lang='lat' dir='ltr'><strong>nobis</strong></span> <span class='ocrx_word' id='word_1_189' title='bbox 1455 2442 1732 2501; x_wconf 76' lang='lat' dir='ltr'><strong>sufﬁciunt</strong></span> <span class='ocrx_word' id='word_1_190' title='bbox 1785 2442 1929 2497; x_wconf 90' lang='lat' dir='ltr'><strong>dicta</strong></span> 
     </span>
    </p>
   </div>
   <div class='ocr_carea' id='block_1_28' title="bbox 358 2534 1930 2608">
    <p class='ocr_par' dir='ltr' id='par_1_28' title="bbox 358 2534 1930 2608">
     <span class='ocr_line' id='line_1_28' title="bbox 358 2534 1930 2608; baseline -0.007 -10"><span class='ocrx_word' id='word_1_191' title='bbox 358 2542 603 2608; x_wconf 86' lang='lat' dir='ltr'><strong>Patrum,</strong></span> <span class='ocrx_word' id='word_1_192' title='bbox 635 2549 694 2596; x_wconf 93' lang='lat' dir='ltr'><strong>ut</strong></span> <span class='ocrx_word' id='word_1_193' title='bbox 719 2548 992 2605; x_wconf 89' lang='lat' dir='ltr'><strong>tenentur,</strong></span> <span class='ocrx_word' id='word_1_194' title='bbox 1043 2538 1190 2593; x_wconf 89' lang='lat' dir='ltr'><strong>etab</strong></span> <span class='ocrx_word' id='word_1_195' title='bbox 1228 2536 1477 2592; x_wconf 89' lang='lat' dir='ltr'><strong>Ecclesia</strong></span> <span class='ocrx_word' id='word_1_196' title='bbox 1522 2534 1616 2589; x_wconf 89' lang='lat' dir='ltr'><strong>Dei</strong></span> <span class='ocrx_word' id='word_1_197' title='bbox 1650 2547 1930 2602; x_wconf 83' lang='lat' dir='ltr'><strong>exponun-</strong></span> 
     </span>
    </p>
   </div>
   <div class='ocr_carea' id='block_1_29' title="bbox 359 2623 1931 2699">
    <p class='ocr_par' dir='ltr' id='par_1_29' title="bbox 359 2623 1931 2699">
     <span class='ocr_line' id='line_1_29' title="bbox 359 2623 1931 2699; baseline -0.006 -11"><span class='ocrx_word' id='word_1_198' title='bbox 359 2642 470 2699; x_wconf 87' lang='lat' dir='ltr'><strong>tur,</strong></span> <span class='ocrx_word' id='word_1_199' title='bbox 496 2633 790 2689; x_wconf 87' lang='lat' dir='ltr'><strong>schismata</strong></span> <span class='ocrx_word' id='word_1_200' title='bbox 830 2629 1070 2693; x_wconf 90' lang='lat' dir='ltr'><strong>reveriti,</strong></span> <span class='ocrx_word' id='word_1_201' title='bbox 1113 2629 1294 2699; x_wconf 85' lang='lat' dir='ltr'><strong>qualia</strong></span> <span class='ocrx_word' id='word_1_202' title='bbox 1347 2628 1400 2681; x_wconf 91' lang='lat' dir='ltr'><strong>in</strong></span> <span class='ocrx_word' id='word_1_203' title='bbox 1443 2625 1716 2682; x_wconf 90' lang='lat' dir='ltr'><strong>similibus</strong></span> <span class='ocrx_word' id='word_1_204' title='bbox 1779 2623 1931 2678; x_wconf 85' lang='lat' dir='ltr'><strong>nasci</strong></span> 
     </span>
    </p>
   </div>
   <div class='ocr_carea' id='block_1_30' title="bbox 357 2716 1931 2788">
    <p class='ocr_par' dir='ltr' id='par_1_30' title="bbox 357 2716 1931 2788">
     <span class='ocr_line' id='line_1_30' title="bbox 357 2716 1931 2788; baseline -0.01 -8"><span class='ocrx_word' id='word_1_205' title='bbox 357 2730 750 2781; x_wconf 81' lang='lat' dir='ltr'><strong>consuescunt.</strong></span> <span class='ocrx_word' id='word_1_206' title='bbox 779 2719 1023 2776; x_wconf 79' lang='lat' dir='ltr'><strong>Breviter</strong></span> <span class='ocrx_word' id='word_1_207' title='bbox 1044 2733 1172 2788; x_wconf 83' lang='lat' dir='ltr'><strong>ergo</strong></span> <span class='ocrx_word' id='word_1_208' title='bbox 1204 2732 1304 2772; x_wconf 94' lang='lat' dir='ltr'><strong>nos</strong></span> <span class='ocrx_word' id='word_1_209' title='bbox 1358 2716 1712 2786; x_wconf 82' lang='lat' dir='ltr'><strong>exposuimus</strong></span> <span class='ocrx_word' id='word_1_210' title='bbox 1776 2728 1931 2769; x_wconf 90' lang='lat' dir='ltr'><strong>sum-</strong></span> 
     </span>
    </p>
   </div>
   <div class='ocr_carea' id='block_1_31' title="bbox 361 2806 1934 2872">
    <p class='ocr_par' dir='ltr' id='par_1_31' title="bbox 361 2806 1934 2872">
     <span class='ocr_line' id='line_1_31' title="bbox 361 2806 1934 2872; baseline -0.007 0"><span class='ocrx_word' id='word_1_211' title='bbox 361 2831 507 2872; x_wconf 87' lang='lat' dir='ltr'><strong>mam</strong></span> <span class='ocrx_word' id='word_1_212' title='bbox 541 2817 596 2872; x_wconf 91' lang='lat' dir='ltr'><strong>in</strong></span> <span class='ocrx_word' id='word_1_213' title='bbox 628 2816 731 2870; x_wconf 89' lang='lat' dir='ltr'><strong>bac</strong></span> <span class='ocrx_word' id='word_1_214' title='bbox 761 2813 1008 2870; x_wconf 88' lang='lat' dir='ltr'><strong>veritatis</strong></span> <span class='ocrx_word' id='word_1_215' title='bbox 1040 2825 1204 2866; x_wconf 90' lang='lat' dir='ltr'><strong>causa</strong></span> <span class='ocrx_word' id='word_1_216' title='bbox 1234 2809 1300 2864; x_wconf 91' lang='lat' dir='ltr'><strong>de</strong></span> <span class='ocrx_word' id='word_1_217' title='bbox 1336 2806 1550 2864; x_wconf 89' lang='lat' dir='ltr'><strong>duobus</strong></span> <span class='ocrx_word' id='word_1_218' title='bbox 1584 2806 1934 2864; x_wconf 89' lang='lat' dir='ltr'><strong>solummodo</strong></span> 
     </span>
    </p>
   </div>
   <div class='ocr_carea' id='block_1_32' title="bbox 361 2898 1934 2979">
    <p class='ocr_par' dir='ltr' id='par_1_32' title="bbox 361 2898 1934 2979">
     <span class='ocr_line' id='line_1_32' title="bbox 361 2898 1934 2979; baseline -0.008 -16"><span class='ocrx_word' id='word_1_219' title='bbox 361 2909 654 2979; x_wconf 88' lang='lat' dir='ltr'><strong>capitibus,</strong></span> <span class='ocrx_word' id='word_1_220' title='bbox 677 2907 856 2977; x_wconf 65' lang='lat' dir='ltr'><strong>neede</strong></span> <span class='ocrx_word' id='word_1_221' title='bbox 878 2905 989 2960; x_wconf 91' lang='lat' dir='ltr'><strong>ullo</strong></span> <span class='ocrx_word' id='word_1_222' title='bbox 1015 2904 1122 2959; x_wconf 91' lang='lat' dir='ltr'><strong>alio</strong></span> <span class='ocrx_word' id='word_1_223' title='bbox 1151 2900 1410 2965; x_wconf 85' lang='lat' dir='ltr'><strong>svnodale</strong></span> <span class='ocrx_word' id='word_1_224' title='bbox 1437 2915 1666 2956; x_wconf 80' lang='lat' dir='ltr'><strong>examen</strong></span> <span class='ocrx_word' id='word_1_225' title='bbox 1692 2898 1934 2963; x_wconf 90' lang='lat' dir='ltr'><strong>ﬁnitum,</strong></span> 
     </span>
    </p>
   </div>
   <div class='ocr_carea' id='block_1_33' title="bbox 2029 427 3604 499">
    <p class='ocr_par' dir='ltr' id='par_1_33' title="bbox 2029 427 3604 499">
     <span class='ocr_line' id='line_1_33' title="bbox 2029 427 3604 499; baseline -0.004 -11"><span class='ocrx_word' id='word_1_226' title='bbox 2029 433 2098 488; x_wconf 90' lang='lat' dir='ltr'><strong>lis</strong></span> <span class='ocrx_word' id='word_1_227' title='bbox 2133 431 2274 487; x_wconf 81' lang='lat' dir='ltr'><strong>actio</strong></span> <span class='ocrx_word' id='word_1_228' title='bbox 2308 427 2686 485; x_wconf 68' lang='lat' dir='ltr'><strong>haesitantibus</strong></span> <span class='ocrx_word' id='word_1_229' title='bbox 2727 431 2858 483; x_wconf 81' lang='lat' dir='ltr'><strong>satis</strong></span> <span class='ocrx_word' id='word_1_230' title='bbox 2895 429 3072 491; x_wconf 75' lang='lat' dir='ltr'><strong>fuerit,</strong></span> <span class='ocrx_word' id='word_1_231' title='bbox 3103 429 3189 482; x_wconf 85' lang='lat' dir='ltr'><strong>illa</strong></span> <span class='ocrx_word' id='word_1_232' title='bbox 3218 427 3380 484; x_wconf 88' lang='lat' dir='ltr'><strong>etiam</strong></span> <span class='ocrx_word' id='word_1_233' title='bbox 3410 443 3604 499; x_wconf 66' lang='lat' dir='ltr'><strong>prmtet‘</strong></span> 
     </span>
    </p>
   </div>
   <div class='ocr_carea' id='block_1_34' title="bbox 2033 517 3602 590">
    <p class='ocr_par' dir='ltr' id='par_1_34' title="bbox 2033 517 3602 590">
     <span class='ocr_line' id='line_1_34' title="bbox 2033 517 3602 590; baseline 0 -15"><span class='ocrx_word' id='word_1_234' title='bbox 2033 523 2134 577; x_wconf 82' lang='lat' dir='ltr'><strong>alia</strong></span> <span class='ocrx_word' id='word_1_235' title='bbox 2161 523 2215 576; x_wconf 92' lang='lat' dir='ltr'><strong>in</strong></span> <span class='ocrx_word' id='word_1_236' title='bbox 2247 520 2697 576; x_wconf 87' lang='lat' dir='ltr'><strong>condemnatione</strong></span> <span class='ocrx_word' id='word_1_237' title='bbox 2723 517 3038 588; x_wconf 73' lang='lat' dir='ltr'><strong>prteferens,</strong></span> <span class='ocrx_word' id='word_1_238' title='bbox 3107 518 3379 587; x_wconf 76' lang='lat' dir='ltr'><strong>maiestati</strong></span> <span class='ocrx_word' id='word_1_239' title='bbox 3429 521 3602 590; x_wconf 82' lang='lat' dir='ltr'><strong>impc-</strong></span> 
     </span>
    </p>
   </div>
   <div class='ocr_carea' id='block_1_35' title="bbox 2032 608 3603 680">
    <p class='ocr_par' dir='ltr' id='par_1_35' title="bbox 2032 608 3603 680">
     <span class='ocr_line' id='line_1_35' title="bbox 2032 608 3603 680; baseline -0.001 -10"><span class='ocrx_word' id='word_1_240' title='bbox 2032 612 2150 670; x_wconf 81' lang='lat' dir='ltr'><strong>riali</strong></span> <span class='ocrx_word' id='word_1_241' title='bbox 2185 608 2457 668; x_wconf 84' lang='lat' dir='ltr'><strong>infensum</strong></span> <span class='ocrx_word' id='word_1_242' title='bbox 2483 612 2677 676; x_wconf 87' lang='lat' dir='ltr'><strong>fuisse,</strong></span> <span class='ocrx_word' id='word_1_243' title='bbox 2707 619 2761 665; x_wconf 88' lang='lat' dir='ltr'><strong>et</strong></span> <span class='ocrx_word' id='word_1_244' title='bbox 2794 612 3031 680; x_wconf 84' lang='lat' dir='ltr'><strong>gaudere</strong></span> <span class='ocrx_word' id='word_1_245' title='bbox 3062 618 3115 665; x_wconf 89' lang='lat' dir='ltr'><strong>et</strong></span> <span class='ocrx_word' id='word_1_246' title='bbox 3163 610 3603 668; x_wconf 88' lang='lat' dir='ltr'><strong>addictissimnm</strong></span> 
     </span>
    </p>
   </div>
   <div class='ocr_carea' id='block_1_36' title="bbox 2032 701 3604 774">
    <p class='ocr_par' dir='ltr' id='par_1_36' title="bbox 2032 701 3604 774">
     <span class='ocr_line' id='line_1_36' title="bbox 2032 701 3604 774; baseline 0.001 -16"><span class='ocrx_word' id='word_1_247' title='bbox 2032 722 2152 761; x_wconf 81' lang='lat' dir='ltr'><strong>esse</strong></span> <span class='ocrx_word' id='word_1_248' title='bbox 2177 704 2456 760; x_wconf 78' lang='lat' dir='ltr'><strong>sententiis</strong></span> <span class='ocrx_word' id='word_1_249' title='bbox 2487 704 2714 758; x_wconf 72' lang='lat' dir='ltr'><strong>Palatina</strong></span> <span class='ocrx_word' id='word_1_250' title='bbox 2734 714 2856 773; x_wconf 89' lang='lat' dir='ltr'><strong>post</strong></span> <span class='ocrx_word' id='word_1_251' title='bbox 2886 701 3116 756; x_wconf 86' lang='lat' dir='ltr'><strong>Tomum</strong></span> <span class='ocrx_word' id='word_1_252' title='bbox 3139 703 3369 768; x_wconf 85' lang='lat' dir='ltr'><strong>editum,</strong></span> <span class='ocrx_word' id='word_1_253' title='bbox 3400 712 3454 758; x_wconf 93' lang='lat' dir='ltr'><strong>et</strong></span> <span class='ocrx_word' id='word_1_254' title='bbox 3486 721 3604 774; x_wconf 86' lang='lat' dir='ltr'><strong>poe-</strong></span> 
     </span>
    </p>
   </div>
   <div class='ocr_carea' id='block_1_37' title="bbox 2035 790 3607 869">
    <p class='ocr_par' dir='ltr' id='par_1_37' title="bbox 2035 790 3607 869">
     <span class='ocr_line' id='line_1_37' title="bbox 2035 790 3607 869; baseline -0.003 -13"><span class='ocrx_word' id='word_1_255' title='bbox 2035 816 2133 856; x_wconf 90' lang='lat' dir='ltr'><strong>nas</strong></span> <span class='ocrx_word' id='word_1_256' title='bbox 2164 814 2257 869; x_wconf 91' lang='lat' dir='ltr'><strong>per</strong></span> <span class='ocrx_word' id='word_1_257' title='bbox 2278 815 2399 852; x_wconf 86' lang='lat' dir='ltr'><strong>eum</strong></span> <span class='ocrx_word' id='word_1_258' title='bbox 2429 808 2615 853; x_wconf 85' lang='lat' dir='ltr'><strong>contra</strong></span> <span class='ocrx_word' id='word_1_259' title='bbox 2650 798 2816 853; x_wconf 91' lang='lat' dir='ltr'><strong>hosce</strong></span> <span class='ocrx_word' id='word_1_260' title='bbox 2855 795 3178 867; x_wconf 80' lang='lat' dir='ltr'><strong>publicatas.</strong></span> <span class='ocrx_word' id='word_1_261' title='bbox 3208 816 3225 847; x_wconf 77' lang='grc' dir='ltr'><strong><em>ι</em></strong></span> <span class='ocrx_word' id='word_1_262' title='bbox 3261 790 3376 863; x_wconf 78' lang='lat' dir='ltr'><strong>His,</strong></span> <span class='ocrx_word' id='word_1_263' title='bbox 3411 807 3469 850; x_wconf 91' lang='lat' dir='ltr'><strong>ut</strong></span> <span class='ocrx_word' id='word_1_264' title='bbox 3493 798 3607 867; x_wconf 74' lang='lat' dir='ltr'><strong>jam</strong></span> 
     </span>
    </p>
   </div>
   <div class='ocr_carea' id='block_1_38' title="bbox 2034 889 3611 962">
    <p class='ocr_par' dir='ltr' id='par_1_38' title="bbox 2034 889 3611 962">
     <span class='ocr_line' id='line_1_38' title="bbox 2034 889 3611 962; baseline 0.001 -19"><span class='ocrx_word' id='word_1_265' title='bbox 2034 890 2205 956; x_wconf 86' lang='lat' dir='ltr'><strong>vides,</strong></span> <span class='ocrx_word' id='word_1_266' title='bbox 2246 891 2435 954; x_wconf 89' lang='lat' dir='ltr'><strong>lector,</strong></span> <span class='ocrx_word' id='word_1_267' title='bbox 2487 890 2800 944; x_wconf 76' lang='lat' dir='ltr'><strong>Barlaamus</strong></span> <span class='ocrx_word' id='word_1_268' title='bbox 2831 890 3225 962; x_wconf 65' lang='lat' dir='ltr'><strong>condemnatus</strong></span> <span class='ocrx_word' id='word_1_269' title='bbox 3251 889 3511 945; x_wconf 85' lang='lat' dir='ltr'><strong>asseritur</strong></span> <span class='ocrx_word' id='word_1_270' title='bbox 3546 893 3611 945; x_wconf 86' lang='lat' dir='ltr'><strong>de</strong></span> 
     </span>
    </p>
   </div>
   <div class='ocr_carea' id='block_1_39' title="bbox 2035 975 3606 1050">
    <p class='ocr_par' dir='ltr' id='par_1_39' title="bbox 2035 975 3606 1050">
     <span class='ocr_line' id='line_1_39' title="bbox 2035 975 3606 1050; baseline 0.001 -16"><span class='ocrx_word' id='word_1_271' title='bbox 2035 981 2249 1038; x_wconf 87' lang='lat' dir='ltr'><strong>duobus</strong></span> <span class='ocrx_word' id='word_1_272' title='bbox 2279 981 2569 1050; x_wconf 82' lang='lat' dir='ltr'><strong>capitibus.</strong></span> <span class='ocrx_word' id='word_1_273' title='bbox 2609 981 2856 1035; x_wconf 87' lang='lat' dir='ltr'><strong>Palamas</strong></span> <span class='ocrx_word' id='word_1_274' title='bbox 2889 975 3174 1036; x_wconf 86' lang='lat' dir='ltr'><strong>absolutus</strong></span> <span class='ocrx_word' id='word_1_275' title='bbox 3205 996 3309 1036; x_wconf 91' lang='lat' dir='ltr'><strong>non</strong></span> <span class='ocrx_word' id='word_1_276' title='bbox 3343 991 3446 1045; x_wconf 90' lang='lat' dir='ltr'><strong>est,</strong></span> <span class='ocrx_word' id='word_1_277' title='bbox 3495 992 3606 1036; x_wconf 88' lang='lat' dir='ltr'><strong>tum</strong></span> 
     </span>
    </p>
   </div>
   <div class='ocr_carea' id='block_1_40' title="bbox 2039 1072 3612 1145">
    <p class='ocr_par' dir='ltr' id='par_1_40' title="bbox 2039 1072 3612 1145">
     <span class='ocr_line' id='line_1_40' title="bbox 2039 1072 3612 1145; baseline 0.002 -21"><span class='ocrx_word' id='word_1_278' title='bbox 2039 1072 2317 1126; x_wconf 84' lang='lat' dir='ltr'><strong>Barlaamo</strong></span> <span class='ocrx_word' id='word_1_279' title='bbox 2366 1081 2478 1125; x_wconf 90' lang='lat' dir='ltr'><strong>tum</strong></span> <span class='ocrx_word' id='word_1_280' title='bbox 2529 1072 2766 1126; x_wconf 71' lang='lat' dir='ltr'><strong>Pal-una:</strong></span> <span class='ocrx_word' id='word_1_281' title='bbox 2809 1072 3085 1127; x_wconf 90' lang='lat' dir='ltr'><strong>silentium</strong></span> <span class='ocrx_word' id='word_1_282' title='bbox 3155 1074 3221 1128; x_wconf 86' lang='lat' dir='ltr'><strong>de</strong></span> <span class='ocrx_word' id='word_1_283' title='bbox 3267 1073 3612 1145; x_wconf 79' lang='lat' dir='ltr'><strong>dogmatibus</strong></span> 
     </span>
    </p>
   </div>
   <div class='ocr_carea' id='block_1_41' title="bbox 2037 1163 3610 1236">
    <p class='ocr_par' dir='ltr' id='par_1_41' title="bbox 2037 1163 3610 1236">
     <span class='ocr_line' id='line_1_41' title="bbox 2037 1163 3610 1236; baseline 0.001 -19"><span class='ocrx_word' id='word_1_284' title='bbox 2037 1163 2358 1233; x_wconf 89' lang='lat' dir='ltr'><strong>imponitur.</strong></span> <span class='ocrx_word' id='word_1_285' title='bbox 2389 1164 2788 1220; x_wconf 89' lang='lat' dir='ltr'><strong>Condemnatio</strong></span> <span class='ocrx_word' id='word_1_286' title='bbox 2819 1165 2907 1220; x_wconf 89' lang='lat' dir='ltr'><strong>illa</strong></span> <span class='ocrx_word' id='word_1_287' title='bbox 2938 1165 3212 1236; x_wconf 90' lang='lat' dir='ltr'><strong>quomodo</strong></span> <span class='ocrx_word' id='word_1_288' title='bbox 3239 1182 3297 1221; x_wconf 87' lang='lat' dir='ltr'><strong>se</strong></span> <span class='ocrx_word' id='word_1_289' title='bbox 3334 1167 3610 1230; x_wconf 88' lang='lat' dir='ltr'><strong>habuerit,</strong></span> 
     </span>
    </p>
   </div>
   <div class='ocr_carea' id='block_1_42' title="bbox 2037 1258 3613 1328">
    <p class='ocr_par' dir='ltr' id='par_1_42' title="bbox 2037 1258 3613 1328">
     <span class='ocr_line' id='line_1_42' title="bbox 2037 1258 3613 1328; baseline 0.003 -18"><span class='ocrx_word' id='word_1_290' title='bbox 2037 1273 2142 1311; x_wconf 86' lang='lat' dir='ltr'><strong>non</strong></span> <span class='ocrx_word' id='word_1_291' title='bbox 2175 1258 2362 1328; x_wconf 89' lang='lat' dir='ltr'><strong>liquet.</strong></span> <span class='ocrx_word' id='word_1_292' title='bbox 2413 1258 2552 1324; x_wconf 86' lang='lat' dir='ltr'><strong>Quid</strong></span> <span class='ocrx_word' id='word_1_293' title='bbox 2584 1273 2712 1327; x_wconf 84' lang='lat' dir='ltr'><strong>ergo</strong></span> <span class='ocrx_word' id='word_1_294' title='bbox 2737 1259 2895 1313; x_wconf 91' lang='lat' dir='ltr'><strong>nobis</strong></span> <span class='ocrx_word' id='word_1_295' title='bbox 2930 1259 3349 1315; x_wconf 81' lang='lat' dir='ltr'><strong>Cautacuzcnus</strong></span> <span class='ocrx_word' id='word_1_296' title='bbox 3404 1271 3510 1315; x_wconf 89' lang='lat' dir='ltr'><strong>tam</strong></span> <span class='ocrx_word' id='word_1_297' title='bbox 3545 1262 3613 1315; x_wconf 87' lang='lat' dir='ltr'><strong>do</strong></span> 
     </span>
    </p>
   </div>
   <div class='ocr_carea' id='block_1_43' title="bbox 2039 1348 3609 1422">
    <p class='ocr_par' dir='ltr' id='par_1_43' title="bbox 2039 1348 3609 1422">
     <span class='ocr_line' id='line_1_43' title="bbox 2039 1348 3609 1422; baseline 0.003 -18"><span class='ocrx_word' id='word_1_298' title='bbox 2039 1350 2319 1406; x_wconf 87' lang='lat' dir='ltr'><strong>Barlaamo</strong></span> <span class='ocrx_word' id='word_1_299' title='bbox 2341 1367 2502 1422; x_wconf 89' lang='lat' dir='ltr'><strong>quam</strong></span> <span class='ocrx_word' id='word_1_300' title='bbox 2532 1351 2600 1406; x_wconf 91' lang='lat' dir='ltr'><strong>de</strong></span> <span class='ocrx_word' id='word_1_301' title='bbox 2640 1352 2857 1407; x_wconf 85' lang='lat' dir='ltr'><strong>Palama</strong></span> <span class='ocrx_word' id='word_1_302' title='bbox 2903 1348 3039 1407; x_wconf 82' lang='lat' dir='ltr'><strong>adeo</strong></span> <span class='ocrx_word' id='word_1_303' title='bbox 3066 1353 3275 1407; x_wconf 86' lang='lat' dir='ltr'><strong>diversa</strong></span> <span class='ocrx_word' id='word_1_304' title='bbox 3348 1354 3609 1409; x_wconf 77' lang='lat' dir='ltr'><strong>obtrudit.</strong></span> 
     </span>
    </p>
   </div>
   <div class='ocr_carea' id='block_1_44' title="bbox 2040 1441 3610 1513">
    <p class='ocr_par' dir='ltr' id='par_1_44' title="bbox 2040 1441 3610 1513">
     <span class='ocr_line' id='line_1_44' title="bbox 2040 1441 3610 1513; baseline 0.002 -19"><span class='ocrx_word' id='word_1_305' title='bbox 2040 1441 2376 1511; x_wconf 78' lang='lat' dir='ltr'><strong>Nicephorus</strong></span> <span class='ocrx_word' id='word_1_306' title='bbox 2411 1442 2702 1513; x_wconf 82' lang='lat' dir='ltr'><strong>Gregoras,</strong></span> <span class='ocrx_word' id='word_1_307' title='bbox 2737 1443 2986 1498; x_wconf 90' lang='lat' dir='ltr'><strong>oculatus</strong></span> <span class='ocrx_word' id='word_1_308' title='bbox 3037 1445 3200 1498; x_wconf 89' lang='lat' dir='ltr'><strong>etiam</strong></span> <span class='ocrx_word' id='word_1_309' title='bbox 3271 1445 3385 1513; x_wconf 88' lang='lat' dir='ltr'><strong>ipse</strong></span> <span class='ocrx_word' id='word_1_310' title='bbox 3436 1447 3610 1508; x_wconf 82' lang='lat' dir='ltr'><strong>testis,</strong></span> 
     </span>
    </p>
   </div>
   <div class='ocr_carea' id='block_1_45' title="bbox 2041 1532 3612 1603">
    <p class='ocr_par' dir='ltr' id='par_1_45' title="bbox 2041 1532 3612 1603">
     <span class='ocr_line' id='line_1_45' title="bbox 2041 1532 3612 1603; baseline 0.003 -18"><span class='ocrx_word' id='word_1_311' title='bbox 2041 1532 2228 1596; x_wconf 82' lang='lat' dir='ltr'><strong>refert,</strong></span> <span class='ocrx_word' id='word_1_312' title='bbox 2255 1532 2322 1587; x_wconf 87' lang='lat' dir='ltr'><strong>de</strong></span> <span class='ocrx_word' id='word_1_313' title='bbox 2342 1534 2592 1601; x_wconf 73' lang='lat' dir='ltr'><strong>dogmate</strong></span> <span class='ocrx_word' id='word_1_314' title='bbox 2619 1535 2752 1588; x_wconf 90' lang='lat' dir='ltr'><strong>nihil</strong></span> <span class='ocrx_word' id='word_1_315' title='bbox 2785 1545 2966 1589; x_wconf 88' lang='lat' dir='ltr'><strong>actum</strong></span> <span class='ocrx_word' id='word_1_316' title='bbox 2998 1550 3141 1599; x_wconf 83' lang='lat' dir='ltr'><strong>esse,</strong></span> <span class='ocrx_word' id='word_1_317' title='bbox 3173 1532 3242 1589; x_wconf 91' lang='lat' dir='ltr'><strong>ob</strong></span> <span class='ocrx_word' id='word_1_318' title='bbox 3273 1538 3612 1603; x_wconf 66' lang='lat' dir='ltr'><strong>praesentiam</strong></span> 
     </span>
    </p>
   </div>
   <div class='ocr_carea' id='block_1_46' title="bbox 2043 1625 3614 1697">
    <p class='ocr_par' dir='ltr' id='par_1_46' title="bbox 2043 1625 3614 1697">
     <span class='ocr_line' id='line_1_46' title="bbox 2043 1625 3614 1697; baseline 0.001 -19"><span class='ocrx_word' id='word_1_319' title='bbox 2043 1625 2307 1693; x_wconf 68' lang='lat' dir='ltr'><strong>imperitae</strong></span> <span class='ocrx_word' id='word_1_320' title='bbox 2333 1625 2732 1693; x_wconf 87' lang='lat' dir='ltr'><strong>multitudinis;</strong></span> <span class='ocrx_word' id='word_1_321' title='bbox 2783 1637 2918 1692; x_wconf 84' lang='lat' dir='ltr'><strong>tum,</strong></span> <span class='ocrx_word' id='word_1_322' title='bbox 2968 1642 3035 1680; x_wconf 90' lang='lat' dir='ltr'><strong>ne</strong></span> <span class='ocrx_word' id='word_1_323' title='bbox 3065 1625 3352 1696; x_wconf 67' lang='lat' dir='ltr'><strong>theologia:</strong></span> <span class='ocrx_word' id='word_1_324' title='bbox 3410 1640 3614 1697; x_wconf 86' lang='lat' dir='ltr'><strong>mystc-</strong></span> 
     </span>
    </p>
   </div>
   <div class='ocr_carea' id='block_1_47' title="bbox 2043 1714 3615 1788">
    <p class='ocr_par' dir='ltr' id='par_1_47' title="bbox 2043 1714 3615 1788">
     <span class='ocr_line' id='line_1_47' title="bbox 2043 1714 3615 1788; baseline 0.002 -20"><span class='ocrx_word' id='word_1_325' title='bbox 2043 1717 2120 1769; x_wconf 89' lang='lat' dir='ltr'><strong>ria</strong></span> <span class='ocrx_word' id='word_1_326' title='bbox 2145 1714 2391 1786; x_wconf 82' lang='lat' dir='ltr'><strong>profanis</strong></span> <span class='ocrx_word' id='word_1_327' title='bbox 2432 1717 2576 1786; x_wconf 86' lang='lat' dir='ltr'><strong>vulgi</strong></span> <span class='ocrx_word' id='word_1_328' title='bbox 2612 1717 2840 1772; x_wconf 88' lang='lat' dir='ltr'><strong>auribus</strong></span> <span class='ocrx_word' id='word_1_329' title='bbox 2896 1719 3318 1788; x_wconf 86' lang='lat' dir='ltr'><strong>ingererentur;</strong></span> <span class='ocrx_word' id='word_1_330' title='bbox 3367 1730 3502 1781; x_wconf 89' lang='lat' dir='ltr'><strong>tum,</strong></span> <span class='ocrx_word' id='word_1_331' title='bbox 3549 1737 3615 1774; x_wconf 75' lang='lat' dir='ltr'><strong>ne</strong></span> 
     </span>
    </p>
   </div>
   <div class='ocr_carea' id='block_1_48' title="bbox 2034 1805 3613 1886">
    <p class='ocr_par' dir='ltr' id='par_1_48' title="bbox 2034 1805 3613 1886">
     <span class='ocr_line' id='line_1_48' title="bbox 2034 1805 3613 1886; baseline 0.001 -27"><span class='ocrx_word' id='word_1_332' title='bbox 2034 1805 2305 1869; x_wconf 89' lang='lat' dir='ltr'><strong>Palamas,</strong></span> <span class='ocrx_word' id='word_1_333' title='bbox 2329 1813 2524 1886; x_wconf 85' lang='lat' dir='ltr'><strong>contra</strong></span> <span class='ocrx_word' id='word_1_334' title='bbox 2553 1805 2869 1876; x_wconf 90' lang='lat' dir='ltr'><strong>disputante</strong></span> <span class='ocrx_word' id='word_1_335' title='bbox 2907 1807 3218 1868; x_wconf 82' lang='lat' dir='ltr'><strong>Barlaamo.</strong></span> <span class='ocrx_word' id='word_1_336' title='bbox 3279 1809 3613 1878; x_wconf 47' lang='lat' dir='ltr'><strong>blaxpltemm</strong></span> 
     </span>
    </p>
   </div>
   <div class='ocr_carea' id='block_1_49' title="bbox 2036 1897 3611 1971">
    <p class='ocr_par' dir='ltr' id='par_1_49' title="bbox 2036 1897 3611 1971">
     <span class='ocr_line' id='line_1_49' title="bbox 2036 1897 3611 1971; baseline -0.001 -19"><span class='ocrx_word' id='word_1_337' title='bbox 2036 1901 2298 1954; x_wconf 84' lang='lat' dir='ltr'><strong>doctrinae</strong></span> <span class='ocrx_word' id='word_1_338' title='bbox 2327 1897 2784 1965; x_wconf 88' lang='lat' dir='ltr'><strong>convinceretur;</strong></span> <span class='ocrx_word' id='word_1_339' title='bbox 2815 1900 3083 1971; x_wconf 84' lang='lat' dir='ltr'><strong>synodum</strong></span> <span class='ocrx_word' id='word_1_340' title='bbox 3139 1917 3288 1960; x_wconf 87' lang='lat' dir='ltr'><strong>vero.</strong></span> <span class='ocrx_word' id='word_1_341' title='bbox 3331 1901 3510 1954; x_wconf 89' lang='lat' dir='ltr'><strong>lumen</strong></span> <span class='ocrx_word' id='word_1_342' title='bbox 3560 1901 3611 1952; x_wconf 88' lang='lat' dir='ltr'><strong>in</strong></span> 
     </span>
    </p>
   </div>
   <div class='ocr_carea' id='block_1_50' title="bbox 2033 1988 3613 2074">
    <p class='ocr_par' dir='ltr' id='par_1_50' title="bbox 2033 1988 3613 2074">
     <span class='ocr_line' id='line_1_50' title="bbox 2033 1988 3613 2074; baseline 0.001 -32"><span class='ocrx_word' id='word_1_343' title='bbox 2033 1988 2326 2049; x_wconf 89' lang='lat' dir='ltr'><strong>Thaborio.</strong></span> <span class='ocrx_word' id='word_1_344' title='bbox 2359 1989 2705 2074; x_wconf 59' lang='lat' dir='ltr'><strong>jncreatum,</strong></span> <span class='ocrx_word' id='word_1_345' title='bbox 2739 2002 2793 2043; x_wconf 91' lang='lat' dir='ltr'><strong>et</strong></span> <span class='ocrx_word' id='word_1_346' title='bbox 2815 1990 2992 2060; x_wconf 86' lang='lat' dir='ltr'><strong>ipsum</strong></span> <span class='ocrx_word' id='word_1_347' title='bbox 3021 1993 3267 2046; x_wconf 87' lang='lat' dir='ltr'><strong>naturale</strong></span> <span class='ocrx_word' id='word_1_348' title='bbox 3298 1991 3388 2046; x_wconf 87' lang='lat' dir='ltr'><strong>Dei</strong></span> <span class='ocrx_word' id='word_1_349' title='bbox 3429 1992 3613 2044; x_wconf 76' lang='lat' dir='ltr'><strong>lutneu</strong></span> 
     </span>
    </p>
   </div>
   <div class='ocr_carea' id='block_1_51' title="bbox 2031 2078 3616 2146">
    <p class='ocr_par' dir='ltr' id='par_1_51' title="bbox 2031 2078 3616 2146">
     <span class='ocr_line' id='line_1_51' title="bbox 2031 2078 3616 2146; baseline 0 -13"><span class='ocrx_word' id='word_1_350' title='bbox 2031 2078 2222 2141; x_wconf 84' lang='lat' dir='ltr'><strong>fuisse,</strong></span> <span class='ocrx_word' id='word_1_351' title='bbox 2249 2079 2463 2134; x_wconf 85' lang='lat' dir='ltr'><strong>diﬂtcile</strong></span> <span class='ocrx_word' id='word_1_352' title='bbox 2485 2081 2726 2135; x_wconf 81' lang='lat' dir='ltr'><strong>adducor</strong></span> <span class='ocrx_word' id='word_1_353' title='bbox 2748 2090 2805 2136; x_wconf 93' lang='lat' dir='ltr'><strong>ut</strong></span> <span class='ocrx_word' id='word_1_354' title='bbox 2827 2083 3066 2145; x_wconf 85' lang='lat' dir='ltr'><strong>credam,</strong></span> <span class='ocrx_word' id='word_1_355' title='bbox 3119 2084 3444 2146; x_wconf 72' lang='lat' dir='ltr'><strong>decrevisse,</strong></span> <span class='ocrx_word' id='word_1_356' title='bbox 3493 2099 3616 2136; x_wconf 87' lang='lat' dir='ltr'><strong>cum</strong></span> 
     </span>
    </p>
   </div>
   <div class='ocr_carea' id='block_1_52' title="bbox 2033 2169 3620 2240">
    <p class='ocr_par' dir='ltr' id='par_1_52' title="bbox 2033 2169 3620 2240">
     <span class='ocr_line' id='line_1_52' title="bbox 2033 2169 3620 2240; baseline -0.001 -16"><span class='ocrx_word' id='word_1_357' title='bbox 2033 2169 2230 2225; x_wconf 88' lang='lat' dir='ltr'><strong>falsum</strong></span> <span class='ocrx_word' id='word_1_358' title='bbox 2249 2170 2472 2224; x_wconf 92' lang='lat' dir='ltr'><strong>omnino</strong></span> <span class='ocrx_word' id='word_1_359' title='bbox 2495 2171 2845 2227; x_wconf 84' lang='lat' dir='ltr'><strong>decrevisset.</strong></span> <span class='ocrx_word' id='word_1_360' title='bbox 2866 2172 3137 2240; x_wconf 87' lang='lat' dir='ltr'><strong>Quidquid</strong></span> <span class='ocrx_word' id='word_1_361' title='bbox 3163 2173 3304 2226; x_wconf 91' lang='lat' dir='ltr'><strong>enim</strong></span> <span class='ocrx_word' id='word_1_362' title='bbox 3324 2170 3620 2228; x_wconf 81' lang='lat' dir='ltr'><strong>adversarii</strong></span> 
     </span>
    </p>
   </div>
   <div class='ocr_carea' id='block_1_53' title="bbox 2033 2261 3618 2332">
    <p class='ocr_par' dir='ltr' id='par_1_53' title="bbox 2033 2261 3618 2332">
     <span class='ocr_line' id='line_1_53' title="bbox 2033 2261 3618 2332; baseline -0.002 -16"><span class='ocrx_word' id='word_1_363' title='bbox 2033 2271 2302 2326; x_wconf 87' lang='lat' dir='ltr'><strong>asserant,</strong></span> <span class='ocrx_word' id='word_1_364' title='bbox 2334 2261 2477 2332; x_wconf 89' lang='lat' dir='ltr'><strong>quod</strong></span> <span class='ocrx_word' id='word_1_365' title='bbox 2503 2263 2782 2331; x_wconf 85' lang='lat' dir='ltr'><strong>corporeis</strong></span> <span class='ocrx_word' id='word_1_366' title='bbox 2815 2262 2989 2318; x_wconf 88' lang='lat' dir='ltr'><strong>oculis</strong></span> <span class='ocrx_word' id='word_1_367' title='bbox 3028 2264 3264 2329; x_wconf 88' lang='lat' dir='ltr'><strong>videtur,</strong></span> <span class='ocrx_word' id='word_1_368' title='bbox 3317 2263 3618 2318; x_wconf 81' lang='lat' dir='ltr'><strong>increatum</strong></span> 
     </span>
    </p>
   </div>
   <div class='ocr_carea' id='block_1_54' title="bbox 2031 2349 3623 2422">
    <p class='ocr_par' dir='ltr' id='par_1_54' title="bbox 2031 2349 3623 2422">
     <span class='ocr_line' id='line_1_54' title="bbox 2031 2349 3623 2422; baseline -0.001 -16"><span class='ocrx_word' id='word_1_369' title='bbox 2031 2367 2140 2407; x_wconf 87' lang='lat' dir='ltr'><strong>non</strong></span> <span class='ocrx_word' id='word_1_370' title='bbox 2158 2363 2270 2408; x_wconf 89' lang='lat' dir='ltr'><strong>est:</strong></span> <span class='ocrx_word' id='word_1_371' title='bbox 2291 2352 2475 2407; x_wconf 90' lang='lat' dir='ltr'><strong>lumen</strong></span> <span class='ocrx_word' id='word_1_372' title='bbox 2494 2349 2828 2407; x_wconf 88' lang='lat' dir='ltr'><strong>Thaborium</strong></span> <span class='ocrx_word' id='word_1_373' title='bbox 2851 2352 3130 2422; x_wconf 82' lang='lat' dir='ltr'><strong>corporeis</strong></span> <span class='ocrx_word' id='word_1_374' title='bbox 3149 2352 3322 2408; x_wconf 91' lang='lat' dir='ltr'><strong>oculis</strong></span> <span class='ocrx_word' id='word_1_375' title='bbox 3339 2369 3367 2406; x_wconf 87' lang='lat' dir='ltr'><strong>a</strong></span> <span class='ocrx_word' id='word_1_376' title='bbox 3385 2352 3623 2422; x_wconf 80' lang='lat' dir='ltr'><strong>discipu“</strong></span> 
     </span>
    </p>
   </div>
   <div class='ocr_carea' id='block_1_55' title="bbox 2035 2445 3624 2518">
    <p class='ocr_par' dir='ltr' id='par_1_55' title="bbox 2035 2445 3624 2518">
     <span class='ocr_line' id='line_1_55' title="bbox 2035 2445 3624 2518; baseline 0.001 -19"><span class='ocrx_word' id='word_1_377' title='bbox 2035 2446 2102 2500; x_wconf 86' lang='lat' dir='ltr'><strong>lis</strong></span> <span class='ocrx_word' id='word_1_378' title='bbox 2126 2445 2300 2502; x_wconf 91' lang='lat' dir='ltr'><strong>visum</strong></span> <span class='ocrx_word' id='word_1_379' title='bbox 2331 2455 2446 2503; x_wconf 89' lang='lat' dir='ltr'><strong>est:</strong></span> <span class='ocrx_word' id='word_1_380' title='bbox 2473 2457 2611 2512; x_wconf 92' lang='lat' dir='ltr'><strong>tum,</strong></span> <span class='ocrx_word' id='word_1_381' title='bbox 2633 2447 2896 2518; x_wconf 91' lang='lat' dir='ltr'><strong>quidquid</strong></span> <span class='ocrx_word' id='word_1_382' title='bbox 2927 2446 3200 2516; x_wconf 82' lang='lat' dir='ltr'><strong>corporeis</strong></span> <span class='ocrx_word' id='word_1_383' title='bbox 3220 2448 3392 2502; x_wconf 91' lang='lat' dir='ltr'><strong>oculis</strong></span> <span class='ocrx_word' id='word_1_384' title='bbox 3411 2447 3624 2501; x_wconf 68' lang='lat' dir='ltr'><strong>vidctzr</strong></span> 
     </span>
    </p>
   </div>
   <div class='ocr_carea' id='block_1_56' title="bbox 2034 2537 3625 2609">
    <p class='ocr_par' dir='ltr' id='par_1_56' title="bbox 2034 2537 3625 2609">
     <span class='ocr_line' id='line_1_56' title="bbox 2034 2537 3625 2609; baseline -0.001 -15"><span class='ocrx_word' id='word_1_385' title='bbox 2034 2547 2276 2595; x_wconf 87' lang='lat' dir='ltr'><strong>creatum</strong></span> <span class='ocrx_word' id='word_1_386' title='bbox 2292 2549 2396 2606; x_wconf 91' lang='lat' dir='ltr'><strong>est,</strong></span> <span class='ocrx_word' id='word_1_387' title='bbox 2421 2543 2601 2594; x_wconf 90' lang='lat' dir='ltr'><strong>lumen</strong></span> <span class='ocrx_word' id='word_1_388' title='bbox 2621 2537 2953 2595; x_wconf 85' lang='lat' dir='ltr'><strong>Thaborium</strong></span> <span class='ocrx_word' id='word_1_389' title='bbox 2977 2541 3156 2594; x_wconf 86' lang='lat' dir='ltr'><strong>visum</strong></span> <span class='ocrx_word' id='word_1_390' title='bbox 3188 2548 3290 2606; x_wconf 81' lang='lat' dir='ltr'><strong>est,</strong></span> <span class='ocrx_word' id='word_1_391' title='bbox 3317 2556 3444 2609; x_wconf 85' lang='lat' dir='ltr'><strong>ergo</strong></span> <span class='ocrx_word' id='word_1_392' title='bbox 3470 2557 3625 2595; x_wconf 66' lang='lat' dir='ltr'><strong>crea-</strong></span> 
     </span>
    </p>
   </div>
   <div class='ocr_carea' id='block_1_57' title="bbox 2039 2632 3626 2697">
    <p class='ocr_par' dir='ltr' id='par_1_57' title="bbox 2039 2632 3626 2697">
     <span class='ocr_line' id='line_1_57' title="bbox 2039 2632 3626 2697; baseline -0.003 -9"><span class='ocrx_word' id='word_1_393' title='bbox 2039 2643 2152 2689; x_wconf 88' lang='lat' dir='ltr'><strong>tum</strong></span> <span class='ocrx_word' id='word_1_394' title='bbox 2173 2641 2278 2697; x_wconf 84' lang='lat' dir='ltr'><strong>est,</strong></span> <span class='ocrx_word' id='word_1_395' title='bbox 2313 2640 2368 2687; x_wconf 87' lang='lat' dir='ltr'><strong>et</strong></span> <span class='ocrx_word' id='word_1_396' title='bbox 2395 2634 2543 2687; x_wconf 87' lang='lat' dir='ltr'><strong>nttllo</strong></span> <span class='ocrx_word' id='word_1_397' title='bbox 2572 2635 2732 2688; x_wconf 89' lang='lat' dir='ltr'><strong>modo</strong></span> <span class='ocrx_word' id='word_1_398' title='bbox 2760 2635 3086 2688; x_wconf 74' lang='lat' dir='ltr'><strong>incrt-atum.</strong></span> <span class='ocrx_word' id='word_1_399' title='bbox 3121 2632 3283 2688; x_wconf 88' lang='lat' dir='ltr'><strong>Plura</strong></span> <span class='ocrx_word' id='word_1_400' title='bbox 3307 2633 3626 2688; x_wconf 85' lang='lat' dir='ltr'><strong>Philothcus</strong></span> 
     </span>
    </p>
   </div>
   <div class='ocr_carea' id='block_1_58' title="bbox 2035 2724 3626 2795">
    <p class='ocr_par' dir='ltr' id='par_1_58' title="bbox 2035 2724 3626 2795">
     <span class='ocr_line' id='line_1_58' title="bbox 2035 2724 3626 2795; baseline -0.001 -16"><span class='ocrx_word' id='word_1_401' title='bbox 2035 2725 2372 2795; x_wconf 80' lang='lat' dir='ltr'><strong>patriarcha,</strong></span> <span class='ocrx_word' id='word_1_402' title='bbox 2401 2733 2458 2781; x_wconf 88' lang='lat' dir='ltr'><strong>et</strong></span> <span class='ocrx_word' id='word_1_403' title='bbox 2491 2725 2579 2779; x_wconf 89' lang='lat' dir='ltr'><strong>alii</strong></span> <span class='ocrx_word' id='word_1_404' title='bbox 2603 2726 2670 2779; x_wconf 89' lang='lat' dir='ltr'><strong>de</strong></span> <span class='ocrx_word' id='word_1_405' title='bbox 2696 2727 2798 2779; x_wconf 91' lang='lat' dir='ltr'><strong>hoc</strong></span> <span class='ocrx_word' id='word_1_406' title='bbox 2824 2724 3052 2790; x_wconf 88' lang='lat' dir='ltr'><strong>lumine,</strong></span> <span class='ocrx_word' id='word_1_407' title='bbox 3108 2740 3205 2794; x_wconf 91' lang='lat' dir='ltr'><strong>pro</strong></span> <span class='ocrx_word' id='word_1_408' title='bbox 3234 2724 3467 2780; x_wconf 73' lang='lat' dir='ltr'><strong>Palama:</strong></span> <span class='ocrx_word' id='word_1_409' title='bbox 3503 2742 3626 2780; x_wconf 82' lang='lat' dir='ltr'><strong>sen-</strong></span> 
     </span>
    </p>
   </div>
   <div class='ocr_carea' id='block_1_59' title="bbox 2045 2814 3628 2885">
    <p class='ocr_par' dir='ltr' id='par_1_59' title="bbox 2045 2814 3628 2885">
     <span class='ocr_line' id='line_1_59' title="bbox 2045 2814 3628 2885; baseline 0.001 -16"><span class='ocrx_word' id='word_1_410' title='bbox 2045 2814 2234 2879; x_wconf 89' lang='lat' dir='ltr'><strong>tentia,</strong></span> <span class='ocrx_word' id='word_1_411' title='bbox 2262 2814 2426 2870; x_wconf 87' lang='lat' dir='ltr'><strong>editis</strong></span> <span class='ocrx_word' id='word_1_412' title='bbox 2452 2815 2615 2870; x_wconf 89' lang='lat' dir='ltr'><strong>etiam</strong></span> <span class='ocrx_word' id='word_1_413' title='bbox 2661 2815 2834 2880; x_wconf 89' lang='lat' dir='ltr'><strong>libris,</strong></span> <span class='ocrx_word' id='word_1_414' title='bbox 2865 2814 3239 2870; x_wconf 88' lang='lat' dir='ltr'><strong>disseruerunt</strong></span> <span class='ocrx_word' id='word_1_415' title='bbox 3267 2831 3281 2868; x_wconf 90' lang='lat'><strong>:</strong></span> <span class='ocrx_word' id='word_1_416' title='bbox 3312 2817 3408 2871; x_wconf 89' lang='lat' dir='ltr'><strong>sed</strong></span> <span class='ocrx_word' id='word_1_417' title='bbox 3452 2832 3628 2885; x_wconf 84' lang='lat' dir='ltr'><strong>neque</strong></span> 
     </span>
    </p>
   </div>
   <div class='ocr_carea' id='block_1_60' title="bbox 2041 2907 3630 2977">
    <p class='ocr_par' dir='ltr' id='par_1_60' title="bbox 2041 2907 3630 2977">
     <span class='ocr_line' id='line_1_60' title="bbox 2041 2907 3630 2977; baseline -0.001 -15"><span class='ocrx_word' id='word_1_418' title='bbox 2041 2907 2200 2962; x_wconf 88' lang='lat' dir='ltr'><strong>dictis</strong></span> <span class='ocrx_word' id='word_1_419' title='bbox 2224 2907 2563 2976; x_wconf 77' lang='lat' dir='ltr'><strong>argumentis</strong></span> <span class='ocrx_word' id='word_1_420' title='bbox 2592 2907 2925 2976; x_wconf 88' lang='lat' dir='ltr'><strong>respondent</strong></span> <span class='ocrx_word' id='word_1_421' title='bbox 2950 2925 2964 2974; x_wconf 88' lang='lat'><strong>;</strong></span> <span class='ocrx_word' id='word_1_422' title='bbox 2996 2907 3324 2977; x_wconf 86' lang='lat' dir='ltr'><strong>firmumque</strong></span> <span class='ocrx_word' id='word_1_423' title='bbox 3353 2917 3407 2963; x_wconf 89' lang='lat' dir='ltr'><strong>et</strong></span> <span class='ocrx_word' id='word_1_424' title='bbox 3438 2909 3630 2963; x_wconf 83' lang='lat' dir='ltr'><strong>incon—</strong></span> 
     </span>
    </p>
   </div>
   <div class='ocr_carea' id='block_1_61' title="bbox 358 2992 3629 3073">
    <p class='ocr_par' dir='ltr' id='par_1_61' title="bbox 358 2992 3629 3073">
     <span class='ocr_line' id='line_1_61' title="bbox 358 2992 3629 3073; baseline -0.001 -15"><span class='ocrx_word' id='word_1_425' title='bbox 358 3011 414 3059; x_wconf 92' lang='lat' dir='ltr'><strong>et</strong></span> <span class='ocrx_word' id='word_1_426' title='bbox 457 3011 675 3073; x_wconf 90' lang='lat' dir='ltr'><strong>propter</strong></span> <span class='ocrx_word' id='word_1_427' title='bbox 704 3001 822 3055; x_wconf 83' lang='lat' dir='ltr'><strong>haec</strong></span> <span class='ocrx_word' id='word_1_428' title='bbox 853 2998 970 3055; x_wconf 87' lang='lat' dir='ltr'><strong>sola</strong></span> <span class='ocrx_word' id='word_1_429' title='bbox 1003 2999 1239 3069; x_wconf 85' lang='lat' dir='ltr'><strong>ejectum</strong></span> <span class='ocrx_word' id='word_1_430' title='bbox 1267 2999 1692 3065; x_wconf 85' lang='lat' dir='ltr'><strong>damnatumque</strong></span> <span class='ocrx_word' id='word_1_431' title='bbox 1738 2992 1938 3050; x_wconf 90' lang='lat' dir='ltr'><strong>absur-</strong></span> <span class='ocrx_word' id='word_1_432' title='bbox 1968 3003 2013 3062; x_wconf 73' lang='grc' dir='ltr'><strong>ς.</strong></span> <span class='ocrx_word' id='word_1_433' title='bbox 2046 3012 2264 3053; x_wconf 89' lang='lat' dir='ltr'><strong>cussum</strong></span> <span class='ocrx_word' id='word_1_434' title='bbox 2290 3007 2416 3053; x_wconf 90' lang='lat' dir='ltr'><strong>stat.</strong></span> <span class='ocrx_word' id='word_1_435' title='bbox 2443 2996 2720 3068; x_wconf 85' lang='lat' dir='ltr'><strong>Quidquid</strong></span> <span class='ocrx_word' id='word_1_436' title='bbox 2748 3008 2850 3064; x_wconf 85' lang='lat' dir='ltr'><strong>est,</strong></span> <span class='ocrx_word' id='word_1_437' title='bbox 2894 3006 2986 3052; x_wconf 84' lang='lat' dir='ltr'><strong>aut</strong></span> <span class='ocrx_word' id='word_1_438' title='bbox 3017 3000 3154 3054; x_wconf 85' lang='lat' dir='ltr'><strong>Deus</strong></span> <span class='ocrx_word' id='word_1_439' title='bbox 3205 3006 3308 3066; x_wconf 89' lang='lat' dir='ltr'><strong>est,</strong></span> <span class='ocrx_word' id='word_1_440' title='bbox 3351 3008 3447 3054; x_wconf 91' lang='lat' dir='ltr'><strong>aut</strong></span> <span class='ocrx_word' id='word_1_441' title='bbox 3473 3015 3575 3054; x_wconf 76' lang='lat' dir='ltr'><strong>cre.</strong></span> <span class='ocrx_word' id='word_1_442' title='bbox 3603 3029 3629 3042; x_wconf 89' lang='lat'><strong>-</strong></span> 
     </span>
    </p>
   </div>
   <div class='ocr_carea' id='block_1_62' title="bbox 363 3084 1941 3158">
    <p class='ocr_par' dir='ltr' id='par_1_62' title="bbox 363 3084 1941 3158">
     <span class='ocr_line' id='line_1_62' title="bbox 363 3084 1941 3158; baseline -0.005 -10"><span class='ocrx_word' id='word_1_443' title='bbox 363 3093 658 3148; x_wconf 87' lang='lat' dir='ltr'><strong>dissimum</strong></span> <span class='ocrx_word' id='word_1_444' title='bbox 690 3091 1063 3156; x_wconf 85' lang='lat' dir='ltr'><strong>Barlaamum,</strong></span> <span class='ocrx_word' id='word_1_445' title='bbox 1089 3101 1142 3143; x_wconf 85' lang='lat' dir='ltr'><strong>et</strong></span> <span class='ocrx_word' id='word_1_446' title='bbox 1182 3096 1388 3143; x_wconf 87' lang='lat' dir='ltr'><strong>tantam</strong></span> <span class='ocrx_word' id='word_1_447' title='bbox 1436 3102 1655 3158; x_wconf 73' lang='lat' dir='ltr'><strong>pmnam</strong></span> <span class='ocrx_word' id='word_1_448' title='bbox 1681 3086 1756 3140; x_wconf 93' lang='lat' dir='ltr'><strong>illi</strong></span> <span class='ocrx_word' id='word_1_449' title='bbox 1808 3101 1838 3140; x_wconf 90' lang='lat' dir='ltr'><strong>a</strong></span> <span class='ocrx_word' id='word_1_450' title='bbox 1864 3084 1941 3140; x_wconf 85' lang='lat' dir='ltr'><strong>De</strong></span> 
     </span>
    </p>
   </div>
   <div class='ocr_carea' id='block_1_63' title="bbox 361 3179 1936 3240">
    <p class='ocr_par' dir='ltr' id='par_1_63' title="bbox 361 3179 1936 3240">
     <span class='ocr_line' id='line_1_63' title="bbox 361 3179 1936 3240; baseline -0.005 0"><span class='ocrx_word' id='word_1_451' title='bbox 361 3186 608 3240; x_wconf 87' lang='lat' dir='ltr'><strong>Ecclesia</strong></span> <span class='ocrx_word' id='word_1_452' title='bbox 643 3183 904 3238; x_wconf 86' lang='lat' dir='ltr'><strong>iuflictam</strong></span> <span class='ocrx_word' id='word_1_453' title='bbox 964 3181 1155 3237; x_wconf 78' lang='lat' dir='ltr'><strong>fuiSSe.</strong></span> <span class='ocrx_word' id='word_1_454' title='bbox 1188 3182 1299 3236; x_wconf 87' lang='lat' dir='ltr'><strong>Hos</strong></span> <span class='ocrx_word' id='word_1_455' title='bbox 1339 3192 1521 3234; x_wconf 90' lang='lat' dir='ltr'><strong>autem</strong></span> <span class='ocrx_word' id='word_1_456' title='bbox 1546 3188 1599 3233; x_wconf 93' lang='lat' dir='ltr'><strong>et</strong></span> <span class='ocrx_word' id='word_1_457' title='bbox 1635 3179 1772 3232; x_wconf 89' lang='lat' dir='ltr'><strong>alios</strong></span> <span class='ocrx_word' id='word_1_458' title='bbox 1811 3193 1936 3232; x_wconf 92' lang='lat' dir='ltr'><strong>cum</strong></span> 
     </span>
    </p>
   </div>
   <div class='ocr_carea' id='block_1_64' title="bbox 361 3272 1939 3345">
    <p class='ocr_par' dir='ltr' id='par_1_64' title="bbox 361 3272 1939 3345">
     <span class='ocr_line' id='line_1_64' title="bbox 361 3272 1939 3345; baseline -0.006 -10"><span class='ocrx_word' id='word_1_459' title='bbox 361 3277 726 3343; x_wconf 86' lang='lat' dir='ltr'><strong>vehementia,</strong></span> <span class='ocrx_word' id='word_1_460' title='bbox 750 3274 1142 3345; x_wconf 88' lang='lat' dir='ltr'><strong>increpatione,</strong></span> <span class='ocrx_word' id='word_1_461' title='bbox 1194 3283 1249 3329; x_wconf 92' lang='lat' dir='ltr'><strong>et</strong></span> <span class='ocrx_word' id='word_1_462' title='bbox 1273 3273 1594 3328; x_wconf 88' lang='lat' dir='ltr'><strong>austeritate</strong></span> <span class='ocrx_word' id='word_1_463' title='bbox 1646 3272 1939 3342; x_wconf 90' lang='lat' dir='ltr'><strong>spirituali,</strong></span> 
     </span>
    </p>
   </div>
   <div class='ocr_carea' id='block_1_65' title="bbox 364 3363 1943 3445">
    <p class='ocr_par' dir='ltr' id='par_1_65' title="bbox 364 3363 1943 3445">
     <span class='ocr_line' id='line_1_65' title="bbox 364 3363 1943 3445; baseline -0.003 -21"><span class='ocrx_word' id='word_1_464' title='bbox 364 3369 766 3440; x_wconf 91' lang='lat' dir='ltr'><strong>impedivimus,</strong></span> <span class='ocrx_word' id='word_1_465' title='bbox 795 3384 862 3423; x_wconf 92' lang='lat' dir='ltr'><strong>ne</strong></span> <span class='ocrx_word' id='word_1_466' title='bbox 887 3367 1020 3438; x_wconf 91' lang='lat' dir='ltr'><strong>quid</strong></span> <span class='ocrx_word' id='word_1_467' title='bbox 1056 3365 1280 3421; x_wconf 89' lang='lat' dir='ltr'><strong>omnino</strong></span> <span class='ocrx_word' id='word_1_468' title='bbox 1306 3374 1730 3445; x_wconf 32' lang='lat' dir='ltr'><strong>moverentnaut</strong></span> <span class='ocrx_word' id='word_1_469' title='bbox 1758 3363 1943 3434; x_wconf 88' lang='lat' dir='ltr'><strong>loque-</strong></span> 
     </span>
    </p>
   </div>
   <div class='ocr_carea' id='block_1_66' title="bbox 362 3455 1945 3532">
    <p class='ocr_par' dir='ltr' id='par_1_66' title="bbox 362 3455 1945 3532">
     <span class='ocr_line' id='line_1_66' title="bbox 362 3455 1945 3532; baseline -0.005 -13"><span class='ocrx_word' id='word_1_470' title='bbox 362 3473 553 3519; x_wconf 89' lang='lat' dir='ltr'><strong>rentur</strong></span> <span class='ocrx_word' id='word_1_471' title='bbox 580 3464 647 3519; x_wconf 90' lang='lat' dir='ltr'><strong>de</strong></span> <span class='ocrx_word' id='word_1_472' title='bbox 667 3461 1034 3532; x_wconf 75' lang='lat' dir='ltr'><strong>dogmatibus,</strong></span> <span class='ocrx_word' id='word_1_473' title='bbox 1068 3470 1122 3514; x_wconf 92' lang='lat' dir='ltr'><strong>et</strong></span> <span class='ocrx_word' id='word_1_474' title='bbox 1143 3459 1334 3514; x_wconf 89' lang='lat' dir='ltr'><strong>turbas</strong></span> <span class='ocrx_word' id='word_1_475' title='bbox 1389 3472 1455 3512; x_wconf 90' lang='lat' dir='ltr'><strong>ac</strong></span> <span class='ocrx_word' id='word_1_476' title='bbox 1491 3455 1783 3522; x_wconf 87' lang='lat' dir='ltr'><strong>tumultus,</strong></span> <span class='ocrx_word' id='word_1_477' title='bbox 1843 3472 1945 3511; x_wconf 90' lang='lat' dir='ltr'><strong>nec</strong></span> 
     </span>
    </p>
   </div>
   <div class='ocr_carea' id='block_1_67' title="bbox 365 3543 1941 3616">
    <p class='ocr_par' dir='ltr' id='par_1_67' title="bbox 365 3543 1941 3616">
     <span class='ocr_line' id='line_1_67' title="bbox 365 3543 1941 3616; baseline -0.006 -4"><span class='ocrx_word' id='word_1_478' title='bbox 365 3572 473 3612; x_wconf 90' lang='lat' dir='ltr'><strong>non</strong></span> <span class='ocrx_word' id='word_1_479' title='bbox 499 3556 795 3612; x_wconf 87' lang='lat' dir='ltr'><strong>schismata</strong></span> <span class='ocrx_word' id='word_1_480' title='bbox 827 3552 921 3608; x_wconf 86' lang='lat' dir='ltr'><strong>Dei</strong></span> <span class='ocrx_word' id='word_1_481' title='bbox 953 3553 1210 3608; x_wconf 75' lang='lat' dir='ltr'><strong>Ecclesiae</strong></span> <span class='ocrx_word' id='word_1_482' title='bbox 1235 3543 1628 3616; x_wconf 84' lang='lat' dir='ltr'><strong>conciliarent;</strong></span> <span class='ocrx_word' id='word_1_483' title='bbox 1671 3558 1725 3604; x_wconf 91' lang='lat' dir='ltr'><strong>et</strong></span> <span class='ocrx_word' id='word_1_484' title='bbox 1753 3563 1941 3606; x_wconf 90' lang='lat' dir='ltr'><strong>eorum</strong></span> 
     </span>
    </p>
   </div>
   <div class='ocr_carea' id='block_1_68' title="bbox 361 3644 1944 3718">
    <p class='ocr_par' dir='ltr' id='par_1_68' title="bbox 361 3644 1944 3718">
     <span class='ocr_line' id='line_1_68' title="bbox 361 3644 1944 3718; baseline -0.003 -17"><span class='ocrx_word' id='word_1_485' title='bbox 361 3662 488 3718; x_wconf 66' lang='lat' dir='ltr'><strong>qua:</strong></span> <span class='ocrx_word' id='word_1_486' title='bbox 519 3648 670 3718; x_wconf 90' lang='lat' dir='ltr'><strong>prius</strong></span> <span class='ocrx_word' id='word_1_487' title='bbox 689 3647 754 3700; x_wconf 91' lang='lat' dir='ltr'><strong>ab</strong></span> <span class='ocrx_word' id='word_1_488' title='bbox 772 3645 928 3716; x_wconf 87' lang='lat' dir='ltr'><strong>ipsis,</strong></span> <span class='ocrx_word' id='word_1_489' title='bbox 963 3644 1092 3700; x_wconf 88' lang='lat' dir='ltr'><strong>dum</strong></span> <span class='ocrx_word' id='word_1_490' title='bbox 1125 3659 1251 3700; x_wconf 91' lang='lat' dir='ltr'><strong>cum</strong></span> <span class='ocrx_word' id='word_1_491' title='bbox 1273 3644 1558 3699; x_wconf 89' lang='lat' dir='ltr'><strong>Barlaamo</strong></span> <span class='ocrx_word' id='word_1_492' title='bbox 1580 3644 1944 3714; x_wconf 87' lang='lat' dir='ltr'><strong>disputarent,</strong></span> 
     </span>
    </p>
   </div>
   <div class='ocr_carea' id='block_1_69' title="bbox 363 3732 1943 3806">
    <p class='ocr_par' dir='ltr' id='par_1_69' title="bbox 363 3732 1943 3806">
     <span class='ocr_line' id='line_1_69' title="bbox 363 3732 1943 3806; baseline -0.004 -14"><span class='ocrx_word' id='word_1_493' title='bbox 363 3746 672 3806; x_wconf 69' lang='lat' dir='ltr'><strong>aut,&#39;postea</strong></span> <span class='ocrx_word' id='word_1_494' title='bbox 708 3737 1175 3805; x_wconf 84' lang='lat' dir='ltr'><strong>conscripserunt,</strong></span> <span class='ocrx_word' id='word_1_495' title='bbox 1208 3732 1419 3788; x_wconf 89' lang='lat' dir='ltr'><strong>nullum</strong></span> <span class='ocrx_word' id='word_1_496' title='bbox 1460 3748 1691 3788; x_wconf 80' lang='lat' dir='ltr'><strong>examen</strong></span> <span class='ocrx_word' id='word_1_497' title='bbox 1741 3732 1943 3787; x_wconf 89' lang='lat' dir='ltr'><strong>factum</strong></span> 
     </span>
    </p>
   </div>
   <div class='ocr_carea' id='block_1_70' title="bbox 368 3822 1946 3892">
    <p class='ocr_par' dir='ltr' id='par_1_70' title="bbox 368 3822 1946 3892">
     <span class='ocr_line' id='line_1_70' title="bbox 368 3822 1946 3892; baseline -0.004 -11"><span class='ocrx_word' id='word_1_498' title='bbox 368 3828 540 3882; x_wconf 85' lang='lat' dir='ltr'><strong>fuisse</strong></span> <span class='ocrx_word' id='word_1_499' title='bbox 591 3827 916 3882; x_wconf 85' lang='lat' dir='ltr'><strong>asserimus.</strong></span> <span class='ocrx_word' id='word_1_500' title='bbox 967 3825 1082 3878; x_wconf 91' lang='lat' dir='ltr'><strong>lmo</strong></span> <span class='ocrx_word' id='word_1_501' title='bbox 1137 3822 1328 3878; x_wconf 90' lang='lat' dir='ltr'><strong>sedulo</strong></span> <span class='ocrx_word' id='word_1_502' title='bbox 1395 3822 1599 3878; x_wconf 87' lang='lat' dir='ltr'><strong>similia</strong></span> <span class='ocrx_word' id='word_1_503' title='bbox 1646 3823 1946 3892; x_wconf 88' lang='lat' dir='ltr'><strong>postulata,</strong></span> 
     </span>
    </p>
   </div>
   <div class='ocr_carea' id='block_1_71' title="bbox 370 3913 1946 3983">
    <p class='ocr_par' dir='ltr' id='par_1_71' title="bbox 370 3913 1946 3983">
     <span class='ocr_line' id='line_1_71' title="bbox 370 3913 1946 3983; baseline -0.003 -11"><span class='ocrx_word' id='word_1_504' title='bbox 370 3931 583 3974; x_wconf 90' lang='lat' dir='ltr'><strong>tantum</strong></span> <span class='ocrx_word' id='word_1_505' title='bbox 613 3917 809 3983; x_wconf 90' lang='lat' dir='ltr'><strong>abfuit,</strong></span> <span class='ocrx_word' id='word_1_506' title='bbox 835 3926 897 3971; x_wconf 88' lang='lat' dir='ltr'><strong>ut</strong></span> <span class='ocrx_word' id='word_1_507' title='bbox 929 3915 1125 3972; x_wconf 88' lang='lat' dir='ltr'><strong>tradita</strong></span> <span class='ocrx_word' id='word_1_508' title='bbox 1155 3914 1380 3981; x_wconf 80' lang='lat' dir='ltr'><strong>fuerint,</strong></span> <span class='ocrx_word' id='word_1_509' title='bbox 1410 3922 1473 3969; x_wconf 93' lang='lat' dir='ltr'><strong>ut</strong></span> <span class='ocrx_word' id='word_1_510' title='bbox 1493 3913 1659 3969; x_wconf 90' lang='lat' dir='ltr'><strong>etiam</strong></span> <span class='ocrx_word' id='word_1_511' title='bbox 1688 3922 1813 3983; x_wconf 90' lang='lat' dir='ltr'><strong>post</strong></span> <span class='ocrx_word' id='word_1_512' title='bbox 1838 3913 1946 3968; x_wconf 90' lang='lat' dir='ltr'><strong>To—</strong></span> 
     </span>
    </p>
   </div>
   <div class='ocr_carea' id='block_1_72' title="bbox 374 4004 1941 4068">
    <p class='ocr_par' dir='ltr' id='par_1_72' title="bbox 374 4004 1941 4068">
     <span class='ocr_line' id='line_1_72' title="bbox 374 4004 1941 4068; baseline -0.006 0"><span class='ocrx_word' id='word_1_513' title='bbox 374 4027 527 4068; x_wconf 89' lang='lat' dir='ltr'><strong>mum</strong></span> <span class='ocrx_word' id='word_1_514' title='bbox 563 4011 669 4066; x_wconf 86' lang='lat' dir='ltr'><strong>alia</strong></span> <span class='ocrx_word' id='word_1_515' title='bbox 699 4009 1060 4065; x_wconf 89' lang='lat' dir='ltr'><strong>inverecunde</strong></span> <span class='ocrx_word' id='word_1_516' title='bbox 1107 4006 1443 4065; x_wconf 86' lang='lat' dir='ltr'><strong>sanciverint</strong></span> <span class='ocrx_word' id='word_1_517' title='bbox 1478 4014 1534 4061; x_wconf 91' lang='lat' dir='ltr'><strong>et</strong></span> <span class='ocrx_word' id='word_1_518' title='bbox 1578 4004 1941 4061; x_wconf 87' lang='lat' dir='ltr'><strong>decreverint.</strong></span> 
     </span>
    </p>
   </div>
   <div class='ocr_carea' id='block_1_73' title="bbox 367 4096 1947 4174">
    <p class='ocr_par' dir='ltr' id='par_1_73' title="bbox 367 4096 1947 4174">
     <span class='ocr_line' id='line_1_73' title="bbox 367 4096 1947 4174; baseline -0.006 -17"><span class='ocrx_word' id='word_1_519' title='bbox 367 4103 526 4159; x_wconf 81' lang='lat' dir='ltr'><strong>Dicta</strong></span> <span class='ocrx_word' id='word_1_520' title='bbox 573 4119 739 4174; x_wconf 90' lang='lat' dir='ltr'><strong>porro</strong></span> <span class='ocrx_word' id='word_1_521' title='bbox 789 4100 1012 4157; x_wconf 88' lang='lat' dir='ltr'><strong>Patrum</strong></span> <span class='ocrx_word' id='word_1_522' title='bbox 1064 4117 1173 4156; x_wconf 90' lang='lat' dir='ltr'><strong>non</strong></span> <span class='ocrx_word' id='word_1_523' title='bbox 1223 4099 1527 4155; x_wconf 85' lang='lat' dir='ltr'><strong>adulterata</strong></span> <span class='ocrx_word' id='word_1_524' title='bbox 1569 4097 1637 4153; x_wconf 91' lang='lat' dir='ltr'><strong>ad</strong></span> <span class='ocrx_word' id='word_1_525' title='bbox 1677 4096 1947 4151; x_wconf 84' lang='lat' dir='ltr'><strong>dictorqu</strong></span> 
     </span>
    </p>
   </div>
   <div class='ocr_carea' id='block_1_74' title="bbox 365 4191 1952 4267">
    <p class='ocr_par' dir='ltr' id='par_1_74' title="bbox 365 4191 1952 4267">
     <span class='ocr_line' id='line_1_74' title="bbox 365 4191 1952 4267; baseline -0.003 -16"><span class='ocrx_word' id='word_1_526' title='bbox 365 4201 604 4253; x_wconf 87' lang='lat' dir='ltr'><strong>duorum</strong></span> <span class='ocrx_word' id='word_1_527' title='bbox 623 4197 864 4267; x_wconf 87' lang='lat' dir='ltr'><strong>capitum</strong></span> <span class='ocrx_word' id='word_1_528' title='bbox 888 4194 1204 4249; x_wconf 86' lang='lat' dir='ltr'><strong>ﬁrmitatem</strong></span> <span class='ocrx_word' id='word_1_529' title='bbox 1233 4193 1443 4262; x_wconf 87' lang='lat' dir='ltr'><strong>absque</strong></span> <span class='ocrx_word' id='word_1_530' title='bbox 1470 4191 1579 4247; x_wconf 90' lang='lat' dir='ltr'><strong>ulla</strong></span> <span class='ocrx_word' id='word_1_531' title='bbox 1600 4191 1952 4246; x_wconf 89' lang='lat' dir='ltr'><strong>enarratione</strong></span> 
     </span>
    </p>
   </div>
   <div class='ocr_carea' id='block_1_75' title="bbox 367 4283 1947 4362">
    <p class='ocr_par' dir='ltr' id='par_1_75' title="bbox 367 4283 1947 4362">
     <span class='ocr_line' id='line_1_75' title="bbox 367 4283 1947 4362; baseline -0.006 -14"><span class='ocrx_word' id='word_1_532' title='bbox 367 4301 424 4348; x_wconf 87' lang='lat' dir='ltr'><strong>et</strong></span> <span class='ocrx_word' id='word_1_533' title='bbox 456 4290 800 4362; x_wconf 83' lang='lat' dir='ltr'><strong>expositione</strong></span> <span class='ocrx_word' id='word_1_534' title='bbox 816 4287 1112 4357; x_wconf 83' lang='lat' dir='ltr'><strong>amplexati</strong></span> <span class='ocrx_word' id='word_1_535' title='bbox 1137 4300 1351 4340; x_wconf 87' lang='lat' dir='ltr'><strong>sumus.</strong></span> <span class='ocrx_word' id='word_1_536' title='bbox 1382 4283 1540 4350; x_wconf 85' lang='lat' dir='ltr'><strong>Quod</strong></span> <span class='ocrx_word' id='word_1_537' title='bbox 1571 4285 1616 4340; x_wconf 92' lang='lat' dir='ltr'><strong>si</strong></span> <span class='ocrx_word' id='word_1_538' title='bbox 1642 4285 1768 4356; x_wconf 91' lang='lat' dir='ltr'><strong>quis</strong></span> <span class='ocrx_word' id='word_1_539' title='bbox 1790 4299 1854 4339; x_wconf 88' lang='lat' dir='ltr'><strong>ea</strong></span> <span class='ocrx_word' id='word_1_540' title='bbox 1880 4285 1947 4338; x_wconf 89' lang='lat' dir='ltr'><strong>ad</strong></span> 
     </span>
    </p>
   </div>
   <div class='ocr_carea' id='block_1_76' title="bbox 371 4373 1950 4453">
    <p class='ocr_par' dir='ltr' id='par_1_76' title="bbox 371 4373 1950 4453">
     <span class='ocr_line' id='line_1_76' title="bbox 371 4373 1950 4453; baseline -0.006 -17"><span class='ocrx_word' id='word_1_541' title='bbox 371 4382 652 4453; x_wconf 89' lang='lat' dir='ltr'><strong>proprium</strong></span> <span class='ocrx_word' id='word_1_542' title='bbox 689 4393 915 4450; x_wconf 90' lang='lat' dir='ltr'><strong>scopum</strong></span> <span class='ocrx_word' id='word_1_543' title='bbox 958 4377 1234 4431; x_wconf 86' lang='lat' dir='ltr'><strong>attrahere</strong></span> <span class='ocrx_word' id='word_1_544' title='bbox 1286 4376 1539 4439; x_wconf 90' lang='lat' dir='ltr'><strong>voluerit,</strong></span> <span class='ocrx_word' id='word_1_545' title='bbox 1595 4385 1651 4428; x_wconf 91' lang='lat' dir='ltr'><strong>et</strong></span> <span class='ocrx_word' id='word_1_546' title='bbox 1691 4373 1950 4444; x_wconf 88' lang='lat' dir='ltr'><strong>interpre-</strong></span> 
     </span>
    </p>
   </div>
   <div class='ocr_carea' id='block_1_77' title="bbox 372 4465 1952 4543">
    <p class='ocr_par' dir='ltr' id='par_1_77' title="bbox 372 4465 1952 4543">
     <span class='ocr_line' id='line_1_77' title="bbox 372 4465 1952 4543; baseline -0.006 -14"><span class='ocrx_word' id='word_1_547' title='bbox 372 4475 501 4542; x_wconf 87' lang='lat' dir='ltr'><strong>tari,</strong></span> <span class='ocrx_word' id='word_1_548' title='bbox 534 4484 588 4529; x_wconf 90' lang='lat' dir='ltr'><strong>et</strong></span> <span class='ocrx_word' id='word_1_549' title='bbox 615 4488 782 4543; x_wconf 86' lang='lat' dir='ltr'><strong>super</strong></span> <span class='ocrx_word' id='word_1_550' title='bbox 813 4470 919 4528; x_wconf 88' lang='lat' dir='ltr'><strong>illis</strong></span> <span class='ocrx_word' id='word_1_551' title='bbox 943 4469 1169 4535; x_wconf 85' lang='lat' dir='ltr'><strong>ﬁrmari,</strong></span> <span class='ocrx_word' id='word_1_552' title='bbox 1198 4467 1428 4537; x_wconf 83' lang='lat' dir='ltr'><strong>aliisque</strong></span> <span class='ocrx_word' id='word_1_553' title='bbox 1486 4468 1554 4523; x_wconf 87' lang='lat' dir='ltr'><strong>de</strong></span> <span class='ocrx_word' id='word_1_554' title='bbox 1603 4467 1802 4537; x_wconf 87' lang='lat' dir='ltr'><strong>quibus</strong></span> <span class='ocrx_word' id='word_1_555' title='bbox 1871 4465 1952 4520; x_wconf 90' lang='lat' dir='ltr'><strong>di-</strong></span> 
     </span>
    </p>
   </div>
   <div class='ocr_carea' id='block_1_78' title="bbox 365 4556 1951 4635">
    <p class='ocr_par' dir='ltr' id='par_1_78' title="bbox 365 4556 1951 4635">
     <span class='ocr_line' id='line_1_78' title="bbox 365 4556 1951 4635; baseline -0.007 -12"><span class='ocrx_word' id='word_1_556' title='bbox 365 4567 524 4623; x_wconf 66' lang='lat' dir='ltr'><strong>ctum</strong></span> <span class='ocrx_word' id='word_1_557' title='bbox 576 4575 682 4631; x_wconf 89' lang='lat' dir='ltr'><strong>est,</strong></span> <span class='ocrx_word' id='word_1_558' title='bbox 733 4581 843 4622; x_wconf 89' lang='lat' dir='ltr'><strong>non</strong></span> <span class='ocrx_word' id='word_1_559' title='bbox 891 4573 1178 4635; x_wconf 83' lang='lat' dir='ltr'><strong>propterea</strong></span> <span class='ocrx_word' id='word_1_560' title='bbox 1231 4560 1460 4616; x_wconf 90' lang='lat' dir='ltr'><strong>omnino</strong></span> <span class='ocrx_word' id='word_1_561' title='bbox 1507 4559 1636 4614; x_wconf 90' lang='lat' dir='ltr'><strong>mali</strong></span> <span class='ocrx_word' id='word_1_562' title='bbox 1694 4556 1951 4613; x_wconf 87' lang='lat' dir='ltr'><strong>censendi</strong></span> 
     </span>
    </p>
   </div>
   <div class='ocr_carea' id='block_1_79' title="bbox 371 4657 1956 4734">
    <p class='ocr_par' dir='ltr' id='par_1_79' title="bbox 371 4657 1956 4734">
     <span class='ocr_line' id='line_1_79' title="bbox 371 4657 1956 4734; baseline -0.005 -14"><span class='ocrx_word' id='word_1_563' title='bbox 371 4673 524 4731; x_wconf 86' lang='lat' dir='ltr'><strong>sunt,</strong></span> <span class='ocrx_word' id='word_1_564' title='bbox 553 4663 644 4734; x_wconf 89' lang='lat' dir='ltr'><strong>qui</strong></span> <span class='ocrx_word' id='word_1_565' title='bbox 675 4676 738 4717; x_wconf 88' lang='lat' dir='ltr'><strong>ea</strong></span> <span class='ocrx_word' id='word_1_566' title='bbox 767 4663 841 4717; x_wconf 90' lang='lat' dir='ltr'><strong>ita</strong></span> <span class='ocrx_word' id='word_1_567' title='bbox 881 4662 999 4717; x_wconf 89' lang='lat' dir='ltr'><strong>sine</strong></span> <span class='ocrx_word' id='word_1_568' title='bbox 1047 4661 1154 4715; x_wconf 91' lang='lat' dir='ltr'><strong>alio</strong></span> <span class='ocrx_word' id='word_1_569' title='bbox 1183 4657 1436 4714; x_wconf 84' lang='lat' dir='ltr'><strong>examine</strong></span> <span class='ocrx_word' id='word_1_570' title='bbox 1478 4665 1829 4726; x_wconf 86' lang='lat' dir='ltr'><strong>acceperunt.</strong></span> <span class='ocrx_word' id='word_1_571' title='bbox 1864 4657 1956 4712; x_wconf 92' lang='lat' dir='ltr'><strong>Di-</strong></span> 
     </span>
    </p>
   </div>
   <div class='ocr_carea' id='block_1_80' title="bbox 371 4750 1957 4825">
    <p class='ocr_par' dir='ltr' id='par_1_80' title="bbox 371 4750 1957 4825">
     <span class='ocr_line' id='line_1_80' title="bbox 371 4750 1957 4825; baseline -0.007 -11"><span class='ocrx_word' id='word_1_572' title='bbox 371 4765 462 4814; x_wconf 85' lang='lat' dir='ltr'><strong>cta</strong></span> <span class='ocrx_word' id='word_1_573' title='bbox 493 4758 639 4814; x_wconf 88' lang='lat' dir='ltr'><strong>enim</strong></span> <span class='ocrx_word' id='word_1_574' title='bbox 671 4767 987 4812; x_wconf 88' lang='lat' dir='ltr'><strong>sanctorum</strong></span> <span class='ocrx_word' id='word_1_575' title='bbox 1017 4754 1085 4809; x_wconf 91' lang='lat' dir='ltr'><strong>iis</strong></span> <span class='ocrx_word' id='word_1_576' title='bbox 1115 4754 1208 4825; x_wconf 91' lang='lat' dir='ltr'><strong>qui</strong></span> <span class='ocrx_word' id='word_1_577' title='bbox 1239 4761 1428 4808; x_wconf 86' lang='lat' dir='ltr'><strong>sancte</strong></span> <span class='ocrx_word' id='word_1_578' title='bbox 1485 4759 1541 4806; x_wconf 93' lang='lat' dir='ltr'><strong>et</strong></span> <span class='ocrx_word' id='word_1_579' title='bbox 1603 4751 1691 4820; x_wconf 90' lang='lat' dir='ltr'><strong>pie</strong></span> <span class='ocrx_word' id='word_1_580' title='bbox 1753 4750 1957 4805; x_wconf 86' lang='lat' dir='ltr'><strong>intelli-</strong></span> 
     </span>
    </p>
   </div>
   <div class='ocr_carea' id='block_1_81' title="bbox 372 4842 1951 4917">
    <p class='ocr_par' dir='ltr' id='par_1_81' title="bbox 372 4842 1951 4917">
     <span class='ocr_line' id='line_1_81' title="bbox 372 4842 1951 4917; baseline -0.004 -16"><span class='ocrx_word' id='word_1_581' title='bbox 372 4855 511 4917; x_wconf 84' lang='lat' dir='ltr'><strong>gunt</strong></span> <span class='ocrx_word' id='word_1_582' title='bbox 534 4855 589 4902; x_wconf 88' lang='lat' dir='ltr'><strong>et</strong></span> <span class='ocrx_word' id='word_1_583' title='bbox 632 4844 1046 4909; x_wconf 79' lang='lat' dir='ltr'><strong>exosculantur,</strong></span> <span class='ocrx_word' id='word_1_584' title='bbox 1097 4843 1280 4898; x_wconf 89' lang='lat' dir='ltr'><strong>lumen</strong></span> <span class='ocrx_word' id='word_1_585' title='bbox 1335 4851 1464 4897; x_wconf 86' lang='lat' dir='ltr'><strong>sunt</strong></span> <span class='ocrx_word' id='word_1_586' title='bbox 1521 4842 1766 4897; x_wconf 87' lang='lat' dir='ltr'><strong>veritatis</strong></span> <span class='ocrx_word' id='word_1_587' title='bbox 1822 4854 1951 4911; x_wconf 86' lang='lat' dir='ltr'><strong>erga</strong></span> 
     </span>
    </p>
   </div>
   <div class='ocr_carea' id='block_1_82' title="bbox 372 4932 1951 5008">
    <p class='ocr_par' dir='ltr' id='par_1_82' title="bbox 372 4932 1951 5008">
     <span class='ocr_line' id='line_1_82' title="bbox 372 4932 1951 5008; baseline -0.004 -15"><span class='ocrx_word' id='word_1_588' title='bbox 372 4937 549 4994; x_wconf 89' lang='lat' dir='ltr'><strong>Deum</strong></span> <span class='ocrx_word' id='word_1_589' title='bbox 575 4955 591 5006; x_wconf 90' lang='lat'><strong>;</strong></span> <span class='ocrx_word' id='word_1_590' title='bbox 627 4938 719 5008; x_wconf 89' lang='lat' dir='ltr'><strong>qui</strong></span> <span class='ocrx_word' id='word_1_591' title='bbox 742 4937 851 4992; x_wconf 91' lang='lat' dir='ltr'><strong>alio</strong></span> <span class='ocrx_word' id='word_1_592' title='bbox 883 4935 1048 4990; x_wconf 92' lang='lat' dir='ltr'><strong>modo</strong></span> <span class='ocrx_word' id='word_1_593' title='bbox 1077 4936 1373 5005; x_wconf 89' lang='lat' dir='ltr'><strong>accipiunt,</strong></span> <span class='ocrx_word' id='word_1_594' title='bbox 1405 4934 1472 4990; x_wconf 90' lang='lat' dir='ltr'><strong>iis</strong></span> <span class='ocrx_word' id='word_1_595' title='bbox 1507 4943 1634 4990; x_wconf 87' lang='lat' dir='ltr'><strong>sunt</strong></span> <span class='ocrx_word' id='word_1_596' title='bbox 1657 4932 1951 5004; x_wconf 82' lang='lat' dir='ltr'><strong>reprehen-</strong></span> 
     </span>
    </p>
   </div>
   <div class='ocr_carea' id='block_1_83' title="bbox 370 5026 1950 5096">
    <p class='ocr_par' dir='ltr' id='par_1_83' title="bbox 370 5026 1950 5096">
     <span class='ocr_line' id='line_1_83' title="bbox 370 5026 1950 5096; baseline -0.004 -10"><span class='ocrx_word' id='word_1_597' title='bbox 370 5031 462 5086; x_wconf 90' lang='lat' dir='ltr'><strong>sio</strong></span> <span class='ocrx_word' id='word_1_598' title='bbox 489 5040 542 5084; x_wconf 90' lang='lat' dir='ltr'><strong>et</strong></span> <span class='ocrx_word' id='word_1_599' title='bbox 562 5032 967 5085; x_wconf 87' lang='lat' dir='ltr'><strong>condemnatio.</strong></span> <span class='ocrx_word' id='word_1_600' title='bbox 996 5026 1106 5082; x_wconf 84' lang='lat' dir='ltr'><strong>Nec</strong></span> <span class='ocrx_word' id='word_1_601' title='bbox 1137 5029 1301 5081; x_wconf 88' lang='lat' dir='ltr'><strong>etiam</strong></span> <span class='ocrx_word' id='word_1_602' title='bbox 1359 5027 1632 5082; x_wconf 88' lang='lat' dir='ltr'><strong>obstinate</strong></span> <span class='ocrx_word' id='word_1_603' title='bbox 1688 5027 1950 5096; x_wconf 87' lang='lat' dir='ltr'><strong>prohibe-</strong></span> 
     </span>
    </p>
   </div>
   <div class='ocr_carea' id='block_1_84' title="bbox 371 5115 1954 5190">
    <p class='ocr_par' dir='ltr' id='par_1_84' title="bbox 371 5115 1954 5190">
     <span class='ocr_line' id='line_1_84' title="bbox 371 5115 1954 5190; baseline -0.003 -14"><span class='ocrx_word' id='word_1_604' title='bbox 371 5135 523 5187; x_wconf 85' lang='lat' dir='ltr'><strong>mus,</strong></span> <span class='ocrx_word' id='word_1_605' title='bbox 550 5135 617 5175; x_wconf 90' lang='lat' dir='ltr'><strong>ne</strong></span> <span class='ocrx_word' id='word_1_606' title='bbox 644 5135 808 5190; x_wconf 82' lang='lat' dir='ltr'><strong>super</strong></span> <span class='ocrx_word' id='word_1_607' title='bbox 831 5117 966 5188; x_wconf 84' lang='lat' dir='ltr'><strong>ipsis</strong></span> <span class='ocrx_word' id='word_1_608' title='bbox 990 5127 1320 5172; x_wconf 86' lang='lat' dir='ltr'><strong>‘sanctorum</strong></span> <span class='ocrx_word' id='word_1_609' title='bbox 1363 5115 1526 5171; x_wconf 91' lang='lat' dir='ltr'><strong>dictls</strong></span> <span class='ocrx_word' id='word_1_610' title='bbox 1559 5115 1766 5186; x_wconf 83' lang='lat' dir='ltr'><strong>aliquid</strong></span> <span class='ocrx_word' id='word_1_611' title='bbox 1797 5115 1954 5186; x_wconf 89' lang='lat' dir='ltr'><strong>quis-</strong></span> 
     </span>
    </p>
   </div>
   <div class='ocr_carea' id='block_1_85' title="bbox 371 5208 1954 5284">
    <p class='ocr_par' dir='ltr' id='par_1_85' title="bbox 371 5208 1954 5284">
     <span class='ocr_line' id='line_1_85' title="bbox 371 5208 1954 5284; baseline -0.001 -20"><span class='ocrx_word' id='word_1_612' title='bbox 371 5213 522 5284; x_wconf 83' lang='lat' dir='ltr'><strong>piam</strong></span> <span class='ocrx_word' id='word_1_613' title='bbox 548 5211 718 5278; x_wconf 89' lang='lat' dir='ltr'><strong>dicat,</strong></span> <span class='ocrx_word' id='word_1_614' title='bbox 745 5227 867 5282; x_wconf 61' lang='lat' dir='ltr'><strong>qur</strong></span> <span class='ocrx_word' id='word_1_615' title='bbox 900 5210 1222 5281; x_wconf 88' lang='lat' dir='ltr'><strong>simpliciter</strong></span> <span class='ocrx_word' id='word_1_616' title='bbox 1242 5219 1294 5263; x_wconf 90' lang='lat' dir='ltr'><strong>et</strong></span> <span class='ocrx_word' id='word_1_617' title='bbox 1316 5208 1431 5262; x_wconf 86' lang='lat' dir='ltr'><strong>sine</strong></span> <span class='ocrx_word' id='word_1_618' title='bbox 1454 5209 1659 5278; x_wconf 83' lang='lat' dir='ltr'><strong>praevio</strong></span> <span class='ocrx_word' id='word_1_619' title='bbox 1685 5210 1954 5274; x_wconf 81' lang='lat' dir='ltr'><strong>examine,</strong></span> 
     </span>
    </p>
   </div>
   <div class='ocr_carea' id='block_1_86' title="bbox 373 5298 1955 5374">
    <p class='ocr_par' dir='ltr' id='par_1_86' title="bbox 373 5298 1955 5374">
     <span class='ocr_line' id='line_1_86' title="bbox 373 5298 1955 5374; baseline -0.004 -14"><span class='ocrx_word' id='word_1_620' title='bbox 373 5316 637 5374; x_wconf 85' lang='lat' dir='ltr'><strong>tanquam</strong></span> <span class='ocrx_word' id='word_1_621' title='bbox 704 5314 1043 5368; x_wconf 87' lang='lat' dir='ltr'><strong>sanctorum,</strong></span> <span class='ocrx_word' id='word_1_622' title='bbox 1109 5302 1510 5372; x_wconf 87' lang='lat' dir='ltr'><strong>amplectimur.</strong></span> <span class='ocrx_word' id='word_1_623' title='bbox 1570 5298 1753 5355; x_wconf 87' lang='lat' dir='ltr'><strong>Unum</strong></span> <span class='ocrx_word' id='word_1_624' title='bbox 1811 5301 1955 5356; x_wconf 86' lang='lat' dir='ltr'><strong>enim</strong></span> 
     </span>
    </p>
   </div>
   <div class='ocr_carea' id='block_1_87' title="bbox 372 5391 1956 5464">
    <p class='ocr_par' dir='ltr' id='par_1_87' title="bbox 372 5391 1956 5464">
     <span class='ocr_line' id='line_1_87' title="bbox 372 5391 1956 5464; baseline -0.003 -14"><span class='ocrx_word' id='word_1_625' title='bbox 372 5403 482 5458; x_wconf 90' lang='lat' dir='ltr'><strong>est,</strong></span> <span class='ocrx_word' id='word_1_626' title='bbox 517 5394 660 5462; x_wconf 90' lang='lat' dir='ltr'><strong>quod</strong></span> <span class='ocrx_word' id='word_1_627' title='bbox 688 5409 716 5447; x_wconf 90' lang='lat' dir='ltr'><strong>a</strong></span> <span class='ocrx_word' id='word_1_628' title='bbox 753 5394 912 5449; x_wconf 88' lang='lat' dir='ltr'><strong>nobis</strong></span> <span class='ocrx_word' id='word_1_629' title='bbox 940 5402 1293 5464; x_wconf 88' lang='lat' dir='ltr'><strong>procuratur,</strong></span> <span class='ocrx_word' id='word_1_630' title='bbox 1330 5391 1431 5448; x_wconf 89' lang='lat' dir='ltr'><strong>Dei.</strong></span> <span class='ocrx_word' id='word_1_631' title='bbox 1451 5392 1707 5447; x_wconf 68' lang='lat' dir='ltr'><strong>Ecclesiae</strong></span> <span class='ocrx_word' id='word_1_632' title='bbox 1733 5392 1956 5463; x_wconf 84' lang='lat' dir='ltr'><strong>propria</strong></span> 
     </span>
    </p>
   </div>
   <div class='ocr_carea' id='block_1_88' title="bbox 373 5483 1955 5555">
    <p class='ocr_par' dir='ltr' id='par_1_88' title="bbox 373 5483 1955 5555">
     <span class='ocr_line' id='line_1_88' title="bbox 373 5483 1955 5555; baseline -0.003 -12"><span class='ocrx_word' id='word_1_633' title='bbox 373 5489 634 5554; x_wconf 77' lang='lat' dir='ltr'><strong>dogmata</strong></span> <span class='ocrx_word' id='word_1_634' title='bbox 667 5497 814 5542; x_wconf 89' lang='lat' dir='ltr'><strong>sarta</strong></span> <span class='ocrx_word' id='word_1_635' title='bbox 842 5496 984 5541; x_wconf 89' lang='lat' dir='ltr'><strong>tecta</strong></span> <span class='ocrx_word' id='word_1_636' title='bbox 1011 5485 1346 5550; x_wconf 87' lang='lat' dir='ltr'><strong>conservari,</strong></span> <span class='ocrx_word' id='word_1_637' title='bbox 1380 5494 1455 5550; x_wconf 93' lang='lat' dir='ltr'><strong>et,</strong></span> <span class='ocrx_word' id='word_1_638' title='bbox 1495 5483 1955 5555; x_wconf 87' lang='lat' dir='ltr'><strong>quemadmodum</strong></span> 
     </span>
    </p>
   </div>
   <div class='ocr_carea' id='block_1_89' title="bbox 375 5577 1956 5648">
    <p class='ocr_par' dir='ltr' id='par_1_89' title="bbox 375 5577 1956 5648">
     <span class='ocr_line' id='line_1_89' title="bbox 375 5577 1956 5648; baseline 0.001 -16"><span class='ocrx_word' id='word_1_639' title='bbox 375 5594 483 5634; x_wconf 87' lang='lat' dir='ltr'><strong>nos</strong></span> <span class='ocrx_word' id='word_1_640' title='bbox 512 5594 631 5632; x_wconf 85' lang='lat' dir='ltr'><strong>eam</strong></span> <span class='ocrx_word' id='word_1_641' title='bbox 666 5579 1000 5648; x_wconf 88' lang='lat' dir='ltr'><strong>accepimus,</strong></span> <span class='ocrx_word' id='word_1_642' title='bbox 1050 5580 1121 5632; x_wconf 91' lang='lat' dir='ltr'><strong>ita</strong></span> <span class='ocrx_word' id='word_1_643' title='bbox 1153 5587 1207 5632; x_wconf 92' lang='lat' dir='ltr'><strong>et</strong></span> <span class='ocrx_word' id='word_1_644' title='bbox 1255 5577 1321 5632; x_wconf 89' lang='lat' dir='ltr'><strong>ad</strong></span> <span class='ocrx_word' id='word_1_645' title='bbox 1382 5586 1632 5647; x_wconf 89' lang='lat' dir='ltr'><strong>posteros</strong></span> <span class='ocrx_word' id='word_1_646' title='bbox 1687 5578 1759 5632; x_wconf 88' lang='lat' dir='ltr'><strong>ab</strong></span> <span class='ocrx_word' id='word_1_647' title='bbox 1807 5577 1956 5633; x_wconf 90' lang='lat' dir='ltr'><strong>omni</strong></span> 
     </span>
    </p>
   </div>
   <div class='ocr_carea' id='block_1_90' title="bbox 380 5669 1947 5740">
    <p class='ocr_par' dir='ltr' id='par_1_90' title="bbox 380 5669 1947 5740">
     <span class='ocr_line' id='line_1_90' title="bbox 380 5669 1947 5740; baseline -0.002 -13"><span class='ocrx_word' id='word_1_648' title='bbox 380 5671 651 5727; x_wconf 83' lang='lat' dir='ltr'><strong>adulterio</strong></span> <span class='ocrx_word' id='word_1_649' title='bbox 681 5679 735 5726; x_wconf 90' lang='lat' dir='ltr'><strong>et</strong></span> <span class='ocrx_word' id='word_1_650' title='bbox 767 5673 941 5726; x_wconf 89' lang='lat' dir='ltr'><strong>alieno</strong></span> <span class='ocrx_word' id='word_1_651' title='bbox 958 5672 1207 5740; x_wconf 75' lang='lat' dir='ltr'><strong>dogmate</strong></span> <span class='ocrx_word' id='word_1_652' title='bbox 1230 5670 1526 5726; x_wconf 88' lang='lat' dir='ltr'><strong>immunem</strong></span> <span class='ocrx_word' id='word_1_653' title='bbox 1555 5669 1947 5728; x_wconf 82' lang='lat' dir='ltr'><strong>transmittere.</strong></span> 
     </span>
    </p>
   </div>
   <div class='ocr_carea' id='block_1_91' title="bbox 699 5767 1303 5836">
    <p class='ocr_par' dir='ltr' id='par_1_91' title="bbox 699 5767 1303 5836">
     <span class='ocr_line' id='line_1_91' title="bbox 699 5767 1303 5836; baseline -0.003 -7"><span class='ocrx_word' id='word_1_654' title='bbox 699 5771 967 5829; x_wconf 69' lang='lat' dir='ltr'><strong>l‘A&#39;rnoL.</strong></span> <span class='ocrx_word' id='word_1_655' title='bbox 1013 5771 1129 5830; x_wconf 83' lang='lat' dir='ltr'><strong>Gn.</strong></span> <span class='ocrx_word' id='word_1_656' title='bbox 1189 5767 1303 5836; x_wconf 85' lang='lat' dir='ltr'><strong>CL.</strong></span> 
     </span>
    </p>
   </div>
   <div class='ocr_carea' id='block_1_92' title="bbox 2046 3087 3628 3159">
    <p class='ocr_par' dir='ltr' id='par_1_92' title="bbox 2046 3087 3628 3159">
     <span class='ocr_line' id='line_1_92' title="bbox 2046 3087 3628 3159; baseline 0.004 -17"><span class='ocrx_word' id='word_1_657' title='bbox 2046 3097 2204 3155; x_wconf 87' lang='lat' dir='ltr'><strong>tura;</strong></span> <span class='ocrx_word' id='word_1_658' title='bbox 2235 3089 2280 3144; x_wconf 90' lang='lat' dir='ltr'><strong>si</strong></span> <span class='ocrx_word' id='word_1_659' title='bbox 2300 3087 2464 3152; x_wconf 89' lang='lat' dir='ltr'><strong>Deus,</strong></span> <span class='ocrx_word' id='word_1_660' title='bbox 2492 3103 2627 3159; x_wconf 89' lang='lat' dir='ltr'><strong>ergo</strong></span> <span class='ocrx_word' id='word_1_661' title='bbox 2652 3103 2759 3144; x_wconf 90' lang='lat' dir='ltr'><strong>non</strong></span> <span class='ocrx_word' id='word_1_662' title='bbox 2780 3089 3112 3159; x_wconf 82' lang='lat' dir='ltr'><strong>conspicitur</strong></span> <span class='ocrx_word' id='word_1_663' title='bbox 3126 3089 3298 3145; x_wconf 85' lang='lat' dir='ltr'><strong>oculis</strong></span> <span class='ocrx_word' id='word_1_664' title='bbox 3317 3089 3628 3158; x_wconf 84' lang='lat' dir='ltr'><strong>corporeis:</strong></span> 
     </span>
    </p>
   </div>
   <div class='ocr_carea' id='block_1_93' title="bbox 2046 3181 3626 3250">
    <p class='ocr_par' dir='ltr' id='par_1_93' title="bbox 2046 3181 3626 3250">
     <span class='ocr_line' id='line_1_93' title="bbox 2046 3181 3626 3250; baseline -0.001 -13"><span class='ocrx_word' id='word_1_665' title='bbox 2046 3183 2091 3237; x_wconf 88' lang='lat' dir='ltr'><strong>si</strong></span> <span class='ocrx_word' id='word_1_666' title='bbox 2120 3191 2391 3244; x_wconf 87' lang='lat' dir='ltr'><strong>creatura,</strong></span> <span class='ocrx_word' id='word_1_667' title='bbox 2427 3197 2532 3235; x_wconf 92' lang='lat' dir='ltr'><strong>non</strong></span> <span class='ocrx_word' id='word_1_668' title='bbox 2571 3196 2700 3250; x_wconf 84' lang='lat' dir='ltr'><strong>ergo</strong></span> <span class='ocrx_word' id='word_1_669' title='bbox 2745 3183 3066 3236; x_wconf 75' lang='lat' dir='ltr'><strong>inc-reatum.</strong></span> <span class='ocrx_word' id='word_1_670' title='bbox 3102 3181 3167 3236; x_wconf 85' lang='lat' dir='ltr'><strong>Et</strong></span> <span class='ocrx_word' id='word_1_671' title='bbox 3204 3183 3351 3238; x_wconf 89' lang='lat' dir='ltr'><strong>dicta</strong></span> <span class='ocrx_word' id='word_1_672' title='bbox 3383 3183 3626 3249; x_wconf 71' lang='lat' dir='ltr'><strong>Patrum,</strong></span> 
     </span>
    </p>
   </div>
   <div class='ocr_carea' id='block_1_94' title="bbox 2047 3275 3622 3345">
    <p class='ocr_par' dir='ltr' id='par_1_94' title="bbox 2047 3275 3622 3345">
     <span class='ocr_line' id='line_1_94' title="bbox 2047 3275 3622 3345; baseline 0.001 -17"><span class='ocrx_word' id='word_1_673' title='bbox 2047 3290 2170 3345; x_wconf 73' lang='lat' dir='ltr'><strong>qua:</strong></span> <span class='ocrx_word' id='word_1_674' title='bbox 2193 3289 2288 3342; x_wconf 87' lang='lat' dir='ltr'><strong>pro</strong></span> <span class='ocrx_word' id='word_1_675' title='bbox 2325 3275 2559 3330; x_wconf 67' lang='lat' dir='ltr'><strong>Palatinae</strong></span> <span class='ocrx_word' id='word_1_676' title='bbox 2603 3275 2860 3344; x_wconf 88' lang='lat' dir='ltr'><strong>opinione</strong></span> <span class='ocrx_word' id='word_1_677' title='bbox 2918 3276 3316 3345; x_wconf 83' lang='lat' dir='ltr'><strong>agglomerant,</strong></span> <span class='ocrx_word' id='word_1_678' title='bbox 3370 3277 3622 3332; x_wconf 79' lang='lat' dir='ltr'><strong>Barlaaut</strong></span> 
     </span>
    </p>
   </div>
   <div class='ocr_carea' id='block_1_95' title="bbox 2048 3366 3630 3438">
    <p class='ocr_par' dir='ltr' id='par_1_95' title="bbox 2048 3366 3630 3438">
     <span class='ocr_line' id='line_1_95' title="bbox 2048 3366 3630 3438; baseline -0.001 -16"><span class='ocrx_word' id='word_1_679' title='bbox 2048 3368 2228 3438; x_wconf 89' lang='lat' dir='ltr'><strong>potius</strong></span> <span class='ocrx_word' id='word_1_680' title='bbox 2278 3366 2603 3423; x_wconf 88' lang='lat' dir='ltr'><strong>sententiam</strong></span> <span class='ocrx_word' id='word_1_681' title='bbox 2639 3367 2882 3432; x_wconf 83' lang='lat' dir='ltr'><strong>firmare,</strong></span> <span class='ocrx_word' id='word_1_682' title='bbox 2910 3367 3172 3423; x_wconf 89' lang='lat' dir='ltr'><strong>latissime</strong></span> <span class='ocrx_word' id='word_1_683' title='bbox 3225 3367 3416 3437; x_wconf 85' lang='lat' dir='ltr'><strong>probat</strong></span> <span class='ocrx_word' id='word_1_684' title='bbox 3464 3367 3630 3422; x_wconf 80' lang='lat' dir='ltr'><strong>Joan-</strong></span> 
     </span>
    </p>
   </div>
   <div class='ocr_carea' id='block_1_96' title="bbox 2049 3457 3632 3530">
    <p class='ocr_par' dir='ltr' id='par_1_96' title="bbox 2049 3457 3632 3530">
     <span class='ocr_line' id='line_1_96' title="bbox 2049 3457 3632 3530; baseline -0.002 -16"><span class='ocrx_word' id='word_1_685' title='bbox 2049 3475 2145 3515; x_wconf 89' lang='lat' dir='ltr'><strong>nes</strong></span> <span class='ocrx_word' id='word_1_686' title='bbox 2167 3459 2555 3530; x_wconf 83' lang='lat' dir='ltr'><strong>Cyparissiata,</strong></span> <span class='ocrx_word' id='word_1_687' title='bbox 2591 3474 2713 3529; x_wconf 89' lang='lat' dir='ltr'><strong>cap.</strong></span> <span class='ocrx_word' id='word_1_688' title='bbox 2739 3459 2773 3513; x_wconf 72' lang='grc'><strong>4</strong></span> <span class='ocrx_word' id='word_1_689' title='bbox 2804 3467 2859 3514; x_wconf 91' lang='lat' dir='ltr'><strong>et</strong></span> <span class='ocrx_word' id='word_1_690' title='bbox 2881 3459 2915 3512; x_wconf 83' lang='lat'><strong>5</strong></span> <span class='ocrx_word' id='word_1_691' title='bbox 2947 3457 3177 3513; x_wconf 85' lang='lat' dir='ltr'><strong>Decadis</strong></span> <span class='ocrx_word' id='word_1_692' title='bbox 3207 3466 3393 3514; x_wconf 74' lang='lat' dir='ltr'><strong>sextae.</strong></span> <span class='ocrx_word' id='word_1_693' title='bbox 3431 3458 3632 3526; x_wconf 79' lang='lat' dir='ltr'><strong>Quent-</strong></span> 
     </span>
    </p>
   </div>
   <div class='ocr_carea' id='block_1_97' title="bbox 2048 3548 3628 3620">
    <p class='ocr_par' dir='ltr' id='par_1_97' title="bbox 2048 3548 3628 3620">
     <span class='ocr_line' id='line_1_97' title="bbox 2048 3548 3628 3620; baseline -0.001 -14"><span class='ocrx_word' id='word_1_694' title='bbox 2048 3553 2339 3607; x_wconf 88' lang='lat' dir='ltr'><strong>admodum</strong></span> <span class='ocrx_word' id='word_1_695' title='bbox 2373 3568 2435 3606; x_wconf 89' lang='lat' dir='ltr'><strong>ex</strong></span> <span class='ocrx_word' id='word_1_696' title='bbox 2461 3551 2566 3605; x_wconf 88' lang='lat' dir='ltr'><strong>alia</strong></span> <span class='ocrx_word' id='word_1_697' title='bbox 2621 3558 2772 3619; x_wconf 89' lang='lat' dir='ltr'><strong>parte</strong></span> <span class='ocrx_word' id='word_1_698' title='bbox 2803 3548 3077 3620; x_wconf 85' lang='lat' dir='ltr'><strong>Josephus</strong></span> <span class='ocrx_word' id='word_1_699' title='bbox 3115 3549 3439 3620; x_wconf 78' lang='lat' dir='ltr'><strong>Bryennius,</strong></span> <span class='ocrx_word' id='word_1_700' title='bbox 3487 3561 3628 3604; x_wconf 74' lang='lat' dir='ltr'><strong>orat.</strong></span> 
     </span>
    </p>
   </div>
   <div class='ocr_carea' id='block_1_98' title="bbox 2049 3638 3629 3712">
    <p class='ocr_par' dir='ltr' id='par_1_98' title="bbox 2049 3638 3629 3712">
     <span class='ocr_line' id='line_1_98' title="bbox 2049 3638 3629 3712; baseline -0.003 -16"><span class='ocrx_word' id='word_1_701' title='bbox 2049 3642 2115 3697; x_wconf 91' lang='lat' dir='ltr'><strong>de</strong></span> <span class='ocrx_word' id='word_1_702' title='bbox 2141 3640 2638 3712; x_wconf 80' lang='lat' dir='ltr'><strong>Transtiguratione</strong></span> <span class='ocrx_word' id='word_1_703' title='bbox 2667 3639 2905 3704; x_wconf 88' lang='lat' dir='ltr'><strong>Domini,</strong></span> <span class='ocrx_word' id='word_1_704' title='bbox 2935 3639 3251 3695; x_wconf 81' lang='lat' dir='ltr'><strong>earumdem</strong></span> <span class='ocrx_word' id='word_1_705' title='bbox 3311 3640 3469 3696; x_wconf 80' lang='lat' dir='ltr'><strong>dictis</strong></span> <span class='ocrx_word' id='word_1_706' title='bbox 3525 3638 3629 3693; x_wconf 85' lang='lat' dir='ltr'><strong>Pa-</strong></span> 
     </span>
    </p>
   </div>
   <div class='ocr_carea' id='block_1_99' title="bbox 2049 3729 3630 3800">
    <p class='ocr_par' dir='ltr' id='par_1_99' title="bbox 2049 3729 3630 3800">
     <span class='ocr_line' id='line_1_99' title="bbox 2049 3729 3630 3800; baseline -0.003 -14"><span class='ocrx_word' id='word_1_707' title='bbox 2049 3733 2208 3787; x_wconf 77' lang='lat' dir='ltr'><strong>lamre</strong></span> <span class='ocrx_word' id='word_1_708' title='bbox 2230 3734 2551 3789; x_wconf 87' lang='lat' dir='ltr'><strong>sententiam</strong></span> <span class='ocrx_word' id='word_1_709' title='bbox 2584 3731 2927 3787; x_wconf 89' lang='lat' dir='ltr'><strong>corroborat.</strong></span> <span class='ocrx_word' id='word_1_710' title='bbox 2984 3729 3125 3797; x_wconf 86' lang='lat' dir='ltr'><strong>Quid</strong></span> <span class='ocrx_word' id='word_1_711' title='bbox 3181 3743 3311 3800; x_wconf 89' lang='lat' dir='ltr'><strong>ergo</strong></span> <span class='ocrx_word' id='word_1_712' title='bbox 3344 3731 3630 3785; x_wconf 89' lang='lat' dir='ltr'><strong>dicendum</strong></span> 
     </span>
    </p>
   </div>
   <div class='ocr_carea' id='block_1_100' title="bbox 2049 3821 3634 3880">
    <p class='ocr_par' dir='ltr' id='par_1_100' title="bbox 2049 3821 3634 3880">
     <span class='ocr_line' id='line_1_100' title="bbox 2049 3821 3634 3880; baseline -0.005 0"><span class='ocrx_word' id='word_1_713' title='bbox 2049 3825 2461 3880; x_wconf 87' lang='lat' dir='ltr'><strong>est?Patresne</strong></span> <span class='ocrx_word' id='word_1_714' title='bbox 2517 3825 2621 3880; x_wconf 89' lang='lat' dir='ltr'><strong>sibi</strong></span> <span class='ocrx_word' id='word_1_715' title='bbox 2671 3824 2902 3879; x_wconf 88' lang='lat' dir='ltr'><strong>invicem</strong></span> <span class='ocrx_word' id='word_1_716' title='bbox 2970 3823 3243 3878; x_wconf 87' lang='lat' dir='ltr'><strong>contraria</strong></span> <span class='ocrx_word' id='word_1_717' title='bbox 3306 3821 3634 3875; x_wconf 77' lang='lat' dir='ltr'><strong>tradidisse?</strong></span> 
     </span>
    </p>
   </div>
   <div class='ocr_carea' id='block_1_101' title="bbox 2047 3913 3633 3987">
    <p class='ocr_par' dir='ltr' id='par_1_101' title="bbox 2047 3913 3633 3987">
     <span class='ocr_line' id='line_1_101' title="bbox 2047 3913 3633 3987; baseline -0.005 -16"><span class='ocrx_word' id='word_1_718' title='bbox 2047 3918 2429 3987; x_wconf 84' lang='lat' dir='ltr'><strong>Nequaquam.</strong></span> <span class='ocrx_word' id='word_1_719' title='bbox 2457 3916 2660 3984; x_wconf 87' lang='lat' dir='ltr'><strong>Quare,</strong></span> <span class='ocrx_word' id='word_1_720' title='bbox 2703 3919 2778 3972; x_wconf 85' lang='lat' dir='ltr'><strong>uti</strong></span> <span class='ocrx_word' id='word_1_721' title='bbox 2808 3917 2860 3972; x_wconf 92' lang='lat' dir='ltr'><strong>in</strong></span> <span class='ocrx_word' id='word_1_722' title='bbox 2888 3917 3054 3972; x_wconf 84' lang='lat' dir='ltr'><strong>rebus</strong></span> <span class='ocrx_word' id='word_1_723' title='bbox 3090 3917 3232 3981; x_wconf 88' lang='lat' dir='ltr'><strong>aliis,</strong></span> <span class='ocrx_word' id='word_1_724' title='bbox 3285 3916 3359 3969; x_wconf 85' lang='lat' dir='ltr'><strong>ita</strong></span> <span class='ocrx_word' id='word_1_725' title='bbox 3417 3913 3472 3967; x_wconf 91' lang='lat' dir='ltr'><strong>in</strong></span> <span class='ocrx_word' id='word_1_726' title='bbox 3529 3913 3633 3965; x_wconf 86' lang='lat' dir='ltr'><strong>hac</strong></span> 
     </span>
    </p>
   </div>
   <div class='ocr_carea' id='block_1_102' title="bbox 2048 4005 3634 4079">
    <p class='ocr_par' dir='ltr' id='par_1_102' title="bbox 2048 4005 3634 4079">
     <span class='ocr_line' id='line_1_102' title="bbox 2048 4005 3634 4079; baseline -0.003 -18"><span class='ocrx_word' id='word_1_727' title='bbox 2048 4023 2288 4079; x_wconf 86' lang='lat' dir='ltr'><strong>quoque,</strong></span> <span class='ocrx_word' id='word_1_728' title='bbox 2331 4010 2502 4062; x_wconf 80' lang='lat' dir='ltr'><strong>media</strong></span> <span class='ocrx_word' id='word_1_729' title='bbox 2527 4008 2612 4062; x_wconf 89' lang='lat' dir='ltr'><strong>via</strong></span> <span class='ocrx_word' id='word_1_730' title='bbox 2638 4007 3090 4076; x_wconf 75' lang='lat' dir='ltr'><strong>progrediendum</strong></span> <span class='ocrx_word' id='word_1_731' title='bbox 3128 4015 3233 4068; x_wconf 86' lang='lat' dir='ltr'><strong>est,</strong></span> <span class='ocrx_word' id='word_1_732' title='bbox 3265 4021 3330 4059; x_wconf 89' lang='lat' dir='ltr'><strong>ne</strong></span> <span class='ocrx_word' id='word_1_733' title='bbox 3354 4021 3384 4059; x_wconf 88' lang='lat' dir='ltr'><strong>a</strong></span> <span class='ocrx_word' id='word_1_734' title='bbox 3407 4005 3634 4060; x_wconf 83' lang='lat' dir='ltr'><strong>veritate</strong></span> 
     </span>
    </p>
   </div>
   <div class='ocr_carea' id='block_1_103' title="bbox 2049 4098 3633 4166">
    <p class='ocr_par' dir='ltr' id='par_1_103' title="bbox 2049 4098 3633 4166">
     <span class='ocr_line' id='line_1_103' title="bbox 2049 4098 3633 4166; baseline -0.004 -12"><span class='ocrx_word' id='word_1_735' title='bbox 2049 4103 2392 4155; x_wconf 81' lang='lat' dir='ltr'><strong>aberremus.</strong></span> <span class='ocrx_word' id='word_1_736' title='bbox 2455 4099 2508 4155; x_wconf 91' lang='lat' dir='ltr'><strong>ld</strong></span> <span class='ocrx_word' id='word_1_737' title='bbox 2537 4115 2660 4155; x_wconf 88' lang='lat' dir='ltr'><strong>cum</strong></span> <span class='ocrx_word' id='word_1_738' title='bbox 2721 4115 2832 4155; x_wconf 89' lang='lat' dir='ltr'><strong>non</strong></span> <span class='ocrx_word' id='word_1_739' title='bbox 2891 4100 3125 4157; x_wconf 80' lang='lat' dir='ltr'><strong>assecuti</strong></span> <span class='ocrx_word' id='word_1_740' title='bbox 3177 4098 3411 4155; x_wconf 83' lang='lat' dir='ltr'><strong>fuissent</strong></span> <span class='ocrx_word' id='word_1_741' title='bbox 3455 4113 3633 4166; x_wconf 81' lang='lat' dir='ltr'><strong>neque</strong></span> 
     </span>
    </p>
   </div>
   <div class='ocr_carea' id='block_1_104' title="bbox 2050 4191 3636 4263">
    <p class='ocr_par' dir='ltr' id='par_1_104' title="bbox 2050 4191 3636 4263">
     <span class='ocr_line' id='line_1_104' title="bbox 2050 4191 3636 4263; baseline -0.001 -16"><span class='ocrx_word' id='word_1_742' title='bbox 2050 4193 2568 4263; x_wconf 84' lang='lat' dir='ltr'><strong>Barlaamusneque</strong></span> <span class='ocrx_word' id='word_1_743' title='bbox 2598 4192 2868 4259; x_wconf 83' lang='lat' dir='ltr'><strong>Palamas,</strong></span> <span class='ocrx_word' id='word_1_744' title='bbox 2909 4191 2963 4248; x_wconf 87' lang='lat' dir='ltr'><strong>in</strong></span> <span class='ocrx_word' id='word_1_745' title='bbox 2995 4191 3174 4249; x_wconf 88' lang='lat' dir='ltr'><strong>varios</strong></span> <span class='ocrx_word' id='word_1_746' title='bbox 3227 4206 3444 4247; x_wconf 87' lang='lat' dir='ltr'><strong>errores</strong></span> <span class='ocrx_word' id='word_1_747' title='bbox 3496 4191 3636 4262; x_wconf 85' lang='lat' dir='ltr'><strong>lapsi</strong></span> 
     </span>
    </p>
   </div>
   <div class='ocr_carea' id='block_1_105' title="bbox 2053 4282 3633 4354">
    <p class='ocr_par' dir='ltr' id='par_1_105' title="bbox 2053 4282 3633 4354">
     <span class='ocr_line' id='line_1_105' title="bbox 2053 4282 3633 4354; baseline 0.001 -14"><span class='ocrx_word' id='word_1_748' title='bbox 2053 4296 2200 4340; x_wconf 86' lang='lat' dir='ltr'><strong>sunt.</strong></span> <span class='ocrx_word' id='word_1_749' title='bbox 2230 4282 2398 4339; x_wconf 91' lang='lat' dir='ltr'><strong>Error</strong></span> <span class='ocrx_word' id='word_1_750' title='bbox 2417 4285 2603 4354; x_wconf 82' lang='lat' dir='ltr'><strong>itaque</strong></span> <span class='ocrx_word' id='word_1_751' title='bbox 2629 4285 2816 4348; x_wconf 84' lang='lat' dir='ltr'><strong>fuerit,</strong></span> <span class='ocrx_word' id='word_1_752' title='bbox 2858 4301 3123 4350; x_wconf 87' lang='lat' dir='ltr'><strong>asserere,</strong></span> <span class='ocrx_word' id='word_1_753' title='bbox 3187 4283 3368 4341; x_wconf 89' lang='lat' dir='ltr'><strong>lumen</strong></span> <span class='ocrx_word' id='word_1_754' title='bbox 3419 4285 3546 4340; x_wconf 89' lang='lat' dir='ltr'><strong>illud</strong></span> <span class='ocrx_word' id='word_1_755' title='bbox 3579 4288 3633 4341; x_wconf 90' lang='lat' dir='ltr'><strong>in</strong></span> 
     </span>
    </p>
   </div>
   <div class='ocr_carea' id='block_1_106' title="bbox 2055 4375 3632 4450">
    <p class='ocr_par' dir='ltr' id='par_1_106' title="bbox 2055 4375 3632 4450">
     <span class='ocr_line' id='line_1_106' title="bbox 2055 4375 3632 4450; baseline 0.001 -20"><span class='ocrx_word' id='word_1_756' title='bbox 2055 4386 2239 4433; x_wconf 89' lang='lat' dir='ltr'><strong>monte</strong></span> <span class='ocrx_word' id='word_1_757' title='bbox 2261 4375 2534 4433; x_wconf 87' lang='lat' dir='ltr'><strong>Thahorio</strong></span> <span class='ocrx_word' id='word_1_758' title='bbox 2563 4393 2672 4433; x_wconf 91' lang='lat' dir='ltr'><strong>non</strong></span> <span class='ocrx_word' id='word_1_759' title='bbox 2701 4377 2872 4434; x_wconf 82' lang='lat' dir='ltr'><strong>fuisse</strong></span> <span class='ocrx_word' id='word_1_760' title='bbox 2914 4379 3133 4434; x_wconf 83' lang='lat' dir='ltr'><strong>deitatis</strong></span> <span class='ocrx_word' id='word_1_761' title='bbox 3184 4379 3326 4435; x_wconf 70' lang='lat' dir='ltr'><strong>illius</strong></span> <span class='ocrx_word' id='word_1_762' title='bbox 3377 4380 3632 4450; x_wconf 80' lang='lat' dir='ltr'><strong>gloriam,</strong></span> 
     </span>
    </p>
   </div>
   <div class='ocr_carea' id='block_1_107' title="bbox 2051 4474 3634 4550">
    <p class='ocr_par' dir='ltr' id='par_1_107' title="bbox 2051 4474 3634 4550">
     <span class='ocr_line' id='line_1_107' title="bbox 2051 4474 3634 4550; baseline 0.007 -24"><span class='ocrx_word' id='word_1_763' title='bbox 2051 4483 2106 4527; x_wconf 91' lang='lat' dir='ltr'><strong>et</strong></span> <span class='ocrx_word' id='word_1_764' title='bbox 2134 4474 2316 4530; x_wconf 89' lang='lat' dir='ltr'><strong>lumen</strong></span> <span class='ocrx_word' id='word_1_765' title='bbox 2346 4478 2655 4546; x_wconf 88' lang='lat' dir='ltr'><strong>proprium,</strong></span> <span class='ocrx_word' id='word_1_766' title='bbox 2699 4477 2993 4550; x_wconf 84' lang='lat' dir='ltr'><strong>lumenque</strong></span> <span class='ocrx_word' id='word_1_767' title='bbox 3043 4482 3112 4535; x_wconf 87' lang='lat' dir='ltr'><strong>ab</strong></span> <span class='ocrx_word' id='word_1_768' title='bbox 3163 4483 3400 4538; x_wconf 88' lang='lat' dir='ltr'><strong>essentia</strong></span> <span class='ocrx_word' id='word_1_769' title='bbox 3450 4483 3634 4538; x_wconf 91' lang='lat' dir='ltr'><strong>divina</strong></span> 
     </span>
    </p>
   </div>
   <div class='ocr_carea' id='block_1_108' title="bbox 2053 4569 3638 4637">
    <p class='ocr_par' dir='ltr' id='par_1_108' title="bbox 2053 4569 3638 4637">
     <span class='ocr_line' id='line_1_108' title="bbox 2053 4569 3638 4637; baseline 0.006 -19"><span class='ocrx_word' id='word_1_770' title='bbox 2053 4577 2338 4633; x_wconf 90' lang='lat' dir='ltr'><strong>emanans,</strong></span> <span class='ocrx_word' id='word_1_771' title='bbox 2387 4569 2530 4637; x_wconf 92' lang='lat' dir='ltr'><strong>quod</strong></span> <span class='ocrx_word' id='word_1_772' title='bbox 2558 4585 2722 4624; x_wconf 91' lang='lat' dir='ltr'><strong>unum</strong></span> <span class='ocrx_word' id='word_1_773' title='bbox 2749 4581 2804 4626; x_wconf 89' lang='lat' dir='ltr'><strong>et</strong></span> <span class='ocrx_word' id='word_1_774' title='bbox 2853 4572 2990 4628; x_wconf 90' lang='lat' dir='ltr'><strong>idem</strong></span> <span class='ocrx_word' id='word_1_775' title='bbox 3018 4589 3143 4628; x_wconf 91' lang='lat' dir='ltr'><strong>cum</strong></span> <span class='ocrx_word' id='word_1_776' title='bbox 3195 4575 3432 4630; x_wconf 74' lang='lat' dir='ltr'><strong>essentia</strong></span> <span class='ocrx_word' id='word_1_777' title='bbox 3454 4574 3638 4628; x_wconf 88' lang='lat' dir='ltr'><strong>divina</strong></span> 
     </span>
    </p>
   </div>
   <div class='ocr_carea' id='block_1_109' title="bbox 2053 4658 3635 4734">
    <p class='ocr_par' dir='ltr' id='par_1_109' title="bbox 2053 4658 3635 4734">
     <span class='ocr_line' id='line_1_109' title="bbox 2053 4658 3635 4734; baseline 0.006 -22"><span class='ocrx_word' id='word_1_778' title='bbox 2053 4666 2170 4712; x_wconf 89' lang='lat' dir='ltr'><strong>erat</strong></span> <span class='ocrx_word' id='word_1_779' title='bbox 2232 4672 2335 4713; x_wconf 92' lang='lat' dir='ltr'><strong>nec</strong></span> <span class='ocrx_word' id='word_1_780' title='bbox 2389 4658 2559 4726; x_wconf 87' lang='lat' dir='ltr'><strong>aliud,</strong></span> <span class='ocrx_word' id='word_1_781' title='bbox 2608 4671 2668 4715; x_wconf 92' lang='lat' dir='ltr'><strong>ut</strong></span> <span class='ocrx_word' id='word_1_782' title='bbox 2723 4673 2980 4720; x_wconf 84' lang='lat' dir='ltr'><strong>asserunt</strong></span> <span class='ocrx_word' id='word_1_783' title='bbox 3028 4665 3368 4733; x_wconf 87' lang='lat' dir='ltr'><strong>apertisstme</strong></span> <span class='ocrx_word' id='word_1_784' title='bbox 3425 4667 3635 4734; x_wconf 87' lang='lat' dir='ltr'><strong>Patres,</strong></span> 
     </span>
    </p>
   </div>
   <div class='ocr_carea' id='block_1_110' title="bbox 2054 4747 3638 4829">
    <p class='ocr_par' dir='ltr' id='par_1_110' title="bbox 2054 4747 3638 4829">
     <span class='ocr_line' id='line_1_110' title="bbox 2054 4747 3638 4829; baseline 0.009 -27"><span class='ocrx_word' id='word_1_785' title='bbox 2054 4747 2302 4818; x_wconf 71' lang='lat' dir='ltr'><strong>prraem</strong></span> <span class='ocrx_word' id='word_1_786' title='bbox 2349 4750 2540 4823; x_wconf 81' lang='lat' dir='ltr'><strong>Syrus,</strong></span> <span class='ocrx_word' id='word_1_787' title='bbox 2605 4752 2843 4811; x_wconf 83' lang='lat' dir='ltr'><strong>Joannes</strong></span> <span class='ocrx_word' id='word_1_788' title='bbox 2904 4757 3291 4819; x_wconf 81' lang='lat' dir='ltr'><strong>Damasccnus,</strong></span> <span class='ocrx_word' id='word_1_789' title='bbox 3352 4759 3638 4829; x_wconf 75' lang='lat' dir='ltr'><strong>Dionysius</strong></span> 
     </span>
    </p>
   </div>
   <div class='ocr_carea' id='block_1_111' title="bbox 2058 4842 3636 4917">
    <p class='ocr_par' dir='ltr' id='par_1_111' title="bbox 2058 4842 3636 4917">
     <span class='ocr_line' id='line_1_111' title="bbox 2058 4842 3636 4917; baseline 0.007 -23"><span class='ocrx_word' id='word_1_790' title='bbox 2058 4842 2412 4912; x_wconf 83' lang='lat' dir='ltr'><strong>AreOpagita,</strong></span> <span class='ocrx_word' id='word_1_791' title='bbox 2480 4845 2727 4900; x_wconf 82' lang='lat' dir='ltr'><strong>Andreas</strong></span> <span class='ocrx_word' id='word_1_792' title='bbox 2759 4846 3062 4905; x_wconf 87' lang='lat' dir='ltr'><strong>Cretensis.</strong></span> <span class='ocrx_word' id='word_1_793' title='bbox 3108 4849 3335 4904; x_wconf 87' lang='lat' dir='ltr'><strong>Cosmas</strong></span> <span class='ocrx_word' id='word_1_794' title='bbox 3370 4849 3636 4917; x_wconf 80' lang='lat' dir='ltr'><strong>Melodus,</strong></span> 
     </span>
    </p>
   </div>
   <div class='ocr_carea' id='block_1_112' title="bbox 2059 4931 3639 5008">
    <p class='ocr_par' dir='ltr' id='par_1_112' title="bbox 2059 4931 3639 5008">
     <span class='ocr_line' id='line_1_112' title="bbox 2059 4931 3639 5008; baseline 0.008 -24"><span class='ocrx_word' id='word_1_795' title='bbox 2059 4931 2328 4989; x_wconf 76' lang='lat' dir='ltr'><strong>Maximus</strong></span> <span class='ocrx_word' id='word_1_796' title='bbox 2357 4936 2660 5001; x_wconf 89' lang='lat' dir='ltr'><strong>confessor,</strong></span> <span class='ocrx_word' id='word_1_797' title='bbox 2688 4938 2924 5008; x_wconf 40' lang='lat' dir='ltr'><strong>Cyritlus</strong></span> <span class='ocrx_word' id='word_1_798' title='bbox 2951 4938 3370 5005; x_wconf 79' lang='lat' dir='ltr'><strong>Alexandrinus,</strong></span> <span class='ocrx_word' id='word_1_799' title='bbox 3399 4940 3639 4998; x_wconf 76' lang='lat' dir='ltr'><strong>Joautn-s</strong></span> 
     </span>
    </p>
   </div>
   <div class='ocr_carea' id='block_1_113' title="bbox 2055 5024 3637 5099">
    <p class='ocr_par' dir='ltr' id='par_1_113' title="bbox 2055 5024 3637 5099">
     <span class='ocr_line' id='line_1_113' title="bbox 2055 5024 3637 5099; baseline 0.009 -21"><span class='ocrx_word' id='word_1_800' title='bbox 2055 5024 2501 5095; x_wconf 77' lang='lat' dir='ltr'><strong>ChrysOstomus,</strong></span> <span class='ocrx_word' id='word_1_801' title='bbox 2576 5028 2874 5099; x_wconf 76' lang='lat' dir='ltr'><strong>Gregorius</strong></span> <span class='ocrx_word' id='word_1_802' title='bbox 2937 5027 3342 5098; x_wconf 86' lang='lat' dir='ltr'><strong>Nazianzenus,</strong></span> <span class='ocrx_word' id='word_1_803' title='bbox 3401 5035 3637 5092; x_wconf 37' lang='lat' dir='ltr'><strong>Basilius</strong></span> 
     </span>
    </p>
   </div>
   <div class='ocr_carea' id='block_1_114' title="bbox 2058 5116 3636 5197">
    <p class='ocr_par' dir='ltr' id='par_1_114' title="bbox 2058 5116 3636 5197">
     <span class='ocr_line' id='line_1_114' title="bbox 2058 5116 3636 5197; baseline 0.008 -25"><span class='ocrx_word' id='word_1_804' title='bbox 2058 5116 2286 5188; x_wconf 78' lang='lat' dir='ltr'><strong>Magnus</strong></span> <span class='ocrx_word' id='word_1_805' title='bbox 2313 5130 2366 5176; x_wconf 89' lang='lat' dir='ltr'><strong>et</strong></span> <span class='ocrx_word' id='word_1_806' title='bbox 2391 5121 2726 5178; x_wconf 85' lang='lat' dir='ltr'><strong>Athanasius</strong></span> <span class='ocrx_word' id='word_1_807' title='bbox 2775 5120 3116 5193; x_wconf 85' lang='lat' dir='ltr'><strong>Synadenus.</strong></span> <span class='ocrx_word' id='word_1_808' title='bbox 3169 5125 3437 5197; x_wconf 84' lang='lat' dir='ltr'><strong>Splendor</strong></span> <span class='ocrx_word' id='word_1_809' title='bbox 3489 5131 3636 5185; x_wconf 89' lang='lat' dir='ltr'><strong>enim</strong></span> 
     </span>
    </p>
   </div>
   <div class='ocr_carea' id='block_1_115' title="bbox 2058 5211 3638 5294">
    <p class='ocr_par' dir='ltr' id='par_1_115' title="bbox 2058 5211 3638 5294">
     <span class='ocr_line' id='line_1_115' title="bbox 2058 5211 3638 5294; baseline 0.009 -29"><span class='ocrx_word' id='word_1_810' title='bbox 2058 5211 2174 5278; x_wconf 89' lang='lat' dir='ltr'><strong>ille,</strong></span> <span class='ocrx_word' id='word_1_811' title='bbox 2214 5223 2269 5269; x_wconf 93' lang='lat' dir='ltr'><strong>et</strong></span> <span class='ocrx_word' id='word_1_812' title='bbox 2317 5216 2521 5283; x_wconf 87' lang='lat' dir='ltr'><strong>lumen,</strong></span> <span class='ocrx_word' id='word_1_813' title='bbox 2551 5217 2670 5286; x_wconf 85' lang='lat' dir='ltr'><strong>ipsa</strong></span> <span class='ocrx_word' id='word_1_814' title='bbox 2709 5219 2908 5275; x_wconf 86' lang='lat' dir='ltr'><strong>Christi</strong></span> <span class='ocrx_word' id='word_1_815' title='bbox 2941 5220 3110 5276; x_wconf 85' lang='lat' dir='ltr'><strong>deitas</strong></span> <span class='ocrx_word' id='word_1_816' title='bbox 3145 5221 3289 5278; x_wconf 90' lang='lat' dir='ltr'><strong>beati</strong></span> <span class='ocrx_word' id='word_1_817' title='bbox 3336 5224 3458 5287; x_wconf 89' lang='lat' dir='ltr'><strong>fuit.</strong></span> <span class='ocrx_word' id='word_1_818' title='bbox 3517 5240 3638 5294; x_wconf 80' lang='lat' dir='ltr'><strong>qua:</strong></span> 
     </span>
    </p>
   </div>
   <div class='ocr_carea' id='block_1_116' title="bbox 2059 5303 3632 5379">
    <p class='ocr_par' dir='ltr' id='par_1_116' title="bbox 2059 5303 3632 5379">
     <span class='ocr_line' id='line_1_116' title="bbox 2059 5303 3632 5379; baseline 0.008 -25"><span class='ocrx_word' id='word_1_819' title='bbox 2059 5315 2154 5369; x_wconf 90' lang='lat' dir='ltr'><strong>per</strong></span> <span class='ocrx_word' id='word_1_820' title='bbox 2183 5303 2504 5359; x_wconf 84' lang='lat' dir='ltr'><strong>miraculum</strong></span> <span class='ocrx_word' id='word_1_821' title='bbox 2536 5306 2603 5361; x_wconf 91' lang='lat' dir='ltr'><strong>ad</strong></span> <span class='ocrx_word' id='word_1_822' title='bbox 2631 5306 2762 5361; x_wconf 91' lang='lat' dir='ltr'><strong>illud</strong></span> <span class='ocrx_word' id='word_1_823' title='bbox 2798 5319 3011 5379; x_wconf 84' lang='lat' dir='ltr'><strong>tempus</strong></span> <span class='ocrx_word' id='word_1_824' title='bbox 3033 5320 3194 5377; x_wconf 86' lang='lat' dir='ltr'><strong>tecta,</strong></span> <span class='ocrx_word' id='word_1_825' title='bbox 3231 5328 3297 5370; x_wconf 88' lang='lat' dir='ltr'><strong>ne</strong></span> <span class='ocrx_word' id='word_1_826' title='bbox 3328 5315 3502 5369; x_wconf 85' lang='lat' dir='ltr'><strong>oculis</strong></span> <span class='ocrx_word' id='word_1_827' title='bbox 3531 5319 3632 5368; x_wconf 86' lang='lat' dir='ltr'><strong>hu-</strong></span> 
     </span>
    </p>
   </div>
   <div class='ocr_carea' id='block_1_117' title="bbox 2060 5396 3638 5468">
    <p class='ocr_par' dir='ltr' id='par_1_117' title="bbox 2060 5396 3638 5468">
     <span class='ocr_line' id='line_1_117' title="bbox 2060 5396 3638 5468; baseline 0.008 -20"><span class='ocrx_word' id='word_1_828' title='bbox 2060 5396 2241 5452; x_wconf 84' lang='lat' dir='ltr'><strong>manis</strong></span> <span class='ocrx_word' id='word_1_829' title='bbox 2276 5412 2374 5451; x_wconf 89' lang='lat' dir='ltr'><strong>sua</strong></span> <span class='ocrx_word' id='word_1_830' title='bbox 2409 5398 2695 5468; x_wconf 84' lang='lat' dir='ltr'><strong>majestate</strong></span> <span class='ocrx_word' id='word_1_831' title='bbox 2725 5399 2983 5468; x_wconf 82' lang='lat' dir='ltr'><strong>officeret,</strong></span> <span class='ocrx_word' id='word_1_832' title='bbox 3024 5419 3088 5460; x_wconf 91' lang='lat' dir='ltr'><strong>eo</strong></span> <span class='ocrx_word' id='word_1_833' title='bbox 3139 5405 3227 5461; x_wconf 89' lang='lat' dir='ltr'><strong>die</strong></span> <span class='ocrx_word' id='word_1_834' title='bbox 3269 5417 3518 5462; x_wconf 87' lang='lat' dir='ltr'><strong>cessante</strong></span> <span class='ocrx_word' id='word_1_835' title='bbox 3557 5410 3638 5462; x_wconf 70' lang='lat' dir='ltr'><strong>dt-</strong></span> 
     </span>
    </p>
   </div>
   <div class='ocr_carea' id='block_1_118' title="bbox 2059 5487 3639 5567">
    <p class='ocr_par' dir='ltr' id='par_1_118' title="bbox 2059 5487 3639 5567">
     <span class='ocr_line' id='line_1_118' title="bbox 2059 5487 3639 5567; baseline 0.007 -26"><span class='ocrx_word' id='word_1_836' title='bbox 2059 5495 2147 5541; x_wconf 92' lang='lat' dir='ltr'><strong>cto</strong></span> <span class='ocrx_word' id='word_1_837' title='bbox 2196 5487 2460 5543; x_wconf 78' lang='lat' dir='ltr'><strong>miraculo</strong></span> <span class='ocrx_word' id='word_1_838' title='bbox 2499 5493 2770 5561; x_wconf 89' lang='lat' dir='ltr'><strong>apparuit,</strong></span> <span class='ocrx_word' id='word_1_839' title='bbox 2809 5505 2862 5551; x_wconf 89' lang='lat' dir='ltr'><strong>et</strong></span> <span class='ocrx_word' id='word_1_840' title='bbox 2911 5498 3280 5567; x_wconf 86' lang='lat' dir='ltr'><strong>apostolorum</strong></span> <span class='ocrx_word' id='word_1_841' title='bbox 3312 5497 3497 5554; x_wconf 86' lang='lat' dir='ltr'><strong>oculos</strong></span> <span class='ocrx_word' id='word_1_842' title='bbox 3526 5503 3639 5553; x_wconf 85' lang='lat' dir='ltr'><strong>cir-</strong></span> 
     </span>
    </p>
   </div>
   <div class='ocr_carea' id='block_1_119' title="bbox 2059 5579 3638 5656">
    <p class='ocr_par' dir='ltr' id='par_1_119' title="bbox 2059 5579 3638 5656">
     <span class='ocr_line' id='line_1_119' title="bbox 2059 5579 3638 5656; baseline 0.009 -22"><span class='ocrx_word' id='word_1_843' title='bbox 2059 5579 2364 5636; x_wconf 82' lang='lat' dir='ltr'><strong>cumfulsit.</strong></span> <span class='ocrx_word' id='word_1_844' title='bbox 2405 5580 2471 5635; x_wconf 86' lang='lat' dir='ltr'><strong>Et</strong></span> <span class='ocrx_word' id='word_1_845' title='bbox 2515 5597 2891 5656; x_wconf 75' lang='lat' dir='ltr'><strong>argumentum</strong></span> <span class='ocrx_word' id='word_1_846' title='bbox 2943 5591 3011 5645; x_wconf 89' lang='lat' dir='ltr'><strong>de</strong></span> <span class='ocrx_word' id='word_1_847' title='bbox 3052 5601 3234 5646; x_wconf 90' lang='lat' dir='ltr'><strong>creato</strong></span> <span class='ocrx_word' id='word_1_848' title='bbox 3277 5601 3332 5647; x_wconf 88' lang='lat' dir='ltr'><strong>et</strong></span> <span class='ocrx_word' id='word_1_849' title='bbox 3393 5594 3638 5648; x_wconf 76' lang='lat' dir='ltr'><strong>increato</strong></span> 
     </span>
    </p>
   </div>
   <div class='ocr_carea' id='block_1_120' title="bbox 1987 5669 3636 5764">
    <p class='ocr_par' dir='ltr' id='par_1_120' title="bbox 1987 5669 3636 5764">
     <span class='ocr_line' id='line_1_120' title="bbox 1987 5669 3636 5764; baseline 0.014 -40"><span class='ocrx_word' id='word_1_850' title='bbox 2062 5669 2199 5727; x_wconf 91' lang='lat' dir='ltr'><strong>nihil</strong></span> <span class='ocrx_word' id='word_1_851' title='bbox 2231 5673 2527 5732; x_wconf 88' lang='lat' dir='ltr'><strong>concludit.</strong></span> <span class='ocrx_word' id='word_1_852' title='bbox 2561 5675 2761 5737; x_wconf 84' lang='lat' dir='ltr'><strong>Verum</strong></span> <span class='ocrx_word' id='word_1_853' title='bbox 2806 5683 2950 5741; x_wconf 87' lang='lat' dir='ltr'><strong>enim</strong></span> <span class='ocrx_word' id='word_1_854' title='bbox 3003 5693 3108 5754; x_wconf 85' lang='lat' dir='ltr'><strong>est,</strong></span> <span class='ocrx_word' id='word_1_855' title='bbox 3150 5687 3324 5743; x_wconf 84' lang='lat' dir='ltr'><strong>oculis</strong></span> <span class='ocrx_word' id='word_1_856' title='bbox 3357 5689 3636 5758; x_wconf 79' lang='lat' dir='ltr'><strong>corporeis</strong></span> 
     </span>
    </p>
   </div>
   <div class='ocr_carea' id='block_1_121' title="bbox 3175 5779 3254 5840">
    <p class='ocr_par' dir='ltr' id='par_1_121' title="bbox 3175 5779 3254 5840">
     <span class='ocr_line' id='line_1_121' title="bbox 3175 5779 3254 5840; baseline 0.013 -1"><span class='ocrx_word' id='word_1_857' title='bbox 3175 5779 3254 5840; x_wconf 75' lang='lat'><strong>29</strong></span> 
     </span>
    </p>
   </div>
  </div>
