4108 6316
597 277 701 353 907
1585 332 1589 335 .
1847 278 2175 342 GREGOR]

2280 281 2448 344 eam
2458 286 2582 347 ne
3737 306 3829 371 ςςος

598 397 899 453 increatum
929 399 1170 474 conspici
1192 414 1298 456 non
1329 415 1510 472 posse,
1539 412 1594 458 at
1628 400 1913 457 dumoculi
1934 405 1988 456 in
2012 406 2157 457 statu
2185 399 2231 459 Α
2258 400 2457 456 stantia
2485 403 2539 458 in
2567 417 2782 463 sanctos
2813 410 3031 470 missus.
3067 416 3265 475 Omnes
3299 420 3445 476 enim
3468 422 3669 487 saucii,
3729 433 3828 480 tam

597 501 655 547 et
690 492 1000 548 conditiOne
1042 502 1249 549 naturae
1296 502 1538 559 manent,
1579 494 1673 549 sed
1710 494 1778 557 si,
1806 492 2073 549 diviniore
2107 494 2159 549 vi
2263 488 2511 583 homines
2549 511 2711 566 quam
2745 502 2942 570 angeli,
2975 504 3160 562 vident
3187 508 3407 579 quidem
3440 510 3536 567 Dei
3585 512 3823 583 gloriam,

598 583 959 651 corroborati,
984 584 1047 639 ad
1076 587 1267 641 altiora
1288 588 1584 652 eleventur,
1610 587 1682 642 nil
1700 586 1947 658 impedit,
1971 599 2163 655 corpo—
2263 579 2525 653 temporis
2579 600 2876 658 expertem,
2938 596 3298 653 substantiam
3348 615 3477 656 vero
3504 579 3612 657 De;
3660 602 3826 658 nullus

598 679 709 732 reis
741 678 890 733 hisce
922 680 1095 735 oculis
1128 680 1180 734 in
1210 681 1622 734 eminentiorem
1653 687 1853 734 statum
1913 679 2164 734 subleva—
2262 689 2440 744 neque
2460 677 2620 733 homo
2657 698 2832 753 neque
2852 688 3077 754 angelus
3111 692 3264 757 vidit,
3287 703 3382 749 aut
3405 695 3589 750 videre
3608 703 3822 765 pateat.-

601 771 693 834 tis,
723 770 978 825 deitatem
1006 772 1200 841 ipsam,
1227 782 1280 826 et
1327 771 1551 840 gloriam
1601 772 1840 833 deitatis,
1881 787 2003 841 quae
2056 784 2163 823 una

599 885 723 924 cum
759 867 867 922 Deo
912 878 1015 931 est,
1062 866 1251 919 videri.
1301 863 1468 931 quue
1519 863 1895 932 expertissima
1955 863 2164 916 ratione

600 961 975 1015 conﬁrmatur.
1011 960 1143 1012 Nam
1177 957 1332 1012 beata
1365 955 1549 1024 Virgo,
1583 972 1742 1024 quam
1765 956 1923 1009 modo
1954 970 2165 1008 assum-

598 1064 743 1123 ptam
780 1055 925 1106 canit
986 1050 1221 1105 Ecclesia
1270 1064 1394 1103 cum
1436 1064 1662 1117 co-pore
1685 1048 1822 1115 ipso,
1884 1046 2049 1101 Deum
2110 1055 2164 1099 et

599 1144 933 1199 divinitatem
968 1140 1259 1211 ipsissimis
1288 1141 1461 1194 oculis
1510 1140 1809 1208 corporeis,
1873 1138 2167 1193 sublevatis

599 1246 778 1290 tamen
819 1244 873 1287 et
910 1233 1092 1287 divina
1121 1231 1171 1285 vi
1198 1230 1552 1295 continuatis,
1587 1230 1841 1282 intuetur.
1904 1227 1994 1291 Et,
2046 1235 2170 1294 post

592 1328 857 1401 judicium
883 1325 1207 1389 universale,
1255 1325 1417 1388 beati,
1484 1324 1777 1392 resumptis
1825 1321 2168 1390 corporibus,

598 1422 873 1490 corporeis
897 1420 1071 1475 oculis
1101 1419 1326 1485 gloriam
1353 1418 1570 1472 deitatis
1609 1417 1973 1483 civitatemque
1996 1415 2166 1482 ipsam

597 1515 957 1586 conspicient.
985 1511 1075 1567 Sic
1094 1522 1147 1567 et
1179 1513 1266 1566 die
1293 1508 1812 1579 Transﬁgttrationis
1834 1507 2028 1574 duplex
2063 1506 2168 1560 mi-

598 1608 840 1662 raeulum
865 1603 1176 1668 cernimus;
1227 1602 1483 1663 alterum,
1539 1617 1659 1655 cum
1702 1609 1880 1655 cessat
1945 1614 2065 1652 esse
2117 1598 2168 1651 in

597 1715 826 1768 corpore
855 1697 1056 1754 Christi
1088 1714 1103 1763 ;
1138 1695 1395 1759 alterum,
1425 1693 1567 1763 quod
1628 1690 1997 1760 apostolorum
2039 1703 2170 1743 ocu-

598 1791 678 1845 los
706 1790 770 1845 ad
823 1789 1145 1844 divininrem
1164 1795 1443 1855 aspectum
1470 1783 1690 1839 excitat.
1728 1781 1801 1837 De
1827 1782 1950 1837 aliis
1969 1779 2168 1836 divinis

603 1881 910 1937 visionibus
938 1888 995 1934 et
1051 1877 1432 1949 splendoribus
1482 1876 1610 1945 quid
1675 1875 2027 1930 asserendum
2076 1870 2168 1938 sit,

597 1974 724 2028 alibi
773 1973 1036 2027 dicemus.
1089 1970 1383 2022 Damnatus
1451 1966 1637 2034 itaque
1690 1976 1773 2019 est
1812 1961 2170 2025 Barlaamus,

598 2063 743 2133 quod
774 2062 958 2115 lumen
993 2057 1122 2128 illud
1175 2071 1349 2126 neque
1372 2071 1435 2110 ex
1487 2055 1670 2109 divina
1719 2053 1956 2108 essentia
1994 2068 2169 2120 neque

597 2154 838 2210 divinant
865 2150 1159 2207 essentiam
1191 2164 1312 2204 esse
1334 2146 1656 2205 afﬁrmabat.
1682 2154 1735 2198 et
1759 2153 2017 2214 praeterea
2050 2159 2171 2197 cor-

597 2260 794 2317 porcos
858 2244 1045 2298 oculos
1084 2257 1178 2310 per
1238 2240 1437 2293 nullam
1496 2237 1816 2291 diviniorem
1872 2236 2167 2305 patentiam

597 2339 731 2393 adeo
758 2335 956 2391 elevari
988 2348 1170 2404 posse,
1200 2341 1258 2385 ut
1284 2331 1536 2385 deitatem
1570 2326 1934 2397 conspiciant.
1958 2327 2032 2380 Ex
2059 2341 2168 2396 quo

601 2432 769 2485 multa
807 2426 1043 2482 absurda
1070 2424 1223 2492 sequi
1250 2425 1302 2477 in
1335 2422 1582 2476 doctrina
1607 2417 1999 2481 ecclesiastica,
2052 2432 2167 2471 ma-

597 2521 854 2576 nifestum
885 2527 985 2573 est.
1036 2515 1126 2571 Sic
1182 2515 1330 2568 enim
1389 2513 1672 2568 tolleretur
1729 2510 1874 2565 visio‘
1922 2508 2171 2563 beatilica

600 2609 1025 2681 postindicium,
1069 2614 1125 2660 et
1170 2605 1397 2659 aliorum
1447 2612 1760 2659 sanctorum
1833 2603 2025 2669 gloria,
2078 2600 2169 2668 qui

518 2752 531 2761 κ
599 2725 750 2765 nunc
781 2708 835 2760 in
877 2703 1015 2759 caelo
1042 2700 1301 2755 dicuntur
1329 2699 1546 2767 degere,
1579 2699 1817 2753 divinam
1879 2699 1968 2751 Dei
2017 2709 2173 2751 natu-

602 2809 719 2850 ram
775 2788 1056 2856 corporeis
1111 2785 1285 2840 oculis
1328 2783 1676 2853 asp‘cientes.
1741 2781 2038 2835 Damnatus
2091 2789 2176 2834 est

599 2887 766 2942 etiam
796 2898 860 2938 ex
891 2882 996 2937 alia
1031 2888 1199 2946 parte,
1227 2888 1282 2933 et
1316 2877 1440 2945 jure
1469 2876 1686 2941 merito,
1719 2872 1989 2938 Palamas,
2044 2873 2169 2924 dum

2264 765 2397 831 Quis
2433 767 2485 822 in
2518 780 2623 824 tam
2656 774 2843 841 paucis
2880 779 3057 834 verbis
3088 790 3165 835 tot
3195 795 3396 848 errata,
3428 797 3629 854 praeter
3675 801 3825 840 unum

2268 859 2562 927 Palamam,
2590 878 2883 934 congerere
2927 871 3229 937 potuisset?
3275 874 3481 930 Similia
3519 888 3671 944 sunt,
3718 895 3825 950 qua:

2266 961 2510 1016 narrant,
2553 954 2889 1024 Philotheus,
2927 963 3235 1030 patriarcha
3285 965 3828 1039 Constantinopolita-

2266 1056 2392 1103 nns,
2416 1040 2669 1099 Callistus
2701 1048 3052 1114 Angelicudes
3083 1052 3152 1107 de
3186 1056 3451 1124 sp'rituali
3481 1060 3828 1130 participatio-

2267 1146 2357 1190 ne.
2394 1130 2758 1193 Damascenns
2789 1136 3286 1200 Thessalonicensis
3336 1147 3389 1201 in
3419 1148 3525 1204 ﬁne
3573 1152 3826 1207 concionis

2269 1225 2332 1319 de
2364 1222 2860 1319 rl‘lranstignratione
2889 1230 3120 1288 Domini.
3156 1235 3218 1289 Et
3250 1249 3397 1303 nota,
3430 1239 3525 1296 Dei
3554 1244 3824 1319 essentiam

2271 1314 2444 1370 beatis
2489 1332 2595 1371 non
2653 1320 2843 1389 videri,
2904 1325 2996 1379 sed
3049 1327 3233 1383 nescio
3285 1345 3450 1400 quam
3502 1314 3825 1397 claritatem;

2271 1423 2456 1462 errore
2479 1411 2704 1480 antiquo
2742 1411 3127 1484 Armeniorum,
3167 1420 3325 1491 cujus
3354 1423 3604 1478 meminit
3628 1437 3824 1483 sanctus

2272 1497 2587 1568 Gregorius,
2614 1501 2709 1557 lib.
2739 1519 2870 1558 xvm
2908 1505 3212 1573 Moralium,
3267 1524 3379 1580 cap.
3410 1512 3500 1569 37.
3553 1513 3823 1569 Daznnatur

2274 1590 2459 1659 itaque
2480 1589 2815 1655 Barlaamus,
2843 1595 3131 1650 damnatur
3163 1607 3215 1650 et
3242 1596 3508 1658 Palamas.
3552 1601 3688 1675 Ergo
3716 1615 3823 1660 tunc

2272 1685 2535 1749 temporis
2588 1682 2756 1739 Graeci
2791 1685 2893 1741 alia
2958 1688 3038 1742 via
3085 1687 3451 1744 difﬁcultatem
3523 1702 3819 1759 evaserunt;

2278 1787 2453 1844 neque
2504 1774 2648 1827 enim
2692 1777 2995 1845 approbare
3039 1790 3294 1848 poterant
3334 1780 3482 1851 quod
3525 1789 3820 1838 condemna-

2274 1873 2418 1919 rant.
2448 1867 2629 1931 Quare
2662 1884 2882 1925 necesse
2900 1880 3000 1938 est,
3039 1887 3133 1927 eos
3159 1873 3435 1941 deﬁnisse,
3484 1873 3717 1929 divinam
3746 1888 3820 1928 es-

2273 1958 2524 2024 sentiam,
2550 1960 2673 2014 licet
2697 1962 3011 2027 increatam,
3044 1973 3098 2019 et
3128 1963 3318 2032 Deum,
3349 1964 3524 2020 oculis
3554 1965 3819 2035 corporeis,

2276 2048 2325 2102 vi
2359 2059 2538 2105 tamen
2566 2051 2749 2108 divina
2772 2055 3088 2120 sublevatis,
3117 2065 3176 2111 ut
3220 2057 3332 2126 jam
3360 2057 3637 2122 diximus,.
3672 2053 3817 2110 videri

2277 2158 2473 2213 posse;
2509 2143 2655 2214 quod
2697 2145 2751 2199 in
2793 2147 2993 2202 montis
3042 2146 3301 2203 Thaborii
3359 2147 3565 2202 lumine
3613 2147 3815 2210 arcidit;

2276 2235 2405 2289 illud
2429 2236 2572 2289 enim
2599 2237 2898 2293 increatum
2922 2254 3045 2293 cum
3079 2248 3243 2306 esset,
3266 2239 3438 2292 visum
3469 2247 3646 2293 tamen
3667 2247 3738 2291 est
3760 2235 3817 2289 ab

2278 2330 2561 2396 apostolis.
2617 2329 2718 2386 Hic
2779 2331 3052 2386 immerito
3111 2331 3515 2403 redarguuntur
3582 2342 3816 2383 annune-

2283 2423 2450 2487 miue,
2498 2439 2562 2477 ac
2616 2424 2661 2476 si
2716 2425 3088 2492 operationem
3149 2422 3240 2478 Dei
3300 2438 3422 2477 esse
3459 2423 3582 2489 quid
3640 2437 3667 2475 a
3711 2422 3816 2476 sub.

2278 2514 2476 2567 stantia
2519 2512 2606 2565 Dei
2663 2512 2935 2567 diversum
2989 2512 3405 2568 existimassem.
3465 2511 3643 2583 Neque
3691 2511 3813 2566 enim

2278 2606 2727 2661 considerandum
2757 2613 2838 2658 est
2885 2604 2939 2659 in
2972 2620 3032 2659 ea
3069 2605 3311 2669 natione,
3361 2605 3490 2677 qu'd
3552 2621 3684 2661 unus
3735 2609 3815 2658 aut

2277 2696 2412 2750 alter
2451 2695 2706 2775 tenuerit,
2749 2695 2841 2751 sed
2883 2695 3014 2765 quid
3046 2710 3236 2750 omnes
3269 2712 3378 2750 uno
3408 2712 3498 2750 ore
3542 2695 3810 2763 proﬁtean-

2280 2793 2387 2836 tur.
2424 2783 2487 2837 Εῑ
2525 2800 2656 2839 sane
2689 2785 3018 2855 prolltentur
3060 2800 3206 2839 nunc
3238 2801 3449 2853 omnes,
3482 2785 3523 2840 si
3549 2784 3810 2840 Palamitas

2281 2877 2349 2929 ab
2378 2877 2445 2933 iis
2469 2880 2569 2931 lem
2600 2876 2822 2942 Grmcis,
2856 2875 3020 2932 veluti
3051 2875 3333 2932 hmretiros
3362 2878 3646 2935 damnatos.
3678 2873 3812 2927 exei-

601 2981 779 3033 lume"
812 2975 968 3038 illud.
1022 2972 1471 3041 elOPCTaIiOHCm
1548 2968 1664 3028 Dei.
1708 2966 1982 3022 diverSttm
2041 2963 2170 3034 quid
2208 2989 2250 3046 ο
2284 2968 2420 3038 pias,
2452 2969 2661 3033 beatos,
2694 2977 2815 3038 post
2866 2968 3161 3036 judicium,
3220 2968 3381 3023 Deum
3437 2969 3594 3035 ipsum
3646 2962 3809 3017 oculis

602 3071 671 3124 ab
697 3069 812 3135 ipso
844 3066 975 3133 Deo,
1004 3063 1256 3135 quamvis
1299 3068 1629 3125 inereatnm,
1660 3058 2014 3111 constitueret
2040 3072 2055 3122 ;
2102 3065 2175 3120 et,

597 3173 721 3217 cum
757 3157 831 3212 illi
877 3156 983 3211 duo
1018 3156 1280 3215 increaia,
1316 3161 1370 3207 et
1407 3151 1528 3207 dua:
1584 3150 1815 3205 deitates
1874 3146 2181 3217 objicereu.

599 3262 706 3316 tur,
736 3247 1114 3319 respondebat,
1175 3245 1228 3299 id
1289 3245 1514 3299 minime
1555 3241 1810 3307 obstare;
1854 3238 1972 3293 dari
2034 3237 2178 3291 enim

598 3346 746 3418 plura
797 3344 1060 3404 increata,
1106 3348 1159 3396 et
1194 3338 1380 3408 plures
1429 3334 1681 3398 deitates,
1714 3334 1827 3387 imo
1887 3330 2180 3399 ἁπείρακις

598 3433 1063 3506 ἀπεῑρόυς,‹ιιι;ιεί
1111 3431 1342 3490 diceres,
1401 3428 1652 3497 inﬁnitis:
1708 3423 1967 3493 inﬁnitas,
2020 3420 2181 3475 n.0do

597 3526 928 3597 superiores,
971 3522 1134 3576 modo
1161 3517 1476 3579 inferiores,
1504 3523 1563 3568 et
1592 3527 1713 3580 qua:
1741 3510 1914 3565 oculis
1966 3506 2184 3575 conspi-

597 3626 886 3681 cerentur;
919 3613 1059 3683 quod
1107 3612 1267 3680 plane
1307 3605 1498 3676 nugari
1539 3612 1624 3659 est
1677 3612 1731 3657 et
1781 3602 1848 3656 ad
1897 3599 2176 3671 gentilium

599 3708 854 3777 ineptias,
889 3702 1082 3772 majori
1114 3701 1277 3754 etiam
1310 3712 1586 3758 mensura,
1631 3695 1684 3747 in
1745 3701 1889 3746 tanta
1936 3689 2182 3743 veritatis

597 3800 738 3860 luce,
769 3794 980 3850 referri.
1013 3792 1192 3859 Quare
1217 3790 1340 3860 jure
1366 3788 1531 3843 etiam
1584 3790 1720 3857 ipse,
1755 3795 2010 3854 tanquam
2070 3783 2178 3835 hae-

598 3890 805 3945 reticus
860 3894 914 3941 et
969 3884 1193 3938 deorum
1250 3878 1610 3950 plurimorum
1659 3876 1866 3930 cultum
1934 3873 2183 3927 introdu-

595 3995 744 4041 cens.
769 3977 1180 4033 condemnatur.
1209 3971 1315 4040 Qui
1343 3987 1471 4026 vero
1503 3970 1675 4025 media
1706 3966 1910 4024 insistit
1966 3968 2073 4029 via,
2127 3973 2186 4019 ut

594 4087 757 4143 supra
779 4071 1041 4135 diximus,
1099 4082 1221 4123 cum
1273 4063 1516 4121 Ecclesia
1573 4073 1627 4120 et
1677 4062 1887 4120 sanctis
1935 4059 2186 4114 Patribns

594 4164 781 4219 sentit.
813 4163 904 4218 Sic
929 4162 1075 4216 enim
1107 4159 1283 4215 deitas
1305 4157 1443 4230 ipsa,
1482 4156 1739 4226 illiusque
1761 4155 1943 4210 lumen
1973 4153 2185 4207 increa-

596 4262 734 4317 tum,
772 4254 1049 4321 corporeis
1080 4249 1277 4313 oculis,
1306 4248 1605 4304 sublevatis
1627 4256 1834 4310 tamen,
1879 4242 2047 4298 videri
2089 4258 2181 4312 po-

2281 3061 2555 3129 corporeis
2585 3062 2820 3116 visuros.
2872 3060 3210 3116 ldeo'multa
3259 3061 3307 3114 in
3363 3056 3590 3115 Prateolo
3642 3054 3798 3109 corri-

2281 3163 2415 3224 gunt
2455 3171 2469 3207 :
2511 3152 2786 3208 Adversus
2813 3151 3158 3210 Barlauntnm
3195 3164 3249 3210 et
3284 3151 3591 3224 Aeindyftum
3612 3160 3798 3203 nonqu

2281 3247 2533 3318 generale
2569 3248 2864 3303 concilium
2901 3259 3154 3304 coactum
3188 3249 3311 3315 iuit,
3338 3256 3391 3305 et
3420 3246 3720 3302 celebratum
3754 3240 3807 3293 in

2282 3339 2569 3411 praesentia
2637 3339 2783 3395 illius
2830 3338 2972 3395 beati
3017 3348 3072 3396 et
3131 3340 3466 3395 celeberrimi
3504 3332 3820 3406 imperatoris

2282 3430 2562 3486 Michaelis
2588 3429 2910 3495 Andronici,
2953 3443 3315 3501 cognomento
3344 3428 3638 3513 galatologi,
3665 3427 3820 3494 impo-

2283 3522 2480 3578 raloris
2509 3520 2847 3589 Graecorum,
2876 3532 2928 3577 et
2967 3520 3195 3578 Joannis
3220 3523 3360 3592 "ejus
3412 3522 3527 3578 ﬁlii.
3562 3540 3579 3574 ι
3630 3518 3819 3574 Nullum

2283 3630 2351 3669 cx
2377 3611 2536 3668 dictis
2559 3612 2808 3668 conciliis
2843 3614 3093 3683 generale
3155 3611 3292 3681 fuit};
3336 3613 3545 3668 nullum
3598 3610 3691 3667 sub
3737 3607 3823 3663 ili-

2284 3704 2469 3761 chaele
2494 3704 2762 3759 habitum.
2789 3702 3029 3759 Joannes
3062 3702 3414 3774 Paizeologus,
3469 3704 3560 3775 qui
3614 3699 3826 3756 subscri-

2286 3798 2413 3868 psit,
2441 3812 2551 3853 non
2577 3794 2854 3853 Michaelis
2897 3796 3204 3866 Palaeologi,
3261 3796 3354 3852 sed
3396 3796 3684 3851 Andronici
3749 3794 3827 3861 ju-

2289 3891 2457 3947 nioris
2487 3888 2632 3947 ﬁlius
2668 3888 2770 3945 fuit
2800 3890 2932 3960 :qui
2970 3906 3094 3943 eum
3122 3889 3175 3943 in
3223 3888 3520 3946 schismate
3566 3885 3750 3944 vixerit
3784 3890 3830 3937 ct

2286 3983 2502 4047 obierit,
2538 3980 2740 4038 lrustra
2768 3981 2955 4037 beatus
2978 3983 3307 4037 nominatur.
3335 3979 3618 4037 Prateolus
3642 3996 3655 4034 :
3681 3975 3830 4031 «Ceu-

2289 4064 2483 4132 sebant
2509 4077 2622 4141 isti,
2665 4077 2851 4141 modo,
2885 4076 3095 4131 nullum
3123 4091 3244 4132 esse
3276 4074 3575 4131 discrimen
3597 4076 3649 4129 in
3673 4073 3826 4128 divina

2289 4174 2505 4229 natura,
2532 4163 2861 4230 substantia,
2892 4172 2945 4217 et
2973 4161 3166 4219 eﬁ‘ertu
3193 4181 3208 4232 ;
3251 4165 3345 4220 sed
3389 4163 3536 4220 idem
3567 4179 3706 4226 esse.
3751 4174 3830 4214 nec

2289 4254 2568 4310 diversum
2605 4254 2811 4310 :modo
2843 4253 3206 4310 differentiam
3270 4269 3394 4311 esse
3442 4254 3828 4325 proﬁtebantur,

602 4346 728 4399 terit
763 4318 929 4412 idque
959 4356 1083 4397 cum
1136 4340 1238 4410 ipsi
1292 4355 1398 4393 non
1429 4342 1788 4408 perciperent.
1822 4344 1929 4389 no‘n
1968 4342 2175 4388 tantum

2291 4346 2654 4403 substantiam
2689 4357 2871 4403 tamen
2907 4349 3243 4415 increatam;
3291 4346 3411 4418 ejus
3442 4318 3645 4404 "autem
3676 4359 3809 4401 essen

582 4426 853 4493 'Palamas
880 4434 1015 4503 ipse,
1045 4431 1138 4486 sed
1156 4429 1249 4485 alii
1278 4438 1535 4500 praeterea
1563 4427 1656 4498 qui
1685 4441 1810 4482 eum
1838 4428 2010 4481 secuti
2035 4433 2184 4488 sunt,

599 4529 729 4585 dum
755 4526 965 4595 seipsos
997 4537 1029 4577 a
1081 4521 1399 4578 diliicultate
1445 4520 1717 4576 extricare
1764 4527 2057 4582 conantur,
2118 4514 2176 4570 in

596 4622 735 4676 alios
758 4629 922 4690 atque
953 4615 1091 4673 alios
1138 4628 1352 4672 errores
1416 4612 1655 4684 prolapsi
1718 4619 1866 4668 sunt.
1912 4610 2181 4666 Audiatur

605 4711 776 4766 David
799 4710 1127 4776 monachus,
1159 4707 1214 4762 in
1245 4706 1531 4762 Relatione
1554 4706 1623 4760 de
1650 4704 1881 4761 dissidio
1911 4702 2179 4758 Barlaami

597 4812 652 4857 et
676 4801 1101 4857 Paismze:"Ort
1132 4800 1276 4854 θεῖον
1330 4799 1433 4868 μὲν
1491 4797 1607 4850 ἐστι
1666 4797 1762 4851 καὶ
1810 4797 2067 4851 ἄκτιστον
2115 4794 2181 4847 τὸ

600 4892 716 4965 φῶς
747 4893 924 4947 ἐκεῖνο
948 4893 1043 4946 καὶ
1069 4891 1261 4960 θεότης
1287 4889 1439 4960 παρὰ
1469 4888 1582 4943 τῶν
1612 4888 1785 4957 ἁγίων
1829 4886 2179 4958 ὀνομάζεται,

604 4985 706 5039 οὐκ
749 4984 865 5038 ἔστι
894 4987 990 5039 καὶ
1013 4985 1172 5038 οὐσία
1204 4982 1362 5047 Genii,
1415 4980 1531 5036 ἀλλ’
1553 4981 1825 5049 ἐνέργεια,
1874 4979 1969 5032 καὶ
1997 4979 2180 5048 χάρις.

603 5077 701 5130 καὶ
730 5075 879 5142 δόξα,
911 5075 1006 5129 καὶ
1032 5075 1357 5146 λαμπρότης
1403 5075 1468 5127 ἐκ
1518 5073 1620 5143 τῆς
1660 5070 1810 5134 θείας
1860 5069 2050 5133 οὐσίας
2100 5070 2181 5132 εἰς

601 5169 732 5231 τοὺς
773 5167 963 5236 ἁγίους
997 5168 1349 5239 πεμπομένη.
1376 5168 1442 5221 οι
1481 5166 1591 5237 γὰρ
1621 5167 1764 5234 ἅγιοι
1823 5165 2025 5231 πάντες
2070 5163 2178 5217 ’καὶ

602 5261 914 5333 ἄνθρωποι,
952 5260 1048 5314 καὶ
1085 5259 1306 5330 ἄγγελοι
1363 5261 1523 5329 δόξαν
1580 5261 1684 5332 μὲν
1740 5249 1968 5333 ἂχριῇι
1996 5249 2176 5329 ’ὁρῶσι

602 5354 699 5408 τοῦ
724 5353 883 5414 Θεοῦ,
909 5353 1003 5406 καὶ
1031 5353 1193 5423 χάριν
1227 5353 1394 5406 ἀΐδιον
1452 5352 1726 5424 δέχονται,
1791 5349 1885 5404 καῖ
1940 5349 2173 5418 δωρεὰν,

603 5447 794 5501 οὐσίαν
824 5445 881 5500 δὲ
913 5444 1049 5498 Θεοῦ
1096 5444 1272 5508 οὐδείς
1304 5440 1440 5499 ἣεοτε
1487 5444 1795 5516 ἄνθρωπος,
1826 5441 1952 5495 οὔτε
2013 5441 2185 5508 ἄγγε-

603 5540 715 5606 λος,
743 5538 868 5594 οὔτε
892 5535 1022 5604 εἶδε,
1063 5536 1187 5592 οὔτε
1226 5538 1354 5591 Maii;
1379 5532 1625 5595 5mm;
1661 5555 1679 5588 ι
1745 5535 1810 5590 Ει
1838 5534 2058 5605 quidem
2098 5532 2187 5587 lu-

608 5649 731 5689 men
759 5634 909 5700 illud,
942 5632 1188 5688 divinum
1205 5638 1256 5685 et
1288 5629 1586 5685 increatum
1612 5638 1667 5686 et
1717 5629 1894 5684 deitas
1930 5643 1961 5681 a
1983 5625 2186 5682 sanctis

610 5729 944 5794 nominatur,
976 5722 1211 5784 sedatos
1246 5735 1330 5783 eat
1357 5726 1661 5783 substantia
1696 5723 1811 5791 Dei,
1847 5724 2183 5792 sedropera-

612 5821 686 5876 tio
716 5831 769 5877 et
807 5812 1276 5902 gratia‘etglqria,
1304 5828 1357 5877 et
1383 5814 1639 5891 splendor
1687 5834 1751 5874 ex
1805 5816 1991 5872 divina
2048 5830 2075 5872 ε

2292 4440 2450 4495 tiales
2473 4440 2745 4501 actiones.
2796 4448 2848 4494 et
2872 4439 3170 4502 naturales,
3205 4440 3521 4495 sentiebant
3550 4452 3671 4494 esse
3687 4436 3837 4490 diver-

2279 4541 2391 4590 sas,
2421 4540 2527 4581 non
2555 4534 2735 4582 tamen
2766 4527 3059 4592 increatas,
3078 4527 3172 4584 sed
3188 4537 3422 4584 creatas.
3448 4545 3474 4580 s
3497 4526 3641 4583 Nihil
3673 4526 3839 4582 horum

2282 4617 2568 4673 Barlaamo
2591 4629 2644 4674 et
2678 4618 2963 4690 Acindyno
3016 4618 3070 4674 in
3103 4630 3340 4674 mentem
3399 4621 3578 4686 venit,
3623 4627 3676 4674 et
3719 4611 3839 4671 aliud

2281 4710 2403 4765 illos
2438 4709 2759 4777 aliirmasse,
2810 4724 2877 4764 ex
2929 4723 3119 4764 eorum
3180 4708 3614 4766 Commentariis
3650 4708 3839 4778 planum

2282 4812 2390 4858 est.
2432 4802 2707 4873 Quidquid
2741 4810 2920 4857 tamen
2945 4802 3039 4867 sit,
3069 4803 3229 4871 pulso
3268 4799 3486 4856 Joanne
3535 4797 3838 4873 patriarcha.

2284 4895 2698 4965 subregatoqne
2736 4894 2968 4957 lsidoro,
2994 4892 3277 4948 Palamitis
3336 4892 3737 4955 addictissimo,
3774 4885 3842 4940 l'a-

2289 5000 2419 5038 vore
2442 4985 2603 5039 etiam
2630 4984 2976 5054 imperatoris
3007 4982 3409 5046 Cantacuzeni,
3461 4984 3558 5054 qni
3587 4979 3844 5052 imperium

2287 5076 2727 5140 administrabat,
2765 5077 2900 5132 adeo
2954 5075 3197 5148 Byzantii
3257 5075 3657 5131 Palamitarum
3707 5066 3846 5126 tactio

2289 5169 2537 5234 invaluit,
2570 5178 2628 5222 ut
2676 5168 2809 5222 nihil
2841 5169 2905 5223 ad
2948 5169 3275 5223 corroboran
3302 5171 3380 5222 los
3424 5166 3681 5237 proprios
3719 5172 3834 5217 erro

2288 5278 2375 5317 res
2399 5263 2728 5317 intentarum
2784 5262 3140 5333 reliquerint,
3193 5270 3249 5316 et
3279 5260 3490 5317 coactis
3530 5255 3767 5331 synodis,
3807 5257 3849 5304 ei

2288 5350 2476 5408 Tomis
2508 5353 2692 5419 editis,
2719 5351 2990 5408 Barlaami
3019 5361 3072 5407 et
3118 5348 3385 5420 Acindyni
3411 5348 3602 5403 omnia
3649 5341 3851 5400 anatheo

2292 5445 2422 5500 mati
2460 5444 2813 5512 subiecerint,
2845 5459 2964 5510 sua,
3025 5443 3105 5497 uti
3161 5443 3247 5512 pia
3299 5449 3355 5496 et
3399 5439 3701 5504 catholica,
3746 5443 3853 5503 pro-

2292 5538 2605 5611 tnulgarint,
2644 5553 2768 5607 qua:
2804 5545 2985 5607 postea
3034 5536 3199 5592 etiam
3252 5538 3674 5605 propugnat-unt
3712 5521 3855 5582 Calli-

2293 5641 2411 5687 stus
2444 5640 2501 5686 et
2569 5629 2887 5684 Philmheus
2936 5628 3281 5698 patriarchae,
3336 5624 3588 5696 ejusdem
3642 5617 3855 5676 instituu

2291 5739 2417 5779 cum
2449 5722 2689 5779 Palama.
2725 5720 2790 5776 Et
2827 5722 2942 5777 haec
2976 5736 3075 5792 pro
3128 5716 3423 5784 Barlaami,
3474 5711 3765 5784 Aciudyni,
3811 5717 3856 5761 et

2288 5817 2520 5881 Dalama:
2548 5815 2766 5883 haeresi,
2794 5816 2927 5872 satis
2962 5818 3094 5870 sint.
