4108 6316
488 305 606 382 ’911

1796 301 2177 368 GREGOBII
2213 299 2537 367 PALAM/E

3675 291 3785 362 912

504 430 627 485 eine
642 435 802 499 putas
817 440 934 482 mea
955 423 1216 482 memoria
1230 422 1499 480 excidisse
1521 420 1720 478 bonum
1739 419 1871 474 illud
1889 420 2094 474 beueti-

2206 417 2383 482 υῦτως
2411 417 2512 470 οῖει
2547 432 2613 486 με
2646 413 2846 485 ῥᾳδίως
2875 413 2976 485 τῆς
3019 413 3239 483 μνήμης
3275 409 3532 466 ἑκϐαλεῖν
3556 410 3788 481 ὁμιλίαν.

503 521 993 589 centissimumquc
1054 519 1188 572 mihi
1236 515 1571 586 colloquium
1637 514 1784 584 quod
1821 527 1908 566 me
1942 521 2092 565 tanto

2206 510 2441 579 ἐκείνην,
2471 507 2572 579 τὴν
2599 506 2770 577 καλὴν
2797 506 2924 576 ἐμοὶ
2963 511 3059 560 καὶ
3092 505 3202 559 τῶν
3229 504 3537 559 καλλίστων
3577 503 3780 573 πρόξε-

506 608 765 676 liberavit
795 608 1011 662 errore?
1029 622 1236 671 errore,
1255 607 1500 676 inquam,
1515 620 1676 674 quem
1697 603 1905 675 peperit
1926 603 2093 657 Italus

505 699 608 753 iste
640 698 889 752 Barlaam
920 708 973 754 et
1017 708 1236 768 propter
1288 712 1449 766 quem
1489 697 1652 764 periit
1693 697 1745 750 in
1794 695 2011 759 exsilio,
2041 703 2095 748 ct

506 791 622 860 ipse
659 791 808 844 illius
831 789 1018 843 nescio
1047 787 1322 855 quomodo
1351 782 1536 840 sochts
1567 786 2094 856 factusAcindynus,

505 881 611 936 sibi
676 881 904 950 suisque
947 880 1307 936 sectatoribus
1353 879 1725 933 certissimum
1792 877 2095 948 periculum

507 971 827 1042 (κίνδυνος).

581 1064 806 1130 ΤΙιεορΙι.
841 1062 966 1118 Scio
1000 1071 1055 1117 te
1078 1062 1266 1117 multis
1288 1061 1612 1131 implicitum
1636 1059 1890 1131 negotiis,
1912 1065 1965 1112 et
1996 1073 2098 1111 nu-

505 1163 603 1217 per
624 1151 868 1218 illapsam
900 1149 1154 1204 omnibus
1175 1149 1665 1219 perturbationem,
1686 1156 1906 1218 propter
1931 1161 2094 1217 quam

512 1255 638 1296 tuos
670 1244 879 1296 amicos
923 1257 1068 1296 nunc.
1102 1241 1378 1312 imprimis
1425 1249 1517 1296 tua
1551 1241 1791 1310 indigere
1818 1240 1932 1295 scio
1963 1253 2096 1308 pru-

505 1334 686 1387 dentia
728 1349 741 1387 :
782 1333 967 1402 itaque
1008 1333 1134 1387 huic
1168 1334 1261 1386 illa
1298 1332 1733 1388 accommodavi.

582 1423 770 1478 Theot.
805 1423 1008 1479 Verum
1053 1441 1156 1496 ego
1184 1425 1401 1480 cunctis
1434 1425 1692 1495 negotiis,
1725 1423 1884 1487 scito,
1913 1431 2095 1476 tanta-

507 1533 630 1574 rum
666 1533 848 1574 rerum
887 1518 1174 1588 anteposui
1216 1518 1732 1582 considerationem,
1767 1516 1841 1571 ita
1870 1525 1929 1570 ut
1962 1515 2086 1577 illic,

507 1611 578 1664 ob
603 1609 882 1664 assiduam
935 1609 1366 1674 meditationem,
1408 1609 1566 1676 quasi
1613 1607 1988 1662 characterem
2039 1605 2093 1658 in

507 1701 691 1755 anima
720 1714 838 1753 mea
862 1699 1262 1766 imprimerent,
1290 1713 1390 1752 nec
1413 1712 1499 1752 me
1525 1696 1884 1752 dormientem
1913 1694 2097 1750 dimit-

2195 619 2285 655 vov
2310 639 2326 667 ,
2376 601 2445 653 δι’
2474 593 2542 670 ἦς
2587 597 2859 666 τοσαύτης
2891 596 3098 666 πλάνης
3133 596 3500 667 ἀπηλλάγηνς
3544 595 3780 664 πλάνης.

2196 695 2263 766 ἢν)
2297 693 2454 747 ἔτεκε
2489 692 2588 762 μὲν
2635 694 2663 744 ὁ
2705 689 2908 752 Ἰταλὸς
2965 691 3171 753 ἐκεῖνος
3209 689 3499 759 Βαρλαάμ,
3540 688 3635 742 καὶ
3688 687 3784 756 ὑφ’

2193 783 2263 859 ἧς
2290 785 2512 840 διόλωλε
2539 783 2933 854 φυγαδευθεὶς,
2961 783 3426 852 εἰσποιησάμενος
3461 781 3517 834 δὲ
3549 782 3650 835 οὐκ
3676 779 3781 833 οἶδ’

2198 880 2399 941 ὅπωςὸ
2445 877 2761 939 Ἀκίνδυνος
2810 876 3057 938 κίνδυνος
3085 875 3264 944 σαφὴς
3313 874 3492 945 ἑαυτῷ
3536 875 3630 928 καὶ
3666 876 3780 938 τοῖς

2197 971 2348 1040 αύτῷ
2381 967 2729 1038 πειθομένοις
2763 971 2957 1035 γέγονε
2994 966 3234 1036 μάλιστα
3265 964 3555 1036 ἀγύρταις.

2274 1063 2453 1130 Θεοφ.
2490 1055 2623 1112 Οίδα
2669 1056 2886 1120 πολλοῖς
2926 1054 3464 1126 περιστοιχιζόμενόν
3495 1073 3554 1107 σε
3595 1055 3777 1122 πράγε-

2198 1137 2357 1227 μασι,
2394 1152 2490 1206 καὶ
2519 1151 2608 1204 τὸν
2640 1149 2976 1221 περισχόντα
3032 1145 3264 1217 θόρυϐον
3291 1148 3496 1219 ἀρτίως
3543 1146 3774 1212 πάντας,

2196 1247 2264 1302 δι’
2298 1246 2356 1299 ὃν
2387 1245 2548 1315 είπερ
2587 1242 2722 1296 ποτὲ
2754 1240 2882 1304 τοὺς
2910 1240 3099 1310 φίλους
3129 1239 3339 1293 δεῖσθαί
3373 1256 3467 1292 σου
3496 1239 3595 1308 τῆς
3619 1239 3776 1309 ἀγχι-

2197 1339 2348 1401 νοίας
2380 1333 2555 1406 οἶμαι.
2592 1333 2762 1388 Ταῦτ’
2793 1333 2900 1402 ἄρα
2925 1331 3098 1403 ταύτῃ
3131 1333 3372 1402 ἠρόμην.

2278 1430 2447 1485 Θεότ.
2483 1427 2627 1479 ’Δλλ’
2650 1425 2762 1496 ἑγὼ
2792 1427 2886 1478 καὶ
2911 1425 3165 1494 ἀσχολίας
3194 1424 3415 1493 ἁπάσης
3450 1421 3774 1492 ὑπερτέραν,

2200 1517 2259 1572 εῦ
2291 1515 2426 1582 ῐσθι,
2465 1515 2775 1587 πεποίημαι
2828 1513 2929 1584 τὴν
2970 1514 3102 1584 περὶ
3160 1513 3504 1583 τηλικούτων
3561 1511 3773 1581 σκέψιν,

2200 1605 2342 1666 ὥστε
2375 1629 2466 1680 μοι
2496 1611 2592 1664 καὶ⁵
2629 1609 2737 1664 ἀπὸ
2781 1608 2883 1676 τῆς
2915 1607 3172 1676 συνεχοῦς
3233 1607 3468 1676 μελέτης
3520 1602 3632 1658 οἷόν
3657 1622 3780 1659 τινα

2201 1705 2373 1759 τύπον
2405 1703 2620 1758 ἐνδῦναι
2651 1703 2731 1766 είς
2764 1701 2863 1772 τὴν
2895 1699 3099 1769 ψυχὴν,
3133 1701 3228 1752 καὶ
3270 1699 3406 1766 μηδὲ
3447 1697 3780 1752 καθεύδοντα

507 1799 709 1860 terent,
736 1799 790 1844 et
830 1788 1214 1859 expergefacta
1273 1788 1458 1844 statim
1519 1789 1706 1858 quales
1738 1795 1898 1842 erant
1928 1800 2096 1854 appa-

2206 1797 2430 1862 ἀνιέναι,
2481 1792 2883 1864 ἑξεγειρομένῳ
2927 1808 2988 1844 τε
3022 1789 3186 1854 εὐθὺς
3241 1791 3499 1859 παρεῖναι
3553 1790 3630 1853 ὡς
3657 1789 3779 1858 ἐνῆν

512 1892 700 1937 rerent
730 1882 898 1936 menti
955 1880 1200 1950 singulas
1226 1880 1586 1943 examinanti,
1619 1878 1863 1947 mihique
1881 1876 2095 1930 viderer

2206 1892 2414 1944 ἕκαστα
2466 1887 2817 1958 βασανίζοντι
2864 1884 2942 1956 τῷ
2983 1883 3252 1954 λογισμῷ.
3299 1881 3410 1936 Καί
3462 1899 3554 1952 μοι
3605 1881 3779 1935 ἑδόκει

510 1975 569 2029 in
609 1977 846 2045 quodam
899 1974 1083 2029 lucido
1145 1973 1441 2027 veritatum
1491 1971 1804 2026 divinarum
1847 1970 2095 2026 contuitu

2206 1980 2455 2049 καθάπερ
2485 1979 2576 2031 ἑπὶ
2617 1978 2850 2040 σκοπιᾶς
2876 1992 3025 2039 τινος
3053 1973 3374 2044 ἀμφιφαοῦς
3402 1972 3782 2043 τῆςάληθείας

513 2069 745 2123 ﬁrmiter
794 2077 970 2131 stans,
1035 2067 1126 2120 ubi
1188 2064 1536 2119 sermonibus
1592 2064 1699 2118 tuis
1764 2063 2098 2118 constitutus

2206 2070 2308 2124 τῶν
2333 2072 2465 2140 περὶ
2497 2069 2633 2123 Θεοῦ
2663 2069 2956 2138 δογμάτων
2989 2066 3249 2136 ἑστηκότι
3291 2066 3550 2136 βεϐαίως,
3587 2068 3671 2136 ἐφ’
3714 2067 3780 2136 ἢν

446 2201 449 2206 .
511 2173 687 2227 eram,
723 2167 779 2214 et
817 2159 959 2212 unde
1005 2159 1151 2211 velut
1186 2171 1252 2210 ex
1301 2156 1485 2225 aliquo
1527 2162 1820 2224 prospectu
1869 2152 2100 2220 aspicie-

512 2248 638 2304 bam
669 2247 810 2304 infra
838 2249 1108 2318 jacentem
1140 2245 1472 2316 profundum
1502 2245 1796 2315 quemdam
1838 2245 2098 2299 vorticem

513 2345 921 2412 obscuramque
961 2342 1218 2412 abyssum
1250 2339 1485 2407 caligine
1517 2337 1758 2408 plenam,
1806 2336 2100 2405 voragino-

512 2449 635 2490 sum
683 2434 891 2488 scilicet
931 2446 1175 2486 errorem
1220 2430 1444 2484 illorum
1497 2430 1617 2496 qui,
1661 2443 1812 2497 spem
1849 2429 1902 2481 in
1945 2441 2101 2481 men-

511 2528 672 2583 dacio
725 2534 1076 2596 reponentes,
1108 2539 1176 2579 eo
1219 2532 1432 2577 tantum
1486 2520 1831 2576 delectantur
1878 2531 2102 2590 tamque

519 2622 802 2691 copiosam
839 2619 1134 2688 prodigunt
1167 2615 1464 2680 fallaciam,
1495 2621 1553 2668 ut
1580 2612 1801 2668 sibimet
1835 2614 2104 2667 mentian-

517 2723 606 2767 tur
631 2724 685 2767 et
717 2711 928 2781 seipsos
952 2709 1248 2778 decipiant.
1281 2706 1440 2762 Modo
1469 2705 1615 2760 enim
1653 2703 1898 2759 deificam
1929 2703 2098 2774 Spiri-

515 2813 607 2858 tus
628 2803 880 2873 gratiam,
919 2818 1025 2872 qua
1074 2801 1248 2856 sancti
1291 2799 1586 2871 participes
1651 2797 1746 2852 Dei
1797 2798 1880 2851 vel
1923 2799 2103 2868 potius

517 2912 663 2950 unus
693 2911 817 2950 cum
854 2894 964 2949 Deo
1001 2894 1232 2964 spiritus
1290 2894 1444 2956 fiunt,
1478 2905 1601 2946 esse
1621 2898 1862 2946 creatam
1904 2890 2106 2944 audac-

516 2999 602 3044 ter
629 2988 921 3054 affirmant,
956 2998 1010 3042 et
1041 2986 1376 3057 argumentis
1409 2983 1820 3055 Scripturaque
1851 2984 2102 3038 testimo—

518 3081 628 3136 niis
653 3097 844 3134 omncs
876 3079 1207 3134 convincere
1236 3078 1472 3132 maxima
1503 3085 1781 3130 conantur
1807 3074 2100 3135 industria;

2202 2159 2501 2230 ἐτύγχανον
2534 2159 2640 2213 ὑπὸ
2669 2158 2778 2212 τῶν
2813 2158 2923 2211 σῶν
2970 2155 3148 2225 λόγων
3181 2154 3594 2220 ἀναϐιϐασθεὶς,
3638 2157 3781 2210 ἑκεῖ-

2203 2251 2295 2306 θεν
2328 2253 2404 2316 ὡς
2460 2251 2521 2316 ἑξ
2576 2251 2827 2305 ἀπόπτου
2885 2251 3032 2314 τινὸς
3063 2252 3216 2303 κάτω
3262 2267 3366 2302 που
3426 2249 3781 2319 διακειμένην

2203 2345 2472 2416 φάραγγά
2518 2361 2640 2398 τινα
2673 2343 2899 2414 βαθεῖαν
2931 2342 3028 2396 καὶ
3076 2334 3368 2410 διασφάγᾶ
3395 2342 3647 2396 ἐπίσκιον
3674 2343 3782 2397 διά-

2204 2437 2382 2491 πλεων
2400 2437 2587 2504 ζόφου,
2607 2435 2851 2505 δηλονότι
2881 2433 3110 2504 ψεύδους
3136 2432 3518 2502 ἀμφιλαφοῦς,
3551 2435 3620 2488 τὰ
3644 2435 3782 2488 ἑκεί-

2203 2545 2310 2580 νων
2334 2527 2494 2598 όρᾷν,
2546 2527 2595 2580 οἳ
2626 2525 2825 2596 ψεῦδος
2868 2525 3132 2593 ἄντικρυς
3167 2523 3388 2594 θέμενοι
3418 2523 3520 2595 τὴν
3565 2524 3779 2588 ἑλπίδα,

2203 2617 2460 2672 τοσοῦτον
2487 2617 2908 2689 ἑπεντρυφῶσιν
2941 2617 3114 2685 αὐτῷ,
3141 2620 3240 2671 καὶ
3276 2618 3553 2688 τοσαύτην
3589 2618 3782 2673 ἐπιδα-

2203 2711 2521 2781 ψιλεύονται
2549 2710 2648 2780 τὴν
2683 2710 2926 2779 ἀπάτην,
2956 2708 3032 2772 ὡς
3062 2708 3157 2762 καὶ
3190 2708 3340 2776 σφῶν
3363 2710 3547 2763 αὐτῶν
3580 2710 3788 2765 ἔθελον-

2205 2802 2305 2864 τάς
2337 2801 2798 2870 καταψεύδεσθαι,
2827 2803 2923 2855 καὶ
2965 2801 3247 2872 ὲξαπατᾷν
3278 2801 3528 2865 ἑαυτούς.
3569 2805 3638 2856 Oi
3675 2803 3785 2872 γάρ

2206 2894 2302 2948 νῦν
2335 2893 2434 2963 μὲν
2462 2893 2562 2963 τὴν
2595 2891 2846 2946 θεοποιὺν
2875 2893 3084 2962 δωρεάν
3131 2890 3226 2945 τοῦ
3265 2893 3575 2962 [πνεύματος
3607 2894 3679 2946 δι’
3714 2888 3786 2965 ἧς

2211 2985 2430 3055 μέτοχοι
2459 2983 2618 3047 Θεοῦ,
2654 2985 2856 3054 μᾶλλον
2891 2983 2946 3036 δὲ
2993 2982 3051 3036 ἓν
3083 2983 3298 3052 πνεῦμα
3336 2984 3471 3053 μετὰ
3505 2982 3602 3037 τοῦ
3637 2985 3777 3038 Θεοῦ

2207 3078 2450 3147 γίνονται
2479 3080 2528 3131 oi
2562 3077 2734 3146 ἅγιοι,
2764 3077 2972 3145 κτίσμα
2994 3078 3286 3149 διαρρήδην
3308 3077 3555 3143 λέγοντες
3582 3078 3674 3130 καὶ
3701 3075 3770 3128 δι’

519 3174 686 3228 modo
723 3188 851 3228 vero
876 3173 1063 3226 dicunt
1088 3186 1189 3226 nos
1219 3171 1391 3241 ipsius
1419 3171 1677 3226 essentia:
1706 3167 1802 3223 Dei
1832 3183 1954 3223 esse
1978 3182 2101 3237 par-

2209 3170 2662 3240 ἐπιχειρημάτων
2709 3172 2809 3224 καὶ
2854 3169 3151 3240 Γραφικῶν
3206 3169 3508 3240 μαρτυριῶν
3562 3169 3772 3228 πάντας

520 3265 742 3333 ticipes.
799 3263 992 3319 Nonne
1032 3264 1111 3318 sic
1142 3263 1196 3318 in
1244 3263 1381 3318 duas
1442 3269 1628 3333 partes
1685 3260 2014 3325 claudicant,
2048 3268 2103 3313 et

517 3357 622 3411 sibi
655 3357 883 3427 suisque
943 3355 1293 3412 sermonibus
1345 3353 1794 3409 contradicentes
1841 3351 2098 3420 utrinque

518 3449 863 3501 mentiuntur
899 3458 950 3503 et
1005 3448 1329 3516 semetipsos
1363 3443 1603 3498 fallunt?
1648 3442 1784 3498 Nam
1820 3443 2098 3511 quomodo

518 3539 894 3611 qpijessentia:
925 3537 1123 3592 divina:
1155 3539 1332 3606 (juxta
1362 3532 1536 3604 ipsos)
1572 3534 1629 3587 fit
1663 3532 1959 3602 particeps,
1994 3546 2099 3586 non

521 3623 848 3695 intricatum,
874 3630 971 3684 sed
1002 3639 1246 3685 creatum
1282 3625 1612 3697 participat?
1661 3624 1949 3692 Quomodo
1973 3639 2101 3679 vero

521 3721 616 3793 qui
672 3732 856 3777 creata
901 3722 1074 3788 (juxta
1124 3719 1294 3790 ipsos)
1340 3718 1513 3788 gratia
1563 3717 1872 3785 deificatur,
1908 3718 2102 3773 divina

522 3815 799 3886 particeps
828 3821 912 3867 est
934 3810 1220 3866 essentiae?
1725 3823 1730 3830 '

603 4083 829 4154 Tlieoph.
857 4080 1165 4146 Theotime,
1202 4093 1313 4134 non
1344 4078 1632 4135 dissonant
1670 4092 1859 4134 eorum
1895 4092 2107 4133 sermo-

523 4193 624 4232 nes
673 4175 958 4247 cupiditati
1001 4173 1197 4227 animm
1256 4171 1395 4228 istos
1453 4171 1740 4242 parientis,
1788 4188 1855 4226 ex
1895 4187 2005 4240 quo
2045 4171 2101 4224 in

523 4276 635 4322 tam
669 4265 909 4320 absurda
939 4263 1066 4319 elati
1103 4270 1233 4317 sunt
1265 4276 1284 4318 τ
1317 4262 1448 4317 talia
1485 4264 1633 4318 enim
1666 4261 1870 4316 invidis
1897 4262 2104 4317 invidia

525 4373 818 4429 suggerere
849 4357 1009 4412 solet.
1046 4356 1268 4409 Illorum
1304 4355 1526 4425 quidem
1566 4356 1776 4424 toquela
1829 4354 2101 4422 loquenti-

525 4451 631 4506 bus
660 4447 1009 4510 coiitradicit,
1067 4446 1362 4501 ostendens
1411 4461 1506 4501 eos
1537 4462 1566 4501 a
1596 4446 1798 4516 quibus
1831 4446 2105 4516 profertur

527 4557 641 4598 non
691 4537 1153 4610 semiimprobos,
1209 4537 1305 4593 sed
1355 4537 1730 4607 nequissimos
1790 4555 1912 4594 esse
1967 4543 2101 4609 :qui

527 4635 675 4690 enim
716 4632 943 4688 omnino
975 4629 1149 4684 malus
1178 4638 1286 4694 est,
1317 4643 1384 4684 ne
1410 4628 1512 4683 sibi
1538 4629 1758 4699 quidem
1789 4641 1875 4686 est
1903 4631 2099 4686 bonus.

526 4728 796 4783 Caeterum
833 4725 921 4781 isti
953 4731 1124 4780 semet
1153 4722 1457 4777 destruant.
1490 4720 1569 4777 Tu
1611 4738 1762 4791 vero,
1789 4725 1832 4778 si
1864 4725 2102 4780 nondum

529 4819 679 4873 omni
706 4816 1005 4872 extricatus
1050 4832 1110 4871 es
1154 4813 1496 4881 difﬁcultate,
1541 4815 1874 4871 confidenter
1908 4815 2104 4870 scisci-

531 4921 650 4967 tare
679 4909 945 4981 quidquid
977 4907 1211 4963 volueris
1237 4923 1252 4960 :
1308 4921 1437 4961 nam
1476 4922 1599 4962 cum
1631 4921 1696 4962 eo
1718 4907 1810 4977 qui
1837 4921 1944 4962 non
1970 4921 2103 4961 con.

531 5001 828 5065 tentionis,
886 5000 979 5056 sed
1008 4999 1256 5055 veritatis
1307 4998 1491 5054 studio
1536 5004 1913 5068 percontatur,
1982 5011 2109 5050 amo

533 5093 790 5162 colloqui.
1679 5096 1682 5101 ‘

610 5185 794 5238 'l'lieot.
828 5183 925 5238 Dic
964 5185 1120 5246 mihi,
1158 5198 1367 5254 quaeso,
1400 5197 1525 5240 ante
1569 5183 1771 5249 omnia,
1817 5181 2108 5254 Theopha-

535 5295 659 5346 nes,
695 5278 820 5348 quis
844 5277 1136 5332 absurdam
1173 5279 1313 5332 hanc
1341 5280 1659 5348 auspicatus
1683 5277 1755 5330 sit
1777 5275 2107 5337 doctrinam,

536 5386 645 5446 qua
692 5369 950 5438 deceptus
979 5366 1230 5421 Barlaam
1269 5377 1530 5438 perpetuo
1562 5383 1621 5422 se
1667 5367 1928 5436 probrose
1971 5365 2112 5420 mul-

537 5462 675 5517 tavit
713 5458 928 5516 exsilio.
961 5457 1185 5512 Dicebat
1215 5458 1360 5512 enim
1386 5474 1444 5514 se
1468 5457 1711 5530 quaedam
1744 5468 1962 5514 nactum
1991 5473 2112 5514 case

538 5555 765 5624 scripta,
798 5567 828 5608 e
869 5550 1070 5621 quibus
1119 5549 1349 5605 selectos
1409 5551 1731 5606 ostendebat
1782 5550 2112 5621 multiplices

541 5658 743 5709 textus,
777 5659 919 5715 quos
955 5658 1103 5715 aegro
1138 5660 1167 5696 a
1199 5657 1258 5698 se
1290 5643 1475 5696 animo
1501 5644 1628 5698 ferri
1660 5643 1956 5699 asserebat.
1995 5641 2111 5697 Non

545 5748 688 5812 ipse,
738 5738 938 5804 aiebat,
1009 5737 1180 5792 ullum
1239 5735 1481 5791 subierat
1548 5735 1838 5802 damnum;
1905 5736 1999 5792 sed
2056 5735 2110 5790 in

2205 3263 2418 3316 πείθειν
2465 3262 2554 3316 διὰ
2617 3262 2885 3332 μεγίστης
2932 3262 3253 3331 ποιούμενοι
3306 3261 3560 3330 σπουδῆς,
3607 3260 3704 3314 νῦν
3732 3257 3776 3312 δ’

2205 3350 2362 3416 αὖθις
2396 3354 2470 3416 ὼς
2502 3353 2676 3423 αὐτῆς
2704 3354 2804 3423 τῆς
2831 3353 3018 3418 οὐσίας
3046 3354 3142 3408 τοῦ
3171 3353 3307 3408 Θεοῦ
3346 3352 3565 3424 μέτοχοί
3594 3354 3778 3420 ἑσμεν,

2207 3441 2295 3516 ἆρ’
2325 3445 2446 3516 οὐχὶ
2483 3447 2621 3516 πρὸς
2667 3445 2777 3498 τῶν
2817 3445 2935 3498 κατ’
2965 3447 3252 3516 ἀμφότερα
3297 3448 3477 3508 ταυτὶ,
3529 3446 3622 3499 καὶ
3664 3443 3784 3497 καθ’

2207 3534 2418 3588 ἑαυτῶν
2450 3536 2546 3589 καὶ
2576 3535 2685 3587 τῶν
2720 3535 2936 3587 οἰκείων
2964 3535 3139 3604 λόγων
3164 3536 3249 3604 ἐφ’
3287 3535 3553 3606 ἑκατέρου
3583 3535 3785 3605 μέρους

2206 3627 2516 3697 ψεύδονται,
2554 3627 2650 3681 καὶ
2680 3627 2771 3695 ὑφ’
2799 3628 3008 3680 ἑαυτῶν
3039 3625 3360 3681 ἀπατῶνται
3387 3645 3402 3693 ;
3437 3626 3564 3688 Πῶς
3589 3627 3695 3698 γάρ
3717 3625 3784 3680 ἂν

2206 3722 2233 3773 ό
2261 3721 2362 3790 τῆς
2412 3719 2602 3782 οὐσίας
2653 3717 2746 3771 τοῦ
2802 3717 2938 3771 Θεοῦ
2973 3719 3214 3790 μετέχων
3262 3719 3388 3771 κατ’
3440 3717 3638 3781 αὐτοὺς
3684 3717 3786 3769 οὐκ

2208 3813 2465 3864 ἀκτίστου
2522 3810 2658 3863 ἀλλά
2689 3809 2910 3862 κτιστοῦ
2949 3810 3190 3879 μετέχων
3224 3810 3309 3879 εἴη
3337 3826 3353 3875 ;
3389 3810 3515 3874 Πῶς
3561 3808 3606 3863 δ’
3635 3807 3787 3870 αὖθις

2207 3904 2236 3954 ὁ
2269 3904 2462 3972 κτιοτῇ
2497 3899 2618 3953 κατ’
2653 3900 2851 3963 αὐτοὺς
2892 3901 3074 3970 χάριτι
3115 3900 3538 3970 θεοποιούμενος
3569 3898 3671 3969 τῆς
3699 3898 3788 3952 οὐ·

2210 3993 2333 4056 σίας
2365 3992 2588 4061 μετέχει
2625 3989 2721 4044 τοῦ
2753 3990 2889 4044 Θεοῦ
2918 4009 2932 4058 ;

2281 4087 2457 4152 Θεοφ.
2491 4082 2742 4152 Θεότιμε,
2776 4081 2877 4135 οὐκ
2907 4081 3216 4140 ἀπεικότως
3249 4083 3298 4135 οἱ
3345 4079 3497 4151 σφῶν
3532 4079 3683 4151 λόγοι
3710 4080 3787 4148 τῷ

2208 4176 2373 4231 πάθει
2408 4176 2505 4245 τῆς
2536 4175 2735 4238 αὐτοὺς
2765 4172 3058 4240 τικτούσης
3105 4174 3316 4226 ἐοίκασι
3345 4173 3549 4243 ψυχῆς,
3600 4173 3693 4242 ἀφ’
3725 4165 3783 4225 οὗ

2209 4269 2346 4341 πρὸς
2371 4267 2470 4338 τὴν
2502 4267 2852 4336 λογολεσχίαν
2876 4265 3083 4336 ταύτην
3107 4264 3428 4336 ἐπήρθησαν
3452 4281 3466 4295 ·
3501 4264 3657 4333 σφίσι
3676 4266 3784 4332 γὰρ

2208 4363 2462 4430 ἐμποιεῖν
2496 4361 2609 4423 τοῖς
2651 4357 2939 4428 φθονοῦσιν
2977 4359 3005 4410 ό
3046 4357 3241 4426 φθόνος
3288 4356 3505 4426 πέφυκε
3531 4373 3546 4388 ο
3600 4355 3695 4410 καὶ
3734 4355 3782 4407 cl

2208 4454 2418 4508 τούτων
2462 4453 2612 4521 λόγοι
2648 4453 2762 4515 τοῖς
2793 4451 3046 4520 λέγουσιν
3094 4450 3491 4519 ἀντιλέγουσιν,
3525 4451 3627 4504 οὐκ
3657 4450 3780 4521 ἡμι-

2215 4545 2522 4617 μοχθήρους
2559 4543 2714 4606 τινὰς
2756 4545 2882 4607 τοὺς
2910 4543 3293 4614 προϊεμένους,
3326 4542 3463 4597 ἀλλά
3491 4543 3782 4612 παμπονή-

2214 4653 2338 4707 ρους
2394 4634 2740 4698 δεικνύντες·
2798 4637 2827 4688 ό
2869 4635 2979 4704 γὰρ
3011 4634 3212 4696 τελέως
3257 4633 3425 4698 κακὸς
3469 4633 3576 4686 οὐδ’
3605 4632 3783 4702 ἑαυτῷ

2209 4729 2358 4781 ἑστιν
2383 4727 2608 4796 ἀγαθός.
2657 4725 2799 4782 Ἀλλ’
2835 4727 3034 4780 ἐκεῖνοι
3088 4725 3191 4796 μὲν
3224 4726 3452 4788 ἑαυτοὺς
3489 4742 3784 4796 καταστρε-

2212 4819 2423 4887 φόντων
2444 4835 2458 4849 ο
2489 4818 2554 4871 σὺ
2586 4818 2631 4870 δ’
2663 4820 2712 4871 εί
2759 4818 2835 4889 μὴ
2866 4818 2977 4871 τῶν
3023 4817 3269 4887 ἀποριῶν
3320 4817 3650 4872 ἀπολέλυσαι
3693 4833 3783 4870 τε-

2211 4909 2372 4975 λέως,
2398 4908 2670 4963 πυνθάνου
2699 4909 2891 4975 ἀδεῶς,
2913 4910 3050 4981 ὅπερ
3081 4910 3147 4964 ἂν
3235 4926 3315 4963 σοι
3340 4907 3649 4979 βουλομένῳ
3673 4924 3688 4939 ο
3709 4907 3784 4976 τῷ

2211 5001 2320 5069 γὰρ
2359 5000 2434 5069 μὴ
2481 4999 2620 5072 πρὸς
2667 5000 2805 5068 ἔριν,
2840 4999 2980 5054 ἀλλά
3013 5001 3149 5071 πρὸς
3197 5000 3459 5071 ἀλήθειαν
3507 4999 3783 5071 ζητητικῷ

2212 5091 2598 5162 διαφερόντως,
2636 5090 2694 5144 εὖ
2732 5091 2863 5155 ἴσθι,
2900 5091 3075 5164 χαίρω
3103 5090 3509 5161 διαλεγόμενος.

2286 5187 2450 5240 Θεότ.
2487 5183 2660 5236 Τοῦτό
2691 5201 2782 5254 μοι
2809 5185 2946 5255 πρὸς
2977 5183 3114 5238 Θεοῦ
3156 5185 3262 5254 πρὸ
3287 5183 3397 5238 τῶν
3437 5182 3613 5236 ἄλλων
3645 5180 3784 5250 (ppri-

2217 5293 2328 5340 σον,
2361 5275 2657 5344 Θεόφανες,
2697 5276 2783 5338 τίς
2823 5274 2941 5327 ποτ’
2975 5276 3082 5344 ἄρα
3115 5274 3216 5344 τῆς
3243 5273 3548 5341 ἀντιλογίας
3582 5273 3785 5337 ταύτης

2213 5363 2371 5439 ἦρξε,
2421 5366 2542 5421 καθ’
2592 5367 2659 5436 ἢν
2695 5367 2949 5438 ἡττηθεὶς
2978 5371 3004 5420 ὁ
3039 5367 3304 5437 Βαρλαάμ
3354 5365 3646 5436 ἀειφυγίαν
3693 5364 3785 5416 ὑπ’

2214 5460 2476 5530 αἰσχύνης
2514 5460 2709 5514 ἑαυτοῦ
2751 5460 3200 5531 κατεψηφίσατο;
3237 5460 3533 5530 Γράμμασι
3564 5456 3674 5526 γὰρ
3708 5458 3790 5509 ἑν-

2215 5555 2400 5622 τυχεῖν
2431 5551 2616 5619 ἔλεγεν
2648 5553 2879 5619 ἐκεῖνος,
2917 5552 3008 5621 ἀφ’
3044 5546 3119 5606 ὧν
3151 5551 3244 5606 καὶ
3274 5549 3629 5618 πολυστίχους
3661 5548 3795 5601 ὑπε-

2215 5644 2399 5698 δείκνυ
2424 5645 2611 5714 ῥήσεις
2633 5643 3016 5713 ἐκλεξάμενος,
3040 5643 3106 5696 δι’
3127 5642 3192 5705 δις
3211 5641 3402 5696 παθεῖν
3419 5639 3794 5694 διεϐεϐαιοῦτο

2215 5737 2314 5806 τὴν
2366 5734 2564 5806 ψυχὴν,
2601 5736 2702 5788 οὐκ
2763 5735 2926 5799 αὑτός
2979 5753 3031 5788 τι
3084 5733 3281 5804 βλάϐος
3335 5733 3616 5795 ὑποστάς⁶
3656 5733 3797 5786 ἀλλὰ
