4108 6316
401 458 508 524 913

1746 444 2274 518 ’TlIEOPllANES.

3531 465 3635 530 9ἒᾶ

403 576 544 629 κατὰ
572 574 682 628 τῶν
732 573 1200 643 συγγραψαμένων
1244 572 1498 627 ὑπόνοιαν
1535 573 1826 642 δεξάμενος
1867 570 1968 624 οὐκ

2077 569 2364 638 scriptores
2399 568 2769 640 suspicionem
2795 582 3120 642 conceperat
3153 589 3260 629 nun
3289 576 3508 643 bonam,
3539 581 3634 634 se-l

402 667 634 734 ἀγαθὴν,
685 663 883 733 μᾶλλον
912 663 969 716 δὲ
1019 665 1116 717 καὶ⁸
1153 664 1274 716 λίαν
1327 667 1527 734 κακὴν.
1560 664 1809 733 Δυσσεὸῆ
1856 664 1965 734 γὰρ

402 761 548 829 ἔχειν
577 756 734 824 δόξαν
767 755 1039 809 ὑπέλαϐεν
1069 755 1287 820 αὐτοὺς,
1325 756 1394 826 ἡν
1422 755 1488 826 δὴ
1539 756 1634 810 καὶ
1663 754 1971 808 ἀνασκευά-

403 852 528 915 ζων,
559 850 982 920 ἀντιρῤητικοὺς
1007 847 1201 916 λόγους
1233 849 1636 918 συνεγράψατο.
1664 847 1971 919 Τοιγαροῦν

402 949 502 999 οὐκ
531 945 595 998 ἂν
617 945 733 1015 ἔχοι
766 961 852 1009 τις
904 945 1080 998 εἰπεῖν
1114 943 1276 998 αὐτὸν
1305 947 1404 1016 τῆς
1448 943 1758 1013 ἀντιλογίας
1805 958 1973 996 κατα-

401 1034 662 1090 ϐαλέσθαι
691 1035 791 1105 τὴν
818 1037 1016 1106 ἀρχήν.

475 1129 651 1195 Θεοφ.
683 1125 882 1191 Καλῶς
915 1123 1038 1182 εῐπέ
1072 1145 1154 1191 τις
1198 1129 1304 1181 τῶν
1355 1127 1599 1181 παλαιῶν
1648 1125 1970 1196 Καισάρων,

400 1218 476 1279 ὡς
501 1216 598 1286 οὐχ
630 1217 854 1285 ὑπέχειν
871 1217 1038 1287 ἄμφω
1065 1219 1147 1272 δεῖ
1176 1220 1242 1272 τὰ
1265 1211 1377 1271 ὦτα
1398 1221 1511 1281 τοῖς
1540 1217 1967 1288 κατηγοροῦσιν,

401 1309 537 1361 ἀλλά
570 1307 649 1376 τῷ
697 1308 1158 1379 ἀπολογησομένῳ
1201 1308 1427 1380 θάτερον
1456 1310 1731 1380 ἀκήρατον
1774 1307 1976 1378 φυλάτ-

403 1417 518 1452 τειν
565 1397 680 1464 οὖς,
717 1399 856 1453 ὥστε
895 1400 1118 1470 μηδαμῆ
1155 1400 1321 1470 μηδὲν
1358 1401 1612 1472 στέργειν
1664 1401 1801 1470 μηδὲ
1830 1401 1971 1454 ἀπο-

408 1492 694 1560 φαίνεσθαι
723 1494 850 1562 πρὶν
877 1492 942 1545 ἂν
972 1492 1235 1563 διακούσῃ
1258 1494 1606 1565 ἀμφοτέρων.
1644 1495 1829 1548 Ταῦτα
1863 1493 1972 1562 γὰρ

404 1582 546 1636 αὐτὰ
578 1583 714 1637 κάπὶ
752 1583 853 1653 τῆς
911 1583 1134 1637 συνόδου
1185 1583 1434 1654 διεξῆλθε
1479 1585 1678 1655 μικροῦ
1727 1586 1821 1638 καὶ
1880 1585 1975 1636 ἐπὶ

405 1675 607 1740 λέξεως
643 1679 671 1728 ό
718 1675 1021 1746 Βαρλαάμ·
1063 1677 1158 1731 καὶ
1193 1677 1331 1730 πολὺ
1386 1677 1494 1730 τῶν
1541 1678 1750 1730 ἐκείνου
1798 1677 1973 1746 λόγων

396 1768 610 1837 ,μεταξὺ
639 1766 719 1831 τὸ,
746 1768 1232 1838 Τετραυμὰτισμαι
1259 1768 1355 1822 καὶ
1380 1768 1626 1822 πέπονθα
1648 1768 1745 1839 τὴν
1769 1769 1972 1840 ψυχὴν,

408 1861 499 1929 ὑφ’
526 1854 600 1914 ὧν
629 1861 763 1930 ἔφης
789 1862 1238 1931 συγγραμμάτων
1271 1861 1492 1932 δηλαδή.
1528 1862 1672 1934 Πρὸς
1715 1861 1888 1915 ταῦτα
1914 1861 1972 1915 δὲ

407 1959 537 2025 ἡμῖν
567 1954 761 2024 ὀλίγων
807 1955 995 2026 ἐδέησε
1042 1955 1220 2024 λόγων
1251 1973 1266 1988 ⁸
1299 1955 1520 2026 εἴχομεν
1570 1957 1679 2023 γὰρ
1711 1957 1812 2028 τὴν
1863 1957 1974 2010 ἀπὸ

405 2043 513 2093 τῶν
542 2043 885 2110 πραγμάτων
906 2041 1259 2109 ἀνεξέλεκτον
1284 2044 1583 2098 ἀντίθεσιν.
1629 2045 1976 2114 Ἐξενεγκόνο

319 2127 328 2134 “
405 2147 496 2193 τες
527 2130 635 2201 γὰρ
668 2131 1034 2200 ὑπεδείξαμεν
1079 2134 1498 2202 συγγράμματα
1536 2135 1745 2187 ἐκείνου
1796 2133 1976 2203 πολλῷ

402 2222 648 2290 πρότερα
679 2221 790 2273 τῶν
819 2221 1129 2291 ἡμετέρων,
1163 2223 1408 2275 τείνοντα
1451 2225 1678 2276 κάκεῖνα
1715 2223 1851 2294 πρὸς
1878 2225 1977 2294 τὴν

406 2311 790 2380 προκειμένην
819 2312 1002 2384 δίκην,
1046 2313 1182 2383 πρὸς
1216 2313 1252 2366 ἃ.
1281 2314 1372 2366 καὶ
1424 2314 1702 2367 ἀντέκειτο
1736 2315 1804 2367 τὰ
1836 2316 1976 2385 ἡμέ-

405 2420 558 2471 τερα.
596 2403 781 2458 Ταῦτα
805 2403 861 2456 δέ
908 2404 1113 2466 ἐκεῖνος
1153 2404 1252 2473 τῆς
1277 2405 1672 2475 Θεσσαλονίκης
1727 2407 1977 2477 ἀπαίρων

407 2495 699 2563 ἀφανίσας,
731 2494 807 2557 ῶς
832 2512 895 2563 γε
928 2495 1080 2565 ᾤετο,
1115 2495 1292 2549 καὶτὰ
1339 2497 1457 2566 μετ’
1489 2498 1733 2551 ἐνιαυτὸν
1767 2513 1976 2565 συγγε-

408 2587 707 2656 γραμμένα
751 2587 801 2640 οἱ
841 2586 1108 2656 πρὸς-τὰς
1143 2587 1233 2657 ὑφ’
1273 2587 1430 2656 ἡμῶν
1461 2590 1750 2656 γεγονυίας
1797 2590 1979 2661 ἀντιρ-

410 2681 599 2749 ρήσεις
630 2679 955 2748 προδεικνὺς
983 2679 1196 2743 ἐνθάδε,
1224 2679 1352 2742 τοὺς
1379 2680 1480 2732 οὐκ
1502 2681 1734 2745 εἰδότας,
1771 2681 1848 2744 ὡς
1876 2681 1978 2735 οὐκ

407 2767 564 2840 ἦρξε,
593 2771 721 2841 ῥᾷον
767 2771 1004 2824 ἔπειθεν.
1050 2771 1213 2823 Ἀλλὰ
1246 2771 1356 2842 γὰρ
1394 2771 1803 2842 ἀναπεφηνότος
1835 2771 1980 2827 οὕτω

411 2859 586 2928 ῥᾷστα
639 2858 814 2910 δολίου
851 2858 993 2912 κατά
1049 2859 1211 2914 τοῦτο
1255 2861 1348 2913 καὶ
1402 2861 1652 2930 ψευδοῦς,
1703 2863 1826 2915 ἐπεὶ
1883 2863 1979 2916 καὶ

407 2947 821 3012 Θεσσαλονικεῖς
861 2950 1054 3020 ἄνδρες
1085 2952 1340 3022 παρῆσαν
1368 2954 1418 3005 οἰ
1447 2954 1748 3014 συνειδότες
1785 2955 1974 3020 ἐξεταο

363 3109 368 3114 _
407 3036 641 3107 ζομένης
672 3038 773 3108 τῆς
802 3038 979 3108 ἀρχῆς
1010 3040 1134 3094 ὅθεν
1153 3042 1400 3112 ἀνεφάνη
1427 3044 1534 3114 πρὸ
1564 3045 1828 3098 ἐνιαυτῶν
1858 3063 1978 3100 τετ-

404 3129 609 3200 τάρων,
647 3132 736 3183 ὅτε
775 3133 910 3202 μηδὲ
937 3133 1053 3204 ᾔδει
1108 3151 1226 3196 πως
1272 3135 1481 3205 σχεδὸν,
1516 3137 1619 3190 ποῦ
1663 3139 1766 3208 γῆς
1814 3141 1979 3210 ἡμεῖς

2071 661 2252 730 potius
2284 660 2440 716 valde
2471 663 2668 717 malam
2701 680 2716 722 :
2755 665 3071 736 suspicatus
3113 676 3198 722 est
3225 669 3370 722 enim
3399 678 3495 726 eos
3529 672 3632 725 im.

2071 748 2217 817 piam
2269 749 2514 818 profiteri
2565 752 2894 820 doctrinam,
2944 755 3010 809 ad
3065 771 3229 826 quam
3282 757 3636 815 refellendum

2071 838 2452 894 refutationem
2479 843 2805 911 composuit.
2836 843 3028 914 Itaque
3055 861 3084 900 a
3114 848 3328 901 nemine
3355 849 3460 905 dici
3515 865 3641 921 pos-

2072 937 2156 984 set
2186 931 2299 1000 ipse
2330 931 2723 1002 disputationis
2752 933 3104 990 fundamenta
3128 937 3354 1007 iecisse.

2152 1108 2379 1176 .neoph.
2418 1108 2584 1164 Recte
2614 1109 2754 1165 dixit
2794 1111 3018 1182 quidam
3066 1123 3310 1170 veterum
3361 1114 3639 1172 Caesarum

2077 1215 2183 1254 non
2221 1201 2541 1271 praebendas
2592 1216 2713 1257 esse
2761 1203 2952 1260 ambas
2989 1218 3150 1260 aures
3200 1208 3640 1276 accusatoribus,

2077 1292 2171 1347 sed
2204 1300 2259 1345 et
2313 1305 2372 1345 se
2407 1291 2700 1348 defensuro
2754 1308 2917 1349 unam
2971 1310 3160 1350 aurem
3209 1296 3494 1374 integram.
3523 1314 3646 1355 esse

2077 1381 2420 1444 servandam,
2457 1383 2528 1436 ita
2573 1394 2630 1438 ut
2683 1383 2819 1436 nihil
2853 1385 3170 1440 admittatur
3227 1397 3323 1440 aut
3371 1388 3649 1458 rejiciatur

2080 1476 2210 1544 quin
2242 1483 2481 1543 utraque
2509 1489 2637 1544 pars
2685 1475 2871 1529 audita
2913 1475 3100 1530 fuerit.
3134 1474 3250 1529 Non
3296 1475 3484 1531 eadem
3531 1475 3649 1532 fere

2077 1568 2142 1622 ad
2165 1571 2392 1622 verbum
2439 1567 2492 1621 itt
2533 1566 2745 1638 synodo
2772 1568 3049 1622 enarravit
3083 1568 3371 1634 Barlaam;
3413 1579 3467 1622 et
3515 1569 3645 1623 dum

2080 1661 2416 1727 loqueretur,
2466 1660 2634 1714 multa
2683 1659 2876 1713 saucio
2929 1674 3124 1730 passus
3167 1675 3288 1713 sum
3330 1661 3515 1715 animo
3546 1674 3647 1730 pro

2078 1749 2184 1804 illis
2218 1749 2472 1804 videlicet
2497 1763 2620 1818 qua:
2643 1749 2864 1804 dicebas
2887 1749 3127 1820 scriptis.
3159 1747 3265 1805 Sed
3299 1752 3365 1805 ad
3397 1750 3648 1806 refellen-

2079 1843 2207 1896 dum
2239 1859 2361 1912 quae
2384 1843 2661 1898 asserebat
2684 1857 2860 1911 pauco
2891 1843 3049 1898 nobis
3073 1857 3322 1897 sermone
3343 1858 3480 1913 opus
3508 1842 3644 1899 fuit:

2004 1904 2052 1967 Β
2081 1949 2203 1988 nam
2243 1904 2332 1990 res
2364 1935 2494 2002 ipsa:
2517 1904 2911 1988 irrefu'tabilem
2937 1933 3095 1988 nobis
3116 1904 3532 2004 suppeditabant
3564 1949 3652 1990 re-

2077 2027 2421 2083 futationem.
2443 2026 2807 2082 Produximus
2838 2024 2984 2079 enim
3008 2033 3064 2080 et
3085 2025 3650 2095 ostendimusscripta

2078 2117 2226 2170 illius
2263 2115 2472 2170 nostris
2513 2118 2688 2172 multo
2732 2117 3030 2178 anteriora.
3067 2133 3189 2187 quae
3225 2118 3291 2171 ad
3323 2127 3646 2187 praesentem

2079 2203 2228 2259 litem
2265 2206 2591 2269 attinebant,
2625 2215 2678 2260 et
2725 2205 2926 2276 quibus
2972 2218 3159 2263 nostra
3197 2208 3644 2262 obluctabantur.

2081 2297 2186 2352 Sed
2219 2298 2329 2352 illis
2361 2312 2391 2350 a
2435 2295 2823 2353 Thessalonica
2859 2297 3057 2354 ablatis
3089 2309 3143 2352 et
3175 2313 3206 2353 e
3243 2311 3556 2369 conspectu,
3589 2311 3648 2354 ut

2079 2391 2327 2461 putabat,
2365 2389 2671 2456 subductis,
2700 2389 2808 2443 alia
2843 2389 3046 2444 ibidem
3075 2389 3358 2446 substituit
3391 2406 3508 2460 quae
3535 2407 3646 2446 uno

2078 2493 2202 2552 post
2255 2495 2398 2535 anno
2458 2490 2648 2534 contra
2713 2479 3099 2535 refutationem
3153 2491 3390 2536 nostram
3426 2497 3648 2550 compo-

2079 2582 2280 2635 suerat.
2320 2584 2374 2628 et
2407 2573 2612 2642 ignaris
2653 2572 2810 2627 facile
2829 2574 3100 2642 persuasit
3122 2589 3180 2628 se
3217 2575 3648 2630 controversiam

2081 2683 2191 2722 non
2213 2681 2468 2720 exorsum
2491 2679 2632 2720 esse.
2663 2663 2768 2719 Sed
2791 2677 2900 2718 non
2934 2665 3115 2720 minus
3140 2665 3296 2720 facile
3321 2666 3533 2721 detecta
3559 2677 3646 2722 est

2080 2759 2232 2814 fraus
2260 2765 2314 2813 et
2333 2756 2569 2821 fallacia,
2590 2755 2716 2826 quia
2747 2754 3270 2814 Thessalonicenscs
3298 2757 3525 2814 aderant
3547 2761 3650 2815 viri

2079 2852 2315 2906 scientes
2353 2850 2634 2919 quaasitam
2677 2849 2942 2919 originem
2968 2850 3208 2914 patuisse
3263 2862 3495 2920 quatuor
3521 2860 3649 2905 ante

2079 2943 2260 3008 annis,
2290 2942 2512 3012 quando
2535 2942 2626 2996 ille
2657 2941 2841 2997 forsan
2868 2941 3144 2996 nesciebat
3169 2942 3258 2996 ubi
3280 2957 3378 2997 nos
3395 2958 3648 2998 essemus

2079 3050 2178 3089 nec
2205 3034 2401 3088 litteris
2425 3048 2667 3103 unquam
2693 3034 2976 3088 nobiscum
2993 3034 3299 3088 collocutus
3329 3045 3450 3093 erat
3475 3051 3490 3088 :
3517 3046 3650 3091 tunc

2081 3128 2249 3193 enim,
2278 3136 2387 3180 tam
2411 3126 2571 3197 longe
2592 3125 2863 3190 anterius,
2888 3125 3153 3180 simulans
3183 3141 3243 3181 se
3273 3127 3507 3195 simplici
3529 3129 3651 3182 cui-

411 3223 598 3291 ἐσμεν,
650 3222 784 3291 μηδέ
815 3225 902 3276 διὰ
937 3225 1282 3295 γραμμάτων
1330 3227 1630 3299 ἐτύγχανεν
1679 3230 1974 3300 ὡμιληκὼς

2081 3219 2206 3273 dam
2243 3215 2513 3272 monacho
2535 3231 2741 3270 morem
2777 3231 2983 3286 gerere,
3009 3233 3070 3272 ea
3117 3217 3392 3273 inchoavit
3413 3235 3648 3289 quorum

409 3313 564 3380 ἡμῖν,
605 3312 728 3364 τότε
777 3313 883 3382 πρὸ
911 3314 1167 3366 τοσούτου
1196 3317 1388 3385 χρόνου
1445 3321 1582 3387 πρός
1612 3338 1733 3374 τινα
1782 3321 1890 3375 τῶν
1919 3323 1975 3374 ἐν

407 3403 678 3470 ἁπλότητι
711 3404 1054 3470 μοναζόντων
1091 3406 1339 3478 ὑπακοὴν
1377 3408 1538 3464 αὐτὸν
1596 3411 1974 3482 ὑποκρινάμε-

410 3513 522 3562 νον,
561 3499 624 3548 ἐκ
653 3495 848 3549 τούτου
875 3497 974 3559 τὰς
1003 3496 1175 3561 λαϐὰς
1210 3501 1472 3570 εὑρέσθαι
1519 3503 1627 3556 τῶν
1659 3519 1975 3574 κατηγορη-

413 3589 623 3656 μάτων,
651 3586 724 3650 ὡς
753 3588 846 3642 καὶ
877 3589 905 3642 ό
934 3589 1212 3652 συνοδικδς
1240 3591 1408 3661 τόμος
1432 3593 1740 3662 καταφανὲς
1766 3593 1977 3648 τίθεται

408 3681 521 3742 τοῖς
552 3679 924 3750 βουλομένοις.
952 3681 1096 3753 Πρὸς
1136 3681 1194 3734 δέ
1220 3685 1333 3746 τοῖς
1366 3685 1681 3755 εἰρημένοις
1706 3685 1786 3748 τίς
1814 3686 1844 3739 ό
1868 3687 1976 3741 τῶν

408 3768 581 3836 λόγων
612 3769 831 3840 ἀρχωνς
861 3770 960 3841 οὐχ
994 3772 1022 3830 ό
1051 3773 1395 3845 κατηγρρῶν,
1430 3775 1527 3844 οὐχ
1556 3774 1585 3826 ό
1620 3774 1892 3843 ἐγκαλῶν,
1919 3774 1978 3839 δς

406 3857 474 3930 ἦν
501 3862 752 3929 φανερῶς
776 3860 980 3929 αὑτόςς
1008 3863 1204 3934 Ἡμεῖς
1231 3865 1274 3916 δ’
1296 3866 1358 3919 οὺ
1392 3868 1532 3937 μετά
1563 3867 1738 3938 μῆνας
1765 3869 1976 3939 ἡκομεν

405 3953 567 4018 ἐπτά,
609 3957 1033 4031 πατριαρχικοῖς
1067 3957 1362 4028 γράμμασι
1399 3959 1822 4028 μετάπεμπτοι;
1855 3960 1979 4024 Πῶς

404 4039 498 4098 οὖν
534 4043 595 4097 οὗ
632 4045 832 4106 παντὸς
871 4045 1073 4115 μᾶλλον
1099 4047 1358 4116 ἐκφανὲς,
1387 4048 1462 4112 ὡς
1489 4048 1590 4120 οὐχ
1615 4049 1774 4118 ἡμεῖς
1803 4051 1851 4104 οῖ
1878 4049 1979 4120 τὴν

410 4135 586 4207 ἀρχὴν
613 4135 717 4205 τῆς
753 4135 892 4205 πρὸς
925 4135 1090 4189 αὑτὸν
1125 4137 1435 4204 ἀντιλογίας
1486 4136 1974 4207 καταϐαλλόμενοι,

2081 3319 2394 3372 accusatur,
2421 3316 2482 3362 ut
2514 3308 2567 3363 in
2595 3306 2746 3362 Actis
2779 3309 2969 3379 synodi
2995 3309 3142 3363 clare
3171 3311 3374 3365 videbit
3398 3314 3648 3382 quisquis

2083 3400 2257 3454 volue'.
2274 3400 2333 3452 it.
2354 3398 2638 3464 Praeterea,
2657 3397 2781 3468 quis
2797 3398 3182 3453 controversia:
3206 3409 3396 3455 auctor
3421 3403 3440 3455 ἔ
3473 3418 3652 3458 nonne

2081 3501 2389 3558 accusator,
2420 3506 2600 3546 nonne
2633 3490 3018 3547 insimulator?
3051 3493 3196 3562 quod
3223 3493 3335 3564 ipse
3373 3495 3652 3554 evidenter

2083 3593 2219 3639 erat.
2250 3583 2358 3638 Nos
2391 3599 2520 3638 vero
2550 3597 2731 3637 nonne
2755 3592 2876 3650 post
2894 3595 3101 3652 septem
3129 3600 3346 3641 menses
3376 3588 3648 3652 venimus,

2080 3674 2405 3746 patriarcha)
2423 3675 2619 3730 litteris
2637 3673 2917 3730 accersiti?
2942 3673 3132 3729 Nonne
3155 3675 3318 3746 igitur
3348 3678 3651 3734 clarissime

2078 3780 2203 3824 ante
2221 3767 2402 3824 omnia
2431 3767 2596 3836 liquet
2616 3781 2720 3822 non
2743 3764 2895 3819 nobis
2917 3763 3264 3824 tribuendum
3291 3783 3410 3822 csse
3432 3767 3647 3824 initium

2081 3863 2475 3932 disputationis
2494 3863 2560 3917 ad
2591 3861 2742 3916 illum
2784 3863 3117 3932 spectantis?
3149 3863 3500 3932 Ceteroquin,
3533 3865 3649 3919 sive

2081 3957 2149 4015 ab
2183 3970 2267 4020 eo,
2303 3954 2418 4008 sive
2451 3968 2481 4005 a
2515 3951 2675 4004 nobis
2697 3959 2884 4006 exorta
2913 3953 3004 4013 sit,
3034 3967 3213 4007 nonne
3240 3951 3331 4005 ille
3357 3953 3530 4023 magis
3565 3954 3649 4006 iu-

2087 4043 2394 4112 culpandus
2416 4049 2501 4097 est
2529 4039 2614 4094 vel
2650 4040 2833 4108 potius
2865 4039 3238 4096 exsecrandus
3259 4040 3351 4108 qui
3377 4040 3543 4110 impia
3570 4042 3643 4100 lu.

2091 4139 2279 4206 quitur
2306 4147 2468 4202 quam
2499 4130 2590 4201 qui
2621 4130 2885 4183 duntaxat
2917 4127 3234 4183 inchoavit?

404 4227 466 4280 οὐ
497 4227 602 4297 μὴν
629 4226 746 4280 ἀλλ’
789 4227 887 4280 εἰτ’
920 4229 1131 4292 ἐκεῖνος
1174 4223 1342 4300 ἦρξεν
1373 4228 1473 4283 εἶθ’
1501 4230 1688 4301 ἡμεῖς,
1715 4232 1743 4284 ό
1771 4229 2050 4295 δυσσεϐῶς
2113 4231 2287 4299 λέγων
2327 4225 2561 4297 μάλιστα
2629 4220 2931 4291 μεμπτέοῖν
2973 4218 3176 4290 μᾶλλον
3250 4220 3307 4274 δὲ
3373 4222 3466 4276 καὶ
3512 4223 3650 4289 ἀπ9’

404 4321 686 4390 τρόπαιος,
719 4319 838 4374 ἀλλ’
871 4321 969 4392 οὐχ
996 4321 1185 4385 ἁπλῶς
1212 4324 1240 4376 ό
1265 4322 1434 4391 ἄρξας
1462 4343 1479 4392 ;

479 4419 646 4471 Θεότ.
679 4411 754 4470 Εὖ
780 4417 984 4484 λέγεις.
1015 4417 1188 4471 Τοῦτο
1223 4419 1321 4488 μὲν
1362 4419 1427 4488 δὴ
1461 4421 1554 4479 καὶ
1589 4421 1968 4492 προύργιαίτευ

2155 4418 2338 4472 Theat.
2364 4414 2508 4469 Bene
2548 4409 2806 4480 loqueris.
2843 4407 2894 4463 Id
2931 4408 3148 4478 quidem
3181 4410 3374 4468 melius
3409 4421 3550 4466 esset
3581 4427 3646 4475 ac

407 4527 500 4578 ρον
528 4509 596 4562 ἂν
627 4507 713 4577 εἴη
741 4508 832 4561 καὶ
863 4509 1290 4581 δυσχερέστερον
1334 4511 1526 4580 μαθεῖν
1551 4513 1721 4583 ὀἐμοὶ
1744 4513 1802 4567 δὲ
1849 4516 1976 4567 οὑκ-

407 4600 480 4653 ἐτ’
518 4600 1004 4670 ἀμιρισϐητὴσιμον
1031 4601 1183 4654 οὐδέν
1207 4617 1222 4634 ο
1275 4604 1370 4661 καὶ
1404 4603 1511 4675 γὰρ
1538 4603 1710 4672 ἐγνων
1733 4606 1974 4677 ἀκρισῶς

411 4689 508 4758 τὴν
535 4690 634 4742 τοῦ
682 4690 873 4759 ἀνδρὸς
907 4690 1230 4762 κακοδοξίαν
1284 4694 1406 4766 ὅση.
1445 4693 1681 4763 Μακρᾶς
1725 4695 1781 4753 δὲ
1809 4694 1974 4765 οὔσης

413 4783 507 4834 καὶ
531 4779 885 4848 πο).υσχιδοῦς
911 4781 1005 4838 καὶ
1037 4782 1140 4834 ὑπὸ
1166 4781 1274 4834 τῶν
1297 4779 1700 4854 διαδεξαμένων
1720 4785 1976 4854 αὐξηθεί-

413 4866 512 4941 σης
543 4871 598 4933 ἐς
631 4871 699 4924 τὰ
725 4870 981 4940 μάλιστα,
1017 4872 1238 4942 μεθόδου
1271 4873 1414 4936 τινὸς
1455 4874 1671 4944 δέομαι,
1697 4874 1819 4930 καθ’
1847 4877 1972 4929 ὅσον

410 4956 584 5014 οἷόντε
615 4961 1090 5032 συντετμημένης,
1124 4964 1225 5017 οὐκ
1255 4968 1334 5027 εἰς
1372 4964 1701 5034 κατάληψιν,
1732 4965 1848 5018 ἀλλ’
1891 4967 1973 5026 είς

409 5052 739 5120 διασάφησίν
786 5069 847 5105 τε
877 5056 972 5106 καὶ
999 5055 1222 5124 ἔλεγχον
1273 5056 1478 5125 αὐτῆς·
1523 5056 1614 5108 καὶ
1660 5055 1752 5108 σοῦ
1781 5056 1973 5126 δέομαι

410 5144 486 5215 μὴ
520 5145 729 5197 ἀνεῖναι
777 5145 920 5197 κατὰ
953 5144 1013 5196 τὸ
1069 5146 1368 5215 ἐγχωροῦν,
1417 5146 1535 5199 ὁδὸν
1587 5147 1973 5216 ὑφηγήσασθαι

407 5236 684 5306 τοιαύτην,
709 5237 855 5300 ὅπως
881 5235 950 5289 δι’
981 5236 1153 5306 αὐτῆς
1179 5238 1338 5306 ἡμεῖς
1368 5238 1560 5303 ἰόντες,
1592 5239 1686 5291 καὶ
1723 5239 1796 5302 ὠς
1825 5238 1973 5309 ὅπλῳ

406 5327 769 5398 κυκλούμενοι
819 5328 890 5399 τῇ
942 5327 1194 5399 ἀληθείᾳ,
1247 5331 1552 5392 πιπτούσας
1610 5329 1826 5401 δρῶμεν
1875 5332 1974 5396 τὰς

405 5422 632 5478 ἐκείνων
659 5420 998 5490 λεσχηνείας,
1030 5420 1318 5490 ψαλμιιιῶς
1341 5422 1537 5486 εἰπεῖν,
1562 5420 1625 5474 ἐκ
1650 5439 1708 5475 τε
1737 5423 1836 5478 τοῦ
1863 5422 1977 5477 κλί-

403 5531 527 5576 τους
563 5515 656 5566 καὶ
695 5513 758 5565 ἐκ
789 5511 1005 5575 δεξιῶν,
1039 5513 1172 5581 ἡμῖν
1204 5511 1260 5563 δὲ
1291 5509 1366 5581 μὴ
1397 5509 1746 5580 ἐγγιζούσας,

477 5608 654 5672 Θεοερ.
685 5601 760 5655 Οὐ
787 5602 988 5673 μικρόν
1013 5603 1128 5654 ἐστι
1147 5601 1210 5654 τὸ
1235 5601 1465 5670 αἴτημα,
1495 5595 1540 5654 ὧ
1567 5600 1831 5670 βέλτιστε,
1861 5599 1973 5668 ἐγώ

403 5714 464 5752 τε
495 5695 718 5758 τοιαῦτα
769 5694 907 5749 ἄττα
955 5693 1078 5757 οὒτε
1108 5695 1338 5750 συνιδεῖν
1388 5695 1514 5758 ὀξὺς
1567 5692 1690 5753 οὐτε
1736 5693 1971 5759 ἐξειπεῖν

402 5789 593 5850 δεινός.
629 5789 737 5859 Σὴν
765 5786 810 5840 δ’
834 5788 984 5858 ὅμως
1017 5787 1196 5857 χάριν,
1228 5785 1352 5838 ἐπεὶ
1384 5785 1608 5846 καὶτοῖς
1635 5783 1774 5853 ὑπὲρ
1806 5783 1966 5835 δύνα-

407 5899 496 5951 μιν
527 5881 564 5948 ἡ
612 5880 800 5954 ἀγάπη
859 5881 1058 5948 πείθει,
1115 5879 1409 5950 ἐγχειρεῖν,
1464 5877 1690 5952 σχήσειν
1738 5874 1966 5940 ἐλπίσας

2082 4508 2354 4566 diliicilius
2383 4505 2629 4568 discere;
2665 4500 2795 4554 mibi
2831 4514 2956 4560 vero
2985 4501 3208 4561 minime
3248 4501 3471 4558 dubium
3522 4511 3642 4559 est:

2083 4598 2357 4670 percallco
2387 4596 2532 4649 enim
2579 4601 2819 4663 quantus
2856 4593 2926 4644 sit
2978 4590 3138 4647 istius
3188 4592 3287 4650 viri
3325 4606 3499 4646 error.
3534 4591 3641 4669 Qui

2084 4705 2208 4745 cum
2233 4687 2305 4741 sit
2343 4686 2548 4746 multus
2582 4697 2645 4738 ac
2668 4681 2945 4748 multiplex
2977 4688 3032 4734 et
3076 4696 3107 4734 a
3147 4682 3556 4738 successoribus
3588 4683 3640 4734 iu

2081 4780 2352 4836 deteriora
2387 4786 2604 4838 auctus,
2653 4773 2909 4828 metltodo
2951 4772 3142 4840 aliqua.
3183 4771 3418 4844 indigeo,
3459 4775 3643 4842 qttoad

2081 4871 2196 4926 fieri
2228 4877 2403 4941 potest
2456 4865 2706 4938 praecisa,
2760 4879 2868 4917 non
2903 4862 2967 4916 ad
3026 4862 3170 4925 hunc
3228 4861 3638 4932 intelligendum

2079 4962 2320 5033 quidem,
2363 4959 2456 5013 sed
2497 4953 2883 5011 elucidantlum
2945 4961 3000 5005 et
3047 4951 3436 5015 refellendum;
3481 4961 3641 5032 ιείιξιθ

2083 5069 2178 5106 oro
2207 5062 2264 5104 ut
2296 5066 2402 5103 non
2457 5048 2698 5109 omittas,
2727 5052 2993 5113 quantum
3040 5051 3216 5111 potes,
3256 5043 3422 5106 talem
3457 5054 3646 5098 Osten-

2085 5145 2210 5199 dere
2247 5144 2411 5203 viam,
2442 5154 2547 5208 qua
2576 5153 2678 5192 nos
2706 5136 3073 5201 ambulantes,
3105 5143 3160 5188 et
3187 5134 3344 5204 quasi
3377 5145 3530 5190 scuto
3554 5153 3643 5189 vc-

2080 5239 2258 5294 ritatis
2285 5232 2628 5296 circumdati,
2665 5244 2854 5284 eorum
2889 5229 3074 5283 deliria
3119 5229 3418 5292 videamus,
3452 5239 3514 5283 ut
3540 5228 3643 5284 fcrt

2080 5332 2344 5402 psalmus,
2375 5325 2621 5381 cadentia
2648 5337 2676 5376 a
2707 5323 2873 5375 latere
2899 5329 2953 5375 ct
2985 5334 3017 5375 a
3043 5321 3247 5376 dextris
3269 5360 3283 5386 ,
3315 5323 3517 5377 adznos
3546 5338 3646 5381 auc

2081 5434 2186 5480 tem
2222 5437 2328 5480 non
2359 5415 2871 5490 appropinquantia.

2151 5599 2378 5666 Theoph.
2413 5593 2567 5652 Haud
2594 5607 2785 5663 parum
2816 5601 2902 5647 est
2940 5591 3086 5662 quod
3119 5587 3388 5660 postulas,
3429 5588 3640 5644 charis-

2080 5691 2237 5756 sime,
2273 5703 2446 5756 neque
2468 5704 2568 5757 ego
2599 5697 2707 5747 tam
2753 5685 3040 5755 perspicax
3089 5683 3180 5751 qui
3221 5689 3368 5734 tanta
3421 5680 3637 5750 conspi-

2076 5783 2234 5847 ciam,
2270 5797 2445 5846 ncque
2475 5791 2580 5833 tam
2614 5777 2965 5843 disertusoqui
3000 5774 3126 5828 talia
3175 5771 3425 5839 eloquar.
3475 5773 3633 5826 Atta-

2075 5889 2221 5943 men,
2251 5886 2372 5930 cum
2418 5885 2580 5944 supra
2652 5869 2794 5922 vires
2843 5863 3061 5938 aggredi
3101 5862 3324 5923 suadeat
3370 5861 3634 5927 charitas,
