4180 6308
497 439 606 507 915

1755 448 2130 512 GREGORII
2159 449 2482 510 PALAM/E

3629 440 3742 504 916

501 572 730 627 sperans
760 557 1152 614 auxiliaturum
1187 559 1321 615 mihi
1349 560 1516 616 Deum
1541 559 1852 625 cbaritatis,
1875 576 2069 631 quem-

2183 563 2520 633 συλλήπτορα
2571 563 2664 616 τδν
2699 580 2799 634 της
2852 563 3073 631 ἀγάπης
3113 559 3270 619 Θεὸν.
3318 555 3579 626 γνώμονά
3619 574 3743 611 τινα

500 650 624 704 dam
676 649 993 720 dogmatum
1040 650 1272 706 indicem
1322 651 1602 706 elaborare
1655 653 1898 706 conabor
1959 668 2067 722 quo

2183 654 2460 724 δογμάτων
2509 653 2910 725 ἐξεργάσασθαι
2962 651 3320 722 πειράσομαι.
3349 647 3418 701 δι’
3465 640 3527 701 οὗ
3560 648 3629 702 τά
3677 642 3740 700 εὖ

503 757 636 796 vera
672 757 704 796 a
735 742 886 798 falsis
917 744 1152 798 discerni
1192 743 1423 813 possint.
1458 743 1558 799 llic
1596 744 1689 800 tibi
1725 753 1832 798 tam
1869 759 2068 800 conve-

2183 746 2383 815 ἔχοντα,
2416 745 2512 800 καὶ⁵
2561 746 2636 817 μὴ
2690 743 2998 814 διακριθείη
3065 743 3152 796 ἀν.
3183 742 3281 804 Ὃς
3308 739 3490 809 μέντοι
3521 739 3614 792 καὶ
3657 740 3744 793 σοὶ

503 833 664 888 niens
703 834 826 898 erit,
864 839 924 887 ut
956 833 1234 888 adducens
1264 849 1620 904 quascunque
1654 835 1918 900 volueris,
1961 850 2068 889 non

503 924 680 980 solum
734 939 800 978 ex
840 941 1018 994 nuper
1047 925 1288 995 agitatis.
1321 925 1416 980 sed
1447 926 1611 981 etiam
1644 941 1710 981 ex
1744 925 1857 982 fere
1891 926 2071 982 omnis

503 1015 604 1068 teri
657 1014 1072 1084 quaestionibus,
1122 1016 1304 1070 discas
1357 1015 1410 1070 in
1466 1017 1719 1072 omnibus
1763 1017 2071 1071 veritatem.

505 1105 660 1160 llaud
695 1122 920 1176 parvum
954 1106 1042 1161 ille
1071 1118 1216 1163 esset
1247 1108 1483 1180 signum,
1515 1108 1597 1162 vel
1629 1108 1810 1178 potius
1841 1107 2073 1163 damon-

503 1197 698 1251 stratio
728 1196 1034 1266 praedicata
1067 1211 1098 1251 a
1128 1198 1286 1252 nobis
1329 1198 1602 1262 veritatis,
1637 1206 1693 1252 et
1729 1198 1933 1252 erroris
1965 1211 2074 1268 quo

504 1290 822 1344 detinentur
844 1290 938 1358 qui
967 1289 1128 1345 nobis
1158 1290 1537 1346 contradicere
1572 1289 1797 1345 audent.
1830 1289 1886 1344 Si
1926 1289 2072 1344 enim

503 1381 815 1451 bttjusmndi
845 1382 1046 1437 canoni
1078 1395 1384 1454 repugnare
1427 1381 1794 1438 ostendantur
1828 1381 1946 1437 sive
1973 1396 2069 1436 ve-

505 1481 649 1530 teres
677 1473 943 1540 hazretici,
976 1473 1094 1529 sive
1123 1475 1216 1544 qui
1258 1473 1417 1529 nobis
1469 1473 1634 1529 hodie
1665 1474 2074 1540 contradicunt,

503 1581 809 1643 consonare
846 1579 976 1620 vero
1004 1573 1121 1620 tum
1151 1580 1274 1637 quae
1323 1566 1475 1622 omni
1511 1577 1778 1638 tempore,
1813 1576 1927 1622 tum
1957 1581 2075 1636 quas

503 1675 532 1714 ιι
567 1660 726 1714 nobis
755 1667 1005 1715 recenter
1033 1659 1126 1728 pie
1145 1659 1287 1714 dicta
1308 1668 1458 1726 sunt,
1483 1673 1666 1714 nonne
1702 1658 1871 1728 igitur
1900 1659 2078 1716 mani-

505 1751 702 1805 lestum
725 1757 809 1804 est
835 1749 892 1806 in
920 1765 1025 1820 qua
1053 1758 1213 1819 parte
1243 1757 1540 1820 utrumque
1562 1751 1635 1806 sit
1658 1750 2041 1807 collocandum

504 1842 636 1908 Qum
660 1843 807 1898 ertim
835 1852 965 1898 sunt
1010 1845 1200 1899 eadem
1243 1843 1442 1909 eidem,
1477 1852 1608 1900 sunt
1639 1844 1950 1900 necessario
1983 1859 2075 1900 ea-

505 1935 629 1988 dem
662 1933 806 1988 inter
844 1949 941 1990 se:
976 1949 1098 2004 quae
1128 1943 1313 1990 autem
1353 1935 1643 1990 dissimilia
1671 1935 2078 1991 suntalterutro

507 2025 722 2090 horum,
747 2033 880 2080 sunt
909 2033 964 2080 et
992 2025 1100 2080 sibi
1120 2025 1356 2081 invicem
1382 2025 1696 2083 dissimilia.
1731 2025 1847 2082 Non
1879 2027 2078 2082 mirum

508 2125 688 2172 autem
745 2117 910 2180 quod,
963 2132 1086 2188 qtue
1135 2117 1387 2173 dicturus
1419 2131 1562 2182 sum,
1603 2117 1792 2172 multis
1827 2117 1949 2174 aliis
1981 2133 2080 2173 ex-

509 2207 732 2262 tendam
771 2209 1156 2276 sermonibus;
1195 2208 1340 2264 velut
1372 2210 1519 2264 enim
1551 2208 1716 2263 imam
1752 2209 1996 2266 radicem
2029 2219 2082 2266 et

507 2312 731 2352 causam
765 2299 1012 2354 omnium
1043 2313 1166 2370 qua:
1194 2313 1324 2354 vera
1349 2308 1478 2354 sunt
1511 2300 1596 2356 vel
1635 2298 1772 2356 falsa
1816 2301 1963 2357 circa
1991 2317 2081 2360 res

507 2388 746 2456 divinas,
785 2405 936 2448 nunc
965 2390 1150 2462 eloqui
1178 2392 1416 2447 breViter
1442 2391 1584 2448 volo.

583 2568 764 2624 Theot.
799 2567 974 2636 Quam
1015 2568 1322 2640 jucundum
1357 2572 1500 2641 quod
1537 2572 1812 2638 ‘nuntias;
1847 2588 1918 2629 ne
1966 2589 2084 2629 am-

508 2661 658 2729 plius
693 2663 877 2716 tardes
905 2675 922 2715 :
961 2661 1182 2732 longum
1223 2662 1371 2718 enim
1404 2662 1520 2719 odit
1552 2665 1840 2722 exordium
1868 2668 1962 2738 qui
1988 2683 2083 2729 Ye-

509 2751 792 2807 bementer
822 2761 978 2822 optat
1001 2753 1234 2812 discere.

583 2843 810 2913 Theoph.
842 2844 1072 2915 Incipio.
1117 2845 1254 2902 Num
1297 2849 1560 2921 intelligis
1593 2866 1682 2908 res
1717 2852 1933 2914 divinas
1967 2853 2084 2908 sli-

510 2950 618 3003 qua
651 2951 775 2991 esse
812 2950 911 3006 per
937 2951 1000 2993 se
1028 2939 1344 3004 credibiles,
1377 2951 1432 2996 et
1461 2941 1641 3011 aliqua
1681 2944 1933 3014 discipuli
1965 2945 2086 3000 ani-

511 3043 661 3084 tnum
719 3029 1031 3094 excitantes
1075 3029 1145 3084 ad
1205 3045 1444 3096 examen
1476 3043 1531 3087 et
1585 3035 2083 3105 investigationem?

2175 835 2412 902 συνδόξει
2443 835 2617 900 οὕτως
2665 836 2832 906 ἔχειν,
2865 835 2954 888 ἵνα
2987 833 3284 904 προσάγων
3319 829 3472 884 οδιττα
3504 829 3740 900 βούλοιο,

2177 928 2252 999 μὴ
2289 930 2450 1000 μόνον
2501 929 2609 982 τῶν
2655 929 2779 998 ἄρτι
2816 926 3170 996 κινηθέντων,
3200 923 3338 978 ἀλλὰ
3391 923 3591 994 μικροῦ
3649 924 3748 977 καὶ

2173 1022 2284 1075 τῶν
2311 1023 2375 1075 ἐκ
2403 1020 2498 1074 τοῦ
2524 1021 2723 1084 παντὸς
2749 1019 2968 1081 αἰῶνος,
3006 1017 3299 1088 μανθάνοις
3329 1016 3390 1070 ἐν
3418 1017 3554 1068 πᾶσι
3583 1014 3744 1083 τάλη-

2173 1113 2284 1176 θές.
2311 1115 2386 1168 Ού
2422 1113 2618 1184 μικρὸν
2648 1112 2692 1166 δ’
2719 1111 2785 1166 ἂν
2816 1111 2902 1180 εῐη
2932 1110 3029 1164 καὶ
3058 1108 3218 1162 τοῦτο
3247 1107 3581 1178 τεκμήριον·
3612 1105 3747 1174 μᾶλ-

2173 1204 2268 1258 λον
2301 1203 2359 1256 δὲ
2398 1203 2678 1268 ἀπόδειξις
2729 1204 2828 1272 τῆς
2879 1218 2940 1256 τε
2984 1199 3076 1268 ὑφ’
3134 1199 3292 1270 ἡμῶν
3327 1197 3744 1268 κηρυττομένης

2175 1294 2438 1367 ἀληθείας
2469 1297 2564 1350 καὶ
2603 1297 2704 1366 τῆς
2739 1291 3219 1365 ἐπιχωριαζούσης
3248 1289 3459 1358 πλάνης
3511 1291 3621 1350 τοῖς
3654 1287 3748 1340 ἀν-

2174 1387 2565 1458 τιλέγεινὴμίν
2598 1387 3082 1459 προαιρουμένοις.
3117 1383 3183 1438 El
3228 1383 3338 1452 γάρ
3377 1380 3746 1451 ἀναδειχθεῐεν

2175 1478 2253 1550 τῷ
2279 1480 2482 1550 ὁμοίως
2509 1479 2684 1552 ἔχοντι
2720 1478 2908 1535 κανόνι
2945 1478 3016 1532 τά
3047 1493 3108 1529 τε
3149 1474 3260 1529 τῶν
3315 1473 3484 1529 πάλαι
3526 1471 3752 1526 κακοδό-

2178 1570 2285 1636 ξων
2325 1572 2423 1626 καὶ
2475 1571 2543 1625 τὰ
2575 1571 2682 1624 τῶν
2712 1570 2810 1624 νῦν
2856 1571 2991 1640 ἡμῖν
3029 1565 3428 1634 ἀντιλεγόντων
3483 1562 3751 1633 μηδαμῶς

2176 1662 2615 1735 ὲναρμοζόμενα,
2663 1661 2963 1732 ἑναρμόνια
3007 1659 3063 1713 δὲ
3096 1658 3165 1712 τὰ
3204 1656 3263 1721 ἐξ
3313 1655 3510 1717 αίῶνος
3549 1653 3748 1724 εὐσεϐῆ

2177 1757 2275 1808 καὶ
2308 1754 2380 1808 τὰ
2418 1756 2549 1824 παρ’
2577 1754 2714 1824 ἡμῖν
2743 1753 3018 1820 λεγόμενα
3061 1749 3291 1819 ἀρτίως,
3329 1742 3418 1818 ἆρ’
3460 1745 3563 1798 οὐκ
3595 1744 3753 1813 εῦδη-

2178 1846 2294 1910 λον,
2327 1848 2388 1901 ὲν
2420 1846 2547 1918 ποίᾳ
2583 1846 2751 1916 μοίρᾳ
2789 1843 3074 1909 τετάξεται
3101 1840 3342 1909 ἑκάτερα
3369 1855 3386 1904 ;
3419 1837 3504 1891 Τὰ
3533 1838 3643 1906 γὰρ
3673 1836 3750 1908 τῷ

2182 1936 2332 2006 αύτῷ
2377 1935 2448 1990 τὰ
2478 1935 2640 1996 αὐτὰ.
2685 1934 2782 1990 καὶ
2835 1932 3091 2002 ἀλλήλοις
3141 1931 3292 1984 ἐστὶν
3343 1928 3656 1996 ἀναγκαίως
3686 1927 3756 1981 τά

2183 2030 2361 2085 αὐτάο
2396 2028 2469 2084 τὰ
2515 2030 2764 2101 ὁποτέρῳ
2814 2023 3026 2080 τούτων
3071 2024 3240 2094 ἕτερα
3291 2021 3387 2076 καὶ
3419 2020 3756 2090 ἀμφοτέροις

2183 2120 2317 2192 ἀρα.
2352 2121 2430 2176 Οὐ
2464 2121 2776 2192 θαυμαστὸν
2809 2117 2888 2182 δὲ,
2929 2118 2981 2170 εί
3009 2116 3080 2170 τὰ
3126 2114 3390 2186 μέλλοντα
3421 2111 3756 2182 ῥηθήσεσθαι

2181 2214 2271 2270 διὰ
2301 2215 2524 2270 πάντων
2573 2231 2664 2284 μοι
2714 2214 2939 2267 τέταται
2969 2210 3080 2266 τῶν
3133 2209 3308 2265 ἀλλων
3351 2207 3558 2274 λόγων·
3593 2203 3758 2256 οἱονεὶ

2183 2304 2292 2374 γὰρ
2319 2305 2422 2376 τὴν
2454 2306 2512 2359 ὲν
2540 2303 2620 2375 τῷ
2672 2303 2826 2374 βάθει
2865 2303 3024 2376 ῥίζαν
3073 2301 3170 2356 καὶ
3212 2300 3272 2354 τὸ
3310 2299 3485 2352 αἴτιον
3537 2299 3758 2350 πάντων

2183 2396 2294 2449 τῶν
2321 2397 2558 2466 ἐχόντων
2589 2395 2652 2450 εῦ
2677 2412 2736 2449 τε
2763 2395 2859 2448 καὶ
2889 2393 2963 2465 μὴ
2990 2392 3123 2464 περὶ
3152 2391 3288 2445 Θεοῦ
3319 2388 3626 2460 δογμάτων,
3661 2386 3757 2439 νῦν

2189 2487 2426 2554 ἐκφῆναι
2461 2486 2787 2556 προῄρημαι
2821 2483 3302 2551 συνεπτυγμένως.

2258 2579 2426 2635 Θεότ.
2469 2577 2560 2640 Ὠς
2604 2575 2870 2647 ἐράσμιον
2915 2575 2974 2627 τὺ
3012 2571 3376 2642 ἐπάγγελμαο
3425 2567 3617 2637 μηκέτ’
3666 2560 3759 2620 οὖν

2189 2668 2352 2740 μέλλε
2375 2683 2392 2701 ο
2427 2668 2640 2722 πολλῶν
2668 2669 2780 2738 γὰρ
2817 2665 3118 2737 ἀνέραστος
3147 2663 3452 2736 προοιμίων
3479 2663 3507 2717 ὁ
3550 2659 3760 2730 σφόδρα

2181 2781 2237 2818 τι
2273 2762 2456 2816 ποθῶν
2487 2760 2702 2831 μαθεῖν.
3453 2821 3472 2832 ε

2260 2861 2439 2926 Θσοςρ.
2471 2858 2580 2910 Καὶ
2610 2856 2674 2925 δὴ
2702 2855 2868 2923 λέγω.
2896 2855 3133 2926 Συνορᾷς
3155 2854 3230 2918 ὡς
3258 2853 3326 2906 τὰ
3348 2855 3450 2924 τῆς
3478 2852 3760 2922 θεολογίας

2186 2949 2302 3003 ἐστι
2367 2949 2464 3019 μὲν
2514 2947 2591 3012 ὣς
2635 2948 2936 3002 αὐτόπιστα
2979 2947 3095 2999 ἔστι
3137 2947 3181 2999 δ’
3209 2945 3284 3009 ὣς
3317 2946 3632 3016 παρακαλεῖ
3668 2946 3760 3000 τδν

2186 3038 2281 3092 τοῦ
2340 3037 2728 3109 διδασκομένου
2765 3035 2892 3091 νοῦν
2940 3038 3020 3100 είς
3063 3035 3358 3106 ἑπίσκεψίν
3408 3053 3466 3089 τε
3515 3036 3611 3090 καὶ
3643 3035 3759 3104 ἐξέ-

2186 3147 2346 3183 τασιν
2371 3147 2388 3197 ;

585 3206 766 3262 Theot.
802 3207 1001 3272 Eadem
1037 3218 1162 3264 sunt
1207 3209 1490 3266 credibilia
1534 3219 1590 3267 et
1633 3213 1779 3273 non?
1809 3213 1964 3270 liaud
2002 3217 2086 3270 in-

2262 3224 2428 3278 Θεότ.
2459 3222 2540 3277 Τὰ
2569 3220 2712 3278 αύτά
2735 3220 2829 3275 καὶ
2867 3220 3036 3276 πιστά
3067 3220 3186 3276 ἔστι
3214 3218 3311 3276 καὶ
3341 3220 3415 3291 μή
3444 3238 3460 3288 ;
3506 3219 3581 3274 Οὐ
3616 3235 3758 3292 μαν.

514 3300 704 3369 telligo.
721 3303 851 3372 quid
880 3301 1056 3359 dicas.

591 3391 820 3463 Theoph.
854 3393 1113 3466 Equidem
1145 3395 1292 3466 quod
1323 3397 1446 3453 dico
1473 3397 1785 3453 elucidabo.

587 3483 768 3539 Theot.
812 3486 1074 3557 Explana,
1108 3496 1164 3542 et
1205 3495 1339 3552 tunc
1374 3490 1674 3559 amplectar
1713 3490 1857 3571 quod
1899 3504 2085 3545 verum

515 3579 804 3636 videbitur.

594 3675 820 3742 Tlieoplt.
873 3675 1021 3731 Dixit
1060 3677 1273 3748 Moyses
1317 3694 1345 3734 a
1400 3678 1508 3734 Deo
1535 3678 1808 3733 edoctus:
1851 3696 1870 3730 ι
1923 3675 2086 3745 Audi,

518 3767 724 3822 Israel:
763 3768 1024 3827 Dominus
1063 3769 1202 3825 Deus
1243 3785 1385 3832 unus
1411 3779 1534 3838 est;
1581 3788 1600 3822 ι
1643 3785 1824 3827 nonne
1855 3771 1960 3828 hoc
1990 3786 2089 3842 per

518 3876 578 3915 se
614 3867 698 3918 est
727 3861 1033 3916 credibile!

590 3973 776 4033 ΤΙιεοι.
808 3972 885 4030 Ita
917 3981 1018 4040 est,
1048 3974 1093 4031 si
1125 3975 1262 4031 dicis
1287 3991 1382 4046 per
1406 3990 1465 4034 se
1504 3975 1764 4031 credibile
1795 3977 1940 4047 quod
1967 3976 2093 4034 sine

518 4065 984 4122 demonstratione
1033 4066 1298 4122 creditur.
1331 4070 1517 4137 Itaque
1540 4067 1774 4138 Moyses,
1800 4076 2091 4139 postquam

517 4155 706 4208 audire
733 4157 929 4226 jussit,
963 4157 1173 4214 nullam
1207 4157 1417 4220 addidit
1439 4159 1584 4220 circa
1609 4160 1714 4220 hoc
1741 4160 2093 4215 demonsuao

519 4248 744 4304 tionem.

592 4363 820 4431 Theoph.
855 4366 1005 4421 Bene.
1027 4367 1243 4436 quidem
1296 4367 1449 4422 fecit.
1500 4367 1570 4424 Ut
1618 4367 1764 4424 enim
1802 4344 2093 4424 sensus—in

519 4455 875 4510 sensibilibus
907 4456 1161 4510 rationali
1206 4471 1314 4513 non
1372 4457 1574 4526 indiget
1625 4468 1970 4528 argumento,
2015 4459 2090 4512 ita

521 4559 624 4598 nec
657 4545 789 4598 ﬁdes
853 4545 907 4600 in
959 4544 1274 4615 huiusmodi
1316 4546 1522 4617 indiget
1568 4547 1875 4604 ratiocinio.
1915 4549 2093 4616 Quare

521 4637 743 4692 nonnisi
763 4637 1027 4701 adversus
1049 4637 1368 4704 incredulos
1398 4638 1594 4708 prolixi
1627 4655 1792 4708 super
1815 4639 1910 4696 illo
1941 4649 2093 4698 textu
2119 4637 2178 4700 θ’

521 4731 896 4800 proferrentur
952 4747 1255 4792 sermones.
1326 4733 1430 4788 Sed
1485 4734 1623 4788 idem
1679 4735 1913 4808 Moyses,
1985 4736 2097 4794 Deo

522 4823 726 4893 pariter
748 4822 1120 4890 docentc,‘ait:
1149 4826 1441 4888 «Dominus
1461 4826 1596 4897 pluit
1617 4843 1780 4899 super
1799 4831 2094 4886 Sodomam

524 4925 578 4968 et
609 4914 973 4978 Gomorrham
1031 4917 1210 4986 ignem
1262 4934 1302 4982 a,
1348 4920 1578 4974 Domino
1631 4919 1700 4974 de
1749 4921 1948 4986 caelo‘;
1991 4940 2009 4974 ι
2043 4930 2098 4977 et

525 5021 648 5060 cum
684 5007 846 5070 simul
888 5009 988 5078 ipsi
1027 5009 1172 5070 Loth,
1195 5011 1248 5065 in
1309 5010 1562 5068 Sodomis
1589 5022 1876 5082 appareret
1913 5012 2098 5068 Domi~

525 5115 653 5163 nus,
684 5100 764 5155 sic
818 5100 871 5154 in
906 5101 1123 5164 duabus
1152 5104 1590 5172 conspiciebatur
1624 5104 1898 5175 personis,
1960 5104 2095 5172 [fide

526 5192 691 5260 igitur
722 5193 773 5246 id
804 5195 1008 5264 parites
1028 5195 1350 5264 accipimus.
1644 5177 1647 5182 I

603 5307 779 5362 Theot.
809 5309 921 5362 Cur
951 5324 1058 5363 non
1077 5309 1262 5374 ιρυίιι
1293 5326 1421 5378 ergo
1440 5310 1474 5362 ?-

485 5425 490 5457 ί
604 5425 830 5495 ΤΙιρορΙι.
860 5426 1147 5484 Credimus
1177 5428 1342 5496 igitur
1374 5445 1540 5483 unum
1565 5439 1623 5483 ct
1641 5444 1748 5484 non
1785 5446 1948 5485 unum
1976 5446 2109 5486 esse.

529 5518 841 5573 Dominum.
867 5517 982 5572 Non
1009 5533 1138 5589 ergo
1161 5519 1276 5588 ipsa
1302 5518 1433 5574 ﬁdes
1465 5535 1563 5574 nos
1600 5520 1744 5591 cogit
1763 5533 1818 5576 et
1847 5521 2124 5602 omnibus‘

529 5611 775 5680 praecipit
807 5626 1030 5680 poscere
1053 5619 1107 5666 et
1129 5611 1258 5665 dare
1283 5611 1571 5669 rationem.
1595 5611 1640 5666 si
1666 5612 1788 5681 quis
1818 5614 2098 5684 praecipue

531 5702 586 5757 in
621 5701 708 5758 bis
739 5703 978 5759 ollendat
1007 5704 1300 5774 qurerendo
1328 5703 1600 5773 quomodo
1625 5719 1769 5771 unus
1806 5708 1876 5774 sit
1905 5717 1960 5762 ct
1988 5721 2108 5775 non,

609 5878 630 5922 ⁸-
657 5877 794 5947 Gen.
827 5895 924 5946 vn,
960 5881 1010 5935 ι.

2195 3316 2344 3370 θάνω
2378 3317 2404 3367 ὅ
2429 3331 2483 3368 τι
2507 3314 2708 3384 λέγεις.

2269 3409 2446 3474 Θεοφ.
2484 3405 2626 3475 Ἐγὼ
2657 3407 2686 3461 δ
2714 3408 2858 3476 λέγω
2889 3405 3102 3476 ποιήσω
3127 3403 3385 3475 φανερόν.

2266 3500 2435 3556 Θεότ.
2471 3497 2724 3570 Ποίησον,
2748 3498 2843 3553 καὶ
2867 3498 2991 3552 τότε
3020 3495 3229 3568 συνερῶ
3257 3494 3336 3567 τῷ
3365 3495 3612 3550 δοκοῦντι
3636 3495 3766 3568 ἀλη-

2197 3587 2302 3644 θεῖ..

2271 3680 2446 3750 Θεοφ.
2481 3679 2632 3750 Ἔφη
2661 3677 2922 3748 Μωῦσῆς,
2943 3677 3052 3732 (me
3074 3675 3212 3732 Θεοῦ
3236 3677 3449 3749 μαθὼν,
3477 3695 3500 3730 ι
3540 3677 3763 3745 Ἄκουε,

2209 3772 2447 3844 ⁹ισραὴλ,
2481 3770 2685 3842 Κύριος
2725 3774 2753 3825 ὁ
2783 3771 2919 3834 Θεός
2953 3781 3046 3825 σου
3076 3769 3281 3842 Κύριος
3304 3767 3393 3833 είς
3439 3769 3621 3823 ἐστιν·
3661 3769 3764 3824 οὐκ

2199 3863 2529 3917 αὐτόπιστόν
2557 3863 2676 3916 ἐστι
2705 3861 2866 3915 τοῦτο
2885 3878 2902 3930 ;

2273 3978 2438 4032 Θεότ.
2465 3974 2576 4030 Ναί
2594 3992 2609 4009 ο
2645 3978 2800 4046 εἴπερ
2856 3977 2963 4050 φῂς
2994 3977 3321 4032 αύτόπιστον
3350 3976 3410 4030 τδ
3439 3975 3768 4042 πιστευόμσσ

2198 4089 2288 4126 νον
2355 4071 2486 4125 ἀνευ
2549 4067 2908 4134 ἀποδείξεως.
2953 4068 3044 4121 Διδ
3103 4069 3200 4122 καὶ
3248 4057 3491 4137 Μωῦσῆς
3545 4064 3766 4118 ἀκούειν

2199 4161 2684 4234 ἐγκελευσάμενος,
2745 4159 2845 4216 εἶτ’
2893 4160 3314 4232 ἀποφηνάμενος
3367 4159 3521 4212 οὐδὲν
3577 4158 3769 4210 ἒπειτα

2199 4274 2268 4311 πε
2277 4257 2330 4328 pl.
2357 4257 2519 4311 αὐτοῦ
2555 4255 2889 4326 προσέθηκε.

2272 4375 2451 4439 Θεοφ.
2488 4369 2684 4432 Καλῶς
2709 4385 2771 4436 γε
2806 4366 2999 4421 ποιῶν.
3046 4368 3134 4430 Ὠς
3158 4365 3266 4434 γὰρ
3300 4364 3554 4436 αἴσθησις
3576 4365 3634 4418 ἒν
3655 4365 3763 4426 τοῖς

2201 4461 2296 4516 ὕπ’
2329 4461 2583 4531 αἴσθησιν
2620 4460 2844 4527 λογικῆς
2869 4459 2928 4512 ού
2956 4459 3128 4512 δεῖται
3157 4459 3400 4524 δείξεως,
3447 4455 3620 4520 οὕτως
3649 4456 3767 4509 οὐδὲ

2203 4556 2388 4616 πίστις
2415 4554 2471 4606 ἐν
2517 4553 2631 4614 τοῖς
2658 4550 2924 4612 τοιούτοις
2963 4548 3318 4613 ἀποδείξεως.
3349 4548 3441 4601 Διὸ
3493 4545 3588 4601 καὶ
3633 4545 3766 4614 πρὸς

2199 4649 2326 4710 τοὺς
2355 4647 2620 4708 ἀπίστους
2648 4644 2842 4714 μόνους
2872 4643 3014 4714 ὑπὲρ
3041 4642 3136 4696 τοῦ
3159 4642 3404 4697 τοιούτου
3436 4639 3680 4712 μακροὺς
3704 4638 3765 4694 ἀν

2198 4757 2284 4803 τις
2336 4738 2615 4806 ἐξενέγκοι
2665 4737 2880 4806 λόγους.
2927 4735 3068 4789 Ἀλλ’
3097 4735 3125 4788 ὁ
3175 4735 3338 4798 αὐτὸς
3393 4734 3639 4803 Μωῦσῆς
3677 4731 3768 4786 καὶ

2197 4831 2355 4886 τοῦτο
2390 4831 2576 4901 μαθὼν
2608 4829 2712 4887 ὑπὸ
2736 4828 2870 4882 Θεοῦ
2919 4827 3086 4897 φησὶν
3127 4827 3204 4892 ῶς
3247 4846 3263 4879 ι
3297 4826 3388 4879 ἐπὶ
3431 4824 3642 4894 Σόδομα
3673 4823 3768 4876 καὶ

2198 4926 2456 4996 Γόμορρα
2479 4921 2627 4989 παρὰ
2671 4922 2879 4992 Κυρίου
2910 4921 3023 4992 πῦρ
3049 4919 3270 4992 ἔϐρεξεν
3302 4921 3330 4973 ὁ
3360 4918 3563 4988 Κύριος
3592 4916 3650 4983 ἐξ
3679 4915 3768 4968 06-

2203 5015 2392 5087 ρανοῦ,
2433 5033 2452 5066 ι
2487 5014 2582 5066 καὶ⁵
2611 5015 2640 5066 δ
2671 5012 2976 5084 τηνικαῦτα
3008 5011 3086 5082 τῷ
3113 5011 3238 5066 Λὼτ
3265 5011 3683 5081 ἐπιφαινόμενος
3710 5010 3767 5061 ὲν

2201 5108 2459 5177 Σοδόμοις
2509 5105 2715 5176 Κύριος
2776 5107 2834 5158 ὲν
2895 5105 3048 5159 δυσὶν
3112 5104 3365 5172 ἐφαίνετο
3433 5104 3764 5176 προσώποις.

2204 5199 2394 5268 Πίστει
2423 5195 2516 5252 οῦν
2546 5197 2640 5257 καὶ
2678 5193 2838 5248 τοῦτο
2869 5195 3137 5265 δεχόμεθα
3167 5195 3390 5266 ὁμοίως.

2276 5313 2440 5372 Θεότ.
2475 5310 2599 5375 Πῶς
2629 5311 2737 5379 γὰρ
2764 5307 2826 5362 ού
2849 5327 2872 5379 ;_
2897 5310 2963 5363 Τί
2994 5310 3140 5380 μήν;

2276 5428 2450 5494 Θεορ.
2485 5422 2823 5492 Πιστεύομεν
2847 5422 2911 5494 δὴ
2947 5422 3042 5475 καὶ
3071 5424 3255 5502 ausi;
3288 5423 3380 5476 καὶ
3401 5423 3483 5476 ὅτι
3508 5422 3607 5492 οὐχ
3642 5419 3720 5484 είς
3741 5422 3768 5474 ὁ

2205 5517 2429 5586 Κύριος.
2461 5518 2574 5570 Οὐκ
2603 5516 2738 5582 αὐτὴ
2763 5511 2855 5580 οὖν
2888 5515 2920 5584 ἠ
2958 5513 3139 5577 πίστις
3177 5514 3428 5584 βιάζεται
3463 5516 3632 5584 ἡμᾶς,
3671 5514 3768 5566 καὶ

2205 5611 2520 5662 παντάπασι
2571 5607 2948 5661 διακελεύεται
2977 5606 3165 5671 ζητεῖν
3202 5608 3296 5659 καὶ
3333 5606 3532 5660 διδόναι
3573 5606 3768 5670 λόγον,

2203 5705 2264 5773 εί
2283 5721 2363 5767 τις
2400 5703 2635 5773 μάλιστα
2669 5701 2820 5771 παρα
2849 5699 2917 5754 ea
2956 5698 3160 5766 τοιαῦτ’
3191 5699 3507 5780 ὲπηρεάζει,
3544 5689 3777 5773 πῶς-εἷς
