4180 6308
451 415 553 481 917

1781 407 2316 470 THEOPHANES.

3573 408 3690 470 918

452 532 547 586 καὶ
578 529 696 592 πῶς
747 528 845 598 οὐχ
903 523 1004 590 εἷς.
1042 524 1129 579 ἴνα
1185 524 1260 594 μὴ
1309 521 1501 577 ἄτοποί
1537 538 1680 586 τινες
1730 516 1883 594 ὦμεν
1929 523 2024 576 καὶ

2133 537 2276 578 unus
2299 539 2313 576 :
2336 536 2402 577 ne
2428 520 2576 577 stulti
2607 521 2780 575 simus
2811 525 2864 574 et
2912 507 3317 589 nobismetipsis
3336 520 3392 576 in
3416 523 3707 579 sentiendo

454 623 587 690 ἡμῖν
617 618 802 680 αὐτοῖς
829 615 1001 679 οὕτως
1029 613 1372 668 ἀνακόλουθα
1397 611 1714 679 δοξάζοντες
1743 614 1840 667 καὶ
1865 613 2031 683 φθεγ-

453 713 702 782 γόμενοι.

527 802 693 856 Θεότ.
727 798 878 854 Πάνυ
932 796 1032 866 μὲν
1065 789 1174 852 οὖν.
1209 795 1288 850 Οὐ
1342 795 1451 865 γὰρ
1487 794 1615 858 τούς
1661 794 1790 864 περὶ
1821 795 2029 848 ἀκαταο

454 894 663 963 λήτιτου
717 890 911 958 λόγους
941 886 1346 953 ἅνθυπενέγκαι
1385 902 1470 947 τις
1525 885 1592 939 ἂν
1643 884 1752 937 τῶν
1792 879 1851 937 εὖ
1882 900 2030 953 φρο-

457 983 692 1038 νούντων
737 979 814 1050 τῷ
837 978 1230 1049 πυνθανομένῳ
1252 978 1368 1040 πῶς
1387 975 1533 1029 τοῦτ’
1555 975 1704 1029 ἐστὶν
1729 975 1987 1044 ὁπότερον
2010 988 2025 1006 ·

455 1078 576 1131 ἐπεὶ
613 1075 688 1145 μὴ
744 1074 842 1143 τὴν
880 1070 1153 1140 ἑκατέρου
1208 1069 1664 1140 πολυπραγμονεῖ
1709 1066 1888 1123 αἰτίαν
1929 1067 2030 1137 τῆς

456 1167 768 1235 ὑπάρξεως,
815 1161 954 1218 ἀλλὰ
1000 1161 1100 1232 τὴν
1148 1161 1382 1232 θατέρου
1429 1161 1566 1231 πρὸς
1624 1160 1853 1231 θάτερον
1913 1159 2030 1213 δια-

454 1259 651 1330 φοράν.

528 1353 706 1419 Θεοφ.
744 1346 996 1418 ’Δγαμαί
1028 1362 1088 1399 σε
1127 1344 1234 1415 τῆς
1271 1343 1567 1406 συνέσεως.
1614 1342 1704 1396 Ἐν
1732 1339 1864 1410 γοῦν
1905 1341 2028 1403 ταῖς

453 1441 734 1503 τοιαύταις
763 1439 1013 1501 διπλόαις
1034 1437 1132 1506 τῆς
1159 1435 1444 1503 θεολογίας
1478 1435 1677 1505 μικροῦ
1728 1435 1909 1486 πᾶσαν
1935 1449 2032 1485 πο-

458 1532 632 1601 w;in
687 1531 904 1600 αἵρεσιν
967 1527 1285 1598 κινηθεῖσαν
1333 1528 1460 1590 ῐδοις
1516 1528 1605 1583 ἄν.
1655 1527 1796 1582 Ἀλλ’
1833 1528 1862 1580 ό
1923 1527 2024 1596 μὲν

453 1621 746 1684 ἀποδιδοὺς
792 1622 883 1674 τὸν
915 1619 1075 1688 λόγον
1128 1619 1324 1684 οὕτως,
1358 1619 1433 1684 ὡς
1484 1621 1776 1692 ἀμφότερα
1833 1619 2026 1686 πιστὰ,

458 1714 624 1784 μηδὲν
657 1707 820 1784 ἦττον
853 1712 885 1782 ἢ
920 1713 1188 1783 πρότερον
1244 1712 1516 1778 σώζεσθαι
1550 1714 1618 1767 τὰ
1661 1713 1828 1783 μέρη,
1875 1711 2030 1764 εὐσε-

457 1807 557 1876 ϐής
586 1823 601 1838 ο
647 1807 676 1858 ὁ
717 1804 775 1858 δὲ
811 1803 892 1875 τῷ
943 1805 1118 1877 ἑτέρῳ
1160 1804 1300 1858 κατὰ.
1346 1803 1442 1858 τοῦ
1481 1805 1673 1874 ἑτέρου
1721 1802 2026 1874 χρώμενος,

2132 628 2197 668 ac
2225 611 2460 668 dicendo
2490 619 2892 666 contraeuutes.

2205 787 2385 842 Theot.
2445 787 2678 858 Optime.
2714 786 2828 842 Non
2855 787 3000 844 enim
3053 788 3703 862 ineomprehensibilibus

2132 881 2319 936 verbis
2346 880 2700 950 responderet
2733 880 2934 951 aliquis
2976 881 3287 936 lienesanus
3339 880 3700 952 interroganti

2131 971 2408 1040 quomodo
2464 971 2685 1025 illorum
2721 971 3049 1026 alterutrum
3083 972 3181 1034 sit,
3215 971 3416 1042 quippe
3451 986 3558 1026 non
3592 973 3704 1026 sci-

2132 1061 2348 1118 scitanti
2409 1077 2508 1117 cur
2555 1070 2847 1133 utrumque
2904 1062 2998 1130 sit,
3067 1063 3162 1120 sed
3219 1063 3276 1117 in
3331 1079 3441 1134 quo
3490 1062 3705 1118 diﬁcrat

2133 1153 2367 1208 alterum
2401 1153 2471 1207 ab
2509 1152 2708 1208 altero.

2207 1328 2438 1397 Theoph.
2470 1328 2638 1384 Miror
2668 1338 2816 1383 tuam
2844 1328 3282 1398 intelligentiam.
3306 1327 3363 1383 '.n
3392 1327 3707 1396 huiusmodi

2130 1421 2274 1476 enim
2321 1420 2592 1491 ambiguis
2655 1425 2766 1474 fere
2813 1435 3029 1478 omnem
3076 1421 3234 1476 sitam
3284 1435 3406 1474 esse
3454 1419 3704 1475 haeresim

2131 1509 2342 1566 videas.
2396 1509 2502 1565 Sed
2538 1511 2632 1580 qui
2684 1511 2951 1566 rationem
3005 1512 3078 1566 ita
3114 1513 3309 1579 reddit,
3354 1525 3416 1570 ut
3469 1514 3709 1570 duorum

2132 1599 2530 1659 credendorum
2587 1610 2821 1670 utraque
2877 1617 3006 1671 pars
3055 1616 3157 1656 nec
3209 1602 3332 1672 plus
3377 1619 3475 1658 nec
3524 1606 3708 1658 minus

2131 1701 2467 1754 asservetur,
2491 1692 2615 1762 pius
2643 1703 2761 1758 est;
2788 1691 2884 1762 qui
2907 1708 3036 1747 vero
3067 1709 3232 1748 unam
3261 1701 3448 1748 contra
3478 1694 3706 1748 alteram

2132 1789 2362 1853 usurpat
2387 1782 2760 1852 qualicunque
2796 1790 2850 1838 et
2881 1781 3336 1862 quolibet_modo,
3361 1782 3715 1854 irreligiosus

456 1853 722 1967 ὁποιῳοῦν
755 1853 1284 1967 καὶτὸπηδητζοτοῦν,
1317 1853 1644 1966 δυσσεϐὴςτῆ
1675 1853 1773 1950 κᾶί
1802 1853 2026 1966 ἀσεϐὴς,

2133 1885 2216 1932 est
2245 1885 2299 1932 et
2333 1875 2534 1946 impius
2587 1885 2833 1945 respectu
2895 1853 3180 1945 utriusque
3230 1853 3706 1949 propositrequw

457 1990 599 2042 κατὰ
621 1987 782 2056 λόγον
812 1987 914 2054 τῆς
949 1988 1319 2060 προκειμένης
1345 1986 1584 2051 ἑκάστης
1619 1985 1956 2050 ὑποθέσεως.

529 2079 694 2132 Θεότ.
730 2077 962 2151 Ποίησον
997 2078 1092 2132 καὶ
1123 2077 1269 2130 τοῦθ’
1298 2075 1326 2129 ὃ
1356 2077 1557 2145 λέγεις,
1581 2076 1718 2146 πρὸς
1742 2075 1899 2143 Θεοῦ,
1935 2093 2030 2130 σα-

455 2187 484 2237 ’;
499 2171 617 2222 ἐστε
628 2187 741 2237 ρον.
1169 2223 1174 2230 ,

527 2263 703 2328 Θεοφ.
739 2259 847 2314 Καὶ
873 2259 936 2328 δὴ
974 2260 1131 2313 ποιῶ.
1172 2259 1288 2322 Πᾶς
1319 2259 1419 2329 μὲν
1443 2259 1470 2311 ὁ
1498 2258 1607 2312 τῶν
1634 2257 1808 2325 ἁγίων
1836 2255 2026 2327 ὅμιλος

463 2353 720 2422 Πατέρων
745 2351 840 2404 ἓνα
866 2347 1019 2405 εἷπον
1066 2352 1158 2404 τὸν
1187 2352 1322 2405 Θεὸν
1350 2351 1492 2405 κατὰ
1515 2352 1613 2421 τὴν
1638 2350 1847 2414 οὐσίαν,
1877 2349 2029 2417 τρεῖς

453 2444 546 2496 τὸν
576 2442 672 2496 ἕνα
706 2443 850 2497 κατὰ
876 2444 975 2506 τὰς
1015 2443 1344 2504 ὑποστάσεις
1370 2458 1384 2471 ·
1420 2441 1553 2495 ἄλλο
1587 2442 1686 2511 μὲν
1731 2439 1896 2510 οῦσης
1928 2441 2029 2510 τῆς

456 2534 834 2597 ὑποστάσεως,
861 2533 955 2589 καὶ
982 2535 1113 2588 ἄλλο
1146 2537 1243 2604 τῆς
1268 2534 1480 2600 οὐσίας,
1512 2535 1587 2597 ὡς
1618 2533 1747 2588 ἄλλο
1775 2534 1870 2586 καὶ
1898 2531 2029 2585 ἄλλο

457 2623 837 2694 σημαινούσης
863 2625 1132 2695 ἑκατέρας
1155 2641 1168 2655 ·
1201 2625 1472 2678 ἀκτίστων
1501 2624 1555 2676 δὲ
1583 2623 1678 2675 καὶ
1705 2621 2029 2692 ἀχωρίστων

456 2717 636 2770 οὐσῶν
669 2718 916 2790 ἀλλήλων
941 2720 1269 2791 ἀμφοτέρων
1299 2722 1392 2774 καὶ
1420 2719 1531 2772 τῶν
1557 2719 1908 2773 ὐποστὰσεων
1936 2719 2030 2771 καὶ

453 2812 555 2878 τῆς
591 2811 801 2877 οὐσίας,
851 2810 995 2866 οὕτω
1047 2815 1388 2882 τηρήσαντες
1436 2811 1735 2865 ἀσάλευτον
1782 2812 1876 2864 καὶ
1931 2809 2028 2881 τὴν

457 2903 538 2964 είς
581 2903 788 2973 Τριάδα
825 2906 919 2957 καὶ
950 2903 1052 2973 τὴν
1100 2905 1180 2967 είς
1237 2903 1536 2975 μοναρχίαν
1587 2904 1790 2956 πίστιν.
1823 2902 2028 2955 Σαόέλ-

455 2993 567 3056 λιος
592 2995 648 3048 δὲ
678 2995 925 3063 τριθεῖαν
947 2996 1337 3068 κατηγορήσας
1362 2996 1472 3049 τῶν
1498 2996 1642 3047 οὕτω
1667 2992 2025 3059 δοξαζόντων,

455 3086 619 3148 αὐτὸς
648 3087 726 3148 είς
761 3086 821 3140 ἒν
852 3087 918 3140 τὰ
951 3087 1076 3154 τρία
1115 3087 1446 3157 συναλείψας
1476 3087 1565 3141 διὰ
1596 3085 1688 3139 τοῦ
1732 3085 1933 3138 ἐνιαίου
1966 3083 2027 3135 τὸ

458 3178 738 3246 τριαδικύν
788 3179 966 3232 ἀνεῖλε
999 3179 1100 3247 τῆς
1137 3179 1392 3247 θεὲτητος
1419 3195 1433 3209 °
1469 3177 1568 3232 καὶ
1612 3179 1676 3232 ἐκ
1707 3177 1815 3229 τῶν
1862 3175 2024 3246 ἱερῶν
2049 3190 2093 3250 α

458 3270 694 3339 Γραςςῶν
728 3271 855 3334 τοὺς
903 3275 1032 3344 περὶ
1087 3272 1314 3342 μονάδος
1362 3272 1557 3342 λόγους
1609 3268 2026 3339 συλλεξάμενος,

459 3354 568 3414 οἷον
603 3379 622 3413 ι
683 3360 822 3429 Ἐγὼ
852 3361 984 3424 Θεὸς
1017 3362 1254 3432 πρῶτος,
1289 3362 1382 3415 καὶ
1416 3361 1527 3430 ἐγὼ
1562 3360 1703 3431 μετὰ
1734 3359 1908 3412 ταῦτα
1939 3359 2031 3410 καὶ

458 3453 538 3515 είς
567 3451 658 3505 τὸν
683 3453 857 3506 αἰῶνα
887 3453 1036 3520 λέγει
1081 3453 1310 3523 Κύριος.
1342 3455 1438 3507 καὶ
1461 3452 1524 3505 τὸ
1559 3451 1692 3522 παρ’
1741 3449 1908 3504 αὐτοῦ
1937 3447 2031 3500 τοῦ

457 3547 665 3618 κυρίου
688 3549 744 3599 ἐν
763 3547 1115 3616 Εὐαγγελίοις
1144 3546 1453 3617 εἰρημένον·
1468 3565 1486 3597 ι
1510 3545 1651 3614 Ἐγὼ
1673 3545 1768 3598 καὶ
1785 3546 1813 3597 ὁ
1842 3542 2033 3611 Πατὴρ

456 3637 518 3691 εν
553 3641 746 3708 ἐσμεν,
781 3657 800 3691 ι
833 3640 928 3692 καὶ
957 3639 1058 3693 ὅσα
1087 3639 1302 3702 τούτοις
1338 3636 1722 3706 παραπλήσια,
1759 3631 2036 3704 προύὁάλ-

2191 1978 2202 1981 ’
2249 1978 2300 2020 Ι“
2345 2005 2358 2020 .

2132 1978 2386 2114 Βυζλὶῖι.
2414 2057 2572 2127 Quod
2613 2057 2717 2122 ais,
2750 2057 2859 2125 fac,
2895 2072 3101 2128 quaeso,
3133 2058 3360 2115 clarius.

2204 2233 2433 2302 Theoph.
2461 2227 2646 2291 Facio.
2668 2233 2932 2289 Uuiversa
2950 2244 3264 2291 sanctorum
3295 2233 3516 2290 Patrum
3547 2235 3710 2290 turba

2130 2325 2387 2382 dixerunt
2420 2325 2592 2382 Deum
2633 2339 2760 2380 esse
2787 2339 2955 2380 unum
2983 2326 3248 2389 essentia,
3275 2334 3331 2379 et
3359 2335 3470 2380 tres
3507 2324 3559 2379 in
3598 2341 3708 2380 uno

2130 2432 2396 2489 personas
2429 2435 2443 2471 :
2470 2432 2592 2471 eum
2619 2416 2762 2471 aliud
2793 2417 2862 2470 sit
2889 2430 3144 2483 persona,
3179 2415 3322 2469 aliud
3346 2418 3606 2483 essentia,
3637 2417 3710 2472 si-

2132 2509 2348 2578 quidem
2384 2509 2527 2562 aliud
2561 2517 2612 2562 et
2646 2507 2796 2562 aliud
2825 2517 3052 2576 utraque
3076 2507 3370 2576 signiﬁcat;
3395 2522 3706 2578 quanquam

2130 2593 2370 2646 increata
2389 2599 2441 2645 et
2465 2590 2730 2644 immensa
2757 2598 2885 2644 sunt
2903 2590 3084 2657 ambo,
3105 2605 3352 2659 persona:
3374 2591 3624 2646 videlicet
3645 2607 3710 2647 ae

2129 2683 2386 2738 essentia.
2413 2680 2478 2734 Et
2503 2682 2582 2738 sic
2603 2683 2984 2736 inconcussam
3018 2690 3310 2736 tenuerunt
3337 2680 3493 2736 ﬁdem
3526 2682 3579 2736 in
3613 2684 3710 2737 tri-

2131 2776 2353 2831 nitatem
2380 2775 2646 2845 tidemque
2672 2776 2726 2830 in
2756 2775 3042 2830 unitatem.
3065 2773 3338 2831 Sabellius
3391 2791 3521 2830 vero
3565 2775 3709 2830 hanc

2129 2868 2412 2928 Trinitatis
2431 2869 2734 2924 doctrinam
2756 2867 3184 2936 reprehendens,
3215 2876 3269 2921 et
3311 2865 3413 2922 tria
3448 2867 3501 2921 in
3535 2881 3704 2920 unum

2129 2959 2508 3026 confundens,
2563 2958 2864 3013 divinitatis
2929 2957 3226 3011 trinitatem
3282 2971 3378 3027 per
3439 2956 3706 3010 unitatem

2130 3054 2387 3118 abstulit;
2423 3067 2453 3106 e
2477 3049 2886 3120 Scripturisque
2917 3050 3092 3104 sacris
3119 3057 3296 3103 textus
3321 3047 3583 3102 unitatem
3621 3049 3708 3100 in-

2136 3154 2368 3200 nuentes
2412 3143 2698 3213 colligens,
2733 3153 2792 3198 ut
2815 3143 2960 3198 hunc
2992 3157 3006 3194 :
3039 3159 3058 3193 ι
3088 3139 3198 3211 Ego
3225 3140 3368 3196 Deus
3395 3141 3624 3210 primus,
3654 3148 3710 3193 et

2134 3253 2234 3308 ego
2265 3246 2385 3306 post
2424 3238 2539 3290 hate
2567 3243 2622 3288 et
2663 3234 2714 3286 in
2751 3244 3042 3298 aeternum,
3065 3233 3198 3287 dicit
3228 3233 3490 3288 Dominus
3510 3233 3552 3297 ';
3599 3249 3615 3282 ι
3653 3241 3709 3285 et

2135 3329 2277 3385 istud
2305 3326 2476 3396 ipsius
2515 3323 2729 3377 Domini
2759 3325 2809 3378 in
2837 3323 3142 3392 Evang‘eliis
3161 3321 3386 3380 effatum
3421 3339 3436 3376 :
3473 3339 3492 3374 ι
3525 3321 3636 3392 Ego
3657 3329 3714 3377 et

2133 3423 2294 3478 Pater
2323 3434 2487 3473 unum
2509 3432 2754 3480 sumusp
2779 3424 2832 3470 et
2851 3415 3106 3484 quaelibet
3137 3413 3224 3471 his
3253 3413 3454 3468 similia
3485 3413 3714 3483 objicie-

2136 3514 2230 3570 bat
2257 3514 2311 3569 in
2336 3512 2708 3569 testimonium
2741 3507 2809 3562 ad
2841 3505 3198 3561 auferendam
3221 3518 3577 3576 personarum
3607 3504 3710 3557 tri-

2135 3607 2383 3661 nitatem.
2409 3605 2598 3660 Nonne
2617 3604 2696 3658 sic
2717 3601 2848 3656 facit
2866 3597 3133 3654 Sabellius
3162 3607 3217 3652 et
3243 3596 3361 3667 ejus
3383 3596 3713 3650 sectatores?

453 3729 580 3784 λετο
613 3734 749 3802 πρὸς
786 3733 1095 3802 μαρτυρίαν
1149 3735 1228 3795 εἰς
1261 3731 1548 3801 ἀναίρεσιν
1598 3729 1694 3783 τοῦ
1729 3724 2014 3799 τριαδικοῦ
2055 3721 2163 3775 τῶν
2212 3719 2595 3774 ὐποστάσεων.
2663 3717 2776 3786 Οὐχ
2833 3713 2976 3768 οὕτω
3032 3713 3182 3768 ποιεῖ
3236 3710 3532 3775 Σασέλλιος
3614 3713 3712 3766 καίΙ

456 3823 571 3878 ὅσοι
603 3823 723 3876 κατ’
753 3824 918 3877 αὐτόν
941 3841 957 3890 ;

533 3923 698 3974 Θεότ.
731 3919 892 3972 Τοῦθ’
932 3917 1076 3973 οὕτω
1114 3918 1314 3982 πάντες
1355 3919 1536 3989 ῐσμεν.

537 4013 713 4078 Θεορ.
749 4007 919 4076 Κάγὼ
948 4009 1034 4060 διὰ
1064 4009 1126 4062 τὸ
1168 4009 1335 4062 πᾶσιν
1388 4003 1527 4060 εἶναι
1567 4006 1726 4059 τοῦτο
1776 4006 2013 4076 φανερὸν

461 4102 763 4171 σαφηνείας
823 4102 990 4155 ’ἑνεκα
1045 4106 1386 4170 προήνεγκα.
1429 4100 1501 4154 Σὺ
1555 4101 1664 4168 γὰρ
1693 4098 1818 4162 τοὺς
1863 4097 2029 4152 αὐτοῦ

458 4190 731 4250 τοιούτους
778 4188 970 4254 λό,ους
1019 4190 1390 4259 προσαγαγὼν
1437 4188 1514 4259 τῷ
1545 4188 1784 4257 γνώμονι
1813 4187 1915 4258 τῆς
1945 4189 2034 4240 πί-

2209 3907 2394 3961 Tlieot.
2429 3904 2485 3959 ld
2517 3919 2706 3958 omnes
2736 3902 2963 3958 scimus.

2203 3997 2430 4067 Thcoph.
2458 3997 2512 4051 ιιι
2532 3996 2806 4064 equidem,
2836 4003 3021 4058 utpote
3047 3993 3305 4048 omnibus
3334 3991 3707 4063 manifestum,

2131 4089 2395 4145 claritatis
2425 4103 2588 4141 caus-.i
2616 4085 2838 4154 protuli.
2867 4083 2944 4136 Tu
2975 4085 3122 4137 enim
3158 4086 3294 4139 tales
3322 4085 3466 4139 illius
3495 4101 3708 4141 sermo-

2132 4196 2231 4238 nes
2256 4179 2542 4236 conferens
2565 4191 2688 4231 cum
2722 4175 2845 4232 ﬁdei
2868 4173 3066 4240 iudice,
3091 4175 3183 4245 qui
3211 4191 3379 4231 unum
3413 4191 3477 4231 ac
3503 4178 3707 4232 trinum

461 4296 654 4344 στεως,
690 4278 746 4341 ὃς
781 4280 875 4331 καὶ
925 4278 1021 4330 ἕνα
1054 4279 1147 4330 καὶ
1196 4278 1322 4348 τρία
1351 4278 1498 4345 λέγει
1543 4277 1635 4329 τὸν
1682 4276 1846 4330 αὐτὸν
1875 4276 2028 4340 Θεὸν,

2135 4274 2266 4330 dicit
2296 4272 2545 4327 euindem
2582 4269 2772 4334 Deum,
2813 4282 3078 4337 agnosi-es
3116 4283 3239 4322 eum
3269 4283 3299 4322 a
3341 4268 3443 4322 (ide
3469 4284 3710 4340 sanaquo

460 4366 766 4432 ἐξελέγξεις
798 4365 1030 4420 ἄπιστόν
1057 4382 1115 4418 τε
1149 4367 1242 4419 καὶ
1276 4365 1590 4428 κακόδοξον.
1618 4362 1694 4426 ὼς
1727 4363 1788 4415 τὸ
1823 4361 2031 4430 τριαδι-

460 4457 556 4509 κδν
587 4454 911 4524 ἀναιροῦντα
940 4454 1035 4508 τοῦ
1069 4456 1184 4517 ἐνὸς
1213 4455 1371 4518 Θεοῦ,
1404 4455 1500 4508 καὶ
1529 4453 1655 4516 τοὺς
1684 4452 1776 4506 ὐπ’
1816 4452 2028 4504 ἐκείνου

465 4545 618 4614 παρὰ
672 4543 829 4596 τοῦτο
855 4543 1148 4604 πολυθέους
1179 4543 1504 4611 λεγομένους
1530 4543 1604 4606 ὡς
1631 4541 1874 4603 εὐσεϐεῖς
1902 4543 2033 4594 ἀνα-

461 4638 722 4709 κηρύξεις
750 4640 844 4691 καὶ
877 4639 1127 4702 πιστούς.
1159 4639 1378 4707 Ἀρειος
1424 4636 1481 4688 δὲ
1514 4635 1608 4689 καὶ
1659 4634 1821 4696 αὐτὸς
1865 4634 2032 4686 πολυ-

464 4731 619 4792 θέους
668 4731 844 4799 λέγων
897 4731 1024 4791 τούς
1063 4728 1192 4800 τρία
1242 4729 1502 4796 λέγοντας
1553 4728 1622 4780 τὰ
1673 4727 1926 4790 ἄκτιστα,
1975 4724 2033 4780 ἓν

463 4823 719 4878 ἇκτιστον
751 4818 891 4875 εἶναι
927 4819 1300 4875 διεϐεϐαιοῦτο
1325 4820 1416 4872 τὸν
1461 4817 1710 4889 Πατέρα,
1741 4817 1841 4880 τὰς
1869 4817 2034 4879 ἄλλας

466 4913 794 4975 ὑποστάσεις
817 4914 898 4976 εἰς
935 4911 1140 4982 κτίσμα
1168 4911 1489 4978 κατασπῶν,
1521 4912 1612 4964 καὶ
1639 4911 1760 4971 ταῖς
1788 4907 1895 4964 ἀπὸ
1925 4907 2034 4960 τῶν

465 5004 700 5074 Γραφῶν
735 5003 1087 5074 μαρτυρίαις,
1127 5004 1250 5056 ὅσαι
1290 5003 1590 5071 παριστᾶσι
1635 5003 1734 5072 τὴν
1770 5001 2035 5069 διαφορὰν

465 5096 574 5150 τῶν
603 5096 977 5157 ὐποστόισεων,
1028 5089 1139 5146 οἷον
1176 5113 1194 5145 ι
1227 5094 1255 5145 ό
1288 5095 1477 5164 Πατήρ
1531 5111 1634 5164 μου
1683 5093 1884 5162 μείζων
1929 5093 2032 5162 μού

463 5187 602 5252 ἐστι,
627 5207 644 5238 ι
667 5187 782 5250 καὶ,
805 5206 824 5238 ι
841 5189 904 5239 Ἀ
931 5187 1138 5258 ἥκουσα
1165 5185 1317 5256 παρὰ
1346 5183 1441 5238 τοῦ
1459 5166 1670 5256 Πατρός
1705 5202 1829 5254 μου,
1861 5183 2033 5237 ταῦτα

465 5277 636 5344 λαλῶ,
682 5296 701 5329 ι
739 5280 833 5332 καὶ
856 5279 957 5332 ὅσα
993 5277 1203 5342 τούτοις
1227 5277 1610 5348 παραπλήσια,
1648 5276 2034 5332 διαστέλλοντα

464 5371 562 5422 καὶ
595 5369 880 5422 δεικνύντα
932 5369 1032 5440 τὴν
1067 5369 1197 5438 μίαν
1239 5368 1339 5436 τῆς
1372 5369 1624 5438 θεότητος
1653 5367 1856 5438 πηγὴν,
1895 5369 2030 5421 ταύ-

465 5474 589 5520 ταις
626 5458 808 5512 τοίνυν
856 5459 965 5512 ἀπὸ
1009 5461 1119 5511 τῶν
1169 5459 1330 5529 ἱερῶν
1374 5459 1606 5529 Γραφῶν
1634 5460 2030 5530 ὲρανισάμενος

469 5546 673 5616 ἐχρῆτο
701 5549 841 5600 κατὰ
865 5547 969 5600 τῶν
994 5547 1235 5611 εὐσεϐῶς
1252 5547 1350 5616 τὴν
1379 5548 1538 5615 ἁγίαν
1562 5547 1771 5619 Τριάδα
1797 5565 2034 5617 προσκυ-

462 5637 722 5693 νούντων.
755 5639 826 5691 Σὺ
851 5638 942 5692 οὖν
984 5639 1078 5692 καὶ
1120 5639 1245 5703 τοὺς
1285 5639 1498 5708 Ἀρείου
1533 5639 1728 5709 λόγους
1769 5639 1850 5711 τῷ
1883 5641 2032 5714 αὐτῷ

554 5818 573 5846 ²
623 5812 723 5870 lsa.
769 5827 878 5880 xu,
910 5813 961 5871 ι.
1040 5812 1060 5846 ³
1091 5812 1245 5867 Joau.
1294 5827 1404 5880 xw,
1460 5812 1553 5912 28:
1630 5813 1649 5848 "
1681 5811 1836 5870 Joan.
1871 5814 2079 5884 H515.

2138 4365 2386 4419 doctrina
2421 4377 2544 4417 esse
2577 4361 2838 4424 alienum,
2873 4359 3076 4429 quippe
3100 4359 3192 4430 qui
3219 4360 3372 4415 tollat
3411 4360 3505 4414 Dei
3541 4362 3707 4416 trini-

2137 4465 2326 4516 tatem,
2359 4468 2453 4508 eos
2488 4468 2618 4508 vero
2670 4467 2810 4522 quos
2870 4452 2990 4506 ideo
3053 4451 3338 4523 polytheos
3383 4461 3566 4518 vocat,
3591 4454 3709 4521 pios

2139 4557 2194 4605 et
2230 4547 2568 4602 ertliodoxos
2606 4544 2950 4614 pratdieabis.
2976 4545 3140 4599 Arius
3172 4555 3354 4600 autem
3385 4554 3440 4599 et
3467 4545 3583 4613 ipse
3611 4560 3710 4612 po-

2137 4639 2352 4711 lythcos
2382 4637 2572 4694 dicens
2607 4637 2697 4706 qui
2735 4648 2844 4692 tres
2875 4637 3196 4691 asserebant
3230 4637 3708 4701 increatos,uuum

2136 4732 2440 4786 increatum
2485 4745 2608 4785 esse
2658 4728 2960 4784 afﬁrmabat
3003 4729 3240 4790 Patrem,
3274 4729 3411 4783 alias
3440 4743 3708 4798 personas

2133 4823 2400 4880 creaturis
2430 4837 2829 4888 annumeraus;
2865 4829 2918 4874 et
2949 4819 3356 4888 Seripturarum
3389 4821 3710 4876 testimonia

2135 4915 2537 4973 distinctionem
2591 4927 2946 4984 personarum
2989 4913 3305 4976 statuentia,
3353 4920 3450 4967 ut:
3490 4931 3509 4964 ι
3548 4913 3705 4967 Pater

2140 5025 2295 5064 tneus
2340 5007 2514 5077 major
2549 5022 2634 5061 me
2670 5018 2752 5060 est
2771 5006 2810 5069 ³,
2853 5023 2872 5057 ι
2903 5013 2958 5059 et
3004 5021 3018 5058 :
3051 5021 3070 5056 ι
3107 5004 3239 5071 Quae
3269 5003 3453 5059 audivi
3481 5019 3509 5058 a
3547 5003 3708 5059 Patre

2141 5113 2286 5164 meo,
2341 5099 2456 5154 haec
2499 5096 2759 5164 loquor",
2793 5115 2812 5149 ι
2851 5104 2905 5149 ot
2929 5094 3037 5149 alia
3073 5095 3387 5164 lmjusmodi
3425 5111 3548 5166 qua'
3580 5096 3707 5149 uui-

2139 5206 2264 5247 cum
2299 5189 2584 5259 designant
2613 5187 3014 5256 ostenduntque
3042 5185 3262 5244 deitatis
3292 5187 3494 5241 fontem
3518 5229 3534 5252 ,
3568 5185 3702 5247 lucc,

2141 5284 2382 5352 inquam,
2412 5297 2443 5336 e
2495 5281 2667 5336 sacris
2701 5279 3001 5348 Scripturis
3033 5278 3372 5335 emendicata
3407 5279 3706 5346 usurpabat

2138 5379 2402 5429 adversus
2443 5374 2561 5442 pios
2584 5380 2786 5426 saneta:
2820 5369 3108 5426 Trinitatis
3130 5372 3396 5426 cultores.
3427 5369 3505 5428 Tu
3543 5371 3705 5440 igitur

2135 5463 2248 5518 Arii
2273 5477 2490 5532 quoque
2519 5475 2801 5516 sermones
2843 5460 3010 5516 iudici
3064 5461 3191 5516 ﬁdei
3241 5474 3566 5529 comparans
3611 5461 3703 5527 qui
3739 5490 3761 5504 ο

2139 5543 2304 5608 unum
2340 5555 2652 5620 trinumqne
2681 5551 2815 5605 dicit
2839 5551 3092 5608 eumdem
3130 5551 3322 5616 Deum,
3353 5551 3704 5604 demonstra-

2141 5644 2223 5699 bis
2256 5643 2403 5699 illum
2446 5645 2626 5714 potius
2657 5656 2784 5699 vere
2818 5643 3139 5717 polytlteutn
3163 5654 3306 5708 esse,
3336 5641 3428 5712 qui
3451 5639 3702 5698 eumdem
