4180 6308
627 386 732 454 919

1888 415 2267 477 GHEGORII
2307 421 2630 486 PALAMrE.

3757 439 3861 505 9Ξο

623 505 795 562 Deum
829 522 1066 568 creatum
1100 517 1260 573 simul
1285 528 1339 575 et
1370 521 1668 578 increatum
1698 525 1851 591 dicit,
1880 543 2001 598 qua:
2027 530 2140 583 aml

2254 561 2264 592 ι
2296 532 2534 606 γνώμονι
2570 540 2666 606 τῆς
2713 541 2952 607 πίστεως
2982 547 3376 616 προσαγαγὼν,
3405 549 3463 613 ὃς
3507 551 3567 603 ἓν
3604 551 3701 606 καὶ
3740 555 3866 624 τρία

621 600 677 653 in
708 614 869 656 unam
899 609 1200 663 convenire
1230 621 1480 667 naturam
1507 627 1797 685 repugnat.

2291 625 2441 694 λέγει
2479 630 2570 682 τὸν
2600 632 2763 687 αὐτὸν
2793 633 2942 702 Θεὸν,
2975 639 3182 692 ἐκεῖνον
3233 640 3436 708 μᾶλλον
3463 641 3654 708 δείξεις
3688 646 3856 698 πολύ-

620 693 741 745 θεον
764 693 840 756 ὡς
883 697 1120 768 ἀληθῶς,
1156 703 1371 756 κτιστόν
1414 722 1470 757 τε
1510 707 1600 760 καὶ
1648 709 1905 763 ἄκτιστον
1955 711 2184 782 λέγοντα
2221 716 2313 770 τὸν
2347 693 2507 774 αὐτὸν
2541 721 2694 788 Θεὸν,
2740 725 2776 780 ἃ.
2804 693 3080 798 συμδῆναι
3129 693 3266 801 πρὸς
3303 733 3433 802 μίαν
3503 693 3669 805 φῦσιν
3735 737 3860 792 ἀδύ-

617 802 801 840 νατον.

687 883 866 940 Theot.
901 886 1114 958 Optima
1147 892 1364 960 quidem
1397 895 1580 964 regula
1616 912 1630 950 :
1657 913 1757 954 nec
1789 901 1934 956 enim
1975 913 2183 960 tantum

615 973 974 1040 demonstrat,
1009 981 1102 1035 sed
1126 983 1282 1050 quasi
1309 987 1631 1044 coneiditac
1653 992 1865 1060 repellit
1900 994 2178 1065 ambages.

2357 908 2520 964 Θεότ.
2569 910 2823 982 Ἀριστός
2853 931 2916 981 γε
2939 917 2967 970 6
2999 919 3200 972 κανώνο
3229 919 3288 972 οὐ
3321 918 3432 989 γὰρ
3459 922 3624 990 μόνον
3653 925 3863 982 δείκνυ-

2286 1013 2392 1064 σιν,
2430 1000 2546 1053 ἀλλ’
2571 997 2683 1056 οἷον
2714 1007 2808 1058 καὶ
2829 1006 3085 1074 ἐκτέμνει
3111 1012 3200 1063 καὶ
3231 1011 3728 1082 άποδιοπομπεῐται
3757 1019 3859 1082 τὰς

612 1062 920 1123 Possumne
951 1085 1078 1125 vero
1115 1073 1208 1126 tali
1248 1076 1434 1146 regula
1472 1075 1646 1134 refelli
1676 1085 1770 1151 qui
1797 1094 1986 1139 errant
2017 1062 2140 1156 supr

617 1150 822 1178 n.....:..:
869 1156 1159 1178 :....___.,-.3_
1188 1176 1196 1178 _
1218 1176 1231 1178 _
1263 1161 1287 1178 ο

2283 1062 2703 1163 στρεϐλότητας.
2733 1097 2889 1151 Ἐστι
2933 1062 2978 1151 δζ
3007 1101 3116 1170 ἄρα
3145 1062 3246 1154 καὶῗ
3287 1106 3414 1167 τοὺς
3448 1062 3860 1178 σςζαλλομένους

616 1150 824 1208 Domini
867 1156 1287 1214 incarnatione?

681 1331 910 1400 Tlreoph.
943 1334 1184 1405 Optime.

677 1422 858 1478 ΤΙιεοι.
885 1425 1018 1490 Quis
1053 1429 1218 1496 igitur
1253 1434 1473 1486 canon?

679 1515 899 1585 Theoph.
938 1516 1034 1572 Hic
1065 1529 1168 1587 est,
1201 1521 1487 1581 Credimus
1519 1527 1573 1581 in
1597 1545 1763 1585 unum
1793 1529 1982 1586 Jesum
2017 1534 2173 1588 Chri-

603 1616 771 1669 stum,
803 1608 1008 1662 scilicet
1065 1609 1118 1664 in
1170 1613 1390 1666 unicum
1461 1615 1552 1671 Dei
1608 1619 1832 1684 Filium,
1889 1622 2166 1678 hominem

601 1684 827 1762 tactum,
857 1699 1216 1770 eumdemque
1239 1706 1395 1773 quasi
1420 1707 1714 1777 duplicem.
1745 1712 1804 1766 Si
1833 1713 2002 1783 igitur
2026 1715 2170 1770 dicat

599 1783 878 1843 Nestorius
904 1789 1068 1844 alium
1096 1806 1217 1847 esse
1251 1794 1314 1848 de
1340 1794 1498 1852 Patre
1526 1799 1787 1867 genitum,
1820 1811 1872 1856 et
1899 1804 2065 1857 alium
2097 1821 2164 1861 ex

2283 1185 2411 1253 περὶ
2447 1185 2548 1255 τὴν
2579 1189 2914 1262 Δεσποτικὴν
2953 1194 3268 1266 οἰκονομίαν
3305 1196 3372 1250 δι’
3419 1198 3605 1268 ὁμοίου
3635 1204 3859 1268 κανόνος

2278 1274 2582 1348 ἐξελέγχειν
2608 1297 2623 1343 ;

2352 1369 2529 1438 Θεοςρ.
2562 1371 2838 1429 Μάλιστα.

2351 1459 2516 1514 Θεότ.
2550 1461 2647 1524 Τίς
2677 1462 2773 1517 οῦν
2797 1467 2824 1518 6
2861 1466 3078 1533 κανών;

2348 1551 2524 1618 Θεοφ.
2559 1551 2682 1607 ’Ότι
2733 1557 3066 1628 πιστεύομεν
3104 1562 3185 1623 είς
3233 1561 3330 1616 ἕνα
3379 1563 3586 1635 Κύριον
3641 1568 3850 1640 Ἰησοῦν

2275 1639 2535 1710 Χριστὸν,
2559 1646 2840 1701 τουτέστιν
2868 1650 2949 1714 είς
2983 1652 3081 1705 ἕνα
3099 1653 3226 1706 Υίὸν
3252 1655 3346 1708 τοῦ
3372 1656 3531 1723 Θεοῦ,
3572 1661 3850 1733 ένανθρω-

2271 1731 2544 1796 πήσαντα,
2560 1738 2756 1791 ταύτὸν
2777 1738 2821 1791 δ’
2845 1743 3020 1794 εἰπεῖν
3045 1744 3286 1801 διπλοῦν.
3307 1747 3436 1802 Ἐὰν
3450 1744 3545 1802 οὖν
3572 1750 3710 1825 λέγῃ
3737 1731 3840 1808 Νε-

2273 1822 2486 1893 στόριος
2532 1825 2691 1880 ἄλλον
2725 1829 2818 1882 τὸν
2866 1833 2931 1886 ἐκ
2969 1833 3131 1898 Θεοῦ,
3167 1837 3264 1891 καὶ
3309 1838 3470 1894 ἄλλον
3512 1842 3604 1894 τὸν
3634 1822 3705 1897 ἐκ
3745 1846 3845 1914 τῆς

597 1877 766 1933 Matre
810 1878 1032 1948 Virgine
1063 1893 1246 1938 natum
1280 1902 1296 1952 ;
1328 1889 1374 1942 si
1429 1903 1591 1942 unam
1625 1899 1845 1945 econtra
1884 1892 2140 1966 Eutyche:

599 1981 852 2004 manner-nt
891 1982 1139 2004 παι-.-λης
1166 1993 1179 2004 ι
1212 1987 1266 2004 ι.-
1302 1993 1486 2004 “unum
1523 1995 1799 2004 --__---.-_
1830 1983 1950 2004 [9.1-9
1986 2002 1998 2004 _
2022 2003 2027 2004 ,
2089 1988 2108 2004 ιι

2270 1877 2493 1982 Μητρὸς
2529 1877 2828 1986 παρθένου,
2873 1922 3004 1992 μίαν
3025 1925 3082 1979 δὲ
3117 1877 3358 1997 δίριστοῦ
3382 1929 3544 1997 φύσιν
3566 1877 3845 2004 ἀντιστρὲ

598 1981 858 2035 agnoscat
891 1982 1179 2030 naturam:
1212 1987 1266 2031 tu
1299 1993 1489 2033 eorum
1522 1995 1802 2039 sermones
1829 1983 1952 2040 ﬁdei
1976 1988 2166 2043 confer

596 2057 785 2122 indici,
827 2059 918 2128 qui
951 2077 1118 2116 unum
1156 2065 1538 2139 duplicemque
1575 2081 1635 2125 ut
1674 2074 2161 2132 Hominem-Deum

593 2147 727 2202 dicit
753 2151 1002 2210 eumdem
1032 2155 1310 2219 Christum
1343 2179 1355 2213 :
1399 2171 1451 2214 et
1495 2163 1677 2217 statim
1731 2167 2018 2221 evincetur
2048 2167 2159 2222 Eu-

593 2239 779 2308 tycbes
831 2241 1098 2310 duplicem
1151 2263 1356 2318 negans
1411 2261 1696 2318 naturam,
1750 2265 1804 2310 et
1875 2256 2162 2317 Nestorius

592 2331 796 2387 tollens
848 2332 1211 2404 bypostaseon
1249 2341 1512 2395 unitatem
1547 2354 1599 2397 et
1643 2353 1854 2402 natura:
1898 2347 2160 2404 dualitate

590 2423 854 2480 unitatem
893 2442 1134 2496 persona:
1156 2441 1396 2488 evertere
1432 2435 1766 2506 aggrediens.

656 2605 839 2662 Tlieot.
875 2609 1126 2677 lpsiusne
1173 2614 1418 2669 Barlaam
1461 2626 1512 2670 et
1556 2631 1748 2671 eorum
1797 2622 1888 2690 qui
1929 2637 2051 2677 eum
2089 2640 2154 2678 eo

585 2711 719 2764 pene
752 2713 1100 2766 corruerunt,
1145 2721 1360 2762 errores
1389 2708 1672 2778 indigitare
1695 2723 1747 2766 ct
1771 2715 1958 2768 eodem
1991 2720 2153 2774 modo

582 2787 827 2845 refellere
862 2797 1074 2862 possis?

659 2879 887 2952 Tlteop/z.
929 2885 1201 2945 Profecto.

655 2967 836 3027 ΤΙιεοι.
871 2971 1020 3045 Ergo
1043 2985 1098 3036 et
1133 2979 1234 3034 hoc
1267 2980 1428 3041 nobis
1454 2986 1684 3056 amplius
1712 2991 1894 3047 verbis
1915 2994 2146 3065 explica.

656 3151 886 3223 Theoph.
913 3155 990 3209 En
1019 3159 1346 3229 explanabo.
1370 3163 1436 3218 Et
1459 3167 1604 3222 sicut
1628 3171 1860 3238 primum
1892 3174 2036 3232 illum
2065 3179 2147 3232 in-

587 3448 754 3486 nnurn
795 3448 943 3501 sunt,
967 3438 1119 3501 juxta
1150 3441 1366 3496 Domini
1389 3456 1597 3513 votum,
1631 3457 1683 3503 et
1717 3465 1780 3504 ex
1814 3468 1922 3505 uno
1953 3469 2142 3512 eorum

581 3525 767 3584 eadem
805 3530 1168 3593 conﬁceretur
1197 3537 1420 3605 rcgula';
1470 3540 1716 3608 pluribus
1772 3553 1952 3600 tamen
2005 3562 2143 3620 Opus

573 3624 655 3670 est
686 3617 754 3672 ob
797 3620 1019 3676 nimiam
1046 3625 1477 3686 adversariorum
1519 3633 1895 3705 pertinaciam.

644 3795 827 3853 leeol.
876 3799 973 3855 Dic
998 3843 1013 3866 ,
1042 3817 1248 3872 quaeso,
1284 3805 1666 3879 Theophanes,
1697 3829 1759 3872 ea
1784 3831 1904 3887 qua:
1931 3821 2135 3879 asseris

566 3896 618 3940 et
645 3889 767 3956 quis
816 3889 1032 3947 locutus
1073 3893 1143 3948 sit
1175 3905 1229 3950 et
1271 3898 1362 3952 ubi
1421 3915 1643 3971 Operam
1684 3906 1972 3974 dixerit,ut
2004 3927 2135 3978 pos-

564 3978 675 4031 sint
704 3981 795 4049 qui
851 3984 1120 4040 voluerint
1153 3987 1206 4041 in
1267 3988 1399 4060 ipsis
1453 4008 1642 4049 eorum
1698 3997 1850 4055 libris
1920 4001 2134 4073 singula

563 4069 763 4138 legere.

631 4160 858 4231 ΤΙιεορΙι.
893 4164 985 4222 Sic
1024 4167 1222 4225 faciam
1245 4209 1260 4236 ,
1297 4182 1350 4227 et
1379 4176 1719 4244 potissimum
1749 4183 1924 4239 citabo
1961 4187 2132 4243 utilis-

559 4252 696 4307 sima
727 4257 794 4309 ad
841 4260 1180 4328 propositum
1241 4273 1490 4322 recenter
1527 4269 1710 4325 frtrem.
1764 4274 1997 4331 Basilius
2026 4278 2131 4332 Ma-

558 4357 696 4406 gnus
721 4383 737 4409 ,
771 4348 1246 4418 quadragesimum
1296 4368 1550 4423 quartum
1601 4363 1878 4431 explicans
1913 4365 2128 4427 Davidis

560 4435 847 4501 psalmum,
887 4439 1004 4493 ait:
1043 4457 1062 4490 ‹
1099 4442 1460 4500 Pulcbritudo
1497 4449 1893 4520 Omnipotentis
1926 4472 2010 4515 est
2041 4463 2124 4518 in-

561 4522 853 4590 telligibilis
891 4525 1008 4595 ejus
1034 4536 1089 4582 et
1116 4529 1347 4586 visibilis
1371 4535 1645 4593 divinitas.
1704 4561 1724 4594 ι
1757 4545 2122 4619 —Gregorius
2154 4577 2201 4637 ι)

561 4610 858 4637 ,ημμνα
916 4617 978 4637 Α
1231 4636 1234 4637 ν
1293 4624 1324 4637 ,.
1469 4627 1482 4637 .
1613 4630 1646 4637 ..
1813 4636 1837 4637 η

555 4610 879 4680 Tbeologus,
913 4617 978 4670 ad
1011 4618 1417 4689 intelligentiam
1468 4627 1748 4698 impellens
1787 4610 1963 4692 divini
1985 4643 2118 4713 bap-

555 4700 788 4758 tismatis
821 4745 835 4764 .
869 4705 1046 4762 dicit:
1100 4728 1119 4760 ι
1185 4709 1392 4767 Lumen
1417 4725 1500 4770 est
1579 4720 1834 4779 divinitas
1883 4744 2004 4799 quae
2055 4700 2113 4787 in

553 4802 736 4848 monte
763 4799 1013 4866 apparuit
1046 4801 1209 4870 paulo
1240 4805 1473 4861 vividior
1528 4811 1645 4866 visu
1675 4853 1690 4867 .
1727 4835 1745 4867 ι
1781 4819 1991 4878 Rursus
2048 4825 2114 4879 ad

548 4884 864 4942 Cledonium
911 4891 1200 4948 scribens:
1248 4915 1266 4947 ι
1311 4895 1496 4954 Veniet
1543 4903 1763 4972 quidem
1791 4947 1805 4972 ,
1836 4912 1931 4978 ait,
1963 4914 2114 4984 juxta

552 4991 730 5031 meum
767 4995 1095 5051 sermonem,
1127 4985 1251 5041 talis
1288 5004 1418 5045 vero
1448 4993 1623 5062 qualis
1647 5002 1900 5067 apparuit
1929 5015 1984 5058 et
2029 5008 2111 5061 vi-

546 5082 642 5123 sus
669 5081 751 5124 est
779 5073 1058 5142 discipulis
1091 5117 1108 5142 ,
1140 5092 1432 5148 superante
1467 5087 1769 5144 eminenler
1802 5093 2109 5152 bumanita-

549 5174 654 5215 tem
683 5163 984 5220 divinitate.
1020 5186 1040 5218 ι
1075 5169 1417 5230 -Μδειιι-ἰιιε
1470 5176 1694 5248 Magnus
1719 5221 1736 5247 ,
1769 5187 2108 5255 spiritualem

543 5253 833 5320 visionem,
883 5259 1060 5325 quoad
1120 5264 1234 5317 ﬁeri
1285 5277 1481 5333 potest,
1513 5253 1815 5342 explicans,
1840 5289 1893 5333 et
1928 5281 1994 5334 de
2027 5283 2110 5336 lu-

541 5346 686 5400 mine
737 5349 1083 5408 rcvelationis
1127 5355 1398 5414 disserens
1437 5378 1450 5414 :
1497 5379 1517 5409 ο
1567 5364 1725 5430 Quia,
1758 5367 1954 5438 inquit,
1988 5386 2108 5426 om-

538 5436 628 5490 nis
651 5439 908 5508 cogitatio
962 5457 1058 5511 per
1111 5447 1446 5504 sensibilium
1487 5436 1848 5524 quornnnlam
1907 5477 2104 5530 reprae-

536 5529 897 5585 sentationem
927 5532 1091 5590 intrat
1140 5539 1193 5589 in
1225 5543 1462 5595 animam
1494 5583 1508 5608 ,
1539 5547 1677 5602 banc
1719 5550 1932 5606 beatum
1965 5529 2104 5612 divi-

534 5619 720 5675 nitatis
783 5624 962 5678 lumen
1005 5637 1133 5682 tunc
1163 5629 1415 5695 illustrat,
1443 5650 1608 5702 quum
1660 5657 1778 5694 eam
1821 5644 1925 5699 illa:
1973 5662 2103 5700 eva-

533 5724 766 5766 cuarnnt
815 5723 878 5780 et
912 5717 1204 5776 informare
1233 5723 1511 5779 desierunt
1557 5746 1572 5782 :
1610 5731 1878 5800 siquidem
1915 5739 2100 5805 requi-

538 5800 673 5860 ritur
707 5803 818 5861 haec
878 5809 1120 5865 omnium
1171 5812 1560 5883 cogitationum
1613 5821 1846 5893 privatio
1891 5835 1948 5883 ut
1978 5829 2098 5886 talis

2270 2020 2382 2071 φως
2420 2005 2447 2058 6
2498 2008 2763 2080 Εὐτυχὴς,
2805 2016 3123 2085 προσάγαγε
3159 2019 3224 2072 σὺ
3268 2021 3394 2082 τοὺς
3427 2023 3609 2076 αὐτῶν
3651 2025 3843 2092 λόγους

2264 2097 2344 2166 τῷ
2383 2100 2623 2170 γνώμονι
2656 2104 2754 2174 τῆς
2799 2107 3056 2174 πίστεως,
3079 2110 3137 2174 ὃς
3177 2111 3274 2166 ἕνα
3315 2115 3537 2169 διπλοῦν
3567 2117 3643 2181 ὡς
3681 2118 3842 2174 θεάν-

2267 2187 2487 2256 θρωπον
2526 2193 2676 2262 λέγει
2714 2196 2807 2250 τὸν
2837 2200 3000 2253 αὐτὸν
3034 2202 3272 2270 Χριστόν
3299 2221 3314 2237 ο
3345 2205 3508 2270 εὐθὺς
3531 2208 3640 2275 γὰρ
3665 2211 3840 2264 Εὐτυ-

2263 2280 2363 2349 xi};
2415 2283 2887 2358 ἐξελεγχθήσεται,
2919 2293 2980 2344 τὸ
3029 2292 3254 2348 διπλοῦν
3306 2297 3675 2366 ἀρνούμενος·
3713 2305 3740 2356 6
3779 2305 3838 2358 δὲ

2262 2369 2560 2443 Νεστὸριος
2581 2376 2790 2431 ἀθετῶν
2809 2380 2870 2432 τὸ
2896 2383 2993 2451 τῆς
3019 2382 3370 2449 ὑποστάσεως
3397 2389 3706 2455 μοναδικὸν,
3740 2395 3836 2447 καὶ

2259 2458 2337 2527 τῷ
2388 2461 2556 2532 δυῖκῷ
2613 2467 2711 2533 τῆς
2752 2469 2968 2535 φύσεως
3024 2473 3356 2545 ἀνατρέπειν
3398 2478 3458 2530 τὸ
3509 2479 3710 2534 ένιαῖον
3739 2483 3832 2538 τοῦ

2258 2551 2558 2618 προσώπου
2600 2558 2888 2628 ἐγχειρῶν.

2329 2646 2496 2699 Θεότ.
2525 2643 2602 2701 Ἦ
2631 2649 2740 2720 μὴν
2768 2652 2862 2705 καὶ
2886 2653 2983 2717 τὰς
3011 2653 3104 2707 τοῦ
3136 2656 3400 2729 Βαρλαὰμ
3423 2661 3515 2712 καὶ
3548 2663 3657 2715 τῶν
3682 2665 3830 2736 αὒτῷ

2257 2737 2726 2794 κινδυνευσάντων
2766 2747 3112 2815 προσρυῆναι
3158 2748 3336 2815 δείξας
3375 2751 3468 2805 τὸν
3506 2755 3670 2808 αὐτὸν
3699 2757 3828 2826 τρό-

2265 2845 2364 2881 πον
2394 2831 2690 2900 ἀπελέγξαι
2727 2837 2913 2906 σχοίης
2951 2840 3050 2903 ἄν;

2328 2925 2503 2991 Θεοφ.
2548 2925 2693 2978 Πάνυ
2735 2943 2817 2995 γει

2328 3016 2490 3069 Θεότ.
2534 3017 2840 3087 Σαφήνισον
2872 3020 2964 3080 οὖν
3003 3023 3097 3078 καὶ
3129 3026 3276 3082 τοῦθ’
3307 3030 3439 3099 ἡμῖν
3477 3032 3566 3086 διὰ
3597 3036 3705 3091 τῶν
3733 3037 3824 3093 λό-

2254 3122 2366 3170 γων
2406 3108 2686 3162 ἐπιπλέων.

2252 3383 2532 3453 γνώμονα,
2564 3387 2705 3441 οὕτω
2732 3388 2923 3445 τοῦτον
2954 3394 3060 3446 ἀπὸ
3087 3397 3195 3450 τῶν
3223 3402 3504 3470 πατρικῶν
3525 3405 3823 3476 ἐξεργασά-

2251 3490 2449 3542 μενοςο
2483 3475 2541 3528 ἒν
2593 3479 2702 3548 γὰρ
2737 3475 2883 3535 οὗτοι
2937 3485 3138 3549 πάντες
3167 3492 3308 3542 κατὰ
3351 3493 3450 3560 τὴν
3481 3496 3822 3570 Δεσποτικὴν

2245 3566 2431 3638 εὐχὴν,
2469 3564 2538 3640 ἦν
2574 3569 2620 3623 δ’
2666 3572 2732 3625 ἂν
2771 3576 2866 3627 καὶ
2904 3575 2965 3640 ἐξ
3013 3578 3130 3640 ἑνὸς
3174 3581 3356 3636 αὐτῶν
3401 3591 3819 3645 κατασκευάσαι

2243 3658 2334 3711 τὸν
2371 3661 2554 3716 αὐτόν.
2593 3663 2862 3724 Πλειόνων
2908 3667 3091 3737 μέντοι
3133 3671 3213 3726 δεῖ
3265 3673 3354 3728 διὰ
3394 3679 3520 3742 τοὺς
3556 3679 3819 3746 ἐπιεικῶς

2248 3749 2744 3821 ίσχυρογνὼμονας.

2316 3843 2482 3898 Θεότ.
2524 3845 2664 3914 Λέγε
2716 3849 3055 3919 πρὸςθεοῦ,
3111 3854 3404 3925 Θεόφανες,
3462 3861 3549 3931 ἐφ’
3578 3863 3815 3920 ἑκάστου

2239 3932 2348 3986 τῶν
2383 3935 2488 3988 ὑπὸ
2538 3937 2632 3990 σοῦ
2667 3940 3123 4012 προϐαλλομένων
3147 3950 3242 4000 καί⁵
3271 3949 3363 4003 τὸν
3393 3953 3674 4024 εἰρηκότα,
3715 3961 3815 4013 καὶ

2239 4018 2300 4076 οῦ
2339 4027 2446 4080 τῶν
2489 4029 2664 4099 λόγων
2701 4028 2880 4098 εἶπεν,
2913 4034 2984 4088 ἵν’
3016 4038 3102 4108 εἴη
3145 4039 3222 4109 τῷ
3261 4018 3573 4117 βουλομένῳ
3606 4018 3668 4101 ἐν
3689 4052 3814 4114 ταῖς

2238 4117 2418 4172 αὐτῶν
2447 4121 2684 4186 ἐκείναις
2712 4123 2916 4193 βίϐλοις
2945 4129 3340 4198 ἀναγινώσκειν
3366 4134 3593 4193 ἕκαστα.

2309 4211 2483 4278 Θεοφ.
2514 4211 2672 4268 Οῦτω
2696 4215 2760 4287 δὴ
2791 4219 3003 4288 ποιήσω
3025 4221 3243 4288 μάλιστ’
3269 4224 3362 4277 ἐπὶ
3389 4225 3500 4281 τῶν
3521 4231 3812 4300 ἀναγκαιο-

2233 4297 2412 4351 τάτων
2440 4302 2577 4370 πρὸς
2607 4305 2668 4357 τὸ
2707 4308 3070 4380 προκείμενον
3108 4315 3313 4386 ἀρτίως
3341 4321 3588 4391 σκέμμα.
3637 4297 3807 4377 Βασί-

2235 4386 2378 4452 λειος
2435 4389 2527 4444 οῦν
2556 4395 2585 4446 6
2637 4397 2849 4464 Μέγας,
2896 4399 2989 4454 τὸν
3043 4386 3503 4477 τεσσαρακοστὸν-
3543 4412 3806 4483 τέταρτον

2233 4477 2514 4550 διασαφῶν
2563 4486 2855 4543 Δαδιτικὸν
2888 4491 3126 4564 ψαλμὸν,
3164 4517 3184 4550 ι
3229 4498 3457 4568 Κάλλος,
3511 4477 3801 4573 φησι-τοῦ

2433 4574 2756 4651 δυνατοῦ,ή
2813 4586 2978 4654 νοητὴ
3019 4588 3185 4642 αὐτοῦ
3220 4591 3318 4644 καὶ
3371 4593 3622 4666 θεωρητῂ
3680 4598 3800 4651 θεό-

2228 4679 2349 4732 της.
2386 4683 2405 4714 ι
2443 4667 2747 4740 Γρηγόριος
2797 4673 2852 4727 δὲ
2891 4675 2919 4727 6
2957 4676 3238 4748 Θεολόγος,
3280 4685 3361 4748 είς
3391 4687 3657 4758 ἀνάληψιν
3701 4688 3797 4743 τοῦ

2229 4755 2373 4808 θείου
2400 4764 2844 4833 προτρεπόμενος
2885 4768 3285 4842 βαπτίσματος,
3323 4795 3342 4828 ι
3374 4777 3514 4844 Φῶς,
3545 4755 3730 4850 ιρησὶν,
3757 4783 3794 4852 ἡ

2227 4849 2654 4918 παραδειχθεῖσα
2708 4856 2900 4928 θεότης
2929 4861 3019 4913 ἐπὶ
3051 4862 3143 4914 τοῦ
3190 4864 3351 4934 ὅρους
3374 4870 3487 4931 τοῖς
3523 4849 3793 4939 μαθηταῖς

2228 4939 2428 5008 μικροῦ
2479 4945 2808 5016 στερροτέρα
2864 4951 2956 5004 καὶ
2989 4953 3186 5022 ὄψεως.
3238 4976 3258 5009 ι
3306 4957 3412 5011 Καὶ
3447 4955 3606 5023 αὖθις
3661 4963 3792 5030 πρὸς

2225 5028 2520 5098 Κληδόνων
2570 5036 2820 5105 γράφων,
2859 5059 2877 5093 ι
2913 5043 3072 5108 ’Ἥξει
3105 5048 3224 5114 μὲν,
3257 5051 3443 5118 φησὶν,
3477 5051 3554 5117 ὡς
3602 5054 3630 5105 ὁ
3661 5028 3789 5122 ἐμὸς

2221 5117 2400 5185 λόγος,
2435 5123 2676 5188 τοιοῦτος
2704 5128 2759 5180 δὲ
2789 5124 2900 5195 οἷος
2931 5132 3086 5207 ῶφθη
3119 5139 3231 5200 τοῖς
3263 5139 3586 5214 μαθηταίςῆ
3625 5117 3790 5216 παρε-

2220 5209 2428 5279 δείχθη,
2493 5213 2878 5289 ὑπερνικώσης
2916 5223 2975 5275 τὸ
3021 5226 3244 5296 σαρκίον
3300 5230 3397 5299 τῆς
3453 5209 3727 5304 θεότητοᾷ
3762 5253 3780 5286 ι

2219 5301 2506 5373 Μακάριος
2557 5307 2614 5360 δὲ
2658 5311 2686 5362 6
2716 5312 2927 5379 Μέγας,
2959 5315 3034 5380 ὡς
3087 5320 3205 5371 ἐνὸν
3251 5326 3353 5392 τὴν
3407 5301 3782 5407 πνευματικὴν

2220 5390 2454 5464 θεωρίαν
2476 5397 2857 5467 ὲκκαλύπτων,
2884 5407 2978 5457 καὶ
3002 5423 3068 5459 πε
3077 5408 3134 5478 pl.
3158 5408 3250 5462 τοῦ
3270 5390 3369 5481 τῆς
3390 5390 3780 5486 ἀποκαλύψεως

2216 5482 2522 5554 διατρανῶν
2581 5491 2777 5557 φωτὸς,
2816 5511 2835 5545 ι
2883 5494 3121 5568 Ἐπειδὴ,
3168 5502 3323 5572 φησι,
3373 5506 3482 5568 πᾶς
3526 5482 3779 5576 λογισμὸς

2213 5572 2299 5625 διὰ
2331 5577 2629 5643 φαντασίας
2653 5582 2929 5650 αἰσθητῶν
2951 5603 3113 5641 τινων
3139 5592 3442 5662 εἰσέρχεται
3469 5596 3527 5647 ἐν
3554 5599 3618 5666 τῇ
3647 5613 3774 5666 καρ-

2213 5659 2321 5731 δίᾳ,
2357 5664 2476 5742 τότε
2508 5667 2739 5735 αὐγάζει
2790 5671 2961 5742 αὐτὴν
2989 5674 3049 5727 τὸ
3083 5679 3352 5752 μακάριον
3390 5683 3505 5749 φῶς
3529 5686 3627 5752 τῆς
3661 5686 3772 5738 θεό-

2211 5768 2392 5819 τητος,
2452 5755 2580 5811 ὅταν
2639 5761 2815 5833 πάντη
2865 5765 3174 5841 εὐκαιρήσῃ
3235 5772 3342 5825 ἀπὸ
3409 5774 3629 5830 πάντων
3686 5779 3771 5829 καὶ

2213 5839 2619 5911 ἀσχημάτιστος
2656 5850 2717 5902 ἐκ
2749 5853 2953 5907 τούτων
2985 5857 3234 5930 γένηται,
3265 5863 3422 5938 εἴπερ
3460 5868 3492 5940 η
3525 5865 3767 5944 λαμπρά.
