4180 6308
357 417 458 480 921

1733 427 2144 488 ΤΠΕΟΡΙΙΑΝ
2155 429 2261 488 ES.

3491 429 3601 494 922

351 542 454 597 της
502 527 689 597 ἐκείνη
739 527 881 581 κατά
923 527 1180 598 στέρησιν
1215 529 1434 584 πάντων
1485 533 1594 586 τῶν
1639 534 1924 604 νοημάτων

2033 535 2363 591 illuminatio
2395 550 2543 606 pura:
2573 535 2740 590 menti
2766 535 3026 607 aﬁ‘ulgeat
3047 572 3062 588 .
3103 533 3370 593 i—Div‘us
3401 536 3604 594 Metro-

351 616 762 688 παραφαίνεται
804 617 882 686 τῷ
914 619 1141 690 καθαρῷ
1187 621 1286 675 νοΐ.
1331 639 1349 674 ι
1397 623 1770 696 Μητροφάνης
1806 625 1864 678 δὲ
1898 627 1928 678 6

353 711 520 778 θεῖος,
551 710 691 781 πρὸς
730 710 889 781 μέλος
930 711 1200 775 συντιθεὶς
1238 714 1364 777 τοὺς
1397 714 1612 782 λόγους,
1649 733 1668 768 ι
1715 716 1774 770 Ὅ
1806 717 1928 772 κατ’

353 805 542 859 οὐσίαν
567 802 884 872 ἀθεώρητος
913 801 1105 870 Λόγος,
1147 803 1435 872 ἄνθρωπος
1469 805 1676 878 ὤφθης,
1719 807 1809 860 τὸν
1831 808 1928 862 ἀν-

355 893 576 963 θρωπον
628 887 1071 961 ἀνακαλούμενος
1129 891 1266 962 πρὸς
1322 895 1616 963 μετουσίαν
1669 895 1771 964 τῆς
1829 896 1930 966 σῆς

355 985 628 1052 θεότητος.
670 999 690 1034 ι
732 981 1028 1053 Γρηγόριος
1057 981 1114 1036 δὲ
1142 983 1171 1037 6
1199 983 1423 1055 Νύσσης
1444 983 1513 1038 τὰ
1537 985 1646 1039 τῶν
1674 986 1928 1056 Πνευμα-

351 1077 608 1147 τομάχων
643 1075 994 1146 ἀνατρέπων,
1037 1095 1056 1126 ι
1102 1076 1180 1131 Οὐ
1215 1075 1314 1147 τὴν
1351 1076 1536 1147 φύσιν,
1567 1078 1756 1150 φησὶν,
1789 1079 1927 1134 ἀλλὰ

351 1173 452 1238 τὴν
493 1169 752 1238 θεατικὴν
810 1169 1042 1238 δύναμιν
1074 1169 1168 1224 τοῦ
1200 1170 1518 1239 Πνεύματος
1544 1172 1577 1241 ἠ
1613 1172 1713 1240 τῆς
1743 1171 1930 1242 θεότη-

349 1276 442 1323 τος
481 1260 822 1331 προσηγορία
865 1261 1188 1330 παρίστησι.
1225 1261 1290 1315 EE
1315 1279 1367 1315 τι
1399 1261 1510 1330 γὰρ
1548 1261 1768 1329 λέγεται
1796 1264 1926 1334 περὶ

351 1351 544 1420 αὐτῆς,
590 1350 700 1404 τῶν
733 1351 863 1418 περὶ
893 1351 1066 1422 αὑτήν
1100 1369 1153 1404 τι
1189 1352 1577 1422 ἀποσημαίνει.
1612 1354 1761 1426 Αὐτὴ
1802 1355 1858 1409 δὲ
1889 1357 1923 1425 ἡ

351 1445 473 1497 θεία
531 1445 694 1514 φύσις
750 1445 1028 1516 ἀφραστός
1072 1463 1133 1499 τε
1176 1447 1272 1500 καὶ
1325 1447 1707 1519 ἀνεκφὼνητος
1751 1451 1926 1518 μένει,

350 1537 758 1606 ὑπερϐαίνουσα
785 1539 967 1591 πᾶσαν
987 1539 1088 1608 τὴν
1119 1538 1211 1591 διά
1234 1539 1335 1608 τῆς
1366 1540 1549 1609 φωνῆς
1577 1541 1868 1610 σημασίαν.
1900 1560 1921 1595 ι

352 1630 461 1682 Καὶ
489 1627 652 1681 πάλιν
684 1631 712 1681 6
746 1629 908 1692 αὐτὸς
948 1629 1086 1700 πρὸς
1128 1630 1410 1683 Ἀσλάῦιον
1435 1631 1684 1702 γράφων,
1712 1651 1732 1683 r
1769 1631 1924 1701 Θεδς,

351 1719 540 1788 φησιν,
576 1719 904 1789 ἐνεργοῦντα
931 1720 1102 1789 δηλοῖ,
1147 1721 1340 1790 θεότης
1383 1723 1439 1775 δὲ
1471 1723 1757 1790 ἐνέργειαν
1779 1741 1796 1757 ο
1829 1725 1923 1776 οὐ-

351 1814 441 1866 δὲν
483 1814 537 1866 δὲ
577 1813 688 1865 τῶν
717 1812 885 1881 τριῶν
925 1812 1200 1882 ἐνέργεια,
1251 1813 1386 1868 ἀλλὰ
1419 1815 1622 1882 μᾶλλον
1662 1815 1924 1884 ἐνεργοῦν

2034 629 2243 699 phancs
2275 669 2291 696 ,
2322 629 2415 698 qui
2453 629 2702 685 versibus
2757 643 3042 686 sermones
3089 629 3418 698 composuit,
3449 630 3602 687 dicit:

2041 737 2060 770 σ
2091 719 2137 774 0
2170 718 2410 774 Verbum
2471 721 2708 776 essentia
2741 720 3040 788 invisibile,
3077 723 3240 776 homo
3273 723 3602 790 apparuisti,

2029 821 2092 866 ut
2121 811 2396 866 hominem
2442 825 2730 867 revocares
2795 811 2863 866 ad
2923 810 3224 867 divinitatis
3248 822 3354 867 tua:
3384 813 3607 882 partici-

2028 903 2740 975 pationemu—Gregorius
2788 904 3088 978 Nyssenus,
3126 907 3362 976 Spiritus
3421 908 3597 963 sancti

2028 997 2376 1054 adversarios
2433 997 2694 1054 refellens
2726 1016 2742 1054 :
2775 1017 2795 1050 ι
2833 997 2950 1055 Non
3011 1007 3262 1055 naturam
3303 1041 3320 1068 ,
3352 999 3451 1066 ait,
3501 1002 3599 1055 sed

2029 1089 2267 1144 divinam
2319 1088 2556 1160 Spiritus
2599 1088 2857 1146 virtutem
2892 1089 3143 1162 designat
3165 1091 3466 1148 divinitatis
3496 1107 3601 1146 no.

2027 1197 2174 1237 men:
2201 1182 2463 1252 quidquid
2527 1184 2672 1238 enim
2737 1184 2805 1239 de
2837 1183 2938 1238 hac
2988 1184 3190 1240 dicitur
3217 1225 3231 1248 ,
3259 1200 3324 1240 ea
3379 1201 3500 1255 quae
3528 1185 3596 1240 ad

2028 1272 2201 1342 ipsam
2235 1284 2484 1343 spectant
2532 1275 2802 1344 signiﬁcat
2837 1315 2854 1342 ,
2888 1277 3003 1346 ipsa
3034 1291 3162 1332 vero
3187 1286 3381 1333 natura
3413 1279 3596 1334 divina

2027 1367 2316 1422 ineﬁ‘abilis
2354 1379 2439 1423 est
2485 1378 2541 1424 et
2582 1370 2966 1425 inenarrabilis
3001 1409 3017 1437 ,
3046 1385 3263 1424 omnem
3329 1370 3598 1425 excedens

2026 1463 2172 1515 vocis
2205 1475 2235 1514 e
2259 1461 2658 1529 xpressionem.
2691 1482 2710 1515 ι
2738 1463 2950 1517 Rursus
3003 1463 3144 1517 idem
3203 1462 3269 1515 ad
3304 1461 3595 1516 Ablavium

2025 1552 2310 1608 scribens:
2351 1572 2371 1605 ι
2411 1551 2578 1620 Deus,
2613 1555 2833 1625 inquit,
2875 1563 3123 1625 agentem
3147 1553 3350 1609 indicat
3383 1596 3398 1621 ,
3421 1553 3598 1610 deitas

2027 1661 2159 1700 vero
2216 1647 2499 1703 virtutem:
2555 1663 2720 1718 porro
2759 1649 2942 1704 nullus
2977 1648 3140 1703 trium
3172 1657 3257 1704 est
3281 1647 3476 1712 virtus,
3503 1647 3597 1702 sed

2023 1739 2207 1806 potius
2229 1740 2611 1811 unusquisque
2648 1755 2838 1795 eorum
2868 1755 3037 1811 agens
3079 1749 3182 1798 est.
3225 1757 3244 1791 ι
3282 1769 3352 1780 --
3376 1737 3598 1809 Magnus

2029 1829 2361 1888 Athanasius
2417 1842 2606 1888 contra
2687 1831 3062 1888 Macedonium
3125 1832 3374 1889 scribens
3440 1832 3596 1888 dicit:

350 1905 580 1958 ἕκαστον
645 1904 848 1958 αὐτῶν.
884 1924 904 1956 ‹
944 1904 1008 1958 '0
1052 1905 1110 1958 δὲ
1168 1906 1341 1974 μέγας
1411 1906 1733 1970 Ἀθανάσιος
1781 1911 1924 1964 κατά

2033 1940 2051 1972 ι
2087 1924 2220 1978 Esse
2261 1922 2429 1979 Deum
2461 1932 2546 1980 est
2611 1928 2938 1982 secundaria
3000 1937 3209 1983 natura:
3265 1926 3594 1998 proprietas:

352 1995 684 2050 Μακεδονίου
711 1996 964 2066 γράφων,
995 2015 1014 2048 ι
1043 1996 1116 2050 Τὸ
1138 1998 1270 2059 Θεὸς
1299 1992 1464 2060 εἶναι,
1491 1999 1647 2068 φησι,
1672 1999 1925 2072 δεύτερόν

353 2087 468 2137 ἐστι
493 2085 590 2152 τῆς
627 2085 841 2152 φύσεως
866 2100 881 2114 ·
917 2084 1010 2139 καὶ
1033 2085 1198 2154 ἡμεῖς
1222 2087 1334 2154 γὰρ
1365 2083 1478 2137 θεοὶ
1511 2085 1611 2155 μέν
1637 2085 1922 2152 γινόμεθα,

348 2177 446 2244 τῆς
471 2175 527 2228 δὲ
554 2176 722 2242 αὐτῆς
762 2174 978 2242 φύσεως
1012 2175 1264 2243 γενέσθαι
1289 2176 1349 2228 οὐ
1376 2175 1673 2244 δυνάμεθα.
1726 2195 1744 2228 ι
1786 2176 1846 2229 '0
1867 2177 1924 2230 δὲ

351 2269 525 2337 μέγας
562 2265 720 2330 αὖθις
756 2268 1034 2332 Βασίλειος
1081 2268 1216 2336 πρὸς
1249 2270 1340 2320 τὸν
1391 2269 1574 2338 ἰατρὸν
1628 2268 1926 2322 Εὑστάθιον

347 2359 598 2427 γράφων,
629 2359 815 2429 φησιν,
847 2379 866 2410 ι
902 2361 1017 2414 Οὐκ
1043 2355 1138 2413 οἵδ’
1162 2361 1310 2422 ὅπως
1341 2360 1430 2412 ἐπὶ
1455 2363 1554 2430 τὴν
1587 2359 1685 2431 τῆς
1710 2360 1925 2429 φύσεως

347 2449 575 2514 ἔνδειξιν
602 2452 698 2520 τὴν
727 2453 1105 2520 προσηγορίαν
1136 2451 1235 2520 τῆς
1282 2451 1538 2521 θεότητος
1577 2453 1836 2524 φέρουσιν
1873 2452 1924 2506 oi

349 2542 529 2595 πάντα
572 2543 1118 2606 κατασκευάζοντες
1161 2543 1407 2607 ἐξουσίας
1464 2545 1572 2613 γάρ
1618 2561 1764 2605 τινος
1809 2543 1922 2597 είτε

348 2633 654 2702 ἐποωικῆς
695 2636 806 2687 εἴτε
835 2635 1202 2704 ἐνεργητικῆς
1244 2636 1470 2699 ἔνδειξιν
1503 2637 1535 2705 ή
1579 2635 1923 2704 προσηγορία

349 2727 507 2797 φέρει
532 2743 547 2759 ο
577 2729 610 2798 ὴ
653 2726 709 2779 δὲ
741 2726 860 2778 θεία
894 2726 1056 2794 φύσις
1089 2729 1144 2778 ὲν
1175 2728 1312 2779 πᾶσι
1359 2729 1473 2789 τοῖς
1512 2727 1924 2796 ἐπινοουμένοις

348 2819 580 2888 ὀνόμασι
611 2819 746 2872 καθό
773 2821 909 2885 ἐστι,
949 2820 1103 2888 μένει
1135 2820 1239 2886 ἀσή
1253 2836 1472 2886 μαντος,
1503 2819 1578 2883 ὡς
1608 2821 1634 2873 6
1660 2820 1925 2889 ἡμέτερος

348 2911 532 2980 λόγος.
577 2913 658 2964 Δι’
686 2911 870 2964 αὐτῶν
897 2912 1005 2979 γάρ
1036 2911 1325 2982 ἐνεργειῶν
1349 2911 1612 2980 διαφορὰς
1648 2912 1925 2981 ἐδιδάχθη-

353 3023 478 3078 μεν,
529 3006 623 3060 τοῦ
657 3007 712 3060 δὲ
760 3006 1112 3076 ἐνεργοῦντος
1150 3007 1248 3076 τὴν
1295 3009 1459 3072 φύσιν
1525 3007 1678 3060 οὐδὲν
1721 3008 1924 3078 μᾶλλον

347 3099 443 3154 διὰ
465 3101 562 3172 τῆς
586 3100 695 3152 τῶν
718 3100 1010 3169 ἐνεργειῶν
1032 3102 1412 3170 κατανοήσεως
1443 3100 1738 3169 tamam
1768 3101 1926 3155 δυνά-

2026 2030 2151 2068 nam
2184 2025 2237 2070 et
2258 2031 2358 2071 nos
2383 2018 2454 2071 dii
2480 2017 2766 2080 eilicimur,
2819 2019 3062 2090 ejusdem
3088 2035 3217 2075 vero
3237 2035 3358 2075 esse
3388 2026 3597 2074 natura:

2027 2124 2133 2161 non
2166 2123 2483 2178 possumus.
2519 2129 2538 2162 ι
2564 2111 2862 2180 —Magnus
2885 2112 3080 2167 iterum
3111 2113 3366 2177 Basilius,
3388 2113 3456 2168 ad
3480 2127 3597 2166 me-

2025 2199 2209 2254 dicum
2263 2201 2605 2256 Eustathium
2656 2203 2945 2258 scribens:
2981 2224 2998 2255 ι
3032 2202 3229 2258 Nescio
3261 2245 3276 2266 ,
3319 2205 3429 2265 ait,
3461 2217 3600 2273 quoe

2027 2292 2188 2347 modo
2217 2293 2284 2347 ad
2312 2294 2704 2359 designandant
2759 2303 3009 2350 naturam
3063 2311 3260 2350 numen
3296 2295 3598 2351 divinitatis

2025 2386 2317 2440 adhibeant
2369 2387 2460 2455 qtti
2493 2387 2676 2441 omnia
2716 2395 2955 2441 struunt:
2989 2387 3286 2454 potentiam
3313 2387 3454 2439 enim
3480 2388 3596 2440 sive

2025 2477 2416 2546 speculativam
2449 2479 2565 2534 sive
2603 2479 2899 2548 practicam
2931 2479 3034 2534 hoc
3063 2494 3256 2534 nomen
3279 2478 3592 2546 signiﬁcat;

2025 2567 2263 2623 divinam
2297 2583 2428 2624 vero
2467 2579 2715 2623 naturam
2752 2610 2767 2634 ,
2820 2585 3160 2642 quaecunque
3215 2569 3598 2640 echgitentur

2028 2659 2268 2723 nomina,
2301 2659 2430 2728 quid
2478 2659 2549 2716 sit
2591 2659 2816 2715 deﬁnire
2845 2661 3031 2729 nequit
3063 2675 3244 2716 sermo
3273 2671 3480 2715 noster.
3507 2660 3595 2729 lp-

2026 2765 2210 2804 sarum
2241 2751 2386 2804 enim
2441 2753 2816 2820 operationum
2849 2750 3144 2806 discrimen
3182 2749 3594 2820 cognoscimus.

2025 2845 2236 2914 agentis
2262 2853 2442 2900 autem
2467 2853 2720 2900 naturam
2749 2859 2819 2900 ne
2846 2859 2942 2913 per
2963 2843 3339 2912 operationum
3371 2842 3590 2912 quidem

2026 2937 2276 2992 notitiam
2312 2939 2453 2994 scire
2497 2953 2790 3007 possumus
2817 2976 2832 2992 .
2857 2935 2990 2990 Nam
3021 2952 3142 2990 cum
3172 2937 3296 3006 quis
3327 2936 3592 2990 rationem

2025 3030 2118 3083 dat
2171 3031 2438 3100 cuiusque
2491 3029 2708 3084 illorum
2748 3029 3029 3083 nominum
3064 3069 3080 3094 ,
3111 3037 3394 3083 etnatura:
3425 3029 3595 3096 ipsius

2025 3137 2185 3190 quam
2214 3121 2325 3177 haec
2345 3123 2564 3177 nomina
2587 3122 2892 3191 designant,
2922 3137 3027 3177 non
3049 3123 3292 3176 eamdem
3319 3131 3594 3177 utrorum-

352 3190 514 3261 μεθα.
547 3191 717 3243 Ὅταν
749 3191 857 3258 γὰρ
887 3190 1125 3260 ἀποδιδῷ
1149 3207 1232 3252 τις
1255 3189 1414 3258 λόγον
1442 3191 1676 3242 ἑκάστου
1710 3189 1921 3243 τούτων

2026 3228 2130 3279 quc
2157 3211 2344 3265 reddet
2367 3212 2631 3266 rationem
2659 3228 2674 3265 :
2707 3227 2868 3281 porro
2898 3228 3126 3279 quorum
3163 3214 3374 3266 diversa
3400 3223 3482 3268 cst
3507 3228 3591 3266 ra-

348 3281 463 3335 τῶν
511 3281 793 3350 ὀνομάτων
832 3281 928 3334 καὶ
968 3281 1138 3351 αὐτῆς
1187 3282 1285 3346 τῆς
1319 3281 1535 3350 φύσεως
1585 3283 1718 3352 περὶ
1747 3281 1813 3352 ἢν
1847 3283 1919 3336 τὰ

349 3373 612 3443 ὀνόματα,
651 3375 710 3424 οὐ
756 3373 848 3425 τον
876 3371 1042 3426 αὐτὸν
1083 3373 1411 3440 ἀμφοτέρων
1440 3371 1713 3428 ἀποδώσει
1740 3374 1920 3442 λόγον.

351 3459 454 3519 ’Ὧν
487 3466 542 3519 δέ
571 3470 599 3519 6
619 3467 775 3532 λόγος
800 3465 1008 3535 ἔτερος,
1039 3463 1244 3517 τούτων
1270 3467 1362 3517 καὶ
1393 3467 1426 3534 ὴ
1457 3465 1617 3533 φύσις
1644 3465 1920 3535 διάφορος⁹

353 3558 546 3611 οὐκοῦν
577 3558 705 3611 ἀλλο
740 3557 839 3624 μὲν
885 3557 1032 3610 ἐστιν
1072 3557 1103 3626 ἡ
1139 3556 1315 3620 οὐσία,
1348 3551 1414 3628 ἦς
1449 3557 1602 3610 οῦπω
1632 3558 1785 3625 λόγος
1817 3575 1922 3628 μη-

350 3649 518 3719 νυτὴς
551 3648 834 3720 ἐξευρέθη,
872 3648 1037 3717 ἐτέρα
1061 3647 1116 3700 δέ
1141 3648 1250 3701 τῶν
1285 3649 1412 3718 περὶ
1441 3649 1611 3720 αὐτὴν
1645 3649 1923 3720 ὀνομάτων

350 3745 385 3813 ἡ
430 3743 694 3812 σημασία,
725 3742 782 3806 ἐξ
820 3739 1104 3810 ἐνεργείας
1139 3743 1285 3802 τινὸς
1313 3740 1347 3810 ἣ
1388 3741 1544 3806 ἀξίας
1583 3741 1925 3810 ὀνομαζομέ-

349 3853 480 3889 νων.
507 3835 578 3888 Τὸ
619 3834 719 3905 μὲν
759 3829 851 3887 οὖν
893 3836 951 3886 ἐν
983 3835 1104 3898 ταῖς
1137 3832 1438 3903 ἐνεργείαις
1474 3833 1745 3904 μηδεμίαν
1784 3830 1924 3887 εῖναι

351 3923 615 3993 διαφορὰν
645 3923 754 3978 τῶν
797 3923 1106 3996 προσώπων
1133 3926 1198 3977 ἐκ
1234 3923 1335 3994 τῆς
1364 3923 1472 3976 τῶν
1505 3925 1787 3994 ὀνομάτων
1814 3941 1926 3978 κοι-

352 4011 552 4076 νωνίας
582 4013 941 4085 εὑρίσκομεν·
977 4016 1076 4084 τῆς
1120 4013 1177 4067 δὲ
1209 4015 1349 4067 κατά
1376 4012 1476 4084 τὴν
1509 4013 1673 4082 φύσιν
1715 4014 1926 4084 παραλ-

351 4104 529 4174 λαγῆς
560 4105 818 4172 οὐδεμίαν
861 4105 1354 4174 καταλαμϐάνομεν
1415 4105 1620 4174 ἐναργῆ
1665 4104 1760 4176 τὴν
1790 4106 1925 4159 ἀπόο

352 4197 543 4260 δειξιν,
568 4194 748 4258 καθὼς
772 4197 988 4265 είρηται
1015 4197 1114 4264 τῆς
1137 4197 1243 4250 τῶν
1269 4196 1558 4266 ἐνεργειῶν
1575 4195 1922 4265 ταυτότητος,

350 4289 412 4342 τὸ
446 4287 625 4340 κοινὸν
653 4286 754 4356 τῆς
784 4287 999 4356 φύσεως
1034 4287 1534 4357 ὑποσημαινούσης.
1576 4304 1596 4338 ι
1646 4287 1703 4340 '0
1741 4287 1799 4340 δὲ
1829 4286 1926 4355 μέ-

349 4397 456 4446 γας
479 4377 752 4441 Διονύσιος
785 4379 885 4448 τὴν
917 4377 1070 4430 θείαν
1099 4378 1196 4431 καὶ
1223 4379 1673 4449 ἀρχισυνάγωγον
1703 4379 1927 4449 εἰρήνην

349 4471 622 4541 ἐξυμνῶν,
655 4490 674 4522 ι
702 4470 1098 4542 Δύτοθεότητα,
1129 4470 1282 4540 φησὶ,
1317 4471 1497 4540 φαμὲν
1525 4469 1769 4540 ἀρχικῶς
1821 4469 1922 4539 μὲν

2030 3299 2128 3363 tio,
2152 3301 2343 3355 horum
2369 3309 2421 3354 et
2445 3309 2637 3354 natura
2661 3299 2952 3368 discrepat,
2986 3300 3324 3371 proiudeque
3345 3302 3490 3356 aliud
3511 3311 3596 3356 est

2026 3400 2219 3446 natura
2274 3390 2434 3461 cujus
2469 3391 2709 3445 nondum
2743 3402 2955 3460 reperta
3015 3401 3100 3446 est
3149 3392 3391 3447 deﬁnitio
3430 3395 3594 3448 inter-

1987 3501 2172 3553 pres,
2226 3484 2371 3540 aliud
2421 3484 2752 3555 signiﬁcatio
2794 3483 3078 3538 nominum
3127 3499 3247 3539 eam
3297 3499 3364 3538 ex
3400 3499 3595 3552 opera-

2026 3578 2173 3631 tione
2218 3579 2454 3648 quadam
2499 3577 2582 3632 vel
2641 3575 2904 3648 dignitate
2962 3576 3362 3645 designantium
3397 3617 3412 3632 .
3451 3576 3594 3648 Ergo

2027 3669 2167 3723 inter
2197 3683 2460 3738 personas
2504 3669 2711 3722 nullum
2749 3667 3018 3736 reperitur
3059 3667 3435 3737 operationum
3481 3666 3595 3723 dis-

2026 3762 2261 3825 crimen,
2312 3775 2434 3816 cum
2467 3761 2546 3815 ha:
2570 3759 2954 3816 communibus
2977 3761 3327 3832 designentur
3359 3761 3594 3814 nomini.

2031 3849 2134 3904 bus
2166 3888 2183 3914 ,
2219 3865 2316 3904 nec
2362 3851 2472 3905 ulla
2521 3851 2793 3921 detegitur
2813 3861 2866 3906 et
2894 3851 3170 3906 indicatur
3199 3863 3408 3907 natura:
3439 3850 3594 3907 diﬂ'e-

2037 3941 2233 4007 rentia,
2272 3955 2396 3996 cum
2429 3981 2444 4007 ,
2479 3952 2534 3996 ut
2564 3943 2635 3995 (1ἰ‹
2655 3952 2764 3996 tum
2796 3952 2896 4005 est,
2925 3945 3304 4011 operationum
3337 3943 3595 4000 identitas

2027 4033 2284 4087 unitatem
2349 4043 2556 4087 natura:
2608 4034 2894 4100 signiﬁcet.
2937 4052 2957 4086 ι
2987 4063 3058 4075 -
3106 4034 3334 4103 Magnus
3384 4035 3588 4105 Diony-

2031 4125 2146 4180 sius
2197 4125 2432 4179 divinam
2474 4125 2712 4181 cmlestis
2768 4125 3086 4180 hierarchia:
3111 4125 3424 4182 felicitatem
3452 4128 3594 4182 cele-

2030 4215 2198 4271 brans
2233 4233 2247 4268 :
2285 4234 2303 4266 ι
2344 4215 2609 4270 Divinitas
2636 4256 2650 4280 ,
2682 4217 2780 4282 ait,
2809 4228 3080 4286 quatenus
3130 4218 3184 4272 in
3215 4217 3326 4273 Deo
3353 4228 3408 4272 ut
3441 4219 3594 4289 prin-

2026 4309 2170 4378 cipio
2199 4317 2253 4362 et
2284 4322 2450 4364 causa
2503 4308 2904 4372 consideratur,
2934 4325 3102 4365 unum
3127 4312 3375 4380 designat
3403 4328 3594 4383 super-

2024 4400 2380 4457 substantiale
2437 4411 2492 4455 et
2543 4400 2750 4469 absque
2802 4402 2960 4456 initio
3021 4405 3344 4474 principium
3372 4417 3425 4461 et
3457 4423 3592 4461 cau-

2025 4508 2139 4548 sam
2166 4509 2182 4558 ;
2209 4501 2476 4563 quatenus
2516 4508 2644 4548 vero
2691 4504 2752 4549 ttt
2806 4493 3128 4565 participata
3173 4506 3468 4566 spectatur,
3503 4499 3590 4553 in-

349 4568 451 4620 καὶ
477 4566 673 4630 θεῖκῶς
704 4565 802 4619 καὶ
839 4563 1158 4627 αίτιατικῶς
1190 4564 1288 4634 τὴν
1323 4563 1456 4632 μίαν
1475 4562 1800 4630 ὑπερούσιον
1828 4561 1921 4616 καὶ

2027 4583 2482 4638 communicabile
2539 4584 2634 4638 Dei
2684 4583 3046 4642 Providentia:
3115 4588 3392 4642 emuvium
3455 4589 3592 4642 dici-

349 4661 688 4730 ὑπεράρχιον
724 4657 900 4729 ἀρχὴν
947 4659 1042 4711 καὶ
1075 4657 1261 4710 αἰτίαν
1285 4673 1300 4688 ο
1342 4654 1682 4724 μεθεκτικῶς
1725 4655 1783 4707 δὲ
1820 4653 1919 4725 τὴν

349 4753 711 4822 ὲκδιδομὲνην
753 4753 817 4803 ἐκ
871 4749 1005 4802 Θεοῦ
1040 4749 1134 4802 τοῦ
1193 4747 1500 4818 ἀμεθέκτου
1557 4745 1924 4816 προνοητικὴν

347 4847 602 4916 δύναμιν,
637 4848 738 4914 τὴν
791 4842 1143 4906 αὑτοθέωσιν,
1164 4837 1234 4913 ἦς
1265 4841 1333 4895 τά
1370 4841 1500 4895 ὅντα
1545 4839 1762 4893 οἰκείως
1798 4839 1925 4893 ἐαυ-

348 4941 466 5000 τοῖς
503 4938 822 5007 μετέχοντα,
857 4934 1017 4988 ἐνθεά
1037 4934 1152 4988 ἐστί
1177 4951 1235 4986 τε
1259 4933 1352 4986 καὶ
1389 4933 1631 5002 λέγεται.
1667 4950 1687 4985 ι
1721 4933 1831 5000 Τὴν
1869 4931 1925 4985 δὲ

349 5031 450 5083 τοῦ
480 5030 633 5093 ὄντος
665 5029 976 5098 θεωνυμίαν
1007 5025 1390 5089 ἀναπτύσσων,
1430 5044 1448 5076 ι
1477 5027 1550 5078 Οὐ
1586 5027 1696 5095 γὰρ
1722 5024 1927 5094 ἐκφρά-

353 5140 470 5186 σαι,
499 5123 655 5192 φησι,
699 5122 796 5192 τήν
838 5119 1293 5187 αύτοῦπερούσιον
1339 5117 1649 5186 ἀγαθότητα
1695 5115 1795 5184 τῆς
1831 5119 1926 5169 αύ-

348 5215 752 5286 τοῦπερουσίου
801 5213 1054 5281 θεότητος
1104 5211 1132 5262 6
1170 5210 1328 5278 λόγος
1372 5208 1794 5277 ἐπαγγέλλεται,
1826 5209 1926 5278 τὴν

351 5308 496 5379 ὑπὲρ
529 5298 725 5362 ’πᾶσαν
749 5306 913 5359 οὖσαν
951 5304 1266 5372 ἀγαθότητα
1299 5301 1392 5355 καὶ
1443 5301 1696 5372 θεότητα,
1745 5302 1838 5358 καὶ
1867 5303 1925 5356 ἐν

350 5401 712 5473 ἁποκρύφοις,
736 5401 889 5465 ὡςτά
902 5400 1059 5467 λόγια
1084 5399 1272 5471 φησιν,
1307 5397 1766 5468 ύπεριδρυμένην,
1791 5396 1928 5452 ἀλλὰ

349 5498 452 5568 τὴν
481 5497 910 5566 ἐκπεφασμένην
933 5493 1267 5562 ἀγαθοποιὸν
1297 5492 1556 5562 πρόνοιαν
1583 5491 1928 5562 ὑπεροχικῶς

353 5588 687 5659 ἀγαθότητα,
748 5587 844 5640 καὶ
900 5586 1118 5638 πάντων
1173 5582 1390 5650 ἀγαθῶν
1443 5583 1626 5637 αἰτίαν
1675 5584 1858 5652 ὑμνεῖ.
1901 5601 1920 5636 ι

355 5681 591 5751 Γράφων
617 5681 674 5732 δὲ
705 5679 841 5749 πρὸς
861 5678 1046 5740 Γάϊον,
1088 5695 1108 5728 ‹
1141 5676 1204 5729 Εἰ
1233 5674 1484 5745 θεότητα,
1517 5677 1673 5744 φησὶ,
1701 5677 1926 5745 νοήσαις

355 5775 416 5826 τὸ
450 5773 639 5841 χρῆμα
670 5771 764 5823 τοῦ
794 5769 1042 5823 θεοποιοῦ
1076 5767 1277 5839 δώρου,
1322 5768 1418 5836 τῆς
1449 5765 1591 5819 οὕτω
1622 5766 1925 5836 λεγομένης

359 5864 634 5938 θεότητος,
690 5863 764 5929 ὼς
803 5862 1063 5937 θεαρχίας
1123 5861 1216 5947 και
1272 5860 1614 5938 ἀγαθαρχὶας
1665 5863 1695 5914 6
1747 5860 1928 5931 πάσης

2027 4691 2150 4731 mus
2167 4675 2418 4729 deitatem
2450 4693 2464 4729 :
2499 4675 2655 4746 cujus
2721 4676 2876 4732 facta:
2907 4717 2924 4743 ,
2970 4688 3130 4748 prout
3177 4677 3278 4733 sibi
3314 4681 3589 4743 convenit,

2026 4766 2318 4837 participes
2376 4774 2642 4822 creaturae
2691 4768 2890 4822 divinat
2967 4777 3099 4822 sunt
3153 4783 3218 4822 ac
3247 4769 3526 4825 diettntur.
3566 4790 3586 4822 ι

2024 4858 2192 4923 Alibi,
2228 4857 2410 4912 divina
2461 4859 2736 4928 explicans
2772 4858 2922 4912 Entis
2948 4858 3192 4921 nomina,
3228 4860 3398 4914 dicit:
3426 4879 3444 4912 ι
3480 4861 3590 4915 Ne-

2026 4965 2134 5019 que
2165 4951 2309 5005 enim
2365 4963 2546 5005 sermo
2593 4949 2897 5018 exprimere
2921 4949 3058 5002 valet
3093 4950 3592 5017 supersubstautia-

2030 5041 2133 5096 lem
2192 5041 2726 5113 supcrsubstantialis
2766 5040 3064 5094 divinitatis
3121 5041 3437 5106 bonitatem,
3471 5061 3591 5113 qm:

2029 5139 2110 5184 est
2145 5147 2307 5198 supra
2343 5146 2558 5184 omnem
2597 5128 2892 5183 bonitatem
2941 5143 3007 5182 ac
3045 5129 3403 5197 divinitatem,
3456 5133 3587 5186 etin

2028 5222 2349 5277 abscondito
2379 5261 2393 5285 ,
2432 5231 2490 5274 nt
2515 5221 2590 5274 ait
2644 5221 2922 5288 Scriptura
2947 5260 2962 5285 ,
2999 5221 3170 5283 sedet;
3222 5222 3315 5276 sed
3365 5225 3590 5277 maniteo

2031 5322 2224 5368 statam
2274 5315 2601 5367 eminentem
2646 5310 2900 5365 beneﬁca
2956 5309 3313 5367 Providentize
3386 5313 3592 5367 bonita-

2031 5413 2160 5468 tem,
2193 5419 2313 5474 qute
2344 5412 2429 5459 est
2453 5405 2694 5456 omnium
2735 5403 3000 5456 bonorum
3025 5419 3188 5459 causa
3219 5445 3233 5464 .
3265 5405 3523 5460 celebrat.
3566 5424 3586 5457 ι

2028 5496 2097 5550 Ει
2125 5487 2369 5550 scribens
2402 5495 2466 5548 ad
2489 5494 2679 5548 Caium
2701 5534 2715 5556 .
2749 5493 2916 5566 dicit:
2946 5513 2964 5546 ι
3009 5495 3068 5550 Si
3114 5512 3208 5565 per
3251 5495 3588 5550 divinitatem:

2030 5587 2300 5656 intelligas
2331 5586 2577 5640 deiﬁcam
2611 5585 2838 5654 gratiam
2873 5627 2888 5649 ,
2923 5587 3194 5641 divinitati
3223 5587 3303 5642 sic
3336 5599 3592 5657 spectatae

2030 5675 2333 5732 utdeitatis
2390 5685 2444 5729 et
2498 5677 2754 5732 bonitatis
2815 5676 2946 5732 fortti
3004 5688 3225 5746 praestat
3283 5677 3374 5746 qui
3429 5693 3592 5732 Omne

2030 5769 2202 5840 princi
2214 5767 2359 5838 pium
2409 5769 2699 5823 antecedit.
2736 5787 2755 5821 ι
2797 5767 2936 5823 ldcm
2965 5768 3165 5823 adhuc
3191 5768 3259 5822 de
3283 5767 3391 5824 Dco
3421 5769 3592 5826 disse.

2031 5877 2178 5928 rens,
2215 5868 2500 5931 postquam
2531 5859 2874 5917 divinitatem
2910 5860 3048 5916 dixit
3081 5860 3221 5916 hanc
3251 5859 3591 5931 divinitatem
