4180 6308
649 454 762 522 923

1913 446 2291 508 GREGORII
2327 440 2656 504 PALAME

3781 418 3887 480 924

650 583 772 640 quae
794 571 880 623 est
925 563 1149 620 omnino
1202 563 1472 618 bonorum
1503 575 1686 625 causa,
1724 577 1790 617 ne
1832 561 1947 631 ipse
1989 562 2216 618 audien-

2347 557 2500 627 ιρχῆς
2527 548 2857 624 ύπεράρχιός
2891 548 3038 600 ἐστιν
3077 545 3352 598 ἐπέκεινα.
3406 557 3425 590 ι
3476 535 3618 591 Ἀλλ’
3667 533 3825 596 αὖθις
3861 535 3890 587 6

651 661 800 716 tibus
844 659 1094 712 videatur
1136 664 1330 726 putare
1381 655 1521 710 hanc
1567 669 1791 709 causam
1841 669 1962 708 esse
2002 668 2097 722 per
2158 667 2218 709 se

649 752 1035 808 subsistentem
1067 791 1084 816 ,
1116 763 1226 804 non
1281 743 1435 803 vero'
1491 747 1775 816 providam
1848 747 2106 800 virtutem
2164 753 2221 801 et

658 844 978 898 eﬂ‘usionem
1033 839 1577 911 supersubstantialis
1631 839 2070 908 absconditamque
2119 850 2222 891 na-

652 945 789 990 tura:
813 976 828 1002 ,
853 937 1008 989 ctsic
1057 933 1242 1002 plures
1285 931 1596 1001 huiusmodi
1649 940 1840 1000 pra-ter
1872 929 2084 984 unicam
2121 927 2218 982 ad-

651 1027 864 1081 mittere
895 1025 1181 1088 essentias,
1218 1023 1400 1078 subdit
1437 1040 1450 1076 :
1489 1042 1508 1074 ‹
1542 1021 1695 1076 llaud
1744 1023 1896 1090 plura
1933 1019 2219 1090 principia,

650 1134 754 1173 nec
795 1119 977 1188 plures
1013 1117 1137 1169 dico
1175 1115 1487 1170 divinitates
1511 1156 1525 1179 ,
1557 1095 1867 1184 superiores
1907 1123 1961 1167 et
1982 1111 2220 1165 inferio-

655 1222 762 1274 res,
794 1206 888 1262 sed
919 1208 1068 1260 varia
1091 1221 1158 1261 ex
1199 1221 1307 1261 uno
1337 1205 1448 1261 Deo
1475 1207 1742 1262 bonorum
1779 1205 2016 1260 etﬂuvia.
2057 1225 2075 1258 ι
2105 1205 2220 1261 Ma-

653 1314 793 1369 gnus
846 1299 1081 1353 Basilius
1136 1299 1204 1353 ad
1261 1299 1601 1354 Eustathium
1649 1300 1919 1354 medicum
1955 1300 2220 1366 scribens,

652 1390 728 1442 ait
761 1389 864 1444 sibi
895 1391 1184 1459 displicere
1219 1390 1310 1460 qui
1338 1391 1429 1445 Dei
1457 1401 1667 1446 natura;
1705 1406 1904 1446 nomen
1927 1390 2226 1445 divinitatis

654 1479 1051 1547 imposueiunt.
1094 1499 1113 1531 ι
1169 1481 1444 1546 Attamen,
1465 1483 1661 1551 inquit,
1686 1483 1799 1537 sive
1820 1490 2013 1536 natura
2043 1481 2225 1536 divina

653 1572 865 1626 dicatur
913 1572 1169 1626 divinitas
1199 1613 1214 1638 ,
1238 1589 1344 1627 una
1372 1575 1478 1628 erit
1503 1575 1666 1628 trium
1697 1585 1914 1640 natura,
1949 1574 2064 1630 sive
2099 1589 2229 1644 ope-

655 1663 796 1718 ratio
825 1661 1082 1718 divinitas
1118 1674 1341 1719 vocetur
1365 1705 1380 1730 ,
1417 1681 1523 1718 una
1566 1667 1671 1721 erit
1698 1667 1861 1721 trium
1889 1667 2156 1736 operatio.
2204 1683 2223 1717 ι

657 1756 883 1826 Magnus
908 1758 1033 1811 item
1063 1756 1356 1826 Gregorius
1407 1757 1753 1828 Theologus:
1789 1778 1809 1812 ι
1847 1757 1970 1815 1]ηο
2005 1758 2234 1828 lumine,

657 1851 733 1904 ait
757 1891 771 1913 ,
799 1848 1087 1904 illuminati
1139 1849 1292 1914 estis,
1318 1849 1388 1903 ob
1423 1849 1687 1904 unitatem
1721 1859 1931 1904 natura:
1960 1864 2055 1904 seu
2083 1848 2225 1903 divi-

2323 647 2487 709 αὐτὸς
2519 645 2600 698 ἐτι
2634 643 2764 713 περὶ
2799 640 2894 695 τοῦ
2943 639 3093 701 ὄντος
3143 632 3435 700 θεολογῶν,
3475 649 3494 682 ι
3537 627 3888 698 Ἐπειδήπερ,

2321 737 2449 808 ἔφη,
2479 735 2708 806 θεότητα
2745 732 2886 800 ὑπὲρ
2909 730 3009 800 τὴν
3045 727 3264 782 πάντων
3299 722 3522 792 ἀγαθῶν
3557 721 3740 775 αἰτίαν
3767 719 3894 772 0e6-

2321 845 2462 899 τητα
2505 826 2594 880 ἵνα
2648 824 2724 897 μὴ
2783 823 2880 877 καὶ
2932 819 3095 883 αὐτὸς
3145 819 3275 890 δόξῃ
3330 817 3443 878 τοῖς
3489 809 3753 867 ἀκούουσι
3797 808 3896 879 τὴν

2323 918 2505 971 αίτίαν
2555 913 2762 984 ταύτην
2818 910 3064 979 νομίζειν
3125 905 3541 962 αύθυπόστατον
3602 900 3897 971 ὑπάρχειν,

2323 1007 2462 1062 ἀλλὰ
2503 1006 2579 1076 μὴ
2623 1000 2992 1071 προνοητικὴν
3037 997 3268 1068 δύναμίν
3299 1013 3357 1048 τε
3400 994 3497 1048 καὶ
3528 994 3756 1064 πρόοδον
3797 995 3900 1063 τῆς

2327 1099 2386 1152 ιν
2440 1095 2783 1166 ἀποκρύφοις
2824 1089 3289 1163 ύπερουσιότητος
3328 1087 3425 1140 καὶ
3461 1085 3607 1139 οὕτω
3645 1083 3902 1144 τοιαύτας

2324 1189 2512 1250 οὐσίας
2540 1184 2677 1241 εἶναι
2709 1188 2939 1253 φάσκειν
2969 1181 3186 1242 πλείους
3225 1179 3323 1247 τῆς
3347 1178 3498 1246 μιᾶς,
3539 1194 3560 1228 ι
3597 1176 3672 1230 Οὐ
3705 1173 3900 1240 πολλὰ,

2329 1279 2487 1348 φησὶ,
2519 1277 2664 1346 λέγω
2702 1275 2772 1328 τὰ
2806 1272 2980 1336 αἴτια,
3013 1270 3137 1325 οὐδὲ
3171 1267 3371 1330 πολλὰς
3395 1267 3682 1335 θεότητας,
3726 1265 3901 1334 ὑπερ-

2329 1369 2562 1439 εχούσας
2617 1367 2713 1420 καὶ
2757 1364 3077 1434 ύφειμένας,
3127 1361 3241 1415 ἀλλ’
3281 1359 3398 1422 ἑνὸς
3447 1357 3583 1410 Θεοῦ
3627 1356 3728 1420 τάς
3775 1355 3902 1418 ὅλας

2331 1460 2542 1530 ἀγαθάς
2569 1458 2850 1529 προόδους.
2895 1474 2914 1508 ι
2964 1455 3075 1510 Καὶ
3103 1455 3130 1508 6
3161 1454 3340 1522 μέγας
3388 1449 3483 1504 οὐν
3512 1448 3798 1510 Βασίλειος
3826 1446 3904 1515 τῷ

2334 1553 2505 1626 ἰατρῷ
2538 1551 2870 1606 ἐπιστέλλων
2924 1546 3227 1614 Εὐσταθίῳ,
3269 1563 3287 1597 ι
3333 1542 3426 1612 Μὴ
3471 1541 3593 1595 λίαν
3640 1539 3904 1609 ἀποδέχε-

2335 1648 2480 1710 σθαι,
2514 1645 2672 1714 φησὶ,
2702 1643 2828 1704 τοὺς
2871 1640 2963 1692 ἐπὶ
2990 1641 3091 1709 τὴν
3115 1636 3210 1690 τοῦ
3256 1633 3394 1688 Θεοῦ
3430 1632 3594 1700 φύσιν
3627 1628 3907 1698 ἐκλαμϐά-

2334 1754 2522 1800 νοντας
2545 1737 2613 1788 τὸ
2633 1735 2732 1803 τῆς
2770 1733 3024 1800 θεότητος
3064 1729 3257 1798 δνομα.
3281 1726 3358 1782 Οὐ
3389 1726 3494 1796 μὴν
3525 1723 3641 1777 ἀλλ’
3673 1725 3781 1776 εἴτε
3812 1721 3909 1791 τὴν

2339 1830 2506 1900 φύσιν
2544 1825 2638 1880 τοῦ
2677 1825 2812 1879 Θεοῦ
2853 1824 2988 1894 φαίη
3027 1839 3112 1884 τις
3167 1820 3421 1889 θεότητα,
3460 1816 3557 1887 μία
3590 1815 3700 1868 τῶν
3745 1813 3910 1885 τριῶν

658 1941 847 1996 uitatis
880 1982 895 1997 .
927 1960 948 1993 ι
975 1941 1041 1995 Ει
1099 1940 1154 1994 in
1216 1941 1458 1996 secundo
1522 1955 1776 1997 sermone
1839 1941 1905 1995 de
1934 1938 2072 1993 Filio
2101 1939 2178 1992 ait
2212 1955 2226 1992 :

2347 1924 2370 1994 ἡ
2403 1921 2585 1989 φύσις,
2625 1919 2735 1971 είτε
2762 1916 2860 1986 τὴν
2907 1915 3194 1985 ἐνέργειαν
3238 1912 3498 1981 ὀνομάσει
3527 1927 3612 1969 τις
3657 1907 3910 1976 θεότητα,

664 2031 962 2086 «Εεεεηιὶω
1016 2031 1238 2088 nomina
1295 2040 1425 2086 sunt
1481 2032 1825 2102 potiSsimum
1851 2031 1960 2086 Ens
1992 2040 2046 2085 et
2067 2029 2228 2094 Deus,

659 2131 800 2176 ctex
834 2123 918 2178 his
973 2122 1240 2191 praecipue
1284 2123 1391 2176 Ens
1425 2137 1440 2174 :
1474 2137 1596 2176 nam
1647 2122 1810 2188 Deus,
1839 2122 1970 2186 Θεὸς
2003 2137 2031 2174 a
2062 2121 2230 2184 θέειν,

663 2229 910 2278 currere,
966 2215 1049 2268 vel
1105 2214 1175 2270 ab
1223 2213 1418 2278 αἴθειν,
1457 2229 1636 2277 urere,
1671 2214 2072 2276 derivatur,»
2103 2227 2234 2282 pro--

665 2307 793 2362 inde
840 2317 924 2363 est
973 2322 1172 2362 nomen
1221 2307 1533 2371 relativum,
1589 2321 1696 2361 non
1743 2307 2070 2360 absolutum.
2111 2324 2130 2357 ι
2172 2304 2237 2358 Ει

666 2400 898 2456 illustris
924 2399 1195 2456 Maximus
1230 2417 1245 2452 :
1296 2419 1314 2452 ι
1353 2399 1506 2456 Unus
1536 2408 1621 2455 est
1654 2401 1817 2464 Deus,
1848 2399 1976 2466 quia
2006 2413 2114 2452 una
2155 2407 2239 2451 est

668 2493 926 2548 divinitas
981 2493 1231 2562 simplex.
1269 2493 1524 2554 indivisa,
1556 2490 1956 2560 inseparabilis,
1991 2488 2240 2544 invisibi-

667 2584 734 2638 lis
781 2592 836 2638 et
881 2582 1328 2652 inintelligibilis.
1365 2602 1384 2636 ο
1440 2583 1505 2637 Ει
1536 2581 1976 2652 Sophrunymus,
2013 2581 2104 2648 qui
2141 2596 2239 2651 pa-

669 2674 1020 2730 triarchulem
1045 2673 1347 2728 nobilitavit
1369 2671 1869 2742 Hierosolymorum
1905 2669 2239 2726 cathedram:

676 2786 696 2818 ι
745 2765 901 2820 Sicut
973 2781 1140 2818 unum
1198 2765 1368 2819 Deum
1435 2764 1725 2819 didicimus
1779 2778 2114 2830 agnoscere,
2169 2763 2243 2816 ita

671 2873 836 2912 unam
873 2857 1205 2911 divinitatem
1227 2856 1472 2910 conﬁteri
1492 2855 1668 2909 edocti
1695 2870 1908 2909 sumus.
1939 2873 1958 2906 ι
1980 2853 2245 2908 —Nonue

672 3053 794 3094 esse
839 3038 1175 3092 divinitatem
1231 3053 1260 3091 a
1302 3037 1554 3092 Patribus
1605 3035 1960 3103 accepimus?
1996 3034 2132 3088 Num
2161 3044 2247 3087 Ia-

676 3144 797 3182 mcn
857 3127 910 3180 in
958 3142 1022 3182 eo
1050 3127 1214 3181 situm
1267 3136 1349 3182 est
1400 3127 1692 3181 discrimen
1721 3165 1735 3190 ,
1764 3126 1908 3194 quod
1954 3125 2137 3195 aliqua
2177 3124 2249 3180 sit

2342 2014 2442 2084 μία
2469 2011 2578 2068 τῶν
2608 2007 2777 2079 τριῶν
2803 2007 3114 2076 προσώπων
3145 2005 3180 2073 ἡ
3209 2002 3478 2073 ἐνέργεια.
3526 2018 3545 2050 ι
3583 1999 3693 2052 Καὶ
3717 1997 3916 2068 Γρηγό-

2342 2124 2456 2178 ριος
2499 2105 2664 2160 πάλιν
2711 2105 2738 2156 6
2781 2103 2955 2172 μέγας
2995 2097 3278 2164 Θεολόγος,
3319 2112 3337 2145 ι
3383 2092 3496 2146 Ἑνὶ
3549 2092 3709 2161 φωτὶ,
3759 2088 3914 2158 φησι,

2342 2196 2833 2268 περιαστράφθητε
2867 2192 3011 2246 κατὰ
3047 2191 3139 2244 τὸν
3177 2188 3278 2258 τῆς
3297 2186 3488 2249 οὐσίας
3520 2187 3703 2252 λόγον,
3742 2183 3917 2236 εἷτσυν

2345 2289 2621 2357 θεότητος.
2656 2304 2676 2338 ι
2730 2284 2841 2337 Καὶ
2885 2284 2941 2336 έν
2969 2281 3047 2350 τῷ
3083 2279 3212 2348 περὶ
3267 2275 3399 2329 Υίοῦ
3446 2273 3692 2343 δευτέρῳ
3750 2272 3916 2339 λόγῳ,

2354 2400 2373 2434 ι
2415 2382 2475 2433 '0
2504 2379 2580 2432 ὣν
2613 2378 2708 2431 καὶ
2739 2378 2767 2430 6
2791 2374 2926 2436 Θεὸς
2956 2369 3159 2442 μᾶλλόν
3187 2385 3302 2430 πως
3329 2370 3426 2435 τῆς
3457 2365 3649 2425 οὐσίας
3675 2362 3919 2430 ὀνόματα

2346 2473 2443 2526 καὶ
2480 2468 2688 2523 τούτων
2732 2465 2934 2536 μᾶλλον
2970 2465 2998 2516 6
3027 2460 3123 2515 ὢν.
3163 2459 3231 2512 Ἦ
3262 2458 3371 2526 γὰρ
3392 2455 3487 2508 τοῦ
3518 2453 3655 2507 Θεοῦ
3684 2453 3788 2505 κᾶν
3815 2451 3922 2504 ἀπὸ

2353 2564 2446 2618 τοῦ
2483 2562 2632 2616 θέειν
2663 2560 2696 2631 ἢ
2730 2558 2904 2614 αἰθειν
2927 2552 3361 2626 ἠτυμολόγηται,
3383 2549 3498 2602 ἀλλ’
3529 2543 3625 2600 οὖν
3648 2545 3760 2598 τῶν
3786 2544 3923 2614 πρός

2347 2673 2401 2707 τι
2441 2650 2749 2721 λεγομένων
2775 2649 2912 2713 ἐστὶ,
2943 2648 3037 2700 καὶ
3083 2645 3183 2698 οἰκ
3218 2644 3438 2710 ἄφετος.
3474 2658 3494 2693 ι
3535 2639 3647 2692 Καὶ
3671 2641 3713 2692 .6
3753 2637 3925 2706 μὲγσς

2350 2745 2624 2813 Μάξιμος,
2669 2761 2689 2795 ι
2745 2737 2837 2804 Εἷς
2867 2740 3020 2802 Θεὸς,
3074 2738 3158 2790 ὅτι
3211 2736 3311 2805 μία
3365 2733 3578 2802 θεότης,
3637 2729 3784 2797 ἁπλῆ
3831 2725 3926 2780 καὶ

2351 2837 2560 2908 ἀμερὴς
2601 2821 3053 2902 καὶλάδιαίρετος,
3102 2828 3335 2897 ἀόρατος
3366 2827 3459 2879 καὶ
3505 2821 3919 2892 άπερινόητος..

2355 3112 2730 3182 ἐδιδάχθημεν,
2755 3108 2899 3162 οὕτω
2928 3109 3024 3161 καὶ
3053 3107 3183 3176 μίαν
3213 3103 3447 3172 θεότητα
3466 3099 3752 3168 ὁμολογεῖν
3782 3112 3931 3166 παρ-

676 3221 915 3273 iucreata
952 3258 967 3283 ,
997 3223 1052 3273 et
1100 3220 1279 3290 aliqua
1328 3220 1558 3274 creata?
1585 3218 1720 3285 Quis
1763 3220 1907 3273 enim
1934 3234 2124 3273 eorum
2151 3219 2245 3288 qui

2357 3205 2680 3273 ειλήφαμεν.
2723 3220 2742 3253 ›
2771 3195 2901 3270 Ἆρ’
2931 3197 3024 3252 οὖν
3077 3198 3137 3250 οὐ
3169 3194 3264 3248 τοῦ
3305 3191 3468 3248 αὐτοῦ
3497 3189 3633 3244 Θεοῦ
3667 3187 3799 3242 ποτὶ
3831 3186 3929 3257 μὲν

679 3309 750 3380 pii
810 3310 1375 3374 dicuntur,creatam
1451 3320 1658 3366 asseret
1727 3311 2023 3366 beneﬁcam
2077 3311 2245 3364 bono-

2360 3299 2510 3367 μίαν,
2547 3294 2675 3349 ποτὲ
2705 3293 2749 3346 δ’
2775 3293 2836 3344 οὐ
2872 3292 3008 3360 μίαν
3050 3288 3188 3342 εἶναι
3221 3287 3372 3355 παρὰ.
3402 3285 3507 3338 τῶν
3552 3282 3818 3352 Πατέρων
3851 3280 3930 3333 δι·

680 3418 912 3472 rumque
966 3402 1210 3456 omnium
1268 3402 1472 3457 fontem
1529 3403 1926 3457 Providentiam
1967 3443 1983 3468 ,
2028 3403 2255 3454 interse-

679 3511 810 3551 rens
847 3496 1157 3562 theologum
1191 3495 1456 3564 Areopagi
1507 3495 1820 3566 Dionysium
1863 3496 1929 3549 de
1955 3495 2055 3548 hac
2080 3493 2253 3561 loqui,

678 3588 822 3642 haud
849 3603 978 3642 vero
998 3587 1063 3641 dc
1082 3601 1305 3654 prorsus
1330 3585 1589 3640 iueﬂ‘ahili
1626 3586 2252 3655 supersulistautialique

681 3681 775 3734 Dei
805 3689 997 3734 natura
1019 3697 1036 3744 ;
1057 3677 1139 3732 vel
1174 3677 1410 3731 divinam
1445 3677 1742 3747 potentiam
1771 3718 1786 3742 ,
1817 3691 1881 3731 eo
1910 3677 2253 3746 quod,juxta

682 3786 937 3840 magnum
986 3769 1272 3834 Basilium,
1332 3769 1448 3823 haec
1479 3808 1495 3833 ,
1529 3783 1637 3822 non
1688 3784 1818 3824 vero
1878 3769 1972 3824 Dei
2013 3769 2254 3824 essentia

682 3862 904 3916 nomine
953 3861 1258 3916 divinitatis
1303 3859 1692 3926 signiﬁcatur;
1729 3861 1812 3915 vel
1867 3860 2257 3930 speculativam

679 3953 919 4024 Spiritus
973 3952 1255 4014 virtutem,
1313 3966 1438 4005 cum
1472 3949 1614 4006 hanc
1648 3960 1870 4020 superet
1896 3949 2134 4020 Spiritus
2163 3965 2262 4004 na-

683 4058 802 4100 tura
835 4050 1106 4113 quatenus
1145 4041 1436 4097 inetl‘ahilis
1458 4049 1542 4096 est
1569 4049 1623 4094 et
1646 4056 1811 4110 supra
1841 4056 2003 4096 omne
2036 4057 2257 4103 nomen,

679 4146 741 4195 ut
770 4136 927 4191 divus
975 4134 1162 4189 docuit
1201 4133 1387 4205 Nyssaa
1431 4133 1656 4188 antistes
1703 4132 2041 4204 Gregorius?
2066 4131 2262 4186 Nonne

2357 3388 2672 3456 δασκόμεθα
2724 3386 2995 3456 θεότητα;
3035 3385 3128 3454 Μὴ
3186 3383 3371 3453 μέντοι
3421 3377 3644 3433 κατάτύ
3676 3377 3934 3431 άκτιστον

2361 3481 2500 3535 εἶναι
2531 3483 2629 3551 τὴν
2675 3479 2969 3547 διαφοράν;
3007 3476 3102 3539 Τίς
3147 3476 3255 3546 γὰρ
3293 3475 3401 3526 τῶν
3442 3469 3738 3544 ᾑρημένων
3774 3467 3936 3519 εὐσε-

2360 3575 2476 3628 ϐεῖν
2515 3570 2747 3641 κτιστὴν
2779 3571 2896 3640 ἐρεῖ
2927 3570 3024 3636 τὴν
3063 3564 3396 3635 ἀγαθοποιὸν
3430 3564 3524 3616 καὶ
3555 3560 3776 3614 πάντων
3805 3559 3937 3624 ἀγα·

2360 3668 2470 3720 θῶν
2525 3665 2707 3718 αἰτίαν
2764 3663 3045 3732 πρόνοιαν,
3107 3658 3379 3727 προφάσει
3409 3653 3502 3708 τοῦ
3554 3653 3683 3721 περὶ
3725 3649 3934 3708 ταύτης

2362 3757 2500 3814 εἶναι
2541 3759 2708 3827 φάναι
2756 3755 2849 3808 τὸν
2875 3755 3056 3822 λόγον,
3090 3752 3179 3805 τὸν
3222 3749 3438 3815 ’Λρείου
3481 3746 3660 3814 πάγου
3699 3743 3936 3812 θεοφάν-

2362 3870 2496 3922 τορα
2548 3849 2845 3914 Διονύσιον,
2888 3845 3004 3900 ἀλλ’
3053 3844 3172 3914 οὐχὶ
3205 3841 3339 3911 περὶ
3393 3840 3496 3908 τῆς
3548 3837 3932 3906 άνεκφράστου

2363 3944 2541 4012 πάντη
2581 3942 2675 3995 καὶ
2708 3939 2856 4001 θείας
2885 3934 3374 4005 ύπερουσιότητος,
3415 3932 3449 4001 ἦ
3478 3931 3576 4001 τὴν
3602 3929 3755 3982 θείαν
3787 3929 3933 3991 £500-

2366 4036 2486 4088 σίαν
2517 4037 2599 4088 ὅτι
2655 4031 2854 4100 ταύτης
2905 4029 3193 4096 ἕνδειξινή
3248 4025 3594 4094 προσηγορία
3644 4022 3803 4091 φέρει
3843 4020 3936 4084 τῆς

2371 4127 2626 4196 θεότητος
2663 4125 2805 4177 κατὰ
2831 4124 2922 4177 τὸν
2957 4123 3128 4189 μέγαν
3163 4118 3467 4179 Βασίλειον,
3494 4115 3609 4167 ἀλλ’
3637 4114 3698 4166 οὐ
3729 4113 3828 4181 τῆς
3852 4109 3938 4163 τοῦ

679 4228 850 4298 igitur
893 4242 1054 4281 unam
1109 4233 1165 4281 et
1213 4228 1388 4282 altero
1429 4226 1588 4282 modo
1647 4243 1755 4281 non
1807 4242 1967 4280 unam
2007 4225 2238 4280 docemu

2377 4219 2510 4272 Θεοῦ
2539 4216 2760 4279 οὐσίας·
2804 4215 2837 4284 ἢ
2865 4214 2965 4283 τὴν
2997 4211 3259 4281 θεατικὴν
3283 4209 3514 4278 δύναμιν
3550 4205 3644 4260 τοῦ
3687 4205 3938 4272 Πνεῦμα-

677 4314 1056 4372 divinitatem?

2384 4327 2496 4375 τος,
2536 4308 2660 4362 ἐπεὶ
2684 4305 2886 4377 ταύτης
2911 4304 3167 4373 ὑπερέχει
3196 4303 3336 4356 κατὰ
3361 4301 3420 4354 τὸ
3457 4297 3738 4369 άφραστόν
3759 4313 3821 4348 τε
3853 4299 3942 4350 καὶ

678 4406 1225 4481 ὑπερὼνυμονήτοῦ
1262 4405 1580 4476 Πνεύματος
1611 4405 1816 4474 ³φύσις,
1857 4405 1934 4468 ὡς
1991 4405 2020 4457 6
2077 4405 2302 4472 Νύσσης
2371 4401 2514 4464 θεῖος
2567 4398 2831 4470 πρόεδρος
2895 4390 3219 4465 ὲθεολόγησέ
3280 4383 3791 4464 Γρηγόριος;⁷Αρα
3855 4383 3940 4440 οὖν

682 4508 816 4586 μίαν
843 4505 938 4559 καὶ
973 4503 1174 4575 τρόπον
1212 4503 1400 4572 ἕτερον
1419 4503 1480 4554 οὐ
1509 4502 1635 4572 μίαν
1675 4501 1770 4554 τοῦ
1800 4502 1918 4565 ἐνὸς
1954 4501 2325 4571 διδασκόμεθα
2354 4499 2622 4566 θεότητα;
3071 4511 3078 4516 ’

762 4601 805 4656 Τ
808 4603 948 4656 luat.
1000 4598 1344 4653 Clarissi‘me.

759 4693 991 4760 Theoplt.
1038 4693 1149 4747 Cur
1197 4691 1366 4760 igitur
1398 4706 1504 4744 non
1538 4707 1567 4745 a
1593 4689 1702 4744 Deo
1725 4691 2036 4748 necessaria
2061 4705 2261 4746 conce-

685 4789 851 4844 dente
885 4787 1181 4856 quaarimus
1229 4784 1503 4854 quomodo
1535 4784 1624 4838 illa
1657 4784 1727 4840 sit
1753 4799 1858 4839 una
1894 4795 1948 4838 et
1975 4799 2081 4838 uon
2133 4798 2263 4849 una,

687 4891 748 4951 et
778 4879 1055 4955 quomodo
1077 4878 1206 4932 licet
1259 4893 1402 4930 unus
1453 4876 1523 4931 sit
1553 4876 1788 4945 Spiritus
1822 4886 2063 4940 sanctus,
2097 4876 2264 4931 Isaias

692 4980 902 5040 septem
937 4969 1162 5038 spiritus
1213 4967 1525 5037 praeviderit
1587 4967 1929 5036 requieturos
1959 4982 2124 5034 super
2155 4965 2262 5019 Do-

693 5062 832 5124 mini
892 5062 1230 5118 humanitate
1265 5101 1281 5124 ,
1317 5075 1455 5128 quos
1489 5068 1544 5112 et
1590 5057 1886 5112 Zacharias
1940 5057 2009 5111 ab
2068 5056 2265 5124 angelo

693 5154 920 5216 edoctus
950 5164 1155 5222 septem
1185 5151 1396 5205 Domini
1429 5151 1616 5206 oculos
1640 5149 1844 5205 vocat?
1944 5178 1947 5182 -

779 5244 963 5298 Τήιοι.
1037 5241 1403 5305 Ειιι·.οιιοιιιίιιε
1459 5257 1622 5310 quam
1703 5255 1804 5295 nos
1858 5281 1873 5306 ,
1908 5254 1975 5293 ne
1995 5238 2268 5294 nobismet

695 5334 1182 5401 contradicamus,
1217 5333 1554 5387 arbitramur
1614 5332 1801 5386 Patres
1857 5331 2089 5402 idipsum
2141 5344 2269 5384 sen-

698 5429 840 5494 sisse
904 5426 971 5482 de
1029 5425 1134 5480 hoc
1207 5424 1499 5489 utilissimo
1560 5425 1661 5494 βίαι
1716 5423 1978 5479 doctrinae
2047 5431 2266 5491 puncto.

700 5518 800 5583 Dic
848 5516 1017 5587 igitur
1067 5515 1339 5585 quomodo
1390 5530 1498 5574 una
1531 5524 1585 5569 et
1628 5530 1738 5569 non
1777 5530 1883 5570 una
1919 5515 1990 5571 sit
2015 5499 2266 5585 ejusdem

700 5610 796 5677 Dei
839 5608 1118 5665 divinitas.

770 5703 998 5772 Theoph.
1050 5701 1182 5756 Dico
1232 5708 1287 5756 et
1316 5701 1420 5755 hoc
1449 5699 1590 5755 sicut
1621 5697 1759 5769 ipsis
1794 5698 2015 5754 Patrum
2040 5697 2265 5765 scriptis

697 5791 1303 5852 demoustratur.Cum
1360 5791 1504 5847 enim
1567 5805 1666 5861 pro
1709 5793 1930 5847 nomine
1979 5790 2270 5846 inetiabilis

702 5885 953 5948 essentia:
983 5901 1181 5942 nomen
1214 5882 1520 5947 divinitatis
1552 5893 1851 5954 usurpatur
1882 5923 1896 5950 ,
1923 5899 2030 5942 una
2056 5894 2140 5942 cst
2176 5883 2270 5944 Dei

2303 4601 2346 4656 Β
2446 4595 2614 4650 Θεότ.
2646 4593 2991 4661 Σαφέστατα.

2442 4690 2619 4757 Θεοφ.
2658 4686 2724 4740 Τί
2774 4685 2891 4750 οῦν,
2933 4684 2996 4737 οὐ
3042 4679 3138 4735 τοῦ
3189 4675 3600 4750 ἐπικρινοῦντος
3645 4671 3939 4740 αναγκαιόο

2367 4799 2510 4836 τατα
2548 4781 2780 4849 δεόμεθα
2823 4778 2944 4841 πῶς
2980 4775 3078 4846 μία
3129 4773 3225 4828 καὶ
3270 4773 3331 4826 οὐ
3368 4772 3486 4841 μία,
3520 4769 3615 4823 καὶ
3666 4769 3784 4832 πῶς
3827 4767 3940 4828 ἑνὸς

2371 4871 2523 4933 ὄντος
2549 4870 2644 4924 τοῦ
2678 4869 2824 4922 θείου
2871 4865 3210 4935 Πνεύματος.
3248 4863 3388 4916 ἑπτὰ
3429 4859 3718 4928 πνεύματα
3766 4858 3940 4925 προεῖ-

2371 4963 2461 5015 δεν
2501 4962 2732 5022 Ἡσαΐας
2775 4955 3274 5026 ὲπαναπαυσόμενα
3316 4953 3397 5022 τῷ
3427 4948 3746 5018 Δεσποτικῷ
3778 4962 3941 5013 προσ-

2371 5055 2642 5125 λήμματι,
2699 5052 2735 5107 ἃ.
2780 5054 2876 5106 καὶ
2923 5050 3196 5120 Ζαχαρίας
3229 5045 3481 5115 ἐδιδάχθη
3524 5043 3657 5112 παρ’
3708 5038 3936 5108 ἀγγέλου

2373 5145 2513 5200 ἑπτά
2538 5144 2632 5198 τοῦ
2661 5143 2868 5215 Κυρίου
2891 5139 3207 5210 ὀφθαλμοὺς
3240 5137 3426 5190 καλεῖν
3449 5151 3464 5199 ;

2445 5239 2610 5294 Θεότ.
2648 5236 3047 5306 Διαφερὸντως,
3077 5231 3164 5284 ἴνα
3192 5228 3266 5300 μὴ
3294 5228 3448 5280 αὐτοὶ
3475 5224 3690 5288 ὲαυτοῖς
3707 5223 3940 5306 pnetrav—

2371 5331 2477 5387 τίοι
2530 5325 2701 5401 ὦμεν,
2734 5301 2833 5382 καὶ.
2883 5325 2991 5398 πρὸ
3043 5323 3206 5395 ἡμῶν
3255 5319 3483 5391 οἰόμεθα
3521 5318 3652 5377 τοὺς
3695 5301 3942 5382 Πατέρας

2374 5422 2520 5484 τοῦτ’
2566 5422 2696 5476 αὐτὸ
2731 5421 2963 5488 πάσχειν
3000 5418 3094 5470 ἐπὶ
3135 5413 3232 5468 τοῦ
3271 5409 3642 5483 καιριωτάτου
3689 5408 3791 5477 τῆς
3825 5405 3942 5458 κατ’

2375 5515 2660 5575 εὐσέϐειαν
2709 5509 3027 5582 ὁμολογίας.
3076 5508 3216 5575 Λέγε
3264 5504 3443 5559 τοίνυν
3473 5500 3588 5564 πῶς
3628 5499 3731 5570 μία
3763 5497 3855 5553 καὶ
3883 5495 3942 5549 οὐ

2378 5609 2478 5680 μία
2501 5607 2596 5660 τοῦ
2629 5605 2797 5661 αὐτοῦ
2837 5603 2971 5657 Θεοῦ
3009 5600 3221 5670 θεότης.
3311 5585 3316 5591 ’

2449 5702 2628 5768 Θεοφ.
2656 5698 2804 5768 Φημὶ
2849 5695 2916 5767 δὴ
2955 5693 3050 5748 καὶ
3107 5690 3287 5756 τοῦτο,
3337 5686 3590 5756 καθάπερ
3625 5683 3721 5738 ὐπ’
3770 5679 3946 5736 αὐτῶν

2375 5791 2487 5845 τῶν
2536 5790 2820 5861 πατρικῶν
2879 5787 3201 5857 ἑκφαίνεται
3234 5781 3451 5850 λογίων.
3488 5780 3661 5832 Ὅταν
3716 5777 3822 5845 γὰρ
3873 5771 3946 5832 ὡς

2379 5884 2702 5957 ἐπωνυμίαν
2736 5886 2834 5955 τῆς
2862 5877 3222 5954 ὑπερωνύμου
3263 5874 3450 5937 οὐσίας
3480 5872 3538 5928 τὸ
3566 5870 3662 5937 τῆς
3693 5868 3944 5938 θεότητος
