4108 6316
212 445 317 509 925

1555 433 2088 511 THEOPHANES.

3343 443 3534 520 926,

210 560 383 630 ὄνομα
446 559 833 630 προφέρωμεν,
901 560 998 630 μία
1051 560 1166 614 ἐστὶ
1222 563 1316 616 τοῦ
1373 563 1509 618 Θεοῦ
1565 566 1776 634 θεότης.

1885 563 2140 617 divinitas
2165 601 2179 625 ,
2207 561 2459 629 simplex,
2494 557 2746 617 indivisa.
2779 555 3185 624 inseparabilis,
3222 557 3451 610 incom-

214 651 379 718 ἁπλῆ,
411 651 642 720 ἀμερὴς,
693 651 1018 720 ἀδιαίρετος,
1060 654 1420 724 ἀπερινόητος
1445 673 1460 688 ·
1507 658 1602 711 καὶ
1628 659 1780 713 τοῦτ’

213 742 414 806 ἔδειξεν
445 743 472 794 6
504 742 693 808 είπὼν,
724 762 744 794 ι
793 743 906 796 Ἑνὶ
935 746 1078 813 φωτὶ
1119 748 1597 819 περιεστράφθητε
1637 753 1780 806 κατὰ

211 834 306 886 τὸν
327 835 424 901 τῆς
463 833 650 896 οὐσίας
689 833 868 902 λόγον,
900 835 1077 889 είτονν
1106 836 1380 906 θεότητος.
1416 858 1435 889 ι
1488 840 1649 893 Ἀλλὰ
1687 843 1782 894 καὶ

211 927 320 979 τῶν
339 927 502 989 τριῶν
529 926 836 996 προσώπων
865 927 963 998 μία
990 927 1204 996 θεότης,
1234 931 1400 1000 χωρὶς
1420 931 1527 982 τῶν
1561 947 1780 998 προσω-

211 1017 387 1068 πικῶν
418 1015 748 1082 ἰδιωμάτων,
781 1017 1223 1087 ἀπαραλλάκτως
1253 1019 1396 1072 κατὰ
1419 1020 1589 1073 τᾶλλα
1620 1021 1780 1075 πάντ’

209 1106 459 1174 ἑχόντων.
515 1108 620 1160 Ἦν
655 1108 765 1177 γὰρ
812 1107 880 1162 ἂν
931 1108 1204 1182 ὁνομάςῃς
1237 1110 1488 1180 θεότητα,
1523 1113 1631 1165 εῐτε
1679 1114 1780 1182 τὴν

206 1197 438 1266 δύναμιν
487 1198 584 1252 καὶ
616 1199 716 1270 τὴν
767 1199 1071 1268 ἐνέργειαν,
1119 1199 1230 1254 εἴτε
1276 1200 1375 1270 τὴν
1424 1203 1633 1268 οὐσίαν,
1680 1203 1778 1272 μία

205 1289 313 1342 τῶν
339 1289 510 1360 τριῶν
537 1291 709 1353 ἐστιν,
738 1291 814 1356 ὡς
847 1291 942 1345 καὶ
975 1291 1136 1345 τοῦτο
1173 1295 1369 1363 μικρὸν
1397 1295 1656 1363 ἀνωτέρω
1686 1297 1776 1349 τὸν

209 1380 384 1449 μέγαν
419 1379 700 1434 Βασίλειον
728 1382 821 1435 ἐπὶ
847 1381 1044 1446 λέξεως
1067 1385 1490 1453 προηνέγκαμεν
1523 1387 1770 1441 εἰπόντα·

205 1471 307 1524 κᾶν
347 1474 408 1524 τὸ
442 1472 716 1542 ἄθροισμα
749 1472 969 1526 πάντων
1001 1473 1112 1527 τῶν
1145 1475 1404 1528 τοιούτων
1432 1481 1777 1548 συμπεριλα-

205 1563 317 1616 ϐὼν
348 1563 578 1632 Θεότητα
609 1566 895 1636 προσείποι
919 1583 1024 1628 τις,
1062 1566 1161 1636 μία
1192 1568 1286 1619 καὶ
1311 1566 1454 1622 οὕτω
1473 1569 1582 1621 τῶν
1610 1569 1776 1638 τριῶν

205 1654 516 1724 προσώπων
552 1658 582 1724 ἡ
625 1657 832 1725 θεότης,
864 1658 897 1726 ἡ
935 1657 1092 1708 οὐσία
1139 1656 1364 1726 δηλαδὴ,
1406 1657 1500 1709 καὶ
1549 1660 1617 1711 τὰ
1646 1659 1774 1728 περὶ

204 1749 306 1818 τὴν
344 1749 532 1801 οὐσίαν
562 1748 912 1819 θεωρούμενα
952 1750 1044 1801 καὶ
1075 1748 1498 1818 θεολογούμενα,
1522 1749 1597 1811 ὡς
1628 1751 1722 1804 καὶ
1747 1753 1776 1805 6

209 1841 388 1908 μέγας
435 1839 751 1904 Ἀθανάσιος
786 1842 864 1902 είς
891 1841 990 1910 τὴν
1015 1842 1261 1894 ἐπέτειον
1295 1843 1388 1895 τοῦ
1419 1841 1564 1896 θείου
1605 1844 1774 1909 εὐαγ-

1883 653 2286 724 prehensibilis;
2327 652 2488 722 idque
2517 650 2755 705 ostendit
2807 648 2900 717 qui
2933 647 3071 701 dixit
3105 665 3120 701 :
3153 667 3169 698 ι
3200 644 3322 702 Uno
3362 648 3451 700 lu-

1883 747 2028 800 mine
2066 745 2354 802 illuminati
2383 745 2539 804 estis,
2569 743 2638 796 ob
2667 741 2928 795 unitatem
2965 740 3216 794 essentia:
3241 755 3337 794 seu
3363 740 3450 794 di-

1885 836 2156 890 vinitatis.
2204 854 2223 887 i
2268 836 2361 890 Est
2389 834 2550 888 etiam
2585 848 2690 885 una
2723 830 2978 885 divinitas
2999 831 3158 884 trium
3193 845 3453 898 persona-

1887 944 2031 990 rum,
2065 943 2208 996 qua).
2241 928 2479 995 exceptis
2505 926 2884 994 personalilms
2923 926 3221 988 attrilmtis,
3252 934 3448 978 caetera

1881 1023 2062 1075 omnia
2099 1023 2296 1076 habent
2331 1021 2732 1074 ronsimillima.
2771 1019 2894 1073 Sire
2937 1019 3082 1072 enirn
3116 1018 3371 1070 virtutem
3396 1025 3452 1071 et

1881 1114 2271 1183 operationem,
2303 1114 2414 1167 sive
2457 1112 2748 1167 essentiam
2803 1111 3038 1178 appelles
3093 1108 3448 1170 divinitatem,

1880 1220 1988 1258 una
2025 1213 2109 1259 est
2163 1205 2326 1257 trium
2351 1245 2363 1266 ,
2401 1205 2544 1256 sicut
2595 1202 2755 1270 paulo
2807 1202 3060 1269 superius
3089 1201 3353 1253 dicentem
3380 1200 3446 1254 ad

1880 1296 2106 1349 verbum
2171 1297 2482 1350 indusimus
2541 1309 2794 1361 magnum
2845 1292 3125 1357 Basiliam;
3163 1301 3217 1345 et
3247 1291 3291 1346 si
3326 1293 3450 1359 quis

1879 1387 2309 1455 compleximiem
2349 1388 2540 1441 horum
2573 1387 2818 1440 onminm
2857 1385 3054 1440 dixerit
3085 1384 3447 1450 divinitatem,

1879 1477 1960 1530 sic
1985 1478 2147 1531 etiam
2173 1493 2278 1531 una
2297 1489 2374 1531 est
2403 1478 2564 1530 trium
2591 1492 2946 1545 personarum
2969 1477 3244 1536 divinitas,
3271 1491 3453 1528 essm-

1877 1570 1953 1622 tia
1977 1568 2223 1622 videlicet
2250 1587 2263 1622 :
2289 1571 2414 1622 item
2461 1567 2526 1621 de
2556 1569 2622 1622 iis
2653 1582 2773 1636 quae
2820 1567 2886 1621 de
2929 1567 3164 1620 essentia
3189 1566 3453 1619 conside-

1876 1670 2086 1722 rantur,
2131 1675 2196 1712 ac
2221 1660 2504 1723 docentur,
2530 1661 2686 1713 utait
2717 1673 2940 1729 magnus
2980 1658 3314 1711 Athanasius
3351 1671 3448 1725 pro

1877 1752 2254 1805 anniversario
2289 1751 2618 1818 evangelica:
2654 1750 3058 1820 praedicationis
3107 1748 3247 1803 festo
3303 1764 3450 1802 con-

1871 1843 2087 1897 cionem
2127 1843 2353 1897 habens.
2391 1841 2526 1898 Cum
2568 1859 2695 1897 vero
2731 1843 3024 1912 quamdam
3072 1841 3166 1896 Dei
3192 1842 3449 1898 virtutem

205 1932 470 2002 γελισμοῦ
535 1935 844 2003 πανήγυριν
898 1935 1234 2004 κηρυκτικδν
1281 1935 1440 2003 λόγον
1483 1936 1775 2000 συντιθεὶς,

1881 1944 1974 1987 aut
2000 1933 2372 2000 operationem
2421 1935 2654 1990 dicimus
2695 1934 3032 1990 divinitatem
3057 1973 3071 1995 .
3097 1933 3283 2005 plures
3322 1944 3454 1992 sunt

207 2026 392 2095 φησίν.
423 2027 588 2079 Ὅταν
619 2027 674 2080 δὲ
707 2028 858 2080 θείαν
889 2028 1010 2080 τινὰ
1038 2028 1271 2096 δύναμιν
1300 2029 1333 2098 ἢ
1362 2029 1646 2098 ἐνέργειαν
1678 2027 1774 2080 τοῦ

204 2120 341 2172 Θεοῦ
365 2120 613 2187 λέγωμεν
636 2121 890 2188 θεὸτητα,
923 2119 1119 2173 πολλαί
1148 2123 1284 2172 εἰσιν
1307 2120 1584 2189 ἐνέργειαι
1612 2121 1776 2184 θεῖαι,

203 2211 410 2282 ταύτην
438 2211 536 2280 τὴν
562 2211 883 2281 ἐπωνυμίαν
913 2211 1260 2278 κεκτημέναι
1281 2227 1293 2240 °
1323 2213 1420 2264 καὶ
1451 2211 1561 2280 γὰρ
1586 2212 1619 2280 ἡ
1652 2211 1780 2264 θεα-

201 2303 330 2371 τικὴ
372 2303 466 2354 καὶ
491 2304 524 2372 ή
576 2302 888 2371 καθαρτικὴ
937 2303 1090 2372 καὶή
1123 2301 1420 2370 θεουργικὴ
1463 2302 1560 2354 καὶ
1586 2303 1619 2370 ἡ
1653 2302 1782 2354 ὲπο-

205 2391 378 2460 πτικὴ
409 2393 502 2444 καὶ⁵
529 2391 590 2444 τὸ
621 2391 902 2461 πανταχοῦ
935 2387 1076 2444 εἶναι
1111 2392 1207 2446 καὶ
1247 2391 1308 2444 τὸ
1342 2390 1615 2461 μηδαμοῦ,
1646 2408 1774 2445 ταυ-

204 2484 295 2536 τὸν
325 2485 370 2536 δ’
421 2485 596 2537 εἰπεῖν
621 2485 684 2538 τὸ
724 2484 1034 2554 ἀεικίνητον
1079 2484 1176 2537 καὶ
1228 2484 1290 2538 τὸ
1315 2485 1371 2535 ἐν
1404 2483 1479 2552 τῷ
1513 2484 1780 2554 Θαῦωρίῳ

202 2573 562 2643 περιλάμψαν
600 2574 727 2636 τοὺς
773 2573 880 2628 τῶν
915 2574 1174 2642 μαθητῶν
1209 2573 1498 2640 ἐκκρίτους
1530 2573 1667 2640 φώς,
1703 2573 1778 2636 ὡς

203 2664 488 2718 καὶταῦτα
517 2668 665 2733 παρὰ
683 2663 790 2717 τῶν
825 2665 996 2731 ἁγίων
1026 2663 1219 2734 μικρὸν
1249 2663 1508 2734 ἀνωτέρω
1532 2664 1778 2731 δεδιδαγ-

204 2755 349 2821 μεθα
381 2755 614 2825 τρανῶς,
650 2755 786 2812 ἀλλὰ
825 2754 959 2824 πρὸς
1003 2757 1116 2818 τοῖς
1152 2755 1332 2816 ἄλλοις
1378 2755 1472 2806 καὶ
1521 2755 1551 2808 6
1603 2756 1780 2825 μέγας

203 2843 488 2906 Βασίλειος
527 2843 762 2912 ἀλλαχοῦ
797 2861 856 2897 τε
903 2843 1172 2915 πολλαχοῦ
1209 2844 1512 2914 παρίστησι
1541 2849 1650 2899 τῶν
1695 2847 1782 2899 λό-

204 2950 318 3000 γων
341 2949 358 2965 ο
386 2933 503 2986 ἔστι
547 2933 593 2987 δ’
619 2935 704 3003 ἐφ’
733 2930 808 2986 ὧν
855 2935 949 2986 καὶ
976 2932 1136 2986 τοῦτο
1181 2933 1332 3001 λέγει
1369 2935 1580 3004 σαφῶς,
1610 2936 1684 3000 ὡς
1718 2938 1780 2991 τὸ

202 3023 436 3092 Πνεῦμα
485 3027 544 3079 τὸ
575 3025 730 3098 ἅγιον
772 3025 978 3079 ἁπλοῦν
1033 3029 1100 3095 τῇ
1141 3027 1324 3095 οὐσία,
1378 3028 1624 3082 ποικίλον
1661 3032 1782 3094 ταῖς

1879 2026 2222 2094 operationcs
2253 2028 2448 2080 divine
2477 2028 2582 2081 hoc
2637 2029 2861 2080 nomine
2895 2027 3194 2094 gaudentes
3216 2067 3230 2091 ,
3255 2043 3453 2096 nempe

1880 2117 1966 2170 vis
2011 2117 2449 2184 contemplandi,
2501 2119 2804 2185 purgandi,
2855 2119 3112 2172 miracula
3176 2119 3451 2188 patrandi,

1884 2206 2184 2261 exsistendi
2220 2208 2421 2276 ubique
2447 2216 2502 2261 et
2537 2207 2752 2271 nullibi,
2773 2217 2848 2272 et,
2876 2218 2934 2261 ut
2958 2209 3100 2262 idem
3133 2209 3335 2273 dicam,
3360 2209 3454 2263 lux

1881 2295 1994 2349 illa-
2021 2312 2143 2365 quin
2180 2312 2395 2367 semper
2421 2306 2671 2352 movetur
2701 2308 2755 2352 et
2781 2313 2901 2367 quae
2931 2299 2982 2351 in
3012 2308 3194 2354 monte
3233 2299 3458 2355 'l‘babor

1882 2387 2276 2458 discipulorum
2342 2389 2584 2444 delectos
2631 2389 2962 2443 illustravit:
2996 2392 3454 2459 quemadmodum

1879 2482 2042 2550 paulo
2070 2493 2196 2535 ante
2224 2481 2511 2535 didicimus
2535 2497 2563 2534 a
2594 2481 2800 2536 sanctis
2833 2479 3112 2548 Patribus,
3151 2483 3297 2536 inter
3316 2498 3457 2552 quos

1878 2571 2178 2642 praesertim
2223 2587 2453 2640 magnus
2501 2570 2734 2628 Basilius
2784 2572 2910 2626 alibi
2953 2582 3009 2627 et
3037 2588 3180 2642 saepe
3217 2573 3378 2628 docet
3405 2582 3461 2628 et

1879 2663 1935 2717 in
1976 2662 2253 2716 nonnullis
2275 2661 2422 2716 clare
2451 2661 2580 2716 dicit
2620 2661 2882 2731 Spiritum
2922 2672 3193 2726 sanctum,
3223 2664 3459 2717 essentia

1879 2753 2202 2821 simplicem,
2279 2753 2487 2806 varium
2562 2764 2684 2806 esse
2743 2750 3080 2820 virtutibus;_
3107 2759 3162 2805 et
3218 2750 3446 2806 iterum:

1879 2846 2224 2916 Operationes
2268 2845 2357 2898 Dei
2394 2859 2517 2901 esse
2561 2843 2744 2898 varias
2772 2883 2787 2909 ,
2818 2845 3110 2898 essentiam
3161 2858 3292 2898 vero
3319 2845 3457 2898 sim-

1877 2939 2096 3008 plicrm.
2127 2937 2400 3004 Quasnam
2467 2947 2646 2992 autem
2696 2937 2830 2992 dicit
2869 2936 3259 3006 Operationes?
3311 2935 3458 3002 Quas

1879 3030 1997 3099 ipse
2045 3031 2241 3085 ibidem
2303 3042 2612 3086 memorat:
2655 3029 3077 3101 providentiam,
3135 3029 3459 3100 potentiam,

199 3116 500 3184 δυνάμεσιο
538 3118 632 3170 καὶ
675 3115 869 3172 πάλιν⁹
905 3133 923 3166 ι
961 3118 1026 3170 Ai
1059 3118 1159 3184 μὲν
1209 3118 1486 3186 ἐνέργειαι
1513 3118 1608 3171 τοῦ
1639 3119 1777 3173 Θεοῦ

1881 3123 2642 3191 bonitatem,praescientiam,
2676 3131 2997 3192 potestatem
3031 3122 3456 3186 miraculorum,

201 3209 472 3270 ποικίλαι,
495 3211 529 3278 ὴ
557 3211 614 3262 δὲ
636 3210 790 3263 οὐσία
816 3210 985 3278 ἁπλῆ.
1019 3229 1038 3262 ι
1065 3209 1229 3273 Τίνας
1260 3211 1436 3278 λέγων
1464 3211 1777 3282 ὲνεργιίαςς

1885 3211 2201 3276 facultatem
2243 3215 2462 3266 creandi
2489 3251 2505 3276 ,
2543 3213 2929 3267 remunerandi
2983 3214 3112 3275 vim,
3141 3224 3194 3269 at
3219 3214 3324 3268 alia
3355 3215 3460 3268 hu-

198 3295 304 3354 Ὧν
326 3302 425 3355 καὶ
454 3302 614 3363 αὐτὸς
636 3302 1042 3371 ἐμνημόνευσεν
1073 3302 1214 3366 εκεῖ,
1239 3303 1338 3372 τὴν
1364 3303 1647 3374 πρόνοιαν,
1679 3303 1777 3372 τὴν

1881 3303 2115 3373 jusmodi
2143 3346 2156 3358 .
2187 3305 2318 3372 Qua:
2376 3305 2728 3360 considerans
2778 3304 3072 3374 Gregorius
3117 3305 3455 3376 Theologus,

201 3393 462 3462 δύναμιν,
488 3397 587 3463 τὴν
607 3393 940 3463 ἀγαθότητα,
967 3395 1026 3446 τδ
1049 3396 1484 3465 προγνωστικὸν,
1507 3396 1566 3450 τὸ
1596 3398 1782 3466 θεουρ·

203 3485 384 3552 γικὸν,
406 3485 468 3538 τδ
487 3486 904 3555 δημιουργικὸν,
921 3485 980 3538 τδ
1009 3488 1432 3542 ἀνταποδοτικὸν
1463 3491 1558 3543 καὶ
1581 3492 1646 3544 τὰ
1665 3507 1778 3544 τοι·

203 3575 369 3640 αὕτα,
391 3575 526 3646 πρὸς
548 3575 584 3630 ἃ
625 3576 838 3645 βλέπων
874 3579 967 3630 καὶ
1001 3579 1028 3630 ὁ
1060 3577 1318 3646 Θεολόγος
1336 3580 1635 3650 Γρηγόριος
1672 3583 1781 3633 τῶν

202 3668 348 3720 ἑπτὰ
378 3668 508 3735 παρ’
552 3668 748 3738 Ἡσαΐᾳ
785 3668 1045 3738 μνησθεὶς
1085 3668 1433 3736 πνευμάτων,
1473 3688 1493 3721 ‹
1527 3671 1639 3734 Τὰς
1670 3672 1780 3743 γὰρ

200 3760 511 3830 ἐνεργείας,
532 3759 686 3830 φησὶ,
726 3759 820 3811 τοῦ
858 3759 1172 3829 Πνεύματος
1208 3764 1493 3830 πνεύματα
1525 3763 1677 3830 φίλον
1701 3765 1778 3834 τῷ

215 3850 414 3919 Ἠσαίᾳ
432 3851 636 3904 καλεῖν.
665 3869 681 3902 ι
705 3852 812 3904 Καὶ
826 3854 854 3904 6
871 3851 1226 3922 Δαμασκηνὸς
1237 3852 1556 3920 Θεοφόρος,‹
1581 3855 1780 3923 Λέγον-

200 3954 313 4000 ται,
334 3940 488 4007 φησὶ,
512 3939 798 4008 πνεύματα
821 3941 913 3993 καὶ
946 3942 1002 3992 oti.
1029 3940 1288 4009 δυνάμεις
1310 3941 1404 3995 τοῦ
1436 3943 1776 4013 Πνεῦματος,

199 4032 262 4086 οὐ
280 4033 386 4101 μὴν
417 4031 554 4085 ἀλλὰ
573 4033 708 4102 πρὸς
725 4031 860 4085 ὃνῦν
886 4035 1017 4101 ἡμῖν
1042 4037 1069 4088 6
1097 4033 1255 4102 λόγος
1278 4034 1534 4103 μάλιστα,
1565 4037 1781 4106 καὶτῆς

200 4122 387 4184 οὐσίας
414 4124 461 4174 εί
497 4121 596 4174 καὶ
627 4122 700 4192 μὴ
742 4123 1112 4192 κυριωνύμως
1137 4125 1235 4178 καὶ
1264 4125 1366 4195 τῆς
1410 4125 1714 4191 ἐνεργείας.
1751 4143 1781 4182 θ.

199 4213 422 4282 κυρίως
460 4212 650 4282 μέντοι
682 4211 885 4282 ταύτη;
917 4215 1325 4284 ὀνομαζομένης
1356 4215 1451 4268 τοῦ
1481 4215 1618 4269 Θεοῦ
1661 4216 1778 4274 θεό-

197 4321 379 4372 τητος,
403 4303 576 4374 νοητή
606 4305 722 4357 ἐστι
741 4304 834 4356 τοῦ
860 4305 1023 4357 αὐτοῦ
1055 4308 1147 4359 καὶ
1170 4307 1529 4376 ἀπερινόητος
1557 4305 1773 4377 θεότης,

202 4394 298 4463 μία
325 4391 460 4448 οὖσα
499 4398 582 4454 ὡς
619 4395 736 4458 ἐνὸς
789 4394 946 4458 Θεοῦ,
985 4396 1070 4448 ινα
1120 4396 1202 4466 τῷ
1252 4397 1445 4466 ληπτῷ
1490 4397 1591 4465 μὲν
1639 4397 1775 4467 ἕλκῃ

199 4480 334 4548 πρὸς
379 4481 583 4536 ἑαυτὸν
622 4484 764 4534 κατὰ
793 4484 885 4536 τὸν
933 4484 1196 4551 Θεολόγον
1244 4485 1566 4555 Γρηγόριον,
1602 4487 1678 4557 τῷ
1714 4487 1772 4540 δὲ

1882 3404 2087 3464 septem
2138 3397 2291 3451 Isaiae
2341 3397 2633 3466 spirituum
2688 3411 2931 3458 memor,
2965 3397 3041 3450 ait
3075 3415 3088 3451 :
3121 3417 3138 3447 ι
3177 3397 3460 3465 Operatio-

1881 3502 1979 3544 nes
2013 3488 2154 3542 enim
2191 3487 2428 3558 Spiritus
2473 3488 2700 3559 spiritus
2745 3504 2944 3542 vocare
2993 3488 3148 3542 Isaiae
3197 3489 3395 3557 placet.
3433 3506 3453 3541 ι

1881 3578 1950 3634 Et
2007 3578 2375 3634 Damascenus
2432 3578 2832 3649 Theophanis:
2865 3596 2882 3630 ι
2916 3577 3185 3633 Dicuntur
3212 3622 3227 3645 ,
3258 3579 3456 3649 inquit,

1883 3670 2114 3739 spiritus
2163 3672 2396 3726 virtutes
2452 3670 2690 3740 Spiritus
2719 3713 2733 3735 ,
2759 3684 2808 3726 et
2833 3671 2944 3725 imo
2967 3671 3054 3740 (ad
3086 3671 3230 3740 quod
3271 3671 3460 3740 praeci-

1885 3775 1988 3831 pue
2025 3778 2205 3818 sermo
2227 3762 2416 3834 tendit)
2448 3765 2697 3819 essentia:
2717 3767 2880 3818 etiam
2904 3763 3197 3834 improprie
3223 3764 3380 3818 dicta:
3407 3772 3462 3818 et

1879 3856 2236 3924 operationis.
2271 3875 2288 3906 ι
2314 3855 2448 3911 Cum
2469 3865 2647 3910 autem
2672 3857 2788 3910 haec
2814 3856 3046 3911 essentia
3073 3857 3288 3924 proprie
3313 3857 3459 3908 dica-

1883 3951 1972 3998 tur
2023 3946 2116 3998 Dei
2160 3945 2436 4007 divinitas,
2485 3947 2845 4017 intelligibilis
2869 3954 2950 4000 est
2993 3956 3046 4001 et
3075 3946 3456 4013 inintclligibi-

1884 4037 1951 4091 lis
1978 4037 2218 4105 ejusdem
2256 4037 2534 4101 divinitas;
2562 4046 2624 4090 ut
2667 4053 2769 4106 qua
2822 4047 2903 4090 est
2946 4037 3458 4104 comprehensibilis

1887 4126 1954 4182 ad
2021 4142 2082 4181 se
2144 4126 2347 4190 trahat,
2382 4125 2535 4193 juxta
2584 4125 2900 4193 Gregorium
2929 4123 3260 4192 Theologqu
3295 4140 3310 4188 ;
3347 4141 3453 4192 qua
3559 4127 3567 4134 '

1887 4233 2027 4274 vero;
2089 4216 2674 4291 incomprehensibilis,
2735 4214 3145 4279 admirationem
3223 4224 3459 4284 moveat,

1893 4325 1913 4358 ι
1963 4306 2260 4376 Sapientiae
2293 4307 2460 4368 enim,
2497 4305 2594 4371 ait,
2624 4305 2982 4374 potentia:qu
3013 4314 3065 4358 et
3096 4304 3466 4375 operationis,

1883 4413 1989 4452 non
2028 4407 2208 4452 autem
2272 4397 2441 4466 ipsius
2502 4396 2752 4451 essentia
2807 4395 3258 4450 demonstrabilia
3326 4403 3466 4463 sunt,

1880 4505 2066 4560 opera.
2103 4509 2122 4541 ι
2187 4488 2296 4544 Nec
2346 4491 2513 4557 ipsam
2568 4497 2732 4542 totam
2767 4489 3032 4541 creatoris
3060 4487 3316 4540 virtutem
3357 4501 3468 4544 ne-,

198 4573 423 4646 ἀλήπτῳ
455 4575 835 4644 θαυμάζηται.
870 4594 888 4626 ι
926 4577 1126 4644 Σοφίας
1157 4574 1290 4646 γὰρ,
1315 4580 1470 4648 φησὶ,
1498 4581 1592 4632 καὶ
1615 4579 1776 4633 δυνά-

1882 4582 2120 4638 cessario
2161 4580 2486 4643 ostendunt,
2509 4580 2664 4650 juxta
2731 4594 2983 4649 magnum
3023 4577 3304 4632 Basilium.
3341 4575 3448 4629 Ha.

203 4681 344 4734 μεως
371 4670 465 4722 καὶ
497 4669 727 4738 τέχνης,
755 4669 872 4722 ἀλλ’
905 4670 1026 4738 οὐχὶ
1048 4671 1147 4738 τῆς
1179 4671 1370 4736 οὐσίας
1402 4673 1572 4744 αὐτῆς
1599 4673 1772 4726 ἐνδει-

199 4759 360 4811 κτικά
389 4761 508 4813 ἐστι
561 4758 632 4812 τὰ
663 4761 966 4829 ποιήματα.
1008 4781 1027 4814 ο
1066 4763 1175 4814 Καὶ
1216 4763 1338 4816 οὐδὲ
1369 4763 1542 4834 αὐτὴν
1591 4765 1772 4818 πᾶσαν

1881 4673 2048 4728 hesne
2077 4672 2240 4743 igitur
2279 4681 2424 4727 recte
2471 4671 2833 4743 compositum
2864 4671 2964 4742 pia:
3011 4668 3274 4724 doctrinae
3314 4668 3469 4727 indi-t

1879 4778 1996 4818 cem
2012 4763 2036 4816 ?

199 4850 291 4903 τοῦ
334 4853 689 4924 Δημιουργοῦ
719 4853 818 4925 τὴν
847 4854 1082 4926 δύναμιν
1111 4857 1428 4925 ἀναγκαίως
1479 4857 1778 4929 παρίστησι
1815 4857 1958 4912 κατᾶ
1978 4858 2070 4912 τὸν
2101 4856 2274 4928 μέγαν
2294 4855 2596 4912 Βασίλειον.
2625 4849 2694 4908 'A
2708 4854 2755 4925 ρ’
2779 4851 2923 4924 ἔχεις
2982 4850 3163 4916 καλῶς
3225 4851 3466 4908 saxeum,

203 4949 398 5017 σμένον
427 4951 528 5003 καὶ⁵
555 4949 648 5001 τὸν
686 4951 786 5018 τῆς
817 4951 1101 5016 εὐσεϐείας
1131 4953 1323 5008 τοῦτον
1347 4954 1605 5026 γνώμονα
1629 4971 1646 5023 ;

274 5046 443 5098 Θεότ.
470 5044 751 5098 Κάλλιστα
774 5047 865 5099 καὶ
893 5047 1222 5112 τελεώτατα,
1253 5049 1327 5114 ὧς
1355 5053 1419 5119 γέ
1448 5069 1540 5118 μοι
1580 5053 1772 5120 φαίνε-

203 5151 313 5189 ται.
349 5135 616 5188 Λείπεται
649 5135 707 5189 δέ.
745 5153 828 5190 σοι
857 5139 947 5192 διὰ
968 5137 1064 5192 τοῦ
1093 5141 1345 5194 τοιούτου
1379 5143 1470 5195 τδν
1502 5143 1770 5214 Βαρλαὰμ

205 5227 417 5280 ἐκεῖνον
451 5225 748 5293 ἀπελέγξαι
792 5229 885 5282 καὶ
932 5229 1023 5282 τὸν
1051 5231 1150 5300 τῆς
1199 5231 1408 5285 ἐκείνου
1457 5233 1773 5299 κακοδοξίας

209 5319 461 5390 μαθητὴν
495 5320 590 5372 καὶ
619 5319 863 5391 διάδοχον
900 5323 1236 5396 Ἀκίνδυνον.

278 5412 456 5477 Θεοφ.
509 5408 778 5480 Βαρλαὰμ
812 5403 969 5474 οὗτος
1018 5412 1112 5464 καὶ
1139 5397 1196 5466 δ’
1216 5413 1333 5482 μετ’
1363 5413 1567 5465 ἐκεῖνον
1613 5411 1776 5474 ἄλλος

210 5499 417 5563 ἐκεῖνος
443 5502 576 5570 ἡμῖν
600 5501 694 5555 καὶ
738 5504 803 5573 τῇ
845 5503 1100 5575 εὐσεὸείᾳ
1135 5503 1389 5572 γενέσθαι
1423 5504 1775 5566 κινδυνεύσας

210 5593 272 5644 οὐ
301 5593 394 5647 τὸν
427 5595 488 5646 Ἀ
502 5611 646 5663 ρειον
682 5595 864 5665 μόνον,
904 5596 1040 5650 ἀλλὰ
1084 5597 1179 5651 καὶ
1207 5597 1298 5651 τὸν
1336 5599 1400 5650 ἐκ
1430 5596 1634 5667 Λιόύης
1664 5597 1774 5649 Σα-

217 5682 424 5737 εὲλλιον
453 5685 796 5756 ζηλώσαντες
846 5687 974 5750 τοὺς
1031 5688 1219 5757 ἁγίους
1260 5691 1356 5742 καὶ
1408 5690 1616 5750 πάντας
1647 5685 1774 5750 τούς

219 5771 533 5838 ὀρθοδόξους
572 5775 688 5829 ἐστι
724 5776 824 5846 μὲν
858 5777 935 5841 ὣς
972 5778 1119 5848 μίαν,
1151 5778 1245 5832 καὶ
1282 5779 1440 5831 τοῦτο
1468 5776 1774 5846 πολλαχῶς,

227 5861 340 5927 ἔστι
365 5863 407 5916 δ’
438 5864 512 5929 ὣς
550 5867 609 5920 οὐ
641 5868 770 5938 μίαν
818 5871 912 5924 καὶ
952 5869 1119 5943 μόνην
1143 5869 1240 5950 τὴν
1265 5868 1476 5938 οὐσίαν,
1511 5869 1646 5923 ἀλλὰ
1677 5867 1768 5920 καὶ

1952 5045 2138 5102 ΤΙιεοι.
2209 5045 2485 5114 Optimum
2547 5056 2611 5099 ac
2672 5037 3128 5108 perfectissimum
3163 5073 3179 5099 ,
3213 5045 3268 5092 ut
3319 5037 3464 5107 mihi,

1877 5139 2114 5194 videtur.
2174 5136 2350 5192 Unum
2412 5134 2507 5190 tibi
2558 5140 2768 5196 restat,
2811 5139 2868 5183 ut
2897 5143 3000 5198 ope
3046 5126 3212 5195 hujus
3247 5127 3454 5191 indicist

1877 5230 2122 5284 Barlaam
2155 5229 2304 5282 illum
2356 5227 2605 5281 revincas
2629 5223 2856 5294 ejusque
2889 5219 3092 5275 erroris
3121 5219 3458 5290 discipuluug

1879 5335 1932 5382 et
1955 5325 2218 5380 asseclam
2252 5321 2609 5392 Acyndinum.

1956 5416 2180 5480 Theoph.
2239 5415 2343 5469 Iste
2392 5412 2667 5476 Barlaam,
2694 5419 2746 5464 et
2776 5408 2865 5462 ille
2889 5407 3060 5478 ipsius
3083 5413 3319 5462 sectator
3349 5419 3448 5472 per.

1889 5507 2154 5561 riclitatus
2212 5521 2280 5559 ne
2310 5505 2468 5558 nobis
2524 5501 2881 5569 religionique
2945 5499 3096 5552 lieret
3150 5511 3254 5554 non
3289 5494 3461 5558 Arius

1884 5605 2118 5662 tantum,
2157 5595 2254 5650 sed
2286 5603 2342 5649 et
2385 5591 2616 5664 Lybicus
2661 5588 2954 5648 Sabellius,
2998 5583 3297 5636 inridentes
3323 5595 3441 5641 on;-

1884 5687 2046 5742 nibus
2100 5685 2301 5745 sanetis
2340 5695 2395 5738 et
2441 5680 2760 5735 orthodoxis
2815 5678 3168 5730 m0tl0.lln:lm
3223 5670 3300 5738 (et
3326 5671 3447 5736 qui-

1887 5778 2006 5831 dem
2054 5776 2216 5845 εει-ρει)
2267 5773 2676 5827 admittentibus
2717 5767 3054 5824 divinitatem
3083 5798 3098 5821 ,
3127 5759 3290 5812 modo
3334 5775 3448 5824 non

1887 5883 2048 5934 unam
2098 5868 2377 5940 solamque
2420 5863 2743 5926 essentiam,
2772 5859 2863 5915 sed
2899 5857 3192 5921 incrcatam
3221 5866 3440 5936 quoque
