4180 6308
695 453 801 514 9-7

1893 430 1902 441 '
1965 449 2344 514 oneeoan
2383 451 2706 513 multis;

3831 445 3933 511 928

693 569 989 638 potentiam
1037 577 1092 624 et
1137 568 1512 640 operationem
1539 571 1622 638 (ut
1657 582 1820 636 supra
1843 577 2120 621 ostensum
2155 565 2260 637 est)

2369 564 2468 636 τὴν
2497 567 2754 622 ἀκτιστον
2773 566 3001 636 δύναμίν
3025 583 3083 620 τε
3121 566 3208 620 καὶ
3234 566 3540 637 ἐνέργειαν,
3571 564 3648 629 ὡς
3680 565 3934 635 ἀνωτέρω

692 659 999 714 dicentibus
1050 673 1171 716 esae
1201 659 1442 725 eiusdem
1477 658 1841 723 divinitatem,
1889 660 1988 714 hos
2019 659 2257 728 appella-

695 759 825 803 runt
875 748 1180 820 polytlteos.
1258 748 1363 818 Ipsi
1416 758 1596 802 autem
1661 763 1805 803 nunc
1861 765 2021 818 unam
2072 749 2261 803 dicunt

694 841 986 895 increatam
1017 855 1140 896 esse
1188 839 1333 895 illam
1371 840 1952 910 supersubstantialem
1985 839 2076 896 Dei
2125 840 2266 894 divi-

697 933 960 998 nitatem,
997 941 1220 988 caeteras
1297 946 1425 986 vero
1497 947 1621 987 esse
1689 942 1925 996 creatas,
1995 940 2262 1002 quotquot

693 1025 946 1079 videlicet
994 1025 1190 1079 divinae
1232 1024 1580 1092 operationes
1620 1039 1650 1078 a
1706 1024 1962 1079 Patribus
1998 1033 2264 1078 vocantur

693 1116 1029 1179 divinitates,
1083 1115 1228 1170 sicut
1290 1115 1453 1171 Arius
1501 1131 1669 1171 unam
1703 1115 1998 1170 increatam
2029 1116 2262 1170 asseruit

693 1207 869 1262 Patris
924 1222 1238 1275 personam,
1276 1218 1487 1263 creatas
1543 1218 1724 1262 atttem
1780 1206 1956 1270 alias;
1994 1221 2143 1260 nunc
2193 1205 2262 1260 ab

691 1299 928 1352 essentia
994 1313 1104 1351 non
1181 1298 1563 1353 discriminant
1641 1299 2035 1367 operationem,
2120 1295 2266 1351 sicut

693 1405 794 1446 nec
835 1389 1108 1445 Sabellius
1163 1405 1194 1444 a
1243 1390 1547 1444 substantia
1591 1404 1899 1459 personam.
1931 1387 1996 1442 Et
2021 1387 2099 1442 sic
2140 1387 2266 1442 uui-

693 1492 808 1537 tate
855 1483 1159 1537 divinitatis
1224 1483 1572 1537 divinitatum
1623 1490 1929 1553 pugnantes
1957 1479 2267 1535 distinctio-

695 1591 844 1636 nem.
903 1590 1073 1630 sacrae
1133 1576 1427 1644 Scripturae
1482 1583 1662 1631 textus
1722 1589 1888 1629 unam
1953 1580 2268 1628 astruentes

696 1662 1036 1717 divinitatem
1077 1663 1342 1718 adversus
1381 1664 1718 1718 ortltodoxos
1775 1671 2070 1730 utrumque
2095 1660 2266 1730 proii-

697 1759 874 1806 tentes
893 1761 1194 1820 congerunt
1229 1761 1282 1807 et
1323 1753 1462 1808 male
1493 1753 1781 1823 objiciunt.
1816 1752 1895 1806 Tu
1927 1766 2055 1805 vero
2074 1764 2264 1806 eorum

696 1857 976 1900 sermones
1001 1857 1322 1910 comparans
1344 1845 1445 1912 piae
1468 1845 1728 1899 doctrina:
1750 1842 1936 1908 indici,
1961 1841 2051 1912 qui
2077 1839 2268 1897 statuit

694 1936 940 2002 eiusdem
973 1935 1068 1990 Dei
1121 1936 1460 1992 divinitatem
1490 1936 1661 1990 altero
1681 1951 1847 1991 sensu
1875 1949 2000 1990 esse
2027 1946 2189 1987 unam
2211 1938 2268 1986 et

696 2028 866 2081 altero
911 2042 1020 2082 non
1079 2042 1280 2093 unam,
1331 2028 1453 2083 illos
1504 2028 1656 2097 ipsos
1704 2025 2104 2081 demonstraltis
2139 2037 2269 2079 vere

697 2119 1002 2189 polytlteos.
1060 2119 1260 2189 quippe
1291 2121 1383 2189 qui
1421 2130 1659 2175 creatam
1695 2117 1856 2173 simul
1891 2125 1944 2172 et
1971 2117 2267 2171 increatam

697 2227 822 2268 esse
851 2211 942 2267 Dei
975 2212 1314 2267 divinitatem
1349 2227 1515 2282 prave
1542 2210 1902 2276 contendunt,
1936 2209 2110 2263 solam
2147 2208 2268 2272 eius

695 2306 992 2361 essentiam
1051 2313 1302 2360 tenentes
1353 2318 1474 2358 esse
1547 2301 1845 2356 increatam
1902 2299 2267 2362 divinitatem,

698 2399 1016 2453 facultatem
1065 2411 1197 2452 vero
1266 2395 1384 2464 ejus
1441 2393 1831 2464 speculativam
1864 2393 2022 2458 ,vim
2083 2389 2269 2445 omnia

699 2500 826 2544 ante
877 2491 1210 2543 creationem
1267 2485 1498 2549 sciendi,
1557 2494 1612 2540 et
1664 2483 2045 2539 auctoritatem
2096 2481 2270 2550 ipsius

699 2584 1105 2651 potentiamque
1157 2589 1206 2633 et
1242 2577 1632 2649 providentiam
1687 2577 1830 2631 inter
1864 2583 2042 2630 creata
2093 2589 2270 2627 annu-

701 2685 936 2731 merant.
1002 2674 1090 2728 Sic
1121 2673 1246 2726 ~illis
1304 2671 1447 2726 Deus
1479 2671 1661 2739 aliqua
1719 2677 1935 2724 creatus
1984 2677 2040 2722 et
2086 2667 2269 2734 aliqua

699 2768 805 2822 crit
858 2767 1166 2826 increatus,
1199 2772 1252 2818 et
1281 2764 1333 2817 in
1379 2761 1651 2817 contraria
1677 2761 2006 2829 discerptus.
2034 2757 2138 2812 Sed
2171 2772 2272 2812 nec

700 2856 898 2910 Filium
939 2895 955 2919 ,
991 2871 1090 2908 nec
1149 2854 1412 2922 Spiritum
1479 2861 1729 2907 sanctum
1759 2849 2027 2904 creaturis
2059 2847 2270 2903 adscri-

702 2951 828 3002 bere
864 2956 1114 3017 possunt,
1170 2961 1294 2999 nam
1357 2953 1587 3009 uterque
1642 2950 1723 2997 est
1784 2939 2072 2996 tnell'abilis
2127 2939 2269 2994 haud

699 3055 860 3094 secus
919 3054 980 3092 ac
1035 3038 1212 3091 Pater.
1268 3036 1423 3102 Quod
1477 3035 1523 3090 si
1581 3049 1772 3088 rursus
1820 3032 2006 3086 dicant
2057 3031 2265 3085 nullum

701 3146 825 3184 esse
884 3129 1176 3183 discrimen
1236 3126 1528 3182 essentiam
1595 3126 1735 3180 inter
1786 3133 1841 3180 et
1873 3123 2267 3192 operationem,

2364 657 2658 722 δέδεικται,
2703 658 2798 712 τοῦ
2829 657 2996 712 αὐτοῦ
3035 656 3172 710 Θεοῦ
3197 656 3456 725 λέγοντας
3489 655 3744 726 θεότητα,
3777 657 3937 710 πολυ-

2366 748 2523 812 θέους
2549 749 2778 820 ἔφησαν.
2804 751 2971 804 Αὐτοὶ
3005 750 3136 803 ποτέ
3172 747 3272 818 μέν
3317 746 3451 818 μίαν
3485 746 3740 816 λέγοντες
3782 747 3937 802 ἀκτι-

2365 857 2491 894 στον
2518 841 2611 895 τοῦ
2648 841 2786 895 Θεοῦ
2816 841 3048 912 θεότητα
3080 841 3178 912 τὴν
3216 838 3655 911 ὑπερουσιότητα
3705 837 3936 907 ἐκείνην,

2366 933 2590 996 κτιστάς
2613 933 2671 987 δέ
2689 932 2789 997 τὰς
2818 932 3171 995 ὑπολοίπους,
3203 930 3326 985 ὅσαι
3351 929 3596 1001 δηλονότι
3637 928 3751 982 τῶν
3780 929 3938 982 θείων

2365 1022 2658 1091 ἐνεργειῶν
2685 1022 3090 1093 θεωνυμοῦνται
3107 1021 3256 1091 παρά
3275 1019 3386 1074 τῶν
3407 1019 3600 1089 ἁγίων,
3617 1019 3694 1083 ὡς
3719 1021 3940 1091 ’Δρειος

2371 1115 2498 1184 μίαν
2526 1115 2782 1169 ἀκτιστον
2820 1113 3118 1167 ὑπόστασιν
3167 1112 3266 1182 τὴν
3289 1111 3385 1165 τοῦ
3434 1110 3669 1180 Πατρδς,
3716 1111 3939 1176 κτιστάς

2365 1205 2423 1258 δέ
2455 1205 2552 1268 τάς
2603 1204 2932 1266 ὑπολοίπους
2957 1221 2970 1235 ·
3007 1203 3102 1257 νῦν
3129 1203 3186 1257 δέ
3218 1202 3512 1273 ἀδιάφορον
3539 1204 3604 1272 τῇ
3651 1201 3814 1273 οὐσίᾳ
3841 1203 3936 1271 τὴν

2366 1297 2670 1368 ἐνέργειαν,
2705 1297 2780 1359 ὼς
2805 1299 2833 1350 ὁ
2865 1295 3152 1355 Σαϐέλλιος
3199 1297 3266 1365 τῇ
3297 1294 3456 1365 οὐσίᾳ
3487 1293 3586 1362 τὴν
3614 1293 3934 1358 ὑπόστασιν,

2367 1390 2461 1442 καὶ
2484 1387 2627 1441 οὕτω
2656 1389 2718 1442 τὸ
2746 1389 2946 1444 ἐνιαῐον
2976 1388 3077 1454 τῆς
3120 1386 3374 1456 θεότητος
3398 1385 3932 1454 ἐπιστρατεύσαντες

2365 1479 2444 1548 τῷ
2483 1479 2892 1551 διακεκριμένῳ
2929 1480 3025 1543 τὰς
3053 1480 3162 1534 ἀπὸ
3190 1479 3300 1532 τῶν
3341 1479 3506 1548 ιερῶν
3535 1478 3776 1548 Γραφῶν
3814 1479 3936 1549 περὶ

2373 1572 2505 1642 μιᾶς
2529 1572 2781 1642 θεότητος
2815 1573 3003 1644 ῥήσεις
3033 1573 3492 1642 συμφορήσαντες
3526 1569 3668 1624 κατά
3697 1569 3811 1622 τῶν
3848 1568 3935 1639 όρο

2368 1662 2597 1726 θοδόξως
2617 1663 2904 1733 ἀμφότερα
2927 1663 3289 1733 φρονούντων,
3312 1660 3708 1732 προϐάλλονται
3727 1659 3932 1723 κακῶς.

2368 1753 2440 1806 Σὺ
2467 1754 2526 1806 δέ
2558 1754 2930 1825 προσαγαγὼν
2969 1755 3097 1818 τοὺς
3127 1753 3350 1808 ἐκείνων
3376 1753 3570 1821 λόγους
3613 1751 3692 1822 τῷ
3723 1752 3822 1822 τῆς
3847 1752 3934 1806 εὐο

2371 1844 2587 1907 σεϐείας
2619 1843 2878 1916 γνώμονι,
2911 1845 2970 1907 δς
3003 1846 3098 1900 τοῦ
3129 1843 3296 1899 αὐτοῦ
3342 1844 3578 1914 θεότητά
3609 1861 3800 1914 φησιν,
3824 1844 3932 1897 ἐστι

2371 1933 2470 2004 μὲν
2499 1933 2572 1997 ὣς
2609 1935 2758 2004 μίαν,
2813 1935 2929 1989 ἐστι
2964 1936 3008 1990 δ’
3039 1935 3114 1998 ῶς
3149 1935 3210 1989 οὐ
3270 1934 3423 2004 μίαν,
3459 1935 3704 1998 ἐκείνους
3742 1933 3932 1998 αὐτοὺς

2369 2025 2568 2091 δείξεις
2600 2026 2897 2090 πολυθέους
2918 2026 3086 2091 δντως
3111 2027 3296 2094 ὄντας,
3317 2027 3393 2092 ὡς
3422 2027 3648 2097 κτιστὴν
3674 2029 3768 2082 καὶ
3794 2027 3933 2082 ἀκτιο

2371 2135 2495 2173 στον
2524 2119 2619 2172 τοῦ
2669 2118 2806 2174 Θεοῦ
2844 2121 3073 2191 θεότητα
3109 2120 3424 2191 φάσκοντας
3469 2120 3679 2189 κακῶς,
3714 2121 3816 2191 τὴν
3842 2122 3933 2190 μὲν

2369 2209 2538 2264 αὐτοῦ
2569 2211 2758 2265 οὐσίαν
2785 2211 2957 2281 μόνην
2990 2212 3245 2266 ἄκτιστον
3271 2208 3414 2268 εἷναι
3439 2212 3798 2276 διδάσκοντας
3827 2213 3934 2265 θεό-

2368 2323 2531 2376 τητα,
2563 2306 2658 2376 τὴν
2683 2307 2742 2360 δέ
2769 2307 3026 2377 θεατικὴν
3053 2307 3285 2375 δύναμίν
3313 2324 3374 2360 τε
3410 2308 3506 2361 καὶ
3537 2307 3824 2377 ἐνέργειαν
3849 2306 3932 2359 τοῦ

2369 2397 2551 2450 πάντα
2586 2398 2718 2465 πρὶν
2764 2397 3034 2464 γενέσεως
3062 2397 3264 2460 εἰδότος
3293 2397 3390 2450 καὶ
3417 2396 3516 2467 τὴν
3547 2396 3713 2450 αὐτοῦ
3760 2397 3932 2463 ἀξίαν,

2370 2489 2467 2541 καὶ
2499 2489 2600 2556 τὴν
2631 2487 2876 2553 ἐξουσίαν
2921 2489 3017 2541 καὶ
3056 2489 3156 2557 τὴν
3186 2490 3446 2558 πρόνοιαν
3474 2489 3550 2550 είς,
3599 2487 3807 2556 κτίσμα
3838 2504 3930 2539 κα-

2369 2578 2714 2642 τασπῶντας.
2763 2577 2920 2633 Οῦτω
2949 2579 3057 2648 γὰρ
3106 2579 3200 2631 καὶ
3230 2579 3258 2630 ὁ
3285 2578 3420 2641 Θεὸς
3467 2578 3655 2640 αὐτοῖς
3703 2576 3784 2646 πῆ
3841 2579 3933 2646 μὲν

2371 2672 2614 2737 κτιστδς,
2647 2672 2723 2741 πῆ
2748 2671 2791 2725 δ’
2832 2672 3086 2734 ἀκτιστος
3131 2671 3367 2740 ὑπάρξει
3405 2670 3502 2724 καὶ
3537 2671 3618 2732 είς
3643 2668 3932 2722 τάναντιώ-

2369 2779 2509 2815 τατα
2557 2763 2902 2837 διῃρημένος.
2937 2762 3070 2814 Οὐδέ
3121 2763 3229 2832 γὰρ
3259 2762 3351 2815 τὸν
3383 2761 3510 2814 Υίδν
3543 2761 3576 2831 ἦ
3623 2760 3686 2813 τὸ
3717 2760 3934 2824 Πνεῦμα

2369 2853 2434 2907 τὸ
2456 2854 2608 2922 ἆγιον
2633 2855 2847 2926 ἔχουσιν
2872 2854 3326 2923 ὑπολογίζεσθαι·
3361 2853 3570 2907 τούτων
3613 2852 3724 2923 γὰρ
3757 2852 3936 2907 ἑκάτε-

2374 2960 2469 3011 ρον
2493 2942 2771 3011 ἄφραστον
2800 2946 2996 3014 ἐπῐσης
3028 2943 3106 3012 τῷ
3137 2943 3336 3014 Πατρί.
3364 2943 3426 2995 Εἰ
3450 2942 3499 2996 δ’
3539 2937 3696 3003 αὖθις
3728 2942 3936 3010 λέγοιεν

2371 3033 2663 3106 ἀδιάφορον
2719 3033 2860 3090 εἶναι
2893 3039 2958 3107 τῇ
2988 3035 3148 3107 οὐσίᾳ
3190 3035 3288 3107 τὴν
3333 3034 3641 3105 ἐνέργειαν,
3691 3036 3774 3096 είς
3817 3033 3938 3103 μίαν

2372 3123 2576 3187 ταύτας
2621 3125 3052 3194 συναλείφοντες,
3099 3126 3264 3179 πάλιν
3292 3126 3432 3180 κατά
3473 3125 3565 3178 τὸν
3605 3125 3773 3179 αὐτὸν
3811 3124 3940 3194 γνὼ-

701 3224 908 3290 hasque
941 3223 993 3274 itt
1081 3235 1243 3274 unam
1329 3217 1685 3282 Coalescere;
1732 3224 1786 3271 lu
1858 3216 2054 3269 iterum
2109 3216 2264 3284 juxta

2377 3231 2513 3284 μονα
2545 3215 2643 3284 τῆς
2693 3217 2980 3281 εὐσεϐείας
3021 3216 3145 3270 εἰπέ
3174 3216 3267 3270 καὶ
3304 3218 3420 3280 πῶς
3466 3217 3499 3288 ἡ
3543 3216 3642 3286 μὲν
3681 3216 3871 3288 νοητὴ,
3903 3217 3937 3287 ἠ

697 3312 948 3366 eumdem
1009 3309 1127 3363 litlei
1183 3309 1419 3364 indicem
1471 3307 1560 3363 die
1593 3307 1868 3376 quomodo
1903 3306 2160 3360 traditum
2195 3305 2269 3360 sit

696 3401 1244 3471 comprehensibilem
1331 3415 1452 3455 esse
1536 3410 1591 3454 et
1658 3398 2262 3467 incompreltensiltiletu

695 3496 940 3565 ejusdem
1005 3494 1364 3554 divinitatem,
1428 3491 1801 3559 visibilemque
1852 3490 1919 3544 iis
1967 3504 2105 3558 quos
2133 3490 2266 3542 inte-

699 3589 808 3642 rior
869 3585 1107 3657 Spiritus
1179 3585 1352 3640 virtus
1401 3585 1598 3652 dignos
1657 3582 1806 3646 facit,
1879 3591 1933 3636 et
2013 3580 2268 3634 omnibus

694 3679 908 3734 ceteris
970 3678 1322 3740 iuvisibilem,
1395 3675 1909 3732 communicabilem
1966 3680 2132 3742 atque
2180 3673 2262 3724 in-

695 3769 1227 3825 eomntuuicabilem.
1280 3767 1466 3839 Neque
1529 3768 1676 3823 enim
1741 3776 1887 3822 recte
1951 3773 2268 3819 censeretur

699 3862 926 3929 intelligi
977 3861 1359 3929 partieiparive
1413 3869 1506 3914 aut
1556 3859 1730 3913 videri
1754 3854 2266 3927 posseacreaturis

699 3949 791 4003 Dei
836 3950 1152 4011 essentiam,
1211 3949 1354 4001 sicut
1407 3949 1460 4000 in
1506 3945 1827 4016 praecedenti
1881 3942 2266 3998 dissertatione

695 4039 1215 4094 demonstravimus.
1275 4037 1506 4094 Videsne
1542 4046 1600 4091 ιιι
1637 4037 1838 4106 optime
1872 4033 1999 4090 talia
2032 4033 2176 4086 inter
2207 4046 2266 4086 se

694 4132 882 4186 collisa
934 4131 1116 4184 lumen
1173 4129 1388 4198 pietatis
1437 4127 1659 4181 eliciant
1691 4125 1961 4190 ﬁdelibus,
1989 4132 2042 4178 et
2075 4125 2129 4177 in
2156 4122 2268 4177 Ita:-

695 4222 894 4275 retieos
927 4221 1104 4290 ignem
1133 4219 1499 4274 damnationis
1531 4217 1822 4272 emittant?

768 4309 945 4362 Tltcot.
1003 4308 1215 4377 Optime
1251 4323 1267 4365 :
1305 4321 1427 4360 nam
1485 4320 1585 4374 ego
1641 4303 1711 4357 ab
1769 4304 1882 4371 ipsa
1930 4300 2265 4370 experientia

693 4402 879 4464 didici,
916 4400 1098 4454 animo
1143 4398 1255 4467 jam
1293 4413 1357 4451 ex
1399 4397 1484 4452 bis
1512 4395 1806 4458 elucidato,
1845 4395 2060 4448 acutius
2084 4393 2266 4447 videre

696 4493 976 4558 religionis
999 4490 1302 4544 veritatem.
1327 4489 1417 4542 Sic
1437 4487 1584 4542 enim
1621 4502 1788 4540 unum
1819 4485 2266 4554 individuumque

2373 3307 2432 3360 δέ
2485 3309 2844 3380 ἀπερινόητος
2885 3308 3301 3380 ἀναγέγραπται
3355 3309 3448 3364 τοῦ
3505 3309 3673 3363 αὐτοῦ
3723 3309 3936 3379 θεότης,

2373 3400 2541 3468 ὁρατή
2575 3417 2636 3452 τε
2657 3403 2768 3462 τοῖς
2795 3401 2968 3468 ἀξίοις
2989 3401 3325 3472 ἀπορρήτως
3355 3402 3411 3453 ἐν
3434 3401 3664 3471 δυνάμει
3695 3401 3941 3470 πνεύμα-

2373 3507 2466 3554 τος
2497 3493 2592 3545 καὶ
2625 3494 2758 3546 πᾶσι
2803 3491 3150 3546 παντάπασιν
3194 3492 3428 3563 ἀόρατος
3455 3493 3696 3563 μεθεκτή
3733 3510 3802 3546 τε
3853 3493 3940 3546 καὶ

2375 3582 2680 3652 ἀμέθεκτος
2706 3601 2720 3614 ·
2764 3583 2885 3637 οὐδέ
2924 3583 3034 3655 γὰρ
3059 3585 3238 3639 ἐκεῖνο
3283 3585 3505 3650 εὐσεϐὲς
3552 3586 3661 3640 ἀπὸ
3688 3584 3804 3640 τῶν
3834 3601 3941 3638 κτι-

2376 3675 2597 3744 σμάτων
2645 3674 2883 3727 νοεῖσθαι
2931 3674 3202 3743 οῐεσθαιῆ
3251 3675 3578 3745 μετέχεσοαι
3623 3675 3658 3747 ἢ
3711 3675 3940 3746 δρᾶσθαι

2373 3765 2472 3837 τὴν
2491 3767 2678 3819 οὐσίαν
2707 3766 2800 3820 τοῦ
2824 3766 2981 3829 Θεοῦ,
3011 3767 3261 3838 καθάπερ
3284 3769 3340 3820 ἐν
3365 3770 3433 3838 τῇ
3461 3767 3566 3837 πρὸ
3598 3767 3812 3839 ταύτης
3837 3769 3940 3822 δια-

2373 3857 2516 3923 λέξει
2557 3857 3048 3928 προαπεδείξαμεν.
3091 3856 3233 3911 Ἀλλ’
3274 3859 3406 3928 δρᾷς
3443 3860 3591 3922 ὅπως
3634 3859 3825 3922 καλῶς
3878 3855 3940 3911 τὰ

2373 3941 2600 3998 τοιαῦτα
2631 3945 3050 4015 συγκρουόμενα
3088 3947 3226 4015 πρὸς
3257 3947 3462 4016 ἀλληλα
3502 3948 3622 4016 φῶς
3648 3948 3754 4018 μὲν
3791 3950 3938 4003 εὐσε-

2373 4033 2528 4095 ϐείας
2554 4034 2828 4099 ἐκλάμπει
2854 4039 2964 4098 τοῖς
2992 4038 3226 4101 πιστοῖς,
3255 4035 3367 4109 πῦρ
3391 4037 3448 4090 δὲ
3475 4039 3782 4111 καταδίκης
3808 4037 3939 4093 κατά

2373 4122 2486 4176 τῶν
2515 4124 2758 4178 ἀπειθῶν
2791 4125 2985 4193 ἀφίησι
3011 4142 3029 4190 ;

2446 4302 2613 4356 Θεότ.
2649 4298 2723 4358 Εῦ
2782 4301 2958 4372 μάλαο
2989 4303 3084 4356 καὶ
3142 4303 3251 4372 γὰρ
3295 4305 3475 4373 ἐγωγε
3502 4304 3572 4358 δι’
3621 4304 3800 4377 αὐτῆς
3851 4304 3940 4372 τῆς

2372 4394 2568 4464 πείρας
2619 4393 2822 4461 ἔμαθον
2879 4394 3268 4465 διαυγέστερον
3300 4396 3399 4466 ἢδη
3456 4398 3808 4468 κτησάμενος
3854 4399 3938 4450 τὸν

2374 4487 2500 4540 νοῦν
2524 4486 2589 4538 ἐκ
2617 4485 2726 4536 τῶν
2755 4485 3037 4550 τοιούτων,
3067 4487 3162 4539 καὶ
3189 4484 3447 4557 ὀξύτερον
3469 4491 3702 4560 συνορᾷν
3725 4489 3830 4559 τὴν
3851 4488 3938 4556 τῆς

695 4582 959 4650 Spiritum
1025 4579 1259 4632 dicimus
1321 4575 1614 4641 honorari,
1678 4577 1900 4645 quando
1969 4576 2263 4630 essentiam

2374 4576 2653 4640 εὐσεϐείας
2674 4575 2955 4648 ἀλήθειαν.
2987 4576 3144 4632 Οῦτω
3167 4578 3276 4650 γὰρ
3300 4581 3393 4632 καὶ
3412 4579 3470 4632 ἓν
3499 4579 3724 4651 Πνεῦμα
3741 4579 3936 4652 ἀμερὲς

694 4687 1092 4744 personamque
1127 4671 1293 4738 ipsam
1331 4669 1668 4738 appellamus
1697 4667 1984 4738 Spiritum;
2011 4668 2270 4736 multipli-

694 4781 810 4818 cem
843 4779 969 4819 vero
995 4763 1131 4817 altas
1183 4761 1432 4815 eumdem
1462 4759 1721 4818 dicimus.
1753 4770 2068 4828 septemque
2099 4773 2268 4812 unum

695 4872 816 4910 esse
860 4855 1144 4918 docemur,
1183 4863 1238 4908 et
1267 4854 1414 4906 hunc
1434 4851 1802 4906 diversimode
1835 4850 2270 4906 communicabi-

695 4945 800 4998 lem
840 4959 958 4998 esse
994 4959 1091 5012 per
1118 4958 1302 4997 sacras
1335 4941 1638 4995 eil‘usiones
1659 4950 1714 4995 et
1764 4941 2106 5008 operationes
2158 4941 2267 4995 divi

697 5037 933 5104 Spit-itus
986 5038 1326 5105 prolitemur.
1391 5033 1968 5088 lucommutticabiletn
2015 5033 2181 5102 igitur
2212 5042 2266 5087 tu

694 5130 835 5183 dicis
856 5129 944 5181 Dei
969 5128 1268 5182 essentiam
1301 5142 1363 5180 ac
1393 5139 1668 5180 naturam.

773 5305 998 5375 Tlteoph.
1041 5304 1312 5372 Proiecto,
1349 5305 1491 5360 Itane
1521 5305 1730 5361 scilicet
1755 5318 1877 5375 quae
1905 5314 1987 5360 est
2021 5303 2141 5360 sine
2168 5318 2270 5359 no-

699 5401 845 5456 mine
873 5411 924 5454 et
946 5415 1108 5468 supra
1164 5414 1324 5454 omne
1352 5415 1573 5454 nomen.

771 5491 950 5546 ΤΙιεοι.
981 5489 1502 5546 Communicabilem
1535 5506 1660 5545 vero
1706 5501 1759 5544 et
1798 5489 2264 5560 comprehensibi-

696 5579 799 5634 letn
855 5581 1055 5634 asseris
1100 5581 1353 5635 virtutem
1401 5590 1452 5635 et
1485 5580 1800 5651 potentiam,
1837 5595 2000 5651 quam
2039 5594 2268 5651 magnus

697 5671 932 5726 Basilius
957 5671 1093 5726 dixit
1115 5688 1180 5727 ex
1207 5673 1462 5742 eperibus
1494 5673 1737 5741 intelligi.

771 5762 998 5832 Tltcoplt.
1073 5766 1146 5818 Ila
1206 5773 1309 5820 est.
1374 5763 1551 5819 Mullte
1610 5776 1788 5820 autem
1821 5777 1949 5820 sunt
1978 5766 2140 5819 varia:
2168 5765 2262 5821 Dei

699 5858 1244 5926 communicationes,
1313 5867 1371 5914 ut
1428 5857 1670 5914 diximus
1708 5857 1760 5912 in
1791 5859 1933 5914 libro
1966 5859 2031 5915 de
2061 5858 2263 5914 divinis

2373 4668 2702 4740 πρεσϐεύειν
2747 4667 3000 4737 λέγομεν,
3034 4670 3164 4722 ὅταν
3210 4671 3312 4738 τὴν
3369 4671 3626 4743 οὐσίανῆ
3673 4673 3776 4742 τὴν
3814 4672 3936 4724 tis-:6-

2371 4776 2562 4813 στασιν
2591 4759 2763 4830 αὐτὴν
2815 4759 3072 4830 καλῶμεν
3123 4760 3346 4830 πνεῦμα
3367 4779 3383 4794 ·
3417 4761 3732 4832 πολυμερὲς
3764 4763 3813 4816 δ’
3854 4761 3937 4814 ἀλ·

2369 4847 2489 4901 λοτέ
2523 4865 2702 4916 φαμεν
2733 4848 2888 4916 αὐτὸ,
2913 4849 3008 4901 καὶ
3033 4849 3174 4902 ἐπτά
3203 4846 3346 4903 εἶναι
3375 4851 3746 4922 διδασκόμεθα
3775 4853 3836 4906 τὸ
3861 4850 3932 4914 ἐν,

2370 4942 2465 4993 καὶ
2502 4939 2765 5010 μεθεκτὸν
2795 4940 2953 4994 τοῦτο
2979 4942 3263 5012 διαφόρως
3291 4947 3421 5013 περὶ
3446 4943 3556 4996 τῶν
3589 4945 3752 5000 θείων
3782 4942 3934 5014 «pod-

2368 5033 2476 5086 δων
2507 5033 2600 5085 καὶ
2630 5034 2925 5102 ἐνεργειῶν
2954 5033 3050 5088 τοῦ
3081 5035 3200 5098 ἐνὸς
3231 5036 3379 5089 θείου
3415 5037 3740 5103 Πνεύματος
3764 5037 3936 5091 ποιού-

2374 5141 2526 5195 μενοι
2559 5124 2649 5177 τὶν
2678 5124 2856 5194 λόγον.
2905 5126 3236 5196 Ἀμέθεκτον
3265 5123 3360 5182 οὖν
3393 5127 3460 5180 σὺ
3491 5129 3592 5200 τὴν
3621 5129 3814 5184 οὐσίαν
3839 5127 3935 5197 φὴς

2371 5217 2467 5269 καὶ
2500 5217 2664 5284 φύσιν
2696 5217 2792 5272 τοῦ
2827 5219 2989 5274 Θεοῦ.

2443 5310 2621 5378 Θεοφ.
2668 5308 2802 5376 Ναὶ,
2845 5310 2945 5379 τὴν
2996 5311 3283 5384 ἀνώνυμον
3336 5313 3556 5383 ἐκείνην
3584 5313 3682 5366 καὶ
3729 5307 3937 5380 ὑπεριίμ

2370 5417 2559 5472 νυμον.

2450 5491 2616 5545 Θεότ.
2645 5492 2931 5563 Μεθεκτὴν
2963 5493 3020 5548 δέ
3050 5494 3145 5548 καὶ
3195 5494 3392 5567 νοητὴν
3439 5495 3538 5566 τὴν
3585 5496 3817 5565 δύναμιν
3853 5491 3939 5544 καὶ

2372 5583 2472 5653 τὴν
2501 5583 2805 5654 ἐνέργειαν,
2829 5585 2897 5656 ῆν
2925 5589 3016 5638 καὶ
3039 5589 3067 5640 ὁ
3093 5587 3263 5656 μέγας
3292 5587 3397 5656 ἔφη
3428 5585 3709 5648 Βασίλειος
3739 5586 3808 5638 ἐκ
3837 5582 3939 5636 τῶν

2369 5677 2696 5743 ποιημάτων
2735 5677 3280 5746 καταλαμϐάνεσθαι.

2443 5771 2618 5838 Θεοφ.
2657 5768 2815 5822 Τοῦτ’
2838 5769 2992 5824 αὐτό.
3020 5770 3307 5834 Μεθέξεως
3337 5770 3518 5840 μέντοι
3548 5769 3644 5822 τοῦ
3667 5765 3804 5820 Θεοῦ
3833 5764 3938 5817 δια·

2369 5859 2539 5932 φοραὶ
2570 5861 2779 5925 πολλαὶ,
2831 5861 2905 5926 ὡς
2941 5863 2998 5921 ἐν
3023 5863 3100 5933 τῷ
3147 5862 3278 5938 περὶ
3326 5860 3486 5922 θείων
3519 5859 3810 5932 ἐνεργειῶν
3843 5857 3932 5913 καὶ
