4180 6308
699 262 803 326 931
863 289 869 294 ·

1968 263 2352 328 GREGORII
2389 269 2710 334 PALAMZE

3825 271 3931 336 932

695 376 969 445 gationem
997 388 1061 430 ac
1091 373 1633 430 demonstrationem.
1659 373 1816 428 Nilne
1839 373 1982 431 enim
2016 374 2265 446 equidem

2367 379 2624 451 ἀληθείας
2653 380 2879 451 ἔρευναν
2910 399 2971 435 τε
3014 380 3109 436 καὶ
3139 379 3440 448 ἀπόδειξιν.
3468 381 3582 436 Νῦν
3612 381 3722 451 γὰρ
3762 381 3936 452 ἔγωγε

696 483 726 522 a
776 478 827 522 te
876 469 1177 524 instructus
1212 468 1458 538 intelligo
1491 468 1638 531 illos,
1671 466 1930 537 praefatos
1954 476 2136 524 textus
2167 483 2268 539 pro

699 575 896 631 magno
925 559 1172 631 exemplo
1196 560 1515 631 allegantes,
1541 559 2049 616 communicabilem
2083 561 2269 615 dicere

697 653 996 708 essentiam
1051 660 1107 707 et
1154 661 1405 707 naturam
1447 651 1578 705 Dei:
1614 650 1718 704 hoc
1750 650 1942 720 igitur,
1979 660 2168 721 utpote
2202 652 2269 707 ad

698 743 1036 812 propositum
1087 743 1245 797 finem
1288 741 1544 797 omnibus
1599 742 1807 808 utilius,
1831 742 2064 811 explana
2088 742 2267 814 quoad

700 837 876 890 facere
907 834 1134 904 puteris.

771 927 998 996 Theoph.
1040 926 1091 979 Id
1147 939 1387 994 quoque,
1444 924 1589 980 sicut
1640 934 1692 979 et
1745 925 2030 993 praedicta,
2062 925 2267 996 duplici

589 1074 591 1076 .
697 1019 900 1088 pariter
937 1018 1208 1086 accipitur
1243 1032 1426 1079 sensu,
1461 1031 1492 1070 ο
1543 1017 1893 1073 charissima.
1928 1018 2066 1072 Audi
2120 1020 2264 1073 enim

699 1125 886 1164 rursus
911 1110 1160 1161 eumdem
1193 1107 1487 1162 Maximum
1521 1107 1789 1162 dicentem
1821 1130 1833 1163 :
1864 1127 1883 1162 ι
1920 1109 2021 1176 Qui
2049 1111 2266 1167 entibus

696 1215 803 1252 non
833 1207 915 1252 est
950 1199 1186 1251 essentia
1222 1197 1725 1262 communicabilis,
1747 1199 1852 1251 alio
1883 1209 2062 1254 tamen
2101 1200 2266 1255 modo

695 1291 802 1342 vult
836 1289 1040 1358 capacit
1067 1306 1131 1343 us
1166 1289 1591 1352 communicari,
1634 1305 1698 1344 ex
1750 1290 2266 1359 impenetrabilitate

692 1397 803 1435 suae
835 1381 1080 1434 essentne
1127 1394 1234 1433 non
1266 1379 1399 1433 exit.
1442 1398 1461 1432 ι
1498 1379 1556 1435 ΕΙ
1593 1381 1823 1436 iterum:
1875 1398 1894 1433 ι
1931 1380 2053 1438 Τυῑί
2104 1399 2262 1454 pror-

690 1489 785 1526 StlS
827 1472 1095 1524 ellicitnttr
1139 1472 1238 1536 dii,
1289 1481 1486 1541 praeter
1531 1471 1787 1526 essentia:
1835 1471 2198 1530 identitatem.
2238 1492 2257 1526 ι

694 1562 756 1615 Ει
803 1563 1037 1615 iterum.:
1072 1579 1090 1612 ι
1131 1560 1293 1615 Beata
1319 1560 1578 1616 divinitas
1603 1561 1838 1615 essentia
1866 1576 2080 1615 omnem
2113 1561 2266 1616 lucu-

691 1655 895 1707 tiom-in
952 1653 1306 1721 notitiamque
1351 1666 1403 1708 et
1435 1653 1755 1708 latinitatem
1784 1651 1992 1706 inﬁnite
2021 1663 2262 1722 superat,

690 1763 790 1801 nec
817 1749 984 1800 ullum
1015 1747 1523 1814 comprehensionis
1549 1745 1835 1821 vestigium
1867 1746 1950 1799 vel
1977 1746 2259 1802 minimum

689 1838 958 1891 creaturis
1018 1837 1301 1904 relinquit.
1343 1855 1361 1887 ι
1402 1836 1469 1890 Ει
1500 1837 1838 1892 Athanasius
1881 1836 2106 1905 Magnus
2145 1841 2266 1892 ait:

694 1948 712 1980 ι
751 1928 948 1985 Deiﬁca
998 1931 1171 1998 gratia
1232 1929 1591 1998 partieipatur
1635 1937 1688 1982 et
1738 1929 1959 1985 videtur
2011 1944 2040 1984 a
2083 1930 2262 2002 dignis

691 2019 863 2081 Dens,
913 2020 1152 2074 essentia
1205 2033 1336 2073 vero
1379 2018 1920 2074 incommuuicabilis
1967 2025 2073 2074 est.
2121 2037 2141 2072 ι
2196 2018 2263 2074 Et

691 2113 890 2164 iterum
919 2126 934 2164 :
976 2128 994 2161 ι
1027 2110 1160 2166 Esse
1211 2108 1381 2163 Deum
1427 2119 1511 2165 cst
1541 2109 1865 2164 secundaria
1901 2119 2108 2165 natura:
2137 2126 2263 2180 pro-

690 2205 915 2273 prietas,
970 2219 1092 2257 nam
1154 2211 1208 2258 et
1259 2218 1358 2258 nos
1399 2203 1470 2257 dii
1509 2201 1808 2267 eilicimur;
1869 2204 1962 2258 sed
2016 2203 2258 2274 ejusdem

661 2293 809 2350 ‘esse
849 2304 1058 2350 naturae
1084 2310 1190 2348 non
1219 2308 1533 2364 possumus.
1573 2312 1591 2345 ι
1633 2293 1696 2346 Et
1728 2293 1926 2348 iterum
1957 2311 1972 2349 :
2013 2312 2032 2345 ‹
2068 2292 2263 2364 Liquet

689 2404 798 2444 non
839 2390 1133 2444 essentiam
1170 2386 1297 2454 Dei,
1334 2387 1430 2442 sed
1481 2386 1710 2458 gloriam
1749 2400 1778 2440 a
1834 2385 2042 2442 sanctis
2088 2387 2260 2443 visam

690 2480 882 2546 fuisse,
916 2481 1063 2535 sicut
1094 2479 1162 2534 de
1215 2479 1484 2551 apostolis
1524 2478 1788 2549 scriptum
1823 2485 1906 2533 est
1944 2478 2264 2550 expergefa-

688 2585 808 2628 ctos
852 2573 1068 2626 Petrum
1119 2581 1175 2625 et
1213 2572 1306 2640 qui
1353 2587 1478 2628 cum
1511 2585 1579 2627 eo
1611 2580 1769 2625 erant
1803 2570 2002 2629 vidisse
2031 2573 2261 2644 gloriam

689 2665 830 2735 ejus.
871 2682 890 2715 ι
927 2663 991 2717 Ει
1027 2663 1261 2718 Basilius
1295 2661 1559 2733 Magnus:
1601 2681 1620 2716 ι
1655 2662 2014 2734 Operationes
2045 2665 2165 2736 ejus
2193 2664 2263 2722 ad

693 2769 794 2807 nos
828 2753 1190 2820 descendunt,
1221 2752 1462 2807 essentia
1507 2765 1636 2807 vero
1668 2760 1851 2807 manet
1893 2753 2198 2810 inaccessa.
2237 2772 2256 2807 ι

691 2843 759 2899 Ει
795 2859 1027 2898 rursus:
1068 2861 1088 2896 ι
1138 2841 1248 2899 Nos
1290 2858 1355 2898 ex
1400 2843 1812 2912 operationibus
1860 2843 1977 2900 suis
2027 2844 2263 2902 dicimus

693 2936 1040 2992 innotescere
1071 2935 1233 2991 nobis
1289 2935 1459 2990 Deum
1491 2945 1765 3016 nostrum,
1803 2937 1869 2992 ad
1905 2938 2027 3008 ejus
2079 2945 2261 2994 autem

2369 471 2462 526 σοῦ
2493 474 2904 542 ἀναμνήσαντος
2932 473 3277 545 ἐνεθυμήθην
3306 473 3380 536 ὡς
3410 474 3477 526 τά
3498 472 3706 526 τοιαῦτ’
3740 474 3938 528 ἐκεῖνοι

2365 564 2508 634 μέγα
2549 562 2749 633 δεῖγμα
2793 562 3224 634 προϐαλλόμενοι
3271 562 3546 635 μεθεκτήν
3587 579 3753 632 φασιν
3798 558 3936 617 εἶναι

2361 656 2462 726 τὴν
2489 653 2677 708 οὐσίαν
2707 655 2804 708 καὶ
2845 655 2945 725 τὴν
2983 659 3143 724 φύσιν
3175 655 3271 708 τοῦ
3299 655 3458 711 Θεοῦ.
3507 655 3594 720 Ὠς
3619 645 3718 710 οῦν
3740 655 3936 726 προέρ-

2361 765 2459 818 γου
2493 747 2552 802 ὃν
2581 748 2782 812 παντὸς
2814 747 3016 819 μᾶλλον
3056 751 3136 813 είς
3169 747 3268 822 τὴν
3312 752 3686 822 προκειμένην
3722 750 3932 823 σκέψιν,

2367 836 2703 910 διασάφησον
2728 841 2900 910 ὁπόση
2932 842 3186 912 δύναμις.

2439 931 2616 998 Θεοφ.
2649 931 2759 984 Kal
2787 932 2946 986 τοῦτο
2986 935 3390 1008 παραπλησίως
3429 938 3543 1000 τοῖς
3578 938 3841 1008 ἀνωτέρω
3869 939 3937 992 είς

2370 1019 2629 1088 ρημένοις
2681 1023 2779 1092 τῆς
2839 1023 3011 1093 αὐτῆς
3057 1025 3241 1095 ἔχεται
3297 1027 3544 1095 διπλόης,
3597 1023 3643 1081 ὦ
3694 1029 3936 1096 φιλότης,

2370 1112 2568 1165 Ἀκουε
2597 1111 2706 1184 γὰρ
2735 1110 2891 1176 αὖθις
2920 1116 3015 1170 τοῦ
3038 1116 3203 1170 αὐτοῦ
3233 1117 3488 1186 Μαξίμου
3511 1119 3792 1187 λέγοντος,
3825 1140 3844 1173 ι
3881 1120 3936 1174 '0

2365 1206 2478 1267 τοῖς
2512 1203 2631 1257 οῦσι
2663 1206 2739 1276 μὴ
2777 1209 2900 1262 κατ’
2930 1208 3121 1261 οὐσίαν
3147 1209 3415 1280 ὑπάρχων
3448 1211 3734 1279 μεθεκτὸς,
3768 1214 3937 1284 ἑτέρῳ

2365 1293 2423 1347 δὲ
2462 1294 2652 1364 τρόπῳ
2712 1297 3040 1367 μετέχεσθαι
3078 1300 3192 1362 τοῖς
3243 1301 3561 1370 δυναμένοις
3594 1303 3932 1374 βουλόμενος,

2365 1385 2460 1438 τοῦ
2495 1387 2616 1440 κατ’
2642 1389 2832 1444 οὐσίαν
2865 1390 3102 1461 κρυφίου
3132 1392 3418 1456 παντελῶς
3442 1395 3542 1447 οὐκ
3582 1396 3883 1461 ἐξίσταται.
3912 1417 3929 1449 ι

2366 1479 2476 1531 Καὶ
2508 1479 2671 1533 πάλιν
2692 1497 2706 1511 ο
2745 1500 2764 1533 ι
2805 1481 2958 1536 Ὀλοι
2986 1482 3162 1537 διόλου
3199 1485 3465 1554 γινόμεθα
3496 1485 3609 1540 θεοὶ
3645 1493 3819 1559 χωρὶς
3847 1493 3936 1560 τῆς

2366 1570 2487 1623 κατ’
2515 1571 2705 1625 οὐσίαν
2726 1573 3075 1641 ταυτότητος.
3113 1594 3132 1628 ο
3165 1577 3274 1630 Kal
3305 1577 3468 1630 πάλιν
3489 1595 3502 1609 ·
3535 1598 3554 1630 ‹
3603 1581 3662 1633 'H
3697 1583 3934 1650 μακαρία

2367 1660 2559 1732 θεότης
2597 1664 2719 1718 κατ’
2749 1666 2939 1719 οὐσίαν
2979 1667 3126 1721 ἐστὶν
3177 1667 3560 1740 ὑπεράρῤητος
3592 1673 3685 1724 καὶ
3732 1673 3936 1745 ὑπερά·

2367 1771 2616 1822 γνωστος
2647 1757 2743 1810 καὶ
2774 1759 2958 1824 πάσης
2987 1759 3249 1830 ἀπειρίας
3279 1763 3578 1833 ἀπειράκις
3607 1764 3931 1840 ἐξῃρημένη,

2369 1847 2494 1917 μηδ’
2522 1847 2666 1918 ἴχνος
2711 1851 2848 1912 ὅλως
2896 1850 3276 1920 καταλήψεως,
3307 1854 3414 1908 κᾶν
3451 1855 3626 1923 ψιλὸν,
3662 1861 3778 1920 τοῖς
3829 1859 3935 1928 μετ’

2367 1937 2536 2010 αὐτὴν
2560 1940 2956 2010 καταλείψασα.
2994 1960 3013 1994 ι
3045 1944 3156 1996 Kal
3184 1961 3278 1998 του
3313 1947 3554 2015 μεγάλου
3589 1947 3932 2003 Ἀθανασίον·

2373 2050 2393 2086 ε
2434 2034 2595 2089 Κατὰ
2627 2033 2726 2107 τὴν
2757 2035 3007 2091 θεοποιδν
3039 2039 3203 2110 χάριν
3235 2041 3331 2094 καὶ
3374 2044 3664 2112 μετέχεται
3693 2046 3791 2098 καὶ
3819 2046 3935 2116 tipa-

2368 2143 2456 2180 ται
2497 2129 2609 2191 τοῖς
2665 2128 2838 2194 ἀξίοις
2867 2130 2896 2183 ό
2941 2129 3096 2194 Θεὸς,
3131 2132 3253 2186 κατ’
3299 2133 3488 2187 οὐσίαν
3526 2135 3584 2188 δὲ
3639 2138 3936 2207 ἀμέθεκτός

2368 2219 2507 2273 ἐστι.
2549 2237 2568 2271 ι
2607 2220 2718 2275 Kal
2755 2220 2919 2275 πάλιν
2942 2235 2958 2250 ⁸
3001 2240 3021 2274 ι
3057 2223 3131 2276 Τὸ
3157 2222 3290 2287 Θεὸς
3334 2220 3476 2279 εἶναι
3531 2225 3792 2297 δεύτερόν
3830 2231 3935 2284 ἐστι

2365 2309 2468 2379 τῆς
2501 2309 2717 2380 φύσεως
2741 2328 2755 2344 ’
2786 2312 2882 2366 καὶ
2927 2314 3090 2385 ἡμεῖς
3128 2315 3237 2387 γὰρ
3265 2315 3378 2371 θεοὶ
3403 2318 3505 2387 μὲν
3532 2319 3824 2391 γινόμεθα,
3848 2325 3938 2394 τῆς

2366 2400 2424 2455 δὲ
2452 2402 2623 2472 αὐτῆς
2642 2405 2860 2472 φύσεως
2890 2403 3150 2472 γενέσθαι
3179 2407 3242 2460 οὐ
3275 2407 3581 2479 δυνάμεθα.
3617 2427 3636 2463 ι
3686 2412 3800 2467 Καὶ
3839 2414 3936 2467 πάι

2366 2491 2452 2546 λιν
2471 2509 2487 2526 ο
2524 2512 2544 2547 ι
2566 2493 2848 2565 Πρόδηλον
2869 2495 2956 2550 ὅτι
2984 2496 3046 2550 οὐ
3076 2497 3177 2569 τὴν
3205 2497 3399 2553 οὐσίαν
3429 2499 3526 2555 τοῦ
3552 2501 3690 2556 Θεοῦ
3717 2503 3935 2558 ἐσλεπον

2367 2585 2416 2638 oi
2448 2583 2620 2654 ἀγιοι,
2647 2585 2784 2642 ἀλλά
2815 2588 2914 2660 τὴν
2947 2587 3138 2658 δόξαν,
3158 2589 3237 2656 ὡς
3269 2593 3365 2646 καὶ
3405 2593 3537 2664 περὶ
3573 2595 3686 2648 τῶν
3715 2596 3938 2650 ἀποστό-

2367 2673 2476 2730 λων
2504 2677 2842 2749 γέγραπται,
2875 2680 2960 2734 ὅτι
2995 2679 3544 2754 διαγρηγορήσαντες
3569 2685 3597 2737 ό
3624 2685 3830 2758 Πέτρος
3851 2685 3942 2740 καὶ

2367 2767 2418 2821 οί
2453 2767 2552 2823 σὺν
2585 2768 2735 2840 αὐτῷ
2773 2767 2913 2825 εἶδον
2955 2773 3056 2844 τὴν
3084 2773 3244 2841 δόξαν
3276 2773 3469 2832 αὐτοῦ.
3512 2795 3531 2830 ι
3563 2776 3676 2831 Kal
3723 2778 3823 2833 τοῦ
3855 2792 3939 2847 με·

2368 2859 2537 2927 γάλου
2596 2861 2883 2916 Βασιλείου
2917 2881 2937 2916 ι
2971 2865 3038 2918 Ai
3101 2867 3202 2935 μέν
3250 2865 3530 2936 ἐνέργειαι
3575 2867 3742 2922 αὐτοῦ
3811 2869 3939 2940 πρὸς

2366 2951 2519 3022 ἡμᾶς
2547 2953 2994 3020 καταϐαίνουσιν,
3021 2957 3048 3027 ἡ
3077 2957 3135 3010 δέ
3165 2958 3325 3012 οὐσία
3341 2957 3508 3012 αὐτοῦ
3552 2959 3703 3029 μένει
3737 2961 3941 3034 ἀπρόσ·

691 3029 986 3084 essentiam
1061 3028 1323 3084 accedere
1391 3043 1499 3084 non
1558 3031 1828 3084 valemus.
1887 3047 1907 3083 ι
1983 3031 2050 3086 Ει
2105 3031 2263 3086 Pater

2373 3061 2505 3108 ιτος.
2544 3062 2564 3096 ι
2601 3046 2710 3098 Kal
2741 3046 2901 3099 πάλιν
2925 3063 2939 3078 ·
2979 3065 2999 3100 ι
3046 3047 3239 3118 Ἡμεῖς
3265 3050 3329 3103 ἐκ
3363 3049 3474 3106 τῶν
3523 3028 3942 3122 ἐνεργειῶνψαύ-

689 3119 1158 3192 Cbrysostomus:
1198 3137 1218 3172 ι
1256 3120 1494 3192 Spiritus
1523 3121 1752 3191 gratiam
1787 3119 2071 3193 Scriptura
2101 3125 2264 3179 modo

2367 3135 2462 3190 τοῦ
2486 3137 2782 3207 γνωρίζειν
2820 3138 3055 3210 λέγομεν
3083 3140 3176 3195 τὸν
3201 3140 3334 3195 Θεὸν
3362 3141 3522 3212 ἡμῶν
3544 3159 3559 3174 ο
3592 3119 3746 3218 sibi
3792 3145 3941 3216 οὐσίᾳ

693 3211 896 3282 ignem,
931 3213 1094 3268 modo
1127 3227 1325 3283 aquam
1361 3221 1549 3278 vocat,
1584 3212 1884 3268 ostendens
1914 3229 2023 3270 non
2067 3215 2135 3272 ad
2175 3231 2265 3272 es-

691 3307 923 3360 sentiam
950 3305 1065 3360 haac
1085 3306 1303 3361 nomina
1328 3317 1595 3377 spectare,
1614 3306 1708 3360 sed
1731 3306 1796 3361 ad
1816 3308 2208 3377 operationem.
2240 3328 2260 3362 ι

692 3394 758 3451 Et
787 3397 1019 3453 iterum:
1053 3417 1070 3449 ι
1107 3398 1223 3453 Νοη
1259 3399 1324 3453 ad
1350 3413 1665 3454 mensuram
1691 3399 1786 3453 dat
1812 3399 1952 3456 Deus
1977 3400 2264 3470 Spiritum:

692 3502 889 3558 nempe
918 3489 1030 3543 vult
1057 3489 1349 3544 ostendere
1374 3488 1580 3544 Christi
1607 3503 1913 3559 praecursor
1946 3499 2000 3546 et
2027 3491 2268 3562 baptista

692 3579 763 3634 ab
789 3579 1044 3634 onmibns
1077 3579 1236 3634 nobis
1266 3577 1505 3648 Spiritus
1546 3579 1916 3649 operationem
1944 3579 2011 3634 ad
2043 3596 2267 3639 mensu-

695 3687 811 3726 ram
849 3673 1046 3741 accipi.
1076 3671 1208 3726 Nam
1241 3671 1331 3726 hic
1364 3687 1458 3741 per
1495 3671 1749 3740 spiritum
1785 3670 2040 3743 designat
2069 3658 2266 3744 opera-

697 3766 942 3817 tionem:
980 3764 1095 3818 haec
1131 3772 1214 3816 est
1260 3763 1406 3817 enim
1443 3762 1767 3830 dirisibilis,
1806 3763 1896 3818 ille
1930 3778 2086 3830 vero,
2117 3764 2268 3820 scili-

695 3865 782 3907 cet
813 3851 1089 3918 Christus,
1129 3866 1348 3906 omnem
1375 3853 1750 3923 operationem
1802 3854 1964 3911 habet
1999 3854 2266 3927 integram

695 3956 750 3999 et
781 3943 1190 3999 indivisibilem.
1231 3962 1250 3997 ›
1297 3945 1351 3999 Si
1395 3954 1576 4000 autem
1611 3945 1776 4016 hujus
1824 3947 2070 4016 operatio
2121 3964 2272 4004 men-

695 4051 879 4092 suram
936 4050 1044 4092 non
1074 4037 1301 4106 patitur,
1343 4035 1516 4089 multo
1579 4035 1760 4090 minus
1809 4037 2071 4091 essentia.
2106 4035 2268 4091 Vides

693 4132 802 4186 duo
828 4129 987 4185 nobis
1010 4144 1040 4184 a
1066 4129 1470 4185 renerabilibus
1498 4127 1762 4200 theologis
1782 4129 2002 4194 tradita,
2021 4128 2272 4184 videlicet

694 4223 878 4293 aliqua
926 4220 1500 4278 ineommunicabilem
1548 4235 1671 4276 esse
1715 4218 1813 4276 Dei
1864 4221 2182 4285 essentiam,
2213 4227 2269 4276 et

695 4315 878 4382 aliqua
913 4312 1456 4377 cummunicabilem,
1495 4319 1660 4381 atque
1691 4309 2009 4382 participari
2042 4326 2074 4365 a
2107 4313 2268 4370 nobis

2369 3227 2538 3281 αὐτοῦ
2585 3229 2979 3298 προσεγγίζειν
3030 3231 3130 3302 οὐχ
3192 3232 3662 3304 ὑπισχνούμεθα.»
3693 3239 3808 3291 Kal
3851 3236 3942 3292 τοῦ

2367 3319 2761 3391 Χρυσοστόμου
2791 3321 3008 3393 Πατρός
3034 3340 3048 3355 ο
3091 3342 3111 3377 ι
3158 3325 3267 3380 Τοῦ
3307 3326 3627 3399 Πνεύματος
3657 3329 3758 3400 τὴν
3790 3333 3941 3402 χάριν

2370 3411 2405 3481 ἡ
2443 3411 2635 3483 Γραφὴ
2668 3415 2798 3466 ποτέ
2833 3415 2935 3483 μέν
2961 3414 3095 3487 πῦρ,
3127 3415 3260 3470 ποτὶ
3293 3416 3438 3489 ὕδωρ
3476 3420 3652 3487 καλεῖ,
3686 3423 3940 3477 δεικνῦσα

2367 3503 2450 3557 ὃτι
2479 3504 2580 3556 οὐκ
2603 3504 2792 3568 οὐσίας
2821 3507 2936 3559 ἐστὶ
2952 3505 3126 3561 ταῦτα
3148 3508 3412 3579 ὀνόματα,
3451 3511 3568 3566 ἀλλ’
3588 3515 3894 3584 ἐνεργείας.
3915 3534 3936 3567 ι

2371 3596 2483 3650 Kal
2533 3595 2736 3650 πάλιν⁸
2783 3615 2802 3649 ι
2847 3598 2962 3651 Οὐκ
3013 3601 3078 3651 ἐκ
3113 3600 3313 3670 μέτρου
3373 3601 3591 3658 δίδωσιν
3629 3606 3658 3659 ὁ
3707 3606 3845 3672 Θεὸς
3885 3610 3940 3662 τὸ

2370 3685 2600 3756 Πνεῦμα
2626 3703 2638 3717 ·
2681 3687 2826 3741 θέλει
2865 3688 3037 3755 δεῖξαι
3065 3690 3313 3761 δηλονότι
3348 3695 3377 3746 ὁ
3406 3694 3499 3748 τοῦ
3541 3697 3794 3767 Χριστοῦ
3819 3701 3941 3770 πρό-

2368 3777 2571 3849 δρομος
2606 3779 2703 3833 καὶ
2737 3778 3064 3853 βαπτιστὴς,
3090 3783 3172 3837 ὅτι
3205 3784 3411 3848 πάντες
3437 3789 3599 3859 ἡμεῖς
3634 3791 3826 3862 μέτρῳ
3850 3793 3937 3864 τὴν

2366 3869 2464 3924 τοῦ
2501 3870 2818 3942 Πνεύματος
2850 3873 3133 3943 ἐνέργειαν
3160 3872 3537 3948 λαμϐάνομεν.
3575 3881 3810 3953 Πνεῦμα
3839 3884 3937 3954 γὰρ

2368 3963 2603 4017 ἐνταῦθα
2638 3965 2739 4036 τὴν
2790 3965 3074 4037 ἐνέργειαν
3116 3967 3309 4037 λέγει·
3359 3971 3501 4041 αὐτη
3556 3975 3666 4044 γάρ
3722 3978 3937 4046 ἐστινὴ

2374 4055 2711 4129 μεριζομένη
2735 4071 2752 4087 ⁶
2799 4055 2957 4124 οὗτος
2983 4060 3065 4125 δὲ,
3107 4062 3411 4131 τουτέστιν,
3443 4068 3470 4118 ό
3500 4064 3756 4138 Χριστὸς,
3813 4072 3938 4143 ἁμέ-

2368 4164 2570 4218 τρητον
2598 4150 2692 4203 καὶ
2730 4150 3028 4223 ὁλόκληρον
3060 4151 3176 4224 ἔχει
3222 4156 3408 4210 πᾶσαν
3435 4157 3534 4228 τὴν
3559 4159 3869 4230 ἐνέργειαν.
3913 4181 3932 4217 ι

2371 4239 2436 4293 El
2466 4239 2527 4294 δέ
2565 4242 2600 4310 ἠ
2647 4241 2902 4314 ἐνέργεια
2947 4243 3116 4300 αὐτοῦ
3151 4245 3490 4318 ἀμέτρητος,
3529 4251 3716 4325 πολλῷ
3743 4255 3940 4324 μᾶλλον

2369 4331 2403 4400 ἡ
2436 4330 2619 4388 οὐσία.
2663 4333 2829 4405 Ὁρᾷς
2851 4335 3121 4409 ἀμφότερ’
3153 4339 3285 4408 ἡμῖν
3315 4339 3420 4392 ὑπὸ
3449 4340 3559 4395 τῶν
3589 4345 3811 4400 demi?“
3833 4346 3938 4400 θεο-

693 4405 932 4459 divinam
963 4412 1216 4458 naturam
1244 4412 1298 4457 et
1325 4401 1553 4457 minime
1579 4400 1893 4472 participari
1917 4401 1938 4454 ?
1961 4399 2265 4474 Utrumque

2370 4399 2544 4491 λόγων
2583 4399 3041 4498 παραδεδομένας
3071 4399 3206 4484 ’καῖ’
3239 4430 3316 4496 ὥς
3361 4431 3674 4504 ἀμέθεκτός
3725 4437 3932 4508 ἐστινὴ

693 4496 858 4566 igitur
910 4488 1069 4550 nobis
1102 4495 1395 4550 tenendum
1445 4503 1530 4549 est
1581 4505 1647 4548 ac
1691 4493 2007 4563 ponendum
2059 4504 2119 4550 ut
2164 4496 2267 4566 piae

693 4568 822 4645 ﬁdei
873 4588 1089 4660 regula;
1135 4595 1193 4642 et
1225 4587 1316 4657 qui
1370 4586 1695 4641 alterutrum
1721 4587 2005 4657 [usurpant
2053 4589 2121 4644 ad
2166 4604 2268 4659 pu-

694 4679 967 4754 gnandum
991 4679 1342 4762 alterum,illi
1374 4686 1434 4733 ut
1459 4677 1613 4748 impii
1644 4678 1934 4762 insanique
1955 4680 2262 4762 rejiciendi,

691 4753 894 4848 quippe
922 4755 1021 4846 qui
1048 4775 1251 4832 nemini
1288 4774 1560 4830 ullatenus
1587 4753 1936 4831 consentith
1963 4785 2017 4832 et
2045 4759 2270 4834 sibimet

697 4852 829 4939 ipsis
871 4853 968 4924 alit
1000 4868 1104 4923 sibi
1134 4867 1366 4924 invicem
1397 4865 1804 4932 contradicunt,
1830 4867 2080 4936 quamvis
2113 4875 2272 4923 caete-

695 4963 892 5031 roquin
933 4960 1112 5019 sciant
1139 4963 1300 5031 juxta
1336 4966 1560 5014 sanctos
1601 4959 1876 5028 propriam
1927 4959 2141 5030 angusti
2187 4960 2270 5014 in-

697 5054 838 5122 genii
899 5069 1023 5110 esse
1077 5054 1236 5110 istam
1281 5050 1735 5107 eontradictionis
1786 5049 2116 5115 doctrinam,
2151 5050 2270 5104 viro

696 5156 876 5200 autem
912 5144 1238 5214 intelligi-nti
1270 5155 1322 5198 et
1366 5157 1498 5198 sane
1543 5141 1726 5198 divina
1767 5141 2048 5196 meditanti
2084 5143 2267 5199 omnia

694 5254 819 5293 esse
848 5253 1090 5292 consmia
1126 5247 1180 5290 et
1211 5237 1528 5291 concordia.

2369 4513 2527 4570 οὐσία
2559 4514 2655 4569 τοῦ
2685 4515 2846 4586 Θεοῦ,
2875 4520 2969 4574 καὶ
2998 4521 3241 4593 μεθεκτή
3276 4542 3415 4592 πως,
3439 4525 3536 4580 καὶ
3565 4529 3932 4602 κοινωνοῦμεν

2368 4603 2467 4672 τῆς
2501 4602 2655 4670 θείας
2687 4605 2926 4676 φύσεως,
2981 4612 3079 4666 καὶ
3127 4611 3189 4666 οὐ
3221 4615 3597 4686 κοινωνοῦμεν
3647 4619 3931 4688 οὐδαμῶςς

2369 4697 2462 4749 Δεῖ
2513 4691 2610 4751 οῦν
2659 4698 2945 4771 ἀμφότερα
2977 4701 3127 4774 ἡμᾶς
3172 4707 3387 4777 τηρεῖν,
3431 4709 3526 4762 καὶ⁵
3571 4709 3827 4766 τίθεσθαι
3867 4712 3933 4775 ὡς

2370 4789 2654 4854 εὐσεϐείας
2697 4790 2993 4863 γνώμονα·
3048 4796 3146 4849 καὶ
3185 4799 3312 4862 τοὺς
3362 4799 3442 4870 τῷ
3495 4801 3580 4854 ἐνὶ
3626 4806 3934 4874 χρωμένους

2371 4882 2513 4934 κατά
2547 4881 2639 4934 τοῦ
2680 4883 2889 4957 ἐτέρου.
2925 4887 3019 4940 καὶ
3055 4888 3210 4944 ταῦτ’
3245 4892 3532 4962 οἰομένους
3561 4893 3624 4948 τὸ
3655 4897 3791 4951 αὐτὸ
3822 4898 3935 4950 ἐκά-

2369 4989 2548 5042 τερον,
2578 4973 2652 5038 ὡς
2678 4977 2960 5042 δυσσεϐεῖς
2990 4997 3049 5033 τε
3098 4983 3193 5035 καὶ
3223 4983 3470 5051 ἄφρονας
3518 4987 3930 5060 ἀπορραπίζειν,

2375 5064 2568 5135 μηδενὶ
2594 5068 2736 5122 κατά
2773 5071 2980 5141 μηδένα
3004 5073 3206 5144 τρόπον
3238 5077 3678 5147 συγχωροῦντας,
3714 5082 3934 5136 ὑπεναν-

2369 5157 2518 5220 τίους
2553 5157 2768 5223 ἑαυτοῖς
2805 5160 3139 5234 ἢάλλήλοις,
3181 5166 3276 5220 καὶ
3312 5167 3468 5221 ταῦτ’
3501 5172 3596 5224 ἐπὶ
3634 5174 3744 5226 τῶν
3769 5172 3933 5228 τοιού·

2370 5262 2480 5298 των
2536 5248 2781 5318 νομίζειν
2838 5250 2966 5316 τοὺς
3000 5253 3191 5322 ἁγίους
3234 5257 3466 5324 εἰδότας,
3505 5260 3715 5331 ἀνδρῶν
3754 5281 3936 5333 μικρο-

692 5331 990 5401 Ύνωμδνων
1046 5329 1106 5382 δν
1159 5329 1234 5392 ὡς
1287 5326 1502 5398 ἀληθῶς
1546 5327 1645 5396 τὴν
1693 5324 1854 5392 δίεπ’)
1905 5327 2110 5397 ταύτην
2163 5332 2263 5402 τῆς
2303 5335 2672 5402 ἐναντιώσεως
2699 5355 2714 5372 '
2746 5341 2870 5394 νοῦν
2901 5343 2947 5396 δ’
2978 5345 3158 5416 ἔχοντι
3231 5353 3327 5405 καὶ
3357 5350 3454 5405 σὺν
3485 5352 3561 5422 νῷ
3606 5324 3767 5424 μετὰ.
3806 5324 3934 5408 Θεοῦ

695 5421 985 5482 σκοποῦντι
1022 5421 1196 5474 πάντα
1221 5421 1431 5490 συνῳδὰ
1455 5421 1546 5474 καὶ
1575 5420 1746 5490 φίλια.

766 5515 945 5570 Tlieot.
997 5512 1282 5579 Quomodo
1327 5512 1515 5582 igitur,
1560 5529 1592 5566 ο
1628 5512 1849 5582 sapiens
1878 5513 2260 5584 Theophanes,

698 5621 793 5679 per
830 5606 1113 5659 veritatem
1145 5616 1352 5672 quasso,
1387 5602 1477 5656 illa
1509 5603 1672 5657 ambo
1700 5613 1828 5658 sunt
1856 5605 2025 5659 vera?

768 5697 993 5768 ΤΙιεορΙι.
1020 5695 1132 5752 ινίοο
1153 5695 1312 5752 etiam
1345 5703 1434 5751 tua
1465 5695 1633 5764 gratia
1665 5696 1987 5766 eXpIanabo.
2023 5697 2262 5758 Primum

2446 5519 2609 5573 Θεότ.
2646 5519 2769 5583 Πῶς
2793 5517 2906 5588 οῦν,
2944 5516 2989 5576 ὦ
3025 5525 3153 5594 σοφέ
3177 5525 3474 5597 Θεόφανες,
3516 5531 3654 5602 πρὸς
3684 5531 3780 5602 τῆς
3805 5532 3933 5602 ἀλη-

2373 5612 2524 5676 θείας
2547 5613 2715 5684 ἀμφω
2738 5615 2922 5668 ἐκεῖνα
2949 5617 3122 5690 ἀληθῆ
3147 5637 3161 5687 ;

2444 5705 2620 5773 68050.
2651 5705 2758 5776 Σην
2783 5706 2875 5760 καὶ
2904 5706 3064 5765 τοῦτο
3093 5713 3252 5784 χάριν
3298 5713 3537 5785 θήσομαι
3569 5717 3755 5785 σαφές.
3794 5713 3936 5786 Πρόσ⁸
