4180 6308
337 292 445 356 933
1702 289 2238 354 THEOPHANES.
3475 293 3581 357 934

328 398 578 470 “gevas
612 396 858 470 δείξομεν
893 399 969 463 ὡς
1009 400 1255 471 ἀνοήτως
1282 397 1598 453 παντάπασι
1632 397 1734 469 τὴν
1766 398 1889 452 ἀπο·

2013 397 2511 454 demonstrabimus
2559 413 2722 470 quam
2767 399 2962 457 insane
2996 400 3072 457 illi
3115 417 3325 474 semper
3357 405 3580 475 ptmfata

333 490 592 560 στολικὴν
625 489 720 542 καὶ
767 490 867 554 τὰς
915 490 1186 560 πατρικὰς
1242 491 1441 543 ἐκεῖνοι
1497 488 1687 558 ῥήσεις
1724 489 1889 541 διατε-

2006 486 2253 554 Apostoli
2305 495 2359 540 et
2406 485 2628 543 Patrum
2685 491 2848 544 verba
2893 491 3131 560 obiicere
3182 502 3408 564 pergant
3456 511 3580 566 qua:

326 581 482 635 λοῦσι
520 580 975 651 προϐαλλόμενοι,
1008 581 1106 643 τὰς
1148 583 1438 643 κοινωνοὺς
1463 581 1608 650 ἡμᾶς
1637 579 1889 647 λεγούσας

2005 587 2264 631 asserunt
2290 593 2389 632 nos
2421 578 2537 632 ﬁeri
2566 579 2763 635 divinae
2798 590 3084 637 consortes
3115 591 3346 639 naturae.
3371 583 3574 640 Nedum

328 671 580 742 γίνεσθαι
613 671 831 741 φύσεως
864 671 1023 734 Θεοῦ,
1071 671 1144 742 μὴ
1184 672 1342 742 μόνον
1381 673 1463 725 ὅτι
1492 673 1628 742 πρὸς
1673 663 1889 740 άνατρο-

2005 667 2122 722 ιιωο
2163 676 2412 724 astruant
2449 684 2556 724 non
2613 686 2734 726 esse
2765 672 3334 730 incommunicabilem
3377 677 3577 746 impar-

329 762 440 832 πὴν
465 759 559 814 τοῦ
588 761 954 830 ἀκοινώνητον
986 759 1126 816 εἶναι
1164 763 1261 815 καὶ
1294 763 1598 832 άμέθεκτον
1629 764 1741 825 τοῖς
1779 763 1898 815 κτί-

329 870 499 922 σμασι
533 853 672 906 πᾶσι
719 851 818 924 τὴν
854 853 1007 905 Θείαν
1050 853 1149 906 καὶ
1196 856 1358 922 φύσιν
1385 855 1480 908 καὶ
1520 853 1730 916 οὐσίαν,
1763 853 1900 921 ὅπερ

327 948 416 1002 διὰ
468 947 650 1016 πάσης
686 946 791 1016 τῆς
846 947 1211 1001 θεοπνεύστου
1269 946 1600 1019 κηρύττεται
1655 946 1898 1017 Γραφῆς,

325 1040 446 1095 ἀλλ’
474 1040 558 1094 ὅτι
591 1040 685 1092 καὶ
728 1040 804 1104 ὡς
833 1040 989 1093 αὐτοὶ
1026 1041 1255 1104 ταύταις
1301 1040 1631 1112 κεχρημένοι
1671 1039 1901 1093 διετέλε-

325 1149 448 1197 σαν,
479 1131 648 1199 αὐτὴν
683 1132 781 1202 τὴν
809 1131 1033 1185 ἐκείνων
1064 1133 1422 1196 άνασκευάζει
1453 1131 1634 1198 δόξαν.
1663 1131 1736 1184 Σὺ
1764 1131 1894 1201 γὰρ,

322 1221 353 1274 ὃ
376 1237 430 1274 τι
461 1237 593 1273 ποτε
638 1220 975 1285 δοξάζουσιν,
1009 1216 1166 1274 οἶσθα
1205 1221 1317 1274 τῶν
1349 1220 1524 1276 ἄλλων
1573 1221 1892 1290 ἀκριϐέστεο

327 1329 443 1381 ρον.
487 1310 624 1365 Είπὲ
653 1311 857 1379 τοίνυν,
888 1312 1026 1381 πρὸς
1056 1312 1154 1381 τῆς
1184 1311 1459 1382 ἀληθείας,
1491 1312 1552 1364 οὐ
1589 1311 1767 1364 πάντα
1799 1310 1896 1380 μὲν

319 1403 548 1472 λέγουσι
596 1405 848 1474 μετέχειν
885 1402 980 1456 τοῦ
1024 1403 1180 1468 Θεοῦ,
1213 1404 1394 1457 πάντα
1429 1403 1486 1456 δὲ
1512 1402 1584 1458 τά
1626 1402 1721 1457 τοῦ
1759 1402 1894 1456 Θεοῦ

323 1496 621 1565 μετέχοντα
644 1495 744 1564 τῆς
772 1493 960 1556 οὐσίας
1013 1493 1264 1564 μετέχειν
1289 1492 1384 1546 τοῦ
1413 1492 1548 1546 Θεοῦ
1577 1511 1591 1561 ;
1618 1493 1693 1557 ὡς
1729 1493 1895 1564 μηδὲν

319 1587 511 1657 ἕτερον
545 1584 701 1647 ὄντος
745 1582 841 1637 τοῦ
877 1583 1011 1638 Θεοῦ
1047 1585 1189 1656 πλὴν
1216 1585 1406 1650 οὐσίας
1447 1586 1639 1654 μόνης,
1683 1584 1772 1639 ἵνα
1819 1583 1894 1656 μὴ

324 1677 552 1740 σύνθεος
583 1676 770 1736 αὐτοῖς
798 1676 907 1744 εῐη,
952 1676 1085 1746 μηδὲ
1126 1676 1298 1730 πολλὰ
1335 1676 1404 1730 τὰ
1435 1675 1702 1743 ducatum;

2006 759 2448 832 licipabilemque
2478 764 2730 819 omnibus
2755 767 3018 821 creaturis
3049 767 3287 822 divinam
3323 777 3572 822 naturam

2000 862 2054 906 et
2109 853 2449 920 essentiam,
2503 856 2612 910 imo
2655 858 2819 911 etiam
2884 874 3006 928 quae
3064 860 3440 915 indesinenter
3494 862 3574 916 illi

2003 953 2290 1013 usurpant,
2335 945 2508 1015 ipsam
2559 962 2748 1002 eorum
2809 950 3038 1005 destruit
3093 956 3441 1008 sententiam.
3490 956 3571 1008 Tu

1999 1035 2144 1090 enim
2171 1036 2300 1104 quid
2337 1037 2427 1092 isti
2451 1039 2747 1107 otvinentur
2777 1042 2889 1098 scis
2917 1047 3232 1100 accuratius
3263 1062 3422 1115 quam
3458 1047 3571 1100 alii.

2000 1126 2097 1183 Dic
2144 1129 2330 1198 igitur.
2384 1145 2480 1200 per
2526 1132 2810 1189 veritatem
2855 1135 3102 1201 obsecro,
3165 1155 3344 1193 nonne
3386 1139 3577 1192 dicunt

2001 1221 2183 1276 omnia
2224 1237 2348 1277 esse
2398 1223 2490 1278 Dei
2529 1227 2830 1292 consortia,
2858 1227 2927 1283 ab
2965 1231 3219 1284 omnibus
3253 1241 3434 1286 autem
3479 1230 3574 1286 Dei

2005 1314 2372 1383 participibus
2407 1316 2648 1371 divinam
2697 1321 3007 1391 participari
3060 1323 3356 1379 essentiam
3389 1325 3413 1377 ?
3451 1332 3573 1378 tan-

1999 1421 2158 1474 quam
2222 1407 2450 1462 si.nihil
2521 1418 2664 1466 esset
2719 1413 2772 1466 in
2809 1414 2913 1469 Deo
2974 1425 3170 1484 praeter
3232 1417 3568 1481 essentiam;

1996 1495 2105 1550 nisi
2159 1494 2296 1551 forte
2339 1514 2480 1556 unus
2535 1502 2607 1556 sit
2641 1517 2764 1557 cum
2801 1505 2910 1559 illis
2961 1504 3105 1561 Deus
3139 1521 3237 1560 nec
3281 1507 3434 1576 plura
3460 1507 3570 1561 sint

1996 1586 2234 1641 increata
2259 1586 2283 1641 ?

394 1771 563 1824 Θεότ.
622 1768 781 1821 Τοῦτ’
830 1767 1092 1840 ἄντικρυς
1133 1767 1264 1822 αὐτὸ
1302 1772 1397 1822 καὶ
1459 1767 1742 1833 δοξάζουσι
1797 1769 1889 1823 καὶ

2069 1766 2257 1823 ΤΙιεοι.
2294 1767 2408 1826 Hoc
2442 1769 2619 1840 ipsum
2657 1771 2836 1842 palam
2863 1771 3058 1826 docent
3092 1784 3156 1826 ac
3186 1769 3534 1840 proﬁtentur.

317 1860 479 1930 λέγου
487 1879 559 1917 σι.

394 1956 574 2022 Θεοφ.
612 1951 755 2006 ’Δλλ⁹
791 1953 849 2006 αἱ
879 1953 1091 2024 ῥήσεις,
1126 1951 1194 2010 ἃς
1234 1952 1371 2021 πρὸς
1399 1952 1549 2022 ἡμᾶς
1576 1952 1626 2006 oi
1657 1951 1896 2006 ἀντικεί-

323 2060 478 2114 μενοι
504 2045 862 2115 προάγουσιν,
904 2044 978 2107 ὼς
1019 2042 1207 2106 αὐτοῖς
1249 2043 1411 2112 δῆθεν
1442 2045 1795 2114 συνηγόρους,
1831 2043 1892 2095 ού

321 2136 485 2202 μόνον
516 2134 684 2189 τᾶλλα
735 2133 898 2188 πάνθ’
927 2131 1115 2196 ἁπλῶς
1173 2132 1291 2185 ἀλλ’
1331 2133 1452 2188 ούδὲ
1499 2134 1712 2194 πάντας
1763 2134 1894 2196 τοὺς

317 2224 644 2297 ἀνθρώπους
675 2225 970 2286 κοινωνοὺς
990 2222 1166 2275 τελεῖν
1189 2239 1322 2292 φασι
1347 2224 1444 2293 τῆς
1472 2221 1622 2284 Θείας
1655 2219 1887 2289 φύσεως,

317 2319 413 2372 καὶ
478 2315 702 2377 τούτους
756 2311 1007 2380 γίνεσθαί
1044 2311 1169 2364 ποθ’
1222 2309 1474 2381 ὕστερον,
1520 2310 1636 2363 ἀλλ’
1688 2310 1788 2362 οὐκ
1836 2309 1894 2374 ἐξ

317 2403 497 2475 ἀρχῆς
529 2401 798 2471 ὑπάρχειν
850 2401 1166 2462 κοινωνούς.
1206 2401 1411 2469 Πέτρος
1445 2398 1544 2468 μὲν
1578 2397 1686 2466 γὰρ
1725 2399 1754 2451 ὁ
1797 2398 1892 2452 τοῦ

315 2493 621 2566 κορυφαίου
651 2491 816 2564 χοροῦ
843 2491 952 2546 τῶν
985 2493 1301 2546 ἀποστόλων
1327 2493 1622 2560 κορυφαῖος
1662 2490 1892 2560 γράφων

313 2570 432 2651 τοῖς
488 2587 734 2657 ἰσότιμον
787 2583 1018 2655 λαχοῦσι
1053 2585 1260 2649 πίστιν,
1296 2581 1433 2652 πρὸς
1481 2582 1764 2635 εὐσέϐειαν
1797 2582 1892 2635 καὶ

313 2681 517 2753 ἀρετὴν
554 2677 902 2750 παρακαλεῖο
943 2695 963 2729 ι
995 2674 1070 2728 Δι’
1102 2669 1198 2738 ὧν,
1239 2674 1395 2743 φησὶ,
1432 2691 1450 2724 ι
1487 2672 1555 2724 τά
1581 2672 1737 2742 τίμια
1763 2673 1890 2742 ὑμῖν

313 2771 714 2841 ἐπαγγέλματα
758 2767 1084 2837 δεδώρηται,
1136 2766 1226 2818 ἴνα
1260 2763 1350 2817 διὰ
1396 2765 1606 2817 τούτων
1655 2763 1890 2834 γένησθε

316 2863 475 2922 θείας
514 2859 768 2916 κοινωνοὶ
796 2859 1036 2928 φύσεως.
1077 2875 1097 2909 ι
1134 2857 1300 2928 Ὁρᾷς
1338 2856 1420 2909 ὅτι
1455 2855 1634 2926 δωρεά
1655 2857 1802 2907 ἐστιν
1831 2856 1892 2908 ἐν

315 2956 674 3026 ἐπαγγελίαις
704 2940 933 3023 κειμένη
960 2953 1079 3015 τοῖς
1114 2952 1257 3005 κατά
1287 2950 1524 3017 Χριστὸν
1552 2949 1760 3018 βιοῦσι;
1796 2950 1890 3015 Τίς

316 3047 414 3105 οὖν
439 3047 835 3118 ἐπαγγέλλεταί
865 3053 979 3100 ἷτινι
1006 3047 1078 3100 τὰ
1127 3042 1400 3115 προσόντα
1431 3044 1598 3096 πᾶσιν
1640 3043 1704 3094 ἐκ
1735 3043 1888 3111 γενέ-

2070 1952 2302 2021 Tlteoph.
2337 1951 2407 2008 At
2423 1953 2582 2007 verba
2609 1969 2731 2023 qua
2749 1952 2908 2008 nobis
2937 1951 3236 2007 adversarii
3269 1959 3568 2020 opponunt,

1995 2053 2254 2113 tanquam
2309 2044 2412 2098 sibi
2464 2044 2721 2109 faventia,
2746 2059 2854 2098 non
2888 2044 3049 2098 modo
3078 2058 3186 2098 non
3215 2052 3409 2097 caetera
3451 2057 3571 2096 om-

1997 2135 2112 2200 nia,
2140 2135 2232 2190 sed
2274 2150 2340 2189 ne
2385 2149 2576 2189 omnes
2607 2133 2825 2203 quidem
2865 2135 3114 2188 homines
3145 2141 3400 2186 asserunt
3433 2130 3572 2187 eﬂiei

1995 2225 2192 2280 divinae
2226 2233 2511 2279 consortes
2539 2235 2773 2288 naturae,
2797 2234 2850 2278 et
2882 2225 2980 2278 hos
3009 2225 3174 2278 etiam
3210 2233 3572 2292 postremum,

1997 2315 2142 2368 haud
2177 2314 2245 2367 ab
2285 2313 2442 2367 initio
2489 2313 2604 2367 fieri
2630 2313 2941 2381 participes.
2972 2311 3107 2365 Nam
3145 2312 3340 2366 Petrus
3372 2311 3571 2382 regalis

1995 2405 2364 2476 apostolorum
2400 2404 2553 2480 chqri
2591 2404 2868 2474 princeps,
2903 2403 3153 2458 scribens
3197 2403 3264 2458 iis
3299 2405 3392 2472 qui
3424 2417 3571 2457 coae-

1994 2495 2209 2566 qualem
2236 2493 2415 2548 sortiti
2447 2503 2576 2550 sunt
2613 2493 2796 2558 (idem,
2829 2493 2895 2547 ad
2936 2493 3189 2560 pietatem
3224 2500 3275 2546 et
3312 2492 3567 2547 virtutem

1993 2603 2088 2643 eos
2125 2588 2377 2642 hortatur
2406 2603 2421 2640 :
2463 2605 2482 2639 ‹
2512 2587 2743 2656 Propter
2768 2600 2908 2656 qua,
2938 2603 2956 2637 ι
2989 2585 3084 2648 ait,
3106 2603 3124 2636 ι
3151 2587 3383 2654 pretiosa
3413 2584 3568 2640 vobis

1993 2676 2263 2749 promissa
2297 2679 2496 2734 donata
2535 2685 2686 2744 sunt,
2731 2685 2792 2732 ut
2835 2692 2932 2747 per
2980 2677 3094 2731 haec
3143 2675 3568 2731 eiliciantinidi-

1993 2769 2130 2823 vina:
2157 2779 2443 2823 consortes
2473 2776 2702 2824 natura.
2741 2785 2760 2820 ι
2791 2766 2950 2822 Vides
2981 2767 3262 2837 priet-nium
3295 2781 3416 2822 esse
3441 2781 3571 2836 pro-

1993 2859 2222 2915 missum
2252 2858 2322 2914 iis
2359 2859 2452 2929 qui
2496 2859 2798 2915 secundum
2837 2859 3118 2914 Christum
3159 2858 3396 2912 vivunt?
3431 2857 3568 2922 Quis

1992 2962 2174 3008 autem
2200 2953 2363 3008 alicui
2397 2953 2689 3024 pollicetur
2722 2953 2868 3023 quod
2898 2952 3040 3008 inest
3069 2953 3322 3008 omnibus
3349 2955 3419 3008 ab
3446 2952 3566 3022 ipsa

1991 3043 2244 3113 origine?
2299 3044 2466 3099 Divus
2510 3053 2691 3100 autem
2738 3044 3047 3101 Maximus:
3087 3063 3107 3097 ι
3152 3043 3299 3110 Ideo,
3353 3045 3560 3114 inquit,

317 3161 459 3207 σεως
487 3159 504 3210 ;
630 3141 687 3195 δὲ
715 3141 859 3202 θεῖος
885 3137 1162 3208 Μάξιμος,
1199 3155 1218 3188 ι
1256 3137 1349 3199 Είς
1380 3133 1558 3201 τοῦτο,
1596 3136 1751 3206 φησὶ,
1788 3151 1884 3188 πε-

1998 3151 2098 3192 nos
2127 3135 2256 3192 fecit
2289 3137 2452 3199 Deus,
2488 3145 2549 3191 ut
2580 3137 2880 3192 elllciamur
2915 3138 3114 3193 divinae
3152 3147 3437 3194 consortes
3468 3153 3568 3193 na-

315 3235 549 3306 ποίηκεν
570 3233 717 3304 ἡμᾶς
755 3233 783 3285 ὀ
805 3231 962 3296 Θεὸς,
1002 3229 1089 3284 ἴνα
1129 3227 1419 3298 γενώμεθα
1457 3226 1609 3288 θείας
1637 3227 1886 3280 κοινωνοὶ

316 3329 558 3398 φύσεως.
603 3342 623 3377 ι
666 3325 755 3387 Ὠς
803 3322 904 3376 οὐκ
949 3322 1102 3384 ὄντες
1139 3321 1249 3390 ἄρα
1285 3318 1579 3388 πρότερον,
1633 3318 1742 3372 οὐδ’
1770 3319 1886 3387 ἅμα

313 3422 382 3489 τῇ
414 3418 627 3486 γενέσει
664 3417 762 3470 καὶ
788 3417 1041 3470 κοινωνοὶ
1076 3413 1438 3484 πεποιημένοι
1471 3411 1699 3482 ταύτης.
1737 3411 1797 3465 '0
1829 3412 1886 3466 δὲ

319 3510 461 3572 θεῖος
516 3507 729 3571 Παῦλος
769 3507 868 3581 οὐχ
909 3507 1000 3558 ὅτε
1041 3503 1115 3574 μὴ
1149 3503 1344 3565 πιστὸς
1389 3503 1569 3572 μόνον,
1604 3501 1744 3556 ἀλλὰ
1789 3501 1886 3555 καὶ⁸

320 3602 564 3672 μιμητὴς
591 3600 785 3669 γέγονε
812 3596 1073 3669 Χριστοῦ,
1104 3597 1202 3666 τῆς
1252 3595 1632 3666 ἁπεριλήπτου
1669 3595 1886 3663 φύσεως

315 3692 466 3756 οἶκος
523 3692 896 3762 ὲχρημάτισε;
952 3689 1061 3742 ῐιοῦ
1117 3689 1296 3741 τοίνυν
1353 3690 1490 3741 εἰσὶν
1537 3689 1586 3740 οἱ
1635 3689 1704 3740 τὰ
1755 3687 1884 3740 ὄντα

317 3785 498 3838 πάντα
523 3784 803 3836 κοινωνεῖν
832 3782 1081 3851 λέγοντες
1122 3781 1311 3850 αὐτῆς,
1357 3780 1479 3832 ἐπεὶ
1519 3781 1692 3833 πάντα
1721 3779 1885 3848 μετέο

316 3893 408 3948 χει
437 3876 530 3928 τοῦ
556 3875 691 3928 Θεοῦ
719 3891 734 3941 ;

395 3969 560 4022 Θεότ.
616 3967 961 4038 Ἐρῤἐτωσαν
990 3959 1135 4018 οὗτοι
1185 3959 1566 4032 παιδαριώόεις
1587 3961 1695 4030 γάρ
1733 3961 1888 4023 ὅντες

314 4061 418 4130 τὴν
455 4059 720 4123 διάνοιαν,
773 4057 1012 4109 νεανικοὶ
1072 4055 1129 4107 δὲ
1175 4054 1274 4124 τὴν
1326 4052 1611 4106 ἀπείθειαν
1650 4051 1745 4104 καὶ
1783 4052 1886 4119 τὴν

316 4152 756 4215 ἀναίδειαννταϊς
790 4151 1008 4218 φρεσὶν,
1039 4149 1115 4211 ὡς
1146 4148 1343 4212 ἔοικεν,
1371 4145 1484 4199 ἀλλ’
1513 4144 1572 4197 ού
1597 4147 1662 4214 τῇ
1695 4143 1884 4214 κακίᾳ,

314 4241 696 4313 νηπιάζουσιν.
753 4239 897 4309 Ἐγὼ
933 4240 978 4294 δ’
1008 4238 1164 4311 οἶμαι
1210 4238 1442 4310 συνορᾷν
1486 4237 1549 4290 ὲκ
1588 4234 1694 4288 τῶν
1736 4236 1890 4306 είρη-

319 4339 502 4407 μένων
530 4334 645 4400 νῦν,
675 4336 824 4398 ὅπως
855 4334 953 4388 καὶ
988 4332 1251 4402 μεθεκτδς
1292 4333 1388 4385 καὶ
1416 4329 1720 4401 άμέθεκτος
1745 4323 1885 4383 εἶναι

314 4429 536 4496 λέγεται
569 4427 690 4482 κατ’
722 4427 909 4480 οὐσίαν
941 4428 971 4480 ὁ
1003 4426 1160 4489 Θεός.

392 4522 594 4590 Θεοφι
637 4518 944 4590 Ἐξὴγησαι
1000 4519 1205 4584 τοίνυν,
1248 4516 1277 4572 δ
1317 4516 1605 4589 τυγχάνεις
1643 4513 1888 4571 διανοού-

318 4629 555 4756 μεέἒῗτ.
601 4698 823 4769 Ἐπειδὴ
861 4700 974 4762 τοῖς
1009 4697 1186 4766 ἁγίοις
1219 4694 1405 4767 μόνοις
1428 4694 1639 4748 δέδοται
1689 4709 1885 4747 κοινω-

312 4793 442 4854 νοὺς
481 4790 581 4861 τῆς
610 4789 765 4852 θείας
799 4788 1014 4858 φύσεως
1037 4789 1234 4850 τελεῖν,
1265 4788 1379 4850 τοῖς
1410 4785 1511 4856 μὲν
1540 4783 1720 4847 ἄλλοις
1749 4783 1887 4854 ἀμέ-

315 4880 512 4934 θεκτον
558 4879 793 4951 ἐροῦμεν
824 4880 924 4948 τὴν
955 4879 1151 4932 οὐσίαν
1183 4895 1241 4931 τε
1275 4880 1368 4932 καὶ
1399 4877 1561 4946 φύσιν
1585 4875 1681 4930 τοῦ
1707 4874 1883 4927 Θεοῦ·

313 4973 427 5033 τοῖς
461 4971 521 5024 δὲ
574 4970 972 5044 εύηρεστηκόσι
1011 4969 1185 5038 τούτῳ
1237 4968 1528 5038 μεθεκτὴν,
1567 4967 1802 5037 μάλιστα
1825 4965 1883 5018 δὲ

313 5063 462 5116 κατὰ
492 5063 592 5132 τὴν
639 5061 942 5132 μέλλουσαν
974 5062 1193 5129 ἐκείνην
1229 5058 1405 5127 λῆξιν,
1440 5057 1697 5128 καὶπρὸς
1733 5054 1882 5108 τοῦτ’

315 5151 410 5222 ἄρ’
441 5152 572 5204 αὐτὸ
601 5153 822 5204 κάκεῖνο
857 5151 1013 5220 φέρει
1053 5149 1114 5202 τὸ
1158 5147 1452 5218 εἰρημένον
1480 5145 1766 5216 Γρηγορίῳ
1802 5143 1883 5212 τῷ

313 5245 419 5314 τῆς
443 5242 719 5309 θεολογίας
741 5241 1034 5310 ὲπωνύμῳυ
1065 5258 1084 5291 ι
1111 5239 1304 5292 Ἔσται
1326 5237 1383 5291 δὲ
1405 5239 1432 5289 ὁ
1459 5235 1589 5298 Θεὸς
1614 5236 1682 5287 τὰ
1705 5234 1884 5287 πάντα

317 5337 380 5388 ὲν
412 5335 580 5386 πᾶσιν
608 5335 666 5386 ὲν
710 5332 788 5402 τῷ
827 5333 1007 5402 καιρῷ
1036 5329 1139 5399 τῆς
1184 5327 1706 5388 ἀποκαταστάσεως,
1754 5326 1883 5378 ὅταν

323 5427 523 5497 μηκέτι
568 5425 739 5479 πολλὰ
766 5421 937 5495 ὦμεν,
965 5423 1156 5492 ὥσπερ
1179 5420 1294 5485 νῦν,
1343 5419 1456 5480 τοῖς
1485 5417 1752 5487 κινήμασι
1785 5415 1882 5468 καὶ

312 5522 433 5581 τοῖς
459 5517 709 5585 πάθεσιν,
733 5517 886 5570 οὐδὲν
911 5516 1048 5577 ὅλως
1077 5513 1210 5566 Θεδν
1248 5512 1281 5580 ἢ
1328 5508 1508 5575 ὀλίγον
1540 5509 1598 5560 ἐν
1626 5507 1757 5576 ἡμῖν
1788 5506 1885 5558 αύ-

314 5615 433 5674 τοίς
459 5613 743 5682 φέροντες,
778 5608 894 5664 ἀλλ’
927 5607 1040 5660 ὅλοι
1071 5603 1348 5666 θεοειδεῖς,
1379 5599 1503 5654 ὅλου
1533 5598 1670 5652 Θεοῦ
1699 5615 1880 5668 χωρη-

317 5705 462 5756 τικοὶ
506 5701 600 5754 καὶ
632 5702 794 5770 μόνου
818 5714 835 5732 ο
875 5695 1038 5749 τοῦτο
1069 5694 1180 5763 γὰρ
1236 5693 1272 5761 ἡ
1323 5686 1601 5750 τελείωσις
1647 5687 1783 5757 πρὸς
1815 5685 1882 5755 ἣν

1990 3235 2148 3282 ειη-αξ.
2183 3246 2204 3280 ι
2246 3225 2487 3283 Proinde
2515 3243 2614 3283 nec
2648 3243 2867 3284 eramus
2902 3229 3074 3299 prius,
3114 3244 3216 3284 nec
3243 3227 3406 3284 simul
3435 3242 3560 3282 cum

1990 3317 2274 3371 creatione
2321 3317 2448 3372 facti
2498 3332 2688 3372 sumus
2739 3317 2890 3372 illius
2951 3316 3270 3386 participes.
3303 3318 3371 3372 Et
3402 3315 3564 3372 divus

1988 3405 2195 3462 Paulus
2229 3421 2412 3461 nonne
2462 3407 2686 3475 quando
2718 3420 2826 3460 non
2871 3405 3175 3474 discipulus
3204 3414 3436 3468 tantum,
3467 3405 3562 3459 sed

1990 3499 2236 3553 imitator
2269 3497 2447 3553 factus
2473 3507 2555 3551 est
2585 3496 2815 3558 Christi,
2849 3495 3427 3567 incomprehensibilis
3461 3511 3562 3550 na-

1990 3602 2126 3645 tura:
2169 3594 2363 3644 domus
2411 3589 2633 3644 effectus
2667 3588 2794 3644 est?
2828 3587 2935 3644 Ubi
2985 3588 3152 3657 igitur
3185 3597 3313 3642 sunt
3346 3586 3438 3655 qui
3473 3601 3562 3639 res

1989 3696 2180 3736 omnes
2221 3681 2408 3735 dicunt
2459 3695 2579 3734 esse
2628 3680 2794 3745 hujus
2850 3688 3157 3735 consortes.
3206 3677 3335 3747 quia
3368 3675 3558 3732 omnia

1989 3771 2156 3828 Deum
2182 3772 2554 3842 participant?

2058 3948 2238 4004 Tlteot.
2271 3948 2486 4006 Abeant
2515 3950 2628 4015 isti,
2659 3951 2898 4019 pueriles
2934 3948 3314 4020 intelligentia,
3342 3945 3558 4016 juveni-

1988 4039 2069 4095 les
2099 4040 2487 4094 incredulitate
2511 4049 2568 4094 et
2597 4040 2849 4103 audacia,
2881 4048 2941 4093 ut
2971 4039 3136 4094 menti
3162 4054 3293 4092 mete
3318 4037 3555 4100 videtur,

1988 4146 2053 4186 ac
2087 4130 2330 4198 nequitia
2381 4145 2488 4184 non
2520 4131 2752 4198 parvuli.
2785 4129 3048 4198 Equidem
3101 4143 3264 4192 nunc,
3314 4138 3370 4182 ut
3411 4129 3552 4182 arbi-

1988 4234 2124 4290 tror,
2157 4237 2221 4276 ex
2260 4221 2423 4277 dictis
2470 4221 2709 4290 intelligo
2756 4221 3032 4291 quomodo
3078 4219 3556 4276 contmunicabilis

1987 4323 2044 4368 et
2067 4311 2602 4367 incommunicabilis
2635 4312 2876 4367 essentia
2913 4310 3135 4367 dicatur
3169 4309 3337 4367 Deus.

2060 4493 2284 4562 Tlteoplt.
2322 4491 2418 4548 Dic
2451 4493 2613 4561 igitur
2638 4490 2768 4562 quid
2795 4490 3094 4563 intelligas.

2061 4685 2244 4742 Theot.
2277 4687 2410 4741 Cum
2468 4687 2673 4744 sanctis
2716 4688 2983 4743 duntaxat
3015 4689 3197 4745 datum
3230 4689 3302 4745 sit
3329 4696 3567 4747 censor-7

1990 4788 2072 4834 tes
2103 4777 2220 4832 ﬁeri
2251 4787 2463 4836 natura;
2511 4779 2731 4844 divinae,
2757 4781 2880 4836 aliis
2915 4781 3134 4850 quidem
3187 4777 3566 4870 incommunio:

1987 4870 2217 4925 cabilem
2246 4868 2494 4925 dicemus
2531 4872 2828 4926 essentiam
2857 4881 3218 4941 naturamque
3255 4873 3370 4938 Dei.
3397 4868 3566 4952 com-3

1992 4961 2380 5016 municabilem
2419 4976 2551 5017 vero
2596 4962 2665 5018 iis
2697 4978 2834 5033 quos
2881 4963 2970 5018 hic
2999 4963 3196 5033 diligit,
3249 4966 3564 5036 praesertim!

1986 5047 2167 5117 quoad
2197 5048 2438 5102 futuram
2466 5023 2880 5113 beatitudinem,
2913 5049 3074 5120 idque
3098 5023 3278 5120 ipsum
3311 5023 3563 5138 innuu‘ntl

1989 5141 2103 5192 haec
2126 5139 2288 5192 verba
2314 5136 2556 5208 Gregorii
2586 5141 2673 5193 cui
2701 5153 2998 5208 cognomen
3019 5138 3327 5212 Theologus
3350 5160 3365 5196 :
3388 5163 3407 5194 ι
3434 5136 3562 5200 Erit;

1988 5237 2170 5282 autem
2203 5227 2346 5282 Deus
2381 5228 2563 5282 omnia
2596 5231 2650 5282 in
2691 5229 2943 5283 omnibus
2971 5229 3384 5288 instaurationis
3411 5242 3552 5289 tem-

1988 5335 2139 5389 pore,
2169 5335 2336 5388 quum
2371 5319 2483 5388 jam
2527 5334 2630 5372 non
2675 5319 2888 5374 erimus
2933 5319 3078 5374 sicut
3112 5338 3255 5378 nunc
3293 5325 3550 5394 discerpti

1989 5409 2453 5464 comntottonihus
2493 5417 2547 5462 et
2581 5396 2998 5478 cupiditatibus,
3031 5411 3255 5465 minime
3305 5423 3399 5465 aut
3428 5428 3551 5482 per-

1991 5499 2269 5568 paululutn
2325 5499 2379 5551 in
2439 5499 2597 5553 nobis
2634 5498 2799 5553 Deum
2835 5498 3102 5565 ferentes,
3166 5502 3260 5554 sed
3313 5503 3556 5555 totalitcr

1994 5590 2204 5645 similes
2234 5588 2367 5652 Deo,
2403 5587 2568 5642 unius
2595 5603 2660 5642 ac
2700 5589 2869 5645 totius
2902 5589 2997 5644 Dei
3035 5603 3301 5660 capaces:
3333 5591 3447 5643 haec
3469 5600 3552 5649 est

1992 5678 2135 5735 enim
2171 5678 2384 5746 requies
2413 5679 2467 5734 in
2501 5694 2661 5749 quam
2689 5678 3258 5748 ingredi-festinamus.
3288 5680 3372 5735 An
3409 5689 3560 5740 recte
