4180 6308
325 343 429 407 937

393 459 572 524 Θεοφ.
628 454 824 508 ’Ἄκουε
870 455 961 509 καὶ
999 455 1259 522 μάνθανε.
1309 456 1418 521 Τὴν
1469 455 1895 527 {arrepens-dcem
1931 474 1975 530 Α

318 545 595 621 τὴιθθείαν
623 547 743 600 οὔτε
772 549 950 600 εἰπεῖν
985 548 1131 600 ἔστιν
1169 546 1291 600 οὔτε
1316 549 1582 617 ἐννοῆσαι,
1613 549 1733 601 οὔτε
1762 550 1898 611 ὅλως

323 661 438 705 πως
471 641 774 709 θεωρῆσαι,
820 640 910 692 διὰ
960 640 1018 692 τὸ
1071 642 1292 694 πάντων
1339 642 1511 711 αὐτὴν
1546 641 1896 712 ἐξηρημένην

320 731 462 787 εἶναι
499 733 595 784 καὶ
643 730 1092 800 ὑπεράγνωστον,
1143 732 1506 800 ἀπεριλήπτῳ
1543 732 1770 801 δυνάμει
1801 736 1897 784 καὶ

320 828 430 880 τῶν
449 827 548 878 ὑπε
559 823 858 895 ρουρανίων
875 823 1009 877 νόων
1029 823 1058 875 ὑ
1072 840 1130 876 πε
1138 824 1291 894 ριδρυ
1300 824 1490 894 μένην,
1504 825 1598 876 καὶ
1618 826 1748 876 πᾶσι
1767 825 1900 876 πάν-

322 939 390 991 τη
413 918 651 988 ἄληπτόν
675 934 734 970 τε
757 917 849 970 καὶ⁹
869 918 1107 987 ἄρρητον
1129 915 1236 969 ἀεί.
1267 916 1401 970 Οὐδὲ
1424 915 1532 984 γὰρ
1553 914 1722 984 ὁνομά
1747 916 1895 971 ἐστιν

325 1012 494 1078 αὐτῆς
521 1009 662 1063 κατά
691 1007 783 1059 τὸν
811 1005 907 1058 νῦν
937 1007 1107 1058 αἰῶνα
1141 1005 1169 1073 ἢ
1203 1009 1342 1059 κατὰ
1363 1008 1454 1059 τὸν
1489 1005 1750 1075 μέλλοντα
1779 1007 1894 1057 ὁνο-

324 1100 658 1172 μαζόμενον,
685 1097 803 1150 οὐδὲ
835 1096 993 1164 λόγος
1029 1098 1087 1150 ἐν
1121 1097 1267 1166 ψυχῇ
1307 1099 1700 1166 συνιστάμενος
1728 1096 1760 1167 ἥ
1805 1096 1894 1149 διὰ

322 1193 568 1262 γλώττης
613 1189 1078 1260 προσφερόμενος,
1113 1189 1211 1242 οὐκ
1253 1191 1435 1260 ὲπαφή
1487 1207 1570 1253 τις
1600 1188 1892 1260 αίσῖλητὴῆ

321 1282 523 1352 νοερά·
559 1281 671 1334 ἀλλ’
706 1281 826 1332 οὐδὲ
861 1281 1134 1347 φαντασία
1158 1279 1316 1346 ὅλως,
1347 1283 1396 1333 εί
1428 1282 1500 1350 μή
1522 1298 1604 1343 τις
1629 1280 1761 1350 φαίη
1792 1278 1894 1348 τὴν

322 1373 384 1439 ἐξ
421 1372 750 1440 ἀποφάσεων
775 1370 1123 1440 τελεωτάτην
1155 1370 1556 1439 ἀκαταληψίαν,
1589 1371 1663 1434 ὡς
1690 1371 1891 1434 πάντα,

321 1466 423 1516 ὅσα
457 1463 606 1516 ἐστὶν
639 1462 671 1530 ἢ
713 1462 847 1522 ὅλως
886 1454 1104 1528 λέγεται
1167 1460 1511 1531 ὑπεροχικῶς
1549 1462 1894 1530 ἀφαιρουμέ-

322 1571 441 1624 νην.
471 1555 581 1606 Kc“.
607 1552 790 1604 τοίνυν
819 1551 930 1603 οὐδ’
959 1550 1149 1603 ούσίαν
1177 1550 1398 1619 αὐτὴνῆ
1435 1551 1597 1619 φύσιν
1625 1551 1890 1620 ὀνομάσαι

323 1644 548 1714 θεμιτὸν
587 1642 924 1712 ὀνομάζοντα
958 1641 1186 1708 κυρίως,
1219 1643 1367 1704 ὅστις
1402 1645 1501 1713 τὴν
1535 1644 1676 1713 ὑπὲρ
1711 1644 1894 1696 πᾶσαν

323 1735 586 1805 ἀλήθειαν
610 1732 869 1802 ἀληθείας
901 1733 1257 1802 ἐπιγνώμων.
1305 1733 1458 1785 Ἐπεὶ
1487 1733 1531 1786 δ’
1566 1733 1722 1796 αὖθις
1761 1733 1895 1786 πάν-

1695 333 2203 404 ΤΠΕΟΡΠΑΝΕέ

3458 333 3563 402 933

2085 454 2311 523 TIquh.
2357 451 2495 508 Audi
2543 467 2606 508 ac
2651 453 2820 508 disce.
2864 450 3417 522 Super-substantialis
3481 456 3570 507 Dei

2001 546 2238 599 essentia
2270 558 2371 597 nec
2401 543 2508 597 dici
2555 558 2652 598 nec
2682 543 2904 613 intelligi
2955 558 3053 597 nec
3101 543 3374 599 ullatenus
3402 547 3570 599 vidui

2002 644 2200 702 potest,
2233 635 2360 702 quia
2395 649 2481 688 res
2512 647 2706 688 omnes
2746 642 2800 688 et
2835 648 3052 688 omnem
3082 635 3451 703 cognitionem
3481 652 3572 690 su-

2000 725 2324 793 pereminet,
2351 740 2515 794 supra
2547 723 3150 794 incomprehensibilem
3197 724 3362 778 etiam
3410 727 3574 780 coele-

1998 813 2164 866 stium
2195 813 2487 881 spirituum
2534 814 2787 867 virtutem
2823 814 3041 877 sedens,
3069 814 3432 884 omnibusque
3460 832 3574 868 om-

2003 903 2132 958 nino
2179 903 2598 973 inintelligibilis
2645 919 2865 974 semper
2911 915 2963 958 et
3011 905 3414 962 inenarrabilis.
3463 898 3575 962 ΝΈ

2001 993 2150 1048 enim
2182 993 2293 1047 ullo
2337 997 2557 1048 nomine
2593 994 2706 1048 sive
2733 995 2786 1046 in
2815 1007 2931 1046 arvo
2974 995 3225 1063 praesenti
3257 995 3370 1049 sive
3404 996 3455 1049 in
3491 997 3576 1050 fu-

2001 1093 2124 1140 turo
2151 1093 2330 1155 potest
2361 1084 2806 1154 uuncupari,nec
2836 1084 2945 1139 ullo
2972 1084 3204 1154 exprimi
3229 1087 3395 1141 verbo
3426 1089 3571 1156 quod

2005 1190 2156 1228 mens
2195 1175 2466 1242 eergitet
2508 1175 2588 1226 vel
2637 1175 2821 1243 lingua
2873 1175 3136 1244 proferat,
3181 1191 3280 1230 nec
3321 1178 3571 1232 sensibus

2004 1268 2080 1318 vel
2117 1266 2392 1319 intellectu
2425 1256 2643 1333 attingi,
2689 1281 2789 1318 nec
2823 1266 2924 1319 ulla
2963 1268 3343 1335 repraesentari
3381 1271 3573 1336 imagis

2003 1353 2246 1420 natione,
2286 1356 2393 1408 nisi
2433 1357 2616 1410 forsan
2674 1367 2731 1409 ut
2776 1356 3023 1425 qnwdam
3056 1360 3298 1413 omnium
3335 1361 3577 1426 negatio-

2003 1460 2129 1498 uum
2183 1446 2584 1514 perfectissime
2635 1447 3214 1518 incomprehensibilis
3248 1465 3487 1517 summa,
3521 1457 3575 1504 et.

2004 1550 2256 1605 suprema
2285 1543 2351 1594 ab
2371 1541 2626 1596 omnibus
2671 1558 3013 1613 quaecunque
3047 1554 3175 1597 sunt
3207 1545 3288 1598 vel
3315 1546 3574 1598 dicuntur

2003 1631 2326 1685 abstractio.
2376 1629 2564 1702 Itaque
2614 1633 2790 1702 ipsam
2844 1637 3135 1688 essentiam
3173 1645 3268 1688 aut
3323 1645 3573 1690 naturam

2000 1722 2287 1777 nominare
2350 1738 2573 1793 proprio
2620 1726 2840 1779 nomine
2884 1726 3027 1780 haud
3092 1737 3274 1796 potest
3325 1729 3574 1798 quisqui:

263 1825 435 1918 Ξτων
464 1825 612 1877 ἐστὶν
667 1824 818 1878 αἰτία
845 1824 940 1876 καὶ
988 1825 1118 1893 περὶ
1151 1823 1326 1894 αὐτὴν
1363 1825 1541 1878 πάντα
1589 1826 1684 1878 καὶ
1721 1826 1892 1895 αὐτῆς

1999 1813 2284 1867 veritatem
2309 1816 2458 1870 omni
2492 1815 2719 1870 veritate
2746 1818 3086 1887 superiorem
3109 1830 3416 1874 scrutatur.
3435 1820 3573 1887 Quia

326 1917 511 1980 ἕνεκα,
533 1916 624 1967 καὶ
648 1914 787 1982 αὐτή
815 1915 930 1965 ἐστι
955 1914 1056 1982 πρὸ
1079 1915 1296 1967 πάντων
1321 1915 1416 1968 καὶ
1433 1915 1618 1978 ἁπλῶς
1641 1917 1732 1970 καὶ
1760 1917 1894 1968 ἀπε·

331 2007 615 2075 ριορίστως
637 2006 694 2057 ὲν
735 2005 900 2073 ἑαυτῇ
951 2003 1168 2058 ἅπαντα
1200 2006 1550 2074 προείληφεν,
1583 2007 1645 2057 ἐκ
1682 2006 1896 2059 πάντων

326 2096 496 2167 αὐτὴν
517 2096 864 2166 ὀνομαστέον,
889 2095 1370 2164 καταχρηστικῶς,
1422 2095 1519 2148 ἀλλ
1558 2097 1617 2147 ού
1667 2096 1892 2166 κυρίως.

325 2187 537 2242 Οὐκοῦν
578 2191 670 2240 καὶ
722 2186 916 2239 οὐσίαν
949 2186 1120 2254 αὐτὴν
1173 2187 1268 2239 καὶ
1305 2187 1468 2256 φύσιν
1515 2191 1854 2259 προσρητέον
1878 2204 1891 2218 °

326 2281 531 2351 κυρίως
566 2279 624 2332 δὲ
653 2278 754 2349 τὴν
791 2277 1101 2330 ούσιοποιδν
1133 2277 1229 2331 τοῦ
1262 2279 1398 2332 Θεοῦ
1441 2280 1668 2348 πρόοδόν
1712 2296 1773 2332 τε
1799 2283 1894 2332 καὶ

324 2371 629 2439 ἐνέργειαν.
671 2366 798 2421 Ὅτι
828 2368 884 2420 δὲ
914 2368 1010 2420 καὶ
1042 2367 1181 2437 αὓτη
1212 2368 1640 2438 ούσιωνυμεῖται
1676 2369 1769 2421 καὶ
1799 2386 1894 2422 κυ-

329 2461 462 2530 ρίως
493 2459 651 2529 αὕτη,
687 2459 779 2512 τοῦ
809 2459 1045 2528 μεγάλου
1073 2461 1306 2515 ἄκουσον
1336 2460 1638 2522 Διονυσίου,
1671 2477 1689 2510 ι
1723 2461 1892 2515 Μετι-

325 2553 471 2616 τέον,
509 2551 779 2616 λέγοντος,
837 2551 930 2603 ἐπὶ
986 2550 1086 2621 τὴν
1131 2551 1306 2614 ὁντως
1348 2547 1516 2604 οὖσαν
1560 2550 1672 2624 ’τοῦ
1723 2551 1894 2614 ὅπως

324 2641 479 2702 ὄντος
531 2638 848 2708 θεολογικὴν
901 2639 1312 2708 ούσιωνυμίανο
1365 2640 1618 2694 τοσοῦτον
1667 2641 1723 2695 δὲ
1767 2644 1895 2696 ὐπο-

329 2733 630 2798 μνήσομεν,
664 2731 748 2783 ὃτι
789 2730 866 2800 τῷ
908 2728 1050 2799 λόγῳ
1092 2734 1294 2792 σκοπὸς
1328 2733 1390 2784 οὐ
1435 2733 1533 2803 τὴν
1570 2734 1894 2804 ύπερούσιον

324 2823 535 2885 οὐσίαν,
623 2819 965 2890 ὄπερούσιος,
991 2820 1270 2888 ἐκφαίνειν
1314 2821 1576 2892 (ἄρρητον
1603 2826 1712 2894 γὰρ
1736 2823 1895 2878 τοῦτο

328 2912 422 2962 καὶ
457 2911 735 2976 ἄγνωστον
767 2909 862 2961 καὶ
895 2908 1177 2971 παντελῶς
1205 2911 1565 2980 άνέκφαντον,
1602 2915 1697 2967 καὶ
1725 2915 1895 2985 αὐτὴν

328 3003 626 3071 ὑπεραῖρον
654 3000 751 3070 τὴν
794 2999 1039 3065 ἕνωσιν),
1077 3002 1212 3056 ἀλλὰ
1243 3003 1340 3073 τὴν
1375 3004 1683 3059 ούσιοποιδν
1715 3009 1795 3070 είς
1827 3009 1896 3062 τὰ

325 3095 453 3148 ὁντα
484 3093 660 3146 πάντα
681 3093 778 3161 τῆς
802 3090 1100 3162 θεαρχικῆς
1132 3093 1455 3164 ούσιαρχίας
1481 3097 1706 3166 πρόοδον
1731 3099 1897 3169 ὑμνῆ-

327 3202 437 3237 σαι.
480 3203 498 3234 1

324 3277 479 3329 θείαν
509 3277 655 3344 λέγει
697 3277 955 3346 πρόοδον;
997 3276 1160 3329 καλεῖ
1195 3277 1380 3346 μέντοι
1431 3276 1577 3331 οὕτω
1614 3279 1895 3334 κάνταῦθα

325 3372 419 3423 καὶ
464 3370 524 3422 τὸ
569 3370 803 3439 κρύφιον
841 3369 1018 3439 πάντη
1062 3369 1156 3422 καὶ
1183 3369 1572 3440 ἀνεκφοίτητον
1613 3375 1706 3425 καὶ
1736 3375 1896 3427 ἀνέκε-

327 3479 527 3526 φαντον
584 3464 780 3515 ἐκεῖνο.
813 3460 1010 3532 Εὖροις
1044 3462 1088 3514 δ’
1117 3460 1181 3514 ἂν
1229 3464 1625 3534 παραπλησίως
1672 3465 1765 3518 καὶ
1796 3468 1896 3537 τὴν

325 3553 424 3620 τῆς
452 3553 667 3620 φύσεως
710 3553 1086 3624 προσηγορίαν
1136 3554 1274 3605 κάπὶ
1305 3553 1413 3606 τῶν
1451 3555 1694 3624 φυσικῶς
1722 3571 1895 3626 προσ-

324 3646 494 3697 όντων
527 3646 841 3714 τιθεμένην,
873 3646 948 3708 ὡς
980 3647 1075 3699 καλ⁹
1097 3646 1125 3697 ὁ
1163 3646 1270 3698 τῶν
1294 3647 1615 3717 Γρηγορίων
1650 3648 1894 3716 οεολογι⁸

327 3737 568 3798 κώτατὸς
604 3738 737 3807 φησί
791 3753 894 3788 που
928 3737 1034 3790 τῶν
1070 3737 1246 3788 ἐπῶν·
1291 3756 1310 3788 ι
1348 3738 1479 3790 Ἥδε
1524 3737 1631 3809 γὰρ
1661 3739 1896 3802 ἄνακτος

323 3831 459 3900 ἐμοῦ
506 3831 669 3900 φύσις
719 3831 875 3884 ὄλϐον
923 3831 1168 3895 ὀπάζειν.
1201 3849 1220 3882 ι
1257 3831 1392 3885 Οὐδὲ
1433 3830 1542 3901 γὰρ
1593 3832 1656 3885 τὸ
1695 3833 1894 3886 διδόναι

324 3923 489 3993 φύσις
542 3923 767 3990 ὁτῳοῦν,
823 3923 957 3975 ἀλλὰ
995 3922 1239 3990 φυσικῶς
1295 3923 1453 3976 τοῦτο
1494 3923 1758 3992 πρόσεστι
1818 3924 1896 3994 τῷ

324 4013 684 4083 εὐεργετικῷ.
739 4015 890 4065 Κάπὶ
923 4013 1015 4066 τοῦ
1079 4015 1249 4082 πυρδις
1300 4013 1434 4082 φαίη
1487 4031 1570 4076 τις
1627 4015 1694 4067 ἂν
1732 4015 1896 4083 φύσιν

324 4103 474 4172 ἔχειν
504 4102 786 4172 ἀνωφερὲς
818 4100 979 4168 εἶναι,
1013 4104 1104 4154 καὶ
1137 4104 1252 4170 φῶς
1283 4104 1481 4156 ἐνιέναι
1521 4105 1630 4166 τοῖς
1654 4104 1856 4175 ὁρῶσιν
1878 4119 1891 4134 ⁸

325 4193 444 4246 ἀλλ’
471 4193 569 4262 οὐχ
611 4195 642 4262 ἡ
683 4195 896 4264 κίνησις
950 4193 1100 4264 αύτῷ
1142 4195 1324 4263 φύσις,
1374 4194 1495 4248 οὐδὲ
1545 4196 1606 4248 τὸ
1644 4197 1893 4264 ἐμποιεῖν

325 4284 537 4348 ἁπλῶς,
585 4285 700 4337 ἀλλ’
729 4287 764 4357 ἡ
791 4286 887 4356 τῆς
929 4287 1197 4355 κινήσεως
1220 4288 1383 4358 ἀρχή.
1421 4289 1654 4351 Λέγεται
1679 4306 1893 4359 τοιγαρ-

321 4377 420 4431 οῦν
475 4379 570 4432 καὶ
622 4378 688 4430 τὰ
729 4381 934 4446 φυσικὰ
996 4379 1179 4446 φύσις,
1230 4379 1306 4443 ὡς
1333 4380 1426 4434 καὶ
1473 4382 1602 4434 αύτὺ
1641 4383 1669 4432 ὁ
1718 4382 1892 4452 μέγας

320 4467 597 4530 Διονύσιος
645 4468 879 4538 ἀλλαχοῦ
939 4486 1096 4538 φησι,
1156 4488 1174 4521 ι
1241 4471 1428 4535 Φύσις,
1484 4472 1744 4540 γράφων,
1811 4473 1891 4540 τῷ
1925 4508 1966 4562 D

318 4559 510 4629 ἀγαθῷ
553 4559 614 4610 τὸ
654 4559 929 4626 παράγειν
971 4561 1066 4613 καὶ
1095 4559 1288 4624 σώζειν
1315 4577 1329 4592 ο
1389 4580 1407 4612 ι
1449 4562 1690 4632 δηλονκὶτι
1735 4579 1892 4630 φυσι-

320 4651 434 4710 κῶς
458 4650 616 4702 τοῦτο
664 4652 958 4720 πρόσεστιν
988 4651 1159 4717 αύτῷ.
1195 4652 1304 4703 Καὶ
1345 4653 1526 4704 τοίνυν
1556 4656 1683 4706 ὅταν
1730 4656 1892 4709 ἀκού-

319 4759 421 4814 σῃς
453 4743 562 4794 τῶν
620 4742 879 4810 Πατέρων
909 4743 1222 4811 ἀμέοεκτον
1267 4743 1531 4812 λεγόντων
1563 4747 1662 4815 τὴν
1703 4747 1894 4800 οὐσίαν

316 4833 415 4886 τοῦ
446 4834 603 4899 Θεοῦ,
630 4837 842 4904 ἐκείνην
881 4850 970 4901 μοι
1003 4835 1112 4886 νόει
1143 4835 1240 4904 τὴν
1283 4836 1674 4905 ἀνεκφοίτητόν
1711 4856 1768 4890 τε
1797 4841 1892 4892 καὶ

307 4907 678 4989 Δὁινέκφαντον.
712 4921 882 4974 Ὅταν
912 4923 956 4973 δ’
990 4921 1469 4994 αὗθις-μεθεκτὴν,
1511 4925 1620 4977 νόει
1661 4942 1751 4994 μοι
1789 4926 1889 4996 τὴν

317 5011 568 5080 φλσικῶς
596 5011 906 5078 προσοῦσαν
940 5011 1016 5080 τῷ
1039 5011 1157 5079 Θεῷ
1177 5013 1425 5082 πρόοδον,
1453 5018 1546 5065 καὶ
1571 5017 1667 5081 τὴν
1692 5014 1890 5084 ἐκφαν-

320 5120 411 5156 σιν
441 5105 534 5154 καὶ
593 5103 692 5170 τὴν
732 5104 1047 5173 ἐνέργειαν
1081 5105 1176 5156 καὶ
1229 5103 1373 5155 οὓτω
1415 5106 1656 5174 στέργων
1709 5109 1892 5174 ἀμφό-

316 5209 476 5260 τερα,
517 5186 800 5261 ὁμόλογος
836 5193 930 5263 ἔσῃ
969 5196 1078 5256 τοῖς
1127 5193 1427 5264 Πατράσιν.
1472 5196 1633 5247 Ἀλλὰ
1681 5198 1773 5248 καὶ
1803 5196 1890 5248 διὰ

317 5284 422 5349 τῆς
480 5283 734 5350 τοιαύτης
789 5283 1068 5350 ἐνεργείας
1103 5283 1323 5351 ἐκείνην
1363 5285 1552 5351 αὐτὴν,
1600 5288 1649 5337 εἰ
1682 5289 1775 5338 καὶ
1812 5287 1890 5354 μὴ

321 5376 447 5427 καθ’
483 5373 682 5443 ἑαυτὴν
716 5376 816 5443 τὴν
871 5376 1021 5427 Θείαν
1054 5373 1241 5442 φύσιν,
1275 5375 1447 5441 λέγων
1496 5375 1786 5445 μεοεκτὴν,
1832 5379 1888 5428 ἐν

317 5468 432 5526 τοῖς
485 5467 631 5534 ὅροις
669 5469 851 5534 μενεῖς
895 5469 991 5534 τῆς
1041 5465 1353 5526 εὐσεϐείαςο
1393 5468 1739 5536 συντηρεῖται
1785 5468 1890 5536 γὰρ

319 5561 418 5611 καὶ
451 5558 591 5609 οὕτω
616 5558 676 5609 τὸ
705 5557 1003 5626 ἁμέθεκτόν
1025 5573 1083 5608 τε
1117 5560 1209 5608 καὶ
1242 5558 1576 5624 ἀνέκφαντον
1607 5560 1704 5626 τῆς
1732 5561 1891 5612 ἁνεκιι

323 5648 584 5716 φοιτὴτου
634 5646 847 5714 φύσεως
886 5644 1118 5714 ἐκείνης.
1162 5646 1288 5696 Ἴδοι
1337 5645 1380 5695 δ’
1426 5645 1491 5697 ἄν
1518 5661 1600 5707 τις
1643 5647 1891 5711 καὶτοὺς

322 5739 526 5803 ἔξωθεν
560 5739 754 5804 σοφοὺς
799 5738 990 5789 οὐσίαν
1027 5738 1085 5788 οὐ
1121 5737 1219 5806 τὴν
1271 5736 1505 5790 ἑκάστου
1537 5738 1696 5804 μόνον
1731 5737 1892 5806 φύσιν

533 5832 795 5892 l’s'rnoc.
837 5831 950 5890 Gn.
990 5828 1029 5885 (ἶ
1045 5832 1120 5888 1,.

2003 1913 2180 1958 tamen
2203 1903 2294 1957 illa
2313 1913 2396 1959 est
2417 1905 2661 1959 omnium
2685 1922 2874 1974 causa,
2892 1908 3186 1979 omniaque
3215 1911 3280 1964 ad
3303 1926 3421 1965 eam
3444 1928 3568 1982 per-

1999 1994 2174 2048 tinent
2192 2009 2256 2051 ac
2288 2004 2510 2065 propter
2537 2010 2656 2051 eam
2686 1997 2990 2064 exsistunt,
3029 1992 3084 2054 et
3113 2011 3198 2057 est
3228 2012 3352 2058 ante
3383 2004 3570 2058 omnia

2000 2091 2059 2137 et
2093 2083 2417 2153 simpliciter
2464 2085 2784 2157 inﬁniteque
2815 2099 3009 2146 cuncta
3039 2093 3321 2160 prtecedit,
3356 2107 3420 2147 ex
3457 2109 3568 2143 οιιι-

1996 2176 2159 2233 nibus
2197 2178 2531 2234 nominanda
2565 2191 2672 2248 est,
2708 2181 2959 2251 ﬁgurate,
2991 2199 3098 2238 non
3131 2187 3374 2254 proprie.
3409 2185 3562 2238 Nnnl

1998 2269 2246 2338 cupanda
2279 2271 2446 2341 igitur
2473 2281 2555 2326 est
2581 2272 2696 2342 ipsa
2733 2275 2970 2329 essentia
3001 2283 3055 2329 et
3079 2285 3296 2342 natura,
3318 2287 3372 2331 et
3401 2280 3566 2332 etiam

1995 2360 2221 2429 proprio
2253 2364 2474 2417 nomine
2512 2365 2748 2419 creatrix
2785 2363 2876 2420 Dei
2908 2368 3182 2435 processio
3216 2375 3269 2421 et
3304 2363 3566 2437 operatio.-

1999 2447 2170 2504 Porro
2191 2452 2330 2504 hanc
2351 2466 2570 2521 quoque
2591 2453 2809 2524 proprie
2825 2455 3008 2510 vocari
3028 2458 3318 2512 essentiam
3345 2475 3570 2530 nragnus

1998 2541 2157 2597 decet
2180 2542 2473 2614 Dionysius
2508 2544 2733 2600 dicens:
2770 2563 2789 2598 ι
2831 2544 3219 2615 lnquirendum
3257 2558 3344 2604 est
3375 2566 3566 2605 verum

2003 2634 2118 2688 veri
2169 2632 2265 2687 Dei
2299 2632 2552 2688 essentia:
2595 2648 2835 2688 nomen:
2875 2637 3306 2692 memorabimus
3353 2647 3568 2694 tantum

1999 2737 2306 2777 sermonem
2352 2739 2460 2778 non
2492 2723 2602 2778 buc
2647 2724 2886 2792 tendere,
2923 2733 2981 2779 ut
3025 2728 3571 2794 supersubstantialis

2003 2815 2242 2869 essentia
2277 2829 2384 2884 qua
2416 2815 2507 2871 ille
2537 2817 3084 2886 supersubstantialis
3115 2826 3220 2885 est,
3256 2819 3570 2892 designetur

2000 2906 2137 2976 (haec
2167 2906 2313 2962 enim
2345 2906 2453 2962 dici
2506 2908 2832 2978 cognoscive
2870 2921 2964 2965 aut
3011 2911 3240 2966 iudicari
3292 2914 3482 2982 nequit
3519 2925 3573 2967 ci.

1999 3000 2173 3067 ipsam
2205 2999 2580 3067 supereminet
2632 3000 2940 3056 beatiticam
3001 3005 3323 3074 unionem),
3373 3007 3468 3061 sed
3514 3023 3570 3059 ut

1999 3089 2340 3161 signiﬁcetur
2388 3090 2622 3148 eﬂ‘usum
2654 3092 2709 3146 in
2752 3108 2840 3148 res
2888 3109 3080 3150 omnes
3135 3098 3424 3153 creatricis
3474 3099 3568 3152 Ι).ιί

580 3184 742 3253 Ὁρᾷς
788 3185 871 3237 ὅτι
935 3184 1105 3248 ὅντως
1159 3184 1328 3238 οὖσαν
1377 3184 1750 3254 οὐσιωνυμίαν
1793 3190 1893 3260 τὴν

1999 3185 2252 3255 potentia:
2285 3184 2582 3239 eilluvium.
2624 3203 2643 3237 ι
2688 3184 2850 3242 Vides
2896 3186 2965 3241 ab
2997 3201 3063 3242 eo
3091 3203 3279 3243 verum
3315 3193 3571 3247 essentia:

1997 3293 2195 3332 nomen
2231 3277 2437 3347 imponi
2481 3277 2678 3332 divina:
2710 3279 3050 3346 processioni
3076 3280 3098 3333 ?
3125 3293 3180 3336 et
3210 3282 3338 3337 item
3365 3286 3571 3354 pariter

1999 3379 2277 3437 nuncupat
2309 3369 2460 3423 illam
2492 3369 2867 3424 absconditam
2893 3369 3332 3442 iueﬂ'abilemque
3362 3385 3418 3428 et
3454 3377 3570 3431 ine-

2002 3462 2326 3515 narrabilem
2364 3469 2636 3515 naturam.
2666 3459 2932 3516 Similiter
2964 3463 3204 3531 reperias
3238 3476 3446 3520 natura:
3472 3481 3570 3520 nos

1999 3567 2120 3606 men
2167 3553 2330 3606 rebus
2374 3565 2497 3619 quze
2539 3561 2736 3606 natura
2783 3552 3000 3619 insunt,
3037 3553 3373 3623 impositum,
3429 3560 3572 3611 sicut

2003 3643 2240 3696 maxime
2281 3643 2421 3697 inter
2461 3642 2758 3712 Gregorios
2814 3644 3097 3715 theologus
3146 3645 3348 3701 alicubi
3397 3647 3564 3704 dicit:

2003 3752 2022 3784 ε
2057 3734 2178 3788 llzec
2212 3735 2370 3804 Regis
2399 3736 2503 3790 mei
2531 3745 2725 3789 natura
2752 3735 3062 3792 felicitatem
3091 3738 3344 3808 largitur.
3381 3759 3400 3792 ι
3435 3741 3568 3796 Nam

1998 3826 2128 3879 dare
2163 3841 2272 3880 non
2309 3839 2394 3882 est
2423 3837 2618 3882 natura
2665 3829 2909 3894 cuilibet,
2943 3830 3035 3885 sed
3069 3831 3395 3888 naturaliter
3430 3834 3569 3888 inest

1998 3916 2351 3972 benefactori.
2384 3920 2513 3972 Item
2542 3919 2609 3974 de
2643 3919 2768 3989 igne
2799 3920 2996 3988 aliquis
3023 3921 3205 3976 dicere
3232 3931 3414 3991 posset
3450 3926 3568 3993 ejus

2000 4019 2248 4062 naturam
2307 4024 2525 4063 sursum
2585 4011 2804 4065 tendere
2859 4020 2915 4065 et
2974 4011 3286 4068 illuminare
3333 4015 3565 4076 oculos.

1999 4112 2312 4168 quanquam
2363 4100 2485 4168 ejus
2517 4107 2714 4152 natura
2753 4114 2859 4152 non
2901 4099 2974 4154 sit
3003 4112 3182 4156 metus
3230 4117 3328 4156 nec
3367 4104 3566 4158 illumi-

2001 4191 2171 4254 uatio,
2215 4191 2309 4244 sed
2347 4198 2528 4244 motus
2563 4189 2919 4259 principium.
2959 4190 3083 4245 Ideo
3112 4191 3216 4262 ipsi
3242 4203 3448 4247 natura:
3471 4210 3563 4250 ac—

2001 4291 2088 4336 tus
2139 4281 2398 4336 dicuntur
2442 4289 2673 4344 natura,
2705 4281 2849 4335 sicut
2901 4282 3094 4336 iterum
3153 4296 3388 4352 magnus
3440 4283 3566 4337 Dio-

1998 4375 2188 4443 nysius
2236 4373 2367 4427 alibi
2415 4373 2648 4429 scribit:
2691 4391 2710 4424 ι
2744 4371 2947 4428 Natura
2982 4374 3112 4429 boni
3158 4385 3240 4432 est
3263 4378 3565 4447 producere

1997 4475 2051 4518 et
2092 4479 2453 4532 conservare,
2490 4469 2532 4526 »ξ
2563 4464 2616 4518 id
2662 4473 2781 4533 est,
2818 4466 2924 4520 hoc
2966 4466 3042 4520 illi
3092 4479 3286 4522 natura
3341 4472 3562 4524 iusitum

1996 4566 2100 4612 est.
2150 4557 2339 4626 Itaque
2376 4557 2422 4610 si
2457 4556 2647 4613 Patres
2682 4558 2925 4614 audieris
2955 4559 3199 4615 dicentes
3252 4562 3560 4615 incommu-

1997 4648 2288 4702 nicabilem
2324 4663 2446 4702 esse
2489 4648 2582 4701 Dei
2614 4650 2938 4714 essentiam,
2988 4651 3134 4704 illam
3173 4653 3415 4720 intellige
3445 4671 3564 4724 qua:

1996 4738 2100 4792 dici
2125 4745 2178 4790 et
2206 4735 2545 4794 manifestari
2569 4739 2786 4807 nequit;
2807 4739 2852 4792 si
2879 4755 3004 4794 vero
3028 4741 3563 4807 communicabilem,

1995 4827 2235 4895 iutellige
2285 4827 2598 4882 naturalem
2652 4828 2748 4882 Dei
2787 4830 3220 4898 processionem,
3253 4833 3562 4888 manifesta-

1993 4920 2192 4972 tionem
2236 4929 2293 4973 et
2327 4922 2746 4988 Operationem:
2795 4930 2850 4974 et
2893 4921 2972 4975 sic
3005 4932 3301 4992 utrumque
3349 4932 3530 4994 ample

1987 5020 2164 5073 ctens,
2193 5009 2447 5064 Patr-ibus
2477 5012 2805 5066 consenties.
2859 5011 2970 5064 lmo
3003 5013 3193 5068 dicens
3246 5017 3336 5067 tali
3373 5033 3562 5084 oper..-

1997 5103 2140 5155 tione
2181 5100 2355 5170 ipsam
2406 5101 2497 5155 Dei
2550 5112 2842 5166 naturam,
2876 5119 2984 5158 non
3032 5114 3212 5159 tamen
3267 5107 3319 5159 in
3362 5110 3559 5179 Seipsa,

1995 5206 2117 5246 esse
2171 5193 2727 5258 communicabilem,
2765 5211 2871 5248 non
2942 5198 3201 5252 transibis
3249 5214 3388 5253 veru:
3439 5203 3562 5254 tidi-i

1994 5284 2232 5338 limites:
2271 5301 2392 5338 nam
2428 5285 2510 5339 sic
2538 5286 2706 5339 etiam
2746 5298 2998 5342 servatur
3029 5289 3564 5362 incommuuieabili-

1997 5385 2080 5428 tas
2141 5385 2196 5427 et
2245 5376 2738 5444 impenetrabilitas
2798 5378 2944 5434 illius
2999 5381 3288 5436 imﬂabilis
3332 5392 3559 5436 naturte.

1998 5463 2195 5519 Videre
2241 5478 2325 5520 est
2372 5477 2427 5520 et
2457 5467 2716 5534 profanos
2750 5469 3107 5541 philosophos
3136 5475 3429 5534 essentiam
3461 5490 3529 5542 ap

1997 5558 2278 5625 pellantes,
2312 5571 2418 5608 non
2454 5558 2627 5608 solum
2665 5557 2934 5628 cujusque
2965 5571 3239 5627 naturam,
3273 5563 3366 5614 sed
3399 5563 3560 5615 etiam

2000 5647 2263 5698 naturalia
2297 5654 2350 5698 et
2395 5645 2753 5700 essentialiu:
2809 5664 2929 5717 qum
2976 5652 3192 5720 quidem
3237 5651 3561 5707 abstrahunt

1999 5741 2066 5792 ab
2093 5742 2329 5794 essentia
2365 5737 2527 5807 eique
2561 5739 2879 5810 subjiciunt.
2929 5741 3039 5796 Nos
3070 5757 3202 5796 vero
3239 5744 3417 5800 adhuc
3458 5747 3559 5800 im»-

3082 5835 3160 5893 30
