4180 6308
680 331 789 394 ‘33)

1965 333 2338 394 CRECORIE
2384 330 2700 394 PALAMEE

3817 320 3921 385 940

693 453 968 499 morantes
1017 444 1068 498 in
1116 443 1545 499 demonstranda
1580 447 1696 516 ejus
1731 447 2258 502 inrmnmtmirahili-

2365 446 2749 517 ὀνομάζοντας,
2779 442 2906 494 ἀλλὰ
2945 441 3034 495 καὶ
3061 439 3126 493 τὰ
3159 437 3359 506 quam}
3392 437 3483 491 καὶ
3504 435 3761 506 οὖσιώδη⁹
3787 441 3924 491 ’διαι-

692 547 821 602 tnte,
849 537 1233 591 absconditum
1268 545 1321 590 et
1356 538 1682 605 inapertum,
1714 554 1820 608 qua
1851 541 2005 593 nobis
2039 541 2120 594 fas
2150 552 2254 605 est,

694 629 1110 684 tuanil'estetnus
1163 639 1375 684 natura:
1406 630 1605 683 divinae
1657 630 1960 700 fastigium.
1999 631 2076 686 Tu
2131 647 2260 701 ergo

695 721 829 774 tnihi
864 721 1132 790 responde
1165 721 1522 786 interroganti
1542 761 1556 785 ,
1584 721 1913 777 charissime
1935 722 2255 780 Theotimc:

2363 541 2582 608 ροῦντες
2611 540 2717 607 γὰρ
2744 537 2844 588 ὑπθι
2870 535 2968 601 τὴν
2995 533 3184 587 οὐσίαν
3212 533 3382 584 ταῦτα
3412 531 3590 584 πάντα
3618 531 3921 585 τάττουσιν.

2375 633 2566 701 Ἡμεῖς
2616 629 2660 683 δ’
2697 630 2777 682 ἔτι
2819 624 3344 698 προσδιατρίψαντες
3377 625 3444 694 τῇ
3487 622 3582 675 τοῦ
3629 623 3924 688 ἀμεθέκτου

2362 723 2588 792 θεωρίᾳ,
2625 722 2684 775 τὸ
2736 721 2970 791 κρύφιον
3016 735 3074 770 τε
3125 716 3226 771 καὶ
3255 716 3592 783 ἁνέκφαντον
3635 717 3733 782 τῆς
3781 714 3926 779 θείας

694 828 872 867 uouuc
895 828 1018 880 pars
1041 811 1294 866 essentia:
1325 813 1407 866 vel
1436 812 1659 866 minima
1685 829 1876 869 omnes
1904 815 2066 869 habet
2087 817 2260 885 ipsius

2361 833 2402 887 φ
2415 819 2600 879 Ξσεως,
2621 813 2706 884 ἐφ’
2726 817 2848 868 ὅσον
2869 815 2902 882 ή
2913 815 3003 882 μῖν
3021 812 3230 876 ἔξεστιν
3245 809 3605 879 ἀναφήνωμεν
3620 806 3773 877 ὕψος.
3790 809 3930 878 ‘E'po-

670 903 960 958 “virtutes?

2367 910 2516 977 μένῳ
2547 923 2637 976 μοι
2686 907 2865 958 τοίνυν
2895 903 3209 974 ἀπόκριναι,
3242 899 3447 970 χρηστὲ
3491 898 3751 969 Θεότιμε,
3784 901 3842 952 οὗ
3873 904 3929 952 τὸ

2283 997 2288 1002 ’
2369 999 2537 1070 μέρος
2573 998 2672 1068 τῆς
2721 997 2908 1060 οὐσίας
2966 995 3062 1050 καὶ
3101 994 3161 1048 τὸ
3209 991 3549 1064 βραχύτατον
3601 991 3785 1081 πάσας
3826 991 3929 1060 ἔχει

767 1183 948 1240 Theot.
987 1180 1215 1247 Omnes,
1258 1183 1520 1248 arbitror,
1561 1181 1613 1236 id
1645 1183 1738 1238 tibi
1771 1184 2103 1252 concedunt,
2141 1202 2264 1241 sen-

694 1291 850 1329 suum
878 1263 1216 1344 experientia
1245 1275 1481 1329 scientes
1514 1263 1764 1330 scintilla:
1783 1275 1922 1346 ignis
1943 1277 2025 1330 vel
2060 1277 2268 1332 tenuis.

694 1368 844 1418 Silltil.‘
874 1367 1053 1420 inesse
1088 1365 1193 1417 vim
1225 1364 1459 1435 fulgendi
1492 1375 1544 1419 et
1568 1367 1933 1432 illuminantli,
1964 1367 2269 1422 dissolven-

695 1458 859 1527 tlique
879 1467 935 1510 et
965 1457 1157 1510 urendi
1191 1471 1279 1526 res
1315 1459 1810 1526 propinquas,sese
1841 1459 1984 1512 ultro
2014 1461 2266 1513 movendi

696 1563 760 1602 ac
799 1547 1123 1601 naturaliter
1166 1562 1390 1602 sursum
1425 1548 1706 1611 tondendi,
1745 1557 1909 1618 atque
1945 1550 2268 1618 simpliciter

695 1647 921 1692 cunctas
958 1637 1321 1707 praprietates
1369 1638 1536 1708 ignis,
1593 1638 1753 1707 cujus
1811 1648 1894 1694 est
1945 1640 2264 1709 particula:

694 1731 910 1786 easdem
945 1729 1148 1797 pariter
1180 1729 1360 1783 inesse
1402 1738 1570 1798 guttae
1611 1745 1779 1799 quam
1801 1744 1964 1799 aquae
1994 1731 2152 1797 cujus
2183 1737 2271 1784 est

698 1821 868 1884 stilla,
911 1828 966 1874 et
1000 1833 1196 1873 massae
1229 1833 1393 1888 quam
1428 1819 1648 1874 metallo
1681 1819 1839 1890 cujus
1873 1830 1956 1875 est
1986 1821 2270 1890 fragmen-

719 1929 831 1967 um.

769 2003 1002 2074 Theoph.
1028 2004 1178 2070 Ideo,
1193 2003 1240 2060 si
1261 2004 1516 2058 essentia:
1533 2004 1730 2059 divinae
1751 2003 1925 2061 simus
1950 2005 2286 2075 participes,-

695 2097 811 2152 s’ve
857 2106 967 2151 tnta
1001 2097 1114 2151 sive
1152 2096 1352 2166 partim
1384 2096 1546 2151 alicui
1585 2097 2041 2164 communicetur,
2077 2100 2123 2154 is
2158 2098 2265 2154 erit

694 2188 1074 2258 omnipotens,
1107 2197 1162 2242 et
1192 2187 1274 2242 sic
1300 2202 1640 2258 unaquaeque
1670 2197 1922 2244 creatura
1956 2189 2062 2244 erit
2089 2189 2270 2244 omni-

697 2293 911 2349 potens,
936 2279 1079 2351 quod
1109 2296 1174 2334 ne
1197 2293 1389 2334 omnes
1417 2279 1635 2348 quidem
1661 2279 1826 2336 simul
1851 2295 1958 2333 non
1983 2279 2269 2346 habemus,

695 2371 912 2426 etiamsi
969 2371 1282 2426 universam
1319 2370 1654 2426 creationem
1704 2386 1813 2426 una
1861 2374 2268 2444 complectaris.

697 2461 810 2516 lloc
867 2462 1070 2517 Paulus
1118 2461 1509 2516 demonstrans
1553 2461 1617 2516 iis
1670 2461 1834 2516 etiam
1863 2477 2003 2532 quos
2043 2464 2270 2534 copiose

693 2555 944 2609 dit-arant
978 2553 1186 2607 deilicte
1242 2551 1480 2622 Spiritus
1521 2552 1730 2622 gratiae,
1774 2567 1880 2606 non
1926 2554 2110 2608 omnia
2158 2553 2274 2608 sin-

691 2645 838 2712 gulis
889 2644 1066 2697 inesse
1122 2651 1358 2706 testatur
1407 2643 1550 2697 dona
1603 2640 1865 2711 Spiritus,
1920 2645 2060 2698 sed:
2110 2664 2128 2696 ι
2164 2645 2271 2699 Alii

685 2734 949 2801 quidem,
991 2732 1104 2794 ait,
1149 2733 1312 2786 datur
1369 2747 1552 2788 sermo
1587 2733 1902 2804 sapientia,
1937 2734 2031 2790 alii
2084 2744 2269 2790 autem

695 2841 880 2882 sermo
925 2826 1188 2890 scientiae,
1221 2824 1313 2879 alii
1343 2838 1473 2878 vero
1507 2823 1746 2893 aliquid,
1788 2824 1936 2880 aliud
1967 2825 2268 2880 secundum

685 2919 950 2972 eumdem
999 2916 1268 2986 Spiritum
1305 2915 1349 2969 ⁸.
1408 2933 1426 2967 ι
1476 2915 1543 2970 Ει
1587 2916 1748 2970 Pater
1801 2916 2267 2988 Cbrysostomus,

697 3012 842 3066 clare
881 3010 1006 3063 hinc
1036 3016 1366 3078 praeverteris
1393 3005 1664 3061 Barlaami
1697 3015 1751 3062 et
1799 3006 2068 3077 Acyndini
2120 3025 2275 3067 erro-

2365 1092 2462 1155 τὰς
2496 1092 2666 1162 αὐτῆς
2693 1090 2954 1160 δυνάμεις
2975 1105 2990 1156 ;

2439 1183 2602 1237 Θεότ.
2637 1182 2854 1248 Πάντας
2890 1173 3046 1249 οἶμαί
3089 1194 3171 1230 σοι
3215 1177 3375 1230 τοῦτο
3423 1178 3691 1248 συνερεῖν,
3726 1175 3824 1229 καὶ
3870 1175 3931 1229 δι’

2369 1275 2679 1344 αίσθήσεως
2727 1272 2957 1334 είδότας,
3007 1270 3084 1333 ὡς
3133 1269 3230 1322 καὶ
3282 1271 3312 1324 ὁ
3359 1268 3599 1339 σπινθὴρ
3656 1269 3934 1339 ἐλάχιστον

2371 1368 2614 1437 ὑπάρχον
2635 1365 2728 1419 τοῦ
2748 1365 2942 1434 πυρὸς,
2964 1362 3216 1433 λαμπρόν
3238 1379 3299 1415 τε
3325 1361 3418 1415 καὶ
3444 1364 3774 1431 φωτιστικόν
3801 1363 3930 1425 ἔστι,

2369 1439 2704 1528 διακριτικόν
2743 1473 2802 1508 τε
2830 1457 2924 1507 καὶ
2967 1453 3262 1508 καυστικὺν
3295 1452 3404 1506 τῶν
3449 1452 3805 1520 ἐγγιζόντων,
3842 1453 3933 1503 αὐ-

2371 1549 2650 1616 τοκίνητόν
2681 1565 2741 1601 τε
2781 1547 2944 1614 φύσει
2984 1547 3079 1599 καὶ
3125 1544 3430 1614 ἀνωφερὲς,
3477 1545 3576 1599 καὶ
3607 1543 3795 1605 ἁπλῶς
3844 1543 3935 1595 ὅσα

2377 1641 2472 1694 καὶ
2501 1641 2561 1691 τὸ
2590 1639 2723 1709 πῦρ,
2753 1633 2814 1692 οὗ
2860 1638 3048 1710 μόριόν
3070 1639 3208 1702 ἐστι,
3242 1636 3336 1689 καὶ
3369 1637 3403 1706 ἡ
3443 1635 3682 1701 σταγὼν,
3719 1635 3820 1686 ὅσα
3851 1634 3934 1685 ut

2371 1732 2434 1786 τὸ
2464 1732 2630 1802 ὕδωρ,
2672 1725 2734 1785 οὗ
2765 1732 2884 1784 ἐστι
2927 1729 3143 1797 σταγών
3169 1744 3182 1758 ·
3219 1726 3313 1780 καὶ
3345 1728 3378 1796 ἡ
3419 1726 3589 1797 βῶλος
3629 1728 3728 1779 ὅσα
3757 1730 3844 1778 καί
3883 1728 3936 1778 τὸ

2382 1823 2668 1892 μέταλλον,
2688 1822 3006 1888 ὁτουδήποτ’
3036 1821 3102 1874 ἂν
3127 1818 3386 1891 ἀπορρὼξ
3418 1818 3708 1887 διατελοίη.

2446 2003 2620 2071 Θεοφ.
2655 1999 2958 2070 Τοιγαροῦν
2988 1999 3146 2069 εῐπερ
3174 1998 3271 2067 τῆς
3304 1996 3494 2060 οὐσίας
3525 1996 3619 2049 τοῦ
3649 1997 3788 2049 Θεοῦ
3823 2014 3935 2064 μετ-

2379 2095 2619 2163 έχομεν,
2683 2091 2785 2146 κᾶν
2823 2091 2872 2143 εί
2923 2089 3102 2157 πάσης
3135 2087 3237 2142 κᾶν
3269 2091 3321 2142 εί
3370 2088 3563 2160 μορίου
3614 2087 3820 2159 μετέχῃ
3864 2105 3936 2150 τις

2375 2187 2570 2257 αὐτῆς,
2626 2181 3035 2254 παντοδύναμος
3081 2183 3235 2236 ἔσται
3261 2199 3276 2216 ο
3310 2183 3406 2236 καὶ
3451 2181 3598 2235 οὕτω
3623 2181 3735 2233 τῶν
3778 2181 3937 2234 ὅντων

2373 2279 2606 2332 ἕκαστον
2636 2277 2794 2329 ἔσται
2819 2273 3256 2343 παντοδύναμον,
3285 2273 3314 2327 ὃ
3347 2272 3484 2345 μηδὲ
3519 2273 3720 2334 πάντες
3753 2273 3938 2340 ἔχομεν

2372 2369 2531 2440 ὁμοῦ,
2577 2371 2681 2424 κᾶν
2721 2370 2904 2424 πᾶσαν
2939 2368 3040 2437 τὴν
3090 2367 3272 2421 κτίσιν
3299 2365 3730 2438 συμπεριλαὸὼν
3767 2368 3935 2435 εἴπης.

2374 2462 2545 2516 Τοῦτο
2575 2462 2790 2524 δεικνὺς
2821 2461 2848 2514 ὁ
2896 2459 3108 2524 Παῦλος
3157 2461 3224 2514 ὲκ
3259 2459 3581 2530 περιουσίας
3611 2459 3704 2512 καὶ
3763 2459 3938 2517 αὐτοῖς

2373 2551 2730 2624 εὑμοιρηκσσι
2761 2552 2868 2606 τῶν
2897 2551 3162 2605 θεοποιῶν
3191 2551 3550 2622 χαρισμάτων
3579 2550 3675 2602 τοῦ
3698 2549 3942 2617 Πνεύμαο

2372 2663 2485 2713 τος,
2513 2646 2575 2698 ού
2611 2643 2767 2698 πάνθ’
2808 2644 3024 2714 ἑκάστῳ
3057 2645 3341 2713 προσεῖναι
3373 2643 3647 2713 μαρτυρεί
3679 2641 3750 2692 τὰ
3792 2639 3935 2710 χηρίο

2377 2756 2567 2810 σματα
2607 2739 2703 2792 τοῦ
2737 2739 3077 2809 Πνεύματος,
3110 2736 3267 2804 ἀλλὰ,
3308 2755 3327 2788 ι
3357 2736 3448 2806 Τῷ
3475 2735 3594 2806 μὲν,
3619 2737 3782 2806 φησὶ,
3821 2735 3940 2788 δίδο·

2372 2850 2462 2887 ται
2495 2831 2651 2901 λόγος
2707 2832 2919 2900 σοφίας,
2970 2829 3048 2898 τῷ
3094 2829 3149 2883 δὲ
3195 2830 3351 2898 λόγος
3389 2827 3676 2897 γνώσεως·
3734 2828 3877 2896 ἄλλῳ
3903 2824 3940 2877 δ’

2373 2925 2503 2980 ἄλλο
2533 2942 2587 2978 τι
2621 2925 2760 2978 κατὰ
2792 2924 2851 2978 τὸ
2877 2923 3008 2978 αὐτὸ
3042 2922 3288 2992 Πνεῦμα.
3323 2941 3341 2973 ι
3390 2923 3449 2975 Ὀ
3478 2921 3531 2974 δὲ
3560 2916 3942 2990 Χρυσόστομος

2377 3019 2588 3089 Πατὴρ,
2625 3018 2878 3090 φανερῶς
2916 3016 3166 3071 ἐντεῦθεν
3195 3014 3646 3086 προαναστέλλων
3677 3015 3779 3080 τὴν
3810 3014 3942 3083 Βιρ-

700 3116 837 3164 rem,
885 3100 1058 3154 dicit:
1099 3118 1128 3150 ιι
1175 3097 1287 3154 Non
1320 3099 1504 3153 omnia
1533 3098 1766 3168 quisque
1800 3098 1982 3165 habet,
2033 3117 2101 3157 ne
2149 3116 2271 3173 gra-

2375 3111 2525 3182 λαὰμ
2551 3111 2648 3166 καὶ
2686 3109 3000 3164 Ἀκινδύνου
3037 3109 3266 3180 πλάνην,
3301 3126 3319 3160 ι
3356 3109 3432 3162 Οὐ
3474 3107 3655 3161 πάντα
3692 3124 3780 3167 τις
3812 3107 3940 3175 ἔχει,

697 3196 826 3247 tiam
853 3204 1005 3263 putet
1034 3207 1154 3248 esse
1183 3202 1461 3246 naturam.
1505 3209 1524 3244 ι

777 3286 958 3339 Theot.
1011 3283 1122 3339 lloc
1168 3284 1390 3353 penitus
1420 3283 1557 3339 eluit
1596 3282 1971 3339 imminentem
2011 3300 2158 3340 nunc
2189 3301 2276 3342 re-

698 3378 886 3447 ligioni
921 3385 1150 3447 pestem.
1189 3375 1326 3431 Nam
1356 3376 1556 3432 divinte
1587 3374 1779 3446 gratiae
1813 3375 2117 3432 adversarii
2149 3390 2275 3447 per-

699 3468 932 3526 suadere
966 3477 1245 3537 nequeunt
1275 3476 1334 3522 ut
1364 3479 1547 3521 creata
1577 3467 1924 3521 existimetur
1952 3468 2126 3535 gratia
2154 3484 2276 3537 qua:

699 3578 728 3616 a
790 3571 988 3615 natura
1024 3559 1209 3614 divina
1243 3559 1328 3614 sic
1362 3555 1758 3626 distinguitur:
1805 3557 1929 3626 quis
1973 3558 2119 3612 enim
2170 3575 2274 3614 un-

701 3669 864 3724 quam
910 3651 1153 3706 timuerit
1189 3664 1256 3705 ne
1303 3650 1429 3719 quis
1475 3663 1576 3718 pro
1619 3657 1870 3704 creatura
1931 3648 2128 3704 habeat
2181 3649 2274 3706 Dei

699 3745 928 3816 gratiam
957 3742 981 3795 ί

775 3837 1007 3907 Theoph.
1040 3835 1223 3892 Miseri
1255 3833 1343 3890 isti
1373 3833 1514 3889 hanc
1545 3833 1954 3891 distinetlonem
1994 3852 2092 3905 pro
2130 3839 2271 3896 divi-

701 3928 858 3982 sione
901 3932 1179 3994 reputant.
1219 3921 1338 3977 Non
1386 3922 1754 3994 intelligentes
1811 3925 1979 3996 igitur
2037 3927 2275 3997 Spiritus

703 4018 958 4090 gratiam,
1011 4016 1116 4072 etsi
1168 4014 1424 4070 distincta
1478 4015 1616 4068 sita
1667 4024 1884 4081 natura,
1942 4034 2048 4073 non
2093 4031 2275 4076 tamen

703 4107 772 4160 ab
815 4119 878 4159 ea
930 4105 1272 4172 discrepare,
1319 4101 1415 4157 sed
1466 4102 1653 4171 potius
1707 4106 1986 4162 attrahere
2037 4123 2130 4163 eos
2181 4114 2273 4180 qui

703 4198 853 4267 digiti
889 4197 1180 4258 habentur,
1214 4194 1280 4248 ad
1309 4195 1766 4251 communionem
1799 4197 1970 4254 divini
2014 4199 2274 4272 Spiritus,

706 4306 812 4344 non
857 4289 1150 4344 advertunt
1197 4301 1257 4341 se
1303 4285 1690 4354 blasphemare
1719 4290 1772 4340 itt
1807 4288 1980 4356 ipsam
2016 4290 2190 4348 Patris
2225 4305 2278 4349 et

707 4381 828 4434 Filii
880 4389 936 4434 et
983 4378 1222 4447 Spiritus
1259 4376 1439 4430 sancti
1488 4386 1776 4442 naturam,
1825 4380 1984 4434 talem
2040 4385 2270 4453 gratiam

707 4469 1116 4540 impugnanda,
1151 4481 1254 4520 nec
1284 4466 1519 4520 audiunt
1548 4467 1734 4521 divum
1779 4467 2101 4535 Gregorium
2138 4474 2273 4544 Nys-

705 4574 896 4614 senum
947 4559 1220 4610 dicentem
1287 4556 1342 4607 in
1407 4555 1564 4609 libris
1616 4567 1807 4612 contra
1855 4560 2268 4620 Macedonium:

713 4671 730 4702 ι
782 4651 936 4705 Sicut
969 4649 1141 4716 gratia
1175 4647 1295 4702 sine
1320 4646 1663 4702 detractione
1691 4665 1721 4703 a
1766 4649 1923 4705 Patre
1951 4669 2045 4723 per
2076 4654 2270 4710 Filium

707 4752 758 4796 rt
792 4739 1055 4809 Spiritum
1098 4748 1346 4794 sanctum
1377 4738 1430 4791 in
1460 4740 1652 4808 dignos
1685 4741 1975 4812 delabitur,
2008 4748 2089 4801 sic
2134 4749 2276 4803 blas-

709 4831 926 4899 phetuia
960 4830 1237 4884 contrario
1290 4830 1614 4885 transmissa
1651 4831 1824 4899 ﬂuxu,
1866 4849 1896 4888 a
1936 4837 2140 4906 Spiritu
2180 4855 2276 4909 per

705 4920 904 4976 Filium
937 4920 992 4974 in
1022 4921 1267 4975 omnium
1290 4919 1457 4974 Deum
1494 4921 1712 4978 transit.
1752 4940 1772 4974 ι
1809 4922 2039 4993 Insuper
2095 4942 2278 4983 essen-

709 5013 805 5075 tia,
854 5024 950 5080 per
1001 5010 1148 5079 quod
1204 5010 1587 5080 participatur,
1629 5019 1712 5066 tot
1753 5013 1915 5068 habet
1972 5030 2275 5085 personas:

704 5097 853 5171 quod
885 5100 1029 5154 enim
1062 5101 1338 5168 lampades
1363 5116 1430 5156 ex
1459 5117 1567 5156 una
1592 5102 1986 5170 accenduntur,
2029 5116 2108 5162 tot
2143 5110 2280 5163 ﬁunt

709 5194 879 5263 ignita
912 5193 1219 5262 supposita.

2377 3206 2564 3274 φησὶν,
2589 3203 2676 3255 ἵνα
2715 3202 2790 3272 μὴ
2821 3201 2986 3268 φύσιν
3013 3197 3155 3254 εἶναι
3187 3200 3288 3270 τὴν
3323 3200 3482 3270 χάριν
3509 3201 3729 3271 νομίσῃ.
3766 3219 3786 3252 ι

2453 3297 2618 3350 Θεότ.
2651 3293 2838 3362 Σαφὴς
2869 3292 3040 3354 ὅντως
3070 3292 3349 3363 ἀνασκευὴ
3379 3291 3538 3344 τοῦτο
3560 3291 3657 3360 τῆς
3683 3290 3784 3344 νῦν
3816 3293 3942 3343 ἐπα-

2377 3388 2650 3454 ναστάσης
2671 3387 2736 3456 τῇ
2771 3383 3023 3454 εὐσεϐείᾳ
3045 3382 3245 3453 λύμης.
3264 3381 3397 3436 Οὐδὲ
3420 3382 3526 3452 γὰρ
3547 3381 3612 3434 ἂν
3635 3380 3814 3451 ἔχοιεν
3835 3397 3944 3433 κτι-

2380 3480 2510 3551 στὴν
2550 3477 2768 3548 νομίσαι
2803 3478 2990 3529 πεῖσαι
3035 3473 3134 3544 τὴν
3168 3474 3267 3544 τῆς
3297 3473 3445 3534 Θείας
3473 3472 3690 3542 φύσεως
3718 3473 3943 3526 ἀντιδιε-

2379 3571 2690 3640 σταλμένην
2713 3563 2815 3622 ὧδε
2855 3568 3014 3637 χάριν
3041 3567 3090 3619 oi
3116 3565 3214 3634 τῆς
3257 3564 3406 3628 θείας
3424 3565 3646 3635 χάριτος
3677 3566 3938 3633 πολέμιοι.

2382 3663 2478 3725 Τίς
2505 3663 2613 3731 γὰρ
2667 3661 2731 3714 ἄν
2766 3676 2896 3713 ποτε
2936 3658 3131 3711 δείσειε
3174 3657 3248 3728 μὴ
3281 3656 3340 3711 τδ
3387 3657 3594 3727 κτίσμα
3629 3658 3834 3730 νομίσῃ
3868 3673 3943 3719 τις

2377 3752 2512 3806 Θεοῦ
2545 3752 2735 3821 φύσινς

2450 3847 2628 3912 Θεοφ.
2660 3842 2952 3912 Μερισμὸν
2983 3842 3032 3894 οἱ
3071 3839 3300 3902 τάλανες
3350 3856 3522 3907 ουτοι,
3553 3839 3816 3910 Θεότιμε,
3854 3843 3943 3907 τὴν

2376 3938 2662 4007 διαστολὴν
2693 3935 2985 3990 ὐπινοοῦσι
3013 3935 3237 4004 ταύτην.
3269 3933 3360 4002 Μὴ
3391 3933 3728 4003 συνορῶντες
3764 3934 3852 3986 ob;
3877 3933 3941 3992 ὡς

2378 4034 2427 4086 εί
2457 4033 2552 4085 καὶ
2581 4031 2856 4098 διενήνοχε
2893 4029 2992 4096 τῆς
3037 4030 3276 4094 φύσεως,
3305 4025 3368 4077 οὑ
3413 4026 3710 4078 διασπᾶται
3757 4025 3944 4094 ταύτης

2377 4125 2411 4194 ἡ
2445 4122 2541 4176 τοῦ
2574 4120 2896 4188 Πνεύματος
2945 4119 3125 4188 χάρις,
3153 4117 3452 4169 ἐπισπᾶται
3478 4117 3535 4169 δὲ
3581 4115 3792 4180 μᾶλλον
3830 4133 3942 4175 τοις

2377 4214 2716 4286 ἠξιωμένους
2751 4213 2884 4282 πρὸς
2921 4211 3019 4281 τὴν
3051 4210 3345 4277 συνάφειαν
3379 4208 3474 4260 τοῦ
3507 4207 3657 4261 θείου
3692 4209 3942 4276 Πνεύμα·

2379 4324 2489 4371 τος,
2521 4308 2602 4368 είς
2635 4306 2803 4374 αὐτὴν
2831 4305 2929 4372 τὴν
2963 4302 3056 4354 τοῦ
3088 4301 3295 4371 Πατρὺς
3324 4299 3536 4353 καὶτοῦ
3573 4298 3707 4352 Υἱοῦ
3737 4301 3833 4353 καὶ
3859 4297 3942 4348 τοῦ

2384 4397 2698 4466 Πνεύματος
2741 4393 2904 4464 φύσιν
2938 4393 3394 4463 βλασφημοῦντες
3438 4391 3538 4444 οὐκ
3578 4390 3939 4447 αίσθάνονται,

2379 4491 2522 4545 κατὰ
2556 4489 2655 4558 τῆς
2692 4487 2947 4554 τοιαύτης
2983 4488 3206 4555 χάριτος
3263 4483 3573 4554 χωροῦντες
3601 4499 3616 4515 ’
3671 4485 3812 4554 μηδὲ
3862 4483 3940 4535 τοῦ

2376 4582 2600 4649 Νύσσης
2653 4580 2839 4634 ἐνθέου
2892 4579 3196 4649 Γρηγορίου
3261 4576 3513 4643 λέγοντος
3553 4576 3846 4639 ἀκούοντες
3893 4578 3939 4625 ἐν

2375 4677 2486 4737 τοῖς
2512 4673 2655 4728 κατὰ
2687 4671 3025 4726 Μακεδονίου
3049 4671 3248 4733 λόγοις,
3283 4686 3300 4717 ι
3317 4668 3529 4738 Ὠσπερ
3552 4669 3579 4738 ἡ
3603 4668 3768 4738 χάρις
3799 4668 3913 4720 ἀδια

2379 4769 2633 4827 σπάστως
2678 4764 2788 4817 άπὸ
2835 4759 2932 4814 τοῦ
2969 4761 3180 4828 Πατρὸς
3227 4757 3318 4810 διὰ
3370 4756 3469 4809 τοῦ
3524 4756 3654 4808 Υίοῦ
3706 4759 3804 4810 καὶ
3857 4754 3936 4806 τεῦ

2377 4860 2698 4928 Πνεύματος
2744 4854 2836 4907 ἐπὶ
2867 4852 2995 4915 τοὺς
3041 4850 3227 4914 ἀξίους
3271 4849 3471 4918 ῥέουσα
3508 4847 3760 4918 φέρεται,
3813 4847 3940 4898 οὕτω

2378 4950 2473 5005 καὶ
2513 4951 2546 5018 ἡ
2598 4944 2923 5017 βλασφημία
2973 4945 3054 5005 είς
3102 4941 3164 4994 τὸ
3216 4938 3457 5010 ἔμπαλιν
3516 4939 3658 4991 κατὰ
3713 4936 3939 4990 agaso“

2376 5040 2709 5104 ἀναλύουσα,
2775 5035 2885 5091 ἀπὸ
2918 5034 3011 5088 τοῦ
3062 5031 3382 5100 Πνεύματος
3431 5031 3523 5085 διὰ
3552 5028 3651 5084 τοῦ
3679 5029 3810 5083 Υίοῦ
3860 5028 3942 5078 ἐπὶ

2377 5133 2468 5187 τὸν
2493 5133 2604 5185 τῶν
2620 5131 2755 5183 ὅλων
2786 5127 2921 5180 Θεὸν
2949 5126 3276 5196 διέρχεται.»
3299 5123 3372 5174 Ἥ
3400 5139 3464 5191 γε
3497 5121 3606 5192 μὴν
3635 5120 3796 5174 οὐσία
3821 5115 3942 5184 παρ’

2379 5225 2520 5278 ὅσων
2543 5222 2657 5275 ἐστὶ
2685 5217 3046 5290 μετεχομένη,
3089 5216 3354 5276 τοσαύτας
3384 5215 3593 5275 καὶτὰς
3620 5211 3942 5266 ὑποστάσεις

708 5311 841 5378 ἔχει.
876 5308 982 5361 Καὶ
1009 5307 1120 5376 γάρ
1159 5307 1366 5371 ὁπόσας
1404 5307 1472 5361 ἂν
1506 5308 1706 5377 ἀνάψαι
1735 5325 1819 5373 τις
1847 5309 2136 5382 λαμπάδας
2167 5315 2273 5369 άπὸ
2311 5318 2413 5388 τῆς
2447 5316 2598 5387 μιᾶς,
2631 5312 2904 5374 τοσαύτας
2947 5309 3042 5364 καὶ⁵
3071 5308 3170 5368 τὰς
3246 5306 3572 5367 ὑποστάσεις
3613 5302 3710 5357 τοῦ
3779 5299 3948 5369 πυρὸς

707 5401 951 5467 εποίησε.

781 5495 964 5549 Theot.
997 5494 1127 5548 Inde
1180 5495 1446 5564 sequitur,
1476 5511 1510 5551 ο
1539 5497 1757 5567 sapiens
1812 5498 2196 5571 Theophanes,
2225 5506 2271 5559 si

711 5591 808 5654 (ut
842 5585 918 5636 illi
977 5584 1354 5654 contendunt)
1389 5588 1626 5642 essentia
1675 5588 1769 5644 1)νί
1806 5592 2179 5662 partieipetur.
2222 5601 2277 5649 et

784 5765 850 5816 ‘l
904 5769 1027 5820 Cor.
1067 5784 1161 5826 xn,
1223 5766 1272 5820 8.

2456 5498 2623 5553 Θεότ.
2651 5490 2950 5563 Συμὸαίνει
2976 5487 3156 5543 τοίνυν
3203 5485 3476 5549 ἐντεῦθεν,
3504 5499 3548 5536 ω
3577 5482 3706 5552 σοφὲ
3739 5481 3948 5548 Θεόφα-

2387 5611 2496 5656 νες,
2535 5591 2584 5643 εί
2622 5587 2761 5642 κατὰ
2795 5585 2922 5648 τοὺς
2960 5583 3093 5652 ἡμῖν
3138 5579 3552 5650 ἀντικειμένους
3593 5577 3627 5645 ἡ
3664 5576 3826 5628 οὐσία
3860 5571 3947 5627 τοῦ
