4108 6316
629 409 736 472 913
1879 405 2251 466 GREGORH

2297 405 2613 464 PALAME
3816 407 3912 473 9H

633 537 916 589 personam
954 539 1074 578 cum
1105 523 1171 578 sit
1210 523 1490 585 indivisus,
1532 521 1799 592 quomodo
1831 523 1880 574 in
1940 524 2191 589 quipiam
2230 527 2255 576 επ

2305 535 2386 567 σιν
2421 518 2664 586 ὑπᾰρχον
2713 515 2938 585 ἀμερὲς,
2981 515 3092 578 πῶς
3130 515 3193 570 ἄν
3239 534 3340 569 τινι
3376 516 3710 590 χωρηθεῖη
3752 536 3907 575 τοπα-

633 612 897 666 contineri
936 614 1162 681 posset?

891 615 897 666 i
936 623 1116 681 posset
1141 614 1162 664 ἵ
2300 607 2513 677 ράτταν;

707 759 889 846 The-oi.
920 793 1165 860 Insuper,
1215 760 1366 860 quod
1407 790 1718 860 participat,
1775 801 1808 842 ο
1854 788 2200 842 admirabilis

2372 793 2548 859 Θεοφ,
2595 792 2704 844 Καὶ
2757 791 2820 843 τὸ
2875 791 3122 861 μετέχον,
3179 808 3224 844 ω
3279 791 3593 861 θαυμάσιε
3660 791 3892 862 Θεότιμε

635 883 938 948 Theotime,
961 895 1164 952 partem
1202 884 1364 936 habet
1389 881 1726 950 participati:
1759 880 1994 949 alioquin
2018 881 2062 933 si
2090 896 2194 934 non

2304 882 2471 950 μέρος
2495 881 2608 951 ἔχει
2636 880 2729 934 τοῦ
2757 883 3147 951 μετεχομένου.
3184 882 3301 935 Κᾶν
3325 884 3443 952 γὰρ
3474 883 3536 934 εί
3577 883 3664 953 μὴ
3695 885 3908 954 μέρους,

553 961 565 975 ’
637 985 862 1045 partem,
895 977 984 1030 sed
1025 985 1192 1028 totum
1246 973 1614 1044 participaret,
1676 973 1894 1042 proprie
1928 973 2166 1026 dicerem

2298 972 2433 1025 ἀλλὰ
2465 971 2558 1024 τοῦ
2589 972 2791 1036 παντὸς
2843 973 3088 1042 μετέχει,
3135 972 3281 1042 ἔχειν
3325 972 3392 1026 ἂν
3455 973 3705 1044 κυρίως
3763 977 3913 1029 τοῦτο

637 1067 736 1120 hoc
773 1068 990 1132 habere,
1026 1083 1131 1120 non
1174 1077 1354 1122 autem
1393 1067 1492 1121 hoc
1541 1065 1886 1134 participare.
1923 1063 2199 1117 Divisihile

2298 1061 2498 1130 λέγοιτ’
2550 1061 2639 1126 ἂν,
2681 1062 2802 1116 ἀλλ’
2833 1065 2960 1134 οὑχὶ
3013 1065 3267 1134 μετέχειν
3325 1065 3576 1118 τούτου.
3635 1066 3906 1135 Μεριστὸν

632 1171 712 1210 est
740 1160 900 1228 igitur
945 1159 1350 1233 participnlum’
1400 1171 1523 1210 cum
1555 1170 1680 1225 pars
1727 1155 1845 1222 ejus
1892 1155 2198 1208 necessario

2298 1153 2407 1222 ἄρα
2443 1151 2504 1204 τὸ
2543 1152 2910 1222 μετεχόμενόν
2957 1153 3129 1214 ἐστιν,
3168 1152 3327 1221 είπερ
3360 1154 3599 1224 μέρους
3663 1156 3907 1224 μετέχειν

635 1251 1090 1303 οίειιιιηυιιὶεᾶηιῖξι
1163 1251 1233 1302 sit
1303 1248 1668 1318 participanti.
1720 1246 1884 1315 Atqui
1965 1247 2198 1300 essentia

2299 1243 2512 1314 ἀνάγκη
2564 1243 2626 1296 τὸ
2657 1243 2906 1313 μετέχον.
2955 1244 3023 1298 Ἠ
3062 1244 3120 1297 δὲ
3157 1244 3314 1297 οὐσία
3362 1243 3471 1297 τοῦ
3510 1245 3670 1298 Θεοῦ
3711 1246 3903 1299 παντά-

634 1339 724 1390 D.-i
805 1350 888 1393 est
968 1354 1190 1408 prorsus
1249 1338 1638 1393 indivisibilis:
1698 1352 1828 1407 ergo
1887 1346 1972 1392 est
2029 1338 2196 1391 etiam

2301 1332 2465 1385 πασίν
2519 1334 2667 1386 ἐστιν
2724 1332 3062 1404 ἀμέριστος*
3114 1335 3311 1389 οὐκοῦν
3363 1335 3474 1389 καὶ
3542 1336 3899 1390 παντάπασίν

633 1442 854 1496 prorsus
905 1427 1457 1481 incomnnmieabilis.
1511 1425 1746 1480 Econtra
1813 1424 1981 1478 dividi
2043 1439 2202 1493 posse

2300 1425 2446 1476 ἐστιν
2482 1424 2814 1493 ἀμέθεκτος.
2850 1426 2923 1478 Τὺ
2950 1426 3006 1480 δέ
3037 1425 3357 1496 μερίζεσθαι
3399 1426 3520 1495 τῆς
3555 1426 3726 1489 θείας
3761 1428 3899 1495 ἐνερι

630 1519 872 1570 divinam
906 1518 1275 1584 operationem
1310 1517 1650 1569 demonstrat
1680 1514 1840 1568 Pater
1870 1514 2199 1584 Chrysosto-

2303 1513 2457 1580 γείας
2505 1513 2643 1568 εἶναι
2685 1514 2950 1578 πολλάκις
2985 1517 3012 1569 6
3065 1516 3466 1584 Χρυσόστομος
3531 1514 3900 1581 ἀποφαίνεται

632 1621 790 1658 mus:
829 1606 940 1658 haec
970 1613 1051 1658 est
1078 1607 1219 1658 enim
1269 1622 1400 1674 quae-
1443 1605 1752 1660 hominihus
1786 1604 1980 1658 deilica
2029 1606 2200 1671 gratia

2304 1599 2518 1670 Πατήρ.
2554 1599 2705 1670 Αὕτη
2769 1600 3056 1672 τοιγαροῦν
3113 1605 3264 1656 ἐστιν
3317 1603 3351 1669 ἠ
3408 1604 3521 1655 καὶ
3589 1602 3756 1672 παρὰ
3806 1604 3899 1655 τῶν

635 1695 948 1761 prmparatis
999 1698 1453 1751 eomnninicatur.
1493 1697 1576 1762 Et,
1606 1697 1761 1766 juxta
1814 1695 2200 1766 peritissimum

2303 1690 2628 1760 ἠξιωμένων
2660 1692 2760 1762 τῆς
2795 1693 3056 1763 θεουργοῦ
3106 1692 3332 1764 χάριτος
3368 1695 3768 1764 μετεχομένη,
3801 1695 3894 1745 Καὶ

635 1786 916 1854 theologia}
941 1785 1259 1848 Maximum,
1291 1797 1374 1842 est
1401 1788 1594 1842 divinae
1620 1788 1808 1858 gratia:
1838 1788 2019 1856 largiri
2050 1802 2199 1842 crea-

2303 1780 2465 1834 τοῦτο
2502 1782 2612 1852 γὰρ
2645 1778 2788 1837 εἶναι
2819 1784 2920 1856 τῆς
2951 1784 3103 1848 θείας
3127 1785 3352 1856 χάριτος
3381 1785 3534 1840 [διον
3565 1789 3596 1840 6
3638 1787 3813 1848 πολὺς
3838 1787 3893 1837 τὰ

644 1879 802 1938 turis,
857 1887 1015 1945 prout
1079 1879 1210 1946 ipsis
1277 1879 1554 1944 convenit,
1607 1878 2024 1942 deiﬁcationem,
2080 1878 2202 1932 illu-
2237 1867 2266 1922 Ε

2273 1876 2278 1917 ἰ
2307 1873 2428 1929 θεῖα
2467 1874 2721 1946 Μάξιμός
2755 1894 2910 1946 φησι,
2955 1878 3015 1929 τὸ
3041 1878 3325 1946 ἀναλόγως
3357 1883 3483 1941 τοῖς
3515 1874 3650 1932 οὖσι
3688 1877 3895 1948 χαρίζεί

635 1969 856 2024 strando
877 1980 1122 2023 naturam
1147 1970 1542 2038 super-naturali
1568 1969 1770 2022 lumine
1788 1983 2016 2038 eamque
2040 1984 2202 2038 supra

2307 1963 2434 2018 σθαι
2484 1965 2707 2031 θέωσιν,
2745 1965 3174 2036 λαμπρυνοὺσης
3225 1966 3325 2036 τὴν
3372 1968 3558 2036 φύσιν
3620 1967 3703 2035 τῷ
3758 1968 3885 2034 ὑπὲρ

637 2063 883 2130 pmprios
908 2063 1038 2116 lines
1057 2063 1610 2131 superahumlantiatn
1635 2061 1818 2130 gloriae
1846 2061 2202 2116 traducendo.

2305 2056 2469 2123 φύσιν
2510 2061 2671 2126 φωτὶ,
2711 2061 2806 2114 καὶ
2856 2059 2966 2112 τῶν
3006 2058 3223 2112 οίκείων
3259 2060 3404 2128 ὅρων
3451 2062 3734 2132 ὑπεράνω
3761 2059 3886 2113 κατὰ

638 2152 774 2205 Audi
809 2169 1002 2208 rursus
1049 2154 1498 2223 Chrysostomum
1533 2153 1642 2208 duo
1665 2152 1970 2217 docentem,
2015 2167 2207 2222 nempe

2303 2149 2403 2218 τὴν
2435 2151 2739 2221 ὑπερϐολὴν
2762 2153 2860 2221 τῆς
2894 2153 3051 2224 δόξης
3081 2157 3438 2224 ποιουμένης.
3480 2157 3769 2208 ’Ἄκουσον
3796 2155 3888 2209 πᾶ·

636 2245 1027 2309 operationem,
1076 2259 1183 2298 non
1229 2247 1523 2299 essentiam
1578 2244 1914 2313 participari,
1954 2254 2008 2299 et
2058 2244 2204 2298 illam

2305 2241 2387 2293 λιν
2417 2239 2514 2293 τοῦ
2549 2241 2754 2312 χρυσοῦ
2785 2244 2884 2310 τὴν
2911 2243 3161 2312 γλῶτταν
3184 2246 3479 2315 ἀμφότερα
3513 2247 3879 2308 διδάσκοντος,

636 2331 746 2384 disi
773 2331 806 2384 .i
840 2341 890 2384 et
917 2346 1334 2397 communmari,
1368 2348 1473 2386 non
1506 2349 1632 2385 vero
1665 2331 1803 2386 hanc
1834 2333 2201 2386 incommuni-

2307 2331 2368 2384 τό
2403 2349 2459 2384 τε
2499 2332 2598 2404 τὴν
2639 2335 2948 2404 ἐνέργειαν,
2983 2337 3099 2389 ἀλλ’
3132 2339 3192 2390 οὑ
3236 2338 3336 2407 τὴν
3369 2334 3578 2391 οὐσίαν
3623 2334 3766 2390 εἶναι
3797 2339 3883 2404 τὴν

636 2421 862 2474 cabilcm
898 2424 1189 2479 essentiam
1215 2438 1280 2479 es
1314 2439 1418 2494 qua
1457 2422 1641 2478 divina
1690 2421 1909 2492 proﬂuit
1933 2424 2198 2492 operatio.

2309 2426 2704 2496 μετεχομένην,
2733 2429 2826 2480 καὶ
2854 2429 2914 2480 τὸ
2943 2429 3145 2498 ταύτην
3189 2426 3328 2482 εἶναι
3369 2431 3474 2499 τὴν
3507 2431 3874 2501 μεριξομένην

639 2510 703 2564 Et
733 2513 910 2566 citans
943 2514 1071 2568 illud
1117 2514 1398 2582 Apostoli:
1437 2514 1543 2566 «De
1577 2514 1912 2581 plenitudine
1954 2515 2076 2582 ejus
2105 2531 2204 2570 nos

2311 2513 2640 2582 ἁμερίστως,
2699 2516 2800 2586 τὴν
2853 2522 2946 2571 καὶ
2998 2521 3392 2591 μετεχομένην,
3438 2522 3564 2574 ἀλλ’
3620 2522 3743 2588 οὐχὶ
3789 2522 3877 2581 τὴν

638 2617 832 2658 omnes
883 2604 1288 2670 accepimus',»
1320 2604 1492 2676 dicit:
1527 2605 1581 2658 Si
1621 2604 1779 2674 ignis,
1822 2604 1984 2674 cujus
2016 2620 2203 2660 ρεεριμ

2310 2602 2612 2669 ἁμέθεκτον
2643 2605 2852 2669 οὐσίαν,
2885 2606 2942 2672 ἐξ
2973 2602 3041 2680 ἦς
3073 2609 3106 2678 ἡ
3146 2609 3268 2662 θεία
3320 2610 3575 2679 πρόεισιν
3606 2610 3867 2678 ἐνέργεια.

642 2696 713 2746 tia
747 2703 828 2746 est
859 2695 1132 2749 divisibile
1161 2705 1378 2764 rorpus,
1407 2695 1568 2750 simul
1607 2695 1862 2749 dividitur
1893 2704 1946 2751 et
1986 2710 2092 2750 non
2119 2697 2202 2750 di-

2315 2693 2547 2762 Προθεὶς
2584 2695 2693 2764 γὰρ
2720 2697 2776 2747 τὸ
2803 2699 3160 2752 ἁποστολικδν
3189 2701 3384 2764 ἐκεῖνο,
3414 2721 3431 2751 ι
3481 2702 3583 2753 Ἐκ
3611 2701 3708 2752 τοῦ
3745 2701 3875 2762 πὶη·

638 2785 862 2845 viditur,
894 2794 1098 2853 quanto
1125 2787 1297 2854 magis
1332 2787 1595 2854 operatio,
1628 2795 1680 2840 et
1708 2787 1924 2856 quidem
1965 2791 2208 2858 operatio

2313 2783 2566 2854 ρώματος
2613 2786 2780 2839 αὐτοῦ
2827 2789 2986 2858 ἡμεῖς
3025 2791 3224 2852 πάντες
3277 2791 3562 2860 ἐλάϐομεν,
3603 2809 3622 2842 ι
3670 2791 3734 2842 El
3773 2790 3870 2855 γὰρ

640 2877 976 2944 incorporeo
1007 2877 1300 2930 essentne?
1334 2875 1620 2941 Praeterea,
1657 2877 1800 2945 quod
1825 2877 2054 2945 alicujus
2080 2894 2206 2948 par-

2309 2876 2404 2928 ἐπὶ
2445 2877 2538 2930 τοῦ
2576 2877 2767 2946 πυρὸς,
2808 2880 2994 2950 φησὶν,
3029 2880 3157 2935 ἔνθα
3205 2883 3361 2936 οὐσία
3405 2883 3522 2935 ἐστὶ
3561 2881 3624 2934 τὸ
3657 2880 3872 2951 μεριζό-

639 2961 828 3029 ticipat
860 2965 1176 3027 essentiam,
1208 2981 1547 3021 communem
1598 2982 1720 3020 cum
1769 2968 2086 3036 participato
2115 2985 2204 3024 es.

2313 2981 2478 3031 μενον
2509 2964 2696 3034 σῶμα,
2724 2967 2820 3019 καὶ
2848 2966 3145 3038 μερίζομεν
3173 2969 3268 3024 καὶ
3295 2971 3352 3023 οὑ
3391 2967 3694 3039 μερίζομεν
3719 2968 3868 3031 αὑτὸ,

641 3055 871 3107 sentiam
897 3055 1092 3107 habere
1122 3055 1298 3118 debet,
1331 3063 1383 3109 ct
1411 3054 1812 3124 quodammodo
1833 3057 2100 3110 eamdem.
2137 3059 2207 3110 At

2311 3052 2463 3121 πόσῳ
2501 3055 2704 3124 μᾶλλον
2733 3058 2826 3111 ἐπὶ
2851 3059 2950 3126 τῆς
2989 3059 3288 3129 ἐνεργείας,
3317 3061 3406 3112 καὶ
3451 3058 3740 3129 ἐνεργείας
3766 3056 3868 3124 τῆς

645 3145 771 3214 quis
802 3160 1041 3214 unquam
1076 3144 1282 3198 audivit
1315 3160 1473 3199 unam
1519 3145 1918 3215 quodammodo
1950 3163 2070 3202 esse
2101 3149 2206 3202 Deo
2232 3184 2267 3244 ε

2242 3184 2278 3244 Β
2313 3144 2372 3209 ἐξ
2402 3147 2694 3215 ἀσωμάτου
2725 3147 2933 3214 οὐσίας,
2970 3150 3054 3203 ἔτι
3087 3151 3148 3203 τὸ
3185 3151 3323 3214 τινὸς
3363 3149 3585 3221 μετέχον
3625 3149 3748 3201 κατ’
3771 3147 3864 3198 οὑ-

640 3245 696 3289 et
731 3235 890 3290 nobis
917 3236 1253 3290 essentiam?
1285 3237 1587 3306 przesertim
1645 3254 1766 3293 cum
1798 3239 1938 3294 dicat
1971 3256 2201 3310 magnus
2238 3235 2262 3244 “

2244 3235 2277 3244 ”
2314 3237 2454 3304 σίαν,
2485 3239 2669 3308 κοινὴν
2702 3240 2918 3310 ἀνάγκη
2962 3241 3102 3310 μετὰ
3129 3241 3222 3294 τοῦ
3268 3241 3624 3312 μετεχομένου
3652 3240 3752 3308 τὴν
3781 3238 3866 3289 οὑ-

641 3325 875 3382 Dasilius
905 3346 918 3383 :
952 3326 1334 3397 cOperationes
1369 3329 1464 3384 Dei
1488 3330 1552 3384 ad
1587 3344 1687 3384 nos
1721 3329 2080 3398 descendunt,
2113 3348 2201 3386 cs-

2308 3330 2429 3382 σίαν
2469 3329 2634 3399 ἔχειν,
2665 3333 2759 3384 καὶ
2813 3331 2950 3384 κατά
2980 3350 3035 3384 τι
3075 3333 3174 3402 τὴν
3201 3334 3408 3405 αὑτήνς
3458 3332 3555 3395 Τίς
3607 3326 3700 3384 οὖν
3752 3326 3866 3380 ποτ’

644 3419 818 3474 sentia
846 3434 974 3474 vero
995 3420 1116 3488 ejus
1145 3429 1324 3474 manet
1370 3420 1698 3475 iuaccessan
1752 3421 1814 3474 Et
1842 3421 2000 3476 divus
2031 3423 2200 3477 Maxi-

2308 3421 2510 3491 ἤκουσε
2557 3418 2687 3490 μίαν
2727 3419 2864 3475 εἶναι
2905 3424 3040 3477 Θεοῦ
3073 3426 3165 3478 καὶ
3199 3426 3358 3495 ἡμῶν
3391 3426 3530 3478 κατά
3576 3440 3628 3476 τι
3656 3422 3755 3491 τὴν
3777 3420 3859 3472 οὑ-

643 3527 800 3566 mus:
837 3510 1133 3581 «Quidquid
1162 3521 1244 3566 est
1270 3511 1432 3574 Deus,
1454 3511 1554 3566 hoc
1581 3511 1684 3566 erit
1708 3511 1868 3566 homo
1892 3513 2063 3582 gratia
2091 3515 2206 3567 dei-

2312 3511 2434 3564 σίαν
2463 3526 2478 3576 ;
2530 3513 2628 3564 καὶ
2677 3513 2849 3565 ταῦτα
2874 3513 2968 3565 τοῦ
3011 3513 3249 3582 μεγάλου
3280 3515 3564 3568 Βασιλείου
3593 3513 3846 3580 λέγοντος.

647 3604 857 3666 ticatus,
889 3614 1086 3671 praeter
1118 3602 1366 3656 essentia:
1389 3601 1779 3660 identitatem.»
1800 3599 1917 3656 Non
1942 3603 2106 3670 igitur
2126 3604 2210 3656 di-

2316 3617 2336 3651 ι
2359 3601 2425 3652 Αἱ
2451 3601 2550 3670 μὲν
2577 3603 2848 3671 ἐνέργειαι
2870 3603 2963 3656 τοῦ
2991 3604 3124 3656 Θεοῦ
3158 3605 3295 3674 πρὸς
3327 3607 3475 3674 ἡμᾶς
3508 3603 3856 3659 καταϐαίνου-

645 3693 768 3745 vina
799 3691 1038 3746 essentia
1075 3692 1382 3760 participari
1437 3699 1638 3760 potest,
1681 3706 1749 3745 ne
1785 3692 1858 3746 ab
1889 3692 1956 3746 iis
1987 3692 2206 3760 quidem

2313 3707 2398 3743 σιν
2420 3709 2435 3724 ο
2481 3693 2513 3761 ἡ
2553 3693 2610 3745 δὲ
2652 3694 2808 3746 οὑσία
2841 3694 3006 3747 αὑτοῦ
3060 3696 3523 3765 μένειάπρόσιτος
3551 3713 3572 3728 ο
3597 3714 3619 3747 ι
3654 3695 3748 3746 καὶΔ
3779 3691 3859 3761 τοῦ

646 3795 785 3849 quos
819 3780 999 3834 divina
1061 3784 1233 3850 gratia
1272 3780 1561 3835 deiticavit.
1600 3779 1705 3834 Sed
1733 3780 1915 3834 divina
1968 3782 2211 3849 o;-eratio

2314 3780 2459 3833 θείου
2492 3780 2762 3853 Μαξίμου,
2807 3800 2826 3834 t
2856 3785 3037 3837 Πάντα
3059 3785 3157 3838 ὅσα
3193 3787 3220 3838 6
3263 3786 3416 3850 Θεὸς,
3454 3787 3550 3840 καὶ
3585 3785 3613 3836 6
3657 3784 3739 3836 διὶ
3766 3780 3849 3847 τῆς

646 3869 1034 3925 comtttunitzari
1058 3879 1268 3940 potest;
1293 3887 1418 3925 nam
1442 3870 1879 3928 «Subobscurum
1910 3875 1962 3928 in
1984 3875 2084 3929 hac
2105 3877 2210 3931 vita

2313 3873 2535 3942 Χάριτος
2592 3873 2925 3940 τεθεωμένος
2978 3876 3153 3940 ἔσται,
3191 3877 3364 3946 χωρὶς
3400 3877 3500 3944 τῆς
3533 3875 3654 3929 κατ’
3693 3871 3855 3926 οὑσίαν

651 3961 832 4014 lumen
890 3961 1132 4016 veritatis
1163 3977 1248 4016 me
1280 3962 1501 4016 adducit
1528 3963 1594 4017 ad
1631 3962 1912 4018 videndam
1945 3975 1999 4020 et
2031 3967 2211 4022 susci-

2314 3965 2664 4034 ταυτότητος.
2707 3983 2724 4016 ι
2753 3967 2865 4018 Οὐκ
2892 3965 3000 4036 ἄρα
3027 3970 3124 4038 τῆς
3148 3967 3297 4030 Θείας
3315 3970 3502 4031 οὐσίας
3518 3969 3691 4021 ἔνεστι
3717 3963 3853 4032 μετί-

649 4053 900 4122 piendam
943 4051 1033 4106 Dei
1071 4053 1576 4120 illuminationem,»
1607 4055 1684 4108 ait
1711 4053 2006 4126 Gregorius
2037 4055 2215 4112 Theo-

2315 4071 2454 4123 χειν,
2489 4054 2601 4108 οὐδ’
2628 4054 2826 4118 αὐτοὺς
2855 4057 2981 4119 τοὺς
3023 4058 3123 4127 τῆς
3155 4057 3301 4121 θείας
3348 4059 3577 4128 χάριτος
3608 4051 3851 4119 τεθεωμέ-

651 4143 841 4212 logos;
872 4151 926 4197 et
957 4140 1314 4195 «illuminatio
1345 4141 1436 4195 Dei
1477 4141 1646 4196 nostri
1687 4157 1853 4212 super
1880 4157 1979 4197 nos
2004 4143 2080 4207 ⁸,»
2115 4143 2205 4195 in-

2317 4161 2461 4206 νους-
2493 4145 2602 4214 Τῆς
2623 4145 2680 4198 δὲ
2715 4144 2867 4208 θείας
2904 4149 3182 4217 ἐνεργείας
3222 4148 3397 4202 ἔνεστι
3421 4150 3690 4218 μετέχειν.
3723 4161 3741 4194 ι
3775 4141 3848 4197 El;

649 4234 764 4300 quit
785 4232 1088 4301 psalmistes
1115 4233 1416 4300 Propheta;
1441 4241 1492 4286 et
1519 4233 1961 4288 annumeraudus
1981 4233 2087 4288 illis
2104 4233 2217 4289 Ma-

2319 4233 2480 4287 τοῦτο
2511 4235 2621 4304 γάρ
2659 4251 2724 4304 με
2755 4235 2910 4306 φέρει
2936 4237 2996 4289 τὸ
3029 4237 3251 4306 μέτριον
3287 4239 3522 4294 ἐνταῦθα
3558 4240 3747 4308 φέγγος
3771 4230 3852 4297 τῆς

651 4325 749 4378 xin-
766 4339 829 4378 us
851 4325 995 4377 clare
1019 4323 1206 4377 scribit
1232 4337 1391 4374 unam
1417 4337 1535 4378 esse
1560 4323 1651 4376 Dei
1682 4333 1735 4376 et
1757 4332 2068 4377 sanctorum
2090 4341 2216 4394 ope-

2319 4323 3104 4395 ἁληθείαςλαμπρότηταθεοῦ
3133 4329 3260 4382 ίδείν
3288 4331 3380 4381 καὶ
3411 4333 3626 4392 παθεῖν,
3665 4347 3682 4378 ι
3712 4321 3848 4391 φησὶν

651 4416 934 4477 rationem,
955 4414 1161 4480 hosque
1181 4412 1326 4466 vivas
1351 4427 1469 4467 esse
1489 4412 1692 4466 Christi
1710 4413 1993 4480 imagines,
2012 4418 2096 4470 vel
2121 4432 2218 4483 po-

2318 4418 2346 4469 ὁ
2365 4415 2620 4482 Θεολόγος
2648 4415 2963 4485 Γρηγόριος.
3000 4419 3131 4484 Καὶ,
3162 4437 3180 4470 ι
3205 4418 3269 4472 Ἦ
3299 4419 3623 4492 λαμπρότης
3637 4416 3722 4469 τοῦ
3738 4406 3848 4463 Θ.οὗ

651 4507 759 4560 tius
784 4505 950 4573 gralia
985 4518 1107 4556 cum
1141 4519 1206 4556 eo
1228 4503 1366 4556 idem
1399 4512 1493 4557 aut
1530 4504 1719 4558 saltem
1745 4502 2051 4562 simillimos
2074 4507 2218 4566 lieri.

2326 4507 2484 4578 ἡμῶν
2514 4505 2600 4575 ἐφ’
2631 4507 2798 4576 ἡμᾶς,
2825 4508 3010 4574 »ριατὰ
3029 4509 3114 4561 τὸν
3127 4509 3414 4580 ψαλμῳδὸν
3433 4511 3738 4582 Προφήτην,
3763 4501 3846 4552 Καξ

655 4598 783 4666 μίαν
808 4591 946 4648 εἶναι
977 4593 1114 4646 Θεοῦ
1151 4594 1244 4646 καὶ
1299 4591 1408 4644 τῶν
1437 4593 1607 4660 ἁγίων
1632 4595 1731 4662 τὴν
1798 4596 2076 4668 ἐνέργειαν
2142 4603 2171 4655 6
2209 4604 2416 4664 τούτοις
2465 4597 2783 4668 ἐναρίθμιος
2833 4597 3082 4668 Μάξιμος
3133 4601 3345 4669 γράφει.
3385 4600 3698 4672 διαρρήδην,
3771 4593 3848 4641 καὶ

652 4691 829 4755 ζώσας
877 4689 1093 4751 είκόνας
1142 4683 1279 4740 εἶναι
1319 4686 1538 4751 τούτους
1589 4689 1827 4761 Χριστοῦ
1852 4730 1868 4756 ,
1905 4696 1998 4746 καὶ
2047 4697 2213 4751 ταυτὸ
2254 4699 2458 4768 μᾶλλον
2488 4696 2644 4764 αὑτῴ
2674 4694 2814 4746 κατὰ
2839 4692 2938 4762 τὴν
2967 4694 3182 4762 χάρινῆ
3217 4694 3567 4764 ἁφομοίωμα.

739 4791 913 4843 ΤΙιεοι.
965 4784 1078 4840 Hoc
1126 4783 1479 4840 sanissimum
1530 4794 1694 4839 estet
1723 4789 1926 4842 sanctis
1981 4790 2216 4846 maxime
2251 4797 2292 4852 ο

2251 4797 2292 4852 D
2403 4791 2570 4845 Θεότ.
2617 4790 2762 4842 Πάνυ
2814 4788 2911 4856 μὲν
2960 4787 3129 4854 ὑγιῶς
3165 4788 3300 4856 ἔχει,
3335 4787 3427 4841 καὶ
3477 4789 3592 4851 τοῖς
3620 4780 3780 4851 ἁγίοις
3805 4777 3846 4853 ἐς

655 4897 977 4945 consonum,
999 4880 1139 4948 quod
1172 4878 1239 4933 de
1268 4877 1450 4933 divina
1483 4877 2089 4936 incommunicahilitate
2119 4870 2214 4936 de-

2320 4883 2389 4936 τὰ
2424 4882 2657 4951 μάλιστα
2716 4879 2932 4949 συνᾴδει
2964 4879 3032 4931 τὰ
3078 4881 3199 4948 περὶ
3246 4881 3346 4948 τῆς
3396 4878 3550 4943 θείας
3594 4868 3847 4943 ἁμεθεξίας

660 4971 992 5028 nmnstrasti.
1029 4985 1062 5023 ο
1090 4968 1466 5038 Theophanes.
1501 4966 1638 5020 Sunt
1671 4976 1849 5022 autem
1906 4973 1997 5039 qui
2027 4973 2217 5029 dicunt

2319 4972 2710 5042 τεθεωρημένα
2754 4989 2854 5038 σοι,
2891 4970 3184 5040 Θεόφανες.
3225 4970 3366 5022 Ἀλλ’
3398 4971 3558 5033 είσὶν,
3590 4965 3638 5019 οἳ
3663 4962 3846 5026 λέγουσι

662 5061 1262 5133 incomprehensibilem
1291 5075 1411 5115 esse
1436 5069 1490 5113 et
1520 5060 2083 5118 incommuuicabilem
2117 5065 2212 5120 Dei

2323 5070 2414 5120 καὶ
2442 5065 2800 5134 ἁπερινόητον
2828 5059 2965 5116 εἶναι
3010 5062 3106 5116 καὶ
3130 5063 3449 5132 ἀμέθεκτον,
3493 5062 3585 5115 καὶ
3641 5048 3844 5108 νοεῖσθαι

661 5153 979 5218 essentiam,
1014 5161 1068 5205 at
1095 5151 1479 5220 comprehendi
1511 5159 1688 5204 tamen
1728 5160 1783 5205 et
1817 5156 2210 5211 communicari

2327 5159 2419 5210 καὶ
2471 5157 2794 5225 μετέχεσθαι
2823 5154 2922 5224 τὴν
2973 5153 3160 5205 οὑσίαν
3187 5151 3280 5205 τοῦ
3332 5152 3470 5205 Θεοῦ
3510 5149 3635 5205 καθ’
3677 5136 3845 5202 ἑαυτὴν

660 5246 836 5314 seipsa
859 5243 1363 5313 supernaturaliter,
1382 5242 1545 5312 idque
1559 5243 1832 5297 aastimant
1853 5259 1902 5296 m
1915 5245 2026 5314 agis
2046 5246 2191 5315 pium
2202 5290 2225 5316 ,.

2223 5296 2225 5298 .
2327 5247 2644 5316 ὑπερφυῶς,
2674 5247 2769 5298 καὶ
2824 5245 3140 5314 νομίζουσιν
3184 5243 3327 5296 οὕτω
3359 5243 3564 5313 μᾶλλον
3611 5228 3845 5290 εὑσεῦείν,

663 5338 788 5408 quia
811 5335 1220 5404 super-naturale
1255 5334 1453 5388 divinis
1480 5334 1640 5388 rebus
1670 5335 1939 5402 congruit.

1864 5335 1939 5388 Iit.
2327 5339 2387 5390 τὸ
2413 5338 2688 5407 ὑπερφυὲς
2729 5339 2844 5400 τοῖς
2877 5335 3042 5399 θείοις
3073 5335 3486 5405 ἐναρμνζζοντες.

737 5427 964 5498 Τίιεορίι.
1006 5423 1200 5478 Verum
1243 5425 1344 5478 hoc
1394 5439 1501 5477 non
1538 5433 1621 5478 est
1658 5429 2090 5493 supernaturale,
2127 5444 2223 5482 nec

2221 5454 2223 5478 ι
2400 5433 2572 5498 6805.9.
2623 5428 2764 5481 Ἀλλ’
2790 5427 2887 5497 οὑχ
2921 5426 3198 5494 ὑπερφυὲς
3232 5423 3378 5477 τοῦτ’
3413 5424 3577 5483 ἐστὶν,
3612 5413 3721 5469 οὑδὲ
3747 5407 3843 5499 οεξ·

667 5517 778 5572 Deo
800 5530 1118 5586 congruum,
1141 5515 1318 5569 absit!
1349 5515 1440 5569 sed
1475 5516 1656 5583 potius
1684 5526 1872 5570 contra
1897 5526 2142 5572 naturam
2171 5532 2225 5574 et

2220 5561 2225 5573 .
2329 5520 2562 5585 πρεπὲς,
2605 5517 2806 5583 ἄπαγε,
2847 5515 2999 5583 παρὰ
3060 5514 3219 5582 φύσιν
3269 5513 3325 5565 δὲ
3380 5513 3575 5581 μᾶλλον
3619 5501 3702 5558 καὶ
3757 5503 3842 5586 ‘0’“

667 5609 886 5664 omnino
915 5605 1270 5677 impossibile.
1298 5603 1431 5658 Nam
1466 5605 1600 5658 idem
1628 5606 1730 5660 sub
1757 5606 1945 5661 eodem
1980 5623 2223 5678 respectu

2219 5628 2223 5663 l
2332 5578 2606 5661 ἀδυνάτων
2663 5578 2861 5674 πάντη.
2894 5578 2967 5660 TI?)
3006 5578 3116 5674 γὰρ
3157 5605 3290 5657 αὑτὸ
3326 5578 3465 5656 κατὰ
3505 5602 3562 5653 τὸ
3604 5591 3722 5647 αὐτὸ
3744 5578 3841 5652 μεθ’

673 5701 1121 5756 eommunicabile
1160 5714 1281 5753 esse
1317 5707 1370 5751 et
1403 5697 1934 5764 incommunieahile,
1987 5717 2229 5770 compre-

2217 5735 2229 5743 -
2338 5700 2488 5748 εκτὸν
2548 5694 2684 5748 εἶναι
2737 5696 2829 5746 καὶ
2870 5696 3192 5762 ἀμέυεκτον,
3242 5693 3428 5755 νοητόν
3462 5708 3515 5741 τε
3566 5685 3653 5736 καὶ
3687 5679 3839 5735 ἅττ-(λ’

747 5792 764 5821 ⁷
795 5791 949 5846 Joan.
982 5806 1018 5853 I,
1053 5788 1137 5843 16.
1213 5788 1233 5819 ⁸
1263 5788 1402 5840 Psal.
1445 5800 1596 5846 xutt,
1627 5788 1681 5838 4.
