4180 6308
406 315 515 377 915

1740 310 2262 372 ΉΙΕΟΙῚΙΑΝΕΞ.

3497 279 3644 368 es

401 429 617 495 νιῦητον,
649 419 847 482 τελέως
883 418 1200 487 ἁσύμϐατόν
1231 420 1346 472 ἐστι
1383 421 1478 473 καὶ
1523 418 1846 484 ἀσύστατον,
1871 424 1965 472 καὶ

2077 419 2340 474 hensihile
2368 426 2420 472 et
2466 415 3034 484 incomprehensibile,
3087 426 3167 470 est
3196 432 3421 486 prorsus
3457 417 3643 471 incon-

399 517 474 578 ὼς
509 512 851 584 πορρωτάτω
875 511 968 563 τοῦ
999 512 1166 571 ὅντως
1194 509 1345 571 ὄντος
1373 509 1461 563 διὰ
1494 510 1590 580 τὴν
1611 510 1792 580 ’ἄκραν
1816 511 1941 563 ἐναν

399 609 612 660 τίωσιν.
664 604 816 656 Ἐπεὶ
841 602 935 655 καὶ
963 601 1106 653 κατὰ
1133 599 1223 652 τὸν
1250 600 1474 669 Νύσσης
1498 602 1642 654 θεῖον
1668 600 1966 668 Γρηγόριον

399 696 647 750 τοιοῦτόν
687 696 835 746 ἐστιν
887 692 1120 747 ἕκαστον
1153 693 1262 748 τῶν
1314 693 1410 746 ἐπὶ
1448 691 1583 746 Θεοῦ
1634 691 1965 760 λεγομένων.

401 793 544 846 ὥστε
577 786 679 840 κᾶν
707 784 942 856 διαφέρῃ
971 784 1050 854 τῷ
1081 783 1486 854 σημαινομένῳ,
1521 782 1794 852 μηδεμίαν
1824 782 1967 850 ἐχειν

403 882 541 949 πρὸς
586 877 646 930 τὸ
685 873 1190 945 συνονομαζόμενον
1221 873 1552 926 ἐναντίωσιν.
1597 871 1657 926 Ὀ
1693 872 1758 942 δὴ
1808 871 1968 926 τοῦτο

401 972 595 1037 λέγων,
619 968 680 1020 τὸ
713 967 845 1021 αὐτὸ
885 963 1028 1018 κατὰ
1053 965 1112 1016 τὸ
1141 963 1272 1017 αὑτὸ
1304 965 1686 1034 συντιθέμενος
1718 963 1813 1015 καὶ
1837 963 1968 1016 ἀνα-

398 1064 596 1124 νεύων,
625 1064 740 1123 τοῖς
765 1059 985 1122 οἰκείοις
1013 1076 1072 1112 τε
1113 1059 1292 1128 λόγοις
1323 1055 1482 1120 αὑτὸς
1533 1055 1696 1108 πάλιν
1724 1053 1966 1118 ἀντίθεός

400 1159 541 1216 ἐστι.
574 1155 666 1208 καὶ
707 1153 765 1206 τὸ
793 1151 889 1206 τοῦ
919 1150 1056 1205 Θεοῦ
1089 1150 1368 1220 ὑπερφυὲς
1401 1149 1482 1210 είς
1522 1148 1586 1200 τὸ
1621 1131 1774 1216 παρά
1807 1146 1968 1214 φύσιν

401 1247 683 1315 κατασπᾷ,
713 1245 808 1297 καὶ
848 1243 916 1296 δι’
953 1242 1200 1313 ἀλλήλων
1225 1235 1302 1296 ὧν
1348 1258 1512 1313 φησιν
1557 1239 1800 1310 ἀναιρῶν
1835 1239 1965 1292 ἐκά-

399 1354 582 1406 τερον,
627 1335 812 1390 ἀθετεῖ
843 1334 1041 1396 τελέως
1079 1334 1140 1386 τὸ
1181 1328 1324 1386 εἶναι
1382 1332 1477 1385 τὸν
1526 1330 1660 1384 Θεόν
1688 1347 1703 1364 ο
1727 1333 1820 1385 καὶ
1857 1334 1970 1394 τοῖς

402 1427 584 1488 ἀθέοις
607 1425 798 1478 ἐαυτὸν
821 1425 1128 1477 συντάττει.
1161 1422 1260 1476 Διά
1281 1421 1438 1476 τοῦτο
1465 1421 1790 1494 Γρηγόριος,
1818 1421 1846 1474 6
1871 1421 1968 1489 τῆς

403 1517 686 1586 θεολογίας
713 1514 1019 1586 ἐπώνυμος,
1048 1515 1147 1567 οὑκ
1169 1517 1234 1567 ἐκ
1260 1516 1368 1568 τῶν
1397 1514 1513 1569 κατ’
1542 1514 1724 1582 αὑτὸν,
1761 1513 1878 1566 ἀλλ’
1903 1515 1967 1566 ἐκ

399 1609 508 1660 τῶν
547 1609 677 1678 περὶ
719 1605 882 1660 αὐτόν
919 1622 1051 1673 φησι
1090 1603 1324 1657 νοεῖσθαι
1363 1605 1452 1658 τὸν
1493 1604 1662 1658 Θεόν⁸
1703 1606 1730 1658 6
1755 1603 1811 1657 δὲ
1871 1604 1966 1673 μέο

400 1717 502 1766 γας
531 1697 801 1760 Διονύσιος
834 1697 1010 1751 πάντα
1040 1698 1289 1764 μετέχειν
1307 1697 1561 1767 προνοίας
1599 1698 1663 1749 ἐκ
1693 1696 1790 1765 τῆς
1827 1710 1969 1748 παν-

2075 511 2318 574 veuiens,
2349 521 2404 563 ct
2434 506 2801 572 incohrereus,
2862 515 2916 559 et
2947 506 3371 562 remotissimum
3425 523 3462 559 a
3487 522 3641 572 vero,

2077 611 2332 670 tanquam
2391 614 2602 653 summe
2636 597 3144 665 contradictorium,
3192 599 3338 668 quia,
3371 597 3524 668 juxta
3559 599 3642 652 di-

2073 707 2198 747 vum
2230 691 2550 761 Gregorium
2573 688 2904 761 Nysseuum,
2928 705 2991 744 ea
3021 700 3148 744 sunt
3169 690 3424 759 quazlibet
3447 690 3512 744 de
3533 689 3647 743 Deo

2071 785 2237 850 dicta,
2277 793 2359 847 ut,
2411 783 2628 837 etiamsi
2666 782 2919 836 differant
2969 781 3387 850 signiﬁcatione,
3443 783 3643 836 nullam

2071 876 2309 930 habeant
2345 889 2469 930 cum
2502 874 2724 927 nomine
2757 873 2920 928 simul
2970 872 3217 927 adhibito
3257 872 3647 926 contradictio-

2071 983 2218 1020 nem.
2280 965 2382 1032 Qui
2405 965 2484 1020 sic
2530 965 2793 1034 loquitur,
2855 965 2995 1018 idem
3047 963 3152 1020 sub
3181 965 3369 1018 eodem
3399 971 3642 1032 respectu

2071 1059 2372 1118 affirmans.
2401 1059 2518 1114 suis
2552 1058 2667 1126 ipse
2697 1055 2879 1111 verbis
2905 1056 3014 1110 Deo
3052 1056 3390 1122 adversatur,
3417 1055 3650 1110 confun-

2070 1154 2150 1208 dit
2181 1154 2234 1206 in
2264 1167 2331 1206 eo
2363 1167 2482 1221 quae
2507 1159 2634 1206 sunt
2658 1163 2822 1218 supra
2861 1157 2916 1202 et
2959 1163 3078 1218 qua:
3129 1161 3316 1203 contra
3369 1158 3641 1211 naturam,

2072 1255 2126 1298 et
2159 1259 2257 1299 sua
2293 1244 2436 1298 dicta
2471 1242 2575 1296 alia
2602 1241 2727 1297 aliis
2767 1240 3073 1302 destruens,
3105 1235 3320 1308 penitus
3352 1241 3532 1294 allolet
3556 1241 3644 1294 Dei

2073 1336 2448 1392 exsistcntiam
2502 1333 2751 1388 etatheis
2799 1347 2920 1386 sese
2943 1331 3184 1385 ascribit.
3225 1331 3411 1400 Itaque
3442 1331 3645 1402 Grego-

2072 1429 2189 1483 rius
2220 1427 2544 1499 cpgnomine
2582 1425 2888 1494 Theologus
2914 1422 3080 1479 dicit:
3121 1443 3138 1475 ι
3166 1422 3306 1477 Deus
3339 1441 3442 1477 non
3474 1440 3537 1478 ex
3564 1424 3646 1478 his

2069 1533 2190 1588 qua:
2219 1519 2270 1571 in
2305 1532 2371 1571 ιο
2401 1533 2482 1571 SI]!
2509 1525 2548 1581 t,
2589 1516 2684 1570 sed
2725 1532 2787 1570 rx
2823 1517 2904 1568 his
2939 1529 3058 1582 quae
3107 1529 3228 1568 eum
3271 1517 3642 1576 circumstant,

2071 1611 2441 1680 intelligitum
2477 1612 2538 1662 lit
2563 1624 2790 1677 magnus
2815 1608 3141 1678 Dionysius:
3172 1607 3394 1661 «Omnia
3425 1608 3645 1676 partici-

2072 1711 2202 1772 pant
2228 1702 2619 1772 providentiam
2675 1715 2739 1754 ex
2783 1701 3046 1754 creatrice
3084 1699 3327 1752 ortinium
3369 1699 3648 1754 dixinitate

401 1788 578 1840 αιτίου
633 1785 886 1854 θεότητος
911 1782 1340 1854 ἐκϐλυξομένης.
1379 1786 1434 1837 '0
1460 1784 1514 1837 δέ
1538 1785 1677 1847 θεῖος
1693 1783 1966 1853 Μάξιμος,

2073 1803 2436 1849 manantem.»
2463 1792 2591 1846 Item
2619 1791 2775 1844 divus
2795 1789 3093 1842 Maximus:
3150 1788 3439 1858 «Cogitans
3493 1805 3643 1840 nu-ns

406 1901 425 1932 ι
451 1881 539 1934 Ἐν
568 1879 646 1948 τῷ
670 1877 812 1947 Θεῷ,
843 1879 998 1948 φησὶ,
1013 1877 1302 1946 γενόμενος
1331 1879 1358 1930 6
1390 1876 1533 1939 νοῦς,
1556 1877 1679 1939 τοὺς
1710 1877 1839 1944 περὶ
1868 1877 1970 1946 τῆς

400 1975 592 2034 οὐςίας
629 1969 796 2024 αὑτοῦ
836 1969 1056 2040 πρῶτον
1093 1968 1283 2036 λόγους
1315 1967 1567 2038 ἐπιζητεῖ
1600 1969 1699 2036 μὲν
1740 1968 1846 2021 ὑπὸ
1874 1968 1970 2022 τοῦ

400 2064 569 2117 πόθου
622 2061 979 2131 φλεγόμενος,
1021 2061 1124 2113 οὑκ
1165 2060 1231 2110 ἐκ
1264 2059 1373 2113 τῶν
1422 2061 1545 2112 κατ’
1579 2059 1748 2130 αὐτὴν
1777 2061 1832 2113 δὲ
1871 2058 1969 2130 τὴν

399 2152 760 2224 παραμυθίαν
807 2149 1072 2222 εὑρίσκει.
1139 2149 1447 2219 Ἀμήχανον
1495 2150 1604 2220 γὰρ
1669 2149 1828 2203 τοῦτο
1873 2149 1971 2203 καὶ

397 2244 720 2297 ἁνέκδεκτον
743 2243 893 2311 πάσῃ
927 2242 1130 2310 γενητῇ
1181 2241 1342 2308 φύσει
1385 2239 1590 2306 ἐξίσου.
1636 2240 1728 2292 Ἐκ
1762 2240 1818 2292 δὲ
1860 2239 1970 2294 τῶν

399 2334 529 2404 περὶ
558 2331 731 2401 αὑτὴν
762 2329 1200 2400 παραμυθεῖται,
1228 2329 1373 2398 λέγω
1399 2330 1464 2400 δὴ
1504 2329 1613 2382 τῶν
1643 2330 1773 2400 περὶ
1800 2329 1968 2384 ἀΐδιό-

397 2442 564 2494 τητος
623 2423 882 2493 ἀπειρίας
916 2439 976 2475 τε
1011 2423 1107 2475 καὶ
1158 2422 1468 2492 ἀοριστίας,
1520 2423 1857 2492 ἀγαθότητός
1908 2441 1970 2477 τε

399 2518 494 2571 καὶ
527 2515 719 2586 σοφίας
745 2516 840 2570 καὶ
867 2514 1170 2585 δυνόνμεως,
1197 2513 1596 2585 δημιουργικῆς
1623 2532 1683 2567 τε
1715 2515 1810 2568 καὶ
1840 2533 1972 2586 προ-

397 2608 657 2679 νοητικῆς
679 2610 773 2663 καὶ
803 2608 1056 2678 κριτικῆς
1076 2609 1184 2662 τῶν
1206 2608 1394 2663 ὄντων.
1409 2626 1430 2661 ι
1461 2609 1534 2662 Τὸ
1564 2609 1747 2680 μέντοι
1771 2613 1968 2682 ἀπερι-

396 2701 589 2772 νόητον
627 2701 722 2754 καὶ
762 2698 1208 2769 ἀκατονόμαστον
1237 2701 1332 2753 καὶ
1381 2699 1748 2770 ἀκοινώνητον
1792 2702 1969 2754 ἐκεῖνο

398 2792 590 2862 χρῆμα
617 2791 718 2862 τῆς
749 2791 899 2857 θείας
941 2792 1399 2863 ὑπερουσιότητος
1444 2791 1544 2846 οὑκ
1573 2792 1765 2845 οὑσίαν
1804 2793 1968 2863 μόνον

397 2886 448 2936 οἱ
487 2884 858 2954 θεορῤἡμονες
891 2884 942 2936 εί
995 2883 1090 2936 καὶ
1122 2882 1201 2954 μὴ
1245 2882 1475 2953 κυρίως,
1505 2883 1580 2946 ὡς
1631 2885 1963 2956 εἰρήκαμεν,

396 2974 756 3046 ὀνομάζοντές
793 2976 955 3039 εἰσιν,
1006 2973 1142 3027 ἀλλὰ
1195 2973 1290 3027 καὶ
1329 2972 1561 3044 θεότητα
1613 2975 1708 3029 καὶ
1759 2976 1966 3044 ἀγαθόο

397 3083 536 3135 τητα
583 3066 680 3119 καὶ
709 3067 900 3134 σοφίαν
929 3064 1024 3118 καὶ
1067 3063 1214 3134 ζωήν
1235 3079 1250 3093 ⁸
1293 3066 1386 3118 καὶ
1435 3064 1624 3128 ἁπλῶς
1652 3066 1837 3119 ὁπόσα
1870 3068 1967 3119 καὶ

395 3134 496 3218 τάς
547 3154 874 3225 θεοπρεπεῖς
909 3155 1168 3225 προόδους
1189 3153 1271 3208 ’τε
1307 3156 1401 3228 καὶ
1451 3156 1730 3226 ἐνεργείας
1762 3157 1960 3227 όνομά·
1992 3134 2034 3192 C

337 3297 342 3300 .
395 3245 584 3310 ζουσιν
623 3247 813 3302 αὑτοῦ.
861 3249 968 3300 Καὶ
1004 3246 1113 3320 γὰρ
1157 3247 1258 3301 οὑκ
1304 3248 1601 3318 ἐκφράσαι,
1661 3251 1815 3320 φησὶ,
1865 3251 1964 3320 τὴν

393 3337 860 3407 αὑτοῦπεροὺσιον
888 3338 1202 3408 ἀγαθότητα
1228 3339 1322 3391 xal
1347 3338 1538 3393 οὑσίαν
1570 3340 1664 3393 καὶ
1695 3339 1840 3411 ζωὴν
1868 3343 1964 3396 καὶ

395 3427 590 3496 σοφίαν
620 3429 720 3499 τῆς
749 3429 1219 3498 αὑτοῦπερουσίου
1257 3429 1508 3500 θεότητος
1537 3432 1564 3482 ὁ
1593 3432 1650 3484 λο
1665 3450 1749 3501 νος
1782 3434 1962 3500 ἐπαγ-

396 3522 666 3589 γέλλεται,
697 3521 798 3591 τὴν
850 3521 991 3592 ὑπὲρ
1032 3522 1216 3575 πᾶσαν
1249 3522 1560 3592 ἀγαθότητα
1592 3525 1684 3577 καὶ
1738 3524 1964 3596 θεότητα

397 3613 492 3665 καὶ
517 3612 711 3664 οὐσίαν
739 3613 834 3666 κα)⁸
867 3611 1064 3681 σοφίαν
1095 3613 1189 3664 καὶ
1215 3611 1379 3683 ζωὴν,
1414 3613 1512 3684 τὴν
1535 3615 1592 3667 ἐν
1626 3617 1964 3687 ἀποκρύφοις

397 3702 864 3774 ὑπεριδρυμένην,
891 3702 1028 3756 ἀλλά
1055 3703 1156 3772 τὴν
1184 3705 1610 3774 ἐκπεφασμένην
1632 3707 1962 3777 ἀγαθοποιὸν

396 3792 651 3862 πρόνοιαν
674 3793 1016 3864 ὑπεροχικῶς
1031 3793 1342 3864 ἁγαοότητα
1377 3795 1470 3848 καὶ
1499 3795 1715 3852 πάντων
1742 3799 1962 3866 ἀγαθῶν

396 3885 577 3938 αἰτίαν
623 3885 820 3954 ὑμνεῖ,
853 3887 947 3937 καὶ
975 3883 1035 3937 ὃν
1065 3889 1160 3939 καὶ
1194 3885 1340 3956 ζωὴν
1374 3899 1472 3940 και
1509 3887 1703 3956 σοφίαν
1734 3891 1834 3960 τὴν
1871 3891 1965 3943 οὑ-

398 3976 642 4032 σιοποιὸν
675 3978 770 4029 καὶ
795 3976 1057 4039 ζωοποιὸν
1087 3977 1179 4030 καὶ¹
1212 3978 1491 4045 σοφοδότιν
1520 3980 1703 4032 αἰτίαν
1735 3981 1844 4033 τῶν
1871 3982 1963 4032 οὑ-

395 4072 518 4130 σίας
576 4067 668 4121 καὶ
716 4068 866 4137 ζωῆς
919 4071 1014 4121 καὶ
1039 4069 1131 4122 νοῦ
1165 4069 1255 4123 καὶ
1307 4069 1464 4138 λόγου
1517 4071 1609 4124 καὶ
1655 4071 1963 4143 αἰσθήσεως

395 4159 826 4232 μετειληφότων.
881 4158 991 4210 Ποῦ
1051 4160 1190 4212 εἰσιν
1246 4160 1295 4212 οἱ
1355 4160 1430 4230 μὴ
1487 4161 1803 4231 ἀνεχόμενοι
1855 4163 1962 4217 τῶν

392 4251 668 4304 όκτίστων
713 4249 1066 4318 ὑπερτιοὲναι
1102 4249 1200 4320 τὴν
1243 4251 1435 4306 οὐσίαν
1472 4254 1567 4304 τοῦ
1609 4253 1778 4319 Θεοῦ;
1828 4256 1957 4310 Ἰδοὺ

392 4346 503 4412 γὰρ
527 4342 556 4394 6
587 4342 761 4411 μέγας
791 4340 1066 4404 Διονύσιος
1091 4341 1186 4393 καὶ
1207 4341 1305 4410 τῆς
1333 4342 1589 4414 θεότητος
1613 4348 1705 4397 καὶ
1729 4347 1828 4415 τῆς
1852 4348 1960 4401 τῶν

393 4433 620 4500 ογαθῶν
650 4434 831 4496 αἰτίας
863 4435 960 4486 καὶ
985 4433 1173 4498 ἅπλῶς
1205 4435 1398 4487 πασῶν
1434 4436 1545 4489 τῶν
1591 4440 1836 4509 μετοχῶν
1866 4458 1962 4499 σα-
1993 4474 2038 4530 D

398 4526 511 4593 φῶς
545 4525 902 4596 ὑπερτίθησιν
936 4525 1128 4596 αὐτὴν,
1176 4527 1274 4596 οὐχ
1321 4528 1394 4590 ὡς
1428 4532 1808 4600 ὑφεστηκυιῶν
1838 4533 1959 4586 καθ’

391 4619 614 4683 ἑαυτὰς,
673 4617 789 4671 ἀλλ’
817 4617 892 4680 ὡς
931 4619 1220 4689 ἐνεργειῶν
1273 4619 1447 4689 αὐτῆς
1495 4622 1778 4690 μεθεκτῶν
1827 4627 1961 4695 ἡμῖν

393 4707 774 4778 ὑπαρχουσῶν.
819 4707 989 4768 Αὐτὸς
1053 4709 1162 4776 γάρ
1222 4708 1371 4761 ἐστιν
1421 4712 1450 4763 6
1501 4712 1621 4763 κατ’
1680 4713 1960 4783 ἐνέργειαν

392 4801 498 4853 ἐπὸ
562 4799 778 4854 πάντων
833 4799 1212 4870 μετεχόμενος.
1257 4800 1379 4854 Ὅτι
1421 4801 1466 4854 δ’
1521 4802 1768 4857 ἀκτιστοί
1821 4807 1961 4859 εἰσιν

389 4891 449 4942 οἱ
487 4891 718 4960 μετοχαὶ
741 4885 815 4943 ὧν
861 4889 1189 4958 ὑπέρκειται
1225 4892 1346 4943 κατ’
1383 4891 1572 4946 οὐσίαν
1614 4895 1642 4947 ό
1681 4895 1833 4960 Θεὸς,
1861 4897 1954 4949 τοῦ

389 4982 557 5035 αὐτοῦ
598 4981 755 5038 πάλιν
785 4982 1041 5045 ἄκουσον,
1096 4983 1294 5052 μικρὸν
1347 4983 1605 5054 ἀνωτέρω
1636 4987 1960 5058 φάσκοντος,

390 5073 532 5127 καθά
567 5075 662 5127 καὶ
685 5073 1120 5145 προειρήκαμεν,
1149 5073 1230 5125 ὅτι
1259 5072 1336 5142 τῷ
1362 5073 1504 5145 λόγῳ
1535 5078 1734 5140 σκοπὸς
1768 5079 1828 5140 οὐ
1859 5079 1959 5148 τὴν

390 5163 713 5234 ὑπερούσιον
741 5161 950 5226 οὑσίαν,
1052 5162 1401 5231 ὑπερούσιος,
1437 5166 1740 5233 ἐκφαίνειν,
1793 5169 1956 5222 ἀνέκ-

388 5270 595 5321 φαντος
654 5253 786 5323 γὰρ,
842 5242 1104 5323 dim-np
1131 5237 1438 5317 οὺσιοποιὸν
1465 5257 1543 5320 εἰς
1567 5255 1636 5311 τὰ
1658 5257 1784 5320 ὸντα
1831 5259 1964 5328 πρό·

386 5344 503 5405 non
537 5341 796 5410 ὑμνῆσαι.
831 5341 940 5394 Καὶ
990 5341 1098 5411 γὰρ
1148 5343 1183 5412 ἦ
1215 5341 1261 5392 τ’
1311 5341 1516 5409 ἀγαθοῦ
1569 5343 1846 5413 θεωνυμία
1878 5347 1958 5410 είς

389 5435 570 5487 πάντα
606 5433 676 5487 τὰ
704 5432 833 5486 ὄντα
866 5433 1185 5499 ἐκτείνεται,
1229 5435 1319 5486 καὶ
1348 5435 1486 5503 ὑπὲρ
1514 5434 1583 5486 τὰ
1615 5435 1743 5488 ὄντα
1785 5437 1953 5490 ἐστίν.

399 5527 462 5580 ἰι
487 5526 544 5579 δέ
573 5528 669 5596 τῆς
702 5525 849 5596 ζωῆς
882 5529 960 5589 εἰς
993 5529 1170 5580 πάντα.
1212 5529 1277 5577 τὰ
1305 5525 1484 5589 ζῶντα
1514 5527 1834 5592 ἐκτείνεται,
1865 5532 1956 5582 καὶ

388 5619 528 5688 ὑπὲρ
563 5619 630 5672 τὰ
661 5619 840 5681 ζῶντά
885 5620 1057 5671 ἐστιν.
1097 5618 1160 5674 'U
1191 5618 1246 5669 δὲ
1283 5619 1379 5685 τῆς
1430 5620 1618 5686 σοφίας
1668 5621 1745 5682 εἰς
1779 5622 1952 5674 mina

387 5710 456 5772 τά.
486 5711 648 5780 νοερὰ
674 5713 766 5768 καὶ
793 5711 986 5779 λογικὰ
1029 5711 1120 5763 καὶ
1159 5710 1451 5778 αἰσθητικὰ
1494 5713 1816 5778 ἐκπίνεται,
1856 5719 1945 5766 v.13

2072 1883 2138 1937 de
2182 1883 2315 1946 Deo,
2352 1882 2587 1950 primum
2625 1879 2876 1933 ardenter
2906 1879 3051 1947 cupit
3075 1893 3137 1930 ea
3176 1893 3643 1946 cognosceretptzu

2071 1975 2138 2029 ad
2186 1973 2477 2028 essentiam
2523 1973 2811 2041 pertinent.
2839 1986 2944 2025 non
2995 1985 3126 2024 vero
3155 1971 3219 2024 de
3250 1971 3359 2038 ipsa
3403 1972 3639 2026 essentia

2073 2063 2394 2120 ratiocinari
2420 2064 2648 2133 qua-rit:
2685 2062 2791 2117 hoc
2812 2062 2957 2116 enim
2991 2060 3325 2130 impossibile
3355 2069 3436 2116 cst
3462 2070 3514 2116 et
3549 2078 3644 2116 su-

2071 2173 2168 2227 pra
2198 2157 2342 2212 vires
2367 2153 2664 2223 cujuslibet
2688 2163 2894 2209 natura:
2923 2162 3138 2209 creatas.
3188 2153 3264 2208 De
3309 2153 3393 2209 his
3435 2161 3641 2207 tantum

2070 2263 2191 2318 quas
2209 2247 2356 2302 illam
2379 2247 2738 2301 circumstant
2765 2244 3144 2307 ratiocinatur,
3169 2243 3375 2299 Scilicet
3396 2244 3462 2299 de
3489 2253 3644 2298 mter—

2069 2339 2260 2402 nitate,
2297 2335 2684 2400 immensitate,
2714 2333 3002 2397 inﬁnitate,
3057 2333 3318 2398 bonitate,
3373 2335 3638 2402 sapientia

2068 2439 2122 2484 et
2150 2429 2408 2484 facultate
2428 2426 2646 2482 creandi
2673 2425 3098 2496 providendique
3122 2425 3472 2494 etjudicandi
3493 2440 3613 2479 crea
3630 2453 3644 2463 ς

2069 2531 2272 2578 ειη-αδ.»
2293 2521 2433 2590 Ergo
2457 2533 2567 2573 non
2596 2518 2772 2573 solum
2797 2517 2942 2570 Illam
2967 2517 3205 2570 divinam
3220 2518 3642 2586 supersubstan-

2082 2614 2287 2681 tialem,
2317 2610 2922 2681 incomprehensibile’m
2976 2608 3420 2679 incll'abilemque
3464 2597 3520 2664 οἰ
3551 2611 3636 2663 in-

2068 2701 2584 2760 eommunicabilem
2607 2709 2854 2754 naturam
2883 2697 3139 2768 theologi,
3171 2707 3230 2751 ut
3258 2713 3419 2768 supra
3438 2699 3638 2751 dictum

2069 2803 2177 2858 est,
2206 2791 2504 2848 essentiam
2534 2797 2754 2854 vocant,
2803 2791 2895 2844 sed
2927 2789 3113 2854 etiam,
3165 2788 3293 2844 licet
3324 2789 3638 2857 improprie,

2069 2886 2431 2950 divinitatem,
2481 2882 2804 2946 bonitatem,
2862 2881 3188 2949 sapientiam
3221 2889 3274 2935 et
3301 2880 3493 2945 vitam,
3528 2897 3635 2933 uno

2070 2979 2232 3034 verbo
2255 2974 2522 3046 quidquid
2556 2974 2768 3029 divinas
2800 2972 3180 3042 processiones
3212 2982 3264 3027 et
3298 2974 3640 3040 operationes

2068 3068 2374 3138 designant.
2410 3065 2570 3130 Nam,
2602 3063 2876 3131 inquiunt,
2927 3078 3032 3116 non
3065 3062 3210 3117 valet
3251 3075 3432 3114 sermo
3459 3062 3640 3129 expri-

2067 3175 2219 3215 mere
2253 3154 2829 3227 snpersubstantialem
2855 3155 3147 3208 essentiam
3175 3154 3452 3221 vitamque
3472 3160 3523 3205 et
3553 3167 3639 3205 ελ-

2066 3249 2322 3318 pientiam
2353 3242 2896 3315 supersubstantialis
2913 3241 3240 3307 divinitatis,
3273 3259 3393 3312 qua:
3416 3257 3634 3296 omnem

2067 3339 2385 3404 bonitatem,
2411 3335 2729 3399 essentiam,
2762 3334 2926 3387 vitam
2957 3348 3023 3388 ac
3044 3333 3364 3402 sapientiam
3395 3343 3633 3402 superat,

2065 3441 2118 3485 et
2149 3432 2199 3483 in
2232 3429 2556 3483 abscondito
2588 3425 2943 3495 supersedet;
2975 3425 3071 3480 sed
3102 3425 3507 3479 rnanil’estatam
3541 3426 3633 3479 be-

2066 3522 2387 3576 nefaciendo
2407 3517 2968 3588 providentiam,'qua:
2990 3525 3072 3570 est
3089 3515 3394 3570 eminenter
3419 3515 3638 3576 bonitas.

2067 3624 2120 3670 et
2152 3612 2396 3668 omnium
2427 3611 2694 3666 bonorum
2727 3608 2874 3674 fons,
2901 3608 3158 3673 celebrat,
3195 3621 3405 3662 necnon
3444 3622 3635 3660 essen-

2068 3708 2196 3761 tiam
2241 3707 2514 3774 vitamque
2543 3713 2597 3758 et
2625 3703 2974 3774 sapientiam,
3006 3717 3126 3770 qua:
3155 3702 3414 3765 essentia,
3443 3703 3547 3754 vita
3580 3712 3633 3752 et

2064 3796 2334 3866 sapientia
2363 3795 2530 3850 donat
2559 3808 2655 3850 eos
2679 3791 2773 3864 qui
2819 3793 3174 3858 exsistenthe,
3235 3795 3382 3860 vitaz,
3439 3793 3634 3847 intelli-

2063 3888 2277 3958 gentiae.
2319 3886 2607 3942 locutionis
2667 3896 2722 3940 et
2777 3884 3108 3940 sensationis
3146 3895 3274 3938 sunt
3321 3885 3630 3952 participes.

2072 3978 2170 4032 Ubi
2217 3987 2347 4030 sunt
2398 3977 2490 4046 qui
2551 3984 2753 4046 negant
2816 3975 3077 4030 increatis
3130 3975 3461 4044 superiorem
3511 3991 3634 4032 esse

2065 4067 2159 4123 Dei
2189 4067 2529 4123 essentiam?
2561 4065 2700 4120 Ecce
2730 4066 2878 4119 enim
2907 4081 3133 4135 magnus
3165 4066 3458 4136 Dionysius
3485 4069 3632 4127 clare

2065 4161 2200 4214 dicit
2229 4161 2332 4214 hac
2365 4158 2649 4214 inferiores
2683 4172 2805 4212 esse
2835 4156 3198 4223 divinitatem,
3253 4158 3634 4229 bonorumque

2063 4267 2290 4306 causam
2323 4259 2376 4305 et
2403 4249 2725 4317 simpliciter
2755 4263 2947 4302 omnes
2982 4249 3380 4318 processiones,
3414 4268 3536 4321 quae
3573 4253 3628 4306 in

2063 4343 2258 4412 scipsis
2289 4356 2396 4395 non
2427 4341 2757 4404 subsistunt,
2791 4339 2883 4394 sed
2909 4349 3037 4393 sunt
3084 4343 3426 4408 operatioues
3474 4344 3632 4398 nobis

2065 4435 2502 4490 communicatae.
2536 4435 2654 4504 Ipse
2677 4434 2823 4487 enim
2856 4433 2994 4488 Deus
3023 4438 3337 4504 operatione
3379 4437 3632 4491 omnibus

2068 4527 2518 4586 communicatur.
2545 4516 3020 4580 luereatas‘autem
3050 4540 3169 4582 esse
3201 4526 3298 4582 has
3331 4528 3630 4596 processio-

2067 4636 2162 4674 nes
2185 4634 2321 4688 quas
2351 4627 2573 4688 superat
2603 4619 2838 4673 essentia
2873 4617 2967 4672 Dei
3005 4617 3147 4673 idem
3196 4629 3424 4672 testatur
3467 4621 3630 4688 paulo

2065 4712 2316 4780 superius
2345 4711 2554 4772 dicens,
2583 4717 2640 4762 ut
2674 4710 2959 4779 praefatum
2992 4720 3095 4776 est,
3130 4725 3234 4762 non
3268 4713 3486 4764 tendere
3510 4728 3629 4765 scr—

2065 4819 2278 4857 ntonem
2295 4803 2359 4856 ad
2380 4803 2831 4860 manifestandam
2854 4802 3428 4874 supersubstantialem
3445 4820 3628 4857 csst'n-

2061 4895 2213 4959 tiam,
2250 4909 2356 4963 qua
2388 4893 2925 4960 snpersubstantialis
2957 4900 3040 4944 est
3071 4893 3233 4956 Deus,
3283 4894 3484 4963 quippe
3506 4911 3627 4962 qua:

2062 4987 2286 5044 revelari
2324 4986 2532 5056 nequit,
2567 4985 2662 5040 sed
2694 4985 2759 5038 ad
2791 4983 3172 5048 celebrandum
3211 4986 3536 5040 exsistentiae
3574 4990 3627 5040 in

2074 5086 2356 5130 creaturas
2399 5074 2707 5137 clﬂuvium:
2747 5075 2859 5135 lucc
2891 5074 3034 5129 enim
3092 5074 3238 5137 dicta
3267 5075 3334 5128 de
3368 5077 3472 5130 Deo
3534 5078 3628 5132 ho-

2059 5166 2202 5233 nitas
2223 5167 2288 5220 ad
2318 5181 2404 5221 res
2421 5180 2612 5220 ornues
2635 5162 2944 5225 extenditur
2967 5171 3222 5218 ctomnes
3243 5175 3459 5233 superat
3480 5183 3495 5232 ;
3519 5169 3627 5224 ha-c

2061 5260 2168 5310 vita
2225 5257 2293 5310 ad
2319 5260 2494 5311 omnia
2524 5253 2829 5324 euenditur
2885 5254 3142 5319 viventia,
3173 5263 3226 5312 et
3255 5257 3507 5309 erunibus
3541 5258 3626 5310 his

2058 5348 2370 5413 antecellit;
2450 5347 2563 5400 haec
2627 5344 2891 5414 sapientia
2959 5345 3025 5399 ad
3075 5349 3256 5400 omnia
3323 5347 3630 5407 extenditur

2059 5439 2434 5508 intelligentia,
2482 5437 2873 5506 rationaliaque
2927 5447 2980 5491 et
3025 5439 3326 5499 sensibilia,
3369 5439 3625 5500 etomnia

2059 5529 2172 5580 lucc
2216 5524 2646 5594 supergreditur.
2699 5521 2856 5577 Vides
2911 5524 3032 5578 illas
3083 5525 3458 5593 plueessioues
3506 5540 3629 5587 esse

2056 5630 2260 5672 Creatui
2280 5620 2324 5669 is
2350 5615 2678 5683 superiores.
2709 5615 2840 5684 Ipsae
2864 5625 3042 5668 tamen
3068 5616 3346 5683 praedicari
3375 5629 3622 5687 possunt,

2059 5729 2161 5763 non
2203 5726 2328 5760 vero
2361 5708 2599 5760 incllebil
2625 5723 2650 5761 s
2686 5719 2735 5761 et
2771 5707 3195 5777 iinpcuetrabllzs
3227 5709 3489 5768 essentia.
3516 5711 3623 5771 Sed
