4180 6308
1788 286 1833 313 η

333 387 440 450 940

1662 386 2078 447 THEOPHAN
2088 385 2193 449 ES.

3459 390 3595 452 950),

330 515 445 565 νον,
485 496 750 552 άλλὰοκαὶ
781 499 892 554 τῶν
924 499 1169 570 μετοχῶν
1196 501 1368 564 αἴτιος
1391 502 1419 554 ὁ
1453 499 1584 563 Θεός
1616 500 1752 567 ἐστι,
1783 500 1897 564 πῶς

2006 499 2251 554 eumdem
2276 475 2447 569 quam
2485 497 2603 567 ipse
2642 496 3025 566 intellectu-11';
3064 502 3407 559 sensibilium
3440 519 3584 559 vero.

334 591 438 644 οὐκ
463 590 530 645 ἂν
568 592 655 659 εῐη
692 591 896 657 μείζων
927 593 1019 647 καὶ
1052 594 1221 647 τῶνδε
1250 594 1359 655 τῶν
1392 595 1671 659 αἰτιατῶν,
1704 595 1776 656 ὡς
1809 594 1893 648 ατ-

334 701 452 745 τιος
478 700 493 749 ;
538 683 600 736 El
624 682 679 736 δὲ
708 683 789 737 δεῖ
827 685 918 737 καὶ
942 685 1008 736 δι’
1038 684 1196 753 ήμῶν
1252 686 1327 748 ὡς
1373 685 1442 738 δι’
1475 685 1725 756 ἁμυδρᾶς
1748 685 1897 739 εξκόο

332 790 425 834 νος
456 772 553 827 τοῦ
579 772 716 826 Θεοῦ
736 773 845 828 τῶν
868 775 1177 844 εἰρημένων
1209 775 1629 848 ἐμφανεστέραν
1667 776 1900 842 πορίσαι-

336 865 464 918 ulla:
505 865 870 934 παράστασιν,
904 867 1032 936 οὐχὶ
1069 867 1195 930 νοῦς
1231 868 1346 920 ἑστι
1373 871 1466 923 καὶ
1494 870 1527 937 ἡ
1562 868 1653 923 τοῦ
1695 868 1899 939 σοφίας

333 955 458 1022 οὐχὶ
495 956 617 1008 κατ’
646 954 819 1025 αὐτὴν
848 957 943 1009 καὶ
971 957 1254 1026 μερίζεται
1278 958 1373 1011 καὶ
1410 958 1775 1025 ποικίλλεται,
1806 959 1902 1012 καὶ

335 1049 551 1114 πρόεισι
570 1046 664 1099 καὶ
696 1044 904 1114 σοφίζει
931 1046 1284 1115 πολυτρόπως
1323 1048 1615 1118 ἑνούμενος
1645 1049 1740 1101 καὶ
1766 1064 1871 1119 μετ
1890 1076 1903 1090 ο

335 1137 618 1205 εχόμενος,
647 1135 997 1205 ὲγγινόμενός
1044 1155 1105 1190 τε
1130 1140 1333 1209 νοεροῖς
1360 1139 1454 1192 καὶ
1499 1140 1784 1210 άνοήτοιςς
1809 1139 1906 1194 καὶ

334 1231 407 1279 τὰ
459 1227 558 1294 μὲν
607 1226 786 1296 ἑαυτῷ
841 1226 1106 1297 εξομοιῶν
1137 1230 1213 1291 ὡς
1265 1232 1385 1284 κατ’
1438 1230 1722 1300 ἐνέργειαν
1779 1230 1905 1285 νοῦν

336 1318 489 1388 ἔχειν
518 1318 613 1372 τὸν
646 1318 811 1372 αὑτὸν
844 1319 1012 1388 αύτῷ,
1042 1320 1151 1372 τῶν
1190 1321 1236 1375 δ’
1264 1320 1544 1391 αἰσθητῶν
1573 1339 1633 1376 τε
1671 1324 1763 1376 κα)⁸
1782 1323 1907 1377 ἀλό-

334 1426 453 1478 γων
485 1409 632 1463 ἐστιν
661 1409 698 1464 ἃ
729 1412 803 1482 μὴ
837 1411 1097 1483 προάγων
1125 1416 1191 1466 ὲκ
1219 1413 1295 1483 μὴ
1320 1412 1489 1469 ὄντων
1509 1455 1525 1479 ,
1569 1416 1631 1470 οὐ
1672 1415 1784 1486 γὰρ
1807 1416 1906 1469 ne.

336 1518 479 1572 φυκε
506 1501 663 1570 Θεὸς,
713 1505 1215 1575 μετασχηματίζων
1261 1506 1320 1559 δὲ
1366 1507 1462 1560 καὶ
1516 1507 1614 1577 τῆς
1669 1507 1907 1574 δυνατῆς

333 1589 661 1658 ἐπιμελείας
712 1591 906 1659 ἀξιῶν,
955 1592 1224 1663 ὲξομοιῶν
1271 1595 1335 1666 δὴ
1391 1596 1613 1666 ἥκιστα,
1658 1598 1756 1651 καὶ
1796 1598 1906 1667 γὰρ

332 1681 666 1737 άνεπίδεκτα
695 1684 929 1755 φρενῶν.
961 1680 1095 1739 Κατ’
1118 1685 1307 1739 οὐσίαν
1328 1687 1388 1740 δὲ
1418 1688 1767 1757 άμετάδατός
1789 1690 1908 1742 ἐστι

333 1771 475 1837 πρδς
509 1771 810 1827 ὑπόστασιν
850 1774 1069 1844 ἑτέραν,
1120 1775 1421 1845 άμέριστός
1452 1792 1514 1829 τε
1566 1778 1664 1832 καὶ⁹
1702 1777 1908 1841 ἁπλοῦς

2002 601 2055 645 et
2085 589 2478 644 irrationalium
2510 588 2792 657 nonnulla,
2827 590 3167 649 baudedueit
3187 593 3403 663 quidem
3434 611 3465 651 c
3489 597 3585 651 υἱ·-

1999 681 2133 743 hilo,
2163 695 2271 736 nou
2329 681 2472 736 enim
2503 690 2588 737 est
2622 680 2789 748 Deus,
2827 683 2922 737 sed
2962 684 3318 739 transiormat
3346 699 3407 739 ac
3441 687 3563 740 dili-

1997 782 2188 840 genter
2218 770 2479 836 elaborat,
2511 784 2620 825 non
2652 779 2833 826 tamen
2868 771 3158 835 assimilat.
3190 783 3371 841 utpote
3399 774 3560 828 inte!»

2001 859 2235 930 ligentim
2257 860 2560 930 incapacia.
2579 860 2887 927 Secundum
2917 863 3209 918 essentiam
3235 878 3367 918 vero
3392 874 3574 922 trans-

2002 948 2085 1006 ire
2113 950 2306 1021 nequit
2347 951 2415 1006 ad
2460 950 2620 1005 aliam
2642 952 3032 1018 substantiam.
3051 954 3153 1013 sed
3170 966 3252 1011 est
3279 955 3572 1021 indivisus,

1974 1042 2258 1112 simplex,
2298 1042 2752 1113 participantibus
2809 1044 2952 1099 haud
3005 1046 3303 1101 immistus.
3336 1046 3455 1101 Non
3498 1058 3573 1102 ιον

2005 1149 2129 1189 men
2162 1134 2466 1189 intellectus
2520 1143 2704 1191 noster
2727 1144 2810 1192 est
2837 1139 2956 1192 sine
3004 1138 3224 1193 nomine
3274 1147 3370 1193 aut
3402 1152 3564 1208 supra

2007 1236 2204 1278 nomen
2241 1238 2343 1281 nec
2377 1225 2633 1282 omnibus
2679 1226 3275 1299 incomprehensibilis,
3324 1228 3455 1285 licet
3509 1233 3575 1285 ad

2008 1314 2299 1386 imaginem
2356 1316 2447 1371 Dei
2483 1316 2614 1371 facti
2648 1317 2843 1383 simus,
2893 1321 3021 1389 quia
3056 1321 3199 1375 nulla
3224 1329 3309 1376 est
3337 1322 3576 1391 perfecte

2010 1405 2208 1460 similis
2260 1406 2464 1478 imago,
2520 1408 2626 1464 nisi
2693 1409 3069 1464 consimillima
3126 1412 3303 1479 imago
3375 1410 3575 1476 Patris,

2009 1511 2204 1567 nempe
2276 1497 2450 1554 Filius
2542 1500 2635 1556 Dei
2702 1502 3038 1572 unigenitus.
3115 1503 3246 1557 Item
3314 1503 3557 1575 Spiritus

2010 1587 2106 1643 Dei
2168 1596 2353 1645 tantus
2397 1600 2490 1662 est
2533 1598 2774 1661 quantus
2828 1592 3008 1656 Pater,
3068 1602 3123 1647 et
3176 1594 3297 1648 ideo
3344 1595 3580 1665 perfecte

2009 1679 2224 1733 easdem
2266 1678 2426 1733 habet
2468 1683 2834 1750 operationes,
2868 1698 2970 1738 nec
3001 1684 3114 1754 ipse
3145 1693 3351 1751 tamen,
3399 1693 3459 1737 ut
3500 1685 3583 1739 illi

2013 1766 2161 1835 impii
2196 1777 2470 1834 asserunt,
2504 1777 2588 1823 est
2618 1771 2934 1841 huiusmodi
2967 1772 3233 1841 operatio,
3255 1774 3348 1829 sed
3378 1789 3578 1827 secun-

338 1862 436 1914 καὶ
487 1866 601 1921 τοῖς
655 1838 1006 1920 κοινωνοῦσιν
1055 1838 1281 1937 ἀμιγὴς.
1357 1866 1473 1920 Οὐκ
1524 1866 1815 1935 ἀνώνυμος
1860 1838 1904 1923 δλ

2013 1857 2142 1911 dum
2195 1857 2316 1913 illas
2355 1860 2641 1927 creaturis,
2694 1838 2868 1930 prout
2926 1838 3156 1933 singulis
3207 1865 3480 1933 congruit,
3523 1879 3583 1920 se

334 1954 486 2006 ἐστὶν
506 1955 535 2007 6
565 1955 838 2025 ἡμέτερος
871 1955 1019 2021 νοῦς,
1070 1956 1180 2011 οὐδ’
1210 1956 1594 2026 ὖπερώνυμος,
1623 1957 1734 2011 οὐδ’
1773 1961 1907 2013 ἀπε-

337 2045 588 2117 ρινόητος
623 2049 739 2112 τοῖς
773 2049 961 2111 πᾶσιν,
1010 2049 1060 2102 εί
1100 2049 1199 2103 καὶ
1242 2049 1364 2103 κατ’
1393 2050 1584 2104 είκόνα
1624 2050 1718 2106 τοῦ
1770 2051 1908 2105 Θεοῦ

332 2137 665 2207 γεγόναμεν,
701 2137 821 2192 ἐπεὶ
853 2121 977 2210 μῖβ
1004 2140 1424 2209 ἀπαράλλακτός
1453 2143 1605 2196 ἐστιν
1645 2142 1837 2204 είκὼν,
1862 2144 1895 2211 ἢ

336 2228 527 2297 μέντοι
565 2227 660 2282 τοῦ
694 2229 909 2302 Πατρδς
943 2232 1364 2299 ἀπαράλλακτος
1391 2232 1559 2287 είκὼν
1587 2236 1615 2288 6
1644 2232 1740 2288 τοῦ
1767 2234 1906 2288 Θεοῦ

337 2319 639 2389 μονογενὴς
672 2320 825 2386 Υἱός.
883 2321 973 2386 Ὠς
1016 2323 1065 2376 δ’
1094 2322 1278 2388 αὕτως
1308 2326 1402 2379 καὶ
1438 2324 1501 2378 τὸ
1546 2324 1776 2395 Πνεῦμα
1811 2325 1906 2378 τοῦ

331 2410 472 2463 Θεοῦ
507 2412 670 2465 πάνθ’
714 2413 814 2467 ὅσα
852 2414 880 2466 6
933 2415 1124 2487 Πατήρ
1154 2431 1169 2448 ·
1217 2415 1414 2471 οὐκοῦν
1455 2418 1552 2472 καὶ
1603 2417 1700 2479 τάς
1738 2418 1907 2481 αὑτὰς

334 2504 778 2572 ἀπαραλλάκτως
803 2504 917 2574 ἔχει
952 2506 1259 2575 ἐνεργείας.
1302 2507 1443 2562 Ἀλλ’
1481 2508 1584 2564 οὐκ
1618 2508 1804 2575 αύτδ’,
1830 2507 1907 2571 ὡς

331 2600 360 2650 6
392 2598 501 2651 τῶν
524 2600 881 2670 κακοφρόνων
916 2601 1126 2656 τούτων
1158 2601 1342 2669 λόγος.
1376 2601 1606 2673 τοιαύτη
1650 2603 1906 2673 ἐνέργειά

332 2690 477 2752 ἐστι,
504 2690 641 2745 ἀλλὰ
669 2691 793 2745 κατ’
825 2690 994 2754 αὐτὰς
1036 2692 1132 2746 καὶ
1161 2686 1319 2756 οὗτος
1360 2692 1645 2760 ἀναλόγως
1691 2693 1907 2761 ἑκάστῳ

330 2781 444 2833 τῶν
470 2782 639 2836 ὄντων
664 2785 1029 2853 μετεχόμενος
1048 2786 1167 2838 κατ’
1184 2785 1376 2839 οὐσίαν
1399 2784 1706 2854 άμέθεκτός
1732 2786 1902 2839 ἔστιν.

332 2872 394 2925 Ε³
440 2871 549 2939 γὰρ
578 2874 607 2926 6
634 2873 974 2943 ἀνθρώπινος
1008 2873 1133 2937 νοῦς
1158 2874 1300 2929 κατὰ
1334 2875 1423 2929 τὸν
1455 2876 1722 2947 θεηγόρον
1749 2876 1902 2929 Νύσ-

334 2981 436 3030 σης
459 2964 625 3033 φάναι
662 2965 966 3036 Γρηγόριον
999 2967 1087 3022 διὰ
1114 2967 1325 3022 πολλῶν
1353 2967 1675 3039 ἐπιστημῶν
1716 2985 1775 3021 τε
1810 2970 1905 3021 καὶ

332 3056 789 3126 ἐπιτηδευμάτων
818 3060 908 3111 καὶ
935 3058 1219 3129 ὀνομάτων
1255 3060 1367 3115 τῶν
1396 3062 1526 3129 περὶ
1554 3059 1723 3143 αύτὴν
1753 3061 1905 3129 λεγο-

338 3148 516 3213 μένων
545 3148 699 3202 οὐδὲν
727 3149 808 3209 είς
839 3149 943 3219 τὴν
968 3150 1250 3220 ἁπλότητα
1277 3151 1749 3218 παραδλάπτεται.
1784 3153 1898 3214 πῶς
1923 3169 1969 3232 c

334 3237 403 3291 ἄν
424 3255 509 3301 τις
553 3238 769 3308 οίηθείη
801 3239 892 3293 τὸν
916 3239 1073 3301 Θεὸν,
1108 3242 1156 3294 εί
1198 3242 1361 3309 σοφὸς
1415 3243 1510 3295 καὶ
1552 3241 1760 3304 δίκαιος
1806 3244 1902 3297 καὶ

334 3329 543 3389 ἀγαθὸς
573 3330 669 3384 καὶ
702 3332 876 3394 ἀΐδιος
905 3330 1002 3387 καὶ
1032 3332 1211 3387 πάντα
1236 3332 1306 3385 τὰ
1338 3332 1617 3403 θεοπρεπῆ
1656 3331 1902 3386 καλεῖται

335 3419 601 3487 ὀνόματα,
633 3422 683 3474 εί
725 3420 799 3488 μὴ
842 3421 939 3491 μία
989 3423 1123 3476 πᾶσι
1168 3421 1450 3492 νομισθείη
1490 3425 1602 3485 τοῖς
1650 3423 1900 3489 ὀνόμασο,

342 3510 374 3579 ἢ
404 3511 693 3582 πολυμερῆ
725 3511 974 3581 γίνεσθαι
998 3513 1032 3583 ἢ
1069 3516 1134 3566 ἐκ
1165 3514 1454 3583 μετουσίας
1491 3514 1694 3567 τούτων
1720 3514 1781 3566 τὸ
1812 3514 1903 3566 τέ·

338 3601 483 3655 λειον
509 3602 659 3672 αύτῷ
693 3603 1037 3675 συναγείρειν
1089 3603 1187 3673 τῆς
1239 3602 1493 3670 cmineum
1543 3604 1602 3657 Ὀ
1653 3603 1817 3665 αὐτὸς
1849 3602 1906 3655 δὲ

340 3695 438 3745 καὶ
493 3694 691 3762 μικρδν
714 3694 911 3749 ἔπειτα
942 3694 1037 3747 τοῦ
1067 3694 1227 3762 λόγου
1258 3694 1488 3765 προῖὼν,
1556 3711 1577 3749 ε
1607 3695 1793 3750 Πάντα
1826 3694 1905 3757 δὲ,

340 3786 497 3852 φησ”.
528 3785 594 3837 τὰ
619 3785 885 3854 ὀνόματα,
915 3778 990 3840 ῶν
1017 3787 1051 3855 ἠ
1082 3785 1327 3856 σημασία
1352 3786 1555 3850 θέσεὼς
1584 3785 1730 3849 τινός
1758 3787 1907 3839 ἐστιν

341 3874 652 3945 ἐνδεικτικὴ
691 3875 787 3929 καὶ
825 3875 1135 3946 ὑπάρξεως,
1167 3876 1267 3929 οὐκ
1301 3878 1472 3944 αὐτῆς
1498 3877 1598 3946 τῆς
1624 3877 1776 3936 θείας
1808 3878 1910 3941 φύ-

339 3983 500 4030 σεως,
529 3968 665 4023 άλλά
689 3968 800 4021 τῶν
843 3970 967 4037 περὶ
999 3970 1170 4040 αὐτὴν
1201 3968 1445 4031 εὐσεϐῶς
1477 3969 1787 4038 νοουμένων
1809 3970 1909 4039 τὴν

339 4057 565 4122 ἔνδειξιν
596 4057 735 4130 ἔχει.
763 4078 782 4112 ι
816 4059 940 4124 Πῶς
974 4061 1083 4131 ἄρα
1129 4060 1563 4132 κοινωνή’σαιμεν
1592 4061 1659 4115 ἄν
1681 4064 1794 4121 τοῖς
1810 4079 1909 4115 κα-

343 4149 624 4219 κοσχὸλοις
663 4151 897 4214 τούτοις,
940 4153 1135 4205 κτιστὰ
1164 4150 1425 4222 φρονοῦσι
1464 4151 1556 4204 καὶ
1593 4151 1910 4206 διδάσκουσι

341 4245 529 4293 πάντα
557 4241 627 4294 τὰ
662 4241 793 4313 περὶ
827 4241 981 4305 Θεὸν,
1016 4244 1111 4297 καὶ
1159 4245 1262 4305 τὰς
1298 4242 1587 4306 άκτίστους
1629 4247 1723 4295 καὶ
1761 4242 1911 4306 θείας
1948 4256 1963 4273 ε’

341 4331 629 4403 ἐνεργείας
662 4333 723 4385 οὐ
756 4333 941 4397 κοινὰς
972 4329 1112 4386 εἶναι
1162 4335 1272 4396 τοῖς
1309 4334 1458 4403 τρισὶ
1506 4333 1910 4403 προσκυνητοῖς

342 4420 657 4486 προσώποις
706 4422 783 4484 ὡς
812 4421 1195 4495 θεωρουμένας
1228 4424 1357 4494 περὶ
1398 4422 1498 4493 τὴν
1534 4423 1744 4488 οὐσίαν,
1778 4423 1912 4477 ἀλλὰ

2010 1947 2450 2015 communicans,
2484 1950 2782 2006 secundum
2817 1953 3108 2007 essentiam
3141 1954 3579 2009 incommunica-

2010 2038 2138 2093 bilis
2163 2048 2268 2095 est.
2295 2038 2355 2094 Si
2384 2043 2528 2096 enim
2559 2042 2871 2100 intellectus
2900 2044 3193 2109 humanus,
3230 2052 3382 2117 juxta
3422 2048 3576 2100 tlicu-

2007 2127 2190 2198 logum
2236 2127 2424 2199 Nyssa:
2450 2130 2814 2200 ‘Gregorium,
2863 2134 2994 2190 licet
3046 2136 3231 2191 multis
3278 2137 3581 2207 applicetur

2006 2221 2203 2277 studiis
2225 2230 2278 2277 et
2302 2232 2649 2291 nuncupetur
2684 2225 3022 2290 nominibus,
3059 2229 3267 2283 nullum
3307 2231 3578 2300 simplici,-

2008 2313 2136 2368 tatis
2172 2314 2386 2382 patitur
2426 2314 2849 2372 detrimentum:
2905 2318 3030 2387 quis
3085 2319 3251 2373 Deum
3285 2322 3578 2388 putauerit,

2004 2420 2129 2461 eum
2181 2406 2417 2476 sapiens,
2438 2407 2643 2478 justus,
2672 2407 2873 2477 bonus,
2906 2419 3144 2466 a-teruus
3175 2422 3230 2466 et
3258 2412 3384 2468 aliis
3413 2415 3583 2466 ιιοηιὶ.

2006 2498 2167 2553 nibus
2199 2499 2309 2553 Deo
2332 2500 2595 2570 congruis
2629 2502 3006 2573 vocatur(nisi
3030 2520 3137 2557 una
3170 2505 3383 2560 cunctis
3407 2506 3584 2559 nomi-

2005 2589 2167 2644 nibus
2194 2589 2522 2646 attribuatur
2542 2591 2919 2663 siguillcatio),
2953 2595 3035 2649 vel
3069 2596 3421 2664 multiplicem
3462 2597 3578 2650 fieri

2007 2682 2087 2736 vel
2122 2696 2186 2735 ex
2211 2694 2402 2735 eorum
2425 2685 2704 2739 consortio
2730 2684 2783 2740 in
2808 2693 3018 2740 natura:
3051 2687 3440 2755 perfectionem
3490 2704 3585 2743 ex-

2006 2771 2301 2824 rrescere?
2331 2770 2475 2826 Idem
2510 2773 2673 2842 paulo
2706 2783 2828 2844 post
2855 2775 2909 2828 in
2944 2777 3133 2831 eadem
3168 2792 3424 2833 sermone
3450 2778 3582 2833 sub-

2002 2858 2108 2912 dit:
2175 2879 2194 2912 ι
2233 2860 2429 2917 Omnia
2489 2865 2708 2920 nomina
2763 2866 3159 2923 deiﬁcationem
3210 2869 3447 2939 aliquam
3530 2878 3586 2925 et

2004 2952 2376 3008 exsistentiam
2426 2954 2747 3022 indicantia,
2804 2973 2913 3014 non
2969 2944 3142 3030 ipsam
3192 2961 3432 3016 divinam
3491 2977 3585 3017 ua-

2001 3050 2203 3107 tursm,
2225 3044 2321 3098 sed
2345 3060 2464 3115 qua:
2486 3046 2634 3102 circa
2652 3062 2771 3103 eam
2793 3049 2877 3119 pie
2894 3052 3221 3120 cogitantur,
3243 3052 3523 3122 designant
3558 3071 3580 3107 ι

2002 3132 2281 3199 Quomodo
2311 3135 2477 3205 igitur
2533 3139 2932 3195 consentiamus
2975 3140 3240 3209 improbis
3288 3134 3437 3206 istis,
3486 3141 3583 3211 qui

2004 3233 2271 3294 putantac
2299 3230 2493 3282 docent
2519 3229 2704 3284 omnia
2728 3222 2795 3284 de
2822 3230 2943 3285 Deo.
2962 3232 3105 3285 dicta
3139 3247 3271 3288 esse
3289 3244 3496 3297 creata,
3520 3245 3590 3287 et.

2004 3315 2279 3371 increatas
2312 3315 2641 3388 divinasque
2670 3321 3025 3391 operationes
3046 3338 3153 3376 non
3180 3339 3304 3378 esse
3333 3338 3583 3378 commu-

2005 3423 2103 3461 nes
2153 3408 2327 3465 tribus
2378 3409 2677 3467 adorandis
2724 3413 2981 3482 personis
3018 3423 3204 3482 utpote
3240 3416 3292 3469 in
3339 3418 3593 3472 essentia.

2005 3500 2401 3567 consideratus,
2433 3504 2526 3559 sed
2552 3520 2674 3561 esse
2706 3505 2906 3561 Filium
2939 3516 2993 3562 et
3018 3506 3277 3578 Spiritum
3303 3510 3582 3565 sanctum?

2007 3591 2330 3663 Quanquam
2364 3596 2508 3652 idem
2540 3596 2850 3670 theologus,
2896 3600 2955 3657 in
2993 3602 3183 3657 eodem
3217 3604 3457 3656 secundo
3484 3601 3582 3657 ad-

2005 3703 2198 3743 versus
2229 3688 2555 3747 Eunomium
2607 3708 2885 3760 sermone,
2938 3694 3072 3749 dicit
3104 3710 3118 3747 :
3159 3712 3177 3746 ι
3212 3692 3583 3763 Quodcunque

2007 3776 2074 3832 de
2103 3781 2211 3835 Deo
2246 3782 2540 3851 cogitatur,
2575 3783 2680 3839 hoc
2720 3794 2850 3839 ante
2898 3784 3087 3839 muutli
3130 3785 3577 3839 constitutionem

2008 3870 2157 3936 eratf;
2197 3872 2291 3925 sed
2340 3875 2614 3929 nominari
2655 3876 2858 3932 dicitur
2916 3888 3038 3944 post
3081 3879 3415 3933 creationem
3465 3877 3584 3945 ejus

2008 3961 2098 4028 qui
2139 3961 2404 4020 nominat.
2449 3982 2468 4015 ι
2502 3966 2567 4019 Ει
2597 3967 2817 4034 «ιιιίιίῖιιη
2847 3967 3039 4022 Filium
3070 3978 3123 4021 et
3163 3967 3428 4036 Spiritum
3482 3967 3587 4023 Dei

2012 4069 2121 4109 non
2151 4067 2273 4108 esse
2307 4055 2510 4109 donum
2538 4065 2594 4111 et
2628 4060 2860 4126 gratiam
2885 4068 2979 4113 aut
3012 4060 3173 4114 aliam
3204 4061 3377 4124 talem,
3398 4074 3589 4115 essen-7

2011 4144 2100 4197 ti-e
2135 4143 2526 4210 operationem,
2560 4147 2800 4201 ostendit
2826 4148 2915 4202 ille
2944 4150 3036 4218 qui
3070 4148 3392 4205 Trinitatem
3428 4163 3593 4211 rural.

2011 4236 2234 4306 optimm
2265 4251 2380 4291 sua:
2410 4236 2761 4306 interpretem
2791 4240 3150 4309 providentia:
3174 4279 3190 4305 ,
3235 4257 3299 4296 ac
3328 4242 3487 4298 docet
3517 4246 3583 4297 ad

2012 4342 2132 4381 eam
2174 4327 2429 4394 precibus
2457 4328 2826 4385 accedendum
2859 4333 3017 4389 nobis
3044 4342 3101 4388 et
3141 4334 3585 4404 appropinquan-

2015 4418 2167 4482 dmu,
2186 4418 2309 4488 quia
2336 4421 2389 4472 in
2410 4417 2520 4474 Deo
2546 4418 2956 4477 absconduntur
2978 4424 3186 4491 Optima
3210 4422 3414 4493 qumvis
3445 4424 3584 4478 bona

338 4511 431 4563 τεν
462 4511 589 4567 Υἱδν
616 4508 759 4570 εἶναι
792 4514 973 4568 καὶτὸ
1003 4514 1231 4584 Πνεῦμα
1266 4514 1328 4568 τὸ
1360 4516 1553 4583 ἆγιον;
1590 4516 1785 4569 Καίτοι
1813 4515 1908 4570 τοῦ

2013 4523 2179 4577 penes
2203 4509 2348 4565 illam
2374 4511 2688 4569 residentia.
2715 4512 2848 4580 Quis
2871 4515 3016 4570 enim
3042 4525 3220 4570 mente
3247 4530 3414 4570 sanus
3442 4516 3586 4570 dicat

341 4602 513 4656 αὐτοῦ
547 4603 920 4677 θωρῤήμονος
942 4607 1000 4659 ἐν
1027 4605 1107 4676 τῷ
1137 4604 1289 4675 αὑτῷ
1322 4605 1457 4676 πρὸς
1488 4604 1755 4674 Εὐνόμιον
1793 4606 1914 4660 δευ-

339 4695 486 4766 τέρῳ
512 4695 656 4766 λόγῳ
683 4696 1008 4766 φάσκοντος,
1041 4716 1060 4751 ι
1083 4699 1199 4753 Πᾶν
1237 4698 1264 4751 6
1286 4698 1339 4752 τί
1370 4696 1476 4765 πέρ
1501 4697 1617 4750 ἐστι
1655 4698 1785 4767 περὶ
1820 4697 1912 4751 τὸν

338 4787 478 4841 Θεὸν
516 4789 831 4858 νοούμενον,
883 4790 1044 4842 τοῦτο
1073 4790 1177 4858 πρὸ
1210 4790 1312 4855 τῆς
1340 4787 1437 4842 τοῦ
1479 4788 1685 4857 κόσμου
1713 4789 1911 4843 συστάο

341 4894 482 4940 σεως
510 4873 620 4949 ἦν’
673 4877 793 4932 ἀλλ’
820 4878 1188 4948 ὀνομάζεσθαι
1226 4878 1387 4934 τοῦτό
1432 4896 1615 4949 φαμεν
1670 4878 1811 4948 μετὰ
1853 4879 1913 4932 τὸ

337 4968 597 5036 γενέσθαι
618 4969 709 5024 τὸν
738 4971 1091 5041 ὀνομάζοντα.
1130 4990 1150 5023 ε
1178 4973 1288 5025 Καὶ
1319 4970 1419 5042 μὲν
1447 4971 1512 5040 δὴ
1540 4970 1614 5032 ὡς
1646 4970 1674 5022 6
1699 4968 1826 5032 Υἱός
1848 4986 1908 5022 τε

339 5058 524 5110 καὶτὸ
555 5058 781 5130 Πνεῦμα
818 5061 913 5115 τοῦ
972 5060 1107 5113 Θεοῦ
1134 5059 1312 5131 δωρεά
1355 5077 1415 5120 τε
1453 5060 1550 5112 καὶ
1598 5059 1777 5129 χάρις,
1816 5058 1911 5112 καὶ

336 5146 563 5218 τοιαύτη
598 5150 850 5222 ἐνέργεια
878 5152 1003 5205 κατ’
1027 5150 1219 5205 οὐσίαν
1248 5150 1449 5221 ἥκιστά
1472 5152 1608 5212 ἐστι,
1639 5150 1912 5202 δείκνυσιν

334 5240 367 5293 6
404 5239 503 5309 τὴν
538 5243 942 5314 ὲκφαντορικὴν
969 5243 1083 5297 τῶν
1121 5243 1258 5296 ὅλων
1301 5242 1502 5308 ἑαυτῆς
1541 5239 1911 5305 άγαθωτάτων

2017 4598 2109 4653 Dei
2140 4602 2535 4669 providentiam
2577 4619 2699 4662 esse
2730 4606 2900 4676 ipsius
2931 4609 3253 4667 essentiam.
3312 4617 3409 4662 aut
3462 4622 3589 4662 esse

2012 4702 2273 4757 creatam,
2287 4694 2539 4761 quianon
2555 4706 2634 4751 est
2651 4700 2923 4754 essentia?
2956 4699 3087 4767 Quis
3109 4700 3425 4755 excellentia
3447 4701 3587 4756 bona

2014 4784 2068 4840 lu
2094 4787 2535 4852 superexcelleuti
2571 4789 2838 4846 Trinitate
2891 4767 3243 4851 itnniancutia
3310 4792 3591 4845 existimet

2012 4889 2135 4928 esse
2168 4872 2361 4930 Filium
2405 4886 2497 4931 aut.
2543 4876 2801 4949 Spiritum
2848 4879 3157 4935 Patris‘lvcl
3184 4880 3308 4948 quis
3340 4880 3426 4939 illa
3450 4882 3591 4934 inter

2013 4974 2294 5023 creaturas
2328 4969 2589 5034 ascribat,
2619 4971 2747 5036 quia
2795 4970 3036 5031 Filjuset
3057 4970 3292 5040 Spiritus
3321 4969 3494 5024 Patris
3523 4989 3586 5023 ea

2014 5061 2427 5127 supergreditur
2460 5061 2604 5115 haud
2666 5077 2827 5117 secus
2856 5077 2919 5115 ac
2954 5061 3137 5122 l’ater,
3174 5072 3362 5128 utpote
3421 5077 3587 5120 Qillllt‘.

2017 5163 2213 5202 nomen
2274 5163 2603 5218 omnemque
2666 5165 2933 5219 superans
2963 5150 3471 5219 participationem,
3500 5162 3584 5204 at-

2015 5255 2122 5309 que
2137 5241 2291 5298 dator
2304 5250 2357 5294 et
2373 5241 2493 5301 lous
2518 5218 3014 5311 supernaturalium
3040 5218 3255 5300 illorum
3275 5244 3542 5303 duum-nm
3563 5244 3590 5297 2

338 5337 612 5409 προνοιῶν
661 5334 1090 5406 ἐπικαλούμενος
1130 5334 1358 5403 Τριάδα,
1402 5334 1497 5386 καὶ
1535 5330 1733 5400 χρῆναι
1771 5330 2041 5385 διδάσκων
2072 5333 2223 5402 ἡμᾶς
2251 5334 2370 5394 ταῖς
2410 5333 2593 5403 εὐχαῖς
2659 5333 2796 5403 αὐτῇ
2850 5334 3229 5403 προσάγεσθαι
3299 5336 3398 5387 καὶ
3456 5336 3587 5397 πλη.

339 5435 577 5499 σιάξειν,
628 5433 704 5496 ὡς
734 5434 793 5485 ἐν
817 5431 995 5500 τούτῳ
1031 5430 1281 5500 μυεῖσθαι
1309 5428 1380 5481 τά
1418 5427 1713 5493 πανάγαθα
1758 5427 1907 5496 δῶρα
1943 5425 2013 5480 τὰ
2045 5428 2172 5496 περὶ
2200 5427 2369 5496 αὐτὴν
2398 5426 2684 5497 ἱδρυμένα.
2714 5427 2809 5489 Τίς
2835 5428 2949 5498 γὰρ
2980 5429 3043 5481 ἂν
3104 5428 3214 5481 τῶν
3277 5428 3403 5505 νοῦν
3439 5429 3587 5496 ext»-

334 5544 447 5583 των
484 5525 675 5579 οὐσίαν
713 5522 1023 5594 ἀμέθεκτον
1062 5521 1198 5591 φαίη
1242 5518 1336 5572 τοῦ
1376 5518 1514 5571 Θεοῦ
1593 5517 1692 5588 τὴν
1742 5518 1955 5571 ἐκείνου
2032 5518 2313 5587 πρόνοιαν,
2345 5519 2379 5588 ἢ
2426 5517 2670 5587 κτιστὴν,
2702 5519 2783 5572 ὅτι
2813 5521 2887 5589 μὴ
2925 5521 3079 5575 οὐσία
3104 5537 3121 5585 ;
3151 5520 3247 5581 Τίς
3277 5519 3332 5570 δὲ
3365 5519 3432 5570 τὰ
3461 5523 3589 5590 περ,

335 5626 439 5696 τὴν
473 5623 825 5692 ύπεράγαθον
864 5619 1072 5691 Τριάδα
1112 5616 1408 5686 πανάγαθα
1447 5615 1597 5684 δῶρα
1644 5613 1910 5685 ἱδρυμένα
1943 5614 2036 5666 τὸν
2067 5614 2192 5666 Υίὸν
2226 5609 2367 5666 εἶναι
2400 5612 2646 5678 δοξάσειε
2667 5615 2763 5667 καὶ
2788 5615 2848 5667 τὸ
2881 5616 3105 5683 Πνεῦμα
3162 5614 3257 5678 τοῦ
3327 5614 3582 5687 Πατρίςς

339 5718 409 5769 "ll
449 5715 531 5777 τίς
558 5714 733 5768 ταῦτα
780 5713 892 5775 τοῖς
939 5711 1237 5779 κτίσμασιν
1281 5706 1572 5776 ὲναρίθμια
1608 5706 1908 5774 ποιὴσ·ιεν,
1949 5706 2030 5758 ὄτι
2077 5704 2282 5757 τούτων
2315 5705 2342 5755 6
2381 5704 2511 5768 Υἱός
2562 5721 2620 5757 τε
2653 5708 2748 5758 καὶ
2795 5705 2856 5759 τὸ
2923 5706 3144 5773 Πνεῦμα
3200 5704 3295 5757 τοῦ
3371 5704 3585 5777 Πατρδς

340 5806 687 5872 ὑπέρκειται,
715 5799 859 5857 καθὰ
880 5807 976 5854 καὶ⁵
1013 5801 1042 5853 ὁ
1072 5799 1280 5871 Πατὴρ,
1314 5798 1387 5862 ὡς
1421 5797 1559 5866 ὑπὲρ
1602 5797 1710 5858 πᾶν
1738 5795 1907 5870 ὄνομα
1952 5796 2041 5847 καὶ
2067 5796 2248 5855 πᾶσαν
2281 5796 2538 5867 μετοχὴν,
2578 5798 2668 5848 καὶ
2694 5796 2764 5859 (τις
2797 5797 2960 5867 δοτὴρ
2992 5811 3049 5849 τε
3090 5796 3181 5855 καὶ
3240 5795 3407 5867 αἴτιος
3475 5800 3597 5862 ’τᾶ-,γι

345 5896 643 5970 ὑπερφυῶν
668 5898 872 5950 τούτων
909 5894 1127 5967 δωρεῶν
1159 5911 1177 5963 ί
