  <div class='ocr_page' id='page_1' title='image "/cluster/home/n/w/nwhite01/storage/ocr_20150623/150/mdp.39015078384743/483.png"; bbox 0 0 4108 6316; ppageno 0'>
   <div class='ocr_carea' id='block_1_1' title="bbox 552 369 654 439">
    <p class='ocr_par' dir='ltr' id='par_1_1' title="bbox 552 369 654 439">
     <span class='ocr_line' id='line_1_1' title="bbox 552 369 654 439; baseline -0.049 -2"><span class='ocrx_word' id='word_1_1' title='bbox 552 369 654 439; x_wconf 72' lang='lat'><strong>951</strong></span> 
     </span>
    </p>
   </div>
   <div class='ocr_carea' id='block_1_2' title="bbox 1791 370 2524 432">
    <p class='ocr_par' dir='ltr' id='par_1_2' title="bbox 1791 370 2524 432">
     <span class='ocr_line' id='line_1_2' title="bbox 1791 370 2524 432; baseline 0.008 -6"><span class='ocrx_word' id='word_1_2' title='bbox 1791 372 1833 426; x_wconf 75' lang='lat' dir='ltr'>ﬂ</span> <span class='ocrx_word' id='word_1_3' title='bbox 1852 370 2166 430; x_wconf 75' lang='lat' dir='ltr'><strong>REGOllll</strong></span> <span class='ocrx_word' id='word_1_4' title='bbox 2210 372 2292 428; x_wconf 70' lang='lat' dir='ltr'><strong>PA</strong></span> <span class='ocrx_word' id='word_1_5' title='bbox 2309 374 2390 430; x_wconf 72' lang='lat' dir='ltr'><strong>l..=\</strong></span> <span class='ocrx_word' id='word_1_6' title='bbox 2405 375 2524 432; x_wconf 58' lang='lat' dir='ltr'><strong>illi</strong></span> 
     </span>
    </p>
   </div>
   <div class='ocr_carea' id='block_1_3' title="bbox 3729 357 3856 423">
    <p class='ocr_par' dir='ltr' id='par_1_3' title="bbox 3729 357 3856 423">
     <span class='ocr_line' id='line_1_3' title="bbox 3729 357 3856 423; baseline -0.039 -1"><span class='ocrx_word' id='word_1_7' title='bbox 3729 357 3856 423; x_wconf 57' lang='grc'><strong>952</strong></span> 
     </span>
    </p>
   </div>
   <div class='ocr_carea' id='block_1_4' title="bbox 539 472 2123 554">
    <p class='ocr_par' dir='ltr' id='par_1_4' title="bbox 539 472 2116 551">
     <span class='ocr_line' id='line_1_4' title="bbox 539 472 2116 551; baseline -0.001 -15"><span class='ocrx_word' id='word_1_8' title='bbox 539 472 542 476; x_wconf 63' lang='grc'><em>’</em></span> <span class='ocrx_word' id='word_1_9' title='bbox 625 482 806 536; x_wconf 72' lang='grc' dir='ltr'>ΤΙιροτ.</span> <span class='ocrx_word' id='word_1_10' title='bbox 851 481 961 537; x_wconf 90' lang='lat' dir='ltr'><strong>lloc</strong></span> <span class='ocrx_word' id='word_1_11' title='bbox 1010 481 1172 551; x_wconf 78' lang='lat' dir='ltr'><strong>igitur</strong></span> <span class='ocrx_word' id='word_1_12' title='bbox 1207 481 1388 546; x_wconf 85' lang='lat' dir='ltr'><strong>modo,</strong></span> <span class='ocrx_word' id='word_1_13' title='bbox 1425 496 1456 533; x_wconf 91' lang='lat'><strong>0</strong></span> <span class='ocrx_word' id='word_1_14' title='bbox 1490 481 1708 550; x_wconf 89' lang='lat' dir='ltr'><strong>sapiens</strong></span> <span class='ocrx_word' id='word_1_15' title='bbox 1737 473 2116 550; x_wconf 82' lang='lat' dir='ltr'><strong>Theophanes,</strong></span> 
     </span>
    </p>
   </div>
   <div class='ocr_carea' id='block_1_5' title="bbox 2229 472 3852 554">
    <p class='ocr_par' dir='ltr' id='par_1_5' title="bbox 2299 480 3852 554">
     <span class='ocr_line' id='line_1_5' title="bbox 2299 480 3852 554; baseline -0.007 -18"><span class='ocrx_word' id='word_1_16' title='bbox 2299 485 2463 539; x_wconf 83' lang='grc' dir='ltr'>Θεότ.</span> <span class='ocrx_word' id='word_1_17' title='bbox 2495 483 2695 536; x_wconf 80' lang='grc' dir='ltr'>Τοῦτον</span> <span class='ocrx_word' id='word_1_18' title='bbox 2727 485 2833 554; x_wconf 84' lang='grc' dir='ltr'>ἄρα</span> <span class='ocrx_word' id='word_1_19' title='bbox 2874 484 2963 535; x_wconf 69' lang='grc' dir='ltr'>τὸν</span> <span class='ocrx_word' id='word_1_20' title='bbox 2990 481 3213 550; x_wconf 83' lang='grc' dir='ltr'>τρόπον,</span> <span class='ocrx_word' id='word_1_21' title='bbox 3241 497 3284 532; x_wconf 90' lang='grc' dir='ltr'><strong>ω</strong></span> <span class='ocrx_word' id='word_1_22' title='bbox 3317 480 3446 547; x_wconf 50' lang='lat' dir='ltr'><strong>auge</strong></span> <span class='ocrx_word' id='word_1_23' title='bbox 3496 480 3852 544; x_wconf 63' lang='grc' dir='ltr'>Θεὸςρανες,</span> 
     </span>
    </p>
   </div>
   <div class='ocr_carea' id='block_1_6' title="bbox 556 571 2119 643">
    <p class='ocr_par' dir='ltr' id='par_1_6' title="bbox 556 571 2119 643">
     <span class='ocr_line' id='line_1_6' title="bbox 556 571 2119 643; baseline -0.001 -15"><span class='ocrx_word' id='word_1_24' title='bbox 556 577 750 631; x_wconf 80' lang='lat' dir='ltr'><strong>taciem</strong></span> <span class='ocrx_word' id='word_1_25' title='bbox 775 575 867 630; x_wconf 89' lang='lat' dir='ltr'><strong>Dei</strong></span> <span class='ocrx_word' id='word_1_26' title='bbox 882 575 1045 631; x_wconf 89' lang='lat' dir='ltr'><strong>etiam</strong></span> <span class='ocrx_word' id='word_1_27' title='bbox 1073 587 1214 630; x_wconf 91' lang='lat' dir='ltr'><strong>nunc</strong></span> <span class='ocrx_word' id='word_1_28' title='bbox 1232 589 1262 628; x_wconf 89' lang='lat' dir='ltr'><strong>a</strong></span> <span class='ocrx_word' id='word_1_29' title='bbox 1289 573 1464 643; x_wconf 74' lang='lat' dir='ltr'><strong>dignis</strong></span> <span class='ocrx_word' id='word_1_30' title='bbox 1487 571 1658 627; x_wconf 88' lang='lat' dir='ltr'><strong>videri</strong></span> <span class='ocrx_word' id='word_1_31' title='bbox 1681 572 1917 627; x_wconf 89' lang='lat' dir='ltr'><strong>declarat</strong></span> <span class='ocrx_word' id='word_1_32' title='bbox 1939 573 2119 627; x_wconf 83' lang='lat' dir='ltr'><strong>divina</strong></span> 
     </span>
    </p>
   </div>
   <div class='ocr_carea' id='block_1_7' title="bbox 555 664 2121 737">
    <p class='ocr_par' dir='ltr' id='par_1_7' title="bbox 555 664 2121 737">
     <span class='ocr_line' id='line_1_7' title="bbox 555 664 2121 737; baseline -0.001 -17"><span class='ocrx_word' id='word_1_33' title='bbox 555 668 881 737; x_wconf 74' lang='lat' dir='ltr'><strong>Scriptura:</strong></span> <span class='ocrx_word' id='word_1_34' title='bbox 930 687 947 720; x_wconf 84' lang='grc' dir='ltr'>ι</span> <span class='ocrx_word' id='word_1_35' title='bbox 1003 666 1192 734; x_wconf 80' lang='lat' dir='ltr'><strong>Augeli</strong></span> <span class='ocrx_word' id='word_1_36' title='bbox 1249 665 1397 720; x_wconf 89' lang='lat' dir='ltr'><strong>enim</strong></span> <span class='ocrx_word' id='word_1_37' title='bbox 1459 666 1633 720; x_wconf 78' lang='lat' dir='ltr'><strong>nostri</strong></span> <span class='ocrx_word' id='word_1_38' title='bbox 1683 664 1871 721; x_wconf 86' lang='lat' dir='ltr'><strong>vident</strong></span> <span class='ocrx_word' id='word_1_39' title='bbox 1929 666 2121 721; x_wconf 79' lang='lat' dir='ltr'><strong>facient</strong></span> 
     </span>
    </p>
   </div>
   <div class='ocr_carea' id='block_1_8' title="bbox 555 758 2124 830">
    <p class='ocr_par' dir='ltr' id='par_1_8' title="bbox 555 758 2124 830">
     <span class='ocr_line' id='line_1_8' title="bbox 555 758 2124 830; baseline -0.001 -14"><span class='ocrx_word' id='word_1_40' title='bbox 555 762 730 817; x_wconf 78' lang='lat' dir='ltr'><strong>Patris</strong></span> <span class='ocrx_word' id='word_1_41' title='bbox 762 760 1070 829; x_wconf 82' lang='lat' dir='ltr'><strong>nostri,&#39;qui</strong></span> <span class='ocrx_word' id='word_1_42' title='bbox 1102 760 1153 813; x_wconf 92' lang='lat' dir='ltr'><strong>in</strong></span> <span class='ocrx_word' id='word_1_43' title='bbox 1184 758 1338 814; x_wconf 71' lang='lat' dir='ltr'><strong>cmlis</strong></span> <span class='ocrx_word' id='word_1_44' title='bbox 1371 767 1453 814; x_wconf 88' lang='lat' dir='ltr'><strong>est</strong></span> <span class='ocrx_word' id='word_1_45' title='bbox 1479 758 1522 814; x_wconf 82' lang='grc'><strong>⁸.</strong></span> <span class='ocrx_word' id='word_1_46' title='bbox 1555 777 1574 810; x_wconf 75' lang='grc' dir='ltr'><strong>ι</strong></span> <span class='ocrx_word' id='word_1_47' title='bbox 1612 758 1866 814; x_wconf 85' lang='lat' dir='ltr'><strong>Eamdem</strong></span> <span class='ocrx_word' id='word_1_48' title='bbox 1894 761 2124 830; x_wconf 80' lang='lat' dir='ltr'><strong>gratiam</strong></span> 
     </span>
    </p>
   </div>
   <div class='ocr_carea' id='block_1_9' title="bbox 554 838 2117 922">
    <p class='ocr_par' dir='ltr' id='par_1_9' title="bbox 554 838 2117 922">
     <span class='ocr_line' id='line_1_9' title="bbox 554 838 2117 922; baseline 0.001 -18"><span class='ocrx_word' id='word_1_49' title='bbox 554 854 742 907; x_wconf 79' lang='lat' dir='ltr'><strong>habuit</strong></span> <span class='ocrx_word' id='word_1_50' title='bbox 775 853 1019 922; x_wconf 82' lang='lat' dir='ltr'><strong>Moyses;</strong></span> <span class='ocrx_word' id='word_1_51' title='bbox 1054 861 1106 906; x_wconf 91' lang='lat' dir='ltr'><strong>et</strong></span> <span class='ocrx_word' id='word_1_52' title='bbox 1136 861 1348 908; x_wconf 90' lang='lat' dir='ltr'><strong>nosmet</strong></span> <span class='ocrx_word' id='word_1_53' title='bbox 1379 852 1532 906; x_wconf 88' lang='lat' dir='ltr'><strong>illum</strong></span> <span class='ocrx_word' id='word_1_54' title='bbox 1573 853 1638 906; x_wconf 90' lang='lat' dir='ltr'><strong>ad</strong></span> <span class='ocrx_word' id='word_1_55' title='bbox 1675 852 1871 908; x_wconf 80' lang='lat' dir='ltr'><strong>faciem</strong></span> <span class='ocrx_word' id='word_1_56' title='bbox 1902 838 2117 908; x_wconf 81' lang='lat' dir='ltr'><strong>visurus</strong></span> 
     </span>
    </p>
   </div>
   <div class='ocr_carea' id='block_1_10' title="bbox 552 944 2126 1015">
    <p class='ocr_par' dir='ltr' id='par_1_10' title="bbox 552 944 2126 1015">
     <span class='ocr_line' id='line_1_10' title="bbox 552 944 2126 1015; baseline 0 -18"><span class='ocrx_word' id='word_1_57' title='bbox 552 945 928 1013; x_wconf 77' lang='lat' dir='ltr'><strong>promittitur;</strong></span> <span class='ocrx_word' id='word_1_58' title='bbox 977 945 1071 1001; x_wconf 90' lang='lat' dir='ltr'><strong>sed</strong></span> <span class='ocrx_word' id='word_1_59' title='bbox 1113 961 1259 999; x_wconf 90' lang='lat' dir='ltr'><strong>nunc</strong></span> <span class='ocrx_word' id='word_1_60' title='bbox 1291 953 1377 1000; x_wconf 88' lang='lat' dir='ltr'><strong>est</strong></span> <span class='ocrx_word' id='word_1_61' title='bbox 1416 959 1648 1015; x_wconf 86' lang='lat' dir='ltr'><strong>prorsus</strong></span> <span class='ocrx_word' id='word_1_62' title='bbox 1680 944 1974 999; x_wconf 70' lang='lat' dir='ltr'><strong>Invisibilis</strong></span> <span class='ocrx_word' id='word_1_63' title='bbox 2007 959 2126 999; x_wconf 86' lang='lat' dir='ltr'><strong>om-</strong></span> 
     </span>
    </p>
   </div>
   <div class='ocr_carea' id='block_1_11' title="bbox 552 1024 2122 1106">
    <p class='ocr_par' dir='ltr' id='par_1_11' title="bbox 552 1024 2122 1106">
     <span class='ocr_line' id='line_1_11' title="bbox 552 1024 2122 1106; baseline 0.001 -14"><span class='ocrx_word' id='word_1_64' title='bbox 552 1038 712 1098; x_wconf 80' lang='lat' dir='ltr'><strong>nibus</strong></span> <span class='ocrx_word' id='word_1_65' title='bbox 737 1046 790 1092; x_wconf 90' lang='lat' dir='ltr'><strong>et</strong></span> <span class='ocrx_word' id='word_1_66' title='bbox 811 1024 1025 1106; x_wconf 82' lang='lat' dir='ltr'><strong>semper</strong></span> <span class='ocrx_word' id='word_1_67' title='bbox 1051 1053 1068 1089; x_wconf 88' lang='lat'><strong>:</strong></span> <span class='ocrx_word' id='word_1_68' title='bbox 1100 1056 1118 1090; x_wconf 82' lang='grc' dir='ltr'>ι</span> <span class='ocrx_word' id='word_1_69' title='bbox 1149 1036 1320 1093; x_wconf 87' lang='lat' dir='ltr'><strong>Nemo</strong></span> <span class='ocrx_word' id='word_1_70' title='bbox 1347 1038 1518 1102; x_wconf 89' lang='lat' dir='ltr'><strong>enim,</strong></span> <span class='ocrx_word' id='word_1_71' title='bbox 1547 1055 1565 1090; x_wconf 73' lang='grc' dir='ltr'>ι</span> <span class='ocrx_word' id='word_1_72' title='bbox 1594 1039 1787 1093; x_wconf 85' lang='lat' dir='ltr'><strong>iterum</strong></span> <span class='ocrx_word' id='word_1_73' title='bbox 1820 1038 1953 1094; x_wconf 92' lang='lat' dir='ltr'><strong>dicit</strong></span> <span class='ocrx_word' id='word_1_74' title='bbox 1984 1039 2122 1094; x_wconf 88' lang='lat' dir='ltr'><strong>idem</strong></span> 
     </span>
    </p>
   </div>
   <div class='ocr_carea' id='block_1_12' title="bbox 548 1129 2124 1202">
    <p class='ocr_par' dir='ltr' id='par_1_12' title="bbox 548 1129 2124 1202">
     <span class='ocr_line' id='line_1_12' title="bbox 548 1129 2124 1202; baseline -0.003 -13"><span class='ocrx_word' id='word_1_75' title='bbox 548 1131 723 1188; x_wconf 71' lang='lat' dir='ltr'><strong>eidem</strong></span> <span class='ocrx_word' id='word_1_76' title='bbox 756 1129 926 1202; x_wconf 82' lang='lat' dir='ltr'><strong>Moysi</strong></span> <span class='ocrx_word' id='word_1_77' title='bbox 953 1129 1117 1197; x_wconf 87' lang='lat' dir='ltr'><strong>Deus,</strong></span> <span class='ocrx_word' id='word_1_78' title='bbox 1163 1149 1180 1184; x_wconf 83' lang='grc' dir='ltr'>ι</span> <span class='ocrx_word' id='word_1_79' title='bbox 1212 1129 1416 1186; x_wconf 82' lang='lat' dir='ltr'><strong>videbit</strong></span> <span class='ocrx_word' id='word_1_80' title='bbox 1463 1129 1657 1187; x_wconf 78' lang='lat' dir='ltr'><strong>faciem</strong></span> <span class='ocrx_word' id='word_1_81' title='bbox 1689 1145 1864 1186; x_wconf 86' lang='lat' dir='ltr'><strong>meam</strong></span> <span class='ocrx_word' id='word_1_82' title='bbox 1895 1173 1909 1198; x_wconf 92' lang='lat'><strong>,</strong></span> <span class='ocrx_word' id='word_1_83' title='bbox 1952 1139 2007 1186; x_wconf 91' lang='lat' dir='ltr'><strong>et</strong></span> <span class='ocrx_word' id='word_1_84' title='bbox 2040 1131 2124 1185; x_wconf 84' lang='lat' dir='ltr'><strong>vi-</strong></span> 
     </span>
    </p>
   </div>
   <div class='ocr_carea' id='block_1_13' title="bbox 549 1221 800 1278">
    <p class='ocr_par' dir='ltr' id='par_1_13' title="bbox 549 1221 800 1278">
     <span class='ocr_line' id='line_1_13' title="bbox 549 1221 800 1278; baseline -0.02 0"><span class='ocrx_word' id='word_1_85' title='bbox 549 1229 637 1278; x_wconf 85' lang='lat' dir='ltr'><strong>vet</strong></span> <span class='ocrx_word' id='word_1_86' title='bbox 670 1221 736 1275; x_wconf 79' lang='lat'><strong>&#39;°.</strong></span> <span class='ocrx_word' id='word_1_87' title='bbox 779 1240 800 1273; x_wconf 76' lang='grc' dir='ltr'><strong>ι</strong></span> 
     </span>
    </p>
   </div>
   <div class='ocr_carea' id='block_1_14' title="bbox 619 1384 2128 1470">
    <p class='ocr_par' dir='ltr' id='par_1_14' title="bbox 619 1384 2128 1470">
     <span class='ocr_line' id='line_1_14' title="bbox 619 1384 2128 1470; baseline -0.002 -16"><span class='ocrx_word' id='word_1_88' title='bbox 619 1400 842 1470; x_wconf 80' lang='lat' dir='ltr'><strong>Theoph.</strong></span> <span class='ocrx_word' id='word_1_89' title='bbox 884 1398 1001 1454; x_wconf 85' lang='lat' dir='ltr'><strong>Non</strong></span> <span class='ocrx_word' id='word_1_90' title='bbox 1033 1384 1318 1455; x_wconf 85' lang='lat' dir='ltr'><strong>dissonant</strong></span> <span class='ocrx_word' id='word_1_91' title='bbox 1352 1399 1495 1455; x_wconf 91' lang='lat' dir='ltr'><strong>lstud</strong></span> <span class='ocrx_word' id='word_1_92' title='bbox 1529 1416 1542 1452; x_wconf 90' lang='lat'><strong>:</strong></span> <span class='ocrx_word' id='word_1_93' title='bbox 1585 1417 1603 1450; x_wconf 84' lang='grc' dir='ltr'>ι</span> <span class='ocrx_word' id='word_1_94' title='bbox 1651 1399 1814 1454; x_wconf 88' lang='lat' dir='ltr'><strong>Deum</strong></span> <span class='ocrx_word' id='word_1_95' title='bbox 1853 1414 2011 1453; x_wconf 84' lang='lat' dir='ltr'><strong>nemo</strong></span> <span class='ocrx_word' id='word_1_96' title='bbox 2049 1397 2128 1451; x_wconf 85' lang='lat' dir='ltr'><strong>vi-</strong></span> 
     </span>
    </p>
   </div>
   <div class='ocr_carea' id='block_1_15' title="bbox 545 1489 2126 1559">
    <p class='ocr_par' dir='ltr' id='par_1_15' title="bbox 545 1489 2126 1559">
     <span class='ocr_line' id='line_1_15' title="bbox 545 1489 2126 1559; baseline -0.001 -13"><span class='ocrx_word' id='word_1_97' title='bbox 545 1493 622 1546; x_wconf 87' lang='lat' dir='ltr'><strong>dit</strong></span> <span class='ocrx_word' id='word_1_98' title='bbox 658 1507 899 1559; x_wconf 83' lang='lat' dir='ltr'><strong>unquam</strong></span> <span class='ocrx_word' id='word_1_99' title='bbox 941 1491 1018 1555; x_wconf 85' lang='lat'><strong>“;</strong></span> <span class='ocrx_word' id='word_1_100' title='bbox 1061 1510 1080 1544; x_wconf 72' lang='grc' dir='ltr'><strong>ι</strong></span> <span class='ocrx_word' id='word_1_101' title='bbox 1117 1501 1172 1546; x_wconf 87' lang='lat' dir='ltr'><strong>et</strong></span> <span class='ocrx_word' id='word_1_102' title='bbox 1212 1491 1355 1546; x_wconf 84' lang='lat' dir='ltr'><strong>istud</strong></span> <span class='ocrx_word' id='word_1_103' title='bbox 1391 1506 1408 1544; x_wconf 88' lang='lat'><strong>:</strong></span> <span class='ocrx_word' id='word_1_104' title='bbox 1462 1509 1480 1542; x_wconf 84' lang='grc' dir='ltr'>ι</span> <span class='ocrx_word' id='word_1_105' title='bbox 1523 1489 1710 1544; x_wconf 86' lang='lat' dir='ltr'><strong>Mundi</strong></span> <span class='ocrx_word' id='word_1_106' title='bbox 1756 1491 1920 1545; x_wconf 90' lang='lat' dir='ltr'><strong>corde</strong></span> <span class='ocrx_word' id='word_1_107' title='bbox 1957 1490 2126 1544; x_wconf 90' lang='lat' dir='ltr'><strong>Deum</strong></span> 
     </span>
    </p>
   </div>
   <div class='ocr_carea' id='block_1_16' title="bbox 545 1580 2126 1651">
    <p class='ocr_par' dir='ltr' id='par_1_16' title="bbox 545 1580 2126 1651">
     <span class='ocr_line' id='line_1_16' title="bbox 545 1580 2126 1651; baseline 0.001 -19"><span class='ocrx_word' id='word_1_108' title='bbox 545 1584 733 1638; x_wconf 80' lang='lat' dir='ltr'><strong>vident</strong></span> <span class='ocrx_word' id='word_1_109' title='bbox 765 1584 829 1644; x_wconf 81' lang='lat'><strong>&quot;,</strong></span> <span class='ocrx_word' id='word_1_110' title='bbox 873 1601 891 1633; x_wconf 71' lang='grc' dir='ltr'>ι</span> <span class='ocrx_word' id='word_1_111' title='bbox 924 1591 980 1634; x_wconf 80' lang='grc' dir='ltr'>ιιι</span> <span class='ocrx_word' id='word_1_112' title='bbox 1009 1583 1319 1651; x_wconf 82' lang='lat' dir='ltr'><strong>nnigenitus</strong></span> <span class='ocrx_word' id='word_1_113' title='bbox 1346 1581 1440 1636; x_wconf 89' lang='lat' dir='ltr'><strong>Dei</strong></span> <span class='ocrx_word' id='word_1_114' title='bbox 1469 1580 1636 1635; x_wconf 89' lang='lat' dir='ltr'><strong>Filius</strong></span> <span class='ocrx_word' id='word_1_115' title='bbox 1660 1581 1822 1636; x_wconf 89' lang='lat' dir='ltr'><strong>nobis</strong></span> <span class='ocrx_word' id='word_1_116' title='bbox 1847 1580 2126 1635; x_wconf 84' lang='lat' dir='ltr'><strong>revelavit.</strong></span> 
     </span>
    </p>
   </div>
   <div class='ocr_carea' id='block_1_17' title="bbox 546 1675 2128 1744">
    <p class='ocr_par' dir='ltr' id='par_1_17' title="bbox 546 1675 2128 1744">
     <span class='ocr_line' id='line_1_17' title="bbox 546 1675 2128 1744; baseline -0.004 -10"><span class='ocrx_word' id='word_1_117' title='bbox 546 1676 682 1734; x_wconf 69' lang='lat' dir='ltr'><strong>Nam</strong></span> <span class='ocrx_word' id='word_1_118' title='bbox 737 1675 826 1730; x_wconf 91' lang='lat' dir='ltr'><strong>ille</strong></span> <span class='ocrx_word' id='word_1_119' title='bbox 879 1676 1016 1744; x_wconf 87' lang='lat' dir='ltr'><strong>ipse,</strong></span> <span class='ocrx_word' id='word_1_120' title='bbox 1055 1675 1349 1731; x_wconf 84' lang='lat' dir='ltr'><strong>invisibilis</strong></span> <span class='ocrx_word' id='word_1_121' title='bbox 1397 1675 1658 1739; x_wconf 89' lang='lat' dir='ltr'><strong>essentia,</strong></span> <span class='ocrx_word' id='word_1_122' title='bbox 1708 1675 2026 1743; x_wconf 82' lang='lat' dir='ltr'><strong>operatione</strong></span> <span class='ocrx_word' id='word_1_123' title='bbox 2075 1681 2128 1729; x_wconf 88' lang='lat' dir='ltr'><strong>et</strong></span> 
     </span>
    </p>
   </div>
   <div class='ocr_carea' id='block_1_18' title="bbox 549 1764 2128 1836">
    <p class='ocr_par' dir='ltr' id='par_1_18' title="bbox 549 1764 2128 1836">
     <span class='ocr_line' id='line_1_18' title="bbox 549 1764 2128 1836; baseline -0.001 -14"><span class='ocrx_word' id='word_1_124' title='bbox 549 1769 723 1830; x_wconf 67' lang='lat' dir='ltr'><strong>gratia</strong></span> <span class='ocrx_word' id='word_1_125' title='bbox 751 1768 982 1822; x_wconf 78' lang='lat' dir='ltr'><strong>visibilis</strong></span> <span class='ocrx_word' id='word_1_126' title='bbox 1011 1775 1095 1822; x_wconf 91' lang='lat' dir='ltr'><strong>est</strong></span> <span class='ocrx_word' id='word_1_127' title='bbox 1130 1767 1197 1822; x_wconf 87' lang='lat' dir='ltr'><strong>iis</strong></span> <span class='ocrx_word' id='word_1_128' title='bbox 1244 1767 1334 1836; x_wconf 90' lang='lat' dir='ltr'><strong>qui</strong></span> <span class='ocrx_word' id='word_1_129' title='bbox 1387 1767 1494 1822; x_wconf 91' lang='lat' dir='ltr'><strong>Deo</strong></span> <span class='ocrx_word' id='word_1_130' title='bbox 1540 1765 1747 1821; x_wconf 87' lang='lat' dir='ltr'><strong>similes</strong></span> <span class='ocrx_word' id='word_1_131' title='bbox 1796 1764 1923 1820; x_wconf 90' lang='lat' dir='ltr'><strong>facti</strong></span> <span class='ocrx_word' id='word_1_132' title='bbox 1975 1774 2128 1821; x_wconf 90' lang='lat' dir='ltr'><strong>sunt.</strong></span> 
     </span>
    </p>
   </div>
   <div class='ocr_carea' id='block_1_19' title="bbox 548 1855 2125 1922">
    <p class='ocr_par' dir='ltr' id='par_1_19' title="bbox 548 1855 2125 1922">
     <span class='ocr_line' id='line_1_19' title="bbox 548 1855 2125 1922; baseline -0.003 -7"><span class='ocrx_word' id='word_1_133' title='bbox 548 1861 651 1916; x_wconf 74' lang='lat' dir='ltr'><strong>Sed</strong></span> <span class='ocrx_word' id='word_1_134' title='bbox 683 1861 738 1913; x_wconf 92' lang='lat' dir='ltr'><strong>in</strong></span> <span class='ocrx_word' id='word_1_135' title='bbox 774 1874 840 1914; x_wconf 91' lang='lat' dir='ltr'><strong>eo</strong></span> <span class='ocrx_word' id='word_1_136' title='bbox 873 1859 1088 1914; x_wconf 88' lang='lat' dir='ltr'><strong>visibile</strong></span> <span class='ocrx_word' id='word_1_137' title='bbox 1123 1874 1234 1912; x_wconf 90' lang='lat' dir='ltr'><strong>non</strong></span> <span class='ocrx_word' id='word_1_138' title='bbox 1282 1866 1364 1912; x_wconf 89' lang='lat' dir='ltr'><strong>est</strong></span> <span class='ocrx_word' id='word_1_139' title='bbox 1407 1856 1679 1912; x_wconf 84' lang='lat' dir='ltr'><strong>diversum</strong></span> <span class='ocrx_word' id='word_1_140' title='bbox 1709 1857 1778 1911; x_wconf 90' lang='lat' dir='ltr'><strong>ab</strong></span> <span class='ocrx_word' id='word_1_141' title='bbox 1828 1855 2087 1910; x_wconf 86' lang='lat' dir='ltr'><strong>invisibili</strong></span> <span class='ocrx_word' id='word_1_142' title='bbox 2111 1897 2125 1922; x_wconf 91' lang='lat'><strong>,</strong></span> 
     </span>
    </p>
   </div>
   <div class='ocr_carea' id='block_1_20' title="bbox 551 1947 2130 2018">
    <p class='ocr_par' dir='ltr' id='par_1_20' title="bbox 551 1947 2130 2018">
     <span class='ocr_line' id='line_1_20' title="bbox 551 1947 2130 2018; baseline 0 -15"><span class='ocrx_word' id='word_1_143' title='bbox 551 1965 649 2004; x_wconf 81' lang='lat' dir='ltr'><strong>nec</strong></span> <span class='ocrx_word' id='word_1_144' title='bbox 673 1959 756 2006; x_wconf 86' lang='lat' dir='ltr'><strong>est</strong></span> <span class='ocrx_word' id='word_1_145' title='bbox 789 1959 1060 2014; x_wconf 84' lang='lat' dir='ltr'><strong>creatum,</strong></span> <span class='ocrx_word' id='word_1_146' title='bbox 1094 1957 1151 2003; x_wconf 85' lang='grc' dir='ltr'>ιιι</span> <span class='ocrx_word' id='word_1_147' title='bbox 1178 1948 1423 2003; x_wconf 88' lang='lat' dir='ltr'><strong>Barlaam</strong></span> <span class='ocrx_word' id='word_1_148' title='bbox 1455 1959 1508 2004; x_wconf 90' lang='lat' dir='ltr'><strong>et</strong></span> <span class='ocrx_word' id='word_1_149' title='bbox 1537 1949 1859 2018; x_wconf 82' lang='lat' dir='ltr'><strong>Aeindynus</strong></span> <span class='ocrx_word' id='word_1_150' title='bbox 1893 1947 2130 2016; x_wconf 82' lang='lat' dir='ltr'><strong>peSsimc</strong></span> 
     </span>
    </p>
   </div>
   <div class='ocr_carea' id='block_1_21' title="bbox 547 2038 2126 2112">
    <p class='ocr_par' dir='ltr' id='par_1_21' title="bbox 547 2038 2126 2112">
     <span class='ocr_line' id='line_1_21' title="bbox 547 2038 2126 2112; baseline -0.001 -17"><span class='ocrx_word' id='word_1_151' title='bbox 547 2040 866 2106; x_wconf 68' lang='lat' dir='ltr'><strong>opinantur.</strong></span> <span class='ocrx_word' id='word_1_152' title='bbox 908 2039 1001 2094; x_wconf 88' lang='lat' dir='ltr'><strong>Sic</strong></span> <span class='ocrx_word' id='word_1_153' title='bbox 1055 2040 1198 2093; x_wconf 90' lang='lat' dir='ltr'><strong>enim</strong></span> <span class='ocrx_word' id='word_1_154' title='bbox 1245 2038 1448 2108; x_wconf 85' lang='lat' dir='ltr'><strong>ubique</strong></span> <span class='ocrx_word' id='word_1_155' title='bbox 1498 2053 1757 2108; x_wconf 70' lang='lat' dir='ltr'><strong>prmsens,</strong></span> <span class='ocrx_word' id='word_1_156' title='bbox 1811 2038 2126 2112; x_wconf 77' lang='lat' dir='ltr'><strong>invisibilis,</strong></span> 
     </span>
    </p>
   </div>
   <div class='ocr_carea' id='block_1_22' title="bbox 550 2127 2127 2201">
    <p class='ocr_par' dir='ltr' id='par_1_22' title="bbox 550 2127 2127 2201">
     <span class='ocr_line' id='line_1_22' title="bbox 550 2127 2127 2201; baseline 0 -18"><span class='ocrx_word' id='word_1_157' title='bbox 550 2129 820 2191; x_wconf 80' lang='lat' dir='ltr'><strong>indivisus</strong></span> <span class='ocrx_word' id='word_1_158' title='bbox 853 2139 908 2185; x_wconf 90' lang='lat' dir='ltr'><strong>et</strong></span> <span class='ocrx_word' id='word_1_159' title='bbox 937 2145 1215 2201; x_wconf 88' lang='lat' dir='ltr'><strong>nunquam</strong></span> <span class='ocrx_word' id='word_1_160' title='bbox 1251 2145 1316 2185; x_wconf 83' lang='lat' dir='ltr'><strong>ex</strong></span> <span class='ocrx_word' id='word_1_161' title='bbox 1349 2129 1558 2184; x_wconf 88' lang='lat' dir='ltr'><strong>unitate</strong></span> <span class='ocrx_word' id='word_1_162' title='bbox 1592 2143 1692 2186; x_wconf 86' lang='lat' dir='ltr'><strong>sua</strong></span> <span class='ocrx_word' id='word_1_163' title='bbox 1726 2129 1919 2184; x_wconf 80' lang='lat' dir='ltr'><strong>exiens</strong></span> <span class='ocrx_word' id='word_1_164' title='bbox 1946 2127 2127 2199; x_wconf 92' lang='lat' dir='ltr'><strong>Spiri-</strong></span> 
     </span>
    </p>
   </div>
   <div class='ocr_carea' id='block_1_23' title="bbox 549 2219 2124 2289">
    <p class='ocr_par' dir='ltr' id='par_1_23' title="bbox 549 2219 2124 2289">
     <span class='ocr_line' id='line_1_23' title="bbox 549 2219 2124 2289; baseline -0.003 -12"><span class='ocrx_word' id='word_1_165' title='bbox 549 2235 659 2286; x_wconf 82' lang='lat' dir='ltr'><strong>tus,</strong></span> <span class='ocrx_word' id='word_1_166' title='bbox 689 2221 1013 2286; x_wconf 88' lang='lat' dir='ltr'><strong>infunditur,</strong></span> <span class='ocrx_word' id='word_1_167' title='bbox 1045 2220 1382 2289; x_wconf 84' lang='lat' dir='ltr'><strong>supervenit,</strong></span> <span class='ocrx_word' id='word_1_168' title='bbox 1418 2219 1728 2275; x_wconf 85' lang='lat' dir='ltr'><strong>immittitur</strong></span> <span class='ocrx_word' id='word_1_169' title='bbox 1763 2229 1816 2274; x_wconf 93' lang='lat' dir='ltr'><strong>et</strong></span> <span class='ocrx_word' id='word_1_170' title='bbox 1837 2219 2124 2284; x_wconf 84' lang='lat' dir='ltr'><strong>inhabitat,</strong></span> 
     </span>
    </p>
   </div>
   <div class='ocr_carea' id='block_1_24' title="bbox 543 2312 2125 2384">
    <p class='ocr_par' dir='ltr' id='par_1_24' title="bbox 543 2312 2125 2384">
     <span class='ocr_line' id='line_1_24' title="bbox 543 2312 2125 2384; baseline 0.001 -19"><span class='ocrx_word' id='word_1_171' title='bbox 543 2329 655 2373; x_wconf 79' lang='lat' dir='ltr'><strong>non</strong></span> <span class='ocrx_word' id='word_1_172' title='bbox 697 2323 875 2368; x_wconf 89' lang='lat' dir='ltr'><strong>tamen</strong></span> <span class='ocrx_word' id='word_1_173' title='bbox 909 2314 1186 2379; x_wconf 85' lang='lat' dir='ltr'><strong>omnibus,</strong></span> <span class='ocrx_word' id='word_1_174' title='bbox 1222 2312 1546 2384; x_wconf 86' lang='lat' dir='ltr'><strong>videturque</strong></span> <span class='ocrx_word' id='word_1_175' title='bbox 1575 2321 1629 2366; x_wconf 89' lang='lat' dir='ltr'><strong>et</strong></span> <span class='ocrx_word' id='word_1_176' title='bbox 1676 2321 2024 2367; x_wconf 86' lang='lat' dir='ltr'><strong>meusnratur</strong></span> <span class='ocrx_word' id='word_1_177' title='bbox 2059 2327 2125 2366; x_wconf 88' lang='lat' dir='ltr'><strong>ac</strong></span> 
     </span>
    </p>
   </div>
   <div class='ocr_carea' id='block_1_25' title="bbox 505 2399 2123 2472">
    <p class='ocr_par' dir='ltr' id='par_1_25' title="bbox 505 2399 2123 2472">
     <span class='ocr_line' id='line_1_25' title="bbox 505 2399 2123 2472; baseline 0.001 -17"><span class='ocrx_word' id='word_1_178' title='bbox 505 2403 831 2469; x_wconf 67' lang='lat' dir='ltr'><strong>dividitur,</strong></span> <span class='ocrx_word' id='word_1_179' title='bbox 881 2403 1043 2459; x_wconf 90' lang='lat' dir='ltr'><strong>datur</strong></span> <span class='ocrx_word' id='word_1_180' title='bbox 1099 2410 1155 2458; x_wconf 88' lang='lat' dir='ltr'><strong>et</strong></span> <span class='ocrx_word' id='word_1_181' title='bbox 1210 2403 1498 2472; x_wconf 88' lang='lat' dir='ltr'><strong>accipitur.</strong></span> <span class='ocrx_word' id='word_1_182' title='bbox 1570 2399 1648 2455; x_wconf 91' lang='lat' dir='ltr'><strong>Ita</strong></span> <span class='ocrx_word' id='word_1_183' title='bbox 1692 2401 2123 2470; x_wconf 73' lang='lat' dir='ltr'><strong>Ultrysostomus</strong></span> 
     </span>
    </p>
   </div>
   <div class='ocr_carea' id='block_1_26' title="bbox 547 2492 2124 2564">
    <p class='ocr_par' dir='ltr' id='par_1_26' title="bbox 547 2492 2124 2564">
     <span class='ocr_line' id='line_1_26' title="bbox 547 2492 2124 2564; baseline 0.002 -18"><span class='ocrx_word' id='word_1_184' title='bbox 547 2497 852 2564; x_wconf 79' lang='lat' dir='ltr'><strong>theologus,</strong></span> <span class='ocrx_word' id='word_1_185' title='bbox 887 2505 945 2551; x_wconf 92' lang='lat' dir='ltr'><strong>ut</strong></span> <span class='ocrx_word' id='word_1_186' title='bbox 978 2509 1144 2563; x_wconf 88' lang='lat' dir='ltr'><strong>supra</strong></span> <span class='ocrx_word' id='word_1_187' title='bbox 1179 2495 1384 2549; x_wconf 91' lang='lat' dir='ltr'><strong>dictum</strong></span> <span class='ocrx_word' id='word_1_188' title='bbox 1420 2501 1524 2556; x_wconf 86' lang='lat' dir='ltr'><strong>est,</strong></span> <span class='ocrx_word' id='word_1_189' title='bbox 1561 2493 1858 2561; x_wconf 87' lang='lat' dir='ltr'><strong>Baptistam</strong></span> <span class='ocrx_word' id='word_1_190' title='bbox 1896 2492 2124 2549; x_wconf 88' lang='lat' dir='ltr'><strong>audiens</strong></span> 
     </span>
    </p>
   </div>
   <div class='ocr_carea' id='block_1_27' title="bbox 546 2583 2122 2644">
    <p class='ocr_par' dir='ltr' id='par_1_27' title="bbox 546 2583 2122 2644">
     <span class='ocr_line' id='line_1_27' title="bbox 546 2583 2122 2644; baseline -0.003 0"><span class='ocrx_word' id='word_1_191' title='bbox 546 2591 613 2644; x_wconf 86' lang='lat' dir='ltr'><strong>de</strong></span> <span class='ocrx_word' id='word_1_192' title='bbox 645 2588 874 2643; x_wconf 85' lang='lat' dir='ltr'><strong>Domino</strong></span> <span class='ocrx_word' id='word_1_193' title='bbox 923 2596 1114 2643; x_wconf 88' lang='lat' dir='ltr'><strong>nostro</strong></span> <span class='ocrx_word' id='word_1_194' title='bbox 1151 2586 1282 2642; x_wconf 87' lang='lat' dir='ltr'><strong>Jesu</strong></span> <span class='ocrx_word' id='word_1_195' title='bbox 1329 2585 1546 2641; x_wconf 83' lang='lat' dir='ltr'><strong>Christo</strong></span> <span class='ocrx_word' id='word_1_196' title='bbox 1577 2585 1843 2640; x_wconf 88' lang='lat' dir='ltr'><strong>dicentem</strong></span> <span class='ocrx_word' id='word_1_197' title='bbox 1888 2603 1900 2638; x_wconf 89' lang='lat'><strong>:</strong></span> <span class='ocrx_word' id='word_1_198' title='bbox 1945 2602 1964 2636; x_wconf 87' lang='grc' dir='ltr'>ι</span> <span class='ocrx_word' id='word_1_199' title='bbox 2005 2583 2122 2639; x_wconf 84' lang='lat' dir='ltr'><strong>Non</strong></span> 
     </span>
    </p>
   </div>
   <div class='ocr_carea' id='block_1_28' title="bbox 546 2674 2120 2749">
    <p class='ocr_par' dir='ltr' id='par_1_28' title="bbox 546 2674 2120 2749">
     <span class='ocr_line' id='line_1_28' title="bbox 546 2674 2120 2749; baseline -0.002 -17"><span class='ocrx_word' id='word_1_200' title='bbox 546 2680 612 2749; x_wconf 65' lang='lat' dir='ltr'><strong>ad</strong></span> <span class='ocrx_word' id='word_1_201' title='bbox 649 2693 961 2736; x_wconf 86' lang='lat' dir='ltr'><strong>mensuram</strong></span> <span class='ocrx_word' id='word_1_202' title='bbox 986 2677 1194 2747; x_wconf 89' lang='lat' dir='ltr'><strong>accepit</strong></span> <span class='ocrx_word' id='word_1_203' title='bbox 1213 2676 1474 2746; x_wconf 89' lang='lat' dir='ltr'><strong>Spiritum</strong></span> <span class='ocrx_word' id='word_1_204' title='bbox 1497 2675 1562 2741; x_wconf 81' lang='grc'>⁸³,</span> <span class='ocrx_word' id='word_1_205' title='bbox 1583 2693 1603 2728; x_wconf 74' lang='grc' dir='ltr'>ι</span> <span class='ocrx_word' id='word_1_206' title='bbox 1638 2675 1714 2729; x_wconf 85' lang='lat' dir='ltr'><strong>ait</strong></span> <span class='ocrx_word' id='word_1_207' title='bbox 1747 2691 1761 2728; x_wconf 91' lang='lat'><strong>:</strong></span> <span class='ocrx_word' id='word_1_208' title='bbox 1797 2692 1817 2725; x_wconf 83' lang='grc' dir='ltr'>ι</span> <span class='ocrx_word' id='word_1_209' title='bbox 1857 2674 2120 2744; x_wconf 91' lang='lat' dir='ltr'><strong>Spiritum</strong></span> 
     </span>
    </p>
   </div>
   <div class='ocr_carea' id='block_1_29' title="bbox 549 2763 2114 2834">
    <p class='ocr_par' dir='ltr' id='par_1_29' title="bbox 549 2763 2114 2834">
     <span class='ocr_line' id='line_1_29' title="bbox 549 2763 2114 2834; baseline -0.001 -15"><span class='ocrx_word' id='word_1_210' title='bbox 549 2767 637 2821; x_wconf 70' lang='lat' dir='ltr'><strong>hic</strong></span> <span class='ocrx_word' id='word_1_211' title='bbox 663 2766 796 2822; x_wconf 88' lang='lat' dir='ltr'><strong>dicit</strong></span> <span class='ocrx_word' id='word_1_212' title='bbox 823 2765 1228 2834; x_wconf 86' lang='lat' dir='ltr'><strong>operationem;</strong></span> <span class='ocrx_word' id='word_1_213' title='bbox 1258 2765 1372 2820; x_wconf 76' lang='lat' dir='ltr'><strong>haec</strong></span> <span class='ocrx_word' id='word_1_214' title='bbox 1391 2772 1472 2820; x_wconf 90' lang='lat' dir='ltr'><strong>est</strong></span> <span class='ocrx_word' id='word_1_215' title='bbox 1494 2764 1638 2819; x_wconf 89' lang='lat' dir='ltr'><strong>enim</strong></span> <span class='ocrx_word' id='word_1_216' title='bbox 1662 2779 1783 2834; x_wconf 68' lang='lat' dir='ltr'><strong>quae</strong></span> <span class='ocrx_word' id='word_1_217' title='bbox 1802 2763 2114 2820; x_wconf 78' lang='lat' dir='ltr'><strong>dividitum</strong></span> 
     </span>
    </p>
   </div>
   <div class='ocr_carea' id='block_1_30' title="bbox 551 2856 2118 2926">
    <p class='ocr_par' dir='ltr' id='par_1_30' title="bbox 551 2856 2118 2926">
     <span class='ocr_line' id='line_1_30' title="bbox 551 2856 2118 2926; baseline -0.002 -12"><span class='ocrx_word' id='word_1_218' title='bbox 551 2858 614 2914; x_wconf 74' lang='lat' dir='ltr'><strong>Et</strong></span> <span class='ocrx_word' id='word_1_219' title='bbox 666 2857 925 2924; x_wconf 81' lang='lat' dir='ltr'><strong>Basilius,</strong></span> <span class='ocrx_word' id='word_1_220' title='bbox 964 2857 1155 2913; x_wconf 86' lang='lat' dir='ltr'><strong>dicens</strong></span> <span class='ocrx_word' id='word_1_221' title='bbox 1205 2872 1270 2913; x_wconf 78' lang='lat' dir='ltr'><strong>ex</strong></span> <span class='ocrx_word' id='word_1_222' title='bbox 1319 2856 1576 2925; x_wconf 88' lang='lat' dir='ltr'><strong>operibus</strong></span> <span class='ocrx_word' id='word_1_223' title='bbox 1624 2857 1793 2911; x_wconf 87' lang='lat' dir='ltr'><strong>Deum</strong></span> <span class='ocrx_word' id='word_1_224' title='bbox 1846 2857 2118 2926; x_wconf 85' lang='lat' dir='ltr'><strong>agnosci:</strong></span> 
     </span>
    </p>
   </div>
   <div class='ocr_carea' id='block_1_31' title="bbox 557 2947 2121 3019">
    <p class='ocr_par' dir='ltr' id='par_1_31' title="bbox 557 2947 2121 3019">
     <span class='ocr_line' id='line_1_31' title="bbox 557 2947 2121 3019; baseline -0.001 -15"><span class='ocrx_word' id='word_1_225' title='bbox 557 2970 572 2997; x_wconf 77' lang='grc' dir='ltr'>ι</span> <span class='ocrx_word' id='word_1_226' title='bbox 612 2948 895 3013; x_wconf 57' lang='lat' dir='ltr'><strong>Potentia,</strong></span> <span class='ocrx_word' id='word_1_227' title='bbox 944 2950 1146 3019; x_wconf 89' lang='lat' dir='ltr'><strong>inquit,</strong></span> <span class='ocrx_word' id='word_1_228' title='bbox 1201 2949 1484 3018; x_wconf 65' lang='lat' dir='ltr'><strong>sapientiai</strong></span> <span class='ocrx_word' id='word_1_229' title='bbox 1535 2956 1590 3004; x_wconf 77' lang='lat' dir='ltr'><strong>et</strong></span> <span class='ocrx_word' id='word_1_230' title='bbox 1626 2947 1909 3003; x_wconf 84' lang='lat' dir='ltr'><strong>industriae</strong></span> <span class='ocrx_word' id='word_1_231' title='bbox 1957 2965 2121 3018; x_wconf 81' lang='lat' dir='ltr'><strong>argu-</strong></span> 
     </span>
    </p>
   </div>
   <div class='ocr_carea' id='block_1_32' title="bbox 551 3038 2121 3110">
    <p class='ocr_par' dir='ltr' id='par_1_32' title="bbox 551 3038 2121 3110">
     <span class='ocr_line' id='line_1_32' title="bbox 551 3038 2121 3110; baseline 0.003 -21"><span class='ocrx_word' id='word_1_232' title='bbox 551 3050 729 3096; x_wconf 22' lang='lat' dir='ltr'><strong>nlenta</strong></span> <span class='ocrx_word' id='word_1_233' title='bbox 761 3049 890 3096; x_wconf 87' lang='lat' dir='ltr'><strong>sunt</strong></span> <span class='ocrx_word' id='word_1_234' title='bbox 919 3055 1102 3110; x_wconf 83' lang='lat' dir='ltr'><strong>opera.</strong></span> <span class='ocrx_word' id='word_1_235' title='bbox 1126 3059 1145 3092; x_wconf 76' lang='grc' dir='ltr'>ι</span> <span class='ocrx_word' id='word_1_236' title='bbox 1176 3038 1267 3095; x_wconf 85' lang='lat' dir='ltr'><strong>Sic</strong></span> <span class='ocrx_word' id='word_1_237' title='bbox 1291 3039 1422 3096; x_wconf 87' lang='lat' dir='ltr'><strong>dicit</strong></span> <span class='ocrx_word' id='word_1_238' title='bbox 1449 3039 1614 3094; x_wconf 89' lang='lat' dir='ltr'><strong>Deum</strong></span> <span class='ocrx_word' id='word_1_239' title='bbox 1645 3040 1898 3109; x_wconf 75' lang='lat' dir='ltr'><strong>cognosci</strong></span> <span class='ocrx_word' id='word_1_240' title='bbox 1927 3053 2121 3094; x_wconf 83' lang='lat' dir='ltr'><strong>secun-</strong></span> 
     </span>
    </p>
   </div>
   <div class='ocr_carea' id='block_1_33' title="bbox 2230 568 3856 646">
    <p class='ocr_par' dir='ltr' id='par_1_33' title="bbox 2230 568 3856 646">
     <span class='ocr_line' id='line_1_33' title="bbox 2230 568 3856 646; baseline -0.006 -17"><span class='ocrx_word' id='word_1_241' title='bbox 2230 577 2325 629; x_wconf 73' lang='grc' dir='ltr'>καὶ</span> <span class='ocrx_word' id='word_1_242' title='bbox 2355 576 2416 628; x_wconf 82' lang='grc' dir='ltr'><strong>τὸ</strong></span> <span class='ocrx_word' id='word_1_243' title='bbox 2467 577 2760 646; x_wconf 86' lang='grc' dir='ltr'>πρόσωπον</span> <span class='ocrx_word' id='word_1_244' title='bbox 2811 575 2906 628; x_wconf 89' lang='grc' dir='ltr'><strong>τοῦ</strong></span> <span class='ocrx_word' id='word_1_245' title='bbox 2960 574 3097 626; x_wconf 83' lang='grc' dir='ltr'><strong>Θεοῦ</strong></span> <span class='ocrx_word' id='word_1_246' title='bbox 3137 573 3231 625; x_wconf 90' lang='grc' dir='ltr'><strong>νῦν</strong></span> <span class='ocrx_word' id='word_1_247' title='bbox 3270 571 3369 640; x_wconf 85' lang='grc' dir='ltr'>μὲν</span> <span class='ocrx_word' id='word_1_248' title='bbox 3425 571 3688 640; x_wconf 75' lang='grc' dir='ltr'>ὁρᾶσθαι</span> <span class='ocrx_word' id='word_1_249' title='bbox 3732 568 3856 619; x_wconf 76' lang='grc' dir='ltr'><strong>ὑπὸ</strong></span> 
     </span>
    </p>
   </div>
   <div class='ocr_carea' id='block_1_34' title="bbox 2229 659 3853 736">
    <p class='ocr_par' dir='ltr' id='par_1_34' title="bbox 2229 659 3853 736">
     <span class='ocr_line' id='line_1_34' title="bbox 2229 659 3853 736; baseline -0.006 -15"><span class='ocrx_word' id='word_1_250' title='bbox 2229 669 2337 721; x_wconf 81' lang='grc' dir='ltr'><strong>τῶν</strong></span> <span class='ocrx_word' id='word_1_251' title='bbox 2367 667 2532 733; x_wconf 78' lang='grc' dir='ltr'>ἀξίων</span> <span class='ocrx_word' id='word_1_252' title='bbox 2566 668 2654 722; x_wconf 86' lang='grc' dir='ltr'>διά</span> <span class='ocrx_word' id='word_1_253' title='bbox 2699 668 2796 736; x_wconf 85' lang='grc' dir='ltr'>τῆς</span> <span class='ocrx_word' id='word_1_254' title='bbox 2843 665 3029 719; x_wconf 82' lang='grc' dir='ltr'>ἐνθέου</span> <span class='ocrx_word' id='word_1_255' title='bbox 3067 663 3496 731; x_wconf 76' lang='grc' dir='ltr'><strong>καταγγέλλεται</strong></span> <span class='ocrx_word' id='word_1_256' title='bbox 3551 659 3853 729; x_wconf 66' lang='grc' dir='ltr'>Γραφῆς,</span> 
     </span>
    </p>
   </div>
   <div class='ocr_carea' id='block_1_35' title="bbox 2229 750 3857 826">
    <p class='ocr_par' dir='ltr' id='par_1_35' title="bbox 2229 750 3857 826">
     <span class='ocr_line' id='line_1_35' title="bbox 2229 750 3857 826; baseline -0.007 -15"><span class='ocrx_word' id='word_1_257' title='bbox 2229 761 2321 812; x_wconf 74' lang='grc' dir='ltr'><strong>καὶ</strong></span> <span class='ocrx_word' id='word_1_258' title='bbox 2352 777 2369 810; x_wconf 83' lang='grc' dir='ltr'>ι</span> <span class='ocrx_word' id='word_1_259' title='bbox 2397 761 2458 812; x_wconf 83' lang='lat' dir='ltr'><strong>Oi</strong></span> <span class='ocrx_word' id='word_1_260' title='bbox 2483 759 2698 826; x_wconf 81' lang='grc' dir='ltr'>ἄγγελοι</span> <span class='ocrx_word' id='word_1_261' title='bbox 2721 758 2830 826; x_wconf 84' lang='grc' dir='ltr'>γὰρ</span> <span class='ocrx_word' id='word_1_262' title='bbox 2851 757 3008 826; x_wconf 77' lang='grc' dir='ltr'>ἡμῶν</span> <span class='ocrx_word' id='word_1_263' title='bbox 3029 755 3286 826; x_wconf 77' lang='grc' dir='ltr'><strong>βλέπουσι</strong></span> <span class='ocrx_word' id='word_1_264' title='bbox 3309 756 3371 805; x_wconf 76' lang='grc' dir='ltr'>τὸ</span> <span class='ocrx_word' id='word_1_265' title='bbox 3390 754 3716 823; x_wconf 72' lang='grc' dir='ltr'>πρόσωπον</span> <span class='ocrx_word' id='word_1_266' title='bbox 3751 750 3857 801; x_wconf 75' lang='grc' dir='ltr'><strong>τοῦ</strong></span> 
     </span>
    </p>
   </div>
   <div class='ocr_carea' id='block_1_36' title="bbox 2233 838 3859 920">
    <p class='ocr_par' dir='ltr' id='par_1_36' title="bbox 2233 838 3859 920">
     <span class='ocr_line' id='line_1_36' title="bbox 2233 838 3859 920; baseline -0.004 -18"><span class='ocrx_word' id='word_1_267' title='bbox 2233 850 2441 920; x_wconf 76' lang='grc' dir='ltr'>Πατρδς</span> <span class='ocrx_word' id='word_1_268' title='bbox 2473 849 2632 918; x_wconf 76' lang='grc' dir='ltr'>ἡμῶν</span> <span class='ocrx_word' id='word_1_269' title='bbox 2656 847 2747 901; x_wconf 88' lang='grc' dir='ltr'><strong>τοῦ</strong></span> <span class='ocrx_word' id='word_1_270' title='bbox 2774 851 2829 901; x_wconf 83' lang='grc' dir='ltr'><strong>ἐν</strong></span> <span class='ocrx_word' id='word_1_271' title='bbox 2863 849 2975 909; x_wconf 86' lang='grc' dir='ltr'>τοῖς</span> <span class='ocrx_word' id='word_1_272' title='bbox 2999 847 3266 916; x_wconf 81' lang='grc' dir='ltr'>οὐρανοῖς,</span> <span class='ocrx_word' id='word_1_273' title='bbox 3298 864 3316 896; x_wconf 75' lang='grc' dir='ltr'><strong>ι</strong></span> <span class='ocrx_word' id='word_1_274' title='bbox 3345 838 3421 898; x_wconf 81' lang='grc' dir='ltr'>ὧν</span> <span class='ocrx_word' id='word_1_275' title='bbox 3440 847 3532 898; x_wconf 75' lang='grc' dir='ltr'>καὶ</span> <span class='ocrx_word' id='word_1_276' title='bbox 3561 845 3732 898; x_wconf 64' lang='lat' dir='ltr'><strong>Mm?)</strong></span> <span class='ocrx_word' id='word_1_277' title='bbox 3745 843 3859 908; x_wconf 68' lang='grc' dir='ltr'>σῆς</span> 
     </span>
    </p>
   </div>
   <div class='ocr_carea' id='block_1_37' title="bbox 2227 936 3857 1010">
    <p class='ocr_par' dir='ltr' id='par_1_37' title="bbox 2227 936 3857 1010">
     <span class='ocr_line' id='line_1_37' title="bbox 2227 936 3857 1010; baseline -0.005 -17"><span class='ocrx_word' id='word_1_278' title='bbox 2227 942 2470 1010; x_wconf 83' lang='grc' dir='ltr'>ἐντυχεῖν</span> <span class='ocrx_word' id='word_1_279' title='bbox 2496 939 2722 1008; x_wconf 77' lang='grc' dir='ltr'>ἠξίωται</span> <span class='ocrx_word' id='word_1_280' title='bbox 2744 957 2762 973; x_wconf 77' lang='grc' dir='ltr'><strong>ο</strong></span> <span class='ocrx_word' id='word_1_281' title='bbox 2795 939 2888 994; x_wconf 73' lang='grc' dir='ltr'>καὶ</span> <span class='ocrx_word' id='word_1_282' title='bbox 2922 941 3087 1007; x_wconf 82' lang='grc' dir='ltr'><strong>ἡμεῖς</strong></span> <span class='ocrx_word' id='word_1_283' title='bbox 3126 937 3184 990; x_wconf 88' lang='grc' dir='ltr'><strong>δέ</strong></span> <span class='ocrx_word' id='word_1_284' title='bbox 3209 939 3310 1004; x_wconf 75' lang='grc' dir='ltr'><strong>τὴν</strong></span> <span class='ocrx_word' id='word_1_285' title='bbox 3343 936 3479 1003; x_wconf 80' lang='grc' dir='ltr'>πρὸς</span> <span class='ocrx_word' id='word_1_286' title='bbox 3504 937 3857 1005; x_wconf 76' lang='grc' dir='ltr'>πρόσωπον</span> 
     </span>
    </p>
   </div>
   <div class='ocr_carea' id='block_1_38' title="bbox 2232 1026 3850 1100">
    <p class='ocr_par' dir='ltr' id='par_1_38' title="bbox 2232 1026 3850 1100">
     <span class='ocr_line' id='line_1_38' title="bbox 2232 1026 3850 1100; baseline -0.004 -16"><span class='ocrx_word' id='word_1_287' title='bbox 2232 1032 2362 1084; x_wconf 77' lang='grc' dir='ltr'>θέαν</span> <span class='ocrx_word' id='word_1_288' title='bbox 2387 1032 2444 1083; x_wconf 81' lang='grc' dir='ltr'><strong>ἐν</strong></span> <span class='ocrx_word' id='word_1_289' title='bbox 2491 1029 2853 1097; x_wconf 68' lang='grc' dir='ltr'><strong>ἐπαγγελίαις</strong></span> <span class='ocrx_word' id='word_1_290' title='bbox 2886 1029 3084 1100; x_wconf 84' lang='grc' dir='ltr'>ἐχομεν</span> <span class='ocrx_word' id='word_1_291' title='bbox 3110 1043 3123 1056; x_wconf 90' lang='grc'><strong>·</strong></span> <span class='ocrx_word' id='word_1_292' title='bbox 3153 1027 3248 1081; x_wconf 88' lang='grc' dir='ltr'><strong>νῦν</strong></span> <span class='ocrx_word' id='word_1_293' title='bbox 3281 1027 3327 1079; x_wconf 82' lang='grc' dir='ltr'><strong>δ’</strong></span> <span class='ocrx_word' id='word_1_294' title='bbox 3356 1026 3587 1080; x_wconf 80' lang='grc' dir='ltr'>ἀθέατον</span> <span class='ocrx_word' id='word_1_295' title='bbox 3621 1027 3850 1092; x_wconf 74' lang='grc' dir='ltr'>πᾶντη</span> 
     </span>
    </p>
   </div>
   <div class='ocr_carea' id='block_1_39' title="bbox 2229 1113 3851 1188">
    <p class='ocr_par' dir='ltr' id='par_1_39' title="bbox 2229 1113 3851 1188">
     <span class='ocr_line' id='line_1_39' title="bbox 2229 1113 3851 1188; baseline -0.004 -14"><span class='ocrx_word' id='word_1_296' title='bbox 2229 1139 2289 1174; x_wconf 87' lang='grc' dir='ltr'><strong>τε</strong></span> <span class='ocrx_word' id='word_1_297' title='bbox 2318 1123 2412 1174; x_wconf 80' lang='grc' dir='ltr'><strong>καὶ</strong></span> <span class='ocrx_word' id='word_1_298' title='bbox 2463 1123 2596 1175; x_wconf 79' lang='grc' dir='ltr'>πᾶσι</span> <span class='ocrx_word' id='word_1_299' title='bbox 2621 1121 2717 1174; x_wconf 57' lang='grc' dir='ltr'>καὶ</span> <span class='ocrx_word' id='word_1_300' title='bbox 2753 1120 2838 1174; x_wconf 86' lang='grc' dir='ltr'><strong>ἀεί</strong></span> <span class='ocrx_word' id='word_1_301' title='bbox 2866 1138 2879 1153; x_wconf 80' lang='grc' dir='ltr'><strong><em>ο</em></strong></span> <span class='ocrx_word' id='word_1_302' title='bbox 2911 1138 2930 1173; x_wconf 77' lang='grc' dir='ltr'>ι</span> <span class='ocrx_word' id='word_1_303' title='bbox 2976 1119 3163 1181; x_wconf 75' lang='grc' dir='ltr'>Οὐδεὶς</span> <span class='ocrx_word' id='word_1_304' title='bbox 3192 1119 3323 1188; x_wconf 78' lang='grc' dir='ltr'>γὰρ,</span> <span class='ocrx_word' id='word_1_305' title='bbox 3368 1135 3389 1168; x_wconf 75' lang='grc' dir='ltr'><strong>ι</strong></span> <span class='ocrx_word' id='word_1_306' title='bbox 3428 1119 3594 1187; x_wconf 69' lang='grc' dir='ltr'>φησιν</span> <span class='ocrx_word' id='word_1_307' title='bbox 3648 1113 3851 1178; x_wconf 72' lang='grc' dir='ltr'>αὖθις</span> 
     </span>
    </p>
   </div>
   <div class='ocr_carea' id='block_1_40' title="bbox 2226 1210 3850 1283">
    <p class='ocr_par' dir='ltr' id='par_1_40' title="bbox 2226 1210 3850 1283">
     <span class='ocr_line' id='line_1_40' title="bbox 2226 1210 3850 1283; baseline -0.002 -18"><span class='ocrx_word' id='word_1_308' title='bbox 2226 1215 2255 1265; x_wconf 83' lang='grc' dir='ltr'><strong>ὁ</strong></span> <span class='ocrx_word' id='word_1_309' title='bbox 2284 1214 2444 1277; x_wconf 71' lang='grc' dir='ltr'>αὐτὸς</span> <span class='ocrx_word' id='word_1_310' title='bbox 2475 1213 2553 1282; x_wconf 78' lang='grc' dir='ltr'>τῷ</span> <span class='ocrx_word' id='word_1_311' title='bbox 2588 1214 2738 1283; x_wconf 83' lang='grc' dir='ltr'><strong>αὖτῷ</strong></span> <span class='ocrx_word' id='word_1_312' title='bbox 2772 1215 2961 1268; x_wconf 74' lang='grc' dir='ltr'>Μωσεῖ</span> <span class='ocrx_word' id='word_1_313' title='bbox 2999 1211 3155 1275; x_wconf 72' lang='grc' dir='ltr'>Θεδς,</span> <span class='ocrx_word' id='word_1_314' title='bbox 3192 1229 3211 1262; x_wconf 76' lang='grc' dir='ltr'>ι</span> <span class='ocrx_word' id='word_1_315' title='bbox 3245 1210 3440 1279; x_wconf 69' lang='grc' dir='ltr'>ὄψεται</span> <span class='ocrx_word' id='word_1_316' title='bbox 3473 1212 3537 1263; x_wconf 71' lang='grc' dir='ltr'>τὸ</span> <span class='ocrx_word' id='word_1_317' title='bbox 3587 1211 3850 1281; x_wconf 78' lang='grc' dir='ltr'>πρόσω-</span> 
     </span>
    </p>
   </div>
   <div class='ocr_carea' id='block_1_41' title="bbox 2230 1306 2946 1375">
    <p class='ocr_par' dir='ltr' id='par_1_41' title="bbox 2230 1306 2946 1375">
     <span class='ocr_line' id='line_1_41' title="bbox 2230 1306 2946 1375; baseline -0.001 -17"><span class='ocrx_word' id='word_1_318' title='bbox 2230 1306 2330 1360; x_wconf 81' lang='grc' dir='ltr'><strong>πόν</strong></span> <span class='ocrx_word' id='word_1_319' title='bbox 2361 1323 2484 1375; x_wconf 91' lang='grc' dir='ltr'>μου,</span> <span class='ocrx_word' id='word_1_320' title='bbox 2520 1307 2615 1360; x_wconf 68' lang='grc' dir='ltr'><strong>καὶ</strong></span> <span class='ocrx_word' id='word_1_321' title='bbox 2639 1307 2886 1375; x_wconf 82' lang='grc' dir='ltr'>ζήσεται.</span> <span class='ocrx_word' id='word_1_322' title='bbox 2928 1324 2946 1357; x_wconf 72' lang='grc' dir='ltr'>ι</span> 
     </span>
    </p>
   </div>
   <div class='ocr_carea' id='block_1_42' title="bbox 2301 1394 3840 1466">
    <p class='ocr_par' dir='ltr' id='par_1_42' title="bbox 2301 1394 3840 1466">
     <span class='ocr_line' id='line_1_42' title="bbox 2301 1394 3840 1466; baseline -0.001 -16"><span class='ocrx_word' id='word_1_323' title='bbox 2301 1400 2479 1466; x_wconf 65' lang='grc' dir='ltr'>Θεοφ.</span> <span class='ocrx_word' id='word_1_324' title='bbox 2511 1398 2758 1451; x_wconf 79' lang='grc' dir='ltr'>Ἥκιστά</span> <span class='ocrx_word' id='word_1_325' title='bbox 2795 1415 2856 1464; x_wconf 90' lang='grc' dir='ltr'><strong>γε</strong></span> <span class='ocrx_word' id='word_1_326' title='bbox 2889 1397 3098 1465; x_wconf 73' lang='grc' dir='ltr'>ἕτερον.</span> <span class='ocrx_word' id='word_1_327' title='bbox 3138 1415 3156 1448; x_wconf 77' lang='grc' dir='ltr'>ι</span> <span class='ocrx_word' id='word_1_328' title='bbox 3189 1397 3298 1450; x_wconf 76' lang='grc' dir='ltr'><strong>Καὶ</strong></span> <span class='ocrx_word' id='word_1_329' title='bbox 3330 1395 3440 1464; x_wconf 77' lang='grc' dir='ltr'>γὰρ</span> <span class='ocrx_word' id='word_1_330' title='bbox 3467 1395 3603 1448; x_wconf 79' lang='grc' dir='ltr'>Θεὸν</span> <span class='ocrx_word' id='word_1_331' title='bbox 3628 1394 3840 1457; x_wconf 69' lang='grc' dir='ltr'>οὐδεὶς</span> 
     </span>
    </p>
   </div>
   <div class='ocr_carea' id='block_1_43' title="bbox 2228 1486 3866 1560">
    <p class='ocr_par' dir='ltr' id='par_1_43' title="bbox 2228 1486 3866 1560">
     <span class='ocr_line' id='line_1_43' title="bbox 2228 1486 3866 1560; baseline -0.005 -16"><span class='ocrx_word' id='word_1_332' title='bbox 2228 1489 2444 1560; x_wconf 79' lang='grc' dir='ltr'>ἐώρακέ</span> <span class='ocrx_word' id='word_1_333' title='bbox 2473 1507 2603 1542; x_wconf 89' lang='grc' dir='ltr'>ποτε</span> <span class='ocrx_word' id='word_1_334' title='bbox 2660 1509 2676 1541; x_wconf 81' lang='grc' dir='ltr'><strong>ι</strong></span> <span class='ocrx_word' id='word_1_335' title='bbox 2705 1492 2799 1542; x_wconf 68' lang='grc' dir='ltr'><strong>καὶ</strong></span> <span class='ocrx_word' id='word_1_336' title='bbox 2829 1507 2846 1540; x_wconf 81' lang='grc' dir='ltr'>ι</span> <span class='ocrx_word' id='word_1_337' title='bbox 2873 1489 2936 1542; x_wconf 82' lang='grc' dir='ltr'>Οί</span> <span class='ocrx_word' id='word_1_338' title='bbox 2960 1489 3192 1560; x_wconf 55' lang='grc' dir='ltr'><strong>καθαροί⁸</strong></span> <span class='ocrx_word' id='word_1_339' title='bbox 3223 1489 3290 1556; x_wconf 79' lang='grc' dir='ltr'>τῇ</span> <span class='ocrx_word' id='word_1_340' title='bbox 3327 1487 3526 1556; x_wconf 79' lang='grc' dir='ltr'>καρδίᾳ</span> <span class='ocrx_word' id='word_1_341' title='bbox 3544 1487 3636 1540; x_wconf 76' lang='grc' dir='ltr'><strong>τὸν</strong></span> <span class='ocrx_word' id='word_1_342' title='bbox 3672 1486 3866 1560; x_wconf 69' lang='grc' dir='ltr'><strong>ΘεὸνΣ</strong></span> 
     </span>
    </p>
   </div>
   <div class='ocr_carea' id='block_1_44' title="bbox 2227 1555 3882 1672">
    <p class='ocr_par' dir='ltr' id='par_1_44' title="bbox 2227 1555 3882 1672">
     <span class='ocr_line' id='line_1_44' title="bbox 2227 1555 3882 1672; baseline -0.003 -38"><span class='ocrx_word' id='word_1_343' title='bbox 2227 1555 2484 1650; x_wconf 58' lang='grc' dir='ltr'>ὁρῶσινμ</span> <span class='ocrx_word' id='word_1_344' title='bbox 2522 1583 2596 1642; x_wconf 81' lang='grc' dir='ltr'><strong>ὡς</strong></span> <span class='ocrx_word' id='word_1_345' title='bbox 2625 1583 2652 1634; x_wconf 75' lang='grc' dir='ltr'>ὁ</span> <span class='ocrx_word' id='word_1_346' title='bbox 2696 1580 2993 1649; x_wconf 78' lang='grc' dir='ltr'>μονογενὴς</span> <span class='ocrx_word' id='word_1_347' title='bbox 3011 1555 3137 1640; x_wconf 61' lang='grc' dir='ltr'><strong>Υιδξ</strong></span> <span class='ocrx_word' id='word_1_348' title='bbox 3161 1555 3418 1631; x_wconf 83' lang='grc' dir='ltr'>τοῦΘεοῦ</span> <span class='ocrx_word' id='word_1_349' title='bbox 3453 1555 3882 1672; x_wconf 42' lang='grc' dir='ltr'>ἐφανέρωσενὲ</span> 
     </span>
    </p>
   </div>
   <div class='ocr_carea' id='block_1_45' title="bbox 2229 1669 3879 1744">
    <p class='ocr_par' dir='ltr' id='par_1_45' title="bbox 2229 1669 3879 1744">
     <span class='ocr_line' id='line_1_45' title="bbox 2229 1669 3879 1744; baseline -0.001 -19"><span class='ocrx_word' id='word_1_350' title='bbox 2229 1675 2384 1744; x_wconf 84' lang='grc' dir='ltr'>ἡμῖν,</span> <span class='ocrx_word' id='word_1_351' title='bbox 2440 1673 2608 1726; x_wconf 76' lang='grc' dir='ltr'>αὐτὸν</span> <span class='ocrx_word' id='word_1_352' title='bbox 2663 1675 2895 1738; x_wconf 83' lang='grc' dir='ltr'>ἐκεῖνον,</span> <span class='ocrx_word' id='word_1_353' title='bbox 2944 1673 3178 1744; x_wconf 70' lang='grc' dir='ltr'>ἀόρατον</span> <span class='ocrx_word' id='word_1_354' title='bbox 3217 1673 3358 1726; x_wconf 85' lang='grc' dir='ltr'><strong>κατά</strong></span> <span class='ocrx_word' id='word_1_355' title='bbox 3410 1669 3513 1740; x_wconf 81' lang='grc' dir='ltr'>τὴν</span> <span class='ocrx_word' id='word_1_356' title='bbox 3585 1669 3879 1734; x_wconf 60' lang='grc' dir='ltr'>οὐσίαν,⁵</span> 
     </span>
    </p>
   </div>
   <div class='ocr_carea' id='block_1_46' title="bbox 2231 1763 3868 1835">
    <p class='ocr_par' dir='ltr' id='par_1_46' title="bbox 2231 1763 3868 1835">
     <span class='ocr_line' id='line_1_46' title="bbox 2231 1763 3868 1835; baseline -0.002 -18"><span class='ocrx_word' id='word_1_357' title='bbox 2231 1765 2428 1835; x_wconf 75' lang='grc' dir='ltr'>ὁρατὸν</span> <span class='ocrx_word' id='word_1_358' title='bbox 2459 1765 2556 1816; x_wconf 73' lang='lat' dir='ltr'><strong>xui.</strong></span> <span class='ocrx_word' id='word_1_359' title='bbox 2606 1763 2842 1832; x_wconf 84' lang='grc' dir='ltr'>μάλιστα</span> <span class='ocrx_word' id='word_1_360' title='bbox 2886 1767 2998 1824; x_wconf 79' lang='grc' dir='ltr'>τοῖς</span> <span class='ocrx_word' id='word_1_361' title='bbox 3033 1764 3293 1816; x_wconf 81' lang='grc' dir='ltr'>θεοειδέσι</span> <span class='ocrx_word' id='word_1_362' title='bbox 3329 1763 3638 1831; x_wconf 81' lang='grc' dir='ltr'>γινομένοις</span> <span class='ocrx_word' id='word_1_363' title='bbox 3675 1763 3868 1832; x_wconf 61' lang='grc' dir='ltr'><strong>κατ’⁵</strong></span> 
     </span>
    </p>
   </div>
   <div class='ocr_carea' id='block_1_47' title="bbox 2233 1842 3856 1928">
    <p class='ocr_par' dir='ltr' id='par_1_47' title="bbox 2233 1842 3856 1928">
     <span class='ocr_line' id='line_1_47' title="bbox 2233 1842 3856 1928; baseline -0.004 -17"><span class='ocrx_word' id='word_1_364' title='bbox 2233 1860 2512 1928; x_wconf 78' lang='grc' dir='ltr'>ἐνέργειαν</span> <span class='ocrx_word' id='word_1_365' title='bbox 2539 1858 2635 1910; x_wconf 76' lang='grc' dir='ltr'>καὶ</span> <span class='ocrx_word' id='word_1_366' title='bbox 2664 1858 2846 1927; x_wconf 83' lang='grc' dir='ltr'>χάριν,</span> <span class='ocrx_word' id='word_1_367' title='bbox 2871 1857 2991 1910; x_wconf 85' lang='grc' dir='ltr'>ἀλλ’</span> <span class='ocrx_word' id='word_1_368' title='bbox 3021 1858 3121 1911; x_wconf 81' lang='grc' dir='ltr'>οὐκ</span> <span class='ocrx_word' id='word_1_369' title='bbox 3144 1857 3305 1911; x_wconf 76' lang='grc' dir='ltr'>ἄλλον</span> <span class='ocrx_word' id='word_1_370' title='bbox 3331 1857 3450 1909; x_wconf 84' lang='grc' dir='ltr'>ἀντ’</span> <span class='ocrx_word' id='word_1_371' title='bbox 3489 1855 3676 1917; x_wconf 77' lang='grc' dir='ltr'>αὐτοῦ,</span> <span class='ocrx_word' id='word_1_372' title='bbox 3711 1855 3824 1908; x_wconf 69' lang='grc' dir='ltr'>καὶ</span> <span class='ocrx_word' id='word_1_373' title='bbox 3854 1842 3856 1845; x_wconf 52' lang='grc'><em>’</em></span> 
     </span>
    </p>
   </div>
   <div class='ocr_carea' id='block_1_48' title="bbox 2230 1948 3819 2020">
    <p class='ocr_par' dir='ltr' id='par_1_48' title="bbox 2230 1948 3819 2020">
     <span class='ocr_line' id='line_1_48' title="bbox 2230 1948 3819 2020; baseline -0.003 -16"><span class='ocrx_word' id='word_1_374' title='bbox 2230 1949 2402 2004; x_wconf 87' lang='grc' dir='ltr'>ταῦτα</span> <span class='ocrx_word' id='word_1_375' title='bbox 2436 1949 2664 2019; x_wconf 90' lang='grc' dir='ltr'>κτίσμα,</span> <span class='ocrx_word' id='word_1_376' title='bbox 2715 1951 2789 2012; x_wconf 87' lang='grc' dir='ltr'><strong>ὡς</strong></span> <span class='ocrx_word' id='word_1_377' title='bbox 2817 1949 3088 2020; x_wconf 84' lang='grc' dir='ltr'>Βαρλαάμ</span> <span class='ocrx_word' id='word_1_378' title='bbox 3136 1951 3233 2001; x_wconf 76' lang='grc' dir='ltr'><strong>καὶ</strong></span> <span class='ocrx_word' id='word_1_379' title='bbox 3269 1948 3582 2009; x_wconf 82' lang='grc' dir='ltr'>’Δκίνδυνος</span> <span class='ocrx_word' id='word_1_380' title='bbox 3635 1965 3819 2000; x_wconf 80' lang='grc' dir='ltr'>κακο-</span> 
     </span>
    </p>
   </div>
   <div class='ocr_carea' id='block_1_49' title="bbox 2229 2039 3814 2111">
    <p class='ocr_par' dir='ltr' id='par_1_49' title="bbox 2229 2039 3814 2111">
     <span class='ocr_line' id='line_1_49' title="bbox 2229 2039 3814 2111; baseline -0.004 -13"><span class='ocrx_word' id='word_1_381' title='bbox 2229 2042 2487 2108; x_wconf 82' lang='grc' dir='ltr'>δοξότατά</span> <span class='ocrx_word' id='word_1_382' title='bbox 2514 2059 2698 2111; x_wconf 84' lang='grc' dir='ltr'>φασιν.</span> <span class='ocrx_word' id='word_1_383' title='bbox 2735 2040 2896 2096; x_wconf 79' lang='grc' dir='ltr'>Οὕτω</span> <span class='ocrx_word' id='word_1_384' title='bbox 2924 2043 3032 2110; x_wconf 78' lang='grc' dir='ltr'>γὰρ</span> <span class='ocrx_word' id='word_1_385' title='bbox 3068 2041 3163 2095; x_wconf 76' lang='grc' dir='ltr'><strong>καὶ</strong></span> <span class='ocrx_word' id='word_1_386' title='bbox 3194 2041 3258 2093; x_wconf 83' lang='grc' dir='ltr'><strong>τὸ</strong></span> <span class='ocrx_word' id='word_1_387' title='bbox 3293 2039 3577 2108; x_wconf 85' lang='grc' dir='ltr'>πανταχοῦ</span> <span class='ocrx_word' id='word_1_388' title='bbox 3625 2040 3814 2108; x_wconf 71' lang='grc' dir='ltr'>παρδν</span> 
     </span>
    </p>
   </div>
   <div class='ocr_carea' id='block_1_50' title="bbox 2230 2131 3814 2204">
    <p class='ocr_par' dir='ltr' id='par_1_50' title="bbox 2230 2131 3814 2204">
     <span class='ocr_line' id='line_1_50' title="bbox 2230 2131 3814 2204; baseline -0.005 -15"><span class='ocrx_word' id='word_1_389' title='bbox 2230 2136 2324 2189; x_wconf 72' lang='grc' dir='ltr'>καὶ</span> <span class='ocrx_word' id='word_1_390' title='bbox 2351 2134 2587 2204; x_wconf 82' lang='grc' dir='ltr'>ἀόρατον</span> <span class='ocrx_word' id='word_1_391' title='bbox 2637 2133 2732 2186; x_wconf 72' lang='grc' dir='ltr'>καὶ</span> <span class='ocrx_word' id='word_1_392' title='bbox 2770 2134 2975 2203; x_wconf 83' lang='grc' dir='ltr'>ἀμερὲς</span> <span class='ocrx_word' id='word_1_393' title='bbox 3006 2135 3101 2186; x_wconf 67' lang='grc' dir='ltr'>καὶ</span> <span class='ocrx_word' id='word_1_394' title='bbox 3150 2134 3249 2202; x_wconf 81' lang='grc' dir='ltr'>τῆς</span> <span class='ocrx_word' id='word_1_395' title='bbox 3297 2133 3495 2186; x_wconf 85' lang='grc' dir='ltr'>ἐαυτοῦ</span> <span class='ocrx_word' id='word_1_396' title='bbox 3550 2131 3814 2198; x_wconf 76' lang='grc' dir='ltr'>ἐνότητος</span> 
     </span>
    </p>
   </div>
   <div class='ocr_carea' id='block_1_51' title="bbox 2228 2224 3811 2297">
    <p class='ocr_par' dir='ltr' id='par_1_51' title="bbox 2228 2224 3811 2297">
     <span class='ocr_line' id='line_1_51' title="bbox 2228 2224 3811 2297; baseline -0.002 -19"><span class='ocrx_word' id='word_1_397' title='bbox 2228 2227 2490 2297; x_wconf 87' lang='grc' dir='ltr'>ἐχόμενον</span> <span class='ocrx_word' id='word_1_398' title='bbox 2531 2227 2944 2294; x_wconf 81' lang='grc' dir='ltr'>ἀνεκφοιτὴτως</span> <span class='ocrx_word' id='word_1_399' title='bbox 3000 2224 3225 2292; x_wconf 82' lang='grc' dir='ltr'>Πνεῦμα</span> <span class='ocrx_word' id='word_1_400' title='bbox 3271 2226 3540 2293; x_wconf 84' lang='grc' dir='ltr'>ἐκχεῖται,</span> <span class='ocrx_word' id='word_1_401' title='bbox 3573 2226 3672 2276; x_wconf 72' lang='grc' dir='ltr'>καὶ</span> <span class='ocrx_word' id='word_1_402' title='bbox 3709 2225 3811 2293; x_wconf 79' lang='grc' dir='ltr'><strong>ἔρ-</strong></span> 
     </span>
    </p>
   </div>
   <div class='ocr_carea' id='block_1_52' title="bbox 2231 2315 3804 2387">
    <p class='ocr_par' dir='ltr' id='par_1_52' title="bbox 2231 2315 3804 2387">
     <span class='ocr_line' id='line_1_52' title="bbox 2231 2315 3804 2387; baseline -0.002 -17"><span class='ocrx_word' id='word_1_403' title='bbox 2231 2334 2416 2387; x_wconf 86' lang='grc' dir='ltr'>χεται,</span> <span class='ocrx_word' id='word_1_404' title='bbox 2455 2317 2550 2371; x_wconf 76' lang='grc' dir='ltr'>καὶ</span> <span class='ocrx_word' id='word_1_405' title='bbox 2579 2319 2880 2386; x_wconf 78' lang='grc' dir='ltr'>πέμπεται,</span> <span class='ocrx_word' id='word_1_406' title='bbox 2913 2317 3010 2370; x_wconf 70' lang='grc' dir='ltr'>καὶ</span> <span class='ocrx_word' id='word_1_407' title='bbox 3060 2316 3410 2382; x_wconf 77' lang='grc' dir='ltr'>ἐνοικίζεται,</span> <span class='ocrx_word' id='word_1_408' title='bbox 3445 2315 3538 2368; x_wconf 70' lang='grc' dir='ltr'><strong>καὶ</strong></span> <span class='ocrx_word' id='word_1_409' title='bbox 3565 2315 3719 2368; x_wconf 81' lang='grc' dir='ltr'>ταῦτ’</span> <span class='ocrx_word' id='word_1_410' title='bbox 3739 2315 3804 2367; x_wconf 83' lang='grc' dir='ltr'><strong>οῦ</strong></span> 
     </span>
    </p>
   </div>
   <div class='ocr_carea' id='block_1_53' title="bbox 2228 2407 3800 2478">
    <p class='ocr_par' dir='ltr' id='par_1_53' title="bbox 2228 2407 3800 2478">
     <span class='ocr_line' id='line_1_53' title="bbox 2228 2407 3800 2478; baseline -0.001 -18"><span class='ocrx_word' id='word_1_411' title='bbox 2228 2408 2387 2470; x_wconf 83' lang='grc' dir='ltr'>πᾶσι,</span> <span class='ocrx_word' id='word_1_412' title='bbox 2436 2409 2528 2460; x_wconf 62' lang='grc' dir='ltr'>καὶ</span> <span class='ocrx_word' id='word_1_413' title='bbox 2577 2407 2773 2476; x_wconf 81' lang='grc' dir='ltr'>ὁρᾶται</span> <span class='ocrx_word' id='word_1_414' title='bbox 2817 2409 2911 2460; x_wconf 72' lang='grc' dir='ltr'><strong>καὶ</strong></span> <span class='ocrx_word' id='word_1_415' title='bbox 2979 2411 3283 2478; x_wconf 77' lang='grc' dir='ltr'>μετρεῖται,</span> <span class='ocrx_word' id='word_1_416' title='bbox 3335 2410 3433 2460; x_wconf 80' lang='grc' dir='ltr'>καὶ</span> <span class='ocrx_word' id='word_1_417' title='bbox 3491 2409 3800 2476; x_wconf 79' lang='grc' dir='ltr'>μερίζεται,</span> 
     </span>
    </p>
   </div>
   <div class='ocr_carea' id='block_1_54' title="bbox 2227 2497 3803 2570">
    <p class='ocr_par' dir='ltr' id='par_1_54' title="bbox 2227 2497 3803 2570">
     <span class='ocr_line' id='line_1_54' title="bbox 2227 2497 3803 2570; baseline -0.002 -18"><span class='ocrx_word' id='word_1_418' title='bbox 2227 2500 2645 2570; x_wconf 78' lang='grc' dir='ltr'>λαμϐανόμενόν</span> <span class='ocrx_word' id='word_1_419' title='bbox 2699 2517 2758 2552; x_wconf 85' lang='grc' dir='ltr'><strong>τε</strong></span> <span class='ocrx_word' id='word_1_420' title='bbox 2791 2513 2884 2552; x_wconf 85' lang='grc' dir='ltr'><strong>και</strong></span> <span class='ocrx_word' id='word_1_421' title='bbox 2933 2497 3234 2566; x_wconf 80' lang='grc' dir='ltr'>διδόμενον.</span> <span class='ocrx_word' id='word_1_422' title='bbox 3277 2498 3438 2551; x_wconf 80' lang='grc' dir='ltr'>Οὕτω</span> <span class='ocrx_word' id='word_1_423' title='bbox 3476 2498 3586 2568; x_wconf 83' lang='grc' dir='ltr'><strong>γὰρ</strong></span> <span class='ocrx_word' id='word_1_424' title='bbox 3640 2499 3736 2550; x_wconf 73' lang='grc' dir='ltr'><strong>καὶ</strong></span> <span class='ocrx_word' id='word_1_425' title='bbox 3775 2498 3803 2549; x_wconf 78' lang='grc' dir='ltr'>ὁ</span> 
     </span>
    </p>
   </div>
   <div class='ocr_carea' id='block_1_55' title="bbox 2228 2591 3800 2664">
    <p class='ocr_par' dir='ltr' id='par_1_55' title="bbox 2228 2591 3800 2664">
     <span class='ocr_line' id='line_1_55' title="bbox 2228 2591 3800 2664; baseline -0.002 -16"><span class='ocrx_word' id='word_1_426' title='bbox 2228 2593 2620 2664; x_wconf 81' lang='grc' dir='ltr'>Χρυσόστομος</span> <span class='ocrx_word' id='word_1_427' title='bbox 2669 2591 2944 2660; x_wconf 81' lang='grc' dir='ltr'>θεολόγος,</span> <span class='ocrx_word' id='word_1_428' title='bbox 2997 2591 3073 2655; x_wconf 83' lang='grc' dir='ltr'>ὡς</span> <span class='ocrx_word' id='word_1_429' title='bbox 3125 2592 3385 2661; x_wconf 82' lang='grc' dir='ltr'>ἀνωτέρω</span> <span class='ocrx_word' id='word_1_430' title='bbox 3416 2593 3647 2660; x_wconf 78' lang='grc' dir='ltr'>ἔφημεν,</span> <span class='ocrx_word' id='word_1_431' title='bbox 3700 2591 3800 2645; x_wconf 83' lang='grc' dir='ltr'><strong>τοῦ</strong></span> 
     </span>
    </p>
   </div>
   <div class='ocr_carea' id='block_1_56' title="bbox 2224 2684 3798 2756">
    <p class='ocr_par' dir='ltr' id='par_1_56' title="bbox 2224 2684 3798 2756">
     <span class='ocr_line' id='line_1_56' title="bbox 2224 2684 3798 2756; baseline -0.003 -16"><span class='ocrx_word' id='word_1_432' title='bbox 2224 2685 2534 2741; x_wconf 82' lang='grc' dir='ltr'>Βαπτιστοῦ</span> <span class='ocrx_word' id='word_1_433' title='bbox 2560 2685 2812 2754; x_wconf 83' lang='grc' dir='ltr'>λέγοντος</span> <span class='ocrx_word' id='word_1_434' title='bbox 2847 2685 3104 2756; x_wconf 82' lang='grc' dir='ltr'>ἀκηκοὼς</span> <span class='ocrx_word' id='word_1_435' title='bbox 3130 2684 3258 2754; x_wconf 73' lang='grc' dir='ltr'>περὶ</span> <span class='ocrx_word' id='word_1_436' title='bbox 3288 2684 3382 2736; x_wconf 84' lang='grc' dir='ltr'><strong>τοῦ</strong></span> <span class='ocrx_word' id='word_1_437' title='bbox 3403 2684 3609 2750; x_wconf 78' lang='grc' dir='ltr'>Κυρίου</span> <span class='ocrx_word' id='word_1_438' title='bbox 3639 2684 3798 2751; x_wconf 79' lang='grc' dir='ltr'>ἡμῶν</span> 
     </span>
    </p>
   </div>
   <div class='ocr_carea' id='block_1_57' title="bbox 2236 2777 3798 2850">
    <p class='ocr_par' dir='ltr' id='par_1_57' title="bbox 2236 2777 3798 2850">
     <span class='ocr_line' id='line_1_57' title="bbox 2236 2777 3798 2850; baseline -0.004 -16"><span class='ocrx_word' id='word_1_439' title='bbox 2236 2781 2407 2848; x_wconf 83' lang='grc' dir='ltr'>Ἰησοῦ</span> <span class='ocrx_word' id='word_1_440' title='bbox 2426 2779 2684 2850; x_wconf 82' lang='grc' dir='ltr'>Χριστοῦ,</span> <span class='ocrx_word' id='word_1_441' title='bbox 2703 2779 2777 2842; x_wconf 82' lang='grc' dir='ltr'><strong>ὡς</strong></span> <span class='ocrx_word' id='word_1_442' title='bbox 2803 2797 2820 2828; x_wconf 83' lang='grc' dir='ltr'>ι</span> <span class='ocrx_word' id='word_1_443' title='bbox 2835 2780 2948 2832; x_wconf 82' lang='grc' dir='ltr'>Οὐκ</span> <span class='ocrx_word' id='word_1_444' title='bbox 2969 2781 3031 2830; x_wconf 86' lang='grc' dir='ltr'><strong>ἐκ</strong></span> <span class='ocrx_word' id='word_1_445' title='bbox 3053 2780 3253 2849; x_wconf 79' lang='grc' dir='ltr'>μέτρου</span> <span class='ocrx_word' id='word_1_446' title='bbox 3273 2777 3426 2831; x_wconf 74' lang='grc' dir='ltr'>ἔλαϐε</span> <span class='ocrx_word' id='word_1_447' title='bbox 3441 2779 3501 2829; x_wconf 82' lang='grc' dir='ltr'>τὸ</span> <span class='ocrx_word' id='word_1_448' title='bbox 3520 2777 3764 2843; x_wconf 66' lang='grc' dir='ltr'>Πνεῦμα,</span> <span class='ocrx_word' id='word_1_449' title='bbox 3778 2796 3798 2828; x_wconf 74' lang='grc' dir='ltr'><strong>ι</strong></span> 
     </span>
    </p>
   </div>
   <div class='ocr_carea' id='block_1_58' title="bbox 2227 2867 3804 2942">
    <p class='ocr_par' dir='ltr' id='par_1_58' title="bbox 2227 2867 3804 2942">
     <span class='ocr_line' id='line_1_58' title="bbox 2227 2867 3804 2942; baseline -0.003 -17"><span class='ocrx_word' id='word_1_450' title='bbox 2227 2873 2476 2940; x_wconf 86' lang='grc' dir='ltr'>Πνεῦμα,</span> <span class='ocrx_word' id='word_1_451' title='bbox 2498 2871 2922 2942; x_wconf 74' lang='grc' dir='ltr'>φησὶν,ἐνταῦθα</span> <span class='ocrx_word' id='word_1_452' title='bbox 2935 2870 3327 2940; x_wconf 83' lang='grc' dir='ltr'>τὴνένέργειαν</span> <span class='ocrx_word' id='word_1_453' title='bbox 3341 2870 3508 2934; x_wconf 78' lang='grc' dir='ltr'>λέγει,</span> <span class='ocrx_word' id='word_1_454' title='bbox 3535 2867 3673 2937; x_wconf 83' lang='grc' dir='ltr'>αὕτη</span> <span class='ocrx_word' id='word_1_455' title='bbox 3693 2869 3804 2935; x_wconf 78' lang='grc' dir='ltr'><strong>γάρ</strong></span> 
     </span>
    </p>
   </div>
   <div class='ocr_carea' id='block_1_59' title="bbox 2224 2959 3808 3033">
    <p class='ocr_par' dir='ltr' id='par_1_59' title="bbox 2224 2959 3808 3033">
     <span class='ocr_line' id='line_1_59' title="bbox 2224 2959 3808 3033; baseline -0.003 -17"><span class='ocrx_word' id='word_1_456' title='bbox 2224 2963 2370 3016; x_wconf 84' lang='grc' dir='ltr'>ἐστιν</span> <span class='ocrx_word' id='word_1_457' title='bbox 2393 2963 2425 3033; x_wconf 86' lang='grc' dir='ltr'>ἡ</span> <span class='ocrx_word' id='word_1_458' title='bbox 2446 2981 2512 3032; x_wconf 89' lang='grc' dir='ltr'><strong>με</strong></span> <span class='ocrx_word' id='word_1_459' title='bbox 2524 2961 2801 3032; x_wconf 79' lang='grc' dir='ltr'>ριζομὲνη.</span> <span class='ocrx_word' id='word_1_460' title='bbox 2817 2981 2835 3014; x_wconf 70' lang='grc' dir='ltr'><strong>ι</strong></span> <span class='ocrx_word' id='word_1_461' title='bbox 2859 2962 2969 3015; x_wconf 72' lang='grc' dir='ltr'>Καὶ</span> <span class='ocrx_word' id='word_1_462' title='bbox 2989 2963 3014 3014; x_wconf 77' lang='grc' dir='ltr'>ὁ</span> <span class='ocrx_word' id='word_1_463' title='bbox 3044 2961 3215 3030; x_wconf 79' lang='grc' dir='ltr'>μέγας</span> <span class='ocrx_word' id='word_1_464' title='bbox 3238 2960 3508 3020; x_wconf 83' lang='grc' dir='ltr'>Βασίλειος</span> <span class='ocrx_word' id='word_1_465' title='bbox 3533 2959 3711 3023; x_wconf 86' lang='grc' dir='ltr'>λέγων</span> <span class='ocrx_word' id='word_1_466' title='bbox 3736 2960 3808 3011; x_wconf 79' lang='grc' dir='ltr'><strong>ἐκ</strong></span> 
     </span>
    </p>
   </div>
   <div class='ocr_carea' id='block_1_60' title="bbox 2223 3049 3801 3123">
    <p class='ocr_par' dir='ltr' id='par_1_60' title="bbox 2223 3049 3801 3123">
     <span class='ocr_line' id='line_1_60' title="bbox 2223 3049 3801 3123; baseline -0.004 -19"><span class='ocrx_word' id='word_1_467' title='bbox 2223 3055 2332 3104; x_wconf 77' lang='grc' dir='ltr'>τῶν</span> <span class='ocrx_word' id='word_1_468' title='bbox 2351 3054 2672 3123; x_wconf 83' lang='grc' dir='ltr'>ποιημάτων</span> <span class='ocrx_word' id='word_1_469' title='bbox 2690 3053 2780 3106; x_wconf 84' lang='grc' dir='ltr'><strong>τὸν</strong></span> <span class='ocrx_word' id='word_1_470' title='bbox 2797 3052 2932 3104; x_wconf 77' lang='grc' dir='ltr'>Θεὸν</span> <span class='ocrx_word' id='word_1_471' title='bbox 2949 3050 3321 3119; x_wconf 78' lang='grc' dir='ltr'>γινώσκεσθαι,</span> <span class='ocrx_word' id='word_1_472' title='bbox 3342 3049 3629 3114; x_wconf 75' lang='grc' dir='ltr'>«Δυνάμεω</span> <span class='ocrx_word' id='word_1_473' title='bbox 3639 3067 3801 3116; x_wconf 48' lang='lat'><strong>.3917]-</strong></span> 
     </span>
    </p>
   </div>
   <div class='ocr_carea' id='block_1_61' title="bbox 551 3129 2123 3213">
    <p class='ocr_par' dir='ltr' id='par_1_61' title="bbox 551 3129 2118 3201">
     <span class='ocr_line' id='line_1_61' title="bbox 551 3129 2118 3201; baseline 0.003 -21"><span class='ocrx_word' id='word_1_474' title='bbox 551 3135 679 3185; x_wconf 81' lang='lat' dir='ltr'><strong>dum</strong></span> <span class='ocrx_word' id='word_1_475' title='bbox 711 3134 1034 3201; x_wconf 87' lang='lat' dir='ltr'><strong>potentiam,</strong></span> <span class='ocrx_word' id='word_1_476' title='bbox 1069 3132 1215 3187; x_wconf 84' lang='lat' dir='ltr'><strong>haud</strong></span> <span class='ocrx_word' id='word_1_477' title='bbox 1275 3147 1402 3187; x_wconf 83' lang='lat' dir='ltr'><strong>vero</strong></span> <span class='ocrx_word' id='word_1_478' title='bbox 1465 3131 1762 3187; x_wconf 88' lang='lat' dir='ltr'><strong>secundum</strong></span> <span class='ocrx_word' id='word_1_479' title='bbox 1804 3129 2118 3185; x_wconf 88' lang='lat' dir='ltr'><strong>essentiam.</strong></span> 
     </span>
    </p>
   </div>
   <div class='ocr_carea' id='block_1_62' title="bbox 2229 3129 3809 3213">
    <p class='ocr_par' dir='ltr' id='par_1_62' title="bbox 2229 3139 3809 3213">
     <span class='ocr_line' id='line_1_62' title="bbox 2229 3139 3809 3213; baseline -0.004 -17"><span class='ocrx_word' id='word_1_480' title='bbox 2229 3145 2302 3206; x_wconf 66' lang='lat' dir='ltr'><strong>si,</strong></span> <span class='ocrx_word' id='word_1_481' title='bbox 2327 3145 2420 3197; x_wconf 69' lang='grc' dir='ltr'><strong>καὶ</strong></span> <span class='ocrx_word' id='word_1_482' title='bbox 2449 3144 2641 3210; x_wconf 67' lang='grc' dir='ltr'>σοφίας</span> <span class='ocrx_word' id='word_1_483' title='bbox 2666 3143 2761 3196; x_wconf 76' lang='grc' dir='ltr'>καὶ</span> <span class='ocrx_word' id='word_1_484' title='bbox 2783 3144 2996 3213; x_wconf 74' lang='grc' dir='ltr'>τέχνης,</span> <span class='ocrx_word' id='word_1_485' title='bbox 3024 3144 3138 3195; x_wconf 83' lang='grc' dir='ltr'>ἀλλ’</span> <span class='ocrx_word' id='word_1_486' title='bbox 3157 3142 3271 3209; x_wconf 69' lang='grc' dir='ltr'>οὐχὶ</span> <span class='ocrx_word' id='word_1_487' title='bbox 3288 3141 3383 3208; x_wconf 74' lang='grc' dir='ltr'>τῆς</span> <span class='ocrx_word' id='word_1_488' title='bbox 3411 3140 3595 3199; x_wconf 73' lang='grc' dir='ltr'>οὐσίας</span> <span class='ocrx_word' id='word_1_489' title='bbox 3622 3139 3809 3203; x_wconf 66' lang='grc' dir='ltr'>αὐτῆς</span> 
     </span>
    </p>
   </div>
   <div class='ocr_carea' id='block_1_63' title="bbox 552 3221 2118 3303">
    <p class='ocr_par' dir='ltr' id='par_1_63' title="bbox 552 3221 2118 3303">
     <span class='ocr_line' id='line_1_63' title="bbox 552 3221 2118 3303; baseline -0.003 -22"><span class='ocrx_word' id='word_1_490' title='bbox 552 3223 644 3282; x_wconf 72' lang='grc' dir='ltr'><strong>ι-ιὶ</strong></span> <span class='ocrx_word' id='word_1_491' title='bbox 684 3238 813 3279; x_wconf 88' lang='lat' dir='ltr'><strong>vero</strong></span> <span class='ocrx_word' id='word_1_492' title='bbox 855 3223 1156 3303; x_wconf 79' lang='lat' dir='ltr'><strong>dementes,</strong></span> <span class='ocrx_word' id='word_1_493' title='bbox 1201 3223 1292 3280; x_wconf 85' lang='lat' dir='ltr'><strong>ubi</strong></span> <span class='ocrx_word' id='word_1_494' title='bbox 1324 3223 1552 3278; x_wconf 86' lang='lat' dir='ltr'><strong>audiunt</strong></span> <span class='ocrx_word' id='word_1_495' title='bbox 1594 3222 1760 3277; x_wconf 84' lang='lat' dir='ltr'><strong>Deum</strong></span> <span class='ocrx_word' id='word_1_496' title='bbox 1789 3221 2118 3292; x_wconf 90' lang='lat' dir='ltr'><strong>Spiritumve</strong></span> 
     </span>
    </p>
   </div>
   <div class='ocr_carea' id='block_1_64' title="bbox 552 3311 2119 3383">
    <p class='ocr_par' dir='ltr' id='par_1_64' title="bbox 552 3311 2119 3383">
     <span class='ocr_line' id='line_1_64' title="bbox 552 3311 2119 3383; baseline -0.003 -11"><span class='ocrx_word' id='word_1_497' title='bbox 552 3311 798 3372; x_wconf 66' lang='lat' dir='ltr'><strong>sanctum</strong></span> <span class='ocrx_word' id='word_1_498' title='bbox 845 3315 1226 3382; x_wconf 80' lang='lat' dir='ltr'><strong>manifestari,</strong></span> <span class='ocrx_word' id='word_1_499' title='bbox 1281 3315 1712 3381; x_wconf 87' lang='lat' dir='ltr'><strong>communicari,</strong></span> <span class='ocrx_word' id='word_1_500' title='bbox 1769 3314 2119 3383; x_wconf 88' lang='lat' dir='ltr'><strong>supervenire</strong></span> 
     </span>
    </p>
   </div>
   <div class='ocr_carea' id='block_1_65' title="bbox 555 3405 2112 3474">
    <p class='ocr_par' dir='ltr' id='par_1_65' title="bbox 555 3405 2112 3474">
     <span class='ocr_line' id='line_1_65' title="bbox 555 3405 2112 3474; baseline -0.001 -14"><span class='ocrx_word' id='word_1_501' title='bbox 555 3415 646 3468; x_wconf 79' lang='lat' dir='ltr'><strong>aut</strong></span> <span class='ocrx_word' id='word_1_502' title='bbox 675 3407 1004 3464; x_wconf 89' lang='lat' dir='ltr'><strong>mentionem</strong></span> <span class='ocrx_word' id='word_1_503' title='bbox 1040 3405 1239 3474; x_wconf 81' lang='lat' dir='ltr'><strong>facere,</strong></span> <span class='ocrx_word' id='word_1_504' title='bbox 1274 3407 1355 3462; x_wconf 86' lang='lat' dir='ltr'><strong>vel</strong></span> <span class='ocrx_word' id='word_1_505' title='bbox 1403 3417 1708 3461; x_wconf 83' lang='lat' dir='ltr'><strong>creaturam</strong></span> <span class='ocrx_word' id='word_1_506' title='bbox 1745 3407 1849 3462; x_wconf 88' lang='lat' dir='ltr'><strong>hoc</strong></span> <span class='ocrx_word' id='word_1_507' title='bbox 1881 3406 2112 3472; x_wconf 90' lang='lat' dir='ltr'><strong>dicunt,</strong></span> 
     </span>
    </p>
   </div>
   <div class='ocr_carea' id='block_1_66' title="bbox 553 3497 2116 3565">
    <p class='ocr_par' dir='ltr' id='par_1_66' title="bbox 553 3497 2116 3565">
     <span class='ocr_line' id='line_1_66' title="bbox 553 3497 2116 3565; baseline -0.003 -9"><span class='ocrx_word' id='word_1_508' title='bbox 553 3498 636 3556; x_wconf 82' lang='lat' dir='ltr'><strong>\&#39;el</strong></span> <span class='ocrx_word' id='word_1_509' title='bbox 670 3498 763 3554; x_wconf 87' lang='lat' dir='ltr'><strong>Dei</strong></span> <span class='ocrx_word' id='word_1_510' title='bbox 797 3498 1090 3554; x_wconf 83' lang='lat' dir='ltr'><strong>essentiam</strong></span> <span class='ocrx_word' id='word_1_511' title='bbox 1123 3513 1243 3552; x_wconf 91' lang='lat' dir='ltr'><strong>esse</strong></span> <span class='ocrx_word' id='word_1_512' title='bbox 1270 3497 1558 3552; x_wconf 74' lang='lat' dir='ltr'><strong>afﬁrmant.</strong></span> <span class='ocrx_word' id='word_1_513' title='bbox 1611 3497 1674 3551; x_wconf 87' lang='lat' dir='ltr'><strong>Et</strong></span> <span class='ocrx_word' id='word_1_514' title='bbox 1726 3512 1821 3552; x_wconf 94' lang='lat' dir='ltr'><strong>eos</strong></span> <span class='ocrx_word' id='word_1_515' title='bbox 1874 3498 1968 3565; x_wconf 87' lang='lat' dir='ltr'><strong>qui</strong></span> <span class='ocrx_word' id='word_1_516' title='bbox 2010 3514 2116 3552; x_wconf 87' lang='lat' dir='ltr'><strong>non</strong></span> 
     </span>
    </p>
   </div>
   <div class='ocr_carea' id='block_1_67' title="bbox 550 3589 2116 3659">
    <p class='ocr_par' dir='ltr' id='par_1_67' title="bbox 550 3589 2116 3659">
     <span class='ocr_line' id='line_1_67' title="bbox 550 3589 2116 3659; baseline 0.001 -17"><span class='ocrx_word' id='word_1_517' title='bbox 550 3593 793 3659; x_wconf 82' lang='lat' dir='ltr'><strong>ipsorum</strong></span> <span class='ocrx_word' id='word_1_518' title='bbox 847 3591 1025 3646; x_wconf 88' lang='lat' dir='ltr'><strong>instar</strong></span> <span class='ocrx_word' id='word_1_519' title='bbox 1069 3589 1447 3658; x_wconf 82' lang='lat' dir='ltr'><strong>blasphemare</strong></span> <span class='ocrx_word' id='word_1_520' title='bbox 1493 3589 1716 3652; x_wconf 86' lang='lat' dir='ltr'><strong>audent,</strong></span> <span class='ocrx_word' id='word_1_521' title='bbox 1769 3589 1927 3657; x_wconf 88' lang='lat' dir='ltr'><strong>quasi</strong></span> <span class='ocrx_word' id='word_1_522' title='bbox 1979 3590 2116 3643; x_wconf 88' lang='lat' dir='ltr'><strong>duos</strong></span> 
     </span>
    </p>
   </div>
   <div class='ocr_carea' id='block_1_68' title="bbox 553 3677 2117 3752">
    <p class='ocr_par' dir='ltr' id='par_1_68' title="bbox 553 3677 2117 3752">
     <span class='ocr_line' id='line_1_68' title="bbox 553 3677 2117 3752; baseline -0.004 -14"><span class='ocrx_word' id='word_1_523' title='bbox 553 3689 852 3752; x_wconf 73' lang='lat' dir='ltr'><strong>agnoscant</strong></span> <span class='ocrx_word' id='word_1_524' title='bbox 896 3680 1036 3734; x_wconf 87' lang='lat' dir='ltr'><strong>Deos</strong></span> <span class='ocrx_word' id='word_1_525' title='bbox 1071 3679 1342 3734; x_wconf 84' lang='lat' dir='ltr'><strong>incusant.</strong></span> <span class='ocrx_word' id='word_1_526' title='bbox 1376 3677 1494 3735; x_wconf 84' lang='lat' dir='ltr'><strong>Non</strong></span> <span class='ocrx_word' id='word_1_527' title='bbox 1525 3679 1966 3737; x_wconf 84' lang='lat' dir='ltr'><strong>animadvertunt</strong></span> <span class='ocrx_word' id='word_1_528' title='bbox 2011 3681 2117 3732; x_wconf 89' lang='lat' dir='ltr'><strong>mi-</strong></span> 
     </span>
    </p>
   </div>
   <div class='ocr_carea' id='block_1_69' title="bbox 552 3768 2120 3841">
    <p class='ocr_par' dir='ltr' id='par_1_69' title="bbox 552 3768 2120 3841">
     <span class='ocr_line' id='line_1_69' title="bbox 552 3768 2120 3841; baseline -0.001 -14"><span class='ocrx_word' id='word_1_529' title='bbox 552 3773 660 3827; x_wconf 73' lang='lat' dir='ltr'><strong>seri</strong></span> <span class='ocrx_word' id='word_1_530' title='bbox 693 3771 837 3841; x_wconf 70' lang='lat' dir='ltr'><strong>apud</strong></span> <span class='ocrx_word' id='word_1_531' title='bbox 874 3772 1121 3826; x_wconf 82' lang='lat' dir='ltr'><strong>eamdem</strong></span> <span class='ocrx_word' id='word_1_532' title='bbox 1153 3773 1384 3826; x_wconf 83' lang='lat' dir='ltr'><strong>Matrem</strong></span> <span class='ocrx_word' id='word_1_533' title='bbox 1418 3779 1472 3826; x_wconf 89' lang='lat' dir='ltr'><strong>et</strong></span> <span class='ocrx_word' id='word_1_534' title='bbox 1521 3768 1793 3839; x_wconf 84' lang='lat' dir='ltr'><strong>Virginem</strong></span> <span class='ocrx_word' id='word_1_535' title='bbox 1847 3771 2120 3826; x_wconf 84' lang='lat' dir='ltr'><strong>mansisse</strong></span> 
     </span>
    </p>
   </div>
   <div class='ocr_carea' id='block_1_70' title="bbox 554 3860 2116 3932">
    <p class='ocr_par' dir='ltr' id='par_1_70' title="bbox 554 3860 2116 3932">
     <span class='ocr_line' id='line_1_70' title="bbox 554 3860 2116 3932; baseline -0.001 -15"><span class='ocrx_word' id='word_1_536' title='bbox 554 3861 813 3932; x_wconf 77' lang='lat' dir='ltr'><strong>Spiritum</strong></span> <span class='ocrx_word' id='word_1_537' title='bbox 847 3871 1093 3918; x_wconf 89' lang='lat' dir='ltr'><strong>sanctum</strong></span> <span class='ocrx_word' id='word_1_538' title='bbox 1123 3871 1177 3917; x_wconf 92' lang='lat' dir='ltr'><strong>et</strong></span> <span class='ocrx_word' id='word_1_539' title='bbox 1218 3860 1412 3916; x_wconf 75' lang='lat' dir='ltr'><strong>Filium</strong></span> <span class='ocrx_word' id='word_1_540' title='bbox 1441 3901 1456 3928; x_wconf 87' lang='lat'><strong>,</strong></span> <span class='ocrx_word' id='word_1_541' title='bbox 1491 3863 1586 3917; x_wconf 88' lang='lat' dir='ltr'><strong>sed</strong></span> <span class='ocrx_word' id='word_1_542' title='bbox 1623 3862 1768 3917; x_wconf 90' lang='lat' dir='ltr'><strong>hunc</strong></span> <span class='ocrx_word' id='word_1_543' title='bbox 1819 3863 2116 3918; x_wconf 81' lang='lat' dir='ltr'><strong>secundum</strong></span> 
     </span>
    </p>
   </div>
   <div class='ocr_carea' id='block_1_71' title="bbox 556 3955 2120 4030">
    <p class='ocr_par' dir='ltr' id='par_1_71' title="bbox 556 3955 2120 4030">
     <span class='ocr_line' id='line_1_71' title="bbox 556 3955 2120 4030; baseline 0 -20"><span class='ocrx_word' id='word_1_544' title='bbox 556 3969 866 4030; x_wconf 74' lang='lat' dir='ltr'><strong>personam,</strong></span> <span class='ocrx_word' id='word_1_545' title='bbox 910 3955 1060 4009; x_wconf 91' lang='lat' dir='ltr'><strong>illum</strong></span> <span class='ocrx_word' id='word_1_546' title='bbox 1111 3969 1239 4010; x_wconf 89' lang='lat' dir='ltr'><strong>vero</strong></span> <span class='ocrx_word' id='word_1_547' title='bbox 1283 3955 1577 4022; x_wconf 80' lang='lat' dir='ltr'><strong>secundum</strong></span> <span class='ocrx_word' id='word_1_548' title='bbox 1627 3955 1796 4011; x_wconf 85' lang='lat' dir='ltr'><strong>solam</strong></span> <span class='ocrx_word' id='word_1_549' title='bbox 1846 3955 2120 4025; x_wconf 82' lang='lat' dir='ltr'><strong>operatio-</strong></span> 
     </span>
    </p>
   </div>
   <div class='ocr_carea' id='block_1_72' title="bbox 557 4042 2121 4116">
    <p class='ocr_par' dir='ltr' id='par_1_72' title="bbox 557 4042 2121 4116">
     <span class='ocr_line' id='line_1_72' title="bbox 557 4042 2121 4116; baseline 0.001 -17"><span class='ocrx_word' id='word_1_550' title='bbox 557 4061 677 4110; x_wconf 80' lang='lat' dir='ltr'><strong>nem</strong></span> <span class='ocrx_word' id='word_1_551' title='bbox 712 4062 726 4099; x_wconf 88' lang='lat'><strong>:</strong></span> <span class='ocrx_word' id='word_1_552' title='bbox 757 4046 986 4116; x_wconf 89' lang='lat' dir='ltr'><strong>ideoque</strong></span> <span class='ocrx_word' id='word_1_553' title='bbox 1010 4042 1184 4101; x_wconf 80' lang='lat' dir='ltr'><strong>Filius</strong></span> <span class='ocrx_word' id='word_1_554' title='bbox 1214 4052 1446 4112; x_wconf 85' lang='lat' dir='ltr'><strong>tantum,</strong></span> <span class='ocrx_word' id='word_1_555' title='bbox 1475 4054 1530 4101; x_wconf 88' lang='lat' dir='ltr'><strong>at</strong></span> <span class='ocrx_word' id='word_1_556' title='bbox 1577 4060 1685 4101; x_wconf 92' lang='lat' dir='ltr'><strong>non</strong></span> <span class='ocrx_word' id='word_1_557' title='bbox 1718 4043 1955 4114; x_wconf 90' lang='lat' dir='ltr'><strong>Spiritus</strong></span> <span class='ocrx_word' id='word_1_558' title='bbox 1988 4061 2121 4100; x_wconf 83' lang='lat' dir='ltr'><strong>sau-</strong></span> 
     </span>
    </p>
   </div>
   <div class='ocr_carea' id='block_1_73' title="bbox 553 4137 2122 4207">
    <p class='ocr_par' dir='ltr' id='par_1_73' title="bbox 553 4137 2122 4207">
     <span class='ocr_line' id='line_1_73' title="bbox 553 4137 2122 4207; baseline 0.001 -14"><span class='ocrx_word' id='word_1_559' title='bbox 553 4150 675 4201; x_wconf 70' lang='lat' dir='ltr'><strong>ctus</strong></span> <span class='ocrx_word' id='word_1_560' title='bbox 705 4137 868 4194; x_wconf 86' lang='lat' dir='ltr'><strong>homo</strong></span> <span class='ocrx_word' id='word_1_561' title='bbox 897 4138 1072 4195; x_wconf 87' lang='lat' dir='ltr'><strong>factus</strong></span> <span class='ocrx_word' id='word_1_562' title='bbox 1102 4147 1206 4193; x_wconf 89' lang='lat' dir='ltr'><strong>est.</strong></span> <span class='ocrx_word' id='word_1_563' title='bbox 1240 4138 1319 4193; x_wconf 86' lang='lat' dir='ltr'><strong>Ac</strong></span> <span class='ocrx_word' id='word_1_564' title='bbox 1350 4139 1598 4207; x_wconf 84' lang='lat' dir='ltr'><strong>proinde,</strong></span> <span class='ocrx_word' id='word_1_565' title='bbox 1629 4153 1752 4194; x_wconf 90' lang='lat' dir='ltr'><strong>cum</strong></span> <span class='ocrx_word' id='word_1_566' title='bbox 1787 4139 1950 4194; x_wconf 91' lang='lat' dir='ltr'><strong>Deum</strong></span> <span class='ocrx_word' id='word_1_567' title='bbox 1980 4137 2122 4194; x_wconf 66' lang='lat' dir='ltr'><strong>dicio</strong></span> 
     </span>
    </p>
   </div>
   <div class='ocr_carea' id='block_1_74' title="bbox 555 4229 2122 4300">
    <p class='ocr_par' dir='ltr' id='par_1_74' title="bbox 555 4229 2122 4300">
     <span class='ocr_line' id='line_1_74' title="bbox 555 4229 2122 4300; baseline 0 -19"><span class='ocrx_word' id='word_1_568' title='bbox 555 4245 677 4285; x_wconf 70' lang='lat' dir='ltr'><strong>unus</strong></span> <span class='ocrx_word' id='word_1_569' title='bbox 721 4238 815 4284; x_wconf 84' lang='lat' dir='ltr'><strong>aut</strong></span> <span class='ocrx_word' id='word_1_570' title='bbox 847 4229 1110 4300; x_wconf 87' lang='lat' dir='ltr'><strong>Spiritum</strong></span> <span class='ocrx_word' id='word_1_571' title='bbox 1155 4237 1251 4284; x_wconf 91' lang='lat' dir='ltr'><strong>aut</strong></span> <span class='ocrx_word' id='word_1_572' title='bbox 1291 4230 1668 4294; x_wconf 87' lang='lat' dir='ltr'><strong>divinitatem,</strong></span> <span class='ocrx_word' id='word_1_573' title='bbox 1720 4229 1867 4284; x_wconf 85' lang='lat' dir='ltr'><strong>haud</strong></span> <span class='ocrx_word' id='word_1_574' title='bbox 1906 4243 2122 4298; x_wconf 88' lang='lat' dir='ltr'><strong>semper</strong></span> 
     </span>
    </p>
   </div>
   <div class='ocr_carea' id='block_1_75' title="bbox 553 4321 2116 4390">
    <p class='ocr_par' dir='ltr' id='par_1_75' title="bbox 553 4321 2116 4390">
     <span class='ocr_line' id='line_1_75' title="bbox 553 4321 2116 4390; baseline 0.001 -15"><span class='ocrx_word' id='word_1_575' title='bbox 553 4322 698 4376; x_wconf 79' lang='lat' dir='ltr'><strong>idem</strong></span> <span class='ocrx_word' id='word_1_576' title='bbox 734 4321 1126 4390; x_wconf 83' lang='lat' dir='ltr'><strong>intelligimus;</strong></span> <span class='ocrx_word' id='word_1_577' title='bbox 1163 4321 1257 4376; x_wconf 89' lang='lat' dir='ltr'><strong>sed</strong></span> <span class='ocrx_word' id='word_1_578' title='bbox 1284 4323 1368 4376; x_wconf 87' lang='lat' dir='ltr'><strong>vel</strong></span> <span class='ocrx_word' id='word_1_579' title='bbox 1396 4323 1637 4377; x_wconf 87' lang='lat' dir='ltr'><strong>divinam</strong></span> <span class='ocrx_word' id='word_1_580' title='bbox 1677 4322 1995 4385; x_wconf 89' lang='lat' dir='ltr'><strong>essentiam,</strong></span> <span class='ocrx_word' id='word_1_581' title='bbox 2035 4323 2116 4377; x_wconf 90' lang='lat' dir='ltr'><strong>vel</strong></span> 
     </span>
    </p>
   </div>
   <div class='ocr_carea' id='block_1_76' title="bbox 555 4413 2122 4484">
    <p class='ocr_par' dir='ltr' id='par_1_76' title="bbox 555 4413 2122 4484">
     <span class='ocr_line' id='line_1_76' title="bbox 555 4413 2122 4484; baseline -0.001 -15"><span class='ocrx_word' id='word_1_582' title='bbox 555 4429 719 4480; x_wconf 79' lang='lat' dir='ltr'><strong>unam</strong></span> <span class='ocrx_word' id='word_1_583' title='bbox 746 4427 1100 4484; x_wconf 87' lang='lat' dir='ltr'><strong>personarum</strong></span> <span class='ocrx_word' id='word_1_584' title='bbox 1129 4415 1488 4469; x_wconf 69' lang='lat' dir='ltr'><strong>sanctissima:</strong></span> <span class='ocrx_word' id='word_1_585' title='bbox 1520 4413 1825 4480; x_wconf 84' lang='lat' dir='ltr'><strong>Trinitatis,</strong></span> <span class='ocrx_word' id='word_1_586' title='bbox 1862 4414 1945 4469; x_wconf 92' lang='lat' dir='ltr'><strong>vel</strong></span> <span class='ocrx_word' id='word_1_587' title='bbox 1973 4429 2122 4469; x_wconf 89' lang='lat' dir='ltr'><strong>com-</strong></span> 
     </span>
    </p>
   </div>
   <div class='ocr_carea' id='block_1_77' title="bbox 558 4503 2122 4573">
    <p class='ocr_par' dir='ltr' id='par_1_77' title="bbox 558 4503 2122 4573">
     <span class='ocr_line' id='line_1_77' title="bbox 558 4503 2122 4573; baseline 0.002 -14"><span class='ocrx_word' id='word_1_588' title='bbox 558 4519 748 4573; x_wconf 75' lang='lat' dir='ltr'><strong>munes</strong></span> <span class='ocrx_word' id='word_1_589' title='bbox 787 4518 973 4558; x_wconf 89' lang='lat' dir='ltr'><strong>earum</strong></span> <span class='ocrx_word' id='word_1_590' title='bbox 1025 4503 1389 4572; x_wconf 89' lang='lat' dir='ltr'><strong>operationes,</strong></span> <span class='ocrx_word' id='word_1_591' title='bbox 1425 4505 1586 4559; x_wconf 92' lang='lat' dir='ltr'><strong>modo</strong></span> <span class='ocrx_word' id='word_1_592' title='bbox 1624 4506 1928 4571; x_wconf 88' lang='lat' dir='ltr'><strong>universas,</strong></span> <span class='ocrx_word' id='word_1_593' title='bbox 1964 4506 2122 4562; x_wconf 84' lang='lat' dir='ltr'><strong>modo</strong></span> 
     </span>
    </p>
   </div>
   <div class='ocr_carea' id='block_1_78' title="bbox 559 4597 2123 4668">
    <p class='ocr_par' dir='ltr' id='par_1_78' title="bbox 559 4597 2123 4668">
     <span class='ocr_line' id='line_1_78' title="bbox 559 4597 2123 4668; baseline 0.004 -20"><span class='ocrx_word' id='word_1_594' title='bbox 559 4603 764 4664; x_wconf 88' lang='lat' dir='ltr'><strong>plures,</strong></span> <span class='ocrx_word' id='word_1_595' title='bbox 798 4597 959 4652; x_wconf 85' lang='lat' dir='ltr'><strong>modo</strong></span> <span class='ocrx_word' id='word_1_596' title='bbox 987 4610 1148 4651; x_wconf 89' lang='lat' dir='ltr'><strong>unam</strong></span> <span class='ocrx_word' id='word_1_597' title='bbox 1187 4597 1466 4649; x_wconf 78' lang='lat' dir='ltr'><strong>duntaxat.</strong></span> <span class='ocrx_word' id='word_1_598' title='bbox 1514 4597 1650 4652; x_wconf 91' lang='lat' dir='ltr'><strong>Cum</strong></span> <span class='ocrx_word' id='word_1_599' title='bbox 1699 4597 1844 4652; x_wconf 91' lang='lat' dir='ltr'><strong>enim</strong></span> <span class='ocrx_word' id='word_1_600' title='bbox 1895 4597 2123 4668; x_wconf 77' lang='lat' dir='ltr'><strong>magnus</strong></span> 
     </span>
    </p>
   </div>
   <div class='ocr_carea' id='block_1_79' title="bbox 563 4687 2126 4760">
    <p class='ocr_par' dir='ltr' id='par_1_79' title="bbox 563 4687 2126 4760">
     <span class='ocr_line' id='line_1_79' title="bbox 563 4687 2126 4760; baseline 0.002 -18"><span class='ocrx_word' id='word_1_601' title='bbox 563 4690 848 4760; x_wconf 84' lang='lat' dir='ltr'><strong>l‘ionysius</strong></span> <span class='ocrx_word' id='word_1_602' title='bbox 879 4688 1214 4743; x_wconf 84' lang='lat' dir='ltr'><strong>divinitatem</strong></span> <span class='ocrx_word' id='word_1_603' title='bbox 1249 4687 1525 4756; x_wconf 88' lang='lat' dir='ltr'><strong>deiparam</strong></span> <span class='ocrx_word' id='word_1_604' title='bbox 1559 4699 1613 4744; x_wconf 91' lang='lat' dir='ltr'><strong>et</strong></span> <span class='ocrx_word' id='word_1_605' title='bbox 1645 4688 1961 4760; x_wconf 84' lang='lat' dir='ltr'><strong>fontigeram</strong></span> <span class='ocrx_word' id='word_1_606' title='bbox 1994 4691 2126 4745; x_wconf 86' lang='lat' dir='ltr'><strong>dicit</strong></span> 
     </span>
    </p>
   </div>
   <div class='ocr_carea' id='block_1_80' title="bbox 557 4778 2120 4852">
    <p class='ocr_par' dir='ltr' id='par_1_80' title="bbox 557 4778 2120 4852">
     <span class='ocr_line' id='line_1_80' title="bbox 557 4778 2120 4852; baseline 0.002 -20"><span class='ocrx_word' id='word_1_607' title='bbox 557 4780 922 4844; x_wconf 88' lang='lat' dir='ltr'><strong>divinitatem,</strong></span> <span class='ocrx_word' id='word_1_608' title='bbox 956 4795 1137 4834; x_wconf 88' lang='lat' dir='ltr'><strong>nonne</strong></span> <span class='ocrx_word' id='word_1_609' title='bbox 1172 4778 1524 4849; x_wconf 83' lang='lat' dir='ltr'><strong>intelligimus</strong></span> <span class='ocrx_word' id='word_1_610' title='bbox 1553 4780 1633 4835; x_wconf 89' lang='lat' dir='ltr'><strong>sic</strong></span> <span class='ocrx_word' id='word_1_611' title='bbox 1663 4781 1730 4836; x_wconf 87' lang='lat' dir='ltr'><strong>ab</strong></span> <span class='ocrx_word' id='word_1_612' title='bbox 1755 4797 1818 4836; x_wconf 90' lang='lat' dir='ltr'><strong>eo</strong></span> <span class='ocrx_word' id='word_1_613' title='bbox 1861 4782 2120 4852; x_wconf 86' lang='lat' dir='ltr'><strong>appellari</strong></span> 
     </span>
    </p>
   </div>
   <div class='ocr_carea' id='block_1_81' title="bbox 559 4869 1288 4941">
    <p class='ocr_par' dir='ltr' id='par_1_81' title="bbox 559 4869 1288 4941">
     <span class='ocr_line' id='line_1_81' title="bbox 559 4869 1288 4941; baseline 0.004 -20"><span class='ocrx_word' id='word_1_614' title='bbox 559 4872 728 4924; x_wconf 75' lang='lat' dir='ltr'><strong>solam</strong></span> <span class='ocrx_word' id='word_1_615' title='bbox 759 4869 933 4926; x_wconf 88' lang='lat' dir='ltr'><strong>Patris</strong></span> <span class='ocrx_word' id='word_1_616' title='bbox 958 4869 1288 4941; x_wconf 78' lang='lat' dir='ltr'><strong>personam?</strong></span> 
     </span>
    </p>
   </div>
   <div class='ocr_carea' id='block_1_82' title="bbox 2226 3230 3805 3302">
    <p class='ocr_par' dir='ltr' id='par_1_82' title="bbox 2226 3230 3805 3302">
     <span class='ocr_line' id='line_1_82' title="bbox 2226 3230 3805 3302; baseline -0.003 -16"><span class='ocrx_word' id='word_1_617' title='bbox 2226 3234 2534 3287; x_wconf 88' lang='grc' dir='ltr'>ἐνδεικτικά</span> <span class='ocrx_word' id='word_1_618' title='bbox 2564 3236 2680 3287; x_wconf 85' lang='grc' dir='ltr'>ἐστι,</span> <span class='ocrx_word' id='word_1_619' title='bbox 2709 3232 2780 3286; x_wconf 86' lang='grc' dir='ltr'>τὰ</span> <span class='ocrx_word' id='word_1_620' title='bbox 2815 3235 3120 3302; x_wconf 86' lang='grc' dir='ltr'>ποιήματα.</span> <span class='ocrx_word' id='word_1_621' title='bbox 3161 3253 3179 3283; x_wconf 81' lang='grc' dir='ltr'>ι</span> <span class='ocrx_word' id='word_1_622' title='bbox 3209 3233 3369 3285; x_wconf 81' lang='grc' dir='ltr'>’Ὥστε</span> <span class='ocrx_word' id='word_1_623' title='bbox 3399 3231 3486 3282; x_wconf 70' lang='grc' dir='ltr'>τὸν</span> <span class='ocrx_word' id='word_1_624' title='bbox 3515 3230 3650 3283; x_wconf 66' lang='grc' dir='ltr'>Θεδν</span> <span class='ocrx_word' id='word_1_625' title='bbox 3683 3232 3805 3282; x_wconf 83' lang='grc' dir='ltr'>ἐκεῖ</span> 
     </span>
    </p>
   </div>
   <div class='ocr_carea' id='block_1_83' title="bbox 2226 3320 3804 3394">
    <p class='ocr_par' dir='ltr' id='par_1_83' title="bbox 2226 3320 3804 3394">
     <span class='ocr_line' id='line_1_83' title="bbox 2226 3320 3804 3394; baseline -0.004 -17"><span class='ocrx_word' id='word_1_626' title='bbox 2226 3325 2635 3394; x_wconf 86' lang='grc' dir='ltr'>γινωσκόμενον</span> <span class='ocrx_word' id='word_1_627' title='bbox 2669 3325 2814 3378; x_wconf 86' lang='grc' dir='ltr'><strong>κατά</strong></span> <span class='ocrx_word' id='word_1_628' title='bbox 2839 3326 2937 3394; x_wconf 79' lang='grc' dir='ltr'><strong>τὴν</strong></span> <span class='ocrx_word' id='word_1_629' title='bbox 2963 3324 3193 3394; x_wconf 83' lang='grc' dir='ltr'>δύναμίν</span> <span class='ocrx_word' id='word_1_630' title='bbox 3222 3339 3408 3390; x_wconf 64' lang='grc' dir='ltr'>φησιν,</span> <span class='ocrx_word' id='word_1_631' title='bbox 3434 3321 3495 3374; x_wconf 82' lang='grc' dir='ltr'><strong>οῦ</strong></span> <span class='ocrx_word' id='word_1_632' title='bbox 3536 3321 3676 3372; x_wconf 75' lang='grc' dir='ltr'>κατὰ</span> <span class='ocrx_word' id='word_1_633' title='bbox 3701 3320 3804 3390; x_wconf 75' lang='grc' dir='ltr'>τὴν</span> 
     </span>
    </p>
   </div>
   <div class='ocr_carea' id='block_1_84' title="bbox 2224 3406 3798 3485">
    <p class='ocr_par' dir='ltr' id='par_1_84' title="bbox 2224 3406 3798 3485">
     <span class='ocr_line' id='line_1_84' title="bbox 2224 3406 3798 3485; baseline -0.004 -17"><span class='ocrx_word' id='word_1_634' title='bbox 2224 3416 2434 3469; x_wconf 85' lang='grc' dir='ltr'>οὐσίαν.</span> <span class='ocrx_word' id='word_1_635' title='bbox 2468 3417 2531 3470; x_wconf 84' lang='grc' dir='ltr'><strong>Οἱ</strong></span> <span class='ocrx_word' id='word_1_636' title='bbox 2558 3416 2616 3468; x_wconf 80' lang='grc' dir='ltr'><strong>δὲ</strong></span> <span class='ocrx_word' id='word_1_637' title='bbox 2649 3416 3097 3485; x_wconf 84' lang='grc' dir='ltr'>μικρογνὼμονες</span> <span class='ocrx_word' id='word_1_638' title='bbox 3127 3408 3296 3476; x_wconf 71' lang='grc' dir='ltr'>οὗτοι,</span> <span class='ocrx_word' id='word_1_639' title='bbox 3329 3406 3389 3465; x_wconf 73' lang='grc' dir='ltr'>οὗ</span> <span class='ocrx_word' id='word_1_640' title='bbox 3419 3415 3484 3466; x_wconf 72' lang='grc' dir='ltr'><strong>ἀν</strong></span> <span class='ocrx_word' id='word_1_641' title='bbox 3522 3411 3798 3464; x_wconf 78' lang='grc' dir='ltr'>ἀκούσωσι</span> 
     </span>
    </p>
   </div>
   <div class='ocr_carea' id='block_1_85' title="bbox 2224 3502 3794 3577">
    <p class='ocr_par' dir='ltr' id='par_1_85' title="bbox 2224 3502 3794 3577">
     <span class='ocr_line' id='line_1_85' title="bbox 2224 3502 3794 3577; baseline -0.005 -15"><span class='ocrx_word' id='word_1_642' title='bbox 2224 3507 2317 3562; x_wconf 76' lang='grc' dir='ltr'>τὸν</span> <span class='ocrx_word' id='word_1_643' title='bbox 2347 3508 2500 3573; x_wconf 68' lang='grc' dir='ltr'>Θεὸν,</span> <span class='ocrx_word' id='word_1_644' title='bbox 2535 3509 2567 3577; x_wconf 83' lang='grc' dir='ltr'>ἢ</span> <span class='ocrx_word' id='word_1_645' title='bbox 2599 3508 2658 3560; x_wconf 77' lang='grc' dir='ltr'>τὸ</span> <span class='ocrx_word' id='word_1_646' title='bbox 2721 3507 2946 3576; x_wconf 87' lang='grc' dir='ltr'>Πνεῦμα</span> <span class='ocrx_word' id='word_1_647' title='bbox 3003 3507 3060 3559; x_wconf 74' lang='grc' dir='ltr'>τὸ</span> <span class='ocrx_word' id='word_1_648' title='bbox 3108 3508 3265 3573; x_wconf 79' lang='grc' dir='ltr'>ἇγιον</span> <span class='ocrx_word' id='word_1_649' title='bbox 3311 3505 3735 3573; x_wconf 77' lang='grc' dir='ltr'>ἐπιφαινόμενον</span> <span class='ocrx_word' id='word_1_650' title='bbox 3760 3502 3794 3570; x_wconf 68' lang='grc' dir='ltr'><strong>ἢ</strong></span> 
     </span>
    </p>
   </div>
   <div class='ocr_carea' id='block_1_86' title="bbox 2229 3594 3789 3668">
    <p class='ocr_par' dir='ltr' id='par_1_86' title="bbox 2229 3594 3789 3668">
     <span class='ocr_line' id='line_1_86' title="bbox 2229 3594 3789 3668; baseline -0.003 -18"><span class='ocrx_word' id='word_1_651' title='bbox 2229 3598 2598 3667; x_wconf 85' lang='grc' dir='ltr'>μετεχόμενον</span> <span class='ocrx_word' id='word_1_652' title='bbox 2627 3599 2659 3667; x_wconf 82' lang='grc' dir='ltr'><strong>ἢ</strong></span> <span class='ocrx_word' id='word_1_653' title='bbox 2698 3598 2998 3668; x_wconf 80' lang='grc' dir='ltr'>ἐρχόμενον</span> <span class='ocrx_word' id='word_1_654' title='bbox 3034 3598 3125 3648; x_wconf 75' lang='grc' dir='ltr'>καὶ</span> <span class='ocrx_word' id='word_1_655' title='bbox 3158 3596 3330 3664; x_wconf 76' lang='grc' dir='ltr'>μονὴν</span> <span class='ocrx_word' id='word_1_656' title='bbox 3379 3594 3724 3661; x_wconf 80' lang='grc' dir='ltr'>ποιούμενον,</span> <span class='ocrx_word' id='word_1_657' title='bbox 3757 3595 3789 3663; x_wconf 73' lang='grc' dir='ltr'>ἢ</span> 
     </span>
    </p>
   </div>
   <div class='ocr_carea' id='block_1_87' title="bbox 2228 3684 3792 3759">
    <p class='ocr_par' dir='ltr' id='par_1_87' title="bbox 2228 3684 3792 3759">
     <span class='ocr_line' id='line_1_87' title="bbox 2228 3684 3792 3759; baseline -0.006 -15"><span class='ocrx_word' id='word_1_658' title='bbox 2228 3691 2432 3758; x_wconf 86' lang='grc' dir='ltr'>κτίσμα</span> <span class='ocrx_word' id='word_1_659' title='bbox 2479 3690 2637 3743; x_wconf 89' lang='grc' dir='ltr'>τοῦτο</span> <span class='ocrx_word' id='word_1_660' title='bbox 2667 3690 2938 3758; x_wconf 84' lang='grc' dir='ltr'>λέγουσιν,</span> <span class='ocrx_word' id='word_1_661' title='bbox 2976 3689 3008 3759; x_wconf 81' lang='grc' dir='ltr'>ἢ</span> <span class='ocrx_word' id='word_1_662' title='bbox 3045 3689 3142 3759; x_wconf 83' lang='grc' dir='ltr'>τὴν</span> <span class='ocrx_word' id='word_1_663' title='bbox 3187 3688 3379 3741; x_wconf 79' lang='grc' dir='ltr'>οὐσίαν</span> <span class='ocrx_word' id='word_1_664' title='bbox 3427 3684 3568 3741; x_wconf 73' lang='grc' dir='ltr'>εἶναι</span> <span class='ocrx_word' id='word_1_665' title='bbox 3619 3685 3792 3738; x_wconf 75' lang='grc' dir='ltr'><strong>διαῦεο</strong></span> 
     </span>
    </p>
   </div>
   <div class='ocr_carea' id='block_1_88' title="bbox 2227 3777 3788 3849">
    <p class='ocr_par' dir='ltr' id='par_1_88' title="bbox 2227 3777 3788 3849">
     <span class='ocr_line' id='line_1_88' title="bbox 2227 3777 3788 3849; baseline -0.006 -13"><span class='ocrx_word' id='word_1_666' title='bbox 2227 3782 2514 3837; x_wconf 76' lang='grc' dir='ltr'>ϐαιοῦνται</span> <span class='ocrx_word' id='word_1_667' title='bbox 2545 3781 2639 3836; x_wconf 89' lang='grc' dir='ltr'><strong>τοῦ</strong></span> <span class='ocrx_word' id='word_1_668' title='bbox 2670 3781 2828 3839; x_wconf 74' lang='grc' dir='ltr'>Θεοῦ.</span> <span class='ocrx_word' id='word_1_669' title='bbox 2857 3781 2965 3834; x_wconf 67' lang='grc' dir='ltr'><strong>Καὶ</strong></span> <span class='ocrx_word' id='word_1_670' title='bbox 2993 3780 3120 3841; x_wconf 76' lang='grc' dir='ltr'>τοὺς</span> <span class='ocrx_word' id='word_1_671' title='bbox 3155 3778 3229 3849; x_wconf 84' lang='grc' dir='ltr'>μὴ</span> <span class='ocrx_word' id='word_1_672' title='bbox 3261 3778 3380 3831; x_wconf 82' lang='grc' dir='ltr'>κατ’</span> <span class='ocrx_word' id='word_1_673' title='bbox 3403 3778 3604 3838; x_wconf 75' lang='grc' dir='ltr'>αὐτοὺς</span> <span class='ocrx_word' id='word_1_674' title='bbox 3628 3777 3788 3845; x_wconf 83' lang='grc' dir='ltr'>βλασ-</span> 
     </span>
    </p>
   </div>
   <div class='ocr_carea' id='block_1_89' title="bbox 2232 3867 3788 3944">
    <p class='ocr_par' dir='ltr' id='par_1_89' title="bbox 2232 3867 3788 3944">
     <span class='ocr_line' id='line_1_89' title="bbox 2232 3867 3788 3944; baseline -0.007 -16"><span class='ocrx_word' id='word_1_675' title='bbox 2232 3877 2438 3944; x_wconf 80' lang='grc' dir='ltr'>φημεῖν</span> <span class='ocrx_word' id='word_1_676' title='bbox 2487 3873 2853 3943; x_wconf 81' lang='grc' dir='ltr'>ἀνεχομένους</span> <span class='ocrx_word' id='word_1_677' title='bbox 2898 3872 3072 3940; x_wconf 57' lang='lat' dir='ltr'><strong>Misi;</strong></span> <span class='ocrx_word' id='word_1_678' title='bbox 3139 3868 3498 3939; x_wconf 78' lang='grc' dir='ltr'>περιπίπτειν</span> <span class='ocrx_word' id='word_1_679' title='bbox 3550 3867 3788 3934; x_wconf 78' lang='grc' dir='ltr'>λέγουσι,</span> 
     </span>
    </p>
   </div>
   <div class='ocr_carea' id='block_1_90' title="bbox 2232 3958 3793 4036">
    <p class='ocr_par' dir='ltr' id='par_1_90' title="bbox 2232 3958 3793 4036">
     <span class='ocr_line' id='line_1_90' title="bbox 2232 3958 3793 4036; baseline -0.006 -18"><span class='ocrx_word' id='word_1_680' title='bbox 2232 3966 2358 4036; x_wconf 77' lang='grc' dir='ltr'><strong>μηδ’</strong></span> <span class='ocrx_word' id='word_1_681' title='bbox 2389 3966 2565 4019; x_wconf 81' lang='grc' dir='ltr'>ἐκεῖνο</span> <span class='ocrx_word' id='word_1_682' title='bbox 2613 3965 2708 4017; x_wconf 77' lang='grc' dir='ltr'>ἐπὶ</span> <span class='ocrx_word' id='word_1_683' title='bbox 2745 3963 2869 4015; x_wconf 84' lang='grc' dir='ltr'>νοῦν</span> <span class='ocrx_word' id='word_1_684' title='bbox 2910 3959 3302 4031; x_wconf 79' lang='grc' dir='ltr'>λαμϐάνοντες,</span> <span class='ocrx_word' id='word_1_685' title='bbox 3341 3959 3392 4011; x_wconf 74' lang='lat' dir='ltr'><strong>oi</strong></span> <span class='ocrx_word' id='word_1_686' title='bbox 3438 3958 3689 4020; x_wconf 78' lang='grc' dir='ltr'>τάλανες,</span> <span class='ocrx_word' id='word_1_687' title='bbox 3723 3958 3793 4018; x_wconf 84' lang='grc' dir='ltr'>ὡς</span> 
     </span>
    </p>
   </div>
   <div class='ocr_carea' id='block_1_91' title="bbox 2227 4047 3796 4126">
    <p class='ocr_par' dir='ltr' id='par_1_91' title="bbox 2227 4047 3796 4126">
     <span class='ocr_line' id='line_1_91' title="bbox 2227 4047 3796 4126; baseline -0.006 -18"><span class='ocrx_word' id='word_1_688' title='bbox 2227 4057 2322 4110; x_wconf 56' lang='grc' dir='ltr'><strong>ἐπί¹</strong></span> <span class='ocrx_word' id='word_1_689' title='bbox 2367 4056 2467 4126; x_wconf 85' lang='grc' dir='ltr'>τὴν</span> <span class='ocrx_word' id='word_1_690' title='bbox 2499 4055 2668 4124; x_wconf 83' lang='grc' dir='ltr'>μόνην</span> <span class='ocrx_word' id='word_1_691' title='bbox 2697 4051 2922 4124; x_wconf 79' lang='grc' dir='ltr'>Μητέρα</span> <span class='ocrx_word' id='word_1_692' title='bbox 2967 4053 3062 4105; x_wconf 70' lang='grc' dir='ltr'><strong>καὶ</strong></span> <span class='ocrx_word' id='word_1_693' title='bbox 3114 4050 3390 4121; x_wconf 79' lang='grc' dir='ltr'>Παρθένον</span> <span class='ocrx_word' id='word_1_694' title='bbox 3435 4049 3530 4102; x_wconf 72' lang='grc' dir='ltr'>καὶ</span> <span class='ocrx_word' id='word_1_695' title='bbox 3571 4049 3704 4102; x_wconf 82' lang='grc' dir='ltr'>αὐτὸ</span> <span class='ocrx_word' id='word_1_696' title='bbox 3738 4047 3796 4100; x_wconf 84' lang='grc' dir='ltr'>τὺ</span> 
     </span>
    </p>
   </div>
   <div class='ocr_carea' id='block_1_92' title="bbox 2233 4138 3795 4215">
    <p class='ocr_par' dir='ltr' id='par_1_92' title="bbox 2233 4138 3795 4215">
     <span class='ocr_line' id='line_1_92' title="bbox 2233 4138 3795 4215; baseline -0.006 -15"><span class='ocrx_word' id='word_1_697' title='bbox 2233 4146 2460 4215; x_wconf 85' lang='grc' dir='ltr'>Πνεῦμα</span> <span class='ocrx_word' id='word_1_698' title='bbox 2509 4145 2571 4200; x_wconf 84' lang='grc' dir='ltr'><strong>τὸ</strong></span> <span class='ocrx_word' id='word_1_699' title='bbox 2602 4144 2758 4212; x_wconf 72' lang='grc' dir='ltr'>ἅγιον</span> <span class='ocrx_word' id='word_1_700' title='bbox 2808 4143 3157 4214; x_wconf 69' lang='grc' dir='ltr'>παραγέγονε</span> <span class='ocrx_word' id='word_1_701' title='bbox 3201 4141 3296 4196; x_wconf 70' lang='grc' dir='ltr'>καὶ</span> <span class='ocrx_word' id='word_1_702' title='bbox 3335 4143 3364 4194; x_wconf 83' lang='grc' dir='ltr'>ὁ</span> <span class='ocrx_word' id='word_1_703' title='bbox 3413 4139 3576 4202; x_wconf 78' lang='grc' dir='ltr'>Υἱός·</span> <span class='ocrx_word' id='word_1_704' title='bbox 3607 4138 3729 4205; x_wconf 80' lang='grc' dir='ltr'>ἀλλ’</span> <span class='ocrx_word' id='word_1_705' title='bbox 3767 4139 3795 4191; x_wconf 81' lang='grc' dir='ltr'><strong>ὁ</strong></span> 
     </span>
    </p>
   </div>
   <div class='ocr_carea' id='block_1_93' title="bbox 2231 4231 3794 4308">
    <p class='ocr_par' dir='ltr' id='par_1_93' title="bbox 2231 4231 3794 4308">
     <span class='ocr_line' id='line_1_93' title="bbox 2231 4231 3794 4308; baseline -0.006 -17"><span class='ocrx_word' id='word_1_706' title='bbox 2231 4239 2330 4308; x_wconf 83' lang='grc' dir='ltr'><strong>μέν</strong></span> <span class='ocrx_word' id='word_1_707' title='bbox 2362 4237 2484 4291; x_wconf 87' lang='grc' dir='ltr'>καθ’</span> <span class='ocrx_word' id='word_1_708' title='bbox 2515 4238 2838 4301; x_wconf 85' lang='grc' dir='ltr'>ὑπόστασιν,</span> <span class='ocrx_word' id='word_1_709' title='bbox 2885 4236 2946 4288; x_wconf 80' lang='grc' dir='ltr'><strong>τὸ</strong></span> <span class='ocrx_word' id='word_1_710' title='bbox 2994 4235 3060 4290; x_wconf 78' lang='grc' dir='ltr'><strong>δὲ.</strong></span> <span class='ocrx_word' id='word_1_711' title='bbox 3092 4235 3239 4288; x_wconf 86' lang='grc' dir='ltr'><strong>κατά</strong></span> <span class='ocrx_word' id='word_1_712' title='bbox 3276 4234 3447 4305; x_wconf 85' lang='grc' dir='ltr'>μόνην</span> <span class='ocrx_word' id='word_1_713' title='bbox 3485 4233 3586 4300; x_wconf 85' lang='grc' dir='ltr'><strong>τὴν</strong></span> <span class='ocrx_word' id='word_1_714' title='bbox 3643 4231 3794 4298; x_wconf 70' lang='grc' dir='ltr'>ἐνέρο</span> 
     </span>
    </p>
   </div>
   <div class='ocr_carea' id='block_1_94' title="bbox 2228 4322 3792 4396">
    <p class='ocr_par' dir='ltr' id='par_1_94' title="bbox 2228 4322 3792 4396">
     <span class='ocr_line' id='line_1_94' title="bbox 2228 4322 3792 4396; baseline -0.006 -13"><span class='ocrx_word' id='word_1_715' title='bbox 2228 4344 2382 4396; x_wconf 85' lang='grc' dir='ltr'>γειαν</span> <span class='ocrx_word' id='word_1_716' title='bbox 2403 4345 2416 4358; x_wconf 85' lang='grc'><strong><em>⁸</em></strong></span> <span class='ocrx_word' id='word_1_717' title='bbox 2448 4328 2530 4385; x_wconf 69' lang='grc' dir='ltr'><strong>διδ</strong></span> <span class='ocrx_word' id='word_1_718' title='bbox 2547 4329 2642 4382; x_wconf 77' lang='grc' dir='ltr'>καὶ</span> <span class='ocrx_word' id='word_1_719' title='bbox 2658 4330 2685 4381; x_wconf 86' lang='grc' dir='ltr'>ὁ</span> <span class='ocrx_word' id='word_1_720' title='bbox 2713 4329 2840 4390; x_wconf 78' lang='grc' dir='ltr'>Υίδς</span> <span class='ocrx_word' id='word_1_721' title='bbox 2873 4328 3054 4396; x_wconf 80' lang='grc' dir='ltr'>μόνος,</span> <span class='ocrx_word' id='word_1_722' title='bbox 3083 4327 3200 4379; x_wconf 83' lang='grc' dir='ltr'>ἀλλ’</span> <span class='ocrx_word' id='word_1_723' title='bbox 3219 4326 3344 4394; x_wconf 74' lang='grc' dir='ltr'>οὐχὶ</span> <span class='ocrx_word' id='word_1_724' title='bbox 3369 4326 3462 4378; x_wconf 78' lang='grc' dir='ltr'>καὶ</span> <span class='ocrx_word' id='word_1_725' title='bbox 3487 4324 3547 4377; x_wconf 82' lang='grc' dir='ltr'><strong>τὸ</strong></span> <span class='ocrx_word' id='word_1_726' title='bbox 3569 4322 3792 4390; x_wconf 79' lang='grc' dir='ltr'>Πνεῦμα</span> 
     </span>
    </p>
   </div>
   <div class='ocr_carea' id='block_1_95' title="bbox 2229 4416 3791 4492">
    <p class='ocr_par' dir='ltr' id='par_1_95' title="bbox 2229 4416 3791 4492">
     <span class='ocr_line' id='line_1_95' title="bbox 2229 4416 3791 4492; baseline -0.005 -18"><span class='ocrx_word' id='word_1_727' title='bbox 2229 4421 2642 4492; x_wconf 82' lang='grc' dir='ltr'>ἐνηνθρὼπησε.</span> <span class='ocrx_word' id='word_1_728' title='bbox 2681 4423 2794 4475; x_wconf 77' lang='grc' dir='ltr'><strong>Καὶ</strong></span> <span class='ocrx_word' id='word_1_729' title='bbox 2847 4421 3034 4473; x_wconf 80' lang='grc' dir='ltr'>τοίνυν</span> <span class='ocrx_word' id='word_1_730' title='bbox 3090 4420 3218 4472; x_wconf 78' lang='grc' dir='ltr'>ὅταν</span> <span class='ocrx_word' id='word_1_731' title='bbox 3268 4417 3520 4486; x_wconf 78' lang='grc' dir='ltr'>λέγωμεν</span> <span class='ocrx_word' id='word_1_732' title='bbox 3574 4416 3706 4467; x_wconf 71' lang='grc' dir='ltr'>Θεὸν</span> <span class='ocrx_word' id='word_1_733' title='bbox 3759 4417 3791 4484; x_wconf 78' lang='grc' dir='ltr'>ἦ</span> 
     </span>
    </p>
   </div>
   <div class='ocr_carea' id='block_1_96' title="bbox 2231 4507 3796 4582">
    <p class='ocr_par' dir='ltr' id='par_1_96' title="bbox 2231 4507 3796 4582">
     <span class='ocr_line' id='line_1_96' title="bbox 2231 4507 3796 4582; baseline -0.006 -16"><span class='ocrx_word' id='word_1_734' title='bbox 2231 4513 2517 4582; x_wconf 84' lang='grc' dir='ltr'>Πνεῦμαῆ</span> <span class='ocrx_word' id='word_1_735' title='bbox 2567 4513 2820 4582; x_wconf 87' lang='grc' dir='ltr'>θεότητα,</span> <span class='ocrx_word' id='word_1_736' title='bbox 2854 4515 2953 4565; x_wconf 74' lang='grc' dir='ltr'><strong>οὐκ</strong></span> <span class='ocrx_word' id='word_1_737' title='bbox 2993 4511 3080 4565; x_wconf 75' lang='grc' dir='ltr'>ἀεὶ</span> <span class='ocrx_word' id='word_1_738' title='bbox 3118 4509 3348 4578; x_wconf 72' lang='grc' dir='ltr'>νοοῦμεν</span> <span class='ocrx_word' id='word_1_739' title='bbox 3393 4509 3451 4560; x_wconf 81' lang='grc' dir='ltr'><strong>τὸ</strong></span> <span class='ocrx_word' id='word_1_740' title='bbox 3496 4508 3652 4568; x_wconf 78' lang='grc' dir='ltr'>αὐτὸ,</span> <span class='ocrx_word' id='word_1_741' title='bbox 3696 4507 3796 4573; x_wconf 69' lang='grc' dir='ltr'><strong>τὴν</strong></span> 
     </span>
    </p>
   </div>
   <div class='ocr_carea' id='block_1_97' title="bbox 2229 4598 3822 4677">
    <p class='ocr_par' dir='ltr' id='par_1_97' title="bbox 2229 4598 3822 4677">
     <span class='ocr_line' id='line_1_97' title="bbox 2229 4598 3822 4677; baseline -0.006 -19"><span class='ocrx_word' id='word_1_742' title='bbox 2229 4605 2381 4658; x_wconf 86' lang='grc' dir='ltr'>θείαν</span> <span class='ocrx_word' id='word_1_743' title='bbox 2403 4604 2590 4657; x_wconf 85' lang='grc' dir='ltr'>οὐσίαν</span> <span class='ocrx_word' id='word_1_744' title='bbox 2616 4604 2820 4674; x_wconf 80' lang='grc' dir='ltr'>δηλαδὴ</span> <span class='ocrx_word' id='word_1_745' title='bbox 2854 4604 2886 4674; x_wconf 74' lang='grc' dir='ltr'>ἦ</span> <span class='ocrx_word' id='word_1_746' title='bbox 2919 4621 3039 4654; x_wconf 87' lang='grc' dir='ltr'>τινα</span> <span class='ocrx_word' id='word_1_747' title='bbox 3078 4603 3188 4654; x_wconf 81' lang='grc' dir='ltr'><strong>τῶν</strong></span> <span class='ocrx_word' id='word_1_748' title='bbox 3223 4601 3323 4669; x_wconf 79' lang='grc' dir='ltr'>τῆς</span> <span class='ocrx_word' id='word_1_749' title='bbox 3357 4599 3516 4666; x_wconf 85' lang='grc' dir='ltr'>ἁγίας</span> <span class='ocrx_word' id='word_1_750' title='bbox 3565 4598 3822 4677; x_wconf 38' lang='grc' dir='ltr'>Τριάδος.</span> 
     </span>
    </p>
   </div>
   <div class='ocr_carea' id='block_1_98' title="bbox 2233 4686 3825 4762">
    <p class='ocr_par' dir='ltr' id='par_1_98' title="bbox 2233 4686 3825 4762">
     <span class='ocr_line' id='line_1_98' title="bbox 2233 4686 3825 4762; baseline -0.008 -13"><span class='ocrx_word' id='word_1_751' title='bbox 2233 4696 2380 4757; x_wconf 80' lang='grc' dir='ltr'>ἰδίως</span> <span class='ocrx_word' id='word_1_752' title='bbox 2421 4693 2796 4756; x_wconf 83' lang='grc' dir='ltr'>ὑποστάσεων,</span> <span class='ocrx_word' id='word_1_753' title='bbox 2830 4693 2862 4762; x_wconf 82' lang='grc' dir='ltr'>ἢ</span> <span class='ocrx_word' id='word_1_754' title='bbox 2912 4695 3010 4762; x_wconf 76' lang='grc' dir='ltr'><strong>τὴν</strong></span> <span class='ocrx_word' id='word_1_755' title='bbox 3053 4692 3242 4761; x_wconf 78' lang='grc' dir='ltr'>κοινὴν</span> <span class='ocrx_word' id='word_1_756' title='bbox 3271 4691 3554 4759; x_wconf 74' lang='grc' dir='ltr'>ἐνέργειαν</span> <span class='ocrx_word' id='word_1_757' title='bbox 3591 4686 3825 4749; x_wconf 51' lang='lat' dir='ltr'><strong>eortina,“</strong></span> 
     </span>
    </p>
   </div>
   <div class='ocr_carea' id='block_1_99' title="bbox 2230 4778 3797 4854">
    <p class='ocr_par' dir='ltr' id='par_1_99' title="bbox 2230 4778 3797 4854">
     <span class='ocr_line' id='line_1_99' title="bbox 2230 4778 3797 4854; baseline -0.004 -16"><span class='ocrx_word' id='word_1_758' title='bbox 2230 4785 2348 4838; x_wconf 82' lang='grc' dir='ltr'>ἀλλ’</span> <span class='ocrx_word' id='word_1_759' title='bbox 2380 4787 2494 4838; x_wconf 82' lang='grc' dir='ltr'>ἔστι</span> <span class='ocrx_word' id='word_1_760' title='bbox 2531 4787 2628 4854; x_wconf 82' lang='grc' dir='ltr'>μὲν</span> <span class='ocrx_word' id='word_1_761' title='bbox 2665 4787 2756 4838; x_wconf 83' lang='grc' dir='ltr'>ὅτε</span> <span class='ocrx_word' id='word_1_762' title='bbox 2789 4785 2984 4846; x_wconf 87' lang='grc' dir='ltr'>πάντα,</span> <span class='ocrx_word' id='word_1_763' title='bbox 3017 4783 3134 4836; x_wconf 77' lang='grc' dir='ltr'>ἐστι</span> <span class='ocrx_word' id='word_1_764' title='bbox 3164 4784 3208 4836; x_wconf 86' lang='grc' dir='ltr'>δ’</span> <span class='ocrx_word' id='word_1_765' title='bbox 3242 4785 3330 4837; x_wconf 83' lang='grc' dir='ltr'>ὅτε</span> <span class='ocrx_word' id='word_1_766' title='bbox 3363 4782 3553 4848; x_wconf 89' lang='grc' dir='ltr'>πλείω,</span> <span class='ocrx_word' id='word_1_767' title='bbox 3603 4782 3722 4833; x_wconf 82' lang='grc' dir='ltr'>ἐστι</span> <span class='ocrx_word' id='word_1_768' title='bbox 3751 4778 3797 4831; x_wconf 83' lang='grc' dir='ltr'><strong>δ’</strong></span> 
     </span>
    </p>
   </div>
   <div class='ocr_carea' id='block_1_100' title="bbox 2229 4869 3797 4942">
    <p class='ocr_par' dir='ltr' id='par_1_100' title="bbox 2229 4869 3797 4942">
     <span class='ocr_line' id='line_1_100' title="bbox 2229 4869 3797 4942; baseline -0.004 -15"><span class='ocrx_word' id='word_1_769' title='bbox 2229 4876 2316 4927; x_wconf 82' lang='grc' dir='ltr'><strong>ὅτε</strong></span> <span class='ocrx_word' id='word_1_770' title='bbox 2343 4873 2550 4927; x_wconf 81' lang='grc' dir='ltr'>τούτων</span> <span class='ocrx_word' id='word_1_771' title='bbox 2597 4873 2677 4926; x_wconf 79' lang='grc' dir='ltr'>ἐν.</span> <span class='ocrx_word' id='word_1_772' title='bbox 2711 4873 2886 4926; x_wconf 86' lang='grc' dir='ltr'>Ὅταν</span> <span class='ocrx_word' id='word_1_773' title='bbox 2923 4873 3032 4942; x_wconf 83' lang='grc' dir='ltr'>γὰρ</span> <span class='ocrx_word' id='word_1_774' title='bbox 3077 4875 3105 4926; x_wconf 84' lang='grc' dir='ltr'><strong>ὁ</strong></span> <span class='ocrx_word' id='word_1_775' title='bbox 3140 4873 3313 4942; x_wconf 80' lang='grc' dir='ltr'>μέγας</span> <span class='ocrx_word' id='word_1_776' title='bbox 3353 4871 3630 4927; x_wconf 75' lang='grc' dir='ltr'>Διονύσιος</span> <span class='ocrx_word' id='word_1_777' title='bbox 3675 4869 3797 4922; x_wconf 82' lang='grc' dir='ltr'>θεό-</span> 
     </span>
    </p>
   </div>
   <div class='ocr_carea' id='block_1_101' title="bbox 557 4961 3799 5043">
    <p class='ocr_par' dir='ltr' id='par_1_101' title="bbox 557 4961 3799 5043">
     <span class='ocr_line' id='line_1_101' title="bbox 557 4961 3799 5043; baseline 0.001 -30"><span class='ocrx_word' id='word_1_778' title='bbox 557 4981 695 5027; x_wconf 75' lang='grc' dir='ltr'>τητα</span> <span class='ocrx_word' id='word_1_779' title='bbox 725 4961 976 5030; x_wconf 84' lang='grc' dir='ltr'>θεογόνον</span> <span class='ocrx_word' id='word_1_780' title='bbox 1004 4964 1098 5018; x_wconf 77' lang='grc' dir='ltr'><strong>καὶ</strong></span> <span class='ocrx_word' id='word_1_781' title='bbox 1127 4962 1372 5032; x_wconf 81' lang='grc' dir='ltr'>πηγαίαν</span> <span class='ocrx_word' id='word_1_782' title='bbox 1396 4965 1469 5033; x_wconf 80' lang='grc' dir='ltr'><strong>φῇ</strong></span> <span class='ocrx_word' id='word_1_783' title='bbox 1503 4961 1755 5034; x_wconf 82' lang='grc' dir='ltr'>θεότητα,</span> <span class='ocrx_word' id='word_1_784' title='bbox 1785 4965 1842 5017; x_wconf 81' lang='grc' dir='ltr'><strong>οὐ</strong></span> <span class='ocrx_word' id='word_1_785' title='bbox 1877 4967 2190 5038; x_wconf 82' lang='grc' dir='ltr'>συνορῶμεν</span> <span class='ocrx_word' id='word_1_786' title='bbox 2253 4965 2460 5043; x_wconf 45' lang='grc' dir='ltr'>τοῦτοη</span> <span class='ocrx_word' id='word_1_787' title='bbox 2483 4964 2626 5019; x_wconf 63' lang='grc' dir='ltr'>οὕτω</span> <span class='ocrx_word' id='word_1_788' title='bbox 2674 4967 2840 5037; x_wconf 83' lang='grc' dir='ltr'>μόνην</span> <span class='ocrx_word' id='word_1_789' title='bbox 2908 4967 3383 5035; x_wconf 84' lang='grc' dir='ltr'>προσαγορεύοντα</span> <span class='ocrx_word' id='word_1_790' title='bbox 3440 4965 3541 5035; x_wconf 77' lang='grc' dir='ltr'><strong>τὴν</strong></span> <span class='ocrx_word' id='word_1_791' title='bbox 3606 4981 3799 5033; x_wconf 75' lang='grc' dir='ltr'>πατρι-</span> 
     </span>
    </p>
   </div>
   <div class='ocr_carea' id='block_1_102' title="bbox 560 5051 1024 5122">
    <p class='ocr_par' dir='ltr' id='par_1_102' title="bbox 560 5051 1024 5122">
     <span class='ocr_line' id='line_1_102' title="bbox 560 5051 1024 5122; baseline 0.002 -19"><span class='ocrx_word' id='word_1_792' title='bbox 560 5052 658 5122; x_wconf 74' lang='grc' dir='ltr'><strong>κὴν</strong></span> <span class='ocrx_word' id='word_1_793' title='bbox 690 5051 988 5105; x_wconf 76' lang='grc' dir='ltr'>ὑπόστασιν</span> <span class='ocrx_word' id='word_1_794' title='bbox 1011 5071 1024 5121; x_wconf 91' lang='grc'><strong>;</strong></span> 
     </span>
    </p>
   </div>
   <div class='ocr_carea' id='block_1_103' title="bbox 636 5142 2130 5217">
    <p class='ocr_par' dir='ltr' id='par_1_103' title="bbox 636 5142 2130 5217">
     <span class='ocr_line' id='line_1_103' title="bbox 636 5142 2130 5217; baseline 0.005 -21"><span class='ocrx_word' id='word_1_795' title='bbox 636 5142 816 5214; x_wconf 72' lang='lat' dir='ltr'><strong>Theot.</strong></span> <span class='ocrx_word' id='word_1_796' title='bbox 845 5143 951 5198; x_wconf 82' lang='lat' dir='ltr'><strong>Per</strong></span> <span class='ocrx_word' id='word_1_797' title='bbox 983 5145 1156 5215; x_wconf 90' lang='lat' dir='ltr'><strong>ipsum</strong></span> <span class='ocrx_word' id='word_1_798' title='bbox 1194 5146 1360 5217; x_wconf 78' lang='lat' dir='ltr'><strong>igitur</strong></span> <span class='ocrx_word' id='word_1_799' title='bbox 1388 5146 1605 5203; x_wconf 88' lang='lat' dir='ltr'><strong>facilius</strong></span> <span class='ocrx_word' id='word_1_800' title='bbox 1632 5163 1795 5215; x_wconf 86' lang='lat' dir='ltr'><strong>quam</strong></span> <span class='ocrx_word' id='word_1_801' title='bbox 1834 5149 1936 5216; x_wconf 91' lang='lat' dir='ltr'><strong>ipsi</strong></span> <span class='ocrx_word' id='word_1_802' title='bbox 1968 5152 2130 5206; x_wconf 82' lang='lat' dir='ltr'><strong>attol-</strong></span> 
     </span>
    </p>
   </div>
   <div class='ocr_carea' id='block_1_104' title="bbox 562 5236 2129 5308">
    <p class='ocr_par' dir='ltr' id='par_1_104' title="bbox 562 5236 2129 5308">
     <span class='ocr_line' id='line_1_104' title="bbox 562 5236 2129 5308; baseline 0.006 -22"><span class='ocrx_word' id='word_1_803' title='bbox 562 5237 686 5298; x_wconf 64' lang='lat' dir='ltr'><strong>lunt</strong></span> <span class='ocrx_word' id='word_1_804' title='bbox 741 5236 1090 5304; x_wconf 84' lang='lat' dir='ltr'><strong>supercilium</strong></span> <span class='ocrx_word' id='word_1_805' title='bbox 1145 5239 1500 5308; x_wconf 86' lang='lat' dir='ltr'><strong>deprimimus</strong></span> <span class='ocrx_word' id='word_1_806' title='bbox 1557 5241 1721 5296; x_wconf 85' lang='lat' dir='ltr'><strong>etiam</strong></span> <span class='ocrx_word' id='word_1_807' title='bbox 1773 5239 2129 5308; x_wconf 78' lang='lat' dir='ltr'><strong>Latium-um,</strong></span> 
     </span>
    </p>
   </div>
   <div class='ocr_carea' id='block_1_105' title="bbox 565 5326 2127 5404">
    <p class='ocr_par' dir='ltr' id='par_1_105' title="bbox 565 5326 2127 5404">
     <span class='ocr_line' id='line_1_105' title="bbox 565 5326 2127 5404; baseline 0.009 -27"><span class='ocrx_word' id='word_1_808' title='bbox 565 5326 764 5394; x_wconf 84' lang='lat' dir='ltr'><strong>quibus</strong></span> <span class='ocrx_word' id='word_1_809' title='bbox 791 5327 1100 5382; x_wconf 89' lang='lat' dir='ltr'><strong>consentire</strong></span> <span class='ocrx_word' id='word_1_810' title='bbox 1135 5330 1384 5384; x_wconf 83' lang='lat' dir='ltr'><strong>videntur</strong></span> <span class='ocrx_word' id='word_1_811' title='bbox 1423 5332 1511 5386; x_wconf 89' lang='lat' dir='ltr'><strong>isti</strong></span> <span class='ocrx_word' id='word_1_812' title='bbox 1561 5333 1746 5387; x_wconf 88' lang='lat' dir='ltr'><strong>omnia</strong></span> <span class='ocrx_word' id='word_1_813' title='bbox 1767 5334 2127 5404; x_wconf 77' lang='lat' dir='ltr'><strong>ambiguitate</strong></span> 
     </span>
    </p>
   </div>
   <div class='ocr_carea' id='block_1_106' title="bbox 569 5416 2020 5488">
    <p class='ocr_par' dir='ltr' id='par_1_106' title="bbox 569 5416 2020 5488">
     <span class='ocr_line' id='line_1_106' title="bbox 569 5416 2020 5488; baseline 0.01 -25"><span class='ocrx_word' id='word_1_814' title='bbox 569 5416 980 5488; x_wconf 62' lang='lat' dir='ltr'><strong>permiscentes,</strong></span> <span class='ocrx_word' id='word_1_815' title='bbox 1004 5417 1086 5473; x_wconf 90' lang='lat' dir='ltr'><strong>vel</strong></span> <span class='ocrx_word' id='word_1_816' title='bbox 1114 5417 1295 5488; x_wconf 84' lang='lat' dir='ltr'><strong>potius</strong></span> <span class='ocrx_word' id='word_1_817' title='bbox 1326 5419 1377 5473; x_wconf 91' lang='lat' dir='ltr'><strong>in</strong></span> <span class='ocrx_word' id='word_1_818' title='bbox 1411 5435 1579 5476; x_wconf 88' lang='lat' dir='ltr'><strong>unum</strong></span> <span class='ocrx_word' id='word_1_819' title='bbox 1605 5421 2020 5477; x_wconf 87' lang='lat' dir='ltr'><strong>confundentes.</strong></span> 
     </span>
    </p>
   </div>
   <div class='ocr_carea' id='block_1_107' title="bbox 638 5507 2124 5577">
    <p class='ocr_par' dir='ltr' id='par_1_107' title="bbox 638 5507 2124 5577">
     <span class='ocr_line' id='line_1_107' title="bbox 638 5507 2124 5577; baseline 0.005 -17"><span class='ocrx_word' id='word_1_820' title='bbox 638 5507 865 5577; x_wconf 77' lang='grc' dir='ltr'>Ἡιεορίι.</span> <span class='ocrx_word' id='word_1_821' title='bbox 891 5507 1028 5564; x_wconf 89' lang='lat' dir='ltr'><strong>Cum</strong></span> <span class='ocrx_word' id='word_1_822' title='bbox 1061 5523 1190 5564; x_wconf 88' lang='lat' dir='ltr'><strong>vero</strong></span> <span class='ocrx_word' id='word_1_823' title='bbox 1224 5509 1350 5565; x_wconf 90' lang='lat' dir='ltr'><strong>alibi</strong></span> <span class='ocrx_word' id='word_1_824' title='bbox 1383 5527 1574 5566; x_wconf 86' lang='lat' dir='ltr'><strong>rursus</strong></span> <span class='ocrx_word' id='word_1_825' title='bbox 1605 5513 1742 5567; x_wconf 89' lang='lat' dir='ltr'><strong>idem</strong></span> <span class='ocrx_word' id='word_1_826' title='bbox 1780 5513 1912 5568; x_wconf 88' lang='lat' dir='ltr'><strong>dicit</strong></span> <span class='ocrx_word' id='word_1_827' title='bbox 1942 5531 1955 5568; x_wconf 90' lang='lat'>:</span> <span class='ocrx_word' id='word_1_828' title='bbox 1988 5533 2005 5564; x_wconf 81' lang='grc' dir='ltr'>ι</span> <span class='ocrx_word' id='word_1_829' title='bbox 2030 5514 2124 5568; x_wconf 91' lang='lat' dir='ltr'><strong>Illa</strong></span> 
     </span>
    </p>
   </div>
   <div class='ocr_carea' id='block_1_108' title="bbox 565 5599 2198 5678">
    <p class='ocr_par' dir='ltr' id='par_1_108' title="bbox 565 5599 2198 5678">
     <span class='ocr_line' id='line_1_108' title="bbox 565 5599 2198 5678; baseline 0.006 -27"><span class='ocrx_word' id='word_1_830' title='bbox 565 5615 816 5669; x_wconf 70' lang='lat' dir='ltr'><strong>suprema</strong></span> <span class='ocrx_word' id='word_1_831' title='bbox 847 5599 1139 5668; x_wconf 89' lang='lat' dir='ltr'><strong>beatitudo,</strong></span> <span class='ocrx_word' id='word_1_832' title='bbox 1182 5615 1302 5670; x_wconf 63' lang='lat' dir='ltr'><strong>qua:</strong></span> <span class='ocrx_word' id='word_1_833' title='bbox 1345 5611 1425 5658; x_wconf 90' lang='lat' dir='ltr'><strong>est</strong></span> <span class='ocrx_word' id='word_1_834' title='bbox 1461 5611 1653 5658; x_wconf 84' lang='lat' dir='ltr'><strong>natura</strong></span> <span class='ocrx_word' id='word_1_835' title='bbox 1694 5605 1969 5670; x_wconf 88' lang='lat' dir='ltr'><strong>divinitas,</strong></span> <span class='ocrx_word' id='word_1_836' title='bbox 2003 5606 2122 5661; x_wconf 86' lang='lat' dir='ltr'><strong>fons</strong></span> <span class='ocrx_word' id='word_1_837' title='bbox 2176 5663 2198 5678; x_wconf 79' lang='lat'>_</span> 
     </span>
    </p>
   </div>
   <div class='ocr_carea' id='block_1_109' title="bbox 2311 5145 3799 5217">
    <p class='ocr_par' dir='ltr' id='par_1_109' title="bbox 2311 5145 3799 5217">
     <span class='ocr_line' id='line_1_109' title="bbox 2311 5145 3799 5217; baseline -0.003 -15"><span class='ocrx_word' id='word_1_838' title='bbox 2311 5148 2478 5202; x_wconf 78' lang='grc' dir='ltr'>Θεότ.</span> <span class='ocrx_word' id='word_1_839' title='bbox 2505 5147 2581 5199; x_wconf 84' lang='grc' dir='ltr'><strong>Δι’</strong></span> <span class='ocrx_word' id='word_1_840' title='bbox 2613 5147 2777 5200; x_wconf 85' lang='grc' dir='ltr'>αὐτοῦ</span> <span class='ocrx_word' id='word_1_841' title='bbox 2808 5147 2908 5217; x_wconf 76' lang='grc' dir='ltr'>μὲν</span> <span class='ocrx_word' id='word_1_842' title='bbox 2947 5145 3039 5201; x_wconf 76' lang='grc' dir='ltr'><strong>οῦν</strong></span> <span class='ocrx_word' id='word_1_843' title='bbox 3069 5150 3162 5201; x_wconf 76' lang='grc' dir='ltr'>καὶ</span> <span class='ocrx_word' id='word_1_844' title='bbox 3196 5148 3306 5199; x_wconf 86' lang='grc' dir='ltr'><strong>τῶν</strong></span> <span class='ocrx_word' id='word_1_845' title='bbox 3337 5147 3582 5200; x_wconf 83' lang='grc' dir='ltr'>Λατίνων</span> <span class='ocrx_word' id='word_1_846' title='bbox 3606 5149 3736 5217; x_wconf 77' lang='grc' dir='ltr'>ῥᾷον</span> <span class='ocrx_word' id='word_1_847' title='bbox 3765 5148 3799 5216; x_wconf 80' lang='grc' dir='ltr'><strong>ἢ</strong></span> 
     </span>
    </p>
   </div>
   <div class='ocr_carea' id='block_1_110' title="bbox 2239 5235 3798 5310">
    <p class='ocr_par' dir='ltr' id='par_1_110' title="bbox 2239 5235 3798 5310">
     <span class='ocr_line' id='line_1_110' title="bbox 2239 5235 3798 5310; baseline -0.003 -18"><span class='ocrx_word' id='word_1_848' title='bbox 2239 5241 2438 5292; x_wconf 79' lang='grc' dir='ltr'>ἐκεῖνοι</span> <span class='ocrx_word' id='word_1_849' title='bbox 2472 5240 2690 5307; x_wconf 72' lang='grc' dir='ltr'>αἴρουσι</span> <span class='ocrx_word' id='word_1_850' title='bbox 2717 5239 3087 5310; x_wconf 84' lang='grc' dir='ltr'>κατασπῶμεν</span> <span class='ocrx_word' id='word_1_851' title='bbox 3111 5238 3208 5309; x_wconf 79' lang='grc' dir='ltr'>τὴν</span> <span class='ocrx_word' id='word_1_852' title='bbox 3233 5238 3424 5307; x_wconf 69' lang='grc' dir='ltr'>ὀφρὺν,</span> <span class='ocrx_word' id='word_1_853' title='bbox 3457 5235 3538 5301; x_wconf 72' lang='grc' dir='ltr'>οἷς</span> <span class='ocrx_word' id='word_1_854' title='bbox 3559 5238 3798 5290; x_wconf 82' lang='grc' dir='ltr'>ἐοίκασιν</span> 
     </span>
    </p>
   </div>
   <div class='ocr_carea' id='block_1_111' title="bbox 2235 5325 3794 5401">
    <p class='ocr_par' dir='ltr' id='par_1_111' title="bbox 2235 5325 3794 5401">
     <span class='ocr_line' id='line_1_111' title="bbox 2235 5325 3794 5401; baseline -0.002 -19"><span class='ocrx_word' id='word_1_855' title='bbox 2235 5331 2557 5401; x_wconf 68' lang='grc' dir='ltr'><strong>¹ἔιμοιρρονείν</strong></span> <span class='ocrx_word' id='word_1_856' title='bbox 2587 5331 2638 5382; x_wconf 79' lang='lat' dir='ltr'><strong>oi</strong></span> <span class='ocrx_word' id='word_1_857' title='bbox 2675 5331 2762 5384; x_wconf 79' lang='grc' dir='ltr'>διὰ</span> <span class='ocrx_word' id='word_1_858' title='bbox 2805 5331 2904 5401; x_wconf 83' lang='grc' dir='ltr'><strong>τὴν</strong></span> <span class='ocrx_word' id='word_1_859' title='bbox 2942 5331 3263 5401; x_wconf 86' lang='grc' dir='ltr'>ὁμωνυμίαν</span> <span class='ocrx_word' id='word_1_860' title='bbox 3295 5325 3438 5383; x_wconf 74' lang='grc' dir='ltr'>οὗτοι</span> <span class='ocrx_word' id='word_1_861' title='bbox 3487 5329 3655 5384; x_wconf 68' lang='grc' dir='ltr'>πάνια</span> <span class='ocrx_word' id='word_1_862' title='bbox 3703 5327 3794 5398; x_wconf 68' lang='grc' dir='ltr'><strong>ρύ-</strong></span> 
     </span>
    </p>
   </div>
   <div class='ocr_carea' id='block_1_112' title="bbox 2237 5418 3433 5492">
    <p class='ocr_par' dir='ltr' id='par_1_112' title="bbox 2237 5418 3433 5492">
     <span class='ocr_line' id='line_1_112' title="bbox 2237 5418 3433 5492; baseline -0.001 -17"><span class='ocrx_word' id='word_1_863' title='bbox 2237 5439 2441 5492; x_wconf 74' lang='grc' dir='ltr'>ροντες,</span> <span class='ocrx_word' id='word_1_864' title='bbox 2472 5420 2674 5490; x_wconf 81' lang='grc' dir='ltr'>μᾶλλον</span> <span class='ocrx_word' id='word_1_865' title='bbox 2707 5422 2764 5474; x_wconf 82' lang='grc' dir='ltr'><strong>δὲ</strong></span> <span class='ocrx_word' id='word_1_866' title='bbox 2802 5418 3216 5489; x_wconf 82' lang='grc' dir='ltr'>συναλείφοντες</span> <span class='ocrx_word' id='word_1_867' title='bbox 3249 5425 3329 5483; x_wconf 83' lang='grc' dir='ltr'><strong>είς</strong></span> <span class='ocrx_word' id='word_1_868' title='bbox 3353 5421 3433 5474; x_wconf 74' lang='grc' dir='ltr'><strong>ἓν.</strong></span> 
     </span>
    </p>
   </div>
   <div class='ocr_carea' id='block_1_113' title="bbox 2305 5510 3790 5583">
    <p class='ocr_par' dir='ltr' id='par_1_113' title="bbox 2305 5510 3790 5583">
     <span class='ocr_line' id='line_1_113' title="bbox 2305 5510 3790 5583; baseline -0.003 -17"><span class='ocrx_word' id='word_1_869' title='bbox 2305 5516 2481 5580; x_wconf 68' lang='grc' dir='ltr'>Θεοφ.</span> <span class='ocrx_word' id='word_1_870' title='bbox 2511 5513 2642 5564; x_wconf 82' lang='grc' dir='ltr'>Ὅτε</span> <span class='ocrx_word' id='word_1_871' title='bbox 2675 5512 2718 5564; x_wconf 82' lang='grc' dir='ltr'><strong>δ’</strong></span> <span class='ocrx_word' id='word_1_872' title='bbox 2744 5511 2978 5583; x_wconf 78' lang='grc' dir='ltr'>ἀλλαχοῦ</span> <span class='ocrx_word' id='word_1_873' title='bbox 3012 5512 3174 5566; x_wconf 86' lang='grc' dir='ltr'>πάλιν</span> <span class='ocrx_word' id='word_1_874' title='bbox 3196 5513 3224 5565; x_wconf 80' lang='grc' dir='ltr'><strong>ὁ</strong></span> <span class='ocrx_word' id='word_1_875' title='bbox 3257 5512 3418 5574; x_wconf 87' lang='grc' dir='ltr'>αὐτός</span> <span class='ocrx_word' id='word_1_876' title='bbox 3465 5527 3652 5580; x_wconf 80' lang='grc' dir='ltr'>φησιν,</span> <span class='ocrx_word' id='word_1_877' title='bbox 3687 5528 3706 5562; x_wconf 80' lang='grc' dir='ltr'>ι</span> <span class='ocrx_word' id='word_1_878' title='bbox 3729 5510 3790 5561; x_wconf 82' lang='grc' dir='ltr'>Ἡ</span> 
     </span>
    </p>
   </div>
   <div class='ocr_carea' id='block_1_114' title="bbox 2230 5601 3790 5677">
    <p class='ocr_par' dir='ltr' id='par_1_114' title="bbox 2230 5601 3790 5677">
     <span class='ocr_line' id='line_1_114' title="bbox 2230 5601 3790 5677; baseline 0.003 -19"><span class='ocrx_word' id='word_1_879' title='bbox 2230 5603 2492 5674; x_wconf 84' lang='grc' dir='ltr'>θεαρχικὴ</span> <span class='ocrx_word' id='word_1_880' title='bbox 2541 5604 2904 5675; x_wconf 84' lang='grc' dir='ltr'>μακαριότης,</span> <span class='ocrx_word' id='word_1_881' title='bbox 2937 5609 2969 5677; x_wconf 78' lang='grc' dir='ltr'>ἡ</span> <span class='ocrx_word' id='word_1_882' title='bbox 3001 5605 3163 5674; x_wconf 84' lang='grc' dir='ltr'>φύσει.</span> <span class='ocrx_word' id='word_1_883' title='bbox 3192 5605 3402 5674; x_wconf 85' lang='grc' dir='ltr'>θεότης,</span> <span class='ocrx_word' id='word_1_884' title='bbox 3435 5605 3469 5670; x_wconf 83' lang='grc' dir='ltr'>ἠ</span> <span class='ocrx_word' id='word_1_885' title='bbox 3519 5601 3664 5672; x_wconf 77' lang='grc' dir='ltr'>ἀρχὴ</span> <span class='ocrx_word' id='word_1_886' title='bbox 3692 5601 3790 5670; x_wconf 77' lang='grc' dir='ltr'><strong>τῆς</strong></span> 
     </span>
    </p>
   </div>
   <div class='ocr_carea' id='block_1_115' title="bbox 633 5765 2123 5856">
    <p class='ocr_par' dir='ltr' id='par_1_115' title="bbox 633 5780 2108 5853">
     <span class='ocr_line' id='line_1_115' title="bbox 633 5780 2108 5853; baseline 0.007 -21"><span class='ocrx_word' id='word_1_887' title='bbox 633 5782 652 5807; x_wconf 87' lang='grc'>’</span> <span class='ocrx_word' id='word_1_888' title='bbox 709 5780 893 5843; x_wconf 71' lang='lat' dir='ltr'><strong>Matth.</strong></span> <span class='ocrx_word' id='word_1_889' title='bbox 957 5799 1108 5840; x_wconf 77' lang='lat' dir='ltr'><strong>xvnt.</strong></span> <span class='ocrx_word' id='word_1_890' title='bbox 1153 5783 1241 5847; x_wconf 76' lang='grc'><strong>10.</strong></span> <span class='ocrx_word' id='word_1_891' title='bbox 1322 5785 1361 5817; x_wconf 87' lang='grc'><strong>¹⁰</strong></span> <span class='ocrx_word' id='word_1_892' title='bbox 1396 5782 1564 5845; x_wconf 80' lang='lat' dir='ltr'><strong>Exod.</strong></span> <span class='ocrx_word' id='word_1_893' title='bbox 1619 5801 1811 5851; x_wconf 66' lang='grc' dir='ltr'><strong>χχχιιι,</strong></span> <span class='ocrx_word' id='word_1_894' title='bbox 1873 5787 1970 5853; x_wconf 59' lang='grc'>20,</span> <span class='ocrx_word' id='word_1_895' title='bbox 2041 5787 2108 5842; x_wconf 86' lang='lat'><strong>&quot;.</strong></span> 
     </span>
    </p>
   </div>
   <div class='ocr_carea' id='block_1_116' title="bbox 2229 5765 3637 5856">
    <p class='ocr_par' dir='ltr' id='par_1_116' title="bbox 2229 5765 3637 5856">
     <span class='ocr_line' id='line_1_116' title="bbox 2229 5765 3637 5856; baseline -0.003 -13"><span class='ocrx_word' id='word_1_896' title='bbox 2229 5803 2328 5844; x_wconf 68' lang='lat' dir='ltr'><strong>tan.</strong></span> <span class='ocrx_word' id='word_1_897' title='bbox 2367 5804 2408 5856; x_wconf 66' lang='grc' dir='ltr'><strong>ι,</strong></span> <span class='ocrx_word' id='word_1_898' title='bbox 2473 5789 2552 5846; x_wconf 90' lang='lat' dir='ltr'><strong>l8.</strong></span> <span class='ocrx_word' id='word_1_899' title='bbox 2634 5765 2698 5844; x_wconf 67' lang='grc' dir='ltr'>ι’,</span> <span class='ocrx_word' id='word_1_900' title='bbox 2743 5787 2930 5844; x_wconf 81' lang='lat' dir='ltr'><strong>Matth.</strong></span> <span class='ocrx_word' id='word_1_901' title='bbox 2964 5805 3016 5856; x_wconf 79' lang='grc' dir='ltr'><strong>ν,</strong></span> <span class='ocrx_word' id='word_1_902' title='bbox 3055 5789 3108 5846; x_wconf 87' lang='grc'><strong>8.</strong></span> <span class='ocrx_word' id='word_1_903' title='bbox 3191 5786 3404 5845; x_wconf 69' lang='grc' dir='ltr'><strong>¹³Ιοδιι.</strong></span> <span class='ocrx_word' id='word_1_904' title='bbox 3437 5803 3519 5855; x_wconf 83' lang='lat' dir='ltr'><strong>tu,</strong></span> <span class='ocrx_word' id='word_1_905' title='bbox 3551 5785 3637 5841; x_wconf 66' lang='grc'><strong>54.</strong></span> 
     </span>
    </p>
   </div>
  </div>
