4180 6308
416 402 527 465 9.33

1753 400 2229 466 TllEOi‘llANE
2248 407 2294 466 ἶ.

3558 404 3669 470 951

412 513 685 578 θεώσεως,
715 515 771 579 ἐξ
807 511 872 588 ἧς
908 515 967 568 τὸ
990 514 1244 567 θεοῦσθαι
1268 517 1378 581 τοῖς
1409 515 1726 585 θεουμιὲνοις
1759 518 1930 587 ἐστὶν,
1957 538 1976 572 ι

2090 520 2181 575 ille
2222 520 2441 575 deitatis
2490 522 2635 578 unde
2665 519 3129 577 divinitas'lnﬂult
3172 518 3258 577 his
3285 520 3375 589 qui
3402 518 3665 576 deilican-

409 610 471 663 οὐ
504 607 602 679 τὴν
636 608 1072 678 τρισυπόστατόν
1094 625 1258 678 φησιν
1292 610 1519 676 οὖσὶανς

481 792 647 848 Θεότ.
683 792 794 845 Καὶ
833 792 939 861 γὰρ
963 793 989 846 ὁ
1027 792 1221 862 Πατὴρ
1272 792 1341 847 δι’
1373 792 1504 847 Υίοῦ
1547 794 1606 846 ὲν
1633 791 1776 863 ἁγίῳ
1810 792 1983 847 ΙΙνεῦ-

411 902 540 952 ματι
570 886 686 936 θεοῖ
708 882 835 945 τοὺς
869 881 1217 951 θεουμένους.

477 978 655 1044 Θεοφ.
689 974 819 1027 Ὅτε
849 974 905 1027 δὲ
939 974 1112 1045 αὐτὴν
1156 976 1258 1045 τὴν
1290 975 1486 1029 θέωσιν
1516 973 1691 1046 ἀρχὴν
1727 971 1863 1028 εἶναι
1894 974 1983 1027 λέ-

405 1083 491 1131 γει
518 1068 634 1129 τοῖς
665 1064 984 1132 θεουμένοος
1011 1066 1105 1118 τοῦ
1135 1066 1412 1132 θεοῦσθαι,
1444 1066 1540 1120 xal.
1565 1067 1799 1138 θεότητα
1827 1067 1986 1121 καλεῖ

404 1156 500 1209 καὶ
534 1155 802 1226 θεαρχίαν
841 1157 936 1209 καὶ
967 1156 1313 1226 ἁγαθαρχίαν
1342 1158 1418 1220 ὡς
1463 1142 1675 1228 δωρεὰν
1708 1158 1978 1223 θεοποιὸν,

400 1244 469 1319 ἧς
497 1248 586 1300 καὶ
620 1247 978 1318 ὑπερκεῖσθαι
1009 1247 1157 1315 λέγει
1185 1248 1278 1300 τὶν
1302 1248 1455 1314 Θεὸν,
1485 1251 1562 1312 ὡς
1588 1248 1772 1315 πάσης
1803 1249 1979 1319 ἀρχῆς

404 1325 759 1409 ὑπερᾶρχιον,
810 1340 871 1392 οὑ
903 1340 1001 1410 τὴν
1047 1339 1310 1410 θεουργὺν
1355 1343 1639 1410 ἐνέργειαν
1682 1342 1779 1396 καὶ
1818 1342 1980 1413 χάριν

400 1430 659 1501 ὀνομάζει
691 1430 921 1502 θεότητα
948 1446 964 1496 ;

475 1610 638 1667 Θεότ.
671 1612 795 1676 Πῶς
823 1612 936 1682 γὰρ
962 1615 1058 1668 καὶ
1085 1614 1486 1687 ὑπερκεῖμενος
1512 1614 1600 1685 είη
1635 1615 1840 1685 ταύτης
1871 1615 1899 1667 ὀ
1922 1616 1981 1668 ἐν

399 1703 584 1769 τρισὶν
643 1703 981 1758 ὑποστάσεσι
1041 1706 1523 1778 προσκυνούμενος
1572 1707 1732 1773 Θεδῖυ
1792 1708 1843 1762 εί
1902 1708 1979 1779 μὴ

405 1793 542 1864 μόνη
576 1792 644 1847 αὖ
652 1811 717 1863 τη
754 1795 837 1864 εἴη
861 1811 876 1859 ;

2090 624 2201 679 tur,
2238 635 2257 666 ι
2311 632 2492 669 nonne
2540 617 2837 673 essentiam
2886 615 3135 684 designat
3188 613 3364 671 tribus
3416 615 3667 685 personis

2088 720 2437 761 communem
2460 711 2483 760 7

2165 794 2345 849 ΤΙιεοι.
2380 795 2591 851 Etenim
2624 795 2782 850 Pater
2809 810 2903 865 per
2926 794 3124 850 Filium
3155 795 3209 850 in
3240 802 3430 852 sancto
3456 793 3670 865 Spiritu

2090 885 2309 942 deiﬁcat
2347 903 2443 942 eos
2482 888 2574 957 qui
2606 888 2948 943 deiﬁcantur.

2165 977 2392 1048 Theoph.
2433 978 2568 1034 Cum
2623 991 2803 1034 autem
2857 979 3031 1047 ipsam
3085 978 3487 1034 deiﬁcastionem
3536 978 3669 1033 dicit

2088 1084 2212 1125 esse
2242 1071 2570 1140 principium
2602 1070 2742 1125 unde
2767 1070 2840 1125 dii
2862 1070 3212 1133 deiticantur,
3246 1086 3477 1140 eamque
3509 1079 3669 1124 vocat

2088 1162 2428 1217 divinitatem
2470 1177 2894 1232 supremamquc
2943 1161 3242 1231 potentiam
3293 1171 3347 1217 et
3399 1163 3665 1217 bonorum

2087 1253 2319 1320 fontem,
2358 1252 2562 1308 donum
2589 1267 2788 1322 nempe
2817 1252 3098 1316 deiﬁcum,
3130 1251 3216 1307 cui
3242 1259 3501 1321 praestare
3533 1251 3667 1305 dicit

2087 1344 2277 1406 Deum.
2309 1353 2569 1414 tanquam
2601 1346 2746 1399 omni
2772 1343 3045 1415 principio
3082 1343 3442 1412 superiorem,
3480 1358 3666 1397 nonne

2086 1435 2337 1490 deiﬁcam
2366 1439 2711 1494 solummodo
2742 1435 3122 1508 operationem
3154 1445 3207 1490 et
3236 1436 3468 1505 gratiam
3505 1442 3667 1490 vocat

2084 1526 2470 1583 divinitatem?

2157 1620 2338 1678 Theot.
2389 1621 2670 1688 Quomodo
2717 1620 2862 1676 enim
2897 1623 3039 1675 hanc
3073 1620 3502 1690 superemineret
3533 1623 3667 1676 ado-

2084 1721 2237 1766 ratus
2285 1712 2338 1765 in
2382 1708 2554 1766 tribus
2589 1711 2834 1782 personis
2868 1710 3028 1778 Deus,
3061 1711 3107 1766 si
3144 1726 3257 1765 non
3288 1711 3402 1766 haec
3431 1719 3671 1766 tantum-

2084 1803 2250 1859 modo
2280 1804 2469 1872 essem

475 1890 654 1957 Θεοφ.
691 1888 932 1944 Κάκείνο
963 1889 1148 1961 μέντοι
1182 1889 1264 1944 δεῖ
1310 1890 1849 1964 προσδιανοήσασθαι
1888 1893 1969 1945 ὲνο

2158 1895 2389 1964 Theoph.
2426 1870 2482 1951 id
2510 1894 2672 1951 etiam
2714 1896 2805 1952 hic
2836 1894 3249 1959 intelligendum
3280 1902 3386 1950 est.

399 1981 598 2037 ταῦθα.

474 2076 634 2130 Θεότ.
662 2076 737 2129 Τδ
763 2078 918 2131 ποῖον
944 2094 961 2145 ;

475 2169 654 2236 Θεοφ.
704 2167 793 2230 Ὧς
840 2168 890 2221 εί
947 2168 1040 2221 καὶ
1093 2167 1223 2238 μήθ’
1276 2168 1602 2232 ὑπόστασις,
1638 2169 1769 2239 μήτ’
1816 2169 1979 2224 οὖσία

398 2258 522 2311 θεία
551 2261 584 2329 ή
617 2258 808 2330 θεότης
843 2257 983 2329 αῦτη
1017 2258 1284 2327 πέφυκεν.
1313 2259 1431 2312 ἀλλ’
1454 2258 1608 2313 οὐδὲν
1633 2254 1798 2332 ἧττον
1828 2259 1982 2315 ἄκτι-

401 2353 529 2413 σεός
570 2353 689 2405 ἐστι
735 2353 832 2407 καὶ
869 2351 1062 2414 ἀΐδιος,
1112 2351 1189 2414 ὡς
1217 2351 1451 2421 δύναμις
1490 2351 1804 2422 θεοπρεπὴς
1850 2352 1981 2421 περὶ

401 2447 494 2493 τον
532 2441 665 2495 Θεὸν
703 2440 836 2495 οὖσα
881 2442 974 2494 καὶ
1018 2440 1125 2509 πρὸ
1151 2441 1249 2511 τῆς
1276 2439 1372 2494 τοῦ
1401 2441 1609 2507 κόσμου
1638 2441 1978 2506 συστάσεως.

414 2533 568 2587 Ἐπεὶ
594 2533 650 2588 δὲ
694 2534 788 2588 καί
831 2533 982 2588 αἰτία
1018 2533 1113 2588 καὶ
1157 2534 1300 2604 ἀρχή
1349 2535 1467 2585 ἐστι
1505 2532 1615 2586 τῶν
1658 2532 1973 2602 θεουμένων

400 2627 643 2691 πάντων,
675 2625 769 2679 ὐπ’
796 2625 970 2696 αὐτῆς
998 2625 1395 2697 βελτιουμένων
1419 2625 1710 2696 δήπουθεν,
1740 2624 1816 2690 ὡς
1840 2625 1981 2694 ὑπὲρ

400 2717 570 2787 φύσιν
602 2717 936 2786 γινομένων,
990 2720 1025 2788 ἠ
1056 2718 1113 2772 δὲ
1145 2719 1288 2788 ἀρχὴ
1336 2717 1430 2771 καὶ
1471 2718 1532 2770 τὸ
1565 2720 1741 2772 αῐτιον
1784 2717 1894 2772 τῶν
1923 2718 1984 2784 ἐξ

399 2810 570 2879 αὐτῆς
601 2809 745 2863 οὕτω
784 2810 1076 2880 διέστηκεν
1123 2810 1219 2864 ἐπὶ
1250 2810 1311 2864 τὸ
1355 2811 1608 2881 κρεῖττον
1643 2809 1981 2878 ἀναγκαίως,

401 2902 499 2956 καὶ
526 2903 589 2956 τὸ
636 2903 882 2973 βελτιοῦν
912 2903 1024 2958 τῶν
1081 2901 1484 2974 βελτιουμένων
1533 2901 1769 2969 βέλτιον,
1800 2903 1895 2957 καὶ
1921 2901 1984 2956 τὸ

402 2991 545 3062 ὑπὲρ
575 2993 739 3059 φύσιν
766 2992 931 3063 ἕτερα
961 2990 1154 3045 ποιοῦν
1196 2992 1330 3045 αὐτὸ
1361 2991 1486 3045 καθ’
1520 2992 1653 3047 αὐτὸ
1680 2991 1980 3062 ὑπερφυὲς,

403 3081 655 3137 θεοῦνται
679 3082 736 3136 δὲ
763 3083 859 3139 xal.
881 3084 1106 3152 ἄγγελοι
1123 3101 1139 3116 ο
1168 3085 1229 3138 τὸ
1255 3084 1349 3139 καὶ
1386 3086 1496 3139 τῶν
1529 3085 1781 3154 ἀγγέλων
1805 3088 1983 3156 κρεῖτυ

2159 2077 2343 2131 Theot.
2376 2075 2647 2144 Quidnam
2667 2079 2693 2133 τ

2159 2168 2388 2237 Theoph.
2415 2168 2621 2238 Nempe
2649 2169 2696 2225 si
2726 2171 2840 2224 haec
2874 2169 3151 2234 divinitas,
3179 2184 3356 2240 neque
3389 2185 3623 2240 persona
3653 2210 3670 2237 ,

2084 2276 2262 2331 nrqne
2300 2262 2539 2317 essentia
2592 2263 2777 2318 divina
2824 2271 2932 2326 est,
2980 2271 3035 2316 ct
3080 2263 3432 2316 nihilominus
3460 2270 3545 2316 est
3585 2263 3668 2316 in-

2083 2363 2266 2408 crcatn
2291 2361 2345 2407 et
2379 2363 2603 2419 aeterna,
2648 2369 2772 2409 cum
2823 2357 2897 2410 sit
2950 2355 3192 2423 potentia
3225 2354 3407 2408 divina
3462 2354 3517 2408 in
3559 2354 3663 2410 Deo

2084 2454 2210 2499 ante
2262 2445 2453 2500 mundi
2505 2447 2955 2503 constitutionem
2989 2447 3278 2510 exsistens,
3307 2446 3507 2515 quippe
3545 2460 3668 2514 qum

2086 2535 2211 2592 fons
2239 2547 2317 2592 est
2359 2546 2411 2591 ct
2455 2554 2620 2593 causa
2652 2539 2900 2595 omnium
2933 2554 3052 2609 quae
3087 2538 3379 2602 deilicavit,
3415 2552 3511 2591 seu
3548 2551 3666 2590 mc-

2084 2629 2220 2684 liora
2252 2629 2433 2685 eil‘ecit
2470 2641 2661 2700 utpote
2686 2646 2852 2700 supra
2888 2641 3141 2686 naturam
3193 2631 3440 2696 elevata;
3477 2630 3521 2684 si
3561 2628 3665 2682 ali-

2085 2721 2230 2773 unde
2255 2737 2421 2776 eausa
2449 2729 2534 2776 est
2567 2722 2878 2777 necessario
2913 2722 3019 2777 alia
3049 2731 3101 2776 et
3134 2722 3328 2778 melior
3376 2737 3539 2790 quam
3578 2719 3662 2773 ef-

2082 2807 2283 2874 fectus,
2317 2819 2373 2863 et
2399 2811 2695 2867 meliorans
2725 2812 3017 2867 meliorato
3045 2811 3262 2875 melius,
3295 2819 3349 2864 et
3377 2809 3662 2879 quod_alia

2084 2915 2248 2969 Supra
2282 2912 2530 2957 naturam
2563 2904 2759 2965 elevat.
2787 2913 2870 2958 est
2904 2904 3083 2972 ipsum
3113 2919 3209 2973 per
3244 2918 3302 2958 se
3335 2913 3629 2971 supernam
3650 2931 3664 2942 -

2085 2994 2204 3047 rale
2265 3010 2280 3047 :
2329 3008 2454 3048 cum
2502 2995 2606 3064 ipsi
2664 2994 2990 3051 deiﬂccntur
3024 2995 3226 3066 angeli.
3274 2996 3419 3065 quod
3455 2996 3664 3064 angelis

2083 3094 2168 3139 est
2198 3084 2394 3140 melius
2422 3088 2726 3153 eorumque
2758 3094 3011 3140 naturam
3037 3087 3252 3141 excedit
3291 3095 3342 3140 et
3369 3094 3452 3141 est
3478 3100 3571 3155 per
3605 3102 3664 3141 se

400 3194 514 3243 τον,
559 3178 653 3230 καὶ
710 3177 851 3247 ὑπὲρ
894 3175 994 3249 τὴν
1026 3178 1192 3246 φύσιν
1233 3177 1294 3231 ὃν
1325 3178 1507 3233 αὐτῶν
1536 3178 1631 3232 καὶ
1671 3178 1796 3233 καθ’
1849 3177 1977 3232 αὐτὸ

2086 3173 2522 3243 supernaturale,
2560 3175 2840 3245 quomodo
2871 3186 3017 3231 esset
3053 3176 3346 3232 creatura?

401 3268 684 3339 ὑπερφυὲς
718 3269 983 3340 ὑπάρχον,
1012 3269 1130 3332 πῶς
1159 3268 1227 3323 ἂν
1250 3269 1335 3340 εἴη
1371 3268 1617 3339 κτίσμα;

475 3360 638 3415 Θεότ.
675 3362 782 3415 Καὶ
807 3361 968 3423 αὐτός
1010 3378 1073 3430 γε
1107 3359 1215 3432 μὴν
1243 3361 1414 3425 οὕτως
1445 3360 1555 3431 ἔχω
1599 3361 1729 3432 περὶ
1756 3363 1972 3419 τούτου.

401 3450 526 3513 ῐΙῶς
559 3451 669 3522 γὰρ
698 3451 763 3505 ἄν
789 3468 841 3504 τι
868 3450 981 3505 τῶν
1010 3452 1247 3506 κτιστῶν
1281 3450 1378 3507 καὶ
1407 3451 1635 3522 θεαρχία
1680 3452 1776 3506 καὶ
1801 3452 1974 3521 ἀγαθ-

400 3544 570 3615 αρχία
605 3547 700 3599 καλ⁸
730 3545 981 3607 θεοποιδς
1018 3544 1247 3615 κληθείη
1278 3545 1497 3617 δωρεάς
1558 3545 1812 3616 Μὲμησιν
1846 3545 1974 3616 μέν.

399 3654 483 3689 τοι
521 3636 617 3690 καὶ
669 3636 1042 3707 θεομιμησίαν
1080 3637 1180 3707 τὴν
1225 3636 1377 3691 θεξαν
1430 3636 1699 3708 ἔλλαμψιν
1730 3639 1758 3690 ὁ
1792 3636 1970 3707 μέγας

400 3721 553 3791 οὗτος
577 3729 737 3783 εἴωθε
774 3728 983 3795 καλεῖν,
1008 3729 1084 3791 ὡς
1113 3728 1470 3797 ὲξομοιοῦσαν
1502 3729 1637 3800 πρὸς
1677 3728 1835 3794 Θεὸν,
1878 3728 1974 3782 καὶ

404 3823 506 3892 μὲν
546 3822 612 3891 δὴ
651 3825 744 3876 καὶ
793 3823 1000 3893 σχέσιν,
1049 3822 1127 3885 ὡς
1177 3821 1373 3875 ἕνωσίν
1419 3839 1478 3874 τε
1529 3822 1625 3875 καὶ
1674 3821 1975 3892 σύνδεσμον

401 3914 682 3985 ὑπερφυᾶ,
715 3912 850 3967 Θεοῦ
882 3912 980 3968 καὶ
1012 3910 1125 3966 τῶν
1151 3907 1212 3966 εὖ
1240 3911 1474 3983 ἐχόντων
1511 3911 1764 3983 λογικῶν.

475 4102 651 4169 Θεοφ.
671 4098 836 4153 Ἀλλὰ
864 4096 972 4167 γὰρ
994 4096 1084 4151 ὅτε
1109 4096 1274 4150 πάλιν
1300 4086 1480 4157 οὗτος,
1507 4091 1795 4161 ιΘεότητα,
1813 4093 1970 4161 φησὶ,

401 4193 586 4264 φαμὲν
617 4191 865 4263 ἀρχικῶς
895 4190 998 4261 μὲν
1036 4190 1129 4243 καὶ
1157 4188 1353 4250 θεῖκῶς
1383 4185 1480 4240 καὶ
1519 4184 1842 4247 αἱτιατικῶς
1873 4182 1973 4255 τὴν

404 4287 538 4355 μίαν
565 4284 894 4355 ὕπεροΰσιον
922 4281 1099 4353 ἀρχὴν
1124 4280 1219 4334 καὶ
1246 4279 1449 4342 αἰτίαν,
1480 4275 1761 4349 μεθεκτῶς
1789 4274 1845 4328 δὲ
1873 4275 1973 4345 τὴν

400 4381 467 4432 ἐκ
492 4376 627 4430 θεοῦ
647 4374 743 4429 τοῦ
773 4373 1082 4446 ἀμεθέκτου
1124 4369 1424 4440 προϊοῦσαν
1460 4369 1687 4438 δύναμιν
1734 4365 1836 4439 τὴν
1870 4366 1972 4420 αὐ-

398 4468 718 4533 τοθέωσιν,›
749 4463 843 4536 ἆρ’
862 4467 962 4519 οὐκ
987 4466 1175 4535 ἄμφω,
1203 4464 1304 4534 τήν
1324 4480 1384 4516 τε
1406 4462 1556 4515 θείαν
1575 4460 1737 4530 φύσιν
1765 4460 1857 4514 καὶ
1873 4458 1975 4529 τὴν

400 4558 710 4628 ἐνέργειαν,
745 4555 949 4625 ὁμοίως
971 4554 1135 4625 δῆλός
1171 4555 1290 4607 ἐστι
1318 4550 1500 4605 καλῶν
1526 4567 1541 4617 ;
1585 4548 1696 4603 Καὶ
1737 4547 1843 4619 μὴν
1864 4546 1974 4601 οὐδ’

399 4652 469 4709 ἂν
503 4648 695 4704 καινόν
732 4665 786 4701 τι
813 4648 962 4713 δόξαι
986 4645 1062 4716 τῷ
1090 4644 1444 4711 ὲπιστήσαντι
1477 4640 1676 4704 καλῶς.
1715 4640 1845 4693 Ὅτε
1867 4639 1975 4709 γὰρ

400 4741 668 4812 ἐλέγομεν
702 4739 778 4802 ὡς
813 4738 910 4808 τὴν
937 4736 1127 4808 πρώην
1162 4734 1384 4805 ὁμιλίαν
1411 4730 1767 4785 διεκπνεῦσαι
1798 4733 1977 4801 παρῆ-

402 4851 507 4897 κας
528 4834 627 4902 τῆς
657 4831 836 4903 ψυχῆς
877 4829 1220 4900 ἀμελέτητον
1247 4827 1432 4895 ἀφεὶς,
1470 4825 1592 4877 τίνα
1623 4824 1747 4876 ποτ’
1791 4821 1977 4891 ἐλέγο-

406 4944 508 4995 μεν
534 4924 734 4995 ψυχὴν,
776 4924 901 4993 οὐκὶ
948 4921 1046 4986 τὴν
1085 4923 1346 4989 μνήμηνς
1397 4916 1545 4985 Αὕτη
1594 4915 1704 4986 γὰρ
1733 4915 1766 4983 ἡ
1813 4913 1888 4984 μὴ
1916 4913 1978 4966 τὸ

404 5018 634 5088 σκέμμα
661 5014 1167 5086 παρακατασχοῦσα
1198 5016 1452 5083 μόνιμον,
1474 5013 1522 5063 εἰ
1545 5009 1807 5079 διαφύγῃ.
1841 5007 1980 5078 Προ-

402 5108 741 5180 τρεπόμενοι
780 5106 838 5158 δὲ
875 5104 1165 5175 φοϐεῖσθαι
1201 5102 1404 5171 μᾶλλον
1429 5100 1521 5154 τὸν
1547 5101 1638 5153 καὶ
1671 5097 1853 5170 ψυχὴν
1882 5099 1977 5151 καὶ

406 5202 570 5269 σῶμα
599 5197 903 5265 δυνάμενον
933 5195 1205 5249 ἀπολέσαι
1231 5195 1287 5246 ἐν
1319 5191 1534 5263 γεέννῃ,
1562 5191 1617 5244 τί
1646 5189 1776 5245 ποτέ
1798 5207 1979 5262 φαμεν

402 5287 608 5361 ψυχὴν,
644 5289 746 5343 οὐκ
769 5289 939 5359 αὐτὴν
964 5286 1063 5359 τὴν
1101 5285 1290 5341 οὐσίαν
1320 5285 1420 5355 τῆς
1451 5284 1669 5355 ψυχῆς;

420 5572 423 5577 ‘
482 5546 650 5608 Θεότ.
689 5551 856 5606 Ταῦθ’
891 5551 1067 5614 οὕτως
1096 5553 1184 5604 ὲκ)
1199 5552 1402 5621 ηπτέον
1430 5551 1524 5602 καὶ
1548 5550 1854 5618 ἀποδοτέον,
1878 5550 1978 5606 οὐκ

410 5650 477 5702 ὲκ
510 5643 607 5700 τοῦ
650 5644 946 5698 ἀκολούθου
977 5644 1159 5714 μόνον,
1189 5643 1327 5697 ἀλλὰ
1355 5644 1449 5696 καὶ
1477 5643 1568 5695 διὰ
1595 5642 1696 5712 τῆς
1730 5660 1978 5713 πνευμα-

408 5739 700 5809 τοκινήτου
757 5739 867 5791 τῶν
916 5736 1189 5802 θεολόγων
1237 5736 1526 5803 δυνάμεως
1578 5735 1973 5795 ἀποδεικνῦσιν.

424 5830 568 5896 Ἀλλ’
591 5830 949 5900 ἐπειδήπερὴ
985 5828 1290 5893 οῦσιοποιὺς
1322 5826 1546 5901 δύναμις
1582 5828 1785 5900 φυσικὴ
1832 5830 1977 5882 ἐστιν

2158 3351 2342 3407 Theot.
2382 3351 2621 3423 idipsum
2655 3368 2756 3425 ego
2786 3353 2852 3409 de
2870 3353 2958 3411 his
2986 3353 3185 3410 sentio.
3207 3351 3495 3420 Quomodo
3514 3355 3661 3410 enim

2085 3445 2212 3514 quid
2246 3456 2486 3503 creatum
2519 3447 2793 3503 diceretur
2812 3446 2934 3503 fons
2951 3447 3256 3503 divinitatis
3285 3447 3665 3517 bonorumque

2085 3536 2239 3607 origo
2268 3544 2325 3591 et
2370 3536 2562 3592 deities
2602 3538 2815 3608 gratia?
2856 3537 2974 3594 lmo
3017 3537 3259 3592 divinam
3310 3537 3669 3592 illitmination

2085 3643 2210 3682 nem
2244 3644 2478 3699 magnus
2508 3629 2598 3683 ille
2630 3628 2790 3684 Pater
2821 3644 3017 3685 vocare
3042 3630 3183 3701 solet
3225 3629 3581 3683 imitationem
3610 3637 3671 3685 ea

2087 3720 2536 3777 assimilationem
2573 3721 2690 3787 Dei,
2720 3731 2908 3791 utpote
2938 3722 3145 3778 similes
3174 3721 3289 3777 Deo
3317 3721 3674 3786 cﬂicicntem,

2083 3819 2138 3863 et
2170 3811 2337 3864 etiam
2375 3811 2619 3866 habitum
2670 3811 2917 3866 divinum
2945 3853 2960 3877 ,
3000 3819 3259 3882 tanquam
3301 3809 3561 3866 unionein
3608 3820 3677 3870 et.

2084 3902 2528 3968 conjunctionem
2567 3901 2662 3958 Dei
2692 3918 2815 3958 cum
2851 3903 3117 3959 creaturis
3153 3901 3511 3958 ratiunalibus
3539 3901 3665 3957 bea-

2081 3991 2320 4047 tillcatis.

2159 4083 2385 4152 Tlieaplt.
2422 4087 2712 4151 Plu-terea,
2740 4102 2863 4142 cum
2901 4086 3043 4140 idem
3078 4087 3274 4141 iterum
3307 4088 3439 4143 dicit
3468 4107 3483 4144 :
3524 4107 3543 4140 ι
3573 4088 3667 4144 Di-

2086 4174 2307 4237 t'initas,
2340 4188 2611 4245 quatenus
2641 4177 2693 4230 in
2728 4178 2783 4231 Dr
2805 4192 2837 4229 ο
2869 4186 2928 4231 ut
2963 4177 3234 4246 principio
3262 4188 3313 4232 et
3340 4192 3504 4235 causa
3534 4196 3668 4235 con-

2083 4265 2377 4333 sideratur,
2406 4283 2565 4320 unum
2599 4267 2846 4336 designat
2874 4268 3411 4337 supersubstantiale
3445 4280 3498 4323 et
3523 4273 3654 4327 abs-

2085 4370 2195 4424 que
2223 4356 2380 4410 initio
2412 4357 2738 4427 principium
2770 4366 2822 4410 et
2850 4373 3071 4411 causam
3103 4375 3117 4423 ;
3155 4368 3426 4424 quatenus
3452 4374 3581 4414 vero
3606 4371 3670 4416 ut.

2090 4450 2415 4519 participata
2459 4459 2740 4519 spectatur
2765 4492 2780 4514 ,
2824 4450 3365 4506 int-ommunicabilis
3399 4451 3490 4505 Dei
3525 4450 3664 4507 Pro-

2001 4541 2335 4634 Dvidentite
2383 4541 2656 4596 elllnvium
2705 4541 2939 4596 dicimus
2993 4542 3371 4604 divinitatem,
3423 4561 3442 4595 ι
3480 4559 3670 4598 nonne

2082 4634 2245 4688 ambo
2272 4673 2287 4697 ,
2325 4634 2564 4688 divinam
2607 4649 2801 4703 nempe
2837 4644 3086 4688 naturam
3143 4642 3197 4688 et
3237 4634 3613 4703 operationem
3640 4677 3662 4703 ,

2079 4726 2269 4781 eodem
2310 4725 2590 4778 evidenter
2616 4738 2769 4780 verat
2806 4725 3061 4780 nomine?
3089 4724 3153 4777 Et
3180 4733 3327 4779 certe
3351 4726 3428 4778 nil
3455 4740 3670 4793 novum,

2080 4818 2356 4872 videretur
2386 4816 2523 4871 bene
2559 4818 2775 4871 scienti.
2812 4816 3042 4882 Quando
3069 4814 3215 4868 enim
3255 4830 3283 4869 a
3317 4816 3476 4871 nobis
3511 4815 3674 4872 dice-.

2078 4906 2228 4961 baris
2252 4906 2560 4976 pridianum
2602 4908 2933 4975 Colloquium
2963 4903 3177 4959 defectu
3202 4904 3569 4968 meditationis
3592 4921 3675 4974 ex;

2078 4999 2260 5051 aninza
2284 4997 2571 5063 etilavisse,
2600 4998 2668 5051 de
2696 5010 2805 5066 qua
2832 4996 3194 5065 loquebamur
3223 4995 3431 5061 anima,
3460 4996 3564 5051 nisi
3594 4997 3681 5052 de.

2083 5089 2386 5143 memoria?
2416 5088 2541 5143 ":t'c
2574 5092 2719 5141 enim
2752 5087 3134 5156 cogitationem
3187 5087 3376 5155 nequit
3423 5088 3683 5143 retinere.

2080 5180 2266 5245 ﬁxam,
2295 5180 2341 5235 si
2371 5179 2612 5248 eﬂ‘ugiat.
2652 5177 2787 5232 Cum
2821 5193 2952 5233 vero
2999 5178 3355 5233 exhortamur
3378 5178 3445 5233 ad
3475 5179 3675 5249 potius.

2082 5271 2376 5325 timendum
2402 5287 2525 5327 eum
2552 5270 2646 5340 qui
2678 5278 2852 5339 potest
2879 5278 2932 5323 et
2960 5271 3198 5323 animam
3224 5276 3280 5324 et
3306 5283 3511 5339 corpus
3540 5284 3665 5339 per-

2080 5364 2208 5418 dere
2240 5363 2299 5417 in
2330 5364 2632 5434 gehennam
2663 5402 2677 5426 ,
2709 5362 2836 5429 quid
2871 5361 3110 5416 animam
3164 5361 3421 5428 dicimus,
3477 5376 3675 5416 nonne

2082 5456 2252 5526 ipsam
2288 5455 2484 5509 anima:
2521 5451 2862 5509 essentiam?

2157 5550 2333 5601 Theot.
2366 5546 2490 5600 llaec
2524 5546 2597 5600 ita
2635 5544 3044 5614 interpretanda
3084 5552 3137 5597 et
3182 5542 3503 5612 exponenda
3536 5557 3673 5598 esse

2081 5656 2190 5692 nun
2227 5641 2366 5693 ratio
2395 5646 2601 5692 tantum
2625 5675 2641 5702 ,
2686 5651 2782 5693 σοι.
2838 5645 2896 5691 et
2930 5634 3234 5691 auctoritas
3284 5631 3673 5702 theologorum,

2083 5736 2285 5805 Spiritu
2336 5734 2638 5789 amatorum
2677 5734 3041 5789 demonstrat.
3094 5730 3199 5785 Sed
3240 5744 3366 5784 cum
3419 5731 3670 5798 potentia.

2082 5827 2319 5884 creatrix
2353 5829 2422 5883 sit
2459 5826 2723 5883 naturalis
2758 5825 2851 5882 Dei
2891 5823 3136 5895 operatio
3173 5824 3322 5894 (nam
3377 5820 3519 5891 Deus
3562 5836 3671 5877 ua-.
