4108 6316
508 357 616 423 955

1727 361 2110 424 GREGORII
2156 359 2479 420 ΡΑιΑΜιιΕ

3684 350 3822 415 956

508 476 630 522 tura
667 467 774 522 vim
813 468 975 524 habet
1025 468 1292 540 creandi),
1350 469 1495 525 illius
1553 478 1731 526 autem
1790 471 2087 540 participa-

2204 468 2448 539 ἐνέργεια
2505 465 2666 530 Θεοῦ,
2722 465 2881 534 φύσει
2915 463 3026 533 γάρ
3084 463 3201 516 ἐστι
3255 461 3672 532 δημιουργικὴν
3733 463 3813 516 τὸ

507 560 656 614 tione
689 561 795 615 sint
829 577 1169 631 qumcunque
1199 562 1338 616 facta
1371 579 1497 618 sunt
1523 603 1538 629 ,
1577 580 1706 634 ergo
1742 564 1927 618 omnia
1958 577 2090 632 par-

510 652 735 720 ticipant
769 654 1046 708 naturales
1075 653 1169 708 Dei
1211 657 1482 725 potentias
1516 667 1570 711 et
1597 655 1986 725 operationes?

581 830 805 900 ΤΙιεορΙι.
840 827 1047 884 Revera
1074 845 1178 885 non
1201 831 1370 885 solam
1396 831 1716 884 creatricem
1755 829 1864 883 Deo
1885 835 2091 897 poten-

511 923 666 985 tiam,
694 923 787 977 sed
818 932 872 977 et
903 921 1070 992 ipsius
1092 920 1491 991 providentiam
1524 920 1706 974 omnia
1739 918 2090 989 participant.

512 1015 788 1071 Profecto.

585 1106 1089 1174 Tlieot.Quomudo_
1118 1105 1322 1163 etenim
1362 1105 1482 1160 sine
1520 1105 1624 1159 hac
1667 1101 2094 1174 permanerent?

587 1194 814 1262 ΤΙιεορΙι.
839 1194 981 1249 Ἰ-Ιςῐιε
1014 1195 1182 1266 igitur
1220 1193 1566 1264 providentia
1594 1201 1679 1248 est
1726 1192 2001 1246 naturalis
2041 1201 2096 1245 et

513 1285 823 1342 cs<cntialis
864 1289 1112 1354 operatio
1145 1283 1263 1340 Dei.
1302 1283 1445 1338 Dicit
1489 1283 1633 1337 enim
1664 1297 1895 1351 magnus
1926 1283 2096 1334 Atha-

512 1378 746 1433 nasius:
788 1396 807 1429 ι
845 1375 965 1431 Νοη
1017 1377 1121 1432 alia
1178 1385 1233 1432 et
1285 1376 1388 1429 alia
1442 1374 1790 1446 providentia
1848 1375 2009 1429 Pater
2041 1383 2096 1426 et

511 1468 683 1524 Filius
741 1469 872 1538 agit,
906 1468 1002 1524 sed
1064 1485 1172 1523 una
1223 1477 1280 1524 et
1321 1468 1511 1523 eadem
1570 1466 1873 1522 divinitatis
1904 1481 2099 1536 cpera-

511 1565 682 1616 tioue.
735 1579 754 1612 )
807 1561 1142 1631 Participant
1191 1561 1361 1632 igitur
1408 1561 1592 1616 omnia
1651 1561 1974 1615 creatricem
2032 1573 2096 1613 ac

513 1653 795 1722 providam
831 1652 923 1707 Dei
963 1653 1286 1722 potentiam,
1317 1653 1413 1708 sed
1451 1653 1611 1707 sicuti
1650 1653 1849 1708 domus
1897 1650 2097 1705 intelli-

512 1745 752 1814 gentiam
827 1744 1112 1798 architecti
1178 1755 1234 1799 et
1295 1745 1502 1799 domini
1556 1742 1994 1813 providentiam,
2049 1741 2094 1796 si

2195 559 2363 624 θεῖον,
2389 561 2454 630 τῇ
2482 558 2538 612 δέ
2561 557 2767 627 ταύτης
2791 557 2991 626 μετοχῇ
3014 554 3177 608 πάνθ’
3206 555 3308 606 ὅσα
3340 556 3568 621 γέγονεν
3592 554 3805 617 ἐστὶν,

2194 651 2373 703 πάντα
2411 648 2632 718 μετέχει
2663 647 2772 701 τῶν
2806 646 3057 715 φυσικῶν
3096 645 3191 698 τοῦ
3225 645 3362 698 Θεοῦ
3391 643 3701 714 δυνάμεὼν
3735 663 3806 698 τε

2192 735 2286 788 καὶ
2318 736 2610 802 ἐνεργειῶν
2636 753 2652 801 ;

2267 828 2444 894 98050.
2478 825 2587 879 Καὶ
2618 825 2729 896 γὰρ
2757 825 2819 878 οὑ
2854 827 3026 896 μόνης
3048 826 3146 895 τῆς
3177 825 3582 896 δημιουργικῆς
3613 826 3803 894 ἐνερ-

2194 917 2350 983 γείας
2371 915 2467 968 τοῦ
2501 916 2661 980 Θεοῦ,
2685 916 2824 970 ἀλλὰ
2851 917 3064 987 καὶτῆς
3090 916 3256 970 αὐτοῦ
3281 915 3534 986 προνοίας
3553 915 3799 969 ἅπαντα

2197 1009 2439 1078 μετέχει.
2472 1002 2549 1060 Ἦ
2583 1009 2734 1078 γάρς

2269 1103 2436 1156 Θεότ.
2469 1101 2594 1165 Πῶς
2634 1100 2742 1170 γὰρ
2766 1099 2831 1153 ἂν
2865 1102 2960 1153 καὶ
3008 1100 3327 1155 συνίσταντο
3359 1102 3531 1172 χωρίς
3567 1102 3787 1171 αύτῆςς

2273 1195 2448 1262 Θεοφ.
2492 1193 2558 1246 Ἥ
2589 1193 2768 1245 τοίνυν
2804 1194 3031 1263 πρόνοια
3065 1194 3269 1264 φυσική
3297 1196 3414 1247 ἐστι
3446 1194 3540 1248 καὶ
3573 1195 3790 1248 ούσιὼ-

2199 1287 2298 1355 δης
2327 1286 2584 1355 ἐνέργεια
2611 1285 2770 1340 Θεοῦ.
2807 1285 2948 1354 Φησὶ
2978 1285 3088 1355 γὰρ
3140 1286 3168 1337 δ
3201 1285 3378 1356 μέγας
3427 1287 3787 1351 Ἀθανάσιος,

2205 1396 2226 1429 ι
2252 1377 2326 1429 Οὐ
2366 1377 2508 1430 κατὰ
2537 1375 2706 1447 ἄλλην
2735 1375 2831 1429 καὶ
2853 1375 3020 1445 ἄλλην
3048 1376 3308 1446 πρόνοιαν
3341 1378 3369 1427 ὁ
3401 1376 3589 1446 Πατὴρ
3621 1381 3728 1429 καὶ
3758 1380 3790 1430 ὁ

2199 1467 2327 1530 Υἱὸς
2353 1465 2672 1537 ἐργάζεται,
2702 1464 2839 1519 ἀλλὰ
2881 1465 3022 1519 κατὰ
3051 1466 3182 1534 μίαν
3215 1466 3311 1519 καὶ
3341 1466 3439 1537 τὴν
3471 1469 3641 1537 αὐτὴν
3680 1469 3783 1520 οὑ-

2201 1560 2366 1630 σιώδη
2403 1560 2499 1628 τῆς
2543 1559 2795 1628 θεότητος
2821 1557 3128 1628 ἐνέργειαν.
3158 1577 3176 1610 ι
3218 1559 3556 1628 Μετέχουσιν
3576 1560 3785 1612 οὐκοῦν

2201 1649 2380 1702 πάντα
2429 1651 2525 1718 τῆς
2553 1646 2958 1720 δημιουργικῆς
3004 1665 3064 1702 τε
3101 1650 3196 1702 καὶ
3249 1652 3619 1720 προνοητικῆς
3678 1651 3782 1704 τοῦ

2201 1741 2335 1793 Θεοῦ
2385 1740 2695 1810 δυνάμεως,
2728 1739 2846 1793 ἀλλ’
2869 1738 2944 1802 ὡς
2970 1741 3002 1809 ή
3043 1739 3190 1792 οίκία
3237 1740 3337 1808 τῆς
3364 1739 3458 1792 τοῦ
3487 1742 3780 1810 οἰκοδόμου

514 1838 736 1903 quidem
783 1837 1046 1892 duratura
1098 1836 1192 1892 sit.
1231 1834 1552 1890 Rationales
1594 1841 1776 1888 autem
1831 1841 2098 1888 creaturae

2204 1833 2464 1894 διανοίας,
2517 1833 2612 1884 καὶ
2657 1831 2754 1900 τῆς
2794 1830 2890 1883 τοῦ
2939 1831 3321 1884 οἰκοδεσπότου
3372 1832 3608 1900 δυνατῆς
3641 1849 3780 1900 προ-

515 1929 727 1980 ratione
781 1925 963 1981 vident
1003 1942 1068 1980 ex
1120 1925 1394 1980 creaturis
1425 1924 1644 1980 insitam
1693 1933 1900 1977 natura:
1926 1922 2097 1979 Crea-

517 2019 655 2072 toris
710 2017 1006 2071 bonitatem
1064 2025 1119 2071 ct
1188 2016 1528 2086 potentiam,
1586 2014 1690 2069 soli
1736 2028 1868 2068 vero
1923 2015 2099 2068 sancti

516 2107 738 2178 proprie
770 2107 956 2163 vident
980 2117 1034 2162 et
1067 2109 1425 2179 participant,
1452 2107 1692 2178 Spiritus
1717 2109 2100 2163 communica-

517 2203 666 2256 tione
741 2200 948 2256 similes
995 2201 1106 2256 Deo
1137 2200 1290 2266 facti,
1323 2201 1621 2272 divinaque
1661 2201 1864 2255 virtute
1914 2202 2098 2254 lumen

515 2292 611 2346 Dei
669 2291 944 2362 videntes:
981 2301 1036 2347 et
1095 2291 1494 2369 percipientes,
1560 2305 1624 2345 ac
1683 2293 2098 2360 super-naturali

517 2381 707 2451 repleti
740 2381 1054 2452 splendore,
1094 2390 1259 2453 atque
1303 2383 1405 2460 ipsi
1464 2381 1570 2438 hac
1619 2382 1870 2438 claritate
1911 2381 2102 2437 ineffa-

518 2473 697 2527 bilitcr
744 2473 933 2543 fulgidi
980 2483 1333 2545 apparentes.
1371 2473 1505 2528 Nam
1555 2473 1798 2546 Spiritus
1848 2482 2099 2537 sanctus,

518 2575 577 2617 ut
612 2579 842 2636 magnus
875 2566 952 2620 ait
985 2565 1246 2633 Basilius,
1276 2574 1477 2619 cuncta
1514 2567 1688 2634 replet
1733 2578 1832 2620 sua
1873 2564 2100 2627 virtute,

517 2657 652 2712 solis
705 2672 836 2711 vero
884 2658 1068 2728 dignis
1130 2658 1702 2724 communieatur;et
1741 2672 1852 2711 non
1887 2657 2106 2726 capitur

519 2747 746 2810 mundo,
775 2748 868 2803 sed
896 2764 924 2802 a
958 2731 1165 2805 sauciis
1195 2758 1403 2804 tantum
1438 2765 1534 2819 per
1561 2744 2100 2805 cordis‘munditiam

517 2842 770 2907 videtur;
798 2849 853 2896 et
886 2841 1142 2896 omnibus
1178 2842 1358 2908 adest,
1385 2841 1483 2896 sed
1512 2841 1875 2912 cupiditatum
1907 2855 2106 2911 exper-

521 2934 667 2988 tibus
691 2945 854 2989 Suam
902 2933 1218 2990 manifestat
1273 2932 1816 2999 virtutem,7minime
1874 2947 2006 2987 vero
2037 2931 2106 2986 iis

518 3041 753 3095 quorum
808 3039 904 3079 cor
971 3025 1177 3093 peccati
1239 3022 1488 3079 fteditate
1548 3024 1755 3079 sordet.
1821 3021 1891 3079 Ut
1949 3024 2096 3078 enim

2201 1924 2372 1986 νοίας,
2413 1925 2460 1975 εί
2501 1925 2610 1991 ἄρα
2643 1921 2830 1990 μέλλει
2864 1921 3212 1976 συνεστάναι.
3251 1923 3332 1975 Ti
3360 1922 3420 1975 δὲ
3448 1923 3642 1990 λογικὰ
3675 1927 3777 1976 καὶ

2199 2010 2404 2080 ὁρῶσιν
2431 2013 2490 2062 ἐκ
2517 2011 2624 2061 τῶν
2665 2009 3006 2077 κτισμάτων,
3029 2009 3277 2080 λογισμῷ
3311 2012 3527 2081 μέντοι,
3559 2015 3659 2081 τὴν
3691 2015 3774 2082 τῷ

2201 2105 2399 2176 κτίστῃ
2451 2105 2610 2170 φύσει
2659 2103 2972 2172 προσοῦσαν
3023 2104 3335 2173 ἀγαθότητα
3368 2108 3464 2156 καὶ
3517 2106 3772 2174 δύναμιν.

2201 2197 2370 2249 Μόνοι
2402 2196 2459 2248 δὲ
2491 2197 2586 2248 καὶ
2617 2195 2908 2265 μετέχουσι
2940 2197 3034 2248 καὶ
3070 2196 3269 2263 ἐρῶσιν
3299 2197 3348 2247 οἱ
3376 2196 3524 2263 ἅγιοι
3546 2200 3774 2266 κυρίως,

2200 2287 2290 2340 διὰ
2319 2287 2419 2354 τῆς
2450 2286 2544 2340 τοῦ
2581 2287 2897 2356 Πνεύματος
2927 2287 3198 2356 μεθέξεως
3242 2287 3499 2352 θεοειδεῖς
3550 2292 3775 2356 γεγοηόο

2203 2395 2317 2441 τες,
2350 2379 2442 2431 καὶ
2469 2379 2698 2432 θεοειδεῖ
2737 2379 2968 2447 δυνάμει
2999 2378 3361 2451 λαμπρότητα
3409 2381 3545 2434 Θεοῦ
3579 2384 3776 2446 ἰδόντες

2203 2473 2296 2524 καὶ
2329 2472 2591 2532 παθόντες
2625 2471 2718 2524 καὶ
2749 2472 3065 2542 ὑπερφυοῦς
3099 2473 3332 2540 ἀγλαΐας
3371 2473 3475 2542 πλη
3489 2476 3775 2544 ρωθέντες,

2204 2565 2297 2616 καὶ
2324 2565 2479 2617 αὐτοὶ
2506 2563 2572 2617 δι’
2589 2563 2759 2632 αὐτῆς
2783 2565 3110 2636 ἀπορῤήτως
3139 2565 3455 2635 αἰγλήεντες
3481 2567 3779 2634 ἀναφανέν-

2204 2674 2317 2719 τες.
2356 2657 2429 2709 Τὸ
2465 2657 2575 2728 γὰρ
2611 2657 2837 2725 Πνεῦμα
2865 2657 2923 2709 τὸ
2955 2657 3134 2724 ἅγιον,
3172 2658 3315 2710 κατὰ
3344 2659 3435 2710 τὸν
3468 2660 3642 2728 μέγαν
3671 2660 3774 2726 φά·

2207 2767 2294 2802 ναι
2323 2749 2620 2815 Βασίλειον,
2655 2749 2832 2802 πάντα
2865 2750 2962 2818 μὲν
2986 2749 3188 2819 πληροῖ
3219 2753 3285 2820 τῇ
3313 2751 3562 2818 δυνάμει,
3596 2753 3777 2820 μόνοις

2208 2841 2263 2894 δέ
2303 2841 2417 2892 ἐστι
2455 2840 2719 2909 μεθεκτον
2751 2843 2861 2903 τοῖς
2894 2840 3063 2904 ἀξίοις
3093 2857 3106 2869 ·
3138 2843 3229 2895 καὶ
3259 2841 3542 2912 ἀχώρητον
3570 2843 3669 2912 μὲν
3700 2843 3778 2908 τῷ

2209 2935 2424 3003 κόσμῳ,
2458 2939 2572 2996 το“ς
2605 2933 2783 3000 ἁγίοις
2815 2932 2872 2986 δέ
2919 2934 3102 3002 μόνοις
3134 2934 3221 2987 διὰ
3253 2935 3600 3004 καθαρότητα
3638 2953 3777 3003 καρ-

2208 3021 2327 3082 δίας
2359 3021 2669 3091 θεωρητόνο
2705 3023 2801 3075 καὶ
2845 3025 2978 3076 πᾶσι
3039 3023 3139 3092 μὲν
3183 3025 3458 3093 πάρεστιν,
3490 3025 3625 3077 ἀλλὰ
3663 3030 3777 3087 τοῖς

518 3119 703 3171 vultus
729 3115 940 3186 effigies
972 3130 1078 3169 non
1111 3116 1167 3169 in
1199 3116 1460 3171 omnibus
1487 3117 1814 3186 exprimitur
1838 3118 2098 3182 materiis,

2211 3113 2312 3182 μὲν
2340 3113 2711 3183 καθαρεύουσι
2741 3113 2850 3167 τῶν
2887 3115 3082 3167 παθῶν
3113 3117 3208 3185 τὴν
3238 3115 3367 3168 ἰδίαν
3394 3116 3650 3184 ἐμφαίνει
3682 3117 3776 3168 δύ-

519 3209 614 3264 sed
653 3209 720 3264 iis
750 3219 960 3262 tantum
989 3224 1107 3276 qua:
1139 3210 1322 3277 aliqua
1355 3209 1578 3264 levitate
1613 3210 1853 3279 praedita:
1878 3218 2009 3264 sunt
2035 3225 2098 3264 ac

521 3300 931 3370 pelluciditatae,
961 3300 1039 3355 sic
1061 3317 1169 3355 non
1218 3305 1270 3354 in
1302 3302 1556 3358 omnibus
1606 3302 1808 3357 animis
1859 3302 2100 3374 Spiritus

520 3394 695 3454 sancti
732 3394 1001 3463 operatio,
1037 3394 1132 3448 sed
1169 3395 1220 3448 in
1257 3394 1342 3448 his
1379 3404 1590 3450 tantum
1624 3411 1747 3465 quae
1785 3395 1922 3450 nihil
1957 3396 2100 3450 obli-

519 3486 612 3554 qui
674 3485 874 3539 habent
909 3486 992 3540 vel
1024 3485 1227 3554 asperi.
1269 3485 1436 3540 Vides
1469 3487 1635 3556 igitur
1670 3486 1934 3555 Spiritum
1970 3502 2100 3542 san-

518 3585 664 3632 ctum
713 3577 969 3630 omnibus
1001 3577 1195 3632 adesse
1227 3577 1447 3646 quidem
1493 3578 1761 3638 essentia.
1794 3578 1878 3633 vel
1920 3579 1965 3633 si
1998 3578 2104 3644 vis,

519 3669 720 3721 virtute
745 3676 792 3722 et
827 3668 1164 3734 Operatione,
1193 3667 1588 3720 communicari
1620 3677 1801 3723 autem
1842 3678 1896 3722 et
1927 3669 2105 3722 mani-

519 3755 707 3810 fc-stari
765 3756 1000 3810 essentia
1084 3755 1320 3819 nemini,
1380 3757 1700 3824 operatione
1771 3771 1903 3812 vero
1969 3758 2103 3816 solis

517 3861 812 3916 pravarum
845 3845 1210 3916 cupiditatum
1259 3847 1424 3900 sorde
1450 3848 1717 3918 purgatis.

2207 3220 2394 3271 ναμιν,
2433 3205 2546 3266 τοῖς
2575 3204 2633 3256 δὲ
2662 3205 2721 3256 τὸ
2760 3205 3087 3274 ἡγεμονικὸν
3128 3207 3525 3275 συγκεχυμένον
3557 3207 3771 3282 ἔχουσιν

2207 3295 2315 3348 ἀπὸ
2353 3296 2462 3348 τῶν
2488 3295 2591 3365 τῆς
2630 3295 2906 3366 ἁμαρτίας
2943 3295 3149 3348 σπίλων
3185 3297 3391 3351 οὐκέτι.
3419 3297 3632 3367 ’Ὠσπερ
3669 3299 3776 3366 γᾰρ

2207 3391 2263 3442 αἱ
2320 3388 2428 3440 τῶν
2477 3386 2792 3457 προσώπων
2844 3389 3118 3456 ἐμφάσεις
3173 3390 3274 3441 οὐκ
3323 3391 3380 3440 ἐν
3416 3390 3616 3451 πάσαις
3663 3394 3776 3450 ταῖς

2209 3480 2365 3543 ὕλαις
2391 3482 2655 3548 γίνονται,
2686 3480 2804 3533 ἀλλ’
2828 3481 2885 3533 ἐν
2925 3483 3046 3541 ταῖς
3083 3481 3342 3551 λειότητα
3378 3499 3503 3534 τινα
3549 3482 3640 3533 καὶ
3665 3481 3776 3534 διιιι⁴

2209 3573 2437 3642 φάνειαν
2479 3572 2884 3640 κεκτημέναιςο
2933 3571 3106 3634 οὓτως
3155 3573 3255 3624 οὐκ
3303 3575 3362 3625 ἐν
3405 3574 3607 3635 πάσαις
3663 3576 3775 3635 ταῖς

2208 3666 2413 3736 ψυχαῖς
2467 3667 2499 3733 ἡ
2537 3662 2630 3716 τοῦ
2667 3663 3003 3731 Πνεύματος
3056 3665 3331 3732 ἐνέργεια,
3387 3665 3488 3718 ἀλλ
3562 3667 3620 3716 ἐν
3668 3667 3775 3726 ταῖς

2214 3757 2380 3826 μηδὲν
2416 3754 2628 3809 σκολιὸν
2659 3754 2910 3823 ἐχούσαις
2950 3755 3084 3824 μηδὲ
3117 3756 3585 3822 στραγγαλιῶδες.
3623 3757 3776 3825 Ὁρᾷς

2211 3850 2286 3911 ὡς
2327 3851 2461 3902 πᾶσι
2502 3847 2601 3916 μὲν
2632 3847 2870 3913 πάρεστι
2905 3846 2966 3898 τὸ
2992 3847 3147 3913 ἆγιον
3176 3847 3401 3914 Πνεῦμα
3432 3849 3552 3900 κατ’
3578 3849 3773 3912 οὐσίαν,

518 3941 659 3993 εἰδὲ
706 3938 887 4009 βούλει
929 3938 1197 3992 καὶκατὰ
1249 3938 1482 4030 δύναμίν
1529 3957 1590 3992 τε
1638 3942 1733 3995 καὶ
1781 3941 2092 4014 ἐνέργειαν,
2141 3945 2429 4015 μετέχεται
2461 3941 2516 3993 δὲ
2568 3939 2662 3992 καὶ
2695 3940 3043 4007 ἐπιφαίνεται
3073 3940 3214 3993 κατὰ
3265 3941 3364 4009 μὲν
3427 3943 3529 4012 τὴν
3595 3941 3775 3995 οὐσίαν

517 4035 714 4098 οὐδενὶ,
747 4034 888 4093 κατὰ
934 4033 990 4085 δὲ
1030 4032 1128 4103 τὴν
1177 4034 1462 4104 ἐνέργειαν
1491 4033 1676 4102 μόνοις
1711 4038 1822 4098 τοῖς
1864 4035 1957 4090 τὸν
1990 4036 2101 4089 ἀπὸ
2141 4036 2252 4089 τῶν
2283 4032 2538 4100 πονηρῶν
2571 4031 2764 4084 παθῶν
2799 4033 3164 4100 ἀποθεμένοις
3197 4033 3407 4088 σπῖλον.

594 4126 777 4186 Tlieot.
821 4125 954 4181 Vere
1015 4124 1306 4183 fallacibus
1354 4111 1767 4183 seseirretiunt
1806 4129 2094 4199 argutiolis

519 4221 833 4289 quicunque
878 4219 1032 4272 vobis
1060 4219 1438 4273 contradicere
1470 4227 1744 4289 satagunt.
1775 4219 1910 4274 Cum
1945 4221 2091 4273 enim

521 4309 763 4367 amboin
796 4322 1080 4361 sacrorum
1113 4309 1444 4375 scriptorum
1465 4309 1618 4364 libris
1649 4310 1796 4364 clare
1819 4307 2100 4363 affirmeti-

523 4409 632 4461 tur,
664 4398 764 4466 ipsi
816 4413 964 4450 nunc
1024 4397 1346 4451 alterutrum
1399 4398 1667 4452 duntaxat
1719 4398 1868 4454 velut
1921 4400 2096 4455 solum

2279 4126 2444 4182 Θεότ.
2486 4125 2698 4189 Ὀντως
2732 4126 2876 4192 σφᾶς
2907 4125 3106 4188 αὐτοὺς
3133 4141 3196 4176 πε
3219 4123 3584 4195 ρακρούονταί
3610 4141 3666 4178 τε
3695 4127 3776 4178 καὶ

2208 4215 2678 4283 κατασοφίζονται
2733 4215 2936 4279 πάντες
2992 4219 3041 4269 οἱ
3097 4218 3404 4285 ἀντιλέγειν
3461 4220 3773 4282 σπεύδοντες

2210 4309 2361 4378 ὑμῖν.
2413 4307 2766 4376 Ἀμφοτέρων
2810 4308 2919 4377 γὰρ
2947 4309 3006 4360 ἐν
3031 4309 3148 4370 ταῖς
3178 4309 3540 4379 ἁγιογραφοις
3578 4310 3772 4370 δέλτοις

2213 4399 2400 4467 σαφῶς
2434 4398 2951 4468 ὑπαγορευομένων,
2985 4398 3141 4453 αὐτοὶ
3182 4399 3276 4452 νῦν
3316 4401 3414 4468 μὲν
3439 4399 3534 4453 τοῦ
3568 4401 3684 4462 ἐνὸς
3705 4401 3772 4461 ὡς

521 4489 726 4542 dictum
769 4494 1141 4557 prepugnant,
1174 4503 1320 4541 nunc
1359 4483 1696 4544 invehuntur
1725 4501 1916 4546 contra
1958 4493 2098 4548 alte-

2208 4493 2374 4545 αύτοῦ
2412 4492 2578 4562 μόνου
2607 4492 2905 4563 εἰρημένου
2937 4491 3098 4561 δῆθεν
3127 4493 3656 4563 ὑπεραγωνίζονται,
3684 4489 3769 4543 νῦν

524 4578 849 4649 rum,fquasi
877 4592 983 4631 non
1009 4585 1301 4648 utrumque
1327 4579 1584 4635 distincte
1603 4583 1902 4639 diceretur.
1925 4585 1993 4641 Et
2017 4585 2099 4640 sic

525 4673 685 4731 iidem
738 4672 878 4725 idem
931 4679 1185 4724 astruunt
1235 4685 1300 4726 ac
1359 4670 1704 4728 destruunt:
1770 4689 1896 4729 cum
1947 4678 2094 4732 enim

523 4762 916 4823 coiumunicari
974 4762 1231 4817 omnibus
1285 4762 1867 4830 supersubstantlalcm
1908 4765 2098 4824 essen-

524 4857 653 4910 lium
685 4856 1044 4920 contendant,
1091 4855 1404 4914 necessario
1446 4855 1754 4912 increatum
1787 4846 2124 4914 communi-4

522 4949 633 5001 Curi
666 4950 877 5004 cunctis
912 4948 1366 5019 participantibus
1396 4947 1672 5013 fatentur;
1727 4961 1853 5003 cum
1907 4955 2093 5004 autem

523 5049 759 5094 creatam
788 5041 976 5094 dicunt
1004 5042 1259 5110 gratiam,
1291 5041 1596 5096 increatum
1623 5054 1692 5094 ne
1717 5039 1850 5110 ipsis
1875 5041 2093 5111 quidem

523 5133 802 5188 caelitibus
819 5133 1212 5186 communicari
1241 5142 1567 5202 agnoscunt.

597 5220 825 5289 Tlicoph.
855 5219 1288 5290 Oppositionem,
1322 5237 1354 5277 ο
1383 5223 1580 5289 amice,
1607 5232 1859 5292 quaerunt
1914 5224 2092 5293 quoad

521 5331 742 5378 nomen,
784 5313 924 5368 haud
958 5314 1136 5382 quoad
1169 5329 1280 5368 rem
1335 5316 1558 5370 nomine
1604 5317 1987 5385 significatam.
2025 5317 2096 5370 At

519 5403 564 5456 si
601 5404 666 5456 ad
701 5403 1067 5474 significatum
1119 5404 1402 5458 advertant
1437 5414 1696 5469 mentem,
1739 5421 1847 5460 non
1881 5407 2092 5475 species

518 5495 786 5550 dumaxat
807 5495 1234 5564 signiticatorum
1260 5495 1581 5563 diviserunt,
1614 5497 1710 5552 sed
1735 5512 1799 5552 eo
1831 5513 2094 5567 pervene-

525 5596 656 5640 runt
686 5597 743 5640 ut
769 5581 1145 5656 discerperent
1175 5601 1284 5641 rem
1314 5587 1485 5656 ipsam
1511 5588 1578 5641 de
1601 5605 1706 5659 qua
1731 5603 1811 5645 est
1839 5593 2093 5660 qurestio.

501 5674 584 5760 'ln
624 5676 706 5730 his
741 5677 901 5746 igitur
931 5676 1322 5732 sibimetinviti
1347 5679 1763 5744 contradicunt,
1794 5697 2095 5752 eorumque

501 5761 889 5844 {cogitationes
931 5779 983 5825 ct
1020 5783 1304 5832 sermones
1334 5769 1478 5826 velut
1513 5771 1566 5824 in
1608 5770 1723 5829 alea
1765 5774 2095 5836 cit't'ttttn'ul-

2205 4583 2263 4636 δὲ
2304 4583 2544 4652 χωροῦσι
2589 4583 2732 4635 κατὰ
2767 4581 2864 4635 τοῦ
2895 4583 3083 4652 ἐτέρου
3103 4624 3118 4649 ,
3141 4583 3217 4646 ὡς
3251 4583 3326 4653 μὴ
3354 4585 3646 4653 εἰρημένου
3677 4585 3763 4636 καὶ

2209 4675 2320 4727 οὐδ’
2354 4675 2618 4746 ἐκατέρου
2652 4673 2976 4745 ὡρισμένως
2998 4691 3012 4706 ο
3052 4674 3128 4738 ὡς
3157 4671 3298 4728 εἶναι
3327 4675 3454 4738 τοὺς
3484 4675 3681 4736 αὐτοὺς
3710 4674 3763 4726 τὸ

2202 4767 2331 4820 αὐτὸ
2383 4766 2898 4831 κατασκευάζοντας
2945 4767 3040 4820 καὶ
3083 4766 3464 4838 ἀναιροῦντας.
3497 4767 3630 4819 Ὅτε
3676 4766 3766 4835 μὲν

2204 4858 2313 4925 γὰρ
2349 4859 2623 4928 μεθεκτὴν
2647 4858 2822 4911 ἆπασι
2844 4855 2945 4928 τὴν
2974 4857 3415 4929 ὑπερουσιότητα
3446 4857 3663 4924 ἐκείνην
3690 4857 3767 4907 λέ-

2203 4968 2415 5019 γουσιν,
2449 4950 2511 5014 ἐξ
2538 4949 2787 5019 ἀνάγκης
2829 4949 3089 5003 ἀκτίστου
3124 4949 3327 5002 διδόασι
3357 4947 3610 5019 μετέχειν
3643 4949 3763 5000 πάν-

2200 5061 2299 5105 τας
2327 5044 2454 5106 τοίρς
2490 5041 2822 5111 μετέχοντας
2842 5054 2857 5070 ⁸
2888 5040 2976 5094 ὅτε
3008 5035 3064 5092 δέ
3092 5040 3315 5110 κτιστὴν
3340 5039 3440 5110 τὴν
3467 5039 3648 5108 χάριν,
3675 5039 3764 5091 οὑκ

2205 5134 2462 5193 ὰκτίστου
2507 5132 2618 5185 οὐδ’
2658 5133 2856 5194 αὐτοὺς
2897 5132 3142 5193 ἐκείνους
3189 5133 3315 5194 τοὺς
3351 5131 3759 5200 ὑπερκοσμίους.

2280 5228 2456 5293 Θεοφ.
2489 5223 2601 5294 Τὴν
2626 5224 2768 5276 κατὰ
2791 5223 2851 5275 τὸ
2877 5223 3050 5294 δνομα
3078 5222 3239 5292 μόνον
3267 5222 3564 5285 ἀντίθεσιν,
3590 5215 3634 5273 ὦ
3659 5221 3764 5290 βέλ-

2205 5335 2379 5383 τιστε,
2411 5315 2691 5386 ζητοῦσιν,
2740 5316 2800 5369 οὐ
2846 5315 2944 5387 τὴν
2975 5318 3117 5369 κατὰ
3143 5315 3203 5368 τὸ
3238 5315 3342 5369 ὑπὸ
3382 5313 3476 5368 τοῦ
3515 5315 3760 5384 ὀνόματος

2205 5408 2558 5479 δηλούμενον.
2590 5407 2653 5459 Εἰ
2702 5407 2758 5459 δέ
2807 5423 2912 5459 που
2951 5407 3048 5460 καὶ
3087 5407 3226 5474 πρὸς
3263 5407 3324 5459 τδ
3371 5409 3760 5478 σημαινόμενον

2206 5500 2599 5572 ἐπιστρέφουσι
2624 5497 2718 5552 τὸν
2743 5496 2886 5562 νοῦν,
2913 5499 2974 5551 οὐ
2999 5498 3068 5552 τὰ
3092 5499 3206 5575 εἴδη
3227 5499 3335 5551 τῶν
3359 5499 3759 5569 σημαινομένων

2205 5588 2528 5659 διαιροῦσιν,
2561 5588 2638 5651 ὡς
2686 5587 3058 5651 ἀπολαϐόντες
3109 5587 3355 5659 ἀκριϐῶς
3397 5588 3666 5655 ἐφίκοντο,
3707 5579 3758 5639 οὗ

2207 5683 2374 5736 ’ἑνεκα
2409 5682 2442 5752 ἡ
2473 5681 2726 5750 ζήτησις.
2769 5678 2936 5731 Ταῦτ’
2970 5678 3079 5748 ἄρα
3122 5681 3215 5731 καὶ
3246 5679 3400 5730 αὐτοὶ
3430 5679 3645 5740 ἑαυτοῖς
3675 5679 3758 5748 οὐχ

2208 5774 2428 5836 ἑκόντες
2460 5765 2600 5826 εἶναι
2630 5768 3043 5851 περιπίπτουσι,
3078 5769 3330 5840 καθάπερ
3361 5770 3416 5822 ἐν
3449 5770 3642 5841 κυϐεῖᾳ
3675 5770 3758 5848 τῆς
