4108 6316
553 368 658 428 9»)

1765 369 2138 430 ΟΒΕΟυΙιΗ
2183 371 2366 430 PALA
2381 371 2504 430 ΜΕ

3684 368 3812 432 960

550 493 636 535 νει
688 481 958 536 bonorum
1013 481 1067 536 in
1125 480 1233 535 Dee
1268 481 1596 535 naturaliter
1627 481 1976 536 insidenlium
2029 497 2121 549 per

2226 485 2427 555 μᾶλλον
2465 484 2601 536 κατᾶ
2625 485 2717 553 τὴν
2755 483 2915 553 χάριν
2948 483 2979 553 ἢ
3021 481 3407 552 άφομοεωμαδ
3451 479 3542 533 Ἐν
3579 481 3637 534 δὲ
3677 483 3811 542 τοῖς

548 573 778 641 gratiam
815 573 1059 627 traditio.
1094 591 1116 624 ι
1168 574 1402 627 Sanctus
1449 583 1623 627 autem
1662 573 1895 642 Cyrillus
1945 573 2121 627 citans

553 666 659 716 tne
697 663 914 717 Domini
963 664 1187 717 verbum
1239 681 1251 716 :
1295 682 1312 714 ι
1371 665 1561 718 Pacem
1638 678 1812 716 meam
1872 663 2122 731 relinquo

554 755 741 820 vultis;
793 773 814 806 θ
852 755 927 808 ait
968 773 981 808 :
1019 774 1037 806 ι
1077 755 1227 808 Hane
1277 771 1462 823 pacem
1503 755 1640 808 dicit
1689 769 1868 820 suam,
1903 767 1962 808 ut
1998 771 2122 824 pro-

557 847 732 913 prium
769 847 970 898 bonum
1006 846 1104 899 sibi
1140 846 1385 900 insitum.
1425 863 1443 896 t
1485 845 1551 898 Et
1588 845 1642 898 in
1682 845 1893 900 decimo
1924 856 2122 915 quarto

554 951 804 991 sermone
828 937 1249 997 Thesaurorum,
1274 937 1469 1003 pariter
1494 937 1634 996 istud
1659 937 1887 994 aﬂ‘erens
1919 956 1932 993 :
1969 956 1987 989 ι
2018 938 2121 1004 Qui

551 1029 725 1081 credit
761 1028 945 1089 inme,
990 1028 1148 1080 habet
1207 1029 1369 1080 vitant
1426 1037 1707 1092 aeternam,
1751 1046 1770 1080 ι
1804 1058 1875 1068 -
1911 1047 1929 1080 ε
1973 1028 2120 1083 Tau—

551 1133 718 1183 quam
769 1126 958 1171 natura
1008 1117 1106 1172 sibi
1148 1118 1392 1182 insitam,
1426 1117 1625 1187 inquit,
1674 1126 1729 1173 et
1757 1119 2122 1174 essentialiter

558 1212 940 1260 immanentem
987 1208 1152 1261 vitam
1207 1224 1264 1262 se
1309 1209 1562 1261 daturum
1596 1209 1945 1265 credentibus
1975 1211 2024 1264 in
2063 1225 2122 1266 se

551 1295 870 1363 pullieetur;
915 1300 1216 1365 procedens
1260 1297 1403 1350 enim
1453 1312 1483 1350 a
1518 1298 1700 1362 Patre,
1736 1300 1920 1354 omnia
1957 1299 2120 1368 hujus

556 1387 823 1440 naturalia
885 1389 1145 1455 possidet.
1197 1391 1300 1442 vita
1357 1401 1535 1443 autent
1595 1398 1679 1444 est
1741 1406 1846 1443 una
1903 1407 1965 1444 ex
2027 1391 2116 1444 Dei

553 1476 951 1530 naturalibus.»
986 1477 1155 1532 Vides
1182 1477 1360 1548 dignis
1405 1480 1584 1533 datam
1613 1493 1734 1534 esse
1786 1480 1926 1535 hanc
1955 1481 2117 1536 vitam

493 1621 506 1630 _
545 1580 782 1634 eamque
811 1582 929 1620 esse
972 1567 1081 1619 Deo
1115 1576 1308 1621 natura
1357 1569 1600 1632 insitam,
1648 1570 1791 1624 haud
1830 1586 1961 1625 vero
2001 1586 2121 1627 esse

553 1654 725 1719 ipsam
753 1663 1001 1708 naturam
1032 1673 1043 1705 :
1071 1671 1173 1708 una
1197 1659 1444 1710 estenim
1469 1668 1664 1714 natura
1685 1660 1891 1722 divina,
1909 1660 2000 1716 illa
2019 1675 2120 1715 au-

558 1755 662 1797 lem
687 1745 795 1798 vita
815 1754 1018 1800 estuna
1043 1762 1110 1800 ex
1135 1746 1226 1800 Dei
1267 1749 1631 1805 naturalibus.
1671 1751 1733 1805 Et
1769 1759 2024 1819 tanquam
2062 1752 2116 1804 in

2224 576 2556 644 θεολογικοῖς
2574 575 2888 642 κεφαλαίοις
2917 573 3166 643 φανερῶς
3189 588 3373 642 φησιν·
3403 593 3422 624 ι
3443 572 3508 624 Ἢ
3529 571 3623 624 τοῦ
3647 570 3807 624 Θεοῦ

2224 648 2471 736 βασιλεία
2519 667 2626 719 τῶν
2667 666 2981 735 προσόντων
3018 664 3095 735 τῷ
3125 663 3245 733 Θεῷ
3274 664 3522 732 φυσικῶς
3564 662 3810 730 ἀγαθῶν

2223 757 2361 810 κατὰ
2387 758 2547 826 χάριν
2574 757 2690 809 ἐστὶ
2722 757 3028 826 μετάδοσις.
3061 774 3078 808 ι
3128 756 3186 808 '0
3223 755 3279 808 δὲ
3306 756 3460 822 ἅγιος
3495 754 3807 822 Κύριλλος.

2222 848 2281 900 τὸ
2318 847 2413 900 τοῦ
2465 847 2670 916 Κυρίου
2720 846 3092 916 προενεγκὼν,
3123 863 3142 898 ι
3195 845 3433 915 Εἰρήνην
3497 844 3597 914 τὴν
3649 845 3810 914 ἐμὴν

2221 938 2424 1008 ἀφίημι
2453 939 2633 1008 ὑμῖν.»
2651 969 2710 978 -
2728 958 2746 990 ι
2773 937 2997 992 Ἑαυτοῦ
3024 937 3121 1008 τὴν
3149 937 3370 1007 εἰρήνην
3399 936 3604 1005 ταύτην
3638 933 3808 989 εἶπεν

2222 1025 2384 1096 εἶναι,
2419 1031 2603 1100 φησιν,
2626 1029 2699 1090 ῶ;
2722 1029 2850 1082 ῐδιον
2888 1026 3091 1096 ἀγαθὸν
3117 1025 3424 1096 ἐνυπάρχον
3451 1026 3661 1096 αύτῷ.›,
3703 1028 3804 1078 Ἐν

2221 1121 2278 1174 δὲ
2311 1121 2388 1189 τῷ
2427 1121 2489 1173 ιδ’
2512 1121 2657 1190 λόγῳ
2689 1121 2798 1173 τῶν
2845 1117 3168 1188 Θησαυρῶν,
3204 1119 3380 1170 ἐκεῖνο
3420 1117 3583 1170 πάλιν
3629 1135 3803 1189 προε-

2225 1211 2453 1279 νεγκὼν,
2491 1229 2510 1262 ι
2556 1211 2615 1264 '0
2645 1210 2916 1264 πιστέυων
2943 1211 3024 1272 εἰς
3047 1207 3149 1279 ἐμὲ
3174 1209 3286 1278 ἔχει
3313 1207 3460 1278 ζωὴν
3491 1208 3739 1271 αἰώνιον,
3773 1229 3793 1259 ι

2221 1321 2315 1352 -ι
2339 1299 2426 1362 Ὠς
2453 1299 2632 1368 φύσει,
2658 1301 2811 1368 φησὶ,
2836 1298 3140 1368 προσοῦσαν
3157 1296 3305 1366 αὐτῷ
3327 1296 3425 1367 τὴν
3439 1297 3585 1366 ζωὴν
3605 1300 3692 1350 καὶ
3706 1297 3799 1349 ού-

2223 1392 2429 1453 σιωδῶς
2457 1391 2812 1461 ὑπάρχουσαν
2836 1387 3031 1442 δώσειν
3056 1390 3168 1452 τοῖς
3193 1391 3273 1452 εἰς
3305 1390 3470 1443 αὑτὸν
3497 1389 3797 1442 πιστεύου-

2222 1497 2308 1532 σιν
2337 1479 2752 1547 ὲπαγγέλλεται.
2818 1476 3107 1546 Προελθὼν
3137 1477 3245 1547 γὰρ
3295 1479 3360 1530 ὲκ
3401 1475 3500 1530 τοῦ
3550 1477 3792 1546 Πατρὸς,

2221 1572 2398 1625 πάντα
2443 1571 2510 1624 τὰ
2545 1571 2710 1625 αὐτοῦ
2751 1569 2894 1624 κατά
2926 1568 3091 1638 φύσιν
3136 1569 3426 1636 ἐπάγεται,
3479 1567 3537 1620 ἓν
3574 1568 3631 1620 δὲ
3677 1569 3796 1620 τῶν

2221 1664 2540 1732 προσόντων
2595 1663 2673 1732 τῷ
2703 1663 2878 1732 Πατρὶ
2936 1661 3033 1714 καὶ
3080 1661 3113 1730 ἠ
3150 1659 3316 1726 ζωή.»
3368 1659 3532 1729 ὐρᾷς
3560 1659 3793 1721 καὶτοῖς

2223 1753 2394 1817 ἀξίοις
2427 1752 2711 1822 διδομένην
2732 1751 2831 1822 τὴν
2857 1749 3114 1818 τοιαύτην
3149 1746 3328 1818 ξωήνς
3379 1748 3472 1801 καὶ
3505 1747 3649 1800 κατά
3683 1746 3791 1832 (pti-

551 1845 748 1889 natura
781 1837 1040 1902 insidens,
1067 1849 1147 1892 est
1175 1839 1290 1908 ipsa
1318 1839 1592 1905 increata;
1627 1850 1679 1894 et
1699 1841 1804 1911 qui
1833 1841 1967 1896 dixit
2001 1858 2118 1896 eam

2227 1861 2311 1896 σιν
2342 1842 2657 1912 προσοῦσαν
2687 1841 2762 1912 τῷ
2790 1841 2929 1910 Θεῷ,
2962 1840 3080 1894 ἀλλ’
3107 1839 3228 1909 ούχὶ
3257 1838 3417 1905 φύσιν
3443 1832 3643 1901 οὗσαν;
3673 1838 3788 1889 Μία

550 1945 676 1982 esse
709 1945 871 1983 unam
917 1945 982 1985 ex
1019 1933 1107 1984 Dei
1143 1932 1511 1995 naturalibus,
1547 1933 1625 1988 sic
1666 1944 1720 1986 et
1763 1933 1916 2000 plura
1947 1934 2124 1989 inesse

555 2021 665 2075 Deo
690 2024 956 2077 naturalia
980 2033 1033 2078 ct
1050 2040 1172 2080 esse
1195 2027 1399 2095 pariter
1419 2025 1658 2081 increata
1677 2026 1952 2082 indicavit.
1978 2027 2124 2092 Ideo,

543 2112 703 2180 juxta
724 2115 991 2177 eumdem,
1018 2115 1190 2172 Filius
1221 2117 1402 2172 omnia
1440 2118 1529 2172 Dei
1561 2119 1827 2174 naturalia
1861 2119 2126 2190 possidet.

561 2203 658 2256 Ubi
721 2212 850 2258 sunt
899 2206 993 2274 qui
1027 2205 1218 2260 dicunt
1272 2222 1438 2262 unum
1485 2222 1611 2264 esse
1656 2209 1982 2277 increalum,
2015 2226 2125 2264 non

556 2294 728 2348 Deum
785 2306 880 2350 aut
930 2313 1018 2352 res
1071 2299 1286 2354 divinas
1338 2308 1600 2355 vocantes
1628 2300 1972 2370 simpliciter,
2009 2310 2122 2354 tum

554 2397 804 2440 naturam
843 2388 1080 2443 divinam
1135 2399 1189 2442 et
1236 2389 1356 2458 ejus
1407 2405 1695 2460 personas,
1753 2400 1869 2445 tum
1926 2401 2124 2446 cuncta

557 2479 839 2533 altissimae
891 2479 1179 2537 Trinitatis
1229 2482 1502 2537 naturalia
1559 2493 1613 2536 et
1662 2484 1988 2549 personalia,
2025 2483 2123 2538 sed

549 2571 726 2624 solam
759 2572 1054 2626 es-:entiam
1087 2587 1117 2625 a
1149 2575 1416 2626 creaturis
1451 2573 1804 2640 separantes?
1836 2571 2120 2643 Tanquam

557 2661 602 2714 si
646 2662 980 2717 aﬂirmarent
1036 2664 1204 2718 solem
1251 2648 1373 2717 esse
1420 2663 1710 2733 fulgidum.
1766 2665 1860 2720 sed
1892 2665 2124 2734 caligine

558 2750 748 2815 plenos
776 2751 893 2817 eius
925 2753 1127 2817 radios,
1157 2753 1238 2805 vel
1269 2752 1451 2822 plures
1474 2767 1597 2809 esse
1629 2755 1796 2820 soles,
1825 2754 1953 2825 quia
1981 2764 2036 2810 et
2064 2752 2121 2809 hi

551 2854 682 2896 sunt
711 2842 895 2896 lucidi.

2226 1935 2335 2001 γὰρ
2369 1937 2402 2004 ἡ
2435 1935 2554 1988 θεία
2588 1934 2772 2000 φύσις.
2819 1933 2884 1985 Ἥ
2917 1932 2974 1985 δὲ
3003 1929 3226 1999 τοιαύτη
3260 1929 3375 1997 ζωὴ
3407 1929 3466 1980 ἓν
3504 1928 3612 1981 τῶν
3650 1929 3787 1982 κατὰ

2228 2025 2391 2092 φύσιν
2420 2023 2497 2093 τῷ
2525 2021 2643 2092 Θεῷ
2666 2021 2996 2092 προσόντων.
3033 2022 3142 2073 Καὶ
3163 2019 3238 2080 ὡς
3269 2017 3411 2071 κατά
3437 2019 3600 2085 φύσιν
3629 2017 3783 2079 οὖσα,

2228 2115 2481 2179 ἄκτιστός
2531 2117 2648 2166 ἐστι
2690 2115 2782 2167 καὶ
2813 2112 2971 2182 αὕτη.
3007 2112 3128 2164 Τῶν
3160 2112 3218 2164 δὲ
3246 2111 3388 2164 κατὰ
3420 2109 3585 2178 φύσιν
3613 2126 3780 2179 προσ·

2228 2209 2398 2260 όντων
2459 2206 2538 2275 τῷ
2568 2204 2688 2275 Θεῷ
2713 2205 2918 2274 ταύτην
2943 2203 3002 2257 ἓν
3034 2201 3205 2256 εἰπὼν
3240 2203 3334 2254 καὶ
3366 2201 3536 2254 πολλὰ
3571 2204 3787 2270 προσεῖ-

2230 2315 2318 2351 ναι
2348 2297 2492 2350 κατὰ
2523 2295 2684 2366 φύσιν
2733 2295 2810 2365 τῷ
2848 2293 2966 2364 Θεῷ
2999 2294 3093 2347 καὶ
3138 2292 3339 2361 ὁμοίως
3383 2293 3617 2346 ἀκτιστα
3668 2292 3784 2359 ὲδὴ·

2229 2389 2389 2461 λωσε.
2441 2389 2532 2440 Διὸ
2570 2387 2668 2440 καὶ
2709 2389 2839 2456 περὶ
2867 2387 2960 2439 τοῦ
3008 2384 3142 2437 Υἱοῦ
3172 2399 3330 2452 φησι,
3367 2384 3556 2437 Πάντα
3584 2385 3652 2437 τά
3691 2385 3782 2437 τοῦ

2230 2480 2447 2549 Πατρὸς
2474 2479 2615 2531 κατά
2655 2477 2818 2546 φύσιν
2849 2476 3140 2544 ἐπάγεται.
3174 2475 3283 2528 Ποῦ
3322 2475 3372 2527 οἱ
3405 2476 3676 2538 ἀσυνέτως
3703 2474 3785 2527 λέ-

2226 2587 2436 2639 γοντες,
2467 2571 2565 2623 Ἕν
2597 2573 2712 2622 ἐστι
2742 2568 2802 2622 τὸ
2835 2568 3111 2634 ἀκτιστον,
3143 2568 3204 2621 οὐ
3235 2566 3327 2620 τὸν
3354 2567 3488 2620 Θεὸν
3513 2568 3546 2636 ἢ
3568 2567 3628 2620 τὺ
3648 2567 3786 2620 θεῖον

2225 2663 2476 2730 λέγοντες
2509 2661 2717 2726 ἁπλῶς,
2770 2660 3014 2731 δηλονότι
3055 2662 3157 2729 τήν
3188 2678 3247 2714 τε
3298 2661 3452 2713 θείαν
3497 2659 3657 2729 φύσιν
3695 2663 3785 2712 καὶ

2226 2755 2326 2818 τὰς
2373 2753 2497 2808 κατ’
2547 2755 2764 2821 ἐκείνην
2802 2752 3166 2822 (ὑποστάσεις,
3221 2753 3291 2806 τά
3335 2770 3395 2804 τε
3438 2754 3643 2820 φυσικά
3691 2753 3783 2804 καὶ

2230 2847 2572 2900 ὑποστατικὰ
2593 2847 2695 2909 τῆς
2725 2844 2986 2900 ἀνωτάτω
3011 2845 3240 2911 Τριάδος
3262 2844 3503 2909 ἅπαντα,
3530 2844 3667 2898 ἀλλά
3691 2847 3788 2916 τὴν

554 2935 746 2990 οὐσίαν
783 2938 954 3008 μόνην
973 2938 1078 2994 τῶν
1109 2938 1346 2994 κτιστῶν
1374 2938 1716 3010 ὲξαίροντεςς
1746 2937 1935 3010 ῶσπερ
1963 2939 2031 2994 ἂν
2068 2941 2119 2992 εἰ
2147 2938 2225 3010 τῷ
2257 2941 2356 3010 μὲν
2385 2941 2522 3011 ήλίῳ
2558 2942 2796 3010 μετεῖναι
2827 2938 3226 2993 διεϐεϐαιοῦντο
3263 2939 3361 3008 τῆς
3386 2940 3786 3008 λαμπρότητος,

558 3029 786 3096 ’πλήρεις
833 3030 879 3081 δ’
934 3026 1074 3084 εἶναι
1143 3031 1366 3093 σκότους
1415 3030 1513 3094 τάς
1561 3032 1692 3100 περὶ
1779 3033 1942 3086 αὐτὸν
1979 3033 2228 3097 ἀκτῖνας,
2285 3033 2317 3104 ῆ
2380 3034 2610 3097 πολλοὺς
2670 3034 2877 3103 ἡλίους,
2935 3033 3058 3086 ἐπεὶ
3117 3031 3235 3101 φῶς
3286 3033 3390 3085 εἰσι
3454 3031 3550 3083 καὶ
3589 3025 3780 3084 αὗταιο

640 3117 821 3172 ΤΙιεοι.
883 3120 1073 3181 Recte,
1116 3137 1150 3174 ο
1185 3121 1568 3191 Thraphanes,
1623 3123 1748 3178 talia
1799 3125 1982 3178 dicere
2026 3140 2121 3193 pro

2297 3128 2462 3181 Θεότ.
2503 3127 2761 3209 Δικαιως,
2790 3119 2834 3180 ὦ
2857 3124 3154 3196 Θεόφανες,
3183 3124 3236 3178 ὲν
3269 3121 3451 3196 μηδενὶ
3469 3121 3614 3190 λόγῳ
3637 3121 3783 3174 τιθέ-

558 3210 784 3265 veritate
821 3227 930 3264 non
988 3213 1274 3279 dubitasti,
1310 3214 1466 3268 nihili
1524 3217 1802 3270 azstimans
1836 3225 1887 3270 te
1941 3217 2121 3272 multis

2227 3236 2390 3289 μενος
2439 3219 2499 3271 τὸ
2547 3221 2883 3287 ἀπαρέσκειν
2927 3220 3044 3281 τοῖς
3097 3217 3310 3278 πολλοῖς
3366 3214 3590 3268 τοιαῦτα
3636 3211 3782 3283 ὒπὲρ

557 3301 868 3370 displicere,
915 3319 1102 3358 verum
1152 3319 1451 3375 eungruam
1501 3305 1597 3361 tibi
1650 3307 1856 3361 ducens
1911 3307 2121 3360 laudem

2224 3310 2479 3378 ἀληθείας
2515 3311 2614 3362 οὐκ
2651 3310 2886 3378 ἀνῆκας.
2921 3308 3163 3380 Πρέπειν
3197 3309 3305 3377 γάρ
3334 3324 3415 3360 σοι
3450 3306 3541 3359 τὸν
3563 3306 3785 3359 ἔπαινον

559 3409 664 3446 nun
699 3395 766 3449 ab
823 3396 1154 3461 hominibus,
1204 3397 1296 3452 sed
1334 3399 1510 3452 aveo
1557 3407 1840 3452 venturam
1877 3407 1932 3452 et
1982 3416 2121 3454 nunc

2224 3400 2323 3452 οὐκ
2355 3399 2411 3464 ἐξ
2440 3397 2763 3467 ἀνθρώπων,
2792 3396 2906 3453 ἀλλ’
2939 3400 3004 3451 ἐκ
3030 3397 3125 3451 τοῦ
3160 3397 3319 3461 Θεοῦ,
3360 3396 3453 3450 νῦν
3486 3413 3547 3449 τε
3580 3395 3675 3450 καὶ
3707 3397 3784 3458 εις

556 3497 609 3537 ιι
644 3487 695 3539 in
749 3488 932 3541 futuro
980 3489 1214 3554 saeculo,
1272 3497 1494 3558 propter
1545 3488 1856 3559 huiusmodi
1911 3505 2122 3544 sermo-

562 3594 584 3626 Ιι
599 3591 678 3629 t‘S.

633 3664 861 3736 leeoplz.
911 3669 1075 3722 Deum
1100 3669 1254 3723 decet
1282 3669 1419 3732 laus,
1453 3668 1618 3722 frater
1644 3668 1950 3729 Theotimo,
1978 3685 2124 3724 nunc

559 3765 612 3807 et
648 3757 700 3808 in
731 3759 946 3820 swcula,
975 3760 1064 3828 qui
1088 3759 1236 3814 dedit
1264 3773 1570 3813 sermonem
1607 3761 1659 3812 in
1697 3759 1978 3828 apertione
2009 3760 2124 3816 oris

559 3846 753 3900 nostri.

591 4025 1173 4056 π

2222 3489 2313 3542 τὸν
2342 3488 2536 3542 ἔπειτα
2564 3488 2758 3552 αἰῶνα,
2792 3487 2901 3541 τῶν
2934 3486 3194 3540 τοιούτων
3223 3487 3398 3556 λόγων
3428 3486 3615 3539 ἓνεκα.

2299 3673 2475 3740 Θεοφ.
2506 3670 2597 3741 Τῷ
2627 3670 2747 3740 Θεῷ
2786 3672 2987 3740 πρέπει
3035 3670 3260 3735 αῐνεσις,
3308 3668 3507 3738 ἀδελφὲ
3537 3669 3786 3739 Θεότιμε,

2226 3761 2322 3815 νῦν
2355 3765 2447 3816 καὶ
2481 3763 2560 3825 εἰς
2593 3763 2719 3824 τοὺς
2764 3760 2988 3825 αἰῶνας,
3027 3761 3104 3814 τῶ
3135 3761 3280 3814 δόντι
3311 3762 3474 3830 λόγον
3501 3763 3561 3814 ἐν
3588 3760 3785 3827 ἀνοίξει

2225 3853 2319 3906 τοῦ
2350 3855 2618 3924 στόματος
2651 3853 2832 3923 ἡμῶν.

895 4027 3778 4062 W

1236 4199 2165 4354 GREGORII
2277 4197 3104 4354 PALAM/E

1074 4484 1986 4576 ARCHIEPISCOPI
2098 4459 3264 4581 THESSALONICENSIS

1621 4679 2714 4828 PROSOPOHEUE,

2072 4860 2138 4940 ιί)
2173 4899 2285 4944 EST

680 5027 767 5094 Ex
821 5023 1044 5086 habitis
1085 5041 1196 5103 per
1239 5024 1561 5088 ﬁctionem
1608 5044 2018 5105 personarum
2051 5028 2468 5102 orationibus,
2500 5029 2668 5110 stylo
2697 5031 2910 5102 misto,
2948 5029 3265 5109 dialogico
3298 5013 3361 5091 et
3393 5028 3672 5093 maxime

1410 5126 1718 5204 judiciali,
1758 5129 2177 5202 conﬁrmatio,
2203 5131 2356 5208 quid
2390 5149 2567 5198 mens
2591 5133 2652 5194 in
2675 5133 2917 5213 judicio

1155 5233 1368 5292 contra
1409 5245 1644 5308 corpus
1687 5232 2105 5306 contendens,
2148 5215 2360 5294 (Soram
2381 5233 2705 5311 judicibus
2753 5235 2966 5298 dicere
3001 5235 3228 5316 possit.

1225 5466 1766 5534 PROTHEORIA
1822 5473 1982 5537 SEU
2035 5475 2720 5554 PRzEMEDITATIO,
2770 5476 3080 5539 CAUSﬁ.

630 5586 812 5643 Animi
857 5587 1025 5656 partis
1061 5589 1265 5644 utentis
1319 5592 1529 5648 ratione
1573 5593 1892 5663 discrimen,
1937 5613 2048 5667 quo
2080 5613 2111 5652 a

563 5679 774 5743 ratione
819 5688 1036 5740 carcnte
1087 5689 1141 5736 et
1187 5682 1395 5756 patibili
1439 5684 1646 5751 ditl‘ert,
1681 5696 1924 5745 veterum
1957 5690 2116 5747 aliter

2216 5600 2305 5653 alii
2339 5601 2682 5654 declararunt
2719 5612 2735 5650 :
2775 5599 2994 5666 quidam
3045 5614 3310 5668 equorum
3352 5595 3610 5652 ferociam
3637 5597 3782 5668 bigis

2221 5693 2546 5750 irascentem
2592 5699 2644 5746 et
2668 5691 3142 5760 concupiscentem
3183 5690 3347 5747 animi
3376 5697 3580 5758 partem
3615 5690 3775 5745 simi-
