4108 6316
245 425 378 491 961

1607 421 1850 482 Γιιιδδι)
1861 421 2068 484 1³01³(Ῐῖ
2083 428 2096 483 l

3407 420 3519 488 969.

246 550 374 602 tum
405 543 688 604 facientes,
721 538 921 608 auriga:
944 535 1359 593 ratiocinantem
1396 537 1657 605 :quidam
1682 552 1846 590 ven-.t—
1878 544 1920 598 Α
1951 540 2163 594 dicendi
2206 557 2404 609 genere
2459 541 2769 611 hnjnsmodi
2823 541 3159 608 insistentts,
3205 544 3271 597 ad
3298 545 3530 612 judicia-

250 639 382 694 tori
418 639 537 692 viro
563 633 1003 696 ratiocinantem,
1035 646 1177 701 equo
1203 632 1290 686 cui
1340 629 1540 686 insidet
1585 632 1842 700 concupi-

253 739 549 788 scentem,
599 725 721 779 cani
770 722 1000 793 adjutori
1061 721 1388 777 irascentem
1421 729 1843 791 comparantes:

249 822 409 887 quin
440 819 600 874 etiam
631 816 871 870 locorum
908 813 1324 870 discriminibus
1358 814 1727 884 sejungentes,
1763 829 1849 867 ra-

252 901 480 965 tionem
523 914 583 962 ut
626 905 928 974 principem
963 903 1015 957 in
1051 903 1297 966 cerebro,
1332 913 1588 974 tanquam
1625 903 1677 956 in
1726 917 1852 956 arce

250 1015 518 1064 sun-ima,
553 1013 585 1053 e
615 997 926 1067 propinquo
955 995 1110 1065 qttasi
1154 995 1414 1052 satellitio
1436 1009 1696 1050 sensuum
1727 1010 1850 1048 mu-

253 1093 447 1145 nitam
475 1106 540 1145 ac
567 1090 845 1145 defensam
889 1107 902 1143 :
937 1089 1072 1143 iram
1107 1089 1160 1142 in
1188 1089 1372 1150 corde,
1412 1088 1768 1157 cupiditatem
1800 1087 1852 1141 in

252 1184 524 1251 iecinore
561 1184 854 1239 collocant.
884 1181 1111 1236 Eximize
1144 1197 1274 1237 vero
1301 1181 1585 1251 sapientia:
1613 1180 1852 1250 Aposto-

254 1278 380 1340 lus,
417 1276 728 1331 evidentius
759 1275 924 1328 animi
949 1285 1153 1344 partem
1182 1274 1409 1328 rationis
1437 1272 1756 1342 participem
1788 1271 1858 1326 ab

253 1379 506 1438 experte
557 1368 922 1436 distinguens,
953 1367 1098 1419 illam
1135 1365 1386 1434 spiritum
1441 1373 1494 1418 et
1539 1363 1856 1419 interiorem

259 1462 562 1514 hominem
591 1499 606 1524 ,
639 1460 778 1513 hanc
809 1473 1028 1512 carnem
1073 1463 1126 1509 et
1188 1458 1516 1511 exteriorem
1578 1456 1856 1510 hominem

257 1552 523 1620 appellat
547 1569 562 1617 ;
592 1550 790 1606 deinde
815 1548 1257 1604 contrarietatem
1285 1565 1473 1603 earum
1497 1547 1858 1618 patefaciens,

139 1647 288 1691 ουν(
335 1640 554 1702 Cerno,
601 1637 796 1708 inquit.
832 1639 1054 1691 alteram
1110 1637 1280 1708 legem
1333 1654 1455 1706 qnze
1491 1639 1542 1691 in
1597 1637 1861 1691 membris

260 1730 425 1784 meis
463 1737 569 1793 est,
600 1735 992 1797 repugnantem
1043 1727 1146 1796 legi
1194 1728 1398 1780 mentis
1433 1742 1589 1788 meae,
1611 1735 1664 1781 et
1691 1726 1862 1794 capti-

260 1831 505 1876 vanlem
539 1836 627 1876 me
657 1820 760 1876 sub
795 1819 964 1890 legem
997 1821 1202 1888 peccati
1223 1819 1264 1872 ¹.
1299 1839 1318 1872 ι
1352 1817 1644 1874 Orationes
1680 1828 1860 1872 autem

261 1931 422 1983 quas
457 1930 662 1986 corpus
687 1923 740 1968 et
767 1929 919 1970 mens
962 1929 1056 1967 seu
1087 1913 1301 1968 ratione
1349 1921 1529 1974 utens,
1555 1920 1610 1966 et
1647 1912 1862 1982 patiens

261 2005 458 2060 animi
493 2019 644 2075 pars,
685 2004 924 2060 vicissim
958 2003 1292 2065 habuerunt,
1323 2001 1865 2056 exiliter-admodum

263 2098 498 2154 stoicus
548 2096 842 2152 Cleanthes
891 2079 1376 2152 estﬂcommentus.
1412 2093 1492 2149 sic
1539 2106 1635 2147 eas
1663 2091 1870 2146 iaciens

263 2191 578 2258 loquentes
599 2187 795 2255 :Qnid,
819 2186 1122 2252 anime,vis
1149 2184 1352 2239 factum
1373 2183 1490 2248 tibi,
1516 2183 1646 2236 mihi
1667 2183 1866 2236 indica.

264 2280 570 2350 Quidquid
622 2279 761 2344 ﬁeri,
795 2295 827 2333 ο
859 2280 1021 2340 ratio,
1058 2277 1345 2332 desidero:
1379 2276 1431 2330 id
1467 2275 1675 2342 regium
1712 2275 1873 2344 plane

265 2382 384 2426 est.
418 2371 662 2438 Quidam
693 2371 857 2424 etiam
893 2369 1153 2424 Ecclesiae
1197 2368 1504 2438 sapientum
1552 2369 1867 2430 doctorum,

265 2465 604 2518 iamborum
663 2463 925 2532 scriptor,
965 2464 1044 2516 ait
1096 2460 1224 2514 alibi
1258 2478 1273 2515 :
1307 2459 1431 2513 Tibi
1479 2458 1612 2528 quid
1644 2467 1872 2528 exoptas

268 2559 397 2610 ﬁeri
433 2573 451 2614 :
493 2564 729 2609 mentem
793 2570 968 2608 meam
1023 2553 1174 2608 soleo
1233 2565 1476 2622 rogare;
1519 2552 1676 2606 visne
1703 2550 1871 2621 Gygis

269 2665 372 2704 res
415 2648 524 2702 has
558 2656 612 2702 et
657 2645 822 2702 illas?
851 2644 963 2702 Nos
989 2659 1117 2700 vero
1161 2644 1217 2698 in
1272 2643 1586 2714 juveniliori
1632 2642 1870 2714 quodam

1951 635 2054 688 le:n
2094 633 2323 688 formam
2372 634 2572 704 diaIOgi
2629 637 2894 689 rationem
2934 636 3336 702 protendiinus,
3383 647 3436 691 et
3472 647 3532 692 ιιι

1951 726 2026 779 rei
2059 727 2266 794 species
2310 728 2592 780 liOnestiur
2632 735 2686 779 et
2708 727 2916 793 aequior
2947 738 3114 788 esset,
3150 727 3366 794 judiecs
3393 730 3533 782 assi-

1952 818 2142 871 dentes
2174 818 2584 881 constituimus,
2631 831 2693 869 ac
2727 826 2908 882 partes
2941 816 3280 871 accusatoris
3311 818 3532 873 animus

1954 908 2182 962 rationis
2240 907 2533 976 particeps,
2589 907 2895 961 defensoris
2948 923 3148 976 corpus
3203 909 3534 964 tenetzhzec

1955 999 2100 1052 enim
2145 1015 2267 1054 enm
2302 999 2425 1052 lit-ta
2455 999 2703 1068 (prodam
2757 999 3118 1054 describenda
3152 1010 3279 1054 sunt
3310 1001 3534 1069 permit-

1957 1097 2168 1140 tuntur.
2198 1085 2599 1156 Nccquispiam
2637 1087 2894 1142 novitatis
2931 1089 3138 1142 crimen
3177 1088 3376 1142 inferat
3407 1105 3537 1142 ora-

1959 1179 2114 1242 tioni,
2158 1180 2296 1233 haud
2359 1181 2579 1234 nescius
2630 1197 2740 1248 quo
2784 1193 2963 1249 pacto,
3001 1191 3056 1235 et
3100 1183 3168 1234 ad
3208 1181 3530 1248 imaginum,

1957 1283 2012 1325 et
2045 1272 2108 1324 ad
2137 1286 2490 1338 personarum
2523 1275 2777 1341 tigmenta
2803 1307 2818 1336 ,
2849 1273 3224 1342 sophistarum
3250 1288 3312 1325 ac.
3339 1274 3534 1327 decla-

1962 1357 2225 1418 ibantium
2265 1365 2646 1419 meditationes
2675 1375 2944 1433 provectu:
2974 1375 3122 1420 sunt.
3167 1364 3320 1430 Quod
3352 1377 3535 1418 autem

1960 1459 2328 1525 assumptivns
2378 1469 2554 1512 status
2611 1459 2707 1522 sit,
2737 1460 2924 1528 agnitu
2975 1474 3082 1513 non
3117 1467 3200 1513 est
3241 1460 3294 1512 ei
3321 1458 3540 1513 dimcile

1962 1550 2134 1618 quiin
2181 1549 2436 1606 civilibus
2489 1552 2888 1619 quaestionibus
2911 1551 3235 1605 exercendis
3274 1561 3330 1603 et
3363 1548 3539 1603 medi-

1966 1643 2145 1698 tandis
2177 1643 2500 1712 aliquandiu
2557 1655 2810 1699 versatus
2837 1653 2950 1708 est;
2988 1642 3171 1710 potius
3227 1641 3541 1708 intelligen-

1965 1739 2102 1804 dum
2143 1743 2248 1799 est,
2279 1751 2402 1789 cum
2454 1745 2835 1804 argumentum
2873 1747 3092 1803 gravem
3147 1731 3544 1788 sententiarum

1968 1829 2252 1883 materiam
2307 1830 2677 1898 suppeditaret
2712 1832 2878 1897 (saepe
2909 1827 3051 1880 enim
3088 1835 3294 1880 motum
3326 1840 3542 1878 rerum-

1963 1935 2068 1988 que
2123 1930 2329 1973 natum
2373 1919 2887 1988 contemplationem
2929 1917 3189 1987 attingit),
3221 1931 3320 1970 nos
3359 1925 3549 1970 latnt-nr

1963 2009 2142 2076 quoad
2179 2008 2356 2070 licuit,
2398 2008 2482 2062 via
2514 2009 2836 2078 rationeque
2887 2007 3202 2069 artificiosa,
3223 2021 3283 2060 re
3309 2007 3375 2058 ad
3405 2006 3543 2058 civi-

1969 2101 2164 2152 liorem
2209 2099 2393 2152 stilum
2447 2109 2698 2152 revocata
2746 2099 2812 2152 ad
2838 2097 3182 2168 iudicialium
3230 2095 3550 2149 orationum

1968 2194 2204 2260 speciem
2233 2193 2703 2246 accommodasse.
2738 2191 2893 2257 Quod
2927 2192 2972 2246 si
2999 2205 3095 2260 per
3121 2190 3304 2244 omnia
3336 2204 3551 2242 assum-

1975 2283 2106 2353 ptivi
2125 2284 2339 2352 generis
2359 2283 2533 2352 capita
2567 2284 2648 2336 hae
2677 2298 2782 2337 non
2809 2283 3108 2352 procedant
3133 2282 3434 2342 orationes,
3463 2279 3548 2331 ni-

1979 2374 2054 2428 hil
2082 2375 2319 2437 mirum;
2348 2388 2472 2428 nam
2522 2388 2622 2428 nec
2667 2374 2719 2426 in
2752 2373 3008 2426 omnibus
3052 2372 3175 2426 aliis
3212 2353 3560 2440 argumentis

1977 2467 2161 2520 omnia
2202 2465 2450 2522 incidant
2483 2479 2706 2519 necesse
2737 2474 2856 2529 est;
2895 2468 3007 2518 haec
3030 2479 3152 2531 quae
3181 2462 3557 2532 przemedit-aril

1976 2558 2231 2628 Oportuit,
2267 2559 2369 2615 hoc
2407 2558 2568 2612 modo
2598 2557 2965 2627 praemeditata
2995 2557 3123 2612 sint.

1369 2979 1484 3040 DE
1488 2979 1534 3042 C
1541 2979 1752 3041 LARA
1763 2982 1852 3043 TI
1855 2979 1907 3042 0
1981 2979 2398 3044 ASSUMPT!
2408 2978 2524 3043 VA.

362 3169 427 3226 Si
465 3168 613 3240 apud
637 3168 774 3222 alios
801 3167 893 3238 qui
918 3181 1027 3221 non
1056 3163 1418 3236 intelligerent
1440 3175 1696 3221 accurate
1719 3181 1882 3237 quam
1906 3145 1956 3208 ο
1986 3160 2111 3200 sum
2137 3146 2202 3202 ad
2230 3161 2292 3202 ea
2329 3146 2580 3240 οτέηοηο
2629 3145 2956 3217 explicanda
2993 3161 3114 3214 ιιιιπε
3163 3143 3566 3202 “ﬂmmeum?

285 3264 481 3334 patior
516 3259 906 3315 contumeliam
940 3259 1010 3312 ab
1037 3260 1143 3312 hoc
1173 3273 1388 3311 meeum
1426 3259 1720 3329 conjngnto
1755 3273 1883 3312 cor-

290 3370 458 3424 pore,
497 3353 601 3405 hoc
641 3365 883 3420 prasens
909 3358 1184 3404 certamen
1221 3350 1583 3414 instituerem,
1608 3351 1739 3404 mihi
1771 3351 1886 3420 ipse

295 3447 672 3504 facesserem,
707 3441 926 3509 illisque
973 3440 1263 3494 conﬂarem
1328 3443 1543 3512 negotia
1578 3459 1591 3495 :
1629 3442 1884 3496 nimirum

295 3538 367 3592 ad
409 3552 533 3591 rem
570 3534 846 3603 pertinere
879 3533 1112 3598 ducens,
1144 3535 1187 3588 si
1235 3533 1552 3602 singulatim
1583 3550 1644 3588 ea
1689 3535 1889 3603 quibus

300 3646 391 3682 me
430 3627 597 3682 malis
624 3633 815 3680 onerat
846 3625 964 3680 haec
987 3625 1116 3678 mihi
1146 3625 1558 3680 contubernalis
1584 3626 1889 3689 calamitas,

296 3734 665 3788 exponerem.
708 3719 902 3772 Verum
937 3733 1059 3772 cum
1108 3718 1249 3784 apud
1287 3733 1403 3782 vos,
1439 3719 1684 3772 omnium
1719 3720 1891 3772 virtu-

299 3821 422 3865 tum
458 3810 726 3869 cultores.
762 3809 894 3864 mihi
950 3819 1210 3878 quantam
1255 3826 1453 3879 passus
1496 3812 1598 3866 sim
1633 3811 1889 3880 iujnriam

293 3901 492 3954 divina
551 3899 899 3954 Providentia
961 3909 1019 3953 ut
1062 3900 1111 3954 id
1145 3901 1382 3955 facerem
1433 3917 1756 3956 concessum
1802 3901 1892 3966 sit,

298 3995 398 4064 qui
441 3994 558 4048 hoc
593 3993 712 4061 ipso
747 3991 889 4061 quod
924 4007 1047 4046 cum
1082 4008 1145 4044 eo
1173 3993 1358 4047 luctati
1419 3993 1722 4062 perieulum
1763 3992 1896 4046 feci-

299 4088 427 4145 stis.
460 4084 824 4140 manifestnm
872 4083 1229 4137 dicendorum
1268 4091 1651 4152 argumentum
1695 4096 1896 4151 prurce-

305 4177 492 4247 pistis,
560 4191 666 4230 non
719 4174 1014 4228 admodum
1066 4173 1198 4226 mihi
1232 4171 1422 4225 videor
1472 4186 1765 4240 operosum
1805 4180 1899 4225 aut

291 4267 504 4335 alioqui
585 4264 870 4318 molestum
921 4261 1165 4316 futurum
1221 4261 1373 4316 vobis
1437 4262 1544 4316 tale
1621 4271 1898 4316 certamen

293 4369 593 4424 aggressa.
651 4353 795 4408 Satis
840 4353 985 4407 enim
1015 4362 1101 4409 est
1153 4352 1300 4406 brevi
1363 4355 1594 4422 quadam
1654 4353 1901 4407 oratione

299 4443 685 4515 percurrisse,
713 4451 767 4496 et
797 4443 1057 4497 duntaxat
1086 4442 1139 4496 in
1175 4441 1496 4496 memoriam
1543 4441 1698 4498 vobis
1742 4457 1901 4496 revo-

305 4547 488 4594 casse,
517 4543 670 4601 quas
727 4529 858 4582 tnihi
901 4529 1040 4584 solet
1090 4528 1346 4583 vitiorum
1407 4529 1799 4598 impressiones
1843 4539 1900 4585 et

309 4623 646 4677 occasiones
696 4619 978 4685 exhibere,
1013 4619 1244 4688 indeque
1298 4629 1358 4672 ut
1412 4617 1666 4690 sullragia
1711 4618 1902 4674 feratis

312 4715 626 4781 postulare.
658 4711 846 4782 Itaque
879 4713 1161 4782 paululum
1195 4723 1380 4767 vestro
1423 4711 1478 4766 in
1510 4713 1678 4766 rebus
1701 4713 1902 4768 divinis

315 4804 762 4876 e0ntemplandis
804 4803 1138 4859 intermisso
1187 4802 1394 4868 studio,
1438 4803 1630 4858 audite
1675 4818 1782 4868 me,
1807 4819 1906 4874 per

320 4905 538 4952 vestros
568 4910 671 4949 vos
705 4895 967 4960 obtestor,
1005 4895 1224 4948 virtutis
1247 4909 1376 4962 ergo
1407 4903 1460 4948 et
1482 4895 1684 4949 multos
1709 4903 1764 4949 et
1789 4911 1908 4948 ma-

324 5002 464 5056 gnos
499 4987 753 5054 sudores,
802 4993 856 5039 et
891 4986 1089 5055 jurene
1143 5003 1325 5041 meum
1377 5001 1576 5056 corpus
1610 4987 1908 5055 reprehen-

325 5076 477 5142 dam,
512 5069 716 5141 necne,
745 5085 805 5128 ut
827 5075 1018 5129 arbitri
1048 5074 1262 5144 judices
1289 5074 1549 5142 judicate,
1583 5091 1651 5130 ne
1683 5076 1911 5145 posthac

329 5166 476 5220 inter
508 5181 613 5221 nos
651 5164 1016 5220 dissideamns
1042 5175 1206 5234 atque
1239 5165 1612 5220 discordemus
1643 5182 1661 5222 '.
1692 5163 1788 5219 sed
1831 5165 1916 5219 in-

334 5257 648 5325 telligamus
697 5273 879 5315 utrum
908 5268 1159 5312 nostrum
1193 5257 1427 5311 alterum
1463 5256 1658 5310 alliciat
1686 5256 1911 5326 injuria.

337 5347 498 5412 Nam,
535 5353 682 5420 quod
717 5351 1083 5407 miserabilius
1113 5359 1217 5416 est,
1249 5358 1448 5416 praeter
1488 5349 1738 5404 convicia
1785 5348 1911 5418 qui-

342 5439 446 5495 bus
480 5441 809 5501 insolentius
863 5444 917 5498 in
964 5459 1051 5498 me
1102 5441 1492 5504 debacchatur,
1528 5441 1692 5495 etiam
1723 5455 1912 5494 eorum

343 5546 463 5598 qua:
517 5536 792 5591 immerito
845 5536 1174 5605 indigneque
1225 5533 1426 5604 patior,
1498 5548 1585 5586 me
1637 5541 1920 5587 auctorem

345 5636 680 5698 causamque
715 5628 896 5686 facere
940 5643 1051 5685 non
1081 5634 1320 5684 veretur.
1356 5623 1474 5680 iam
1511 5639 1643 5680 vero
1669 5639 1920 5695 progres~

427 5829 624 5884 ’Pmm.
657 5850 750 5896 ιιι,
771 5834 862 5886 55.

1983 3247 2172 3292 contra
2201 3254 2287 3293 me
2319 3239 2503 3302 audet,
2550 3238 2684 3292 nihil
2726 3240 3128 3293 incommodius
3185 3238 3394 3295 factura
3429 3237 3563 3313 miin

1987 3331 2196 3392 videor,
2227 3331 2270 3384 si
2317 3331 2478 3399 paulo
2504 3331 2670 3386 altius
2701 3330 2916 3384 initium
2945 3345 3184 3384 sumam.

2060 3420 2194 3490 Ego,
2236 3422 2332 3474 viri
2369 3421 2696 3486 beatissimi,
2729 3436 2928 3487 genere
2953 3421 3137 3475 divina
3161 3434 3306 3481 sum,
3331 3429 3386 3482 et
3414 3432 3451 3474 e'
3473 3434 3564 3472 δη.

1987 3526 2153 3582 perna
2201 3512 2291 3567 illa
2341 3513 2509 3566 nobili
2544 3513 2798 3582 prosapia
2855 3511 3122 3581 originem
3165 3513 3320 3576 duxi,
3355 3519 3415 3564 ut
3443 3523 3572 3580 qua?

1991 3604 2093 3660 sim
2127 3603 2218 3658 Dei
2247 3600 2582 3674 spiraculum
2609 3613 2662 3658 et
2691 3604 2870 3674 imago
2895 3602 3176 3673 primaria,
3208 3602 3570 3670 omniumque

1991 3704 2328 3750 terrenornrn
2353 3696 2560 3766 regina;
2594 3710 2701 3749 non
2737 3694 2882 3748 enim
2912 3692 2980 3747 de
3016 3707 3102 3746 me
3135 3692 3250 3746 haec
3281 3691 3570 3758 magniﬁce

1993 3786 2288 3854 praedicare
2319 3787 2564 3846 verebor,
2601 3795 2811 3840 tantum
2847 3799 2912 3838 ne
2938 3790 3216 3838 ostentare
3242 3796 3359 3836 mea
3385 3781 3576 3834 videar

1994 3879 2138 3947 apud
2169 3893 2266 3932 vos
2293 3877 2498 3948 alioqui
2541 3879 2909 3946 magniloqua,
2960 3877 3054 3943 qui
3101 3875 3268 3945 probe
3300 3873 3473 3928 nostis
3507 3888 3573 3926 ac

1997 3968 2052 4021 in
2085 3967 2294 4022 honore
2325 3984 2497 4022 meam
2534 3969 2805 4023 habuistis
2839 3967 3206 4034 coluistisqne
3235 3965 3568 4036 dignitatum

1998 4059 2430 4128 amplitudinem.
2501 4059 2797 4128 Postquam
2845 4059 2991 4112 enim
3063 4058 3154 4113 illa
3226 4073 3348 4127 qua:
3400 4055 3578 4111 nostri

1998 4149 2317 4220 primarimu
2361 4149 2636 4218 exemplar
2674 4159 2757 4203 est
2791 4149 3028 4210 bonitas,
3063 4149 3128 4202 ad
3183 4149 3321 4202 bene
3369 4147 3577 4201 facien-

2000 4241 2126 4294 dum
2153 4255 2253 4295 suo
2284 4239 2505 4309 ingenio
2524 4250 2675 4310 apta,
2698 4241 2962 4295 tnundum
2986 4239 3372 4308 intelligentcm
3397 4248 3448 4291 et
3473 4239 3581 4290 sub

2002 4333 2414 4404 intelligentiam
2441 4333 2750 4396 cadentem,
2775 4333 2983 4400 lucoque
3007 4332 3204 4386 cmlum
3234 4331 3576 4390 universum.

2005 4438 2060 4484 et
2087 4442 2322 4498 quorum
2359 4441 2527 4492 capax
2551 4426 2746 4480 coelum
2783 4434 2885 4489 est,
2923 4423 3246 4494 procreavit,
3279 4423 3492 4475 tandem
3525 4421 3577 4471 in

2004 4517 2385 4588 compendium
2416 4516 2671 4580 contulit,
2731 4515 2784 4567 in
2819 4527 3094 4581 unamque
3133 4510 3584 4579 temporalium-nr

2006 4619 2062 4667 et
2100 4610 2436 4664 molitionem
2486 4609 2634 4661 velut
2683 4607 2736 4660 in
2770 4613 3053 4676 Icraterem
3114 4603 3402 4672 quemdam
3449 4618 3577 4654 0οη·-

2010 4703 2174 4758 traxit
2211 4718 2322 4754 rem
2367 4716 2529 4753 unum
2575 4698 2732 4752 omni
2774 4711 2973 4767 genere
3020 4710 3199 4748 rerum
3251 4693 3489 4752 tui-stam,
3533 4698 3587 4742 ευι

2012 4794 2470 4863 multipotentem,
2528 4790 2580 4843 id
2633 4789 2889 4843 nimirum
2942 4787 3087 4854 quoi
3147 4793 3201 4838 et
3259 4782 3481 4845 dicitur,
3534 4791 3587 4832 et

2011 4897 2096 4944 est
2127 4888 2311 4942 homo.
2350 4885 2486 4939 Hinc
2517 4899 2616 4954 ego
2661 4881 2972 4946 intelligens
3007 4888 3059 4932 et
3087 4877 3428 4943 irrumet-talis
3461 4891 3590 4929 Cum

2013 4980 2202 5035 sensili
2255 4988 2308 5034 ct
2341 4976 2565 5032 mortali
2612 4975 2863 5043 colligata
2899 4985 3043 5033 sum,
3089 4978 3142 5020 ct
3193 4967 3433 5020 caelestis
3462 4981 3592 5019 cn'nr

2015 5083 2233 5129 terreno
2269 5070 2538 5140 copulata,
2583 5076 2638 5121 et
2664 5081 2786 5120 Cllill
2817 5061 3012 5116 ancilla
3046 5061 3173 5113 hera
3204 5076 3226 5123 ;.
3256 5058 3594 5126 quibusnam

2016 5163 2325 5219 rationibus
2354 5162 2425 5215 ita
2458 5160 2567 5213 Deo
2597 5157 2768 5210 visunt
2812 5153 3034 5216 nescio;
3070 5152 3318 5204 fortassis
3346 5159 3402 5203 ut
3430 5152 3592 5201 ara-bo

2019 5257 2183 5312 simul
2221 5258 2412 5309 eodem
2443 5252 2507 5307 ad
2541 5249 2717 5302 oﬂicia
2752 5244 2966 5299 virtutis
2991 5241 3442 5310 exercentlajugo
3480 5241 3592 5292 Ιιευε

2019 5348 2192 5402 rentia
2232 5342 2737 5410 conspirantiaque,
2805 5333 3032 5388 alteri-us
3090 5334 3322 5386 alterum
3397 5339 3592 5381 natura

2024 5442 2365 5501 fruerentur;
2430 5433 2585 5494 illud,
2638 5441 2694 5484 ut
2723 5425 3120 5498 praestantioris
3188 5419 3602 5486 conSpiratiuttc

2028 5532 2392 5590 nobilitatum,
2415 5536 2468 5579 et
2495 5518 2996 5606 communicatione
3027 5528 3150 5568 cum
3180 5507 3475 5606 immortali
3504 5506 3606 5557 de-

2031 5632 2264 5694 gustata,
2294 5595 2758 5672 inunortalita'tcm
2804 5603 3260 5676 superindncret:
3303 5611 3406 5666 ego
3455 5595 3604 5649 hanc
