4180 6308
569 377 682 446 963

1778 369 2159 432 cneoonn
2200 327 2531 428 Pitane

3698 368 3809 434 96L

574 505 699 546 cum
735 485 995 544 deteriori
1038 481 1402 555 copulatione,
1428 490 1684 550 tanquam
1727 478 1885 547 cippo
1923 474 2137 538 reﬂexa,
2175 487 2211 537 Α
2244 475 2522 544 (ιιιί.ί[ιίιιιιι
2551 483 2727 528 mente
2756 472 3254 548 d'gnum,mihiquc
3277 477 3557 547 proprium
3579 480 3709 538 eliicu
3731 499 3808 542 re.

578 579 790 634 modice
809 581 873 632 de
895 592 982 631 me
1017 574 1322 635 sentiendo,
1353 579 1408 625 et
1440 570 1764 641 gloriatione
1792 569 1858 621 de
1890 565 2145 633 imaginis

575 666 1192 739 dignitate-cohibenda
1242 662 1692 729 remittendaque,
1724 669 1778 713 et
1806 674 1912 710 nott
1952 649 2146 724 supel-

579 761 799 820 biendo,
830 768 883 813 et
926 773 955 811 a
993 758 1121 822 Deo,
1168 764 1227 809 ut
1263 752 1470 823 primus
1530 750 1766 813 Lucifer,
1822 748 2143 808 detieiendo,

580 850 674 905 sed
704 849 885 918 potius
931 845 1205 900 humiliter
1248 852 1302 897 et
1345 840 1583 895 demisse
1620 838 1725 894 sub
1768 839 1888 908 ejus
1923 852 2143 890 manum

584 940 812 992 validam
861 951 948 990 me
990 932 1348 1004 subjiciendo,
1397 933 1470 986 ita
1520 929 1630 986 Deo
1664 928 2145 994 adhaereremego,

583 1028 720 1082 ιιιίΙιί
743 1041 969 1095 corpus;
1002 1039 1178 1092 neque
1210 1022 1464 1094 pusillum
1495 1020 1712 1091 quidem
1748 1029 1841 1073 aut
1867 1031 1968 1088 ego
2005 1031 2036 1070 a
2067 1015 2150 1068 vi-

585 1128 693 1173 tam
729 1124 1016 1187 praestante
1037 1131 1223 1179 causa,
1253 1123 1347 1169 aut
1375 1114 1481 1169 hoc
1507 1128 1538 1168 a
1563 1127 1646 1166 me
1677 1112 1953 1165 animante
1981 1107 2150 1162 abdu-

587 1216 820 1265 ceretur.
874 1209 1009 1263 Istas
1070 1207 1309 1263 rationes
1369 1207 1581 1276 opiﬁcis
1628 1210 1986 1274 reputantes,
2039 1214 2147 1253 non

589 1300 755 1353 linum
789 1299 918 1363 lino,
947 1299 1037 1352 sed
1084 1311 1297 1365 semper
1330 1311 1389 1349 se
1415 1303 1718 1349 moventem
1761 1308 1886 1346 eum
1935 1289 2152 1343 aliunde

589 1400 756 1453 moto,
792 1400 844 1444 et
874 1388 1175 1458 simplicem
1217 1403 1341 1441 eum
1370 1388 1558 1455 juncto
1608 1384 1935 1454 permiscent
1969 1394 2017 1435 et
2052 1382 2152 1432 im-

590 1480 961 1550 plieant,quid
994 1480 1138 1532 enim
1165 1479 1233 1532 ab
1264 1477 1373 1531 illis
1398 1478 1807 1530 innumerarum
1837 1488 2017 1526 rerum
2044 1486 2143 1538 po-

589 1572 830 1625 tentibus
859 1569 1106 1624 connecti
1140 1569 1405 1638 nequeat?
1442 1573 1517 1622 Ac
1559 1583 1680 1637 qua!
1723 1566 1793 1620 ab
1822 1565 1940 1634 ipso
1969 1564 2150 1618 statim

590 1670 712 1713 ortu
746 1659 1089 1713 incommoda
1121 1660 1321 1723 subivi,
1354 1674 1460 1712 non
1491 1667 1576 1713 est
1601 1657 1762 1725 hujus
1798 1654 2058 1723 tempatis
2088 1654 2154 1709 de

595 1751 683 1805 bis
709 1749 1001 1820 tragmdias
1031 1751 1339 1815 excitasse;
1376 1759 1585 1804 tantum
1633 1748 1757 1802 date
1808 1745 1942 1802 mihi
1996 1755 2056 1800 ut
2089 1760 2151 1800 ea

593 1844 783 1911 paucis
812 1841 1114 1910 deplorcm.

665 2019 837 2074 Simul
872 2034 935 2073 ac
968 2033 1090 2072 cum
1127 2014 1229 2069 h'oc
1259 2016 1481 2069 mortali
1520 2016 1723 2079 coalni,
1756 2030 1820 2069 ac
1852 2003 2155 2082 antequam

594 2111 736 2165 fetus
762 2110 926 2161 vitam
960 2106 1187 2175 accepit,
1219 2104 1273 2159 in
1311 2115 1467 2159 utero
1498 2118 1623 2158 eum
1670 2104 1882 2172 sepulto
1932 2116 2039 2157 una
2068 2115 2158 2157 se-

596 2202 781 2270 pelita,
821 2209 874 2253 et
907 2200 1051 2252 velut
1077 2199 1130 2251 in
1162 2196 1363 2265 duplici
1405 2197 1689 2265 spelunca.
1740 2195 1888 2250 Sorte
1930 2204 2158 2250 mortuae

594 2292 825 2346 cadaver
857 2289 1130 2342 Abraham
1178 2285 1444 2355 sepelivit,
1476 2287 1547 2341 ita
1580 2296 1634 2340 et
1662 2286 1779 2356 ipsa
1809 2286 2012 2356 duplici
2046 2300 2164 2340 mo-

596 2387 854 2435 numento
893 2378 1165 2442 infodior;
1194 2392 1317 2431 nam
1347 2392 1410 2432 ex
1432 2377 1739 2445 sapientum
1779 2376 2068 2438 sententia,
2113 2376 2161 2429 si

486 2491 507 2505 ο
595 2486 795 2540 corpus
822 2478 906 2524 est
952 2484 1132 2523 meum
1185 2468 1523 2536 sepulcrum.
1549 2467 1603 2520 id
1637 2482 1768 2520 vero
1806 2465 1861 2519 in
1894 2475 2050 2520 utero
2080 2477 2165 2519 tu-

598 2562 854 2624 mulatur,
893 2557 1085 2628 qttidtti
1135 2556 1334 2625 duplici
1387 2555 1586 2620 loculo,
1654 2555 1763 2608 fetu
1823 2568 1985 2623 quem
2043 2569 2162 2608 etn-

604 2654 771 2723 bryon
799 2660 1014 2714 Vocant,
1047 2656 1102 2702 el.
1152 2660 1310 2702 utero
1338 2706 1339 2709 η
1363 2647 1739 2717 consepeliorl
1800 2646 2021 2701 Talibus
2079 2660 2165 2701 me

597 2743 881 2810 complexu
923 2754 1021 2792 suo
1070 2739 1307 2807 primum
1368 2745 1643 2802 receptam
1695 2743 1750 2790 et
1799 2735 2163 2804 amplexatam

599 2833 835 2889 amicum
866 2844 1067 2899 corpus
1090 2828 1293 2897 excipit
1322 2826 1675 2882 humanitatis
1710 2824 1933 2891 ciliciis;
1967 2825 2166 2880 talibus

602 2924 853 2994 hospitiis
883 2931 938 2976 et
965 2920 1259 2977 foederibus
1281 2919 1606 2989 prehensam
1632 2917 1851 2994 accipit.
1881 2915 2011 2981 Quae
2038 2928 2164 2968 vero

601 3016 828 3085 posthac
876 3008 1214 3065 succedunt?
1261 3021 1539 3077 germana,
1578 3017 1640 3060 ut
1672 3006 1847 3071 aiunt,
1886 3015 1944 3059 et
1978 3005 2164 3058 eodem

600 3105 783 3158 colore
806 3110 1078 3163 contacta,
1096 3115 1162 3152 ex
1179 3098 1477 3167 eademque
1525 3104 1642 3151 arte
1690 3094 1897 3164 liglina,
1924 3095 2041 3150 sive
2069 3109 2164 3148 na-

604 3205 726 3248 tura
769 3193 1022 3258 ftugettte.
1054 3189 1205 3249 Illinc
1230 3188 1375 3242 enim
1398 3188 1554 3258 quasi
1582 3202 1614 3243 e
1644 3190 1854 3241 tumulo
1876 3184 2162 3256 'prodeun-

605 3296 686 3340 tes
711 3297 817 3337 una
858 3282 1078 3351 sepulti,
1114 3279 1331 3335 uterino
1375 3278 1592 3348 quidem
1634 3276 1886 3367 sepulcro
1913 3275 2164 3344 defungi-

603 3392 765 3434 ntur:
796 3391 896 3447 ego
933 3383 1057 3429 vero
1113 3374 1164 3427 in
1211 3386 1472 3443 corporeo
1496 3371 1797 3425 etiamnqu
1829 3369 2163 3450 insistobte-

604 3480 824 3538 reoquo.
881 3468 1052 3535 Atque
1100 3463 1258 3519 veluti
1324 3464 1567 3532 ejusdem
1635 3463 1758 3516 vita:
1819 3459 1961 3515 facta
2023 3459 2165 3513 inter

606 3562 835 3615 miseros
887 3554 1246 3624 coemptione,
1290 3553 1666 3607 calamitosam
1718 3550 1884 3604 vitam
1940 3550 2166 3603 inchoa-

604 3664 766 3715 ntus;
812 3656 912 3701 nec
947 3646 1195 3699 laatamur
1225 3647 1378 3713 quasi
1420 3658 1450 3694 a
1479 3641 1718 3695 tenebris
1748 3639 1803 3693 in
1835 3641 2012 3693 lucem
2040 3652 2167 3692 eru-

606 3738 869 3810 perimus,
901 3746 954 3792 et
986 3751 1174 3788 auram
1220 3733 1435 3789 vitalem
1488 3732 1790 3796 trahamus,
1844 3740 1899 3785 et
1963 3729 2166 3783 almum

604 3831 777 3886 solem
822 3827 1229 3897 amplexetnur;
1263 3837 1438 3894 neque
1465 3823 1671 3877 circum
1717 3819 2033 3892 genitricem
2075 3835 2172 3874 ex-

607 3921 878 3977 sultantes
914 3893 1263 3980 lasciiimns,
1296 3922 1356 3968 ut
1383 3913 1532 3985 agni,
1570 3911 1750 3978 vituli,
1796 3911 2006 3965 hinnuli
2062 3913 2168 3965 cir-

606 4026 731 4069 cum
798 4018 1019 4075 matres,
1077 4009 1171 4062 sed
1205 4007 1356 4072 illud,
1392 4020 1515 4060 cum
1567 4020 1632 4059 ex
1674 4005 1804 4059 locis
1866 4002 2170 4059 calentibus

606 4112 829 4174 repente
861 4101 913 4155 in
950 4113 1130 4154 aerem
1169 4097 1420 4176 frigidum
1452 4096 1719 4160 incurrat,
1754 4109 1822 4150 ex
1862 4104 2169 4149 commuta-

607 4195 756 4249 tione
804 4192 1042 4262 angitur,
1077 4200 1133 4244 et
1181 4188 1381 4244 acriori
1423 4188 1611 4242 dolore
1637 4185 1982 4241 conﬂictatur
2014 4198 2032 4239 ;
2067 4199 2169 4253 ego

608 4300 738 4340 vero
759 4282 1137 4353 azgritudinum
1168 4280 1490 4333 acerbat-nm
1519 4293 1786 4333 consensu
1814 4275 1931 4344 ipsa
1954 4290 2172 4344 quoque

608 4377 846 4431 crucior.
874 4375 1011 4428 [line
1051 4380 1106 4426 et
1132 4369 1365 4436 eiulatus
1409 4368 1671 4423 natalitiis
1697 4367 1951 4420 cantibus
1982 4380 2045 4418 ex
2078 4367 2172 4418 ad-

2252 566 2474 621 ltutnido
2509 568 2722 637 gurgite
2759 568 3036 623 immersa.

2322 737 2521 791 Verum
2561 740 2846 795 enimvero
2895 740 3031 807 haec,
3078 747 3297 799 tametsi
3338 746 3543 816 alioqui
3591 747 3813 813 misera,

2250 828 2554 882 tolerabilia
2574 839 2773 893 tamen,
2804 841 2860 886 et
2883 835 3065 902 qualia
3089 850 3248 889 nemo
3274 835 3398 904 jure
3430 839 3813 907 reprehendat,

2251 927 2308 971 ιιι
2337 934 2457 987 quae
2487 928 2696 974 naturae
2727 921 2955 989 legibus,
2983 935 3036 978 ct
3063 925 3292 994 originis
3325 927 3592 984 immutab
3617 930 3651 982 li
3678 932 3819 988 serie

2248 1008 2696 1079 contn'xioneque
2719 1014 3089 1082 gubernentur
3135 1034 3149 1070 :
3187 1017 3318 1071 illud
3367 1020 3642 1088 mEserius,
3673 1022 3817 1090 quod

2250 1115 2316 1154 ex
2356 1100 2611 1156 amentiae
2665 1100 2832 1159 futtdo
2886 1119 3115 1163 enatans
3168 1110 3487 1179 aliquando,
3520 1126 3576 1167 et
3610 1115 3817 1170 lumine

2251 1190 2481 1246 rationis
2512 1192 2777 1250 inclinans
2818 1197 3203 1267 circumfundi,
3249 1205 3529 1271 corporeis
3565 1206 3820 1259 membris
3882 1266 3886 1268 ἡ

2253 1282 2320 1336 ad
2356 1283 2733 1352 perfectiorem
2759 1296 2964 1343 statum
2989 1294 3428 1361 procedentibus,
3474 1312 3654 1366 neque
3703 1308 3819 1352 tum

2252 1373 2412 1442 plane
2441 1390 2570 1442 pure
2600 1375 2869 1433 dementia
2895 1380 3197 1450 defungor:
3228 1390 3687 1454 quemadmodum
3721 1406 3819 1446 nec

2252 1478 2316 1517 ex
2361 1463 2648 1531 ebrietate,
2684 1469 2766 1519 ιιι-ι
2794 1484 2989 1533 sopore
3017 1474 3192 1540 gravi,
3244 1475 3325 1529 Vel
3370 1486 3593 1532 veterno
3617 1494 3820 1533 conva-

2258 1559 2519 1623 lescentes
2547 1556 2829 1627 vrrtigine,
2862 1571 2956 1614 ant
2985 1564 3055 1615 ob
3093 1564 3285 1619 oculos
3335 1566 3532 1622 olfusis
3575 1569 3815 1626 tenebris

2255 1638 2406 1693 illinc
2435 1641 2576 1726 natis
2608 1642 2659 1694 in
2686 1651 2858 1697 totum
2901 1646 3085 1700 statim
3129 1662 3518 1721 repurgantur.
3549 1653 3822 1726 Caterpm

2258 1729 2419 1783 hasce
2449 1716 2735 1787 ‘tl'ementirc
2769 1734 2939 1792 malas
2987 1748 3160 1794 sortes
3193 1716 3262 1795 ct
3293 1716 3528 1813 tempus,
3558 1754 3613 1801 et
3635 1716 3823 1815 perce-

2185 1826 2225 1879 B
2257 1822 2369 1891 ptio
2392 1823 2799 1891 disciplinarum
2819 1828 3044 1884 abradat
3089 1846 3119 1883 a
3155 1841 3351 1898 mente,
3372 1844 3426 1888 et
3453 1836 3741 1892 scientiam
3765 1855 3824 1894 ac

2257 1913 2599 1981 prudentiam
2626 1917 2921 1987 insculpat,
2949 1922 3042 1976 sed
3080 1923 3431 1992 imperiosam
3457 1928 3704 1983 altricem
3742 1931 3821 1985 fa-

2256 2007 2611 2072 cultatem,et
2640 2020 2896 2077 perpetua
2934 2013 3182 2067 ciborum
3206 2026 3256 2069 ct
3292 2025 3515 2084 potuum
3546 2024 3822 2088 quotidia-

2260 2110 2452 2150 norum
2482 2102 2639 2167 quasi
2670 2099 3003 2156 tributorum
3050 2120 3241 2173 pensa,
3275 2123 3505 2177 quaeque
3543 2109 3669 2165 inde
3694 2112 3825 2179 mihi

2260 2187 2504 2243 adversae
2522 2188 2813 2248 facultates
2847 2194 2914 2248 ab
2941 2194 3027 2249 illa
3058 2198 3397 2266 nutriuntur,
3429 2203 3825 2271 concupiscen-

2259 2287 2366 2334 tem
2394 2289 2446 2334 ct
2475 2280 2820 2348 irascentem,
2852 2288 3127 2354 quodnam
3164 2300 3377 2360 tempus
3407 2302 3502 2347 aut
3540 2310 3662 2363 qure
3723 2302 3819 2349 do-

2259 2372 2437 2425 ctrina
2484 2373 2707 2429 omnino
2739 2377 3013 2432 remittere
3060 2391 3371 2437 evertereve
3405 2386 3611 2454 possit?
3637 2388 3826 2442 harum

2260 2462 2570 2516 servitutem
2598 2464 2718 2532 quis
2747 2469 3057 2523 excussisse
3071 2473 3379 2541 glorietur?
3408 2474 3543 2543 Quis
3575 2495 3824 2536 voraeent

2264 2550 2749 2623 inexplebilemque
2774 2568 3039 2621 ventrem,
3068 2569 3124 2615 et
3162 2563 3346 2631 gulam
3372 2563 3827 2639 furentem,jejn-

2264 2641 2338 2695 nii
2369 2642 2555 2712 lupato
2577 2652 2633 2697 et
2661 2646 2815 2700 freno
2859 2650 3209 2707 continentiae
3237 2655 3356 2709 sine
3376 2657 3530 2713 vobis
3552 2661 3826 2727 cohibeat,

2264 2735 2355 2803 qui
2385 2744 2591 2790 natura:
2622 2747 3025 2807 contemptores
3049 2743 3312 2800 inusitata
3336 2750 3620 2816 prudentia
3649 2756 3784 2809 estis
3806 2756 3831 2807 2

2266 2832 2320 2877 et
2348 2825 2438 2894 qui
2461 2828 2753 2883 collatione
2772 2843 2897 2884 cum
2931 2835 3164 2903 angelis,
3192 2840 3511 2896 mortalibus
3536 2858 3789 2912 COI‘pUaC.
3808 2875 3832 2887 -

2270 2914 2335 2969 Iis
2379 2915 2582 2978 induti,
2613 2926 2667 2971 et
2698 2918 2810 2987 jam
2848 2921 3095 2976 divorum
3145 2934 3339 2981 natura
3384 2932 3697 2998 superiores
3738 2950 3831 2986 vos

2270 3005 2444 3073 palam
2499 3019 2841 3078 prmstantcs,
2871 3013 3008 3067 nihil
3067 3018 3192 3071 novi
3243 3022 3419 3086 est,si
3475 3027 3633 3093 longe
3664 3042 3827 3095 Sltpta

2187 3147 2233 3210 C
2270 3110 2468 3165 corpus
2522 3099 2867 3157 evolat-eritis
2913 3114 3019 3160 :ut
3060 3106 3162 3163 hac
3224 3112 3358 3166 mihi
3416 3113 3529 3169 sint
3577 3119 3829 3174 oratione

2267 3194 2457 3242 vestrae
2493 3204 2581 3244 res
2614 3192 2933 3248 eximendae.
2964 3195 3297 3255 Caeteros-um
3345 3216 3526 3258 autem
3557 3209 3650 3275 qui
3686 3226 3779 3262 nu.
3800 3225 3830 3265 c

2264 3280 2521 3369 mortales
2545 3283 2706 3337 vitam
2733 3283 2957 3352 degunt,
2984 3290 3111 3359 quis
3126 3306 3157 3347 a
3178 3294 3567 3364 cupiditatibus
3586 3300 3828 3369 aliOquitt

2263 3368 2477 3424 alienus
2507 3370 2797 3430 irascentis
2833 3377 3001 3431 animi
3033 3379 3305 3437 fremitum
3330 3390 3830 3455 compescanqnis

2265 3458 2346 3547 vel
2379 3459 2659 3529 sapientiae
2690 3465 2988 3533 sapientior
3040 3470 3113 3525 ita
3146 3473 3241 3539 sit,
3281 3484 3343 3528 ut
3371 3478 3656 3547 cupiditati
3690 3482 3834 3534 nihi-

2264 3544 2500 3604 lominus
2525 3565 2687 3619 quam
2709 3553 3232 3623 aspis,mortiferum
3259 3544 3525 3619 venenum
3544 3566 3831 3634 jacnlami,
3896 3606 3903 3619 .

2265 3648 2322 3691 et
2368 3639 2435 3692 ad
2493 3644 2897 3709 praecantricem
2946 3662 3130 3703 vocem
3170 3651 3496 3711 obstinatius
3566 3658 3832 3713 obsiti-dcc

2266 3728 2439 3783 scenti
2464 3732 2784 3788 medeatur?
2812 3744 2907 3789 aut
2953 3741 3107 3807 quasi
3153 3755 3247 3795 vas
3280 3743 3409 3799 illud
3441 3748 3747 3810 electionis,
3780 3759 3830 3803 ut

2268 3824 2508 3893 viperam
2557 3827 3016 3886 adhaerescentem
3052 3828 3329 3890 excutiat?
3361 3841 3483 3908 quis
3526 3848 3834 3905 evanui-hee

2270 3915 2587 3984 progenitus
2640 3928 2695 3973 et
2723 3921 3010 3987 educatus,
3044 3928 3504 3995 quemadmodum
3534 3934 3758 3988 Azarias
3782 3944 3835 3988 et

2269 4006 2407 4061 socii
2445 4008 2632 4076 puelli,
2686 4026 2792 4065 non
2842 4014 3009 4068 coluit
3055 4031 3444 4087 corporearum
3499 4026 3832 4092 voluptatum

2268 4099 2535 4154 asseclam
2595 4099 2915 4171 locupletem
2967 4116 3021 4160 et
3069 4108 3447 4176 pecuniosum,
3504 4123 3564 4167 ut
3601 4114 3675 4167 illi
3728 4133 3760 4168 ιι
3800 4133 3831 4170 ιι

2269 4186 2555 4243 coluerunt
2584 4205 2649 4243 ex
2679 4207 2815 4245 auro
2848 4201 2900 4247 et
2942 4207 3187 4265 argento,
3218 4213 3324 4251 εει-υ
3364 4211 3420 4253 et
3467 4188 3613 4255 ferro
3638 4218 3831 4256 manu-

2270 4277 2473 4331 factum
2532 4280 2926 4336 simulacrum?
2965 4282 3119 4350 Quis,
3176 4296 3234 4341 ut
3283 4289 3471 4357 paucis
3525 4294 3828 4353 absolvam,

2271 4370 2475 4425 ventris
2517 4370 2799 4440 ingluviei,
2847 4375 3218 4441 seortationis,
3285 4380 3531 4433 avaritia:
3587 4390 3830 4436 catenam

610 4482 771 4523 verso
800 4463 1211 4532 respondentes,
1245 4470 1297 4514 et
1325 4459 1570 4526 undique
1597 4457 1961 4512 devincientes
1986 4456 2166 4512 fasciaa
2192 4471 2245 4532 ι)
2273 4460 2621 4526 divulsit,nec
2640 4463 2706 4517 iis
2725 4464 2861 4518 inter
2878 4481 2937 4519 se
2957 4466 3198 4522 funiculo
3227 4469 3425 4538 triplici
3454 4471 3748 4541 longoque,
3781 4482 3833 4524 ct

606 4570 665 4613 et
695 4556 1097 4613 cuuabulorum
1138 4551 1374 4615 vincula,
1426 4549 1818 4620 sepulcralibus
1863 4549 2173 4619 ligamentis

609 4656 863 4715 cognata,
887 4655 941 4698 et
963 4640 1145 4696 lectuli
1184 4655 1279 4694 seu
1303 4653 1479 4705 cunae,
1517 4638 1740 4693 evidens
1766 4640 1945 4708 imago
1986 4654 2175 4693 monu-

610 4736 802 4799 menti,
828 4749 884 4789 ut
919 4733 1045 4788 hinc
1066 4733 1228 4785 etiam
1256 4729 1388 4783 mihi
1417 4727 1676 4784 molestias
1697 4728 2170 4798 conduplicentur,

607 4828 868 4886 secundis
904 4827 986 4880 his
1033 4823 1165 4877 mihi
1214 4832 1336 4892 post
1389 4822 1563 4892 prima
1599 4821 1830 4877 vinculis
1861 4822 2169 4890 impositis;

610 4935 718 4976 non
743 4919 887 4974 enim
922 4932 951 4971 a
994 4916 1335 4986 sapientibus
1370 4912 1583 4981 illepide
1634 4914 1818 4967 multis
1854 4913 2173 4981 appellatio-

610 5013 773 5064 nibus
809 5016 859 5061 et
898 5006 1202 5075 conjugatis
1246 5004 1300 5058 id
1355 5012 1601 5067 vocatur,
1632 5003 1962 5072 sepulcrum,
1991 5008 2175 5056 c'usto-

607 5102 718 5163 dia,
752 5099 1000 5161 amictus,
1044 5105 1473 5159 monumentum,
1494 5094 1663 5164 δέμας
1687 5093 1837 5160 παρὰ
1861 5091 1951 5143 τὸν
1979 5089 2175 5160 δεσμόν

611 5195 666 5267 (a
697 5189 1028 5258 vinciendo).
1048 5198 1097 5241 et
1119 5186 1552 5248 tabernaculum;
1582 5185 1726 5252 quod
1751 5182 1805 5235 in
1833 5195 1899 5235 co
1922 5190 2174 5250 tanquam

609 5287 667 5340 in
700 5283 920 5337 taberna
947 5281 1015 5334 de
1046 5282 1129 5331 via
1169 5279 1475 5331 diversctur
1500 5290 1514 5328 :
1539 5274 1734 5327 deinde
1754 5272 1834 5327 sic
1862 5273 1993 5326 illud
2020 5271 2174 5326 colli-

606 5386 816 5448 gatum,
843 5373 979 5424 lacte
1007 5367 1267 5429 nutritur,
1297 5374 1347 5419 et
1372 5364 1579 5419 sensim
1607 5369 1867 5431 augetur;
1898 5375 1998 5430 ego
2024 5374 2172 5424 vero,

610 5474 870 5529 tanquam
905 5457 1071 5510 tluvi')
1104 5455 1389 5507 faeculento
1418 5451 1653 5535 ‘cuidam
1680 5449 1908 5519 illigata,
1942 5449 2069 5504 huic
2097 5448 2178 5502 in-

613 5555 789 5607 valido
821 5549 1117 5617 debilique,
1158 5555 1212 5598 et
1256 5543 1402 5597 ﬂuxu
1436 5551 1691 5611 perpgtuo
1720 5541 1959 5593 inﬂuenti
2010 5553 2175 5609 atque

608 5643 871 5708 diluenti,
903 5642 1060 5696 veluti
1097 5638 1377 5694 submersa
1425 5634 1713 5703 corripior,
1749 5644 1800 5689 et
1837 5636 1889 5687 in
1918 5646 2175 5687 extremae

609 5730 897 5784 detncntia:
927 5730 1154 5784 lnndum
1181 5740 1422 5798 praeceps
1447 5724 1722 5789 devolvor,
1754 5739 1850 5777 nec
1876 5727 2017 5792 potis
2051 5741 2168 5776 sum

2272 4557 2466 4604 caetera
2498 4550 2628 4605 vitia
2653 4556 3012 4608 contrahente
3051 4556 3209 4610 nexis
3232 4560 3565 4614 constrictus
3587 4566 3785 4613 tenemt
3810 4559 3832 4610 ἲ

2274 4641 2363 4694 Ea:
2409 4651 2539 4696 sunt
2584 4643 2754 4710 enim,
2783 4646 2998 4713 Opinor,
3046 4646 3188 4714 apud
3242 4646 3587 4703 Salomonem
3642 4663 3831 4703 amau-

2275 4732 2397 4785 lilia:
2423 4742 2529 4787 tres
2560 4732 2828 4789 hirudinis
2871 4735 3250 4804 sanguinariae,
3293 4739 3341 4791 id
3372 4748 3456 4792 est
3477 4741 3682 4803 carnis,
3716 4757 3827 4809 quae

2274 4820 2515 4888 sugendo
2537 4822 2797 4891 quidquid
2831 4824 3085 4888 animale,
3155 4825 3416 4894 quidquid
3449 4828 3502 4880 in
3535 4845 3620 4882 me
3676 4830 3829 4882 vitale

2274 4911 2700 4963 sitexltauriaut.
2734 4911 2930 4964 llorum
2956 4916 3381 4981 corpusincnsu,
3404 4919 3513 4970 haec
3530 4921 3775 4974 criminor
3813 4937 3824 4971 :

2274 4998 2466 5053 horum
2510 5001 2728 5054 nomine
2782 5003 2920 5056 hanc
2980 5005 3377 5058 accusationem
3425 5006 3636 5071 factito,
3688 5024 3827 5062 reum

2274 5087 2612 5141 contumeliae
2634 5089 2920 5158 etiujuria:
2973 5092 3289 5159 postulans:
3342 5098 3463 5160 quia
3516 5107 3729 5160 natura,
3775 5106 3824 5145 ut

2275 5184 2514 5230 nostrum
2543 5192 2714 5244 genus
2733 5183 3453 5248 conservaretur,moliente,
3509 5187 3822 5251 permiscen-

2277 5273 2435 5334 teque
2464 5275 2519 5319 et
2555 5268 2832 5331 alimento,
2866 5279 2919 5320 et
2950 5271 3159 5334 generis
3208 5274 3601 5339 propagationi,
3668 5276 3824 5326 volo—-

2278 5368 2502 5427 ptatum,
2541 5368 2598 5409 ut
2629 5356 2732 5410 bac
2760 5368 3014 5426 tanquam
3042 5376 3164 5414 esca
3218 5362 3476 5429 pellectus
3535 5367 3715 5428 homo,
3762 5363 3827 5414 ad

2275 5452 2516 5504 ciborum
2551 5455 2974 5519 percoptionem,
3003 5460 3056 5505 et
3087 5452 3381 5520 legitimum
3436 5456 3626 5509 cubilis
3651 5458 3829 5509 molie-

2276 5539 2388 5592 bris
2417 5554 2572 5592 usum
2604 5537 2990 5590 com-ibaretur
3016 5544 3194 5600 vivus,
3228 5551 3283 5592 et
3313 5543 3418 5593 vita
3453 5539 3663 5594 functus
3722 5556 3821 5591 non

2274 5641 2484 5698 periet:
2509 5637 2695 5684 harum
2726 5645 2905 5683 rerum
2928 5631 3127 5688 nemini
3154 5634 3564 5698 accusabilium,
3600 5645 3653 5687 et
3673 5642 3823 5685 natu-

2276 5726 2488 5807 rai/lium,
2521 5724 2672 5793 quasi
2693 5726 2867 5792 leg-nn
2903 5738 3008 5777 non
3036 5725 3381 5795 scriptarum,
3420 5726 3643 5795 sedjam
3678 5734 3817 5777 more
