4108 6316
300 402 427 465 965

1658 398 2151 463 PROSOPOPCEI
2164 398 2251 460 [Ε.

3467 397 3573 461 96ιὶ

299 515 637 570 nsitatarum
667 521 878 584 captata
905 512 1066 570 facile
1083 513 1394 578 occasione,
1421 515 1713 582 corpusad
1741 528 1878 582 qua-
1913 519 1952 572 Α
1987 513 2372 581 profundatur,
2408 509 2473 564 ad
2515 509 2565 563 id
2600 519 2780 564 antem
2819 510 2966 578 quod
2999 524 3219 564 sensum
3257 523 3570 578 exasperat.

302 620 440 657 rum
475 604 806 674 voluptatum
842 605 1110 658 licentiam
1145 621 1249 659 non
1291 606 1519 660 effertur
1549 606 1572 658 ?
1600 606 1884 672 cuiusnam

310 695 591 750 satiandte
629 695 868 771 libidinis
897 696 1160 751 terminos
1217 711 1322 750 non
1371 708 1660 765 exsuperat
1691 695 1888 750 ?Nunc

299 785 718 838 cscttletztorum
744 782 1023 838 satietates
1052 785 1240 853 exigit,
1272 801 1414 840 nunc
1442 799 1651 839 rursnm
1675 786 1889 838 suavis-

301 876 476 929 simis
507 883 559 928 et
598 889 787 942 magna
815 873 1128 929 dillicnltate
1169 875 1501 944 parabilibtts
1533 875 1668 930 cibis
1711 874 1888 927 infar-

303 976 458 1030 tum,
515 963 695 1017 facere
764 977 872 1016 non
901 973 1079 1033 potest
1101 965 1229 1034 quin
1281 966 1528 1030 satietur,
1587 965 1893 1032 iterumque

306 1055 485 1109 rebus
516 1054 714 1124 quibus
756 1054 994 1108 abundat
1052 1056 1306 1108 obrutum
1336 1054 1602 1124 deglutit;
1655 1063 1708 1108 et
1762 1070 1896 1124 prae-

303 1145 498 1199 sentia
540 1145 830 1214 improbat,
889 1145 1136 1200 absentia
1197 1144 1501 1211 desiderat;
1557 1160 1728 1214 neque
1773 1144 1894 1196 vina

304 1249 442 1303 qua!
479 1235 652 1304 patria
695 1234 837 1298 tulit,
871 1234 1020 1288 cordi
1044 1244 1190 1300 sunt,
1225 1234 1320 1289 led
1357 1245 1413 1288 ut
1437 1250 1576 1301 aqua
1615 1250 1737 1304 qua:
1764 1233 1895 1286 vici—

309 1340 425 1379 nos
469 1340 632 1394 agros
661 1325 838 1390 alluit,
872 1325 1024 1379 nihili
1045 1330 1368 1391 aestimatur,
1395 1334 1446 1378 et
1482 1327 1892 1394 peregrinorum

305 1416 447 1469 sitis
471 1417 785 1468 accenditur
815 1431 831 1480 ;
867 1430 1040 1482 neque
1089 1415 1412 1469 vestimenta
1438 1430 1554 1483 qua:
1579 1413 1646 1468 ad
1705 1424 1898 1467 aestum

309 1515 371 1560 el.
415 1505 587 1574 frigus
634 1504 927 1559 arcendum
983 1505 1274 1569 sufﬁciant,
1331 1505 1502 1560 solum
1556 1518 1898 1574 quatrttntur,

311 1599 421 1650 sed
447 1611 573 1665 quae
606 1597 719 1651 sint
745 1610 810 1650 ex
849 1597 1074 1650 materia
1104 1596 1190 1648 vix
1215 1595 1466 1665 parabili,
1491 1608 1545 1649 et
1570 1607 1687 1650 arte
1713 1610 1899 1663 snper-

1995 603 2328 673 intlignetur,
2369 603 2435 656 iis
2475 611 2792 654 exerceatur
2817 600 3197 654 affectionibus
3231 616 3351 669 quae
3380 617 3444 654 ex
3484 619 3577 654 vu-

1994 695 2202 765 luptate
2246 705 2298 749 ct
2325 695 2511 748 dolore
2544 704 2862 746 nascuntur.
2894 691 3032 746 illnc
3049 700 3104 746 et
3128 692 3204 746 ira
3233 693 3374 746 vires
3401 701 3459 756 ct,
3483 707 3575 760 po-

1998 790 2219 842 tentiam
2253 787 2306 840 in
2334 789 2520 846 corde.
2558 787 2610 838 in
2637 785 2991 854 jecinoreque
3029 784 3281 853 voluptas
3315 795 3575 839 exercet:

1999 879 2089 948 qui
2133 878 2405 948 principes
2435 875 2663 931 affectus
2708 877 2780 930 ita
2835 877 3092 930 diuturna
3117 877 3580 930 commentatione

2001 972 2452 1034 corroborantur,
2481 977 2541 1023 ut
2585 978 2637 1022 et
2687 967 2792 1022 mei
2845 977 3055 1037 partem
3088 967 3316 1021 rationis
3364 964 3582 1035 partici-

2004 1079 2125 1130 pem
2158 1063 2593 1116 consentientem
2629 1059 2887 1121 babeant,
2932 1059 3318 1126 abducantque
3350 1057 3582 1120 morige-

2005 1168 2142 1215 ratn,
2179 1168 2282 1204 una
2314 1152 2544 1218 quadam
2581 1149 2826 1213 ratione;
2853 1157 2944 1202 aut
2973 1148 3116 1202 enim
3153 1148 3299 1210 dolo,
3343 1155 3437 1200 aut
3465 1147 3582 1198 vio-

2009 1243 2169 1296 It‘lllia
2199 1246 2440 1295 trahunt.
2479 1241 2522 1294 Ο
2562 1241 2778 1308 quoties
2809 1239 3219 1309 intelligentiam
3264 1238 3396 1290 milii
3426 1238 3579 1290 volu-

2011 1341 2130 1402 ptas
2158 1332 2418 1386 sulIurata
2443 1331 2542 1384 est!
2576 1331 2812 1399 quaties,
2838 1345 2955 1397 quae
2985 1329 3180 1382 faciam
3211 1342 3311 1397 ego
3334 1343 3438 1380 non
3462 1341 3581 1378 sum

2010 1425 2274 1478 malorum
2315 1424 2525 1488 nescia,
2549 1421 2836 1476 consilium
2869 1429 2925 1474 at
2951 1420 3122 1474 iratus
3152 1433 3331 1472 meum
3363 1418 3588 1488 impertit

2011 1512 2252 1567 animus.
2280 1513 2621 1568 lracundiam
2651 1527 2870 1582 quoque
2893 1523 2946 1565 et
2968 1512 3298 1578 voluptatem
3333 1511 3586 1562 universa

2013 1605 2482 1674 perturbationum
2511 1607 2665 1658 turlia
2693 1604 3074 1672 consequitur.
3119 1601 3380 1669 Equidem
3417 1616 3587 1654 conor

315 1703 571 1742 rat-anes
593 1686 858 1742 curiosius
887 1697 944 1740 et
980 1686 1266 1741 delicatius
1293 1687 1592 1752 elaborata,
1623 1689 1687 1741 ad
1709 1705 1768 1740 ca
1821 1701 1906 1741 me
2014 1693 2106 1746 uni
2137 1693 2267 1746 milii
2301 1692 2662 1760 principatum
2703 1692 2946 1745 debitum
2979 1687 3266 1755 asr-iscerc;
3299 1704 3484 1742 verum
3521 1690 3588 1740 ab

316 1782 370 1834 Vi
411 1784 789 1850 cogil,utper
841 1778 1068 1834 ancillas
1135 1779 1481 1845 cibariorum,
1533 1779 1903 1843 Obsoniorum,
2019 1787 2120 1840 liac
2152 1784 2399 1854 popttlari
2437 1783 2809 1836 dominatione
2857 1791 3093 1846 avertor,
3143 1782 3398 1850 idemque
3453 1779 3586 1830 mihi

313 1881 375 1925 et
422 1871 699 1926 textilium
729 1869 1074 1924 administras
1109 1868 1210 1922 sibi
1249 1869 1542 1939 obsequar,
1566 1880 1620 1924 et
1677 1870 1903 1924 infinitis
1935 1863 1983 1923 Β
2009 1874 2229 1938 accidit,
2268 1883 2326 1928 ιιι
2354 1875 2396 1928 si
2437 1888 2546 1943 qua
2595 1873 2798 1926 nobilis
2853 1873 3029 1939 puella
3090 1871 3408 1940 parentibus
3455 1872 3586 1921 oilza

279 2007 286 2014 .
315 1964 443 2018 suis
474 1964 714 2018 serviam
741 1962 1066 2018 libidinibus
1081 1960 1516 2031 suppeditandis,
1547 1971 1602 2016 et
1621 1961 1776 2014 veluti
1810 1960 1904 2014 tri-

2028 1966 2384 2035 elinquatur:
2411 1981 2532 2034 quae
2553 1979 2670 2018 cum
2704 1964 2998 2022 multarum
3021 1965 3340 2016 ancillarum
3369 1966 3534 2013 domi:
3561 1977 3588 2012 a

315 2053 478 2109 butis
497 2052 846 2109 conferendis
873 2054 939 2107 iis
978 2067 1098 2121 qua:
1131 2062 1325 2121 praeter
1353 2053 1716 2106 necessarium
1749 2067 1906 2105 usum
2011 2058 2103 2121 sit,
2135 2057 2376 2109 nondum
2425 2065 2607 2109 autem
2644 2059 2914 2122 imperare
2967 2055 3242 2119 didicerit,
3287 2055 3592 2107 ειιιιιειι·ιιί-

316 2146 667 2217 exiguntur;
696 2159 800 2199 non
837 2155 894 2197 ιιι
922 2158 986 2197 ea
1017 2143 1236 2207 decore,
1259 2149 1311 2195 et
1342 2142 1394 2195 in
1431 2157 1540 2196 rem
1567 2158 1717 2195 suam
1750 2144 1907 2195 absu-
2017 2157 2128 2208 tur,
2157 2156 2252 2201 aut
2285 2147 2448 2200 etiam
2482 2146 2756 2200 colludere
2801 2146 3029 2200 docetur
3059 2163 3072 2199 :
3107 2155 3163 2199 at
3213 2146 3394 2200 serius
3425 2159 3592 2210 agnu-

317 2248 465 2303 mat,
511 2237 606 2293 sed
648 2236 716 2291 ad
761 2235 1014 2291 libidines
1040 2233 1386 2302 voluptuosas
1433 2249 1672 2303 praeceps
1720 2234 1910 2288 abuta-
2019 2252 2178 2306 sccns
2212 2252 2332 2304 quae
2366 2235 2693 2305 quibuscum
2745 2248 3157 2304 corrumpatur,
3191 2235 3409 2288 familizg
3435 2250 3475 2285 c:
3503 2249 3532 2298 p
3572 2262 3595 2270 -

318 2339 438 2384 tur.
2017 2330 2120 2384 scit
2149 2327 2458 2396 imperium,
2492 2334 2545 2380 et
2563 2326 2683 2381 illas
2715 2326 2768 2378 in
2797 2327 3042 2379 ordinem
3081 2327 3328 2380 servilem
3382 2328 3529 2379 τριιιςι
3553 2329 3594 2376 it
3640 2369 3642 2371 ,

399 2419 586 2486 Quam
618 2419 783 2488 igitur
811 2433 895 2473 me
917 2419 1079 2473 vitam
1119 2419 1332 2474 trahere
1369 2419 1568 2488 putatis
1607 2457 1622 2481 ,
1655 2419 1754 2471 viri
1806 2416 1912 2470 Deo
2020 2429 2072 2473 et
2098 2419 2362 2487 castigat;
2387 2417 2494 2471 illae
2513 2433 2640 2471 vero
2664 2417 3136 2487 pristinalicentia
3165 2417 3321 2471 lierill
3347 2417 3596 2472 lascivia-

321 2511 531 2575 dicati,
559 2527 682 2565 cum
708 2526 773 2564 eo
806 2511 878 2564 ita
905 2513 1100 2566 misere
1159 2512 1506 2565 dementante
1569 2511 1914 2562 oberrantem
2020 2527 2124 2581 que
2162 2510 2392 2575 refertae,
2430 2509 2781 2574 erubescunt,
2823 2520 2875 2563 et
2909 2509 2962 2562 in
2992 2510 3176 2562 heram
3204 2511 3507 2579 insurgunt;
3538 2517 3596 2564 ιςι

323 2616 381 2657 et
411 2603 853 2658 subservientem
884 2602 908 2656 ?
941 2611 1034 2657 aut
1060 2602 1263 2672 quibus
1313 2601 1566 2655 absurdis
1620 2599 1919 2653 sceleribus
2023 2603 2182 2656 etiam
2205 2602 2422 2670 quidam
2458 2600 2599 2653 servi
2633 2597 2904 2662 feruntur,
2927 2599 3072 2653 lteris
3100 2607 3320 2668 peregre
3340 2600 3596 2668 profer-ius

324 2691 659 2762 turpissime
700 2707 806 2744 non
838 2691 1269 2762 impingeutem?
1300 2689 1474 2745 istane
1501 2689 1791 2742 mediocria
1834 2687 1918 2739 -vi-
2025 2692 2492 2758 morantibusque,
2517 2698 2569 2742 et
2591 2689 2810 2743 familiae
2841 2689 3053 2753 lier‘i,et
3081 2697 3314 2743 uxorum
3346 2690 3444 2743 viri
3474 2707 3597 2744 ειη·-

321 2783 585 2840 dentur?
612 2794 706 2837 aut
751 2797 851 2852 ego
887 2782 1090 2837 frustra
1145 2792 1453 2851 temereque
1501 2780 1705 2849 alioqui
1779 2777 1921 2831 indi-
2023 2783 2296 2846 cessisse;
2331 2782 2524 2836 deimle
2553 2781 2606 2835 in
2654 2794 2903 2836 reversos
2936 2780 3094 2834 heros
3152 2780 3515 2836 lnsurrexisse
3544 2792 3598 2834 et

327 2877 523 2947 gnor?
554 2874 686 2930 Nam
715 2877 759 2930 si
796 2875 1136 2945 qti0tidiana.
1192 2889 1364 2946 eaque
1415 2873 1533 2928 sine
1577 2872 1775 2941 quibus
1816 2885 1921 2923 non
2027 2871 2196 2924 armis
2251 2869 2604 2933 decertasse;
2640 2868 3098 2938 quemadmodum
3131 2868 3258 2922 item
3295 2868 3383 2922 alii
3413 2882 3607 2946 p0>le2t

326 2977 642 3036 constaret,
681 2969 941 3039 exigeret,
973 2985 1078 3021 non
1098 2970 1418 3036 quiritarer:
1445 2966 1488 3020 si
1509 2965 1770 3019 nuditatis
1800 2977 1928 3031 ope-
2030 2962 2202 3017 Roma
2233 2960 2440 3031 fugitivi
2484 2961 2694 3031 magnis
2745 2960 2946 3029 pra‘liis
2976 2970 3097 3014 eum
3140 2964 3596 3029 persequentibus

329 3064 639 3118 rimentum
672 3063 833 3116 simul
863 3069 918 3116 et
943 3060 1012 3114 ab
1042 3060 1183 3115 aeris
1212 3059 1492 3113 immensis
1532 3057 1746 3126 injuriis
1792 3069 1928 3124 pra:-
2028 3065 2080 3108 et
2113 3052 2440 3123 fugitivariis
2458 3051 2806 3104 dimicarunt.
2837 3048 2966 3104 Tale
2995 3050 3267 3119 quoddam
3299 3061 3487 3104 contra
3516 3067 3600 3104 me

329 3156 542 3211 sidiuin
569 3153 888 3222 postularet,
917 3150 1358 3219 libenseqnidetn
1380 3146 1780 3216 praeberem;si
1808 3145 1920 3198 vul-
1958 3209 1996 3222 _
2035 3150 2231 3202 servile
2259 3145 2455 3201 bellum
2495 3147 2731 3198 concitat
2781 3153 2972 3196 natura
3022 3144 3152 3197 milii
3207 3159 3424 3198 servum
3475 3157 3602 3197 cur-

335 3209 936 3317 garibuslabuteretur,
969 3242 1016 3297 si
1057 3241 1233 3296 solum
1265 3240 1530 3294 modicam
1567 3247 1620 3293 et
1662 3237 1923 3306 frngalem
1951 3209 1997 3274 ϐ
2033 3255 2154 3309 ptis,
2183 3248 2276 3291 attt
2306 3239 2467 3291 etiam
2502 3235 2704 3298 aerius,
2737 3235 2880 3303 quod
2913 3235 3126 3288 illorum
3161 3239 3355 3304 partim
3403 3251 3499 3289 arn
3528 3239 3594 3301 is,

338 3337 518 3390 vitam
551 3345 750 3386 reetam
791 3341 1058 3396 censeret,
1100 3345 1207 3383 non
1241 3329 1454 3396 injuriae
1487 3328 1605 3384 loco
1644 3329 1924 3392 ducerem,

343 3426 481 3479 talia
524 3423 887 3491 suppeditare,
940 3436 1115 3489 neque
1156 3421 1425 3475 actionem
1449 3421 1796 3490 postularem,
1836 3433 1932 3472 ne-

345 3531 460 3582 que
496 3513 638 3566 diem
667 3511 853 3580 judieii
884 3510 1140 3575 dicerent,
1161 3519 1216 3563 ut
1245 3511 1345 3563 hoc
1376 3519 1519 3565 certe
1541 3520 1783 3580 tempore
1812 3509 1933 3578 jure

346 3599 522 3663 fa.io,
556 3600 758 3667 quippe
789 3596 932 3667 quod
974 3612 1098 3652 cum
1142 3597 1345 3667 impetu
1392 3600 1508 3654 suis
1549 3599 1933 3668 cupiuitatibus

348 3700 549 3745 contra
585 3693 895 3743 mamlatutn
932 3689 1200 3757 Apostoli,
1247 3692 1549 3759 provideat;
1578 3693 1932 3746 semel.cnim

349 3795 379 3833 a
419 3777 653 3832 naturali
691 3778 1010 3832 necessitate
1045 3781 1542 3835 commodissimam
1584 3789 1800 3834 nactum
1843 3794 1933 3834 oc-

347 3874 658 3935 casionem,
687 3884 900 3923 onmem
937 3883 1230 3939 pervagare
1260 3870 1548 3924 nefandam
1605 3870 1932 3937 voluptatem

350 3977 463 4016 non
506 3960 728 4015 desinit.
763 3958 925 4014 Plane
958 3961 1102 4013 enim
1150 3961 1294 4028 quod
1321 3960 1397 4013 ait
1427 3960 1586 4014 divus
1634 3959 1836 4014 Paulus
1871 3961 1936 4013 de

347 4061 618 4124 peccato:
655 4050 757 4106 Per
789 4054 958 4120 legent
987 4053 1245 4120 scriptam
1288 4051 1490 4120 peperit
1519 4051 1574 4103 in
1610 4065 1694 4104 me
1721 4064 1936 4104 omnem

347 4143 750 4212 cupiditatem;
807 4150 1020 4210 captata
1068 4143 1213 4194 enim
1249 4157 1343 4210 per
1395 4141 1710 4194 mandatum
1759 4154 1934 4192 occa-

347 4234 534 4296 sione,
576 4231 786 4298 dccepit
836 4246 943 4296 me,
993 4239 1048 4284 et
1075 4232 1310 4285 occidit:
1345 4229 1488 4285 idem
1523 4229 1686 4285 etiam
1738 4229 1794 4283 in
1838 4242 1940 4283 nos

345 4323 634 4386 incurrit;
669 4326 884 4375 inventa
916 4321 1060 4374 enim
1095 4322 1390 4375 occasione
1419 4337 1484 4375 ex
1529 4324 1642 4390 lege
1679 4319 1937 4386 naturali,

353 4417 408 4468 id
453 4427 576 4477 est,
617 4412 862 4466 alimenti
913 4422 966 4465 et
1011 4411 1260 4466 fermenii
1305 4427 1428 4475 usu,
1468 4425 1587 4464 mea
1623 4413 1938 4475 caruncula,

346 4521 576 4560 onmem
609 4504 660 4556 in
708 4518 793 4556 me
840 4503 1096 4557 excitavit
1127 4503 1501 4571 cupiditatem,
1525 4513 1576 4555 et
1609 4513 1824 4572 propter
1854 4518 1936 4557 re-

351 4614 471 4650 rum
523 4595 969 4651 necessariarum
1027 4595 1401 4663 indigentiam,
1451 4597 1682 4664 primum
1729 4612 1815 4650 me
1868 4597 1935 4650 ad

348 4703 550 4740 eorum
600 4685 901 4754 legitimum
939 4700 1098 4739 usum
1130 4686 1330 4752 ,trahit,
1360 4686 1555 4740 deinde
1601 4687 1670 4740 ab
1705 4702 1804 4740 usu
1841 4702 1936 4740 na-

355 4779 518 4830 turali
569 4777 634 4828 ad
670 4777 904 4828 alienum
956 4788 1008 4828 et
1057 4777 1392 4830 contrarium
1449 4787 1655 4831 natura:
1704 4779 1936 4832 abusum

357 4868 655 4935 pet-trahit,
685 4877 798 4920 tum
831 4881 860 4920 a
903 4868 1161 4920 continuo
1189 4878 1244 4922 et
1273 4867 1544 4936 frequenti
1575 4870 1742 4924 abusu
1767 4867 1833 4922 ad
1861 4869 1940 4922 ine

358 4960 675 5031 gurgitandi
701 4967 754 5013 et
781 4958 1068 5012 deliciandi
1103 4960 1342 5014 habiturn
1371 4977 1386 5013 :
1416 4961 1630 5014 tandem
1665 4975 1750 5014 nte
1782 4975 1940 5029 prur-

363 5070 458 5106 sus
497 5055 778 5120 decipiens
799 5091 816 5118 ,
844 5053 1122 5108 interficit.
1174 5055 1308 5108 Nam
1342 5056 1553 5110 deliciis
1591 5056 1793 5109 irretita
1824 5057 1940 5112 sive

369 5146 574 5198 femina
625 5156 708 5197 est
739 5145 852 5198 sive
923 5159 1096 5206 mens,
1129 5130 1316 5200 viv'ens
1370 5155 1582 5200 mortua
1635 5155 1717 5200 est
1753 5163 1768 5212 ;
1804 5160 1939 5200 .mea

366 5239 516 5288 enim
549 5249 695 5288 mors
721 5243 824 5298 est,
855 5233 1075 5288 oblitam
1112 5236 1452 5305 pr0priarum
1482 5237 1613 5290 milii
1639 5240 1937 5301 actionum,

371 5325 425 5377 in
458 5326 730 5393 pecuariis
759 5325 1124 5393 voluptatibus
1150 5326 1395 5396 corporis
1431 5328 1792 5395 percipiendis
1822 5343 1941 5381 ver-

371 5419 481 5469 sari
509 5435 520 5469 :
557 5419 794 5482 quando,
827 5427 884 5471 trt
909 5419 1046 5472 alter
1078 5417 1356 5486 apostolus
1387 5419 1594 5483 scribit,
1617 5417 1862 5471 attrabor
1886 5429 1939 5472 et

375 5508 593 5562 inescor
620 5526 650 5562 a
683 5509 863 5562 carnis
902 5509 1228 5577 cupiditate;
1262 5509 1528 5577 cupiditas
1575 5519 1754 5562 autem
1805 5505 1938 5562 cen-

378 5599 506 5668 cipit
556 5614 607 5655 et
648 5602 815 5670 gignit
854 5611 1157 5671 peccatum,
1190 5613 1470 5671 peccatum
1501 5609 1678 5654 autem
1723 5601 1942 5654 absolu-

379 5699 487 5742 tutn
519 5704 763 5757 procreat
796 5706 1050 5748 mortem.
1109 5694 1190 5745 Ab
1239 5693 1497 5746 uberibus
1528 5693 1668 5744 enim
1717 5694 1844 5758 ipsis
1887 5695 1936 5744 in

382 5779 527 5832 mire
561 5784 791 5849 positurn
852 5795 954 5846 cst,
1001 5793 1060 5836 ut
1112 5800 1233 5838 cum
1289 5782 1353 5835 ad
1403 5784 1941 5852 jttcunlumqtt;rlvis

2031 3344 2342 3399 quanquam
2369 3326 2670 3390 difﬁculter,
2693 3339 2868 3379 [aditi]
2889 3327 3188 3394 perierunt,
3215 3344 3318 3381 una
3341 3345 3462 3382 cum
3492 3347 3603 3382 scr—

2035 3421 2203 3474 vitute
2219 3420 2380 3472 vitam
2405 3432 2621 3488 quoque
2653 3425 2969 3485 posuerunt,
3013 3420 3206 3486 partim
3239 3420 3443 3474 interea
3471 3437 3599 3489 peg-

2036 3511 2214 3566 nando
2235 3513 2565 3571 restiterunt,
2590 3510 2716 3563 dum
2743 3510 2902 3564 lteros
2935 3509 3078 3565 ferro
3106 3509 3422 3567 dimicantes
3455 3515 3553 3564 vid.
3577 3535 3602 3554 ι

2036 3611 2184 3670 runt,
2209 3611 2264 3655 et
2292 3602 2343 3654 in
2372 3617 2428 3656 se
2455 3600 2653 3668 pariter
2679 3601 2973 3665 irruentes;
3005 3599 3092 3654 ubi
3117 3610 3296 3654 autem
3327 3600 3403 3654 illi
3433 3602 3602 3669 depri-

2038 3694 2212 3746 nenda
2241 3700 2568 3746 censuerunt
2597 3706 2770 3756 arma,
2799 3700 2853 3745 et
2875 3689 3109 3746 inermes
3142 3690 3306 3761 ﬂagra
3341 3693 3603 3745 dunlaxat

2038 3793 2290 3852 tanquam
2353 3786 2524 3838 servis
2565 3782 2933 3847 incusserunt,
2985 3783 3166 3853 itaque
3198 3790 3520 3837 revocarunt
3549 3786 3601 3837 in

2039 3877 2381 3931 memoriam.
2405 3875 2496 3942 qui
2523 3875 2845 3942 quibuscum
2873 3875 3138 3929 auderent
3163 3890 3350 3944 gerere
3379 3875 3602 3939 bellum,

2041 3974 2154 4016 tum
2189 3965 2251 4016 ad
2281 3979 2340 4017 se
2361 3964 2595 4032 denique
2627 3966 2919 4026 redierunt,
2948 3974 2999 4017 et
3039 3966 3324 4034 pristinam
3357 3965 3609 4019 domina-

2039 4055 2240 4107 tionem
2273 4062 2627 4121 agnoverunt.
2652 4052 2764 4106 lloc
2799 4067 2924 4105 vero
2949 4067 3128 4104 meum
3162 4055 3356 4107 servile
3385 4054 3608 4108 hostile.

2041 4156 2145 4213 que
2175 4142 2378 4194 malum
2407 4150 2490 4196 est
2537 4142 2885 4208 indornabile,
2919 4141 3265 4205 seditiosum,
3295 4143 3604 4213 fugitivmtt,

2039 4233 2183 4303 quod
2232 4233 2380 4288 nullo
2420 4242 2580 4302 pacto
2615 4233 2666 4288 in"
2692 4234 3034 4301 servitutem
3068 4233 3329 4289 adducas.
3365 4233 3476 4288 Nec
3521 4252 3609 4288 ra-

1998 4305 2004 4311 ’
2042 4325 2242 4379 tionem
2297 4325 2460 4378 ullam
2512 4333 2690 4386 teneo.
2725 4335 2828 4394 qua
2865 4324 3112 4392 superior
3159 4325 3428 4390 evadant;
3483 4341 3606 4380 nam

2042 4431 2219 4486 neque
2244 4417 2366 4486 jure
2397 4417 2544 4480 belli,
2587 4433 2762 4487 neque
2789 4419 2901 4486 lege
2933 4417 3090 4486 justze
3124 4418 3404 4472 servitutis
3438 4434 3614 4486 expn-

1969 4539 2012 4594 υ
2045 4520 2210 4574 gnare
2237 4518 2478 4574 possum,
2521 4506 2614 4559 sed
2649 4517 2868 4575 quoquo
2893 4507 3052 4562 modo
3081 4506 3400 4574 congrediar
3433 4521 3500 4560 0n
3527 4507 3609 4559 ni-

2047 4594 2144 4647 bus
2179 4596 2478 4662 proverbiis
2511 4598 2745 4649 obnoxia
2815 4605 3022 4663 teneor,
3073 4597 3302 4664 lapidem
3347 4611 3606 4665 coquens,

2043 4699 2222 4739 aerem
2244 4685 2880 4755 verberans,A£tliiopem
2909 4687 3185 4751 dealbans,
3211 4686 3475 4740 flammam
3506 4703 3610 4740 ete-

2044 4777 2200 4843 dens,
2238 4777 2290 4831 in
2353 4778 2508 4848 aquis
2539 4779 2804 4838 scribens,
2848 4793 2909 4832 ex
2965 4792 3130 4831 arena
3157 4775 3454 4831 funiculum
3509 4795 3608 4829 ue-

2045 4877 2217 4925 ctens.
2248 4869 2507 4923 Ofactum
2527 4869 2837 4924 inci-edibile
2866 4870 2879 4922 l
2909 4869 3140 4922 duarum
3170 4883 3348 4922 rerum
3383 4869 3610 4923 rationis

2044 4963 2344 5032 expertiuin
2382 4973 2620 5033 potestas
2655 4978 2786 5017 mea:
2815 4963 2934 5016 lilei
2969 4964 3174 5017 credita
3223 4972 3350 5017 est:
3384 4966 3607 5018 alterius

2046 5072 2259 5112 mecum
2302 5055 2630 5109 intrinsecus
2660 5064 2712 5107 et
2745 5069 2773 5106 e
2807 5054 3128 5121 propinquo,
3178 5054 3400 5109 alterius
3430 5072 3606 5108 remo-

2049 5150 2156 5203 tius
2187 5158 2238 5201 et
2270 5146 2606 5200 extrinsecus
2637 5144 2958 5209 conjunctae.
3000 5140 3193 5196 Verum
3233 5147 3345 5198 haec
3369 5148 3608 5198 exterior

2047 5241 2361 5296 servitutem
2390 5253 2545 5306 passa
2577 5247 2661 5290 est
2699 5245 2749 5289 et
2782 5235 3100 5302 subjiciendi
3134 5237 3338 5304 legibus
3388 5239 3607 5302 acquie-

2048 5331 2152 5395 vit;
2174 5329 2378 5382 nullum
2399 5328 2541 5382 enim
2564 5326 2919 5378 animantium
2943 5324 3150 5378 ratione
3204 5325 3606 5381 destitutorum,

2048 5417 2301 5470 idOneutn
2333 5416 2650 5483 obsequium
2683 5422 2935 5480 praestare
2986 5421 3221 5476 recusat,
3270 5411 3363 5464 sed
3418 5410 3608 5477 iugum

2049 5509 2357 5575 impositum
2391 5505 2586 5558 cervici
2637 5506 2731 5575 lius
2787 5505 2945 5565 tollit,
2994 5518 3056 5557 ac
3102 5514 3257 5555 terra
3292 5501 3611 5552 crassitudi-

2051 5572 2169 5652 netu
2205 5606 2385 5650 aratro
2414 5572 2714 5663 perl'rinth,
2758 5594 2916 5660 idque
2950 5593 3094 5655 facit,
3141 5589 3446 5644 cervicibus
3481 5602 3608 5641 cor.

2049 5707 2218 5744 riuum
2251 5689 2392 5740 acies
2420 5687 2571 5754 quasi
2601 5687 2798 5738 alteras
2819 5686 3003 5736 hastas
3041 5691 3333 5750 pra-tensas
3362 5682 3606 5748 habens;

2051 5798 2220 5850 neque
2245 5778 2440 5847 levipes
2472 5793 2642 5846 equus
2666 5777 3020 5829 ministerium
3054 5774 3202 5839 fugit,
3235 5771 3322 5823 sm!
3345 5772 3497 5820 r'lizt'w
3531 5769 3606 5822 fe-
