4180 6308
573 350 675 411 937

1794 334 1840 394 G
1854 336 1898 393 ll
1912 333 2109 394 EGOR
2123 331 2177 391 II
2214 326 2542 393 ΡΑιΑιυΕ

3711 312 3827 392 ρει

576 431 668 510 ius
706 466 756 508 ct
785 452 1058 524 petulans,
1087 465 1181 506 ore
1213 459 1395 504 tamen
1425 447 1579 502 frena
1623 444 1836 514 recipit,
1874 459 2141 499 sessorem
2171 442 2218 501 Α
2248 439 2408 495 liceat
2440 438 2667 496 dicenda
2702 436 3070 501 considerare,
3102 447 3341 504 praeceps
3367 431 3430 486 ad
3465 433 3813 491 nuntiandum

574 562 628 604 et
669 561 851 616 pacem
892 543 1184 612 agitantem
1218 548 1271 594 et
1301 547 1625 610 pugnantem
1652 536 1819 591 vehit.
1853 533 2010 588 l’arct
2043 535 2145 587 asi-

578 652 704 699 nus,
739 635 863 688 licet
896 640 1090 686 natura
1146 629 1334 683 tardus
1370 628 1464 693 sit,
1526 626 1593 680 ad
1648 641 1790 680 onus
1822 623 2144 694 portandum

577 739 800 783 vocatus
834 743 848 787 ς
880 732 936 779 et
977 720 1430 794 quemadmodum
1466 717 1749 773 ferocitate
1785 717 2144 772 exsultantem

572 835 775 885 equum
809 815 1049 878 coercui,
1102 814 1285 866 itidem
1335 810 1707 865 tardissimum
1743 809 1956 862 asinum
1989 806 2146 860 adhi-

574 910 688 963 bito
717 909 895 978 puello
921 918 975 960 et
1009 904 1151 958 fuste
1172 901 1490 955 celeriorem
1522 897 1647 953 feci.
1681 897 1820 961 Ouid
1849 897 1963 951 Itzec
1992 911 2145 949 man—

572 1000 816 1055 sui-facta
846 1010 1043 1066 pecora
1072 1003 1126 1049 et
1164 991 1469 1061 subjugalia
1500 990 1648 1044 dico?
1676 989 1791 1043 Non
1824 1003 2002 1052 ursus,
2038 1001 2145 1040 non

577 1091 835 1159 pnt'dalis,
863 1089 1103 1141 ferarum
1141 1083 1545 1147 itutnitissimae,
1579 1095 1687 1134 non
1733 1080 1848 1148 ipse
1888 1078 2147 1147 elephan-

578 1192 688 1245 tus,
723 1178 1094 1249 magnitudine
1124 1190 1348 1245 aggeres
1379 1182 1536 1226 terrae
1586 1186 1870 1241 superans,
1910 1185 2016 1224 non
2040 1169 2143 1232 leo,

580 1287 673 1324 rex
730 1269 1022 1337 agrestium
1072 1263 1454 1327 animantium,
1516 1270 1763 1316 nostrum
1844 1260 2148 1314 detrectant

578 1361 903 1427 imperium:
940 1356 1035 1411 sed
1065 1364 1118 1409 et
1155 1357 1207 1407 itt
1246 1352 1474 1407 urbibus
1508 1368 1604 1423 per
1638 1353 1815 1406 forum
1849 1360 1901 1405 et
1938 1351 2146 1403 lhralra

572 1451 746 1513 ducti,
779 1447 1178 1518 spectatoribus
1197 1446 1386 1500 otiosis
1414 1444 1745 1514 voluptatem
1771 1457 1894 1497 cum
1927 1453 2147 1509 stupore

574 1551 631 1595 et
666 1540 928 1594 miraculo
976 1538 1237 1608 praebent.
1282 1534 1469 1603 Neque
1502 1534 1829 1590 sublimibus
1863 1532 2055 1586 avibus
2077 1534 2144 1586 ad

576 1632 759 1700 fugant
797 1630 936 1686 satis
968 1629 1070 1684 fuit
1092 1631 1235 1684 aeris
1272 1629 1457 1698 ingens
1490 1626 1718 1682 altitudo
1746 1644 1761 1681 :
1789 1638 1847 1680 ut
1869 1640 2044 1688 neque
2067 1624 2149 1694 pi-

576 1726 764 1779 scibus
793 1723 862 1778 ad
888 1723 1126 1778 latebras
1161 1721 1651 1793 profundissimum
1686 1722 1853 1775 maris
1887 1719 2142 1784 fundum,

578 1830 642 1868 ac
669 1814 772 1869 hoc
821 1812 1052 1868 rationis
1082 1826 1298 1882 expers,
1337 1810 1573 1866 ferinum
1628 1818 1683 1865 et
1713 1808 2033 1872 belluinum,
2069 1810 2141 1863 ita

581 1904 1048 1960 mansuefacimus
1092 1912 1151 1957 ut
1183 1916 1272 1956 res
1305 1900 1430 1968 fert,
1456 1910 1511 1956 et
1552 1901 1876 1956 domamus;
1907 1900 2140 1955 alterum

581 2010 710 2051 vero
746 2009 918 2065 genus
949 1992 1305 2049 domesticum
1325 1999 1379 2047 et
1411 1992 1499 2046 cui
1533 1992 1876 2045 continenter
1902 1990 2143 2045 insidere

580 2088 736 2142 llOblS
781 2085 1156 2155 praescriptum
1205 2091 1291 2139 est
1340 2082 1505 2153 idque
1537 2082 1832 2148 moderari,
1866 2081 2144 2137 nescimus

576 2191 814 2248 quonam
846 2186 1005 2247 pacto
1052 2174 1390 2244 mitigemus,
1440 2185 1494 2228 et
1522 2175 1592 2228 ad
1637 2174 1996 2230 obediendum
2029 2175 2142 2230 cle-

578 2276 792 2322 menter
826 2265 1206 2332 adducamus;
1238 2270 1293 2318 ει
1321 2273 1503 2320 tamen
1539 2278 1711 2333 genus
1761 2262 1895 2318 illud
1949 2258 2141 2317 natu'ra

575 2371 801 2428 prorsus
830 2356 897 2411 ad
928 2356 1195 2410 rationem
1228 2354 1607 2411 obsurdescit:
1640 2353 1743 2409 hoc
1768 2355 2065 2418 auscultat,
2093 2363 2141 2409 ct

579 2447 742 2500 modo
778 2445 1013 2514 quodam
1046 2442 1114 2497 ad
1146 2457 1265 2498 eam
1314 2443 1676 2509 convertitur,
1732 2451 1789 2496 at
1816 2441 1963 2511 quod
1995 2456 2024 2495 a
2062 2458 2147 2495 ra-

579 2538 725 2591 tione
750 2536 984 2590 alienutn
1010 2543 1091 2589 est
1115 2533 1359 2598 omnino,
1390 2532 1588 2587 rationi
1616 2532 1787 2603 magis
1809 2532 2148 2604 obsequitur,

578 2643 740 2697 quam
772 2625 917 2694 quod
950 2634 1142 2678 natura
1178 2621 1470 2693 insigniter
1497 2632 1551 2676 et
1576 2621 1794 2677 ducitur
1816 2624 2047 2680 ratione.
2079 2625 2145 2679 ll-

577 2719 671 2775 Iud
702 2732 920 2789 quoque
962 2716 1269 2786 suppeditat
1301 2728 1355 2770 et
1401 2715 1586 2770 labore
1617 2730 1715 2771 suo
1747 2725 1900 2786 parat
1933 2720 2148 2789 corpori

581 2808 897 2878 profutura:
928 2819 1128 2875 corpus
1163 2816 1288 2858 vero
1317 2804 1520 2858 auxilio
1543 2804 1678 2859 mihi
1706 2805 1890 2860 datum
1930 2808 1995 2861 ad
2046 2810 2147 2863 ob~

580 2906 759 2956 eunda
791 2896 1208 2969 praeclarissima
1238 2894 1455 2949 virtutis
1473 2911 1723 2961 munera,
1742 2900 2074 2953 contrarium
2093 2911 2147 2954 et

576 2987 751 3056 magis
784 2985 1024 3039 renitens
1053 2981 1510 3051 deprehenditur:
1548 2984 1837 3053 pmiusque
1871 2993 1929 3038 ut
1958 3001 2142 3041 secum

579 3077 825 3130 aberrent
859 3088 890 3128 a
920 3074 1152 3137 ratione,
1184 3087 1347 3142 quam
1378 3084 1434 3127 ut
1468 3086 1680 3128 mecum
1715 3074 1893 3144 ipsum
1925 3091 2031 3131 una
2061 3093 2146 3131 ra-
2171 3110 2214 3167 ε

579 3167 728 3221 tione
762 3173 964 3228 utatur,
1006 3163 1059 3217 vi
1091 3162 1254 3235 cogit.
1285 3164 1360 3217 Ac
1392 3164 1645 3233 superius
1678 3166 1947 3235 esplicata
1979 3182 2141 3223 causa

579 3269 659 3310 est
689 3273 705 3310 :
757 3255 901 3323 quod
945 3268 1067 3309 cum
1099 3265 1243 3308 esset
1276 3253 1407 3307 mihi
1451 3253 1786 3308 honorilicus
1820 3265 1996 3322 ortus,
2034 3274 2141 3313 non

580 3350 816 3404 intellexi
875 3348 1135 3416 primum,
1165 3346 1375 3402 scilicet
1395 3350 1519 3402 cum
1544 3346 1692 3401 fatua
1719 3349 2012 3403 caruncula
2036 3365 2143 3403 una

581 3441 890 3513 iuveniliter
947 3439 1241 3509 desipiens,
1287 3436 1402 3493 sive
1433 3451 1560 3491 cum
1596 3438 1838 3494 materias
1870 3440 2143 3505 sordibus,

583 3542 640 3586 ιιι
663 3531 1040 3587 Chaldaeorum
1063 3530 1245 3584 verbis
1266 3540 1408 3593 utar,
1439 3538 1493 3584 et
1513 3529 1827 3599 quisquiliis
1865 3531 2027 3585 simul
2050 3535 2143 3586 de-

582 3638 783 3688 mersa,
819 3630 874 3678 et
910 3622 1057 3677 velut
1112 3630 1355 3675 ostreato
1413 3620 1731 3675 indumento
1785 3621 2143 3687 circumdata,

581 3712 995 3781 comparatione
1041 3709 1508 3778 similitudineque
1552 3709 1789 3779 pecudes
1827 3718 1881 3764 et
1906 3721 2146 3767 amentes

580 3810 805 3856 naturas
846 3801 1045 3864 refero,
1079 3800 1255 3855 serius
1280 3806 1461 3855 tamen
1495 3799 1791 3868 intelligere
1820 3801 2063 3868 demens,
2093 3813 2147 3856 et

579 3894 771 3950 stolida
796 3893 1088 3962 aliquando
1112 3906 1303 3961 sapere
1328 3893 1613 3960 incipiens,
1637 3890 1852 3946 adnitor
1878 3892 2010 3947 mihi
2039 3893 2149 3962 pri-

584 3985 858 4041 mordium
917 3982 1248 4039 conveniens
1299 3982 1601 4050 vindicare,
1655 3983 1873 4054 corpori
1917 3984 2147 4054 ejusque

584 4076 848 4131 membris
884 4074 1154 4145 imperare
1185 4088 1309 4129 cum
1330 4073 1563 4139 ratione,
1595 4081 1650 4129 et
1702 4074 1768 4128 ad
1804 4088 2002 4128 munus
2025 4074 2145 4128 cui-

578 4179 688 4237 que
710 4181 1017 4237 congruens
1044 4179 1318 4222 revocare.
1350 4165 1443 4220 llla
1479 4172 1659 4222 tamen
1690 4165 1806 4235 ipsa
1840 4181 2145 4221 sermonem

582 4259 748 4314 etiam
801 4257 1258 4327 praeoccupanda,
1310 4257 1469 4326 plane
1522 4255 1681 4312 factis
1742 4257 2150 4325 proclamarunt

582 4367 704 4423 quae
732 4352 878 4408 cives
903 4350 1070 4405 nobili
1106 4350 1241 4412 viro.
1262 4357 1324 4403 ut
1355 4356 1441 4404 est
1465 4349 1516 4403 in
1538 4339 1844 4419 evangelica
1871 4351 2145 4417 parabula,

2251 547 2351 585 sua
2388 526 2584 600 sponte
2616 528 2861 598 prmsilit,
2899 527 3033 582 foris
3061 526 3343 589 effutiens,
3372 542 3493 594 quur
3529 542 3637 579 non
3669 543 3817 595 opor-

2251 627 2326 672 tet
2378 636 2393 672 :
2462 618 2674 673 tametsi
2709 627 2786 672 tot
2837 618 3004 686 septis
3046 625 3253 670 natura:
3293 615 3703 671 circttmvallata
3733 619 3816 674 sit.

2248 707 2389 774 Quid
2422 724 2551 762 vero
2582 709 2702 779 gula
2734 707 2936 762 canalis
2961 706 3178 776 quidam
3204 706 3448 759 omnium
3477 708 3675 776 capax?
3700 710 3819 776 quid

2249 797 2528 853 insaniens
2551 798 2844 867 furensque
2889 796 3141 865 tangendi
3169 796 3408 851 sensus?
3433 797 3703 854 rationine
3729 814 3821 854 au-

2248 888 2487 942 scultare
2533 887 2703 952 novit,
2736 897 2792 941 et
2846 884 3161 956 appetitioni
3225 885 3444 940 modum
3474 887 3822 943 constituere?

2249 978 2390 1044 Quid
2420 992 2548 1032 vero
2574 993 2690 1042 cor,
2724 992 2848 1033 cum
2913 975 3282 1032 eﬂervescens
3329 987 3384 1032 et
3441 978 3507 1033 ad
3566 979 3819 1035 ultionem

2252 1071 2542 1124 incitatum
2597 1070 3001 1125 tumultuatur?
3042 1069 3186 1140 quod
3233 1070 3588 1139 quamobrem
3632 1075 3822 1128 canino

2248 1162 2355 1216 ritu
2387 1161 2594 1217 latrans
2644 1161 2864 1216 llomeri
2900 1176 3094 1232 poema
3124 1160 3337 1224 fecerit,
3388 1176 3453 1217 ac
3494 1177 3603 1217 non
3651 1166 3823 1232 potius

2250 1251 2470 1307 leonino
2496 1268 2644 1308 more
2686 1254 2925 1324 rugiens,
2969 1270 2998 1307 a
3025 1255 3245 1319 tmiror;
3275 1264 3552 1323 postremo
3587 1260 3821 1312 animosa

2250 1342 2518 1411 particula
2549 1343 2798 1413 cupiendi
2821 1345 2907 1398 cui
2936 1345 3034 1398 rite
3060 1347 3363 1415 comparari
3380 1347 3589 1416 possit?
3614 1347 3825 1420 Scylla).

2252 1451 2341 1502 ne,
2381 1437 2675 1491 immortali
2728 1437 3026 1506 perniciei,
3062 1452 3129 1491 an
3161 1440 3469 1493 renascenti
3506 1441 3733 1506 hydrae?
3762 1459 3822 1499 an

2249 1522 2499 1593 Typhoni
2526 1525 2797 1594 capitibus
2821 1534 3041 1579 centum
3069 1524 3341 1593 praedito?
3367 1524 3473 1579 Tot
3499 1528 3825 1585 instrumen-

2252 1623 2433 1669 torum
2483 1616 2781 1680 barathris,
2830 1624 2885 1669 et
2931 1624 3149 1669 artuum
3183 1615 3359 1683 vallis,
3411 1618 3657 1687 undique
3711 1636 3823 1676 mea

2250 1716 2512 1776 consepta
2537 1716 2622 1763 est
2650 1707 2814 1762 altius
2852 1707 3153 1761 habitatio:
3186 1707 3242 1761 in
3278 1707 3476 1775 quibus
3503 1709 3757 1766 absurda:
3780 1724 3826 1768 et

2254 1798 2482 1853 rationis
2531 1809 2781 1868 expertes
2824 1798 3135 1864 facultates,
3179 1802 3328 1855 velut
3380 1802 3682 1857 0tnnimodi
3720 1819 3827 1859 ser-

2247 1899 2439 1959 pentes
2466 1890 2518 1943 iu
2553 1890 2743 1945 ferinis
2767 1889 2951 1961 Libym
2976 1892 3274 1962 speluncis,
3302 1893 3551 1948 latitant:
3580 1912 3723 1962 quas
3752 1899 3824 1953 ci—

2249 1990 2444 2031 curare
2501 1976 3027 2047 mansuefacerequc
3056 1978 3345 2047 pollicetur
3374 1979 3464 2033 illa
3495 1981 3717 2046 quidem
3750 1984 3826 2037 di-

2252 2067 2432 2136 gnitas
2488 2066 2793 2135 imaginis;
2854 2077 2910 2122 at
2969 2068 3016 2122 si
3080 2084 3188 2139 qua
3249 2085 3468 2125 sursum
3524 2085 3825 2138 emergunt,

2250 2158 2503 2212 deorsum
2534 2172 2641 2212 una
2666 2158 3084 2226 convolvuntur,
3107 2177 3229 2214 nam
3259 2161 3535 2233 illamagis
3561 2163 3825 2220 fero-ciunt

2248 2264 2500 2319 saepeque
2538 2263 2767 2304 numero
2785 2250 3101 2304 efferantur.
3136 2251 3293 2318 Quod
3320 2267 3411 2306 vos
3449 2268 3669 2322 qucque
3710 2262 3805 2310 sub

2247 2338 2566 2401 sentientes,
2621 2345 2677 2392 et
2710 2353 2779 2392 ne
2833 2339 2965 2409 quid
3015 2339 3142 2394 inde
3182 2341 3309 2395 mali
3360 2341 3517 2396 vobis
3562 2346 3827 2400 accideret

2250 2438 2528 2495 caventes,
2581 2443 2646 2483 ex
2706 2428 2987 2483 hOminum
3037 2432 3187 2483 omni
3241 2433 3540 2496 consertio,
3593 2432 3824 2488 fetarum

2249 2517 2532 2574 altricibus
2567 2519 2702 2574 lucis
2736 2520 3035 2589 occupatis,
3073 2535 3166 2575 vos
3209 2521 3561 2578 adducendus
3616 2525 3827 2580 censui-

2246 2611 2368 2672 stis.
2396 2622 2547 2665 antra
2572 2609 2689 2666 suis
2717 2612 3042 2681 tegumentis
3072 2613 3305 2676 munita,
3366 2623 3633 2684 terraeque
3675 2630 3828 2684 pene-

2253 2703 2409 2756 tralia
2443 2702 2573 2758 solis
2605 2702 2775 2757 radiis
2819 2702 3085 2772 impervia
3134 2704 3456 2766 subeuntes,
3490 2720 3584 2773 per
3615 2708 3825 2762 deserta

2252 2803 2404 2847 vasta
2437 2793 2540 2846 sub
2575 2792 2667 2848 dio
2700 2792 2932 2863 vagatis,
2965 2804 3022 2846 ut
3052 2794 3300 2862 corporis
3326 2795 3584 2852 sensibus
3619 2799 3684 2851 ad
3718 2814 3826 2853 nia-

2253 2887 2429 2938 lorum
2466 2886 2746 2954 ingressus
2773 2884 3089 2947 obstructis,
3125 2901 3250 2955 pars
3283 2886 3367 2939 illa
3398 2889 3608 2946 ratione
3637 2906 3827 2945 carea-

2251 2977 2318 3029 tis
2346 2976 2511 3030 animi
2546 2975 2832 3040 ferociens,
2867 2976 3141 3031 alimentis
3183 2978 3447 3034 destituta
3481 2982 3753 3051 quiescat.
3776 2994 3827 3036 et

2249 3068 2473 3121 rationis
2502 3072 2769 3137 cetnput‘s
2825 3085 2949 3138 pars
2998 3070 3328 3139 intelligens,
3392 3087 3422 3125 a
3474 3088 3652 3126 rerum
3716 3076 3821 3129 sub

2246 3174 2468 3215 sensum
2507 3161 2816 3214 cadentium
2850 3160 3355 3229 perturbationibus
3399 3178 3622 3228 vacans,
3645 3167 3821 3221 otiosa

2246 3251 2409 3306 rebus
2446 3251 2799 3322 intelligentia
2831 3252 2945 3307 sola
2979 3253 3340 3322 percipiendis
3383 3255 3686 3312 incumbat.

2298 3343 2448 3397 ‘Esto
2477 3343 2557 3399 sic
2586 3359 2719 3398 sane
2747 3361 2759 3397 :
2800 3343 3051 3412 equidem
3085 3343 3171 3400 his
3218 3346 3407 3414 paucis
3456 3348 3821 3403 dentnnstravi

2248 3434 2448 3503 palam,
2479 3443 2683 3504 quanta
2712 3434 2908 3490 servile
2934 3450 3134 3504 corpus
3166 3436 3221 3490 in
3255 3450 3339 3490 me
3364 3436 3682 3505 juveniliter
3712 3455 3823 3493 mo-

2250 3527 2444 3580 liatur:
2474 3528 2616 3596 quod
2649 3527 2863 3583 tametsi
2901 3528 3087 3581 talium
3121 3528 3443 3597 injurtarum
3477 3542 3667 3584 auctor
3718 3548 3824 3585 ma-

2248 3619 2441 3674 nifeste
2472 3619 2799 3686 revincatur,
2835 3634 2942 3675 non
2987 3630 3166 3675 tamen
3197 3620 3497 3678 abstinebit
3523 3628 3823 3693 quominus

2247 3719 2433 3761 contra
2460 3709 2762 3763 etiamnum
2814 3710 2981 3774 dicat,
3014 3711 3189 3781 qualia
3227 3727 3607 3782 sa-penumcro
3658 3716 3823 3772 liber-

2253 3800 2390 3853 rime
2421 3799 2672 3865 dicendo,
2715 3814 2824 3854 non
2868 3803 3150 3857 mutiendo
3178 3802 3287 3857 ritu
3335 3819 3640 3870 servorum,
3673 3808 3826 3863 inso-

2252 3890 2447 3944 lentius
2472 3890 2669 3946 audet:
2694 3891 2765 3945 ita
2795 3892 3051 3946 nimirum
3082 3895 3419 3949 omnibusin
3449 3900 3633 3963 rebus,
3664 3900 3821 3970 quasi

2251 3992 2445 4037 natura
2475 3983 2668 4038 hostile
2693 3983 2829 4039 mihi
2856 3985 3131 4051 renititur,
3162 3986 3322 4042 fat-tis
3358 3988 3627 4058 dictisque
3655 4008 3822 4062 repu-

2248 4090 2440 4143 gnans,
2470 4084 2524 4131 et
2569 4076 2815 4141 omnino,
2865 4077 3073 4132 nullum
3111 4079 3163 4131 in
3215 4089 3454 4149 pactum,
3507 4084 3724 4140 nullum
3768 4084 3822 4139 in

2250 4166 2425 4221 ftedus
2442 4166 2647 4221 coiens.
2667 4166 2852 4237 Itaque
2870 4168 3165 4238 quidquam
3195 4185 3382 4224 eorum
3411 4187 3647 4241 quorum
3675 4191 3823 4231 nunc

2250 4264 2557 4322 accusatur,
2590 4272 2655 4310 ac
2684 4257 2739 4311 in
2789 4259 2979 4327 primis
3017 4260 3141 4315 illos
3169 4261 3418 4315 ciborum
3467 4268 3818 4332 pereuntium

2250 4347 2514 4420 malignos
2539 4357 2801 4417 quaestus,
2839 4356 2894 4402 et
2924 4359 3238 4419 perpetuam
3275 4353 3615 4408 exactionem
3646 4372 3713 4411 se
3738 4356 3821 4410 vel

583 4457 679 4512 per
726 4443 932 4513 legatos
975 4454 1115 4509 quos
1163 4440 1406 4502 miserat,
1453 4441 1817 4494 nuntiarunt:
1853 4438 2146 4496 «Nolumus
2179 4432 2224 4488 ι)
2251 4452 2411 4508 agere
2442 4438 2525 4493 vel
2562 4441 2666 4508 pati
2708 4448 3029 4509 negaturum
3066 4450 3168 4496 est.
3195 4438 3330 4495 Nam
3362 4457 3485 4497 cum
3519 4444 3589 4499 sit
3621 4456 3820 4500 natura

582 4541 644 4586 ut
663 4542 718 4585 ttt
742 4544 933 4601 regnes
955 4529 1009 4583 in
1032 4527 1208 4595 nobis;
1242 4545 1262 4579 ι
1289 4528 1489 4583 ducunt
1505 4528 1647 4582 enim
1670 4529 1831 4585 citius
1853 4545 2015 4599 quam
2044 4530 2144 4584 du-

550 4634 563 4642 '
583 4629 802 4686 cuntur,
830 4620 1244 4687 renitunturque
1272 4616 1631 4675 familiaribus
1657 4627 1711 4674 et
1734 4621 1926 4675 amicis
1963 4622 2143 4690 potius

580 4726 742 4781 quam
765 4712 1182 4779 asciscuntquae
1208 4718 1335 4764 sunt
1377 4709 1613 4778 optima:
1648 4711 1928 4782 magisque
1968 4722 2143 4766 retra-

583 4799 718 4856 hunt
739 4817 899 4870 quam
922 4802 1233 4856 trahuntur.
1264 4799 1440 4871 Atque
1462 4801 1595 4855 mihi
1623 4803 1984 4868 considerate,
1999 4818 2146 4872 qua:-
2185 4852 2192 4859 .

582 4909 668 4959 so,
687 4893 919 4963 primum
935 4907 1096 4947 aures
1114 4892 1390 4948 etoculos:
1404 4892 1593 4959 illae,ut
1607 4892 1950 4949 Ecclesiastae
1964 4894 2143 4949 verbis

578 4993 719 5049 utar,
749 4984 1042 5049 audiendo,
1074 4984 1125 5037 hi
1155 4984 1382 5055 videndo
1411 4999 1517 5039 non
1548 4985 1848 5052 satiantur;
1881 4986 2142 5056 quoniam

580 5074 688 5129 illis
728 5091 940 5144 semper
974 5075 1283 5144 patentibus
1317 5074 1461 5130 fores
1508 5074 1798 5130 occludere
1831 5091 1941 5131 non
1978 5077 2140 5144 licet;

582 5167 669 5224 his
727 5181 1037 5237 quanquam
1089 5165 1468 5236 palpebrarum
1520 5174 1889 5235 tegumentum
1941 5168 2140 5222 vallum

575 5264 683 5320 est,
710 5263 764 5308 et
783 5253 1019 5317 aversio,
1047 5266 1113 5306 ex
1129 5254 1393 5308 sententia
1427 5253 1606 5324 magni
1637 5251 1759 5321 Job,
1784 5254 2143 5324 dispositione

579 5361 713 5399 vana
742 5344 979 5408 videant,
1014 5343 1143 5413 quid
1186 5352 1367 5398 tamen
1400 5344 1513 5399 haec
1555 5343 1623 5398 ad
1671 5359 1859 5398 eorum
1896 5360 2142 5400 momen-

582 5447 694 5491 tum
732 5434 1199 5506 promptissimum
1227 5447 1281 5489 et
1309 5436 1652 5489 celerrimum
1702 5451 1865 5505 supra
1899 5437 2140 5499 modum,

580 5539 636 5583 et
675 5527 1054 5597 inexplebilem
1088 5527 1458 5580 curiositatem
1475 5525 1850 5596 Weindcque
1879 5528 2137 5597 linguam,

587 5621 900 5674 ndomabile
931 5607 1153 5682 malum,
1189 5617 1445 5671 mundum
1476 5617 1795 5688 iniquitatis,
1823 5629 1881 5673 ut
1904 5618 2138 5675 Iacobus

582 5708 746 5764 iratcr
777 5708 867 5763 Dci
906 5709 1183 5777 loquitur:
1215 5721 1335 5777 quae
1367 5706 1528 5761 etiam
1562 5707 1710 5775 prltts
1742 5724 1902 5777 quam
1941 5710 2135 5764 rationi

2250 4529 2612 4598 compositum
2647 4540 2703 4583 et
2729 4544 2942 4599 semper
2963 4528 3161 4596 fluens,
3213 4533 3485 4589 meatibus
3515 4542 3630 4589 tum
3664 4538 3822 4593 abdi-

2252 4621 2343 4685 tis,
2370 4629 2481 4673 tum
2507 4620 2722 4690 apertis,
2756 4622 3063 4676 necessario
3087 4623 3503 4691 respondentem
3528 4627 3819 4684 inanitioni

2255 4709 2611 4778 repletionem
2644 4710 2897 4778 requirit,
2924 4727 3086 4781 quam
3134 4728 3258 4767 cum
3306 4731 3413 4772 non
3463 4720 3625 4774 aliter
3654 4738 3817 4792 quam

2251 4815 2350 4870 per
2371 4801 2521 4857 cibos
2548 4809 2602 4855 et
2633 4812 2793 4871 potus
2822 4812 3016 4858 natura
3072 4806 3255 4861 molita
3300 4810 3391 4873 sit,
3437 4811 3646 4867 idcirco
3685 4812 3827 4868 nihil

2250 4906 2309 4946 se
2338 4906 2560 4960 peccare
2586 4891 2751 4959 dicet,
2784 4902 2991 4948 naturae
3022 4896 3231 4965 legibus
3256 4900 3572 4968 sequendis,
3597 4913 3654 4958 et
3694 4921 3819 4974 qua:

2248 4994 2447 5038 statum
2483 4995 2801 5039 conservent
2827 4987 3165 5055 appetendis.
3196 4989 3242 5042 si
3280 4990 3348 5044 ad
3392 4999 3606 5061 tempus
3636 4994 3818 5064 legiti-

2250 5088 2398 5126 mum
2435 5073 2701 5142 sullicere,
2728 5090 2828 5131 nec
2853 5077 2993 5130 male
3008 5078 3225 5135 habere.
3250 5094 3409 5147 egere
3432 5084 3667 5149 medico,
3691 5099 3815 5136 om-

2250 5164 2382 5220 nino
2433 5166 2708 5222 defessum
2740 5168 3054 5237 concidere,
3082 5172 3460 5245 jacturamque
3496 5189 3687 5230 earum
3723 5191 3817 5228 ac-

2249 5257 2458 5311 tionum
2513 5258 2691 5315 facere
2741 5276 2878 5330 quas
2950 5262 3147 5317 mentis
3206 5277 3373 5319 causa
3430 5280 3554 5319 cum
3622 5268 3818 5320 labore

2248 5350 2570 5418 susceperit,
2592 5350 2740 5405 velit.
2771 5351 2834 5407 lli
2867 5366 3016 5417 vero,
3045 5352 3121 5413 bi.
3147 5352 3402 5423 inquam,
3434 5355 3575 5409 beati
3595 5354 3817 5422 iudices

2248 5439 2434 5494 usitati
2463 5441 2673 5510 corpori
2706 5456 2824 5498 meo
2849 5451 3139 5512 pratextus
3159 5453 3307 5509 sunt,
3339 5444 3384 5500 si
3404 5445 3621 5513 quando
3655 5444 3819 5499 dela-

2242 5518 2382 5584 bens
2432 5542 2526 5583 aut
2580 5532 2792 5587 irruens
2819 5538 2884 5586 ad
2912 5534 3185 5588 lasciviam
3228 5533 3384 5590 freno
3414 5539 3537 5590 vitae
3568 5517 3816 5591 durioris

2250 5636 2518 5677 revocent.
2570 5621 2639 5677 Ut
2692 5625 2834 5678 enim
2885 5624 3150 5679 lactantes
3201 5626 3439 5681 infantes
3488 5642 3518 5680 a
3568 5640 3813 5680 mamma

2245 5711 2452 5781 depulsi
2484 5714 2694 5779 plorant
2724 5752 2739 5780 ,
2771 5713 2952 5770 itidem
2986 5728 3040 5769 ct
3082 5717 3185 5771 hoc
3215 5717 3282 5771 ab
3323 5718 3391 5772 iis
3422 5717 3614 5788 quibus
3648 5716 3815 5771 fatni«
