4180 6308
348 322 459 387 ςεθ

1688 303 2274 381 raosoror'uire.

3518 319 3629 384 970

328 430 539 490 liari‘ter
569 443 849 493 assuetum
878 443 1018 504 erat,
1050 435 1300 493 avulsum
1336 436 1506 510 luget,
1544 445 1598 493 ct
1625 437 1916 507 indignans
1945 442 1990 498 Α
2022 437 2346 508 quidquam,
2379 432 2482 487 nisi
2515 434 2641 504 quis
2673 444 2904 490 mortem
2939 435 3208 490 malorum
3237 435 3484 493 omnium
3531 442 3630 494 d'o.

327 532 689 601 obstupescit,
717 533 938 589 morbos
965 542 1019 588 et
1051 532 1253 587 vinculi
1283 534 1395 604 quo
1419 534 1564 589 inter
1587 546 1691 588 nos
1707 532 1916 601 colliga-

327 639 454 678 mur
502 623 948 693 dissolutionem,
989 642 1280 684 excessum
1335 643 1367 683 e
1399 627 1508 682 vita
1554 624 1844 696 injustum,
1874 633 1930 679 et

331 718 402 772 ab
431 717 768 788 agendarum
805 734 989 773 rerum
1022 721 1223 775 studiis
1257 720 1620 777 cessationem
1651 718 1925 788 cogitans.

331 809 468 865 Nam
502 809 650 881 quod
676 810 790 866 haec
812 811 1106 867 manifesta
1136 813 1335 880 ironia,
1367 811 1792 876 dissimulantia,
1825 824 1931 865 ter-'-

335 903 632 976 giversatio
684 911 740 956 et
784 910 1005 958 versuta
1045 905 1322 958 recusatio
1372 904 1468 970 sit,
1514 902 1669 956 vobis
1707 911 1817 957 nun
1849 910 1932 956 est

335 997 576 1066 ignotum
615 993 708 1062 qui
751 991 1092 1063 experiundo
1125 992 1419 1060 didicistis,
1464 1001 1518 1048 et
1545 991 1724 1048 edocti
1767 990 1928 1054 estis,

333 1097 587 1142 naturam
631 1085 904 1156 corporis,
940 1086 995 1138 in
1042 1085 1211 1140 rebus
1242 1085 1490 1140 honestis
1520 1095 1743 1154 operam
1778 1089 1833 1138 et
1854 1081 1932 1138 la-

333 1181 525 1235 borem
560 1177 945 1250 impendenda,
979 1179 1036 1233 in
1063 1187 1318 1234 naturam
1359 1176 1720 1247 impatibilem
1772 1177 1932 1245 quasi

333 1274 544 1328 ferrum
577 1282 632 1328 et
655 1273 1005 1328 adamantem
1039 1271 1414 1336 indurescere;
1444 1267 1592 1340 quod
1644 1273 1779 1322 vero
1820 1281 1932 1322 non

330 1381 434 1437 pro
455 1366 667 1421 foribus
696 1365 809 1419 haec
839 1364 1117 1419 contentio
1147 1363 1238 1427 sit,
1261 1362 1316 1416 id
1343 1374 1560 1433 quoque
1582 1360 1930 1430 perspichum

334 1461 554 1517 tametsi
587 1467 693 1522 est,
727 1457 1071 1529 argumentis
1100 1455 1378 1512 revincam
1401 1455 1825 1526 expositumque
1878 1462 1933 1508 et

334 1553 562 1624 planum
608 1549 832 1604 faciam.
869 1545 992 1602 Non
1031 1561 1166 1602 sane
1194 1560 1430 1616 prorsus
1476 1544 1620 1616 quod
1669 1544 1934 1599 nutriaris

335 1655 516 1714 neque
551 1641 696 1713 quod
732 1639 1033 1695 nutriendo
1063 1638 1287 1706 laateris,
1317 1653 1349 1693 ο
1378 1635 1658 1708 stupidum
1709 1647 1931 1705 corpus,

331 1733 741 1788 criminamur:
800 1744 866 1784 ea
929 1728 1296 1784 criminamur
1350 1727 1552 1798 quibus
1609 1726 1771 1782 malis
1841 1733 1934 1780 aut

341 1824 638 1889 aiiicimur,
686 1831 782 1877 aut
825 1822 1132 1878 deteriores
1188 1821 1370 1876 timus.
1400 1819 1536 1887 Quis
1565 1818 1712 1874 enim
1750 1826 1932 1873 mente

337 1920 626 1992 praeditus,
657 1926 714 1972 et
742 1923 953 1971 naturae
984 1915 1228 1971 rationes
1259 1915 1342 1970 vel
1395 1913 1749 1968 mediocriter
1792 1927 1930 1967 con-

333 2009 651 2079 tetnplatus,
689 2005 994 2071 maledictis
1017 2006 1245 2075 impetat
1280 2019 1403 2060 cum
1436 2005 1574 2060 alias
1620 2003 1930 2066 facultates,

335 2109 454 2157 tum
486 2099 722 2154 maxime
749 2097 999 2152 altrices?
1026 2095 1286 2151 Alimenti
1318 2096 1552 2151 abusum
1583 2096 1827 2165 exlegem
1873 2094 1931 2150 in

337 2187 551 2242 deliciis
599 2175 658 2241 et
706 2185 1139 2255 inexplebilitate
1169 2185 1648 2254 reprehendimus.
1679 2185 1799 2240 Non
1829 2200 1932 2241 au-

335 2289 445 2334 tem
478 2278 618 2334 idem
649 2286 734 2333 est
769 2277 948 2349 τρυφή
983 2275 1129 2347 quod
1159 2277 1356 2346 τροφή,
1390 2276 1600 2332 deliciae
1649 2277 1796 2347 quod
1828 2275 1930 2330 ali-

336 2380 602 2436 mentum,
635 2369 731 2425 sed
759 2369 988 2422 alterum
1018 2367 1089 2422 ab
1111 2367 1284 2421 altero
1315 2365 1661 2437 longinribus
1683 2365 1934 2420 intersti-

337 2459 430 2514 tiis
453 2457 807 2528 diliertquam
825 2456 1100 2527 Mysorum
1118 2464 1173 2511 et
1196 2457 1472 2527 Phrygum
1496 2455 1632 2513 fines
1652 2454 1934 2524 differunt,

340 2551 562 2606 tametsi
618 2551 900 2606 vicinitate
952 2551 1242 2606 nominum
1276 2565 1342 2606 ea
1372 2553 1764 2622 propemodum
1804 2566 1934 2609 cono

337 2644 602 2712 veniant;
631 2651 686 2698 tu
714 2657 846 2698 vero
874 2642 1245 2714 autstupidis,
1274 2651 1371 2698 aut
1396 2643 1657 2713 malignis
1685 2644 1935 2701 muribus

339 2736 656 2806 praeditum,
689 2736 1100 2791 accusationem
1134 2735 1342 2791 abusus
1376 2735 1445 2790 ad
1478 2735 1749 2792 naturalis
1799 2751 1933 2793 usus

343 2829 682 2884 calumniam
739 2829 1077 2884 traduxisti:
1111 2828 1363 2899 idemque
1415 2836 1510 2883 aut
1540 2829 1788 2894 nescisti,
1839 2837 1934 2884 aut

345 2931 402 2976 te
431 2922 644 2977 nescire
685 2930 899 2976 versute
953 2921 1251 2988 simulasti,
1307 2920 1477 2976 veluti
1525 2935 1629 2977 nos
1678 2920 1932 2976 adulterii

341 3013 431 3068 vel
468 3012 750 3068 ebrietatis
783 3023 1108 3067 accusantes
1146 3011 1482 3083 quempiam,
1513 3011 1934 3068 calumniareris

2032 528 2298 582 mitricetr.
2334 528 2522 593 dicat;
2557 527 2814 583 miscridr
2845 540 2975 582 vero
3012 529 3186 584 multo
3240 544 3361 606 sum
3393 530 3626 601 alioqui,

2032 620 2177 690 quod
2217 621 2540 689 imprudens
2604 621 2904 691 nesciaque
2957 629 3009 675 te
3045 621 3248 676 malam
3285 624 3516 679 bestiam
3573 624 3629 678 in

2033 711 2155 766 sinu
2191 712 2429 774 foveam,
2465 721 2520 766 et
2551 711 2757 782 pullum
2805 713 3136 780 petulantem
3172 728 3295 770 meo
3336 715 3481 780 male
3506 717 3630 785 pino

2033 800 2362 870 guefaciam.
2403 801 2593 857 Nonne
2625 803 2894 857 nutritum
2941 811 2996 859 et
3037 804 3211 859 fotum
3260 806 3461 860 malam
3490 805 3625 861 mihi

2035 896 2268 963 gratiam
2308 896 2508 951 refers?
2540 897 2822 962 mordens,
2853 909 2914 952 ut
2956 913 3203 965 serpens,
3245 900 3626 963 calcitrosum,

2034 990 2438 1043 contumaciter
2511 989 2867 1059 ignominiam
2929 991 3176 1058 inurens,
3236 1007 3338 1048 nec
3394 992 3629 1062 amplius

2033 1081 2342 1136 domabile:
2392 1095 2502 1137 non
2560 1082 2937 1152 persuasionis
3009 1085 3292 1140 blanditiis
3351 1086 3626 1151 deliniris,

2037 1184 2145 1222 non
2186 1169 2235 1222 vi
2273 1168 2530 1236 frenaris,
2565 1185 2674 1223 non
2713 1172 3004 1240 probitatis
3036 1190 3166 1244 ergo
3197 1175 3415 1230 labores
3455 1178 3630 1232 attin-

2035 1261 2138 1330 gis.
2164 1261 2302 1327 Quid
2336 1264 2447 1329 aio,
2475 1263 2690 1319 labores
2708 1279 2816 1318 non
2845 1266 3093 1342 attingis?
3119 1268 3386 1325 Praeclare
3410 1284 3625 1326 mecum

2035 1365 2311 1425 ageretur,
2336 1357 2382 1412 si
2411 1369 2602 1412 contra
2637 1374 2743 1412 non
2777 1359 3070 1426 nitereris;
3103 1362 3147 1415 si
3191 1361 3257 1415 ad
3315 1362 3407 1416 tibi
3470 1375 3626 1434 grata

2034 1448 2334 1519 charaque,
2358 1449 2491 1504 mihi
2511 1459 2690 1505 autem
2718 1451 3090 1522 ingratissima
3109 1453 3622 1526 inimicissimaquc,

2037 1558 2148 1597 non
2179 1543 2446 1597 violenter
2495 1555 2676 1601 tecum
2709 1548 3050 1615 corriperes;
3084 1549 3128 1603 si
3165 1563 3341 1603 meam
3381 1552 3624 1618 pulchri-

2037 1635 2286 1708 tudinem
2327 1638 2620 1693 amabilem
2683 1641 2817 1707 luto,
2855 1650 2917 1695 nt
2963 1643 3104 1710 apud
3137 1641 3486 1697 Salomonem
3530 1643 3625 1698 illa

2039 1743 2138 1783 sus
2191 1737 2418 1784 auream
2471 1730 2745 1797 iuaurem,
2796 1746 2905 1787 non
2960 1734 3300 1789 obvolveres.
3353 1734 3428 1789 Ne
3467 1736 3623 1804 mihi,

2035 1831 2244 1889 quaeso,
2265 1821 2421 1876 beate
2437 1831 2634 1887 ctetus,
2655 1826 3058 1889 succensearis,
3081 1826 3124 1881 si
3152 1827 3381 1881 invchar
3403 1828 3456 1882 in
3485 1827 3628 1884 hanc

2037 1911 2361 1969 indomitam
2397 1915 2707 1987 malamque
2755 1921 3020 1987 pecudem
3056 1929 3162 1974 tam
3206 1922 3423 1986 acerbe,
3464 1923 3625 1992 cujus

2034 2004 2377 2075 tyrannicam
2420 2007 2798 2074 rebellionem,
2831 2009 2922 2065 ille
2953 2021 3174 2081 quoque
3205 2019 3390 2067 tantus
3417 2011 3622 2070 Paulus

2035 2098 2244 2154 mundo
2282 2100 2603 2169 crucifixus,
2637 2117 2748 2156 non
2792 2102 2905 2172 jam
2961 2103 3171 2168 vivens,
3213 2104 3308 2160 sed
3343 2105 3396 2158 in
3453 2117 3514 2161 se
3538 2108 3621 2161 vi-

2033 2197 2249 2246 ventem
2279 2201 2335 2247 et
2358 2192 2670 2263 loquentem
2692 2193 2974 2250 Christum
3007 2205 3249 2266 gestans,
3281 2198 3624 2269 circumsp"-

2033 2284 2179 2341 clius
2204 2284 2553 2351 observabat,
2571 2297 2623 2340 et
2646 2287 2932 2357 indignans
2951 2289 3114 2344 veluti
3144 2291 3481 2361 deplorabat,
3515 2294 3624 2349 mi-

2035 2384 2220 2433 serum
2270 2393 2332 2433 se
2384 2394 2588 2434 vocans
2620 2379 2921 2450 hominem,
2955 2393 3009 2439 et
3054 2387 3253 2441 anxius
3307 2397 3555 2459 'quzerens
3590 2404 3620 2444 a

2033 2478 2269 2541 corpore
2303 2472 2497 2528 mortis
2534 2471 2696 2542 hujus
2731 2471 3081 2532 liberatorem
3123 2497 3138 2534 :
3181 2480 3235 2535 i'n
3277 2479 3423 2551 quod
3450 2483 3616 2538 etiam

2036 2570 2298 2633 tanquam
2343 2573 2647 2633 generosus
2690 2565 2917 2631 athleta,
2947 2575 3320 2641 ceronamque
3379 2580 3619 2634 merens.

2036 2654 2415 2710 vehementius
2442 2655 2681 2720 irruens,
2715 2663 2823 2712 non
2855 2659 3012 2728 prius
3052 2661 3214 2717 desiit
3261 2662 3426 2723 ferire
3452 2658 3623 2720 calci-

2034 2746 2139 2803 bus
2166 2755 2221 2802 et
2245 2746 2458 2803 crebris
2489 2747 2926 2820 sugillationibus
2964 2761 3173 2817 nutare,
3213 2770 3378 2823 quam
3427 2757 3482 2813 in
3512 2775 3622 2815 ser-

2036 2841 2260 2895 vitutem
2290 2837 2598 2905 adduxerit,
2634 2843 3082 2916 morigerumque
3114 2847 3326 2905 fecerit.

2057 3010 2063 3016 _
2106 2933 2236 2989 Esto
2267 2948 2420 2999 sane,
2450 2934 2648 3005 inquit,
2676 2936 2734 2989 at
2777 2937 2875 2994 tibi
2913 2937 3112 2996 licebat
3149 2945 3351 3000 natura
3386 2937 3608 3003 subdito

2040 3026 2178 3082 mihi
2212 3029 2536 3084 servitutem
2567 3031 2876 3100 imponere,
2901 3036 3024 3102 quae
3055 3039 3215 3091 notas
3247 3032 3470 3094 inurere
3503 3037 3617 3094 vel-

341 3110 499 3180 ηυεεῖ
555 3107 822 3202 ξῐοηνίδίίε
875 3111 1094 3202 impii“
1151 3107 1381 3177 cupidas
1419 3114 1475 3162 οι
1529 3106 1777 3163 εοδΐίιιηι
1817 3106 1931 3202 Vini
1961 3135 2005 3197 ο
2039 3118 2142 3182 les,
2178 3119 2543 3190 apostolicam
2578 3125 2768 3179 secuta
2819 3122 3079 3192 formam,
3120 3123 3367 3201 illudque
3398 3123 3620 3202 sapiens

343 3212 529 3271 pomm
561 3198 918 3254 insectemur.
943 3198 1133 3270 itaque
1159 3210 1335 3268 neque
1359 3207 1434 3264 te,
1465 3210 1500 3252 ο
1527 3209 1651 3253 mea
1682 3212 1839 3264 crux,
1870 3197 1924 3252 in

339 3294 611 3363 judicium
646 3305 934 3361 vocamus,
961 3294 1032 3349 ob
1059 3306 1240 3349 rerum
1273 3296 1709 3350 necessariarum
1744 3302 1926 3360 usum,

344 3387 442 3441 sed
489 3385 616 3455 quia
662 3395 718 3438 tu
755 3387 895 3439 hanc
940 3392 1160 3438 nactum
1199 3385 1506 3454 speciosam
1559 3386 1928 3452 occasionem,

347 3493 459 3532 non
494 3478 724 3545 desinis,
763 3486 824 3532 'ut
854 3477 1050 3533 iterum
1076 3478 1206 3532 illud
1239 3480 1606 3550 apostolicum
1643 3460 1926 3550 usurpem,

346 3582 562 3625 omnem
597 3570 655 3641 in
691 3583 777 3625 me
820 3570 1172 3640 Cupiditatem
1221 3568 1440 3626 efficere
1471 3576 1487 3626 ξ
1517 3572 1754 3642 primum
1804 3573 1928 3638 qui-

348 3669 470 3718 dem
502 3674 660 3717 uteus
692 3663 950 3718 alimento
981 3662 1132 3718 sicco
1165 3662 1522 3734 humidoque,
1552 3664 1747 3720 deinde
1792 3673 1930 3736 pra}.-

347 3763 433 3810 ter
462 3763 515 3809 et
541 3762 738 3811 contra
771 3769 931 3824 quam
974 3767 1073 3824 par
1104 3755 1178 3809 sit
1201 3755 1457 3822 abutens,
1489 3767 1556 3812 eo
1582 3757 1927 3822 incumbens,

350 3849 416 3901 ad
447 3847 762 3901 universam
799 3859 1130 3917 omnemque
1159 3849 1456 3919 voluptatis
1489 3851 1800 3906 iilecehram
1834 3853 1928 3906 de-

347 3939 532 3993 labens
563 3947 618 3992 et
643 3938 882 4003 irruens,
906 3942 958 3991 et
989 3947 1093 3990 una
1126 3951 1213 3992 me
1233 3937 1560 4006 corripiens,
1589 3951 1640 3993 et
1661 3938 1927 3992 exhibens

351 4031 590 4100 negotia.
621 4029 756 4084 Nam
799 4030 1006 4099 duplici
1058 4043 1113 4084 et
1145 4031 1284 4100 gttlze
1323 4033 1377 4084 et
1423 4031 1630 4084 venti-is
1665 4031 1926 4097 intempe-

352 4124 550 4177 rantia:
576 4121 705 4176 ﬂatu
737 4122 1092 4191 exagitatum,
1115 4123 1198 4175 vel
1232 4122 1414 4191 potius
1441 4122 1637 4192 triplici
1669 4122 1744 4190 (in
1773 4121 1931 4175 satie-

349 4215 550 4270 tatibus
584 4216 782 4277 -enim,
835 4214 1006 4276 aiunt,
1065 4213 1250 4269 Venus
1306 4224 1410 4280 est,
1473 4225 1736 4284 pratereo
1783 4214 1926 4268 enim

350 4321 482 4366 tunc
513 4311 702 4364 horum
728 4311 981 4364 comitem
1015 4312 1278 4365 malorum
1312 4307 1627 4382 legionem),
1661 4310 1790 4380 quid
1822 4323 1926 4362 non

350 4405 482 4459 mihi
515 4402 899 4460 dimoultatum
931 4404 985 4458 et
1031 4405 1372 4459 miseriarum
1404 4402 1597 4457 infers?
1630 4403 1763 4457 Nam
1798 4403 1927 4456 dum

2033 3219 2401 3283 praeceptum:
2433 3212 2606 3268 Asino
2635 3212 2845 3271 foenum
2873 3225 2927 3272 et
2953 3210 3228 3290 baculusl,
3275 3236 3436 3279 servo
3460 3227 3618 3296 panis

2032 3313 2088 3359 et
2118 3300 2308 3375 flagra.
2337 3303 2381 3360 0
2407 3297 2706 3362 ludibrium
2726 3299 2740 3363 l
2764 3301 2966 3380 quibus
2982 3327 3068 3367 me
3083 3308 3618 3374 dis’simulationibus

2031 3397 2266 3464 deludit,
2300 3402 2448 3454 nunc
2480 3399 2670 3457 fateris
2710 3413 2762 3458 te
2814 3406 2949 3460 mihi
3008 3398 3290 3464 subditum
3337 3425 3461 3466 esse
3517 3428 3620 3467 na-

2033 3499 2156 3546 tura
2190 3509 2204 3546 :
2244 3495 2392 3548 nunc
2418 3489 2552 3547 mihi
2577 3494 2761 3552 verbis
2778 3495 3144 3568 adblandiris,
3165 3502 3310 3571 quod
3338 3493 3617 3574 subjicere

2032 3583 2216 3666 liceat,
2259 3583 2424 3640 factis
2476 3595 2746 3658 perpetuo
2779 3605 3119 3660 repugnans.
3155 3594 3268 3665 Ego
3297 3610 3426 3650 vero
3459 3594 3612 3666 quod

2034 3680 2088 3730 tu
2119 3663 2268 3731 velut
2299 3678 2489 3734 asinus
2535 3681 2815 3750 petulans,
2871 3679 3109 3740 fustibus
3155 3663 3493 3744 caedendum
3513 3691 3615 3758 sis,

2032 3778 2087 3824 et
2128 3781 2188 3825 ut
2219 3769 2395 3825 malus
2434 3783 2654 3840 servus,
2684 3773 3008 3833 verberibus
3049 3771 3426 3848 lacerandum,
3452 3783 3616 3842 intel-

2032 3862 2201 3933 ligere
2226 3863 2343 3931 ipsa
2374 3879 2498 3919 sero
2524 3866 2688 3935 coepi.
2719 3855 2921 3922 Verum
2949 3870 3180 3940 agedum
3211 3873 3347 3928 mihi
3381 3889 3615 3944 percon-

2035 3953 2170 4008 tanti
2198 3945 2508 4024 responde:
2533 3958 2777 4028 quando,
2808 3977 3020 4029 quaeso,
3042 3979 3260 4035 quaque
3285 3975 3444 4022 a:tate
3477 3971 3612 4026 mihi

2032 4048 2192 4101 datur
2242 4056 2295 4102 te
2325 4049 2653 4121 subjicieudi
2709 4062 2972 4121 potestas,
3014 4072 3138 4111 cum
3162 4075 3445 4131 nunquam
3479 4079 3604 4118 cum

2035 4138 2299 4206 Apostolo
2329 4140 2512 4196 dicere
2541 4143 2746 4211 possis,
2777 4154 2830 4199 te
2852 4147 2952 4217 legi
2981 4147 3075 4203 Dei
3107 4150 3418 4220 subjectum
3448 4157 3614 4212 esse?

2035 4243 2298 4286 utrumne
2322 4232 2518 4302 puerili
2567 4237 2622 4288 et
2659 4236 2889 4290 adulta?
2926 4239 2996 4294 At
3055 4251 3170 4295 tum
3201 4245 3402 4300 mentis
3435 4247 3610 4317 impo-

2036 4327 2201 4379 tentia
2236 4325 2536 4395 desipiens,
2567 4343 2654 4382 me
2681 4329 2796 4398 ipsa
2839 4346 2946 4386 non
2978 4346 3200 4402 possum
3231 4339 3308 4392 uti
3341 4340 3612 4414 intellige-

2036 4433 2203 4486 reque
2252 4428 2460 4487 quanto
2489 4420 2588 4475 tibi
2641 4431 2914 4491 praestem.
2975 4427 3056 4480 An
3086 4443 3216 4484 vero
3245 4430 3497 4500 juvenili,
3537 4451 3608 4491 an

350 4511 406 4550 es
440 4497 624 4563 inane,
660 4496 855 4565 repleri
891 4495 1212 4562 desideras;
1248 4494 1335 4549 vix
1374 4496 1592 4566 plenum
1634 4512 1716 4562 es,
1748 4496 1928 4551 denuo

2037 4483 2177 4564 virili
2201 4511 2224 4564 ἲ
2246 4483 2315 4564 At
2349 4521 2461 4565 tum
2489 4483 2657 4569 omne
2687 4516 2894 4571 malum
2923 4528 3126 4588 erupit,
3165 4531 3221 4576 et
3245 4483 3376 4580 inde
3405 4483 3610 4584 bellum

353 4589 565 4643 laboras
617 4589 904 4654 inanitate,
963 4601 1028 4642 ac
1083 4587 1279 4641 iteruin
1331 4588 1579 4658 exquiris
1627 4589 1930 4658 compleri;

349 4697 494 4750 quan
521 4686 569 4734 io
600 4681 730 4734 item
772 4679 914 4734 fame
946 4679 1248 4746 divexaris,
1278 4680 1344 4731 ad
1372 4680 1677 4734 satietatem
1714 4689 1764 4734 te
1794 4680 1932 4734 cibis

351 4769 620 4833 oblectas;
652 4784 778 4824 cum
808 4777 1182 4823 exsaturatum
1213 4784 1294 4831 es,
1326 4770 1620 4836 voluptatis
1650 4769 1933 4828 illecebras

349 4867 588 4933 quaeris;
622 4864 752 4932 quin
782 4864 987 4932 potius,
1017 4873 1072 4921 et
1100 4863 1375 4926 esuriens,
1402 4872 1457 4918 et
1480 4863 1722 4933 plentim,
1754 4873 1934 4935 neque

352 4958 627 5012 satietatis
660 4949 904 5021 modum,
937 4964 1113 5024 neque
1155 4955 1450 5024 voluptatis
1483 4957 1790 5012 satietatem
1833 4967 1932 5012 no-

348 5051 458 5113 sti;
493 5049 548 5102 in
581 5063 690 5116 quo
720 5063 822 5117 ego
871 5046 1070 5101 misera
1124 5061 1268 5113 sum,
1318 5047 1438 5115 pari
1493 5064 1652 5119 pana
1678 5050 1932 5106 damnata

351 5158 460 5212 qua
493 5143 597 5196 illae
623 5141 884 5198 fabulosa:
914 5135 1209 5209 Danaides,
1239 5150 1298 5196 ut
1323 5143 1375 5195 in
1399 5141 1690 5204 inﬁnitum.
1725 5155 1784 5198 ut
1807 5147 1932 5210 illae,

354 5236 454 5289 tibi
492 5235 841 5300 exhauriam,
873 5236 1023 5291 dolio
1087 5247 1311 5306 pertuso
1343 5253 1360 5298 ς
1391 5246 1484 5291 aut
1522 5240 1686 5292 etiam
1743 5242 1932 5295 eadem

353 5329 567 5396 patiens
589 5344 709 5398 quae
732 5318 952 5384 divinus
973 5330 1060 5383 ille
1089 5318 1274 5392 David.
1307 5330 1433 5386 huic
1453 5329 1726 5400 profundo
1752 5341 1931 5396 curuo,

354 5422 406 5473 in
439 5435 547 5487 quo
581 5435 853 5488 nusquam
888 5423 1184 5488 subsistas,
1238 5414 1466 5492 illigata,
1495 5423 1560 5477 ad
1597 5425 1765 5477 intum
1807 5439 1933 5494 per-

354 5524 522 5584 pctuo
558 5515 816 5571 delabens
850 5517 1112 5586 fundique
1146 5519 1414 5580 nescium,
1466 5518 1609 5588 quod
1641 5518 1785 5573 enim
1837 5531 1932 5572 ex-

354 5619 586 5662 tremum
619 5608 942 5677 profundum
969 5620 1183 5665 tuarum
1230 5611 1624 5681 appetitionum
1649 5613 1931 5668 inventum

357 5707 463 5760 ist,
494 5700 639 5766 quod
671 5701 885 5756 tandem
943 5713 1278 5770 postremum
1321 5705 1608 5769 subsistat,
1649 5715 1701 5761 et
1728 5716 1821 5760 tuo
1852 5708 1934 5761 ulc
1978 5691 1998 5736 ⁷

357 5790 533 5846 terius
567 5793 932 5861 progredienti
966 5795 1199 5849 obsistat
1226 5796 1494 5866 impetui?
1526 5813 1632 5853 non
1668 5808 1750 5854 est
1778 5797 1924 5852 aliud

679 5889 947 5950 PATROL.
990 5893 1106 5950 Gn.
1151 5893 1269 5953 CL.

2033 4603 2414 4658 vehementius
2445 4606 2763 4689 inchoatur,
2822 4626 2912 4664 me
2948 4613 3062 4682 jam
3115 4617 3384 4685 meipsam
3434 4635 3608 4690 agno-

2034 4705 2246 4759 scente,
2297 4706 2350 4750 et
2377 4700 2709 4756 conveniens
2765 4703 3134 4772 primordium
3188 4707 3520 4778 asciscente,
3553 4723 3608 4768 et

2035 4791 2143 4845 alio
2193 4793 2317 4847 vitas
2381 4795 2672 4862 victusque
2721 4809 2922 4862 genere
2959 4795 3173 4850 meliori
3233 4798 3523 4864 utendum,
3555 4815 3610 4857 et

2037 4883 2138 4949 legi
2164 4883 2258 4937 Dei
2296 4884 2756 4952 acquiescendum
2795 4899 2917 4941 esse
2950 4897 3208 4943 censente
3237 4906 3253 4944 ε
3287 4889 3392 4956 hoc
3419 4902 3605 4950 autem

2036 4992 2144 5032 sea
2175 4987 2326 5047 grata
2354 4985 2408 5029 et
2438 4990 2624 5031 cornva
2676 4977 3080 5032 consuetudine
3122 4978 3308 5056 divelli
3350 4998 3459 5037 non
3511 5001 3607 5056 pa-

2041 5068 2231 5133 tiente,
2285 5081 2409 5120 cum
2442 5065 2512 5120 ab
2541 5076 2665 5120 ortu
2694 5068 2759 5122 ad
2799 5067 3117 5124 vicesimum
3165 5087 3339 5142 usque
3397 5081 3601 5134 annum

2032 5155 2372 5225 juventutem
2409 5157 2465 5211 in
2495 5159 2644 5211 omni
2668 5157 2921 5214 libertate
2961 5161 3296 5233 licentiaque
3325 5169 3603 5225 contrive-

2036 5251 2129 5312 rit,
2179 5259 2234 5304 et
2263 5251 2471 5305 ventris
2505 5251 2766 5323 ingluviei
2793 5253 3084 5320 studuerit,
3122 5265 3176 5311 et
3206 5258 3378 5314 solam
3407 5261 3604 5333 volup-

2037 5349 2203 5394 tatem
2245 5343 2592 5409 exercuerit;
2644 5357 2748 5397 nec
2798 5343 3004 5400 dictum
3060 5347 3220 5405 facile
3274 5362 3381 5416 est,
3437 5368 3602 5420 quam

2039 5435 2282 5490 robustis
2316 5434 2609 5503 impetibus
2640 5436 2773 5490 mihi
2804 5440 2965 5508 quasi
2995 5455 3083 5497 res
3129 5457 3300 5499 novas
3330 5421 3608 5512 molienti,

2038 5533 2091 5580 et
2115 5534 2312 5596 praeter
2345 5540 2560 5595 aequum
2620 5526 2951 5600 dominanti,
2983 5532 3292 5600 renitatur;
3346 5549 3411 5590 ac
3473 5537 3606 5592 tnihi

2036 5617 2352 5670 diuturnam
2425 5593 2907 5686 eonsuet'udinem,
2956 5631 3012 5679 et
3069 5624 3376 5680 naturalem
3430 5627 3604 5698 legem

2035 5707 2194 5777 quasi
2227 5723 2442 5771 murum
2466 5713 2753 5780 quemdam
2783 5713 3006 5786 objicit;
3039 5715 3202 5786 idque
3231 5719 3606 5787 potissimum,

2035 5802 2163 5870 quia
2192 5814 2384 5858 recens
2424 5805 2635 5860 socium
2668 5806 3052 5875 upitulatorem
3111 5812 3318 5867 ventris
3345 5809 3603 5869 affectum

3167 5907 3241 5968 3i
