4108 6316
546 355 653 418 971

1802 348 2203 408 Δ(Πιιῖδοιδιιί
2243 349 2563 407 ΡΑιΑγιι-ιῖ
2648 426 2655 429 _

3746 352 3876 417 972

551 485 620 524 co
651 479 899 539 tempore
930 470 1304 526 vehementem
1330 476 1573 529 nactum,
1614 476 1661 516 et
1701 464 1924 532 insuper
1961 462 2133 515 axari-
2166 467 2206 519 Α
2238 462 2354 527 Quo
2385 465 2672 533 supplicio,
2712 480 2816 533 qua
2853 479 3014 535 pmua
3054 481 3160 520 non
3191 476 3271 523 est
3321 468 3547 540 dignum
3578 476 3717 525 tam
3761 491 3864 527 ve-

550 560 712 627 tiam,
742 560 1102 614 ambitionem
1134 601 1150 626 ,
1186 569 1239 615 et
1273 558 1317 614 si
1369 557 1498 627 quid
1531 553 1676 608 aliud
1721 555 1914 606 borum
1948 564 2131 605 comes

556 667 682 709 cum
741 651 837 706 tali
888 661 1150 721 tantoque
1206 661 1348 706 coetu
1404 649 1538 713 coit,
1596 647 1727 702 mihi
1785 645 2130 708 adversatur,

556 744 757 802 astutia
788 743 985 801 bellica
1033 743 1197 810 fallit,
1249 751 1305 797 et
1354 741 1458 797 sub
1489 738 1696 810 peccati
1746 737 1919 807 legem
1960 734 2134 806 capti-

556 852 679 892 vam
716 837 956 903 abducit,
987 836 1392 908 persuadetque
1421 843 1479 888 ut
1535 841 1587 888 et
1623 832 1740 901 ipsa
1772 830 1996 895 faciam,
2053 827 2134 883 fa-

555 930 835 999 cientiqne
867 930 1244 992 consentiam,
1279 924 1427 996 quod
1475 938 1654 993 neque
1699 923 1894 990 probo,
1955 933 2135 990 neque

558 1022 701 1076 volo.
728 1021 807 1076 Ita
834 1035 1026 1091 parere
1048 1020 1275 1087 didicit;
1333 1020 1410 1075 ita
1449 1018 1598 1087 leges
1652 1015 1943 1072 obediendi
1975 1014 2130 1070 colit.

557 1114 660 1169 llic
716 1127 897 1182 operm
921 1113 1159 1182 pretium
1200 1113 1387 1178 fuerit,
1428 1111 1593 1166 amici
1641 1109 1734 1165 Dei
1781 1109 2022 1180 judices,
2073 1116 2136 1165 ut

559 1219 667 1260 non
698 1203 905 1259 caedam
961 1204 1219 1269 fustibus,
1255 1212 1315 1258 ut
1368 1203 1600 1259 asellum
1636 1215 1802 1273 agaso
1835 1200 1997 1266 solet,
2058 1200 2132 1255 ita

556 1305 751 1364 praeter
778 1285 1032 1373 naturam
1060 1295 1408 1364 superbiens,
1434 1302 1489 1351 et
1519 1294 1783 1349 effrenate
1814 1291 2131 1360 lasciviens,

546 1397 748 1451 etnon
809 1378 1048 1458 amplius
1107 1388 1369 1459 pecuario
1428 1386 1574 1445 fastu
1634 1399 1970 1451 tumescens,
2032 1386 2132 1445 sed

553 1468 793 1534 belluino
831 1481 1053 1534 fremitu
1101 1481 1350 1551 rugiens,
1408 1496 1505 1536 nec
1536 1480 1833 1544 rcbellans,
1871 1487 1927 1534 et
1952 1477 2132 1533 mani-

552 1569 695 1626 festo
722 1572 1065 1641 tyrannidem
1116 1586 1430 1642 occupans,
1482 1571 1663 1642 ﬂagris
1716 1579 1772 1625 et
1824 1569 2041 1642 pugnis,
2075 1576 2134 1622 ut

559 1661 677 1715 heri
727 1662 903 1717 solent
955 1663 1246 1732 mancipia,
1297 1662 1498 1718 fmdem
1549 1680 1563 1716 :
1618 1661 1716 1717 sed
1768 1660 1936 1727 ferro,
1984 1660 2134 1729 quod

558 1755 731 1821 aiunt,
764 1755 994 1826 igneque
1052 1757 1510 1821 animadvertam,
1569 1763 1623 1810 et
1670 1753 1903 1811 illustris
1962 1752 2132 1807 semel

2235 568 2358 607 cors
2405 564 2457 606 et
2509 555 2810 623 ingratum.
2846 568 2899 610 ct
2955 558 3007 611 in
3054 575 3142 613 me
3191 562 3707 628 contumeliosum,
3776 568 3861 619 ita

2234 646 2553 700 clementem
2586 659 2635 701 et
2665 649 2967 704 miserabili
3002 653 3611 721 commiserescentem,
3655 668 3733 711 ut
3781 675 3859 715 ne

2233 736 2528 793 liberorum
2553 741 2770 807 quidem
2794 756 2986 798 amans
3004 754 3178 799 mater
3198 744 3252 800 in
3282 760 3382 801 sua
3408 747 3584 818 ipsius
3603 749 3861 806 viscera

2233 838 2380 883 esset
2410 829 2646 886 affecta?
2693 833 2762 887 At
2797 832 2871 887 ita
2904 848 3039 891 sane
3080 837 3420 904 adolescens,
3457 839 3536 895 ita
3582 841 3853 911 juvene-

2233 934 2393 976 scens
2421 930 2477 976 et
2519 922 2729 978 virilem
2768 920 2980 981 aetatem
3028 927 3345 999 attingens,
3394 944 3484 985 me
3527 947 3642 986 non
3689 934 3857 989 solet

2235 1018 2564 1087 auscultare.
2588 1017 2659 1069 At
2682 1032 2973 1075 senescens
3005 1021 3138 1076 mite
3166 1021 3482 1093 ductileque
3524 1035 3579 1079 et
3610 1035 3846 1081 tracta-

2235 1106 2344 1162 bile
2365 1116 2449 1164 est
2473 1108 2539 1163 ad
2560 1124 2623 1164 ea
2640 1124 2767 1179 qua:
2786 1112 2980 1185 decent
2994 1111 3420 1168 instrumentum
3442 1115 3466 1169 ?
3489 1114 3802 1172 Undenam
3820 1120 3846 1172 3

2235 1194 2392 1266 Quod
2420 1210 2569 1256 certe
2611 1203 2979 1277 membrorum
3009 1204 3192 1273 vigore
3229 1222 3482 1277 nexuque
3513 1210 3709 1266 soluto
3731 1254 3753 1278 ,
3784 1226 3842 1266 et

2237 1292 2482 1362 ingenito
2522 1293 2706 1348 calore
2749 1295 3037 1359 exstincto,
3090 1297 3356 1351 immobili
3400 1307 3622 1368 torpore
3672 1304 3841 1357 tabe—

2222 1384 2438 1461 factum
2463 1385 2627 1440 veluti
2651 1388 3016 1456 compeditum
3034 1399 3139 1454 est,
3160 1401 3216 1443 et
3238 1392 3436 1445 veteris
3451 1393 3675 1448 arboris
3692 1408 3835 1448 exa-

2234 1479 2702 1534 rescentitruneo
2733 1477 2934 1542 simile,
2957 1474 3171 1534 scilicet
3205 1483 3312 1536 tale
3357 1485 3534 1554 possit
3580 1500 3677 1539 res
3731 1501 3834 1547 ag-

2232 1570 2384 1642 gredi
2411 1569 2582 1625 serias
2606 1577 2660 1624 et
2688 1568 2972 1636 honestas,
2995 1572 3139 1642 quod
3165 1575 3600 1631 sustentantium
3631 1587 3699 1632 et
3735 1593 3829 1633 se-

2234 1661 2483 1717 nescenti
2547 1662 2994 1717 snecurrentium
3047 1663 3274 1735 indiget,
3348 1670 3613 1736 prmclare
3686 1688 3827 1727 vero

2234 1768 2450 1809 mecum
2479 1761 2753 1824 ageretur,
2783 1754 2893 1810 nisi
2930 1758 3093 1811 etiam
3129 1773 3260 1814 suas
3297 1760 3430 1815 mihi
3462 1763 3824 1820 calamitates

558 1864 795 1919 pugnam
853 1865 1165 1917 conseram,
1217 1849 1471 1905 cominus
1527 1848 1734 1902 hostem
1772 1861 2047 1916 aggressa,
2074 1841 2204 1902 etB
2235 1845 2498 1914 inureret,
2548 1856 2602 1903 et
2659 1847 2860 1914 quibus
2909 1848 3173 1919 abundat,
3227 1853 3491 1910 senilibus
3527 1858 3693 1913 malis
3730 1874 3820 1913 ειη

556 1950 655 1996 aut
692 1942 873 2013 ipsum
919 1944 1206 1998 honestam
1259 1942 1459 2011 degens
1492 1940 1660 1993 vitam
1690 1938 2003 2002 exhibeam,
2036 1948 2131 1992 aut

557 2031 701 2085 idem
741 2030 887 2101 quod
933 2044 1230 2098 generosus
1275 2026 1510 2083 Samson
1568 2025 1766 2080 faciam
1823 2023 2128 2094 patiarque,

558 2122 894 2186 convellam,
922 2122 1172 2191 inquam,
1203 2122 1349 2190 quod
1386 2119 1643 2189 iujuriam
1678 2116 1841 2171 faciat
1872 2133 1887 2169 :
1915 2124 1969 2170 et
2005 2129 2130 2169 cum

558 2215 719 2271 hoste
774 2215 1003 2271 cadente
1053 2214 1172 2269 laeta
1221 2212 1385 2266 simul
1429 2212 1715 2266 excedam.
1744 2208 1809 2264 In
1844 2223 1928 2263 me
1965 2207 2132 2277 igitur

554 2306 690 2361 illud
719 2320 935 2375 quoque
966 2304 1292 2374 quadrabat,
1328 2301 1473 2373 quod
1494 2301 1782 2370 proverbio
1815 2299 2123 2368 quiritatur.

556 2391 671 2451 Ah!
704 2409 866 2467 quam
900 2410 1065 2465 grave
1111 2402 1196 2450 est
1243 2395 1297 2449 id
1353 2393 1669 2450 heminibus
1722 2390 1964 2446 malum?
2002 2403 2128 2445 cum

556 2491 685 2560 quis
716 2488 875 2545 bonis
905 2482 1012 2542 non
1068 2476 1241 2542 utitur
1271 2486 1356 2541 his
1417 2500 1540 2554 quae
1571 2484 1800 2540 noverit.
1850 2482 1987 2537 Nam
2031 2482 2129 2554 ego

553 2590 707 2635 certo
760 2583 941 2636 sciens
979 2579 1033 2634 in
1080 2588 1189 2632 tam
1240 2564 1441 2631 rebelle
1499 2590 1607 2629 non
1647 2590 1769 2630 esse
1808 2572 2129 2630 verberibus

557 2664 1134 2735 animadvertendum,
1162 2668 1256 2725 sed
1296 2680 1361 2722 ut
1386 2668 1582 2724 hostile
1621 2668 1747 2723 odio
1792 2680 2129 2737 prosequen-

557 2756 848 2826 dum,‘non
877 2770 1059 2815 tamen
1089 2760 1234 2814 bono
1264 2746 1373 2814 hoc
1402 2758 1570 2812 animi
1607 2758 1841 2812 consilio
1879 2767 2036 2825 utor;
2062 2759 2128 2813 ab

556 2852 1065 2927 innumeris‘enim
1126 2842 1511 2929 affectionibus
1567 2848 1791 2920 depulsa
1834 2849 2123 2920 impedior.

553 2944 687 3011 Quae
716 2928 844 2999 sunt
878 2938 996 2999 hie?
1025 2959 1131 2998 non
1161 2928 1321 2998 enim
1341 2958 1440 2998 vos
1469 2932 1682 3001 celabo.
1716 2934 1897 2995 Pudor
1920 2980 1935 3006 ,
1982 2932 2116 3009 par-

555 3039 717 3105 citas,
773 3035 1146 3093 misericordia
1178 3074 1194 3101 ,
1239 3026 1418 3091 metus
1478 3040 1585 3090 neu
1645 3033 1971 3104 intrepidus,
2029 3031 2127 3087 sed

556 3129 795 3186 lcthali's.
824 3126 1001 3183 Piidct
1034 3122 1120 3183 me
1157 3128 1346 3197 hujus,
1403 3136 1462 3179 ut
1502 3120 1776 3191 conservi,
1804 3134 1858 3179 et
1915 3132 1973 3179 ut
2025 3123 2149 3199 ali-,

554 3204 775 3293 quando
818 3237 906 3299 me
943 3204 1272 3291 adjuvantis,
1303 3206 1349 3275 si
1382 3212 1490 3273 non
1540 3216 1649 3299 hoc
1697 3214 1961 3287 tempore,
2013 3187 2195 3271 for—ﬂ

555 3315 720 3369 fassis
784 3313 840 3366 in
898 3311 1166 3376 futurum,
1215 3317 1269 3365 et
1335 3319 1395 3363 ut
1457 3307 1687 3375 sodalis,
1740 3304 1926 3373 amici,
1964 3302 2121 3371 soeii,

552 3402 871 3478 coaequalis.
902 3398 1088 3460 ‘Pareo
1123 3402 1483 3471 abstineoque
1518 3402 1776 3469 tauquam
1828 3399 1896 3453 ab
1923 3382 2151 3452 aerum-'

556 3510 713 3563 noso,
747 3496 972 3559 infelici,
1002 3490 1226 3550 niis‘ero.
1262 3496 1338 3548 Ac
1379 3507 1465 3545 me
1512 3492 1687 3546 vicem
1735 3488 1854 3560 ejus
1884 3490 2123 3560 graviter

559 3594 815 3654 miseret,
875 3578 1172 3658 nescioqtie
1234 3588 1473 3654 quOnam
1531 3581 1693 3636 modo
1750 3595 1874 3634 cum
1927 3576 2124 3633 afﬂicto

555 3679 902 3742 comlolesco,
959 3674 1081 3731 etim
1133 3680 1396 3743 Opprcho
1452 3684 1559 3726 nua
1612 3668 1915 3724 molestiam
1946 3667 2122 3738 capio,

553 3786 677 3826 cum
706 3765 920 3825 dolente
946 3766 1280 3823 cohaere-sco.
1324 3764 1596 3819 Praeterea
1631 3777 1796 3817 caveo
1844 3778 1912 3815 ne
1960 3760 2126 3816 offen-

553 3861 802 3920 sionib‘u's
836 3854 1075 3927 acceptis
1118 3856 1437 3926 imp’riidens
1486 3861 1630 3919 ruat,
1655 3860 1710 3907 et
1740 3848 1873 3907 mihi
1901 3858 2121 3907 causam

554 3966 745 4011 earnm
776 3946 958 4008 rerum
991 3960 1129 4021 quas
1162 3950 1337 4019 ipsum
1382 3934 1768 4009 attentaverit,
1799 3954 1892 3998 aut
1929 3943 2126 3998 vinetis

554 4044 859 4103 custodiam
891 4036 1319 4114 perfbdicntibu‘s
1341 4054 1405 4095 ac
1443 4027 1785 4094 e‘labentlbus
1812 4044 1906 4090 aut
1936 4044 2127 4091 servos

557 4130 1038 4207 cet'ruuipcutibtts
1082 4128 1531 4203 inq'uisitioiiibu's
1564 4140 1618 4186 et
1651 4128 1938 4186 tormentis
1968 4128 2129 4181 Vehe-

561 4224 945 4296 mentioribus,
991 4222 1276 4282 a‘ttt’thuat.
1331 4226 1610 4289 Quantum
1663 4222 1808 4275 enim
1856 4219 2030 4282 audax
2075 4227 2127 4273 et

557 4320 907 4389 temerarium
950 4314 1069 4387 est,
1103 4312 1323 4387 quando
1356 4318 1561 4372 lautius
1598 4315 1837 4368 nutritur
1863 4354 1878 4377 ,
1915 4312 2124 4365 tantum

558 4408 1160 4482 ab‘mruttuia'quailhct
1184 4416 1504 4465 occurrente
1530 4402 1805 4469 vestitum,
1832 4405 2127 4458 cummari-

2233 1938 2539 2006 refereiret,
2571 1942 2763 1997 delirio
2804 1942 3050 2012 inquam,
3086 1959 3276 2000 errore
3307 1955 3365 2001 et
3394 1955 3639 2005 veterno.
3670 1952 3815 2008 Nam

2233 2030 2282 2086 si
2301 2047 2491 2087 verum
2525 2043 2629 2099 est,
2659 2044 2897 2090 mentem
2930 2034 3170 2091 Tithono
3192 2053 3616 2106 consenescere,
3635 2053 3697 2099 et
3726 2045 3811 2101 bis

2231 2138 2432 2194 pueros
2465 2139 2626 2182 senes
2681 2129 2823 2191 fieri,
2879 2128 2950 2184 ad
3003 2134 3506 2200 repuerascendum
3558 2136 3721 2205 profe
3755 2148 3809 2193 to

2231 2219 2454 2266 aetatum
2490 2214 2848 2269 conversione
2877 2217 3242 2281 revertimur;
3279 2236 3343 2274 ac
3362 2237 3563 2291 corpus
3587 2227 3819 2295 quidem

2232 2300 2379 2356 videt
2427 2310 2483 2357 et
2532 2303 2647 2357 odit
2695 2305 2987 2373 obtusius,
3014 2321 3117 2377 ego
3152 2324 3282 2364 vero
3332 2313 3484 2371 senis
3523 2314 3806 2371 delirantis

2233 2388 2557 2475 lippitudine
2590 2394 2944 2464 caacitateqne
2970 2405 3228 2466 tanquam
3260 2400 3502 2455 tenebris
3528 2402 3801 2471 oﬁ‘undor,

2232 2496 2333 2547 nec
2388 2482 2605 2539 acutius
2645 2483 2758 2554 jam
2807 2500 3033 2541 cernere
3073 2502 3321 2556 possum.
3376 2489 3443 2547 Et
3498 2491 3635 2548 illud
3677 2510 3802 2549 cum

2231 2573 2465 2628 aliarum
2499 2589 2686 2630 rerum
2710 2576 3102 2651 obliviscatur,
3124 2579 3370 2639 alimenti
3393 2594 3573 2639 tamen
3600 2588 3653 2639 in
3683 2602 3802 2656 per-

2231 2673 2459 2743 petuum
2488 2666 2757 2733 meminit,
2789 2678 2842 2722 et
2862 2670 3118 2739 genuinis
3147 2686 3257 2727 non
3281 2675 3517 2743 amplius
3548 2677 3798 2734 dentibus

2230 2750 2285 2804 in
2341 2752 2568 2808 alveolis
2614 2755 2816 2821 inﬁxis,
2858 2767 3038 2814 tamen
3085 2762 3326 2817 maxillis
3367 2765 3668 2832 molaribus
3706 2768 3802 2823 de-

2231 2838 2439 2898 stitutis
2505 2844 2660 2900 molit
2722 2854 2784 2901 ut
2834 2841 3032 2929 potest,
3064 2866 3206 2921 quas
3250 2853 3414 2907 etiam
3448 2859 3799 2924 proverbium

2230 2934 2506 3015 quoddam
2534 2944 2610 3017 ut
2638 2947 2692 2992 et
2724 2937 3202 3017 Scipionemhseni
3246 2942 3504 3012 largitur:
3531 2962 3634 3016 ego
3666 2964 3798 3002 vero

2231 3042 2341 3081 non
2365 3026 2481 3097 jam
2512 3030 2797 3101 disciplina
2829 3040 2883 3087 et
2916 3022 3182 3103 memoria
3229 3043 3396 3100 utens,
3439 3050 3615 3106 neque
3653 3052 3792 3094 sane

2231 3120 2414 3211 (lentio
2446 3131 2506 3177 ut
2531 3121 2719 3197 didici,
2755 3138 3023 3205 praecepta
3044 3124 3361 3191 recordans,
3386 3127 3561 3181 solum
3596 3128 3791 3195 inger-

2227 3210 2368 3283 gitor
2420 3213 2712 3271 oblivionis
2738 3212 2971 3295 poculo,
3009 3220 3197 3288 itaque
3230 3219 3487 3289 paulatim
3515 3235 3547 3275 e
3574 3221 3790 3277 sublimi

2228 3294 2297 3358 ad
2361 3306 2623 3379 puerilem
2701 3294 2979 3377 regredior
3035 3318 3273 3365 aetatem.
3338 3309 3587 3366 Tametsi
3648 3314 3785 3368 enim

2230 3400 2714 3467 temperationibus
2732 3400 2976 3473 adversis
3004 3400 3181 3456 affecti
3212 3412 3340 3457 sunt
3370 3411 3427 3458 et
3447 3404 3603 3472 pueri
3629 3414 3679 3459 et
3700 3405 3785 3458 dre-

2228 3476 2415 3558 c'repiti
2445 3507 2625 3550 senes.
2653 3495 2795 3561 quod
2827 3493 2898 3547 illi
2935 3476 3140 3548 humidi
3166 3494 3277 3548 sint
3297 3503 3351 3547 et
3382 3495 3568 3558 calidi,
3600 3494 3787 3551 hisicci

2228 3592 2283 3635 ct
2317 3581 2521 3651 frigidi,
2557 3586 2789 3654 utraque
2820 3594 3001 3641 tamen
3044 3594 3177 3640 mtas
3222 3584 3509 3656 sapientiae
3543 3606 3699 3645 usum
3730 3604 3785 3644 ac

2228 3676 2530 3759 prudentia:
2583 3664 2711 3730 mihi
2756 3674 2949 3747 negat;
3003 3677 3286 3747 nimirum,
3318 3681 3541 3749 quando
3594 3683 3787 3752 puerile

2228 3756 2430 3831 corpus
2477 3763 2579 3816 sub
2612 3758 2935 3833 perlinmido
2987 3767 3239 3837 sinciptte
3288 3769 3571 3824 cerebrum
3627 3781 3789 3841 gestat

2230 3869 2519 3922 aquosum,
2563 3866 2618 3908 ut
2653 3856 2783 3908 nihil
2817 3858 3121 3926 intelligens
3156 3858 3336 3914 infans
3366 3864 3522 3930 sapio
3546 3881 3559 3916 :
3582 3864 3784 3931 quando

2229 3963 2356 4000 vera
2407 3948 2644 4001 calvaria
2682 3946 2836 4001 senio
2866 3950 3114 4017 eminens
3156 3962 3302 4013 paret
3329 3990 3344 4012 ,
3394 3952 3530 4006 nihil
3580 3955 3649 4007 ab
3693 3971 3779 4007 uva

2230 4055 2414 4113 passa,
2467 4049 2521 4095 ut
2571 4040 2952 4125 iuprpvcrbio
2994 4051 3101 4108 est,
3133 4043 3421 4111 absimilis,
3473 4059 3687 4099 rursum
3734 4059 3781 4097 ιιι

2231 4131 2414 4186 infans
2449 4140 2692 4201 reputor.
2743 4131 3064 4187 Affectioncs
3115 4133 3261 4187 enim
3308 4145 3697 4204 exsuperantcs
3736 4148 3781 4189 et

2230 4239 2519 4293 corporum
2553 4214 2826 4288 naturam,
2864 4238 2966 4278 nec
3008 4223 3193 4278 minus
3229 4214 3333 4278 mei
3378 4233 3588 4293 partem
3626 4229 3776 4278 ratiu-

2234 4312 2508 4372 cinantem
2542 4310 2867 4371 labefactare
2912 4313 3264 4369 vehementer
3296 4326 3543 4386 possunt.
3591 4314 3775 4369 Omitto

2237 4406 2446 4481 reliqua
2476 4404 2762 4463 recensere
2796 4422 2918 4476 qua:
2954 4406 3054 4461 has
3082 4417 3289 4473 aetates,
3323 4405 3553 4476 primam
3600 4417 3653 4461 et
3694 4422 3778 4477 po-

560 4519 686 4572 tur;
723 4516 829 4557 n0n
870 4500 1035 4557 modo
1065 4502 1208 4555 enim
1246 4502 1446 4553 ’utorbo
1490 4499 1768 4563 laboratis,
1809 4496 1900 4551 sed
1933 4504 1990 4550 et
2029 4492 2126 4548 ιιι-

2233 4496 2492 4558 stremam
2550 4501 2675 4556 dico
2743 4496 2961 4555 so'rores
3027 4515 3316 4569 germanas
3390 4494 3781 4568 consequuntur

558 4610 713 4666 gere,
772 4590 991 4663 vigiliis,
1039 4590 1243 4654 Esurio,
1278 4590 1494 4659 'sitique
1542 4587 1831 4642 la'bascens
1893 4600 1957 4640 ae
1997 4582 2127 4639 deli-

558 4688 710 4742 ciens
738 4684 889 4739 humi
919 4672 1279 4753 prevolvithr,
1316 4675 1666 4748 corteitatque
1718 4680 1784 4733 ad
1815 4678 2128 4733 misericor-

560 4778 705 4836 diam
741 4772 949 4842 hostes,
992 4770 1190 4829 dedum
1228 4772 1313 4827 uie
1348 4769 1607 4825 nascendi
1638 4784 1703 4823 ac
1734 4770 2156 4834 viviscendi,et,

564 4873 810 4945 profecto
846 4863 1169 4926 renaScendi
1218 4870 1384 4935 atque
1430 4860 1792 4919 reviviscendi
1825 4862 2028 4916 sociam
2075 4870 2129 4913 et

560 4960 899 5055 participem;

632 5146 716 5206 Me
739 5142 1036 5205 miseram!
1073 5137 1202 5216 quid
1230 5141 1411 5217 patiar,
1444 5150 1539 5197 aut
1581 5138 1802 5205 faciam,
1850 5154 1973 5195 cum
2020 5134 2127 5195 tam

562 5234 958 5310 multiplicibus
992 5223 1155 5291 malis
1198 5230 1424 5298 praedito
1472 5233 1624 5288 socio
1661 5230 1946 5298 cdtljnncta
1974 5272 1990 5298 ,
2038 5235 2143 5287 iis-'

564 5336 799 5404 demqtte
848 5330 1041 5386 affecta
1069 5373 1082 5396 ,
1145 5330 1268 5384 cum
1326 5336 1432 5397 quo
1477 5316 1721 5395 apue'ris
1762 5326 1816 5379 in
1851 5322 2125 5380 .eumdetit

562 5412 922 5502 ignoratidnis
959 5424 1182 5482 fundum
1217 5424 1476 5492 depellar,
1515 5433 1568 5474 et
1617 5434 1739 5473 eum
1780 5428 1888 5485 quo
1916 5415 2129 5482 juveni-

563 5512 1217 5581 liter‘advcontuiue‘lias
1267 5514 1573 5589 prolabewi
1620 5506 1939 5579 corripiOr?
2004 5518 2125 5562 cum

2232 4590 2577 4651 excrementa
2614 4588 2908 4664 superflua,
2961 4588 3172 4645 calvam
3209 4588 3539 4657 depilatam;
3592 4590 3783 4643 accedit

2234 4690 2341 4743 hue
2370 4703 2431 4742 os
2479 4676 2778 4741 salivosum
2806 4693 2862 4738 et
2904 4677 3245 4745 edentulum,
3287 4681 3578 4751 lacrymosi
3608 4692 3661 4734 et
3692 4678 3779 4734 hu-

2235 4791 2442 4835 mentes
2469 4770 2635 4841 oculi,
2671 4790 2831 4829 nares
2855 4768 3108 4834 mucosa},
3132 4772 3296 4840 pedes
3314 4771 3508 4841 partim
3534 4772 3777 4833 nondmn,

2236 4872 2430 4940 partitn
2470 4862 2574 4921 non
2623 4861 2857 4933 amplius
2896 4862 2963 4917 ad
3018 4859 3432 4931 ingrediendum
3493 4860 3696 4915 habiles
3732 4868 3777 4915 et

2235 4964 2343 5033 apti
2374 4981 2387 5017 :
2416 4958 2790 5014 membrorum
2823 4954 2949 5010 item
3004 4955 3236 5008 tremula
3290 4954 3680 5020 inconstantia,
3731 4963 3773 5007 et

2237 5042 2401 5109 tutius
2429 5046 3105 5121 corporisconqnaSSatio.
3138 5045 3242 5101 Sed
3270 5060 3555 5114 quousque
3572 5047 3779 5100 recitare

2237 5143 2509 5199 contendo
2539 5138 2788 5211 carperis
2821 5138 3005 5191 omnia
3057 5136 3231 5191 tristia
3261 5135 3400 5190 mala
3441 5136 3643 5205 quibus
3671 5132 3777 5188 alfe.

2238 5242 2407 5298 etum,
2428 5242 2523 5287 aut
2553 5234 2641 5285 me
2675 5230 2871 5285 misere
2898 5216 2972 5282 ad
3002 5226 3493 5283 condolesceudum
3532 5220 3776 5290 attrahit,

2242 5332 2338 5381 aut
2377 5324 2631 5377 miserius
2664 5321 2727 5374 ad
2763 5319 3143 5374 collmtandum
3175 5315 3447 5385 corripit?
3484 5314 3780 5386 Igiturmul-

2244 5404 2312 5471 tis
2348 5413 2749 5485 praetermiSsis,
2782 5426 2846 5463 ac
2882 5411 3201 5463 morborum
3242 5407 3585 5462 examinibus
3617 5417 3778 5472 pertr-

2243 5506 2385 5570 ritis,
2434 5522 2465 5560 a
2512 5500 2731 5574 quibus.
2785 5503 2916 5555 dum
2946 5498 3180 5563 fovetur,
3225 5501 3387 5568 riget,
3429 5497 3657 5551 artubus
3687 5504 3779 5547 tor-

569 5619 751 5687 ipsum‘
795 5610 1053 5669 membris
1084 5612 1228 5679 viget
1261 5585 1401 5670 suis,
1443 5585 1697 5671 equidem
1741 5602 1958 5668 indigne
2001 5600 2134 5665 fero,
2180 5642 2210 5673 ρ
2244 5588 2463 5669 quetur,
2506 5608 2579 5663 et,
2615 5606 2670 5648 ut
2698 5596 2885 5664 pancis
2923 5595 3231 5655 absolvam,
3272 5594 3398 5645 dum
3430 5588 3569 5644 male
3619 5585 3775 5687 habet,

564 5720 802 5776 curnque
837 5720 922 5759 me
953 5705 1018 5757 ad
1050 5703 1279 5756 nefanda
1310 5698 1552 5750 facinora
1578 5694 1755 5760 rapit;
1782 5706 1902 5744 cum
1942 5707 2132 5745 rursus

561 5798 823 5868 amigitur
873 5798 1091 5859 misere,
1121 5788 1690 5853 rcflexadistorqucor,
1722 5794 1774 5836 ct
1802 5798 2138 5840 tuausuesro.

2246 5688 2608 5755 concrucior;
2652 5686 2967 5741 summatim
3020 5684 3270 5752 colligam
3321 5681 3599 5736 infestiora
3657 5674 3774 5729 mala

2250 5785 2444 5853 quibus
2469 5781 2741 5835 immerito
2767 5774 2993 5831 afﬁcior.
3042 5773 3111 5829 Ut
3151 5772 3485 5827 naturalibus
3521 5762 3773 5853 facultati-
