4180 6308
412 421 526 486 973
1743 416 2327 482 PROSOPOPCEl/E.
3562 422 3679 491 974

414 539 518 593 bus
576 536 807 590 abusum
870 532 937 586 ad
987 532 1237 586 vitiosam
1296 530 1604 585 satietatem
1654 540 1707 585 et
1763 529 1997 586 delicias
2028 539 2073 593 Α
2105 536 2364 606 iniuriam
2413 535 2608 606 patiar,
2658 540 2999 606 permittere.
3038 537 3101 591 Si
3137 540 3281 592 enim
3321 540 3674 608 evangelicus

416 627 601 690 fuerit,
634 620 1043 680 demonstravi:
1078 632 1244 689 utque
1272 621 1404 675 mihi
1436 622 1656 676 conanti
1681 622 1987 692 providere,
2098 632 2189 687 me
2211 634 2402 703 iudex,
2436 648 2612 701 neque
2647 635 2811 689 Deum
2852 634 3174 700 formidans,
3213 651 3388 706 neque
3423 635 3674 689 homines

413 726 469 779 et
505 722 571 776 ad
604 717 942 774 moderatius
970 717 1099 768 vitae
1120 730 1289 784 genus
1314 728 1591 779 revocare,
1625 714 1888 769 restiterit
1935 723 1991 768 et

2098 727 2388 791 reveritus,
2457 727 2880 782 vindicationem
2954 743 3252 800 aggressus
3304 737 3419 792 est,
3467 736 3674 797 quanto

419 810 795 875 insurrexerit,
858 807 1084 862 liberam
1141 806 1358 860 vivendi
1408 805 1864 860 consuetudinem
1934 814 1991 857 nt
2099 819 2275 884 magis
2329 833 2425 872 vos
2460 819 2945 882 vindicabitismc,
2982 818 3074 887 qui
3108 824 3162 871 ει
3199 816 3464 886 τειίείοηο
3494 818 3669 872 saucii

419 911 589 977 legem
648 896 983 957 immobilem
1044 896 1424 969 prmtendens,
1485 906 1538 953 et
1587 908 1645 951 ut
1697 896 1993 950 indomitus

2096 910 2252 973 estis,
2294 920 2347 963 et
2384 925 2563 961 rerum
2603 910 2965 963 humanarum
3012 909 3258 978 providi?
3291 908 3425 963 Nam
3470 908 3519 961 ei
3558 923 3671 961 rne-

417 1000 686 1070 quispiam
750 994 979 1057 vitulus,
1038 990 1231 1061 iugum
1286 990 1572 1044 servitutis
1630 988 1993 1059 ignominiose

2100 1002 2209 1056 rito
2243 1016 2310 1055 ne
2338 1014 2619 1072 parcatur,
2648 1005 2693 1056 si
2741 1002 2863 1071 eius
2899 1011 3108 1057 naturae
3136 1003 3282 1072 quod
3329 1013 3414 1057 est
3462 1002 3672 1057 luctuo-

415 1090 728 1159 despicicns
775 1092 829 1139 et
888 1083 1151 1152 iniuriam
1195 1082 1435 1150 spirans,
1474 1092 1529 1135 et
1577 1082 1799 1135 taurino
1839 1093 1994 1133 more

2096 1110 2219 1148 sum
2248 1103 2301 1148 et
2336 1094 2649 1148 miserabile
2692 1102 3048 1149 convertatur
3092 1096 3157 1148 ad
3193 1095 3617 1165 supplicandum
3656 1114 3668 1150 :

414 1181 697 1237 δωνίοιιεε
754 1174 1015 1244 qumque
1059 1173 1324 1242 ετεινὶυε.
1388 1177 1447 1224 ιη
1494 1179 1706 1224 "alma?
1756 1170 1891 1223 ⁵⁸³⁸
1940 1177 1993 1222 εί
2098 1189 2191 1242 sed
2238 1187 2307 1240 ab
2358 1186 2480 1255 ejus
2510 1186 2779 1241 seditione
2807 1186 3213 1256 manifestaque
3262 1187 3549 1257 tyrannide
3575 1203 3673 1242 vos

417 1283 599 1329 cenas
640 1271 786 1339 leges
820 1266 1120 1321 ίτθηεηίδί·
1161 1263 1298 1317 Nam
1333 1278 1457 1317 cum
1488 1271 1752 1316 δίθίίηυιη
1805 1263 1895 1325 Si"
1937 1270 1997 1317 ιη
2099 1282 2474 1347 abhorrentes,
2522 1294 2553 1334 a
2602 1279 2820 1337 duobus
2874 1280 3105 1335 alterum
3154 1280 3301 1350 iuste
3361 1280 3673 1336 faciendum

340 1390 343 1395 ‘
417 1383 508 1423 mc
533 1365 750 1425 ducem,
781 1375 905 1429 qua?
935 1356 1167 1412 ι’ῧῑῖοηῖε
1202 1371 1324 1411 ευίη
1359 1357 1657 1426 Ρθτῑίθθβεν
1698 1364 1752 1408 εί
1789 1355 1851 1408 i‘d
1889 1355 1995 1408 im‘
2099 1373 2355 1427 statuatis
2390 1391 2404 1428 :
2435 1381 2535 1426 aut
2568 1381 2626 1426 ut
2675 1372 2805 1425 mihi
2865 1373 3024 1427 detur
3058 1374 3131 1428 ita
3166 1389 3288 1437 meo
3327 1374 3674 1430 tractandum

417 1457 718 1529 βετειηάυιη
751 1451 986 1506 habilior
1009 1447 1784 1559 θιῧρῑίοτνεοεῖυπίυτθίξξευω
1810 1445 1995 1515 Pullus
2099 1463 2352 1526 arbitrio,
2405 1465 2794 1534 torquendum,
2846 1462 3032 1559 liagris
3084 1467 3433 1532 caedendum,
3494 1469 3676 1528 inedia

416 1553 689 1620 imperare
718 1544 855 1600 mihi
889 1541 1192 1608 comend":
1246 1550 1304 1595 ιιι
1336 1542 1520 1605 "Elim.
1551 1540 1742 1604 "0m",
1782 1542 1847 1593 πά
1886 1553 1994 1591 “"3
2098 1554 2506 1621 suﬂ‘ocandum,
2538 1558 2682 1609 omni
2726 1540 3130 1611 tormentorum
3170 1573 3368 1627 genere
3420 1563 3677 1615 crucian-

416 1637 819 1712 suppeditanda
872 1634 1173 1704 voluptatis
1219 1632 1509 1687 ellicientia
1564 1633 1888 1701 pertrahar,
1942 1640 1997 1683 et

2100 1648 2251 1708 dum,
2296 1657 2355 1699 ut
2399 1662 2427 1699 a
2482 1663 2566 1700 me
2603 1657 2878 1715 gestorum
2936 1650 3078 1703 ratio
3138 1650 3286 1702 nulla
3331 1661 3673 1718 reposcatur,

416 1736 675 1792 indecore
703 1745 790 1785 me
822 1743 949 1784 cum
983 1743 1048 1783 eo
1072 1740 1281 1796 geram,
1319 1725 1484 1778 veluti
1521 1725 1759 1793 quadam
1787 1721 2019 1815 duplici‘

2101 1739 2267 1791 etiam
2325 1738 2373 1792 si
2419 1738 2745 1792 mutilavero
2803 1748 2859 1792 et
2913 1739 3135 1793 omnino
3180 1738 3525 1795 confecero:
3581 1752 3675 1794 aut

415 1831 525 1887 telo
555 1842 716 1883 manu
736 1835 970 1891 armata,
1005 1821 1401 1876 violentissima
1430 1820 1778 1888 captivitate,
1810 1829 1865 1871 et
1893 1818 1995 1870 ἰητ-
2029 1878 2066 1897 η

2029 1878 2070 1897 η
2103 1830 2398 1896 apostolica
2433 1830 2804 1896 aemulatione,
2851 1827 3068 1884 Satanae
3116 1831 3418 1897 communi,
3452 1832 3571 1885 diro
3623 1844 3678 1887 et

417 1935 644 1998 postura
673 1920 807 1975 nihil
839 1934 948 1975 non
974 1917 1247 1973 alliciente
1292 1923 1589 1985 pertracta.
1623 1912 1992 1966 Molestiarum
2026 1878 2071 1938 Β
2102 1920 2320 1991 ναωίεο
2371 1921 2565 1976 {omni
2603 1922 2835 1995 "aqum
2894 1921 3138 1988 ριιοι-υηι
3184 1922 3330 1976 enim
3387 1936 3514 1977 vasa
3550 1922 3677 1977 rem,

417 2019 582 2073 etiam
620 2027 760 2084 quas
791 2009 1029 2080 aspergit
1063 2007 1222 2071 mihi,
1278 2015 1393 2060 tum
1428 2006 1481 2058 in
1545 2001 1765 2072 puerili,
1789 2011 1900 2054 ῐιιηι
1941 2000 1994 2052 in
2100 2023 2332 2066 terrenas
2358 2008 2617 2075 incolant,
2648 2021 2706 2066 ut
2733 2024 2817 2068 est
2850 2015 2901 2067 in
2934 2014 3161 2070 oraculo
3194 2014 3465 2085 (incolunt
3492 2025 3675 2070 autem

417 2117 579 2164 actate
609 2103 797 2168 senili,
846 2101 947 2156 etsi
1007 2106 1204 2154 natura
1236 2095 1675 2165 inculpabilium,
1712 2091 1991 2146 miseriam
2100 2103 2605 2170 perturbationibus
2629 2103 3020 2172 incidentibus)
3044 2118 3238 2159 eorum
3263 2117 3318 2159 et
3359 2120 3535 2176 paenae
3567 2107 3679 2162 sint

420 2215 606 2257 tamen
662 2193 1167 2266 multiplicantium,
1219 2185 1542 2256 tragmdiam
1595 2184 1772 2238 obiter
1819 2183 1994 2251 attigi.

2100 2194 2411 2248 mortalium
2451 2193 2846 2263 sull‘ocatrices.
2901 2195 2978 2250 lta
3034 2198 3404 2263 verberatum,
3453 2197 3676 2252 demens

415 2293 588 2361 Quasi
623 2292 768 2346 enim
801 2302 909 2342 non
943 2283 1252 2341 sufﬁcerent
1298 2280 1476 2335 :etatis
1507 2277 1741 2346 vigentis
1784 2286 1837 2330 et
1889 2275 1997 2328 ler-
2100 2293 2337 2337 mentem
2375 2280 2517 2338 fere;
2549 2299 2717 2354 seque
2754 2284 2973 2340 tandem
3021 2296 3302 2354 agnoscet,
3331 2296 3379 2341 ει
3428 2302 3459 2340 ει
3516 2297 3678 2357 pem-

419 2383 691 2441 vescentis
723 2380 790 2435 ad
820 2392 907 2432 res
939 2374 1289 2445 turpissimas
1322 2372 1489 2433 mala,
1522 2373 1689 2424 etiam
1722 2382 1845 2437 qum
1867 2366 1995 2421 huic
2102 2377 2274 2431 lautia
2295 2378 2556 2442 cessabit.
2587 2364 2651 2432 ex
2706 2395 2879 2453 eoque
2924 2381 3067 2450 quod
3114 2388 3234 2434 erat
3278 2388 3559 2437 armatura
3597 2381 3679 2434 ῖη-

423 2475 769 2546 interiacent,
826 2485 956 2526 suas
1008 2483 1230 2539 quoque
1269 2464 1612 2519 calamitates
1661 2463 1767 2515 huc
1809 2457 1997 2514 conte-

2125 2466 2354 2532 ustitiae,
2421 2468 2490 2522 ad
2547 2468 2778 2537 iustitiae
2831 2469 3182 2523 commodum
3251 2468 3675 2524 instrumentum
3747 2518 3767 2531 .

424 2576 574 2626 runt.
603 2567 670 2622 Et
690 2564 1019 2623 omnibusin
1054 2563 1218 2618 rebus
1252 2568 1488 2631 quantas
1516 2558 1841 2628 quotiesque
1862 2554 1996 2609 mihi
2054 2582 2055 2585 η
2099 2567 2473 2613 convertetur.
2510 2557 2697 2628 Itaque
2749 2560 2803 2614 in
2852 2569 3135 2630 posterum
3172 2559 3538 2615 seditionibus
3564 2574 3677 2613 non

419 2659 852 2717 contumeliosas
891 2669 1170 2711 aerumnas
1207 2654 1312 2708 hoc
1341 2652 1463 2707 lene
1500 2664 1700 2718 corpus
1726 2647 1997 2709 infundat,
2104 2651 2461 2723 agitabimur,
2487 2666 2591 2707 nec
2632 2651 2805 2707 altero
2836 2652 3073 2707 alterum
3114 2652 3248 2724 iugo
3277 2653 3548 2718 nitemur;
3583 2653 3679 2707 sed

421 2752 615 2809 leviter
662 2749 873 2819 aperui.
922 2747 999 2803 Ne
1067 2743 1300 2817 posthac
1339 2742 1504 2814 igitur
1548 2750 1660 2796 tam
1709 2740 1999 2795 inhoneste
2103 2744 2364 2801 concordi
2394 2745 2801 2813 conspiratione
2830 2752 2886 2800 et
2908 2759 3183 2801 consensu
3221 2745 3447 2815 iunctas
3478 2760 3678 2816 operas

422 2847 605 2915 imago
632 2842 729 2898 Dei
759 2841 827 2896 ab
874 2840 978 2895 bac
1020 2839 1168 2893 lutea
1220 2834 1463 2905 conjuge
1488 2840 1761 2905 turpetur,
1809 2840 1863 2885 et
1904 2833 2006 2885 do-
2108 2839 2162 2890 in
2189 2839 2352 2892 rebus
2398 2836 2641 2892 honestis
2673 2847 2727 2892 et
2751 2828 2912 2893 seriis
2937 2837 3332 2895 collocabimus
3355 2880 3370 2905 ,
3404 2848 3459 2894 et
3490 2840 3678 2909 conju-

422 2939 573 2995 miua
625 2934 920 3003 mancipati
971 2929 1334 2999 dominationi
1372 2927 1716 2997 subiiciatur,
1755 2930 1997 2980 vestrum
2104 2941 2346 2998 gatorem
2378 2936 2621 2983 nostrum
2664 2927 2933 2997 colemus,
2973 2944 3038 2984 ac
3071 2929 3232 2986 nobis
3268 2930 3404 3001 ipsis
3448 2931 3683 3000 promis»

423 3039 511 3085 est
538 3036 591 3082 et
624 3026 921 3096 reliquum,
955 3023 1194 3092 iudices,
1246 3019 1501 3090 suffragia
1545 3019 1713 3083 ferre,
1756 3018 2002 3088 injuriae-

2107 3038 2223 3076 sam
2295 3012 2443 3075 illaut
2502 3021 2941 3088 beatitudinem,
3004 3022 3467 3079 intercedentibus
3526 3024 3677 3079 vobis

420 3137 532 3192 que
590 3135 682 3175 reo
726 3132 943 3190 poenam
998 3116 1359 3180 constituere,
1403 3129 1504 3169 nec
1535 3123 1593 3168 ut
1621 3128 1722 3181 ego
1773 3112 2001 3182 p03thac
2028 3172 2073 3231 ο
2106 3113 2325 3166 arbitris
2350 3123 2404 3167 et
2431 3112 2647 3181 legatis,
2678 3114 3046 3184 comparaturi
3078 3129 3296 3170 sumus.

586 3508 922 3575 ALTERA
963 3504 1545 3585 ,υΕοιΑΜΑΤιο
1576 3553 1594 3579 ,
1627 3504 1822 3582 ΩΙ]Δί
1845 3505 1967 3567 ΕΤ
1988 3504 2184 3568 [PSA
2232 3559 2237 3567 .

1860 3505 1967 3567 ΕΤ
1988 3504 2184 3568 [PSA
2232 3506 2404 3569 EST
2432 3507 2864 3601 ASSUMPTI
2876 3511 2971 3574 γΑ
3002 3514 3337 3575 narum
3354 3480 3511 3571 1‘10.

1699 3701 1938 3777 Quibus
1968 3701 2175 3763 verbis
2222 3722 2453 3783 corpus

929 3865 1154 3916 contra
1184 3860 1445 3914 mentem
1484 3854 1547 3914 in
1572 3852 1817 3933 judicio
1847 3855 2222 3918 contendens
2251 3876 2463 3919 coram
2496 3857 2827 3937 judicibus
2858 3863 2954 3923 uti
2980 3866 3201 3940 possit.

504 4035 565 4091 ln
598 4044 685 4091 me
708 4042 845 4102 quot
897 4029 1172 4095 convicia,
1212 4036 1343 4097 quot
1381 4026 1761 4088 contumelias,
1809 4034 2011 4095 quanta
2106 4027 2380 4096 iudicium
2405 4030 2791 4099 vilipendebat,
2831 4042 2889 4086 ut
2927 4036 3128 4089 alicubi
3185 4040 3300 4106 ipse
3332 4042 3532 4110 inquit;
3584 4062 3682 4102 nec

429 4130 631 4190 “vim
669 4135 929 4195 congesta
971 4137 1126 4177 mens
1173 4122 1273 4177 ista
1322 4120 1506 4189 gravis
1539 4116 1813 4181 ell‘u'derit,
1848 4117 2009 4186 quasi
2111 4116 2357 4186 profecto
2391 4123 2687 4185 mentitur;
2726 4138 2847 4174 nam
2890 4136 3086 4191 praeter
3117 4126 3221 4179 alia
3258 4128 3396 4184 bona
3438 4144 3489 4186 et
3520 4141 3684 4193 Itone

430 4221 757 4282 cotttmdiam
789 4214 1306 4289 agerctintbeatro.
1344 4211 1834 4266 nouaccusaretin
1866 4210 2009 4274 foro,
2111 4218 2216 4276 sta,
2270 4211 2434 4264 etiam
2490 4211 2727 4271 hominis
2760 4216 2969 4269 veracis
3025 4220 3397 4276 testimonium
3451 4230 3683 4298 accepit.

432 4316 666 4375 audistis
706 4326 860 4379 sane,
892 4307 1218 4364 divinisslmi
1248 4306 1508 4375 iudices;
1557 4303 1732 4357 soluta
1770 4302 1916 4357 enim
1959 4312 2013 4357 et
2112 4299 2300 4371 Neque
2322 4312 2471 4357 certe
2499 4302 2642 4359 Deus
2672 4302 2739 4357 ab
2775 4305 2892 4374 ipso
2922 4305 3027 4362 Job
3056 4309 3110 4365 in
3144 4310 3410 4381 judicium
3432 4331 3680 4385 vocatus.
3725 4381 3728 4383 Α

434 4411 605 4466 libera
637 4407 845 4477 lingua,
883 4419 950 4458 ne
973 4401 1101 4472 quid
1135 4399 1257 4470 plus
1281 4397 1534 4462 dixerim,
1562 4397 1707 4466 large
1735 4393 2014 4463 eli‘useque
2116 4406 2177 4451 ut
2228 4398 2653 4454 conviciatorem
2696 4402 3068 4470 reprehendit.
3110 4405 3351 4473 Quidni?
3393 4413 3483 4481 qui
3540 4417 3683 4483 apud

434 4517 534 4558 usa
556 4511 661 4565 est,
689 4513 799 4552 non
828 4505 1086 4566 tanquam
1127 4498 1417 4556 conServo,
1445 4499 1561 4556 aut,
1594 4499 1653 4543 ut
1684 4489 1800 4558 ipsa
1832 4486 2010 4557 loqui-
2048 4487 2090 4542 D
2120 4489 2363 4544 divinum
2420 4487 2638 4559 Isaiam,
2677 4511 2698 4543 ‹
2738 4490 2951 4563 Venite,
2985 4498 3180 4567 inquit,
3210 4511 3266 4557 et
3314 4484 3685 4574 disceptemus

436 4591 888 4663 tur,,coniugato
951 4600 1203 4659 parcens,
1264 4586 1360 4639 sed
1416 4591 1478 4638 ut
1559 4583 1613 4636 in
1676 4581 2006 4649 ntattcipium
2116 4596 2241 4635 cum
2294 4581 2429 4637 viris
2479 4583 2960 4655 delinquentibus;
3005 4608 3025 4642 ι
3095 4603 3149 4647 et
3221 4597 3362 4664 apud
3427 4614 3683 4666 magnum

437 4700 666 4760 argento
690 4678 1411 4751 redemptumiuvehens,ct
1436 4684 1644 4728 tantum
1673 4689 1781 4725 non
1804 4687 2013 4743 pugnos
2123 4671 2374 4727 Davidem
2423 4674 2697 4730 inducitur
2754 4677 3111 4747 iustiﬁcatus,
3178 4694 3235 4739 et
3289 4686 3510 4743 vincens
3558 4706 3685 4747 cum

439 4780 689 4835 crebros-
723 4775 1053 4845 impingens.
1121 4769 1232 4840 Ego
1289 4784 1416 4821 vero
1478 4776 1768 4837 p0stquam
1836 4776 2011 4818 vestra
2115 4763 2415 4833 iudicatur.
2447 4763 2619 4835 Igitur
2647 4776 2702 4822 et
2737 4770 2851 4823 haec
2881 4786 3004 4839 qua:
3038 4772 3128 4826 Dei
3163 4763 3326 4828 refert
3371 4781 3684 4850 imaginem,

443 4872 575 4926 mihi
630 4868 863 4938 mquitas
911 4863 1121 4918 dicendi
1168 4862 1345 4915 locum
1381 4861 1492 4925 dat,
1528 4859 1664 4912 nihil
1713 4873 1833 4912 sum
1879 4858 2014 4911 levis
2118 4855 2380 4925 exemplis
2412 4855 2711 4913 bonitatem
2744 4860 2891 4914 illam
2942 4864 3206 4930 imitetur,
3230 4875 3288 4919 et
3316 4882 3513 4939 magno
3545 4888 3689 4940 pra:-

442 4961 701 5017 montenti
726 4957 971 5013 vitiosive
989 4954 1291 5019 dicturum;
1317 4951 1456 5006 bona
1480 4951 1623 5006 enim
1648 4956 1810 5005 verba
1832 4951 2016 5005 dican-

2120 4947 2230 5001 dita
2258 4948 2445 5003 animo
2477 4951 2743 5019 patienter
2767 4952 2906 5007 hanc
2931 4954 3045 5011 sive
3068 4955 3463 5022 iudicationem
3505 4966 3690 5032 appel-

444 5063 536 5108 tur
569 5066 787 5106 necesse
830 5056 934 5111 est,
977 5046 1069 5100 sed
1119 5060 1241 5115 qua:
1267 5044 1496 5097 crimina
1538 5043 1825 5097 intentavit
1854 5040 2011 5105 mihi,
2121 5039 2259 5107 lare,
2294 5041 2409 5096 sive
2438 5042 2601 5097 etiam
2643 5043 3070 5112 disputationem
3100 5058 3337 5115 oportet,
3393 5055 3685 5118 sustineat,

443 5163 508 5203 ea
535 5153 592 5198 ut
618 5152 808 5213 potero
844 5138 1147 5196 dissolvere
1178 5136 1441 5200 conabor,
1472 5136 1641 5191 semel
1693 5146 1877 5190 autem
1912 5134 2015 5189 hoc
2119 5131 2436 5203 eisdemque
2469 5134 2778 5191 rationibus
2806 5138 2974 5191 animi
3014 5139 3218 5208 quibus
3269 5142 3381 5204 ille,
3416 5144 3690 5203 fortitudi-

447 5252 691 5307 tempore
720 5235 848 5289 mihi
880 5246 1145 5288 concessa
1184 5246 1248 5285 ex
1280 5243 1437 5297 teque
1468 5226 1683 5284 dicendi
1731 5225 2012 5290 facultate,
2121 5222 2210 5279 nis
2239 5224 2590 5280 adamantina
2621 5241 2896 5296 aureaque
2924 5239 3126 5294 statua,
3177 5233 3474 5290 fatitulares
3503 5250 3690 5293 contra

448 5348 545 5386 vos
574 5330 744 5385 orabo
768 5325 1207 5394 obtestaborque,
1239 5331 1493 5376 utmeam
1514 5318 1784 5372 dominam
1809 5316 2015 5372 interea
2125 5328 2185 5368 se
2214 5313 2353 5384 iuris
2385 5315 2624 5370 actiones
2665 5314 2895 5372 ferebat.
2950 5318 3242 5387 Utrumne,
3288 5325 3470 5381 aiebat
3501 5330 3691 5385 beatus

451 5422 728 5491 tnitigetis,
766 5418 1035 5490 siquidem
1083 5414 1303 5484 indigna
1347 5426 1407 5467 se
1438 5410 1547 5479 pati
1580 5422 1828 5473 censeas,
1877 5409 2014 5464 irata
2126 5405 2238 5473 ille,
2292 5421 2399 5462 non
2453 5410 2595 5463 sicut
2650 5419 2704 5461 ct
2749 5425 2846 5479 ego
2894 5412 2946 5464 in
3000 5423 3154 5468 utero
3202 5416 3302 5483 iui,
3344 5420 3416 5472 illi
3474 5437 3692 5491 quoque

453 5521 624 5568 uncam
649 5512 801 5567 audit
849 5508 1173 5569 orationem,
1212 5496 1371 5575 idque
1424 5502 1585 5555 aliam
1630 5500 2014 5554 contumeliam
2127 5496 2365 5552 fuerint?
2396 5497 2548 5563 Quod
2582 5498 2628 5554 si
2655 5497 2795 5554 forte
2820 5503 3041 5569 perinde
3068 5508 3381 5561 ratiocinari
3405 5511 3692 5581 dicereque

452 5607 871 5673 interpretatur,
901 5603 1044 5671 quod
1072 5598 1228 5650 initio
1250 5599 1351 5650 sim
1384 5609 1578 5647 ausum
1603 5592 2011 5647 contradicere:
2120 5606 2184 5644 ac
2216 5589 2305 5644 ille
2332 5590 2516 5659 iustus
2542 5588 2665 5657 Job,
2700 5604 2933 5656 recuset,
2968 5609 3025 5650 ut
3053 5613 3153 5666 ego
3178 5600 3364 5652 saltem
3390 5604 3504 5655 vice
3533 5620 3687 5660 Versa

454 5710 622 5763 utque
644 5693 795 5747 vobis
818 5687 1070 5745 veniatin
1097 5698 1331 5740 tuentem
1358 5682 1817 5753 quemadmodum
1839 5696 2016 5751 neque
2125 5681 2324 5744 dicam,
2354 5682 2659 5746 concedite,
2707 5700 3020 5755 quanquam
3055 5689 3396 5745 dissimiliter
3443 5694 3636 5747 similia
3671 5715 3686 5751 :

453 5787 554 5843 Job
607 5784 695 5838 ille
753 5783 974 5837 divinus
997 5796 1219 5837 suorum
1264 5778 1434 5846 ipsius
1480 5773 1806 5827 lanmlorum
1858 5774 1926 5829 de
1957 5789 2016 5828 se
2122 5788 2231 5842 qua
2284 5773 2392 5828 illic
2426 5776 2592 5829 uerus
2624 5790 2750 5839 erga
2794 5777 3027 5834 famulos
3055 5780 3308 5850 aequabili
3361 5784 3545 5837 animo
3577 5795 3693 5843 uto—
