4180 6308
552 354 662 420 975
720 311 723 313 ί

1785 341 2168 407 GREGORII
2205 342 2531 405 PALAME

3697 336 3802 403 976

552 468 747 529 batur;
778 460 870 517 hic
921 475 1050 533 erga
1108 458 1387 516 dominam
1452 474 1554 531 ego
1605 473 1823 512 servum
1885 455 2200 511 libertateA
2231 454 2509 523 particeps
2573 452 2822 523 ejusdem
2888 448 3175 522 dignitatis
3206 462 3332 506 cum
3395 456 3577 505 mente
3637 450 3802 507 conii-

553 563 702 608 utor.
764 551 1021 620 Nunquid
1065 563 1171 604 non
1204 557 1260 604 et
1310 548 1426 617 ipsa
1470 563 1634 601 manu
1686 546 1775 599 Dei
1806 554 1991 599 creata
2022 551 2127 607 est,

550 656 615 698 ut
649 660 749 714 ego
779 642 1002 698 fictum?
1034 657 1143 696 non
1176 643 1318 696 enim
1361 656 1420 694 se
1475 639 1569 694 Dei
1624 647 1931 693 creaturam
1974 650 2131 706 nega-

554 740 655 805 bit,
692 735 903 791 tametsi
939 733 1194 789 fortassis
1245 732 1580 803 figmentum,
1611 743 1668 786 ut
1700 746 1823 801 quae
1860 729 2040 784 divina
2061 729 2132 783 sit

554 829 848 901 inspiratio
882 839 900 889 :
929 840 1105 896 neque
1137 825 1279 879 male
1306 823 1518 879 feriatis
1553 823 1867 878 hominibus
1902 822 2128 889 decepta

555 920 903 999 persuadebit
931 934 1193 988 unquam,
1238 921 1383 987 quod
1417 916 1670 972 essentia:
1710 914 1907 969 divinae
1958 910 2130 967 deflu—

554 1018 704 1070 vium
751 1014 844 1075 sit.
906 1012 999 1083 qui
1060 1012 1278 1081 quidem
1335 1018 1600 1081 quantum
1657 1006 2024 1078 magnifacere
2076 1011 2131 1058 et

556 1108 816 1164 extollere
843 1106 1171 1162 Studuerunt
1191 1118 1335 1168 eam,
1369 1102 1616 1173 ejusdem
1646 1116 1771 1155 cum
1807 1100 1919 1155 Deo
1960 1106 2124 1153 natu-

557 1218 630 1257 ra:
680 1200 1020 1263 definientes,
1065 1206 1269 1252 tantmn
1343 1195 1714 1264 imprudentes
1734 1193 1980 1249 eamdem
2000 1206 2133 1247 con-

554 1292 711 1347 viciis
743 1291 1067 1354 atiecerunt,
1102 1287 1169 1341 ad
1199 1285 1424 1349 bestias,
1461 1284 1688 1339 frutices
1719 1296 1773 1339 et
1808 1298 2130 1339 cucumeres

555 1381 948 1450 deprimentes,
982 1392 1083 1432 nec
1110 1376 1161 1430 ei
1217 1377 1395 1430 solum
1465 1375 1821 1429 immodicum
1864 1372 2128 1427 honorem

556 1486 610 1531 ct
640 1475 946 1538 infamiam,
989 1472 1081 1527 sed
1128 1481 1183 1526 et
1231 1484 1507 1539 suprema:
1559 1469 1633 1522 illi
1686 1477 1894 1522 naturae
1940 1476 2134 1520 contu-

556 1569 752 1623 melias
788 1567 1185 1633 intorquentes.
1221 1561 1353 1615 Nam
1424 1575 1551 1616 cum
1582 1558 1960 1614 constituisset
1990 1555 2131 1611 Deus

557 1660 836 1714 hominem
869 1657 1120 1725 effingere
1139 1655 1225 1725 (ad
1253 1654 1470 1708 initium
1495 1651 1642 1707 enim
1678 1648 1959 1720 proprium
1992 1646 2128 1701 mihi

559 1750 869 1806 revocanda
904 1758 989 1803 est
1019 1746 1248 1814 oratio),
1290 1761 1398 1801 non
1424 1754 1606 1805 terrae,
1635 1756 1742 1796 non
1763 1740 1922 1810 aquis
1941 1738 2128 1809 jussit,

557 1855 617 1899 ut
649 1845 794 1897 hunc
833 1854 1051 1911 quoque
1081 1838 1228 1894 sicut
1275 1847 1330 1892 et
1378 1835 1485 1890 alia
1539 1833 1897 1889 animantium
1933 1846 2130 1902 genera

558 1935 947 2005 producerent,
973 1930 1066 1984 sed
1087 1934 1311 1995 accepto
1334 1926 1558 1996 pulvere
1584 1926 1702 1995 ipse
1726 1923 2131 1978 conformavit:

550 2039 612 2081 ast
637 2035 695 2082 ut
717 2021 1082 2079 conformatio
1114 2018 1352 2075 divinior
1395 2027 1498 2084 est,
1549 2016 1623 2071 ita
1658 2026 1711 2071 et
1761 2029 1882 2069 mea
1921 2013 2134 2084 species

554 2116 857 2186 antiquior,
889 2129 998 2169 non
1026 2111 1173 2169 enim
1208 2108 1616 2182 quadrupedem
1640 2119 1694 2162 et
1720 2120 1950 2175 pronam
1983 2104 2132 2170 fecit,

559 2224 668 2262 non
700 2207 825 2262 alvo
851 2206 1140 2275 capiteque
1189 2203 1245 2258 in
1295 2210 1495 2258 terram
1539 2208 1856 2270 protensam
1909 2206 1963 2252 et
2009 2213 2136 2268 prn-

554 2308 784 2355 stratam
817 2312 1057 2368 semper,
1097 2298 1189 2351 sed
1229 2301 1439 2350 rectam
1485 2302 1543 2348 et
1592 2299 1763 2347 totam
1819 2291 2132 2357 sublimem,

558 2391 743 2462 parvis
790 2390 1012 2460 fluidcm
1051 2386 1229 2456 iisque
1286 2385 1503 2442 duobus
1545 2383 1853 2454 plantarum
1890 2382 2135 2451 vestigiis

559 2494 761 2539 terram
810 2482 1005 2536 leniter
1058 2477 1444 2547 attingentem,
1506 2489 1727 2529 sursum
1764 2482 1942 2527 autem
1972 2480 2137 2542 caput

559 2577 1116 2638 attollentem,aerem
1141 2570 1416 2637 puriorem
1458 2566 1780 2637 respirando
1801 2575 2135 2634 carpentem,

561 2678 617 2720 et
671 2666 926 2720 (scelestes
992 2660 1433 2731 pulchritudines
1488 2657 1946 2724 contemplantem
2007 2672 2023 2710 :
2071 2671 2137 2711 ac

560 2760 762 2814 nativis
792 2756 1011 2826 quidem
1047 2752 1253 2807 nudam
1305 2750 1670 2815 indumentis,
1696 2760 1749 2804 et
1779 2751 1843 2803 ad
1876 2765 1936 2805 se
1966 2759 2133 2804 tuen-

560 2853 686 2906 dam
724 2846 993 2919 prtesidiis
1028 2845 1317 2906 inermem,
1374 2842 1633 2897 manibus
1688 2849 1867 2896 tamen
1895 2855 2138 2896 commu-

561 2941 755 3004 nitam,
789 2936 1015 3010 proprio
1044 2934 1213 2990 animi
1264 2933 1495 2989 rationis
1544 2932 1851 3002 participis,
1889 2943 1944 2987 et
1975 2934 2137 2987 indu-

563 3033 701 3089 strio
755 3040 810 3086 et
861 3039 1086 3085 versuto
1114 3026 1438 3083 exercendis
1463 3025 1676 3080 artibus
1716 3025 2083 3082 instrumento
2118 3042 2133 3077 :

2158 1790 2206 1851 Β

2232 544 2438 615 ciente,
2464 542 2720 611 imaginis
2748 542 3021 612 exemplo,
3049 548 3104 595 et
3134 540 3490 597 honestarum
3526 539 3802 595 actionum

2232 636 2500 707 adjuvans
2538 649 2703 691 causa
2734 649 2880 691 sum.
2907 632 3105 689 Nixum
3132 633 3278 688 enim
3300 630 3613 702 fretumque
3638 644 3804 688 natu-

2230 744 2306 782 rae
2334 727 2574 783 hominis
2601 728 2812 783 ratione
2842 735 3008 796 atque
3032 725 3423 795 descriptione,
3449 724 3807 782 conﬁrmave—

2233 821 2358 889 rim,
2398 836 2508 876 non
2544 832 2778 877 mentem
2804 820 2976 875 solam
3009 833 3191 888 neque
3226 831 3428 888 corpus
3482 816 3662 872 solum
3716 818 3808 873 ho-

2233 913 2434 969 minem
2481 912 2612 979 dici,
2658 914 2753 967 sed
2794 920 3085 980 utrumque
3142 909 3339 973 simul,
3376 925 3539 980 quem
3578 910 3645 962 ad
3677 909 3809 963 ima-

2231 1007 2407 1074 ginem
2441 1020 2594 1061 suam
2619 1003 2815 1060 fecisse
2849 1003 2992 1058 Deus
3016 1002 3239 1057 dicitur.
3273 999 3571 1068 Nimirum,
3617 1016 3810 1071 quem-

2232 1096 2523 1153 admodum
2587 1111 2714 1153 cum
2781 1095 3002 1151 homine
3077 1092 3449 1159 communico,
3508 1094 3582 1148 ita
3642 1103 3699 1148 et
3747 1096 3813 1151 ab

2233 1189 2470 1243 humana
2533 1186 2798 1259 dignitate
2856 1185 3147 1257 participo.
3206 1185 3278 1239 At
3330 1185 3437 1240 tale
3496 1199 3623 1239 cum
3685 1188 3812 1252 sim,

2232 1295 2320 1335 me
2355 1291 2536 1337 tamen
2562 1280 2766 1350 optima
2797 1294 2949 1333 mens
2982 1294 3013 1333 e
3043 1276 3293 1347 catalogo
3324 1286 3485 1332 tantae
3513 1277 3812 1332 nobilitatis

2234 1372 2517 1451 expungit,
2542 1381 2600 1427 et
2629 1372 2793 1426 veluti
2821 1374 3068 1441 spurium
3100 1369 3338 1432 abdicat,
3370 1385 3457 1423 me
3481 1385 3726 1431 servum,
3759 1386 3813 1425 se

2233 1466 2472 1523 divinam
2502 1464 2936 1534 inspirationem,
2966 1462 3210 1532 reginam
3240 1471 3295 1516 et
3324 1477 3500 1517 meam
3529 1462 3806 1516 dominam

2233 1558 2538 1625 appellans.
2570 1555 2648 1610 Ac
2681 1556 2978 1624 potuissem
3009 1555 3264 1624 equidem
3299 1555 3586 1624 operosius
3616 1564 3670 1608 et
3701 1555 3811 1608 elli-

2232 1648 2418 1702 cacius
2449 1647 2595 1701 hunc
2625 1655 2858 1701 tractare
2884 1645 3086 1711 locum,
3112 1645 3454 1714 suadereque
3485 1662 3551 1700 ne
3580 1648 3812 1716 amplius

2233 1753 2453 1793 servum
2489 1746 2709 1794 vocaret
2743 1752 2829 1792 me
2863 1750 3187 1792 conservum
3220 1744 3277 1792 et
3310 1735 3524 1807 imperii
3559 1754 3809 1801 consors,

2233 1830 2560 1900 virtutisque
2605 1830 2879 1899 particeps
2916 1840 2971 1884 et
3014 1828 3141 1886 vitae
3185 1837 3299 1884 tum
3349 1832 3658 1901 praesentis,
3702 1844 3811 1887 tum

2234 1934 2495 1994 Sperataez
2526 1923 2799 1979 sufﬁciant
2831 1932 3011 1979 tamen
3050 1939 3174 1994 quae
3202 1924 3316 1979 dixi
3370 1925 3635 1981 hactenus
3670 1928 3813 1998 apud

2235 2030 2356 2079 vos,
2391 2016 2591 2083 quibus
2639 2017 2707 2070 ad
2743 2014 2991 2071 obeunda
3036 2015 3340 2072 certamina
3387 2018 3506 2073 haec
3547 2035 3810 2090 generosa

2235 2123 2466 2177 corpora
2498 2111 2744 2179 exposita
2788 2118 2940 2176 sunt,
2981 2116 3042 2165 ut
3072 2124 3140 2164 ne
3181 2109 3309 2166 dum
3361 2109 3413 2164 in
3468 2111 3571 2165 hoc
3614 2117 3812 2169 sa't‘ttln

2237 2199 2578 2269 spiritalibus
2619 2200 2798 2266 donis,
2837 2211 2896 2255 ut
2921 2201 3069 2256 socia
3114 2208 3170 2255 et
3216 2204 3492 2260 consortia
3540 2204 3810 2272 laborum,

2238 2289 2513 2357 fruantur,
2536 2306 2725 2348 verum
2754 2292 2918 2347 etiam
2951 2289 3351 2363 inexspectata
3381 2298 3813 2365 regeneratione,

2238 2386 2402 2441 simul
2431 2401 2575 2463 cum“
2593 2386 2766 2441 beatis
2797 2387 2915 2442 suis
2947 2386 3231 2457 spiritibus
3270 2400 3518 2460 regnent,
3554 2401 3609 2446 et
3641 2400 3703 2445 ut
3735 2393 3812 2447 sol

2238 2474 2859 2537 colluceant.‘C:eterum
2894 2491 3004 2531 non
3036 2476 3329 2532 admodum
3363 2480 3464 2533 hac
3496 2466 3566 2533 de
3600 2495 3658 2533 re
3686 2495 3812 2535 cou-

2240 2569 2482 2624 tendam.
2513 2567 2763 2640 Appellet
2797 2568 2990 2630 utfsibi
3028 2568 3110 2626 fas
3145 2571 3317 2625 visum
3352 2570 3543 2637 fuerit;
3576 2575 3814 2643 potentia

2239 2661 2587 2727 referciatur,
2617 2677 2720 2716 suo
2749 2661 2968 2732 quidvis
2989 2663 3218 2718 arbitrio
3248 2663 3406 2732 ferat,
3439 2676 3596 2735 agat;
3629 2677 3817 2722 utatur

2240 2770 2325 2811 me
2372 2753 2833 2825 quemadmodum
2891 2754 3063 2821 volet,
3111 2755 3375 2810 duntaxat
3416 2773 3483 2810 ne
3516 2758 3649 2813 vitio
3684 2758 3813 2812 mihi

2240 2855 2415 2902 vertat
2461 2846 2708 2912 innoxia,
2760 2861 2937 2917 neque
2992 2861 3079 2901 me
3137 2847 3296 2919 culpa
3354 2863 3555 2905 vacans
3611 2851 3812 2922 culpet.

2240 2940 2485 2995 Audistis
2524 2939 2670 2994 enim
2705 2939 2907 3008 quibus
2943 2939 3010 2995 de
3059 2939 3221 2994 rebus
3260 2952 3481 2996 accuset
3518 2957 3625 3005 me,
3669 2945 3812 3008 quod

2241 3033 2333 3099 ali,
2377 3033 2523 3104 quod
2569 3033 2719 3087 indui
2767 3033 2924 3086 velim
2975 3033 3212 3088 animale
3256 3049 3482 3090 manens
3520 3037 3720 3099 adhuc,
3767 3048 3815 3091 et

564 3138 797 3193 quarum
837 3135 1001 3191 Opera
1037 3119 1209 3174 ῑυιίιιε
1259 3118 1508 3172 inanitur
1545 3128 1743 3173 00mm
1791 3118 2136 3174 incommOda
2164 3128 2209 3188 G
2240 3126 2370 3181 dum
2402 3127 2470 3181 ab
2499 3124 2828 3179 animalibus
2852 3123 3204 3180 facultatibus
3246 3126 3545 3195 gubernor,
3586 3127 3816 3183 necdum

563 3214 769 3276 omnia,
800 3227 964 3284 quam
1004 3210 1257 3281 lanigera:
1290 3218 1345 3264 et
1375 3209 1554 3279 longis
1595 3209 1722 3280 pilis
1761 3209 1985 3266 munitae
2017 3211 2139 3264 ani.

565 3315 819 3371 mantcs;
858 3302 1194 3371 rectiusque,
1230 3315 1394 3370 quam
1423 3308 1691 3371 quotquot
1720 3310 1815 3355 aut
1850 3301 2017 3356 coriis
2046 3309 2142 3356 aut

564 3398 811 3467 squamis
846 3394 1048 3449 nativis
1091 3393 1483 3458 obducuntur;
1516 3400 1572 3445 et
1622 3391 1929 3460 pulchrius,
1972 3407 2137 3461 quam

566 3490 706 3543 bene
729 3486 887 3553 alata;
922 3500 1083 3551 aves;
1137 3493 1352 3539 armata
1381 3492 1467 3538 est
1509 3491 1693 3538 autem
1724 3483 1961 3537 validius
1987 3483 2053 3538 ad
2081 3496 2142 3538 se

565 3579 987 3645 defendendam,
1038 3574 1469 3647 pr0puguaculis
1521 3589 1684 3629 manu
1744 3563 1924 3638 factis,
1974 3588 2139 3644 quam

565 3688 644 3726 ea:
683 3672 752 3726 iis
787 3685 908 3738 qua:
942 3670 1025 3723 vel
1060 3669 1282 3736 ungulis
1317 3667 1402 3724 vel
1435 3666 1698 3721 cornibus
1734 3675 1980 3735 pugnant
2006 3703 2021 3730 ,
2048 3674 2139 3720 aut

567 3762 824 3818 dentibus
851 3769 909 3815 et
939 3759 1237 3828 unguibus.
1268 3758 1348 3812 Ita
1380 3772 1511 3811 vero
1537 3757 1671 3810 mihi
1693 3758 1940 3813 studiose
1970 3757 2144 3812 artifi-

568 3855 827 3924 cioseque
848 3852 1105 3916 formato,
1132 3849 1281 3907 Deus
1309 3849 1436 3905 vitae
1463 3850 1796 3920 spiraculum
1832 3850 2140 3920 inspiravit,

568 3957 623 4002 et
653 3947 704 4000 id
740 3961 804 4002 ex
839 3944 1113 4000 ambobus
1149 3951 1541 4013 temperatum,
1586 3943 1862 3998 hominem
1900 3954 1954 3999 et
1986 3956 2139 3999 suam

569 4039 865 4109 imaginem
898 4036 1225 4101 nominavit,
1258 4044 1312 4090 et
1348 4043 1406 4089 ut
1436 4035 1804 4104 pedestribus,
1830 4035 2144 4090 natatilibus

564 4139 624 4186 et
679 4110 992 4184 volatilibus
1043 4130 1369 4197 imperaret,
1427 4127 1704 4196 praecepit,
1764 4137 1819 4182 et
1870 4142 1971 4195 ego
2025 4127 2145 4180 sine

570 4230 755 4276 mente
789 4220 1073 4291 quidpiam
1105 4234 1266 4288 agere
1296 4219 1602 4287 nequirem,
1636 4228 1695 4273 ut
1725 4232 1824 4272 nec
1856 4232 2007 4270 mens
2027 4217 2146 4272 sine

570 4329 681 4368 me.
715 4313 911 4366 Statim
952 4313 1097 4365 enim
1135 4323 1257 4377 qua!
1287 4310 1561 4379 praecipua
1589 4319 1673 4364 est
1702 4307 1959 4377 imaginis
1994 4319 2143 4373 nota,

570 4404 627 4458 in
669 4403 973 4456 animantes
998 4400 1293 4467 imperium
1334 4415 1626 4464 exercere,
1670 4399 1946 4468 quomodo
1982 4414 2139 4455 mens

571 4510 800 4563 corpore
833 4492 1117 4554 destituta,
1148 4500 1242 4545 aut
1275 4491 1432 4545 initio
1463 4500 1610 4545 recte
1644 4491 1840 4560 potuit,
1863 4500 1958 4545 aut
1990 4490 2043 4545 in
2077 4508 2141 4547 eo

571 4597 758 4659 postea
783 4583 1186 4655 perseveravit?
1208 4598 1315 4653 qua
1355 4581 1565 4637 ratione
1595 4597 1927 4638 conscensus
1951 4584 2144 4640 fuisset

572 4696 770 4749 equus,
802 4677 907 4732 nisi
950 4691 1086 4729 meae
1135 4688 1329 4728 manus
1380 4672 1533 4728 frena
1582 4672 1988 4729 fabricassent:
2035 4689 2140 4742 qua

570 4774 788 4826 ratione
814 4772 911 4825 bos
937 4769 1221 4824 incidisset
1249 4766 1456 4831 sulcos,
1492 4766 1598 4821 nisi
1650 4766 1839 4820 iisdem
1872 4767 1995 4837 iuga
2024 4781 2146 4818 ara-

574 4873 769 4930 traque
824 4849 1288 4916 eonficiéntibus?
1318 4857 1472 4925 Quod
1521 4860 1566 4914 si
1622 4859 1822 4912 mentis
1868 4858 2145 4925 excogita-

572 4956 722 5010 tione
769 4958 885 5009 haec
920 4962 1129 5019 reperta
1162 4960 1315 5016 sunt,
1350 4951 1482 5006 illud
1513 4961 1598 5007 est
1630 4951 1775 5023 quod
1805 4966 1949 5004 nunc
2000 4948 2145 5003 dice-

572 5049 722 5113 bam,
752 5047 979 5101 alterius
1011 5061 1178 5115 opera
1202 5060 1360 5114 egere
1399 5044 1672 5109 alterum;
1727 5043 1815 5095 illa
1852 5044 2143 5121 excogitat,

574 5153 675 5209 ego
713 5138 857 5207 quod
892 5145 980 5191 est
1006 5137 1396 5205 exangitatum,
1448 5135 1716 5190 industria
1747 5150 1864 5188 mea
1901 5138 2141 5205 perficio.

576 5231 695 5303 Ipsa
730 5230 972 5286 rationes
1003 5229 1332 5284 artiliciosas
1366 5230 1511 5283 videt
1560 5236 1614 5282 ct
1646 5228 1920 5297 proponit,
1950 5243 2146 5282 manus

581 5338 714 5377 mea:
747 5322 1029 5376 materiam
1058 5321 1315 5375 ductilem
1349 5327 1403 5373 et
1447 5327 1678 5373 tractatu
1707 5317 1920 5372 facilem
1952 5336 2149 5389 suppe-

480 5448 488 5459 -
578 5412 836 5477 ditantes,
868 5414 989 5482 eius
1022 5412 1165 5481 quod
1190 5412 1373 5465 animo
1403 5408 1756 5466 informatum
1785 5421 1869 5467 est
1907 5412 2144 5481 speciem

577 5505 874 5560 conficiunt
902 5522 918 5569 ;
946 5515 997 5559 et
1026 5518 1134 5558 non
1165 5503 1276 5573 jam
1303 5518 1523 5558 servum
1545 5541 1559 5567 ,
1597 5519 1909 5572 quanquam
1947 5513 2006 5558 ut
2034 5518 2150 5558 ser-

578 5612 704 5654 vum
738 5609 832 5653 aut
890 5599 1321 5652 instrumentum
1360 5596 1477 5654 ιιωο
1509 5597 1908 5671 βυϋιηίηἱειτο,
1943 5598 2035 5654 sed
2090 5612 2149 5656 ut

656 5784 678 5815 ¹
710 5782 910 5851 Ephes.
950 5799 1002 5847 v,
1029 5782 1121 5837 29.

2240 3219 2296 3274 in
2341 3218 2584 3290 spiritale
2626 3216 3099 3272 transformatum.
3134 3217 3314 3272 Aliam
3348 3220 3499 3273 enim
3535 3219 3700 3274 vitam
3744 3222 3815 3286 id,

2241 3312 2512 3379 aliamque
2527 3312 2700 3363 victus
2721 3308 3009 3371 rationem,
3040 3315 3100 3360 ut
3131 3309 3182 3361 in
3219 3310 3506 3377 proverbio
3533 3318 3639 3376 est,
3670 3312 3814 3366 desi-

2240 3401 2429 3468 derat;
2463 3415 2609 3455 nunc
2641 3415 2769 3455 vero
2788 3398 3015 3454 ﬂuidum
3046 3416 3170 3455 cum
3201 3403 3325 3464 sim,
3358 3412 3411 3456 et
3443 3402 3564 3457 sine
3596 3402 3816 3459 faculta-

2241 3493 2388 3548 tibus
2419 3493 2801 3563 appetentibus
2832 3501 3088 3546 constare
3119 3507 3225 3546 non
3260 3495 3491 3560 possim,
3527 3496 3815 3564 quidnam,

2242 3600 2450 3656 quaeso,
2499 3583 2776 3651 delinquo,
2818 3584 2864 3639 si
2910 3591 3119 3638 natura:
3157 3583 3421 3640 instinctu
3468 3588 3714 3641 ciborum
3767 3600 3819 3643 et

2242 3687 2468 3748 potuum
2517 3677 2814 3746 cupiditate
2849 3676 3073 3731 teneor?
3117 3674 3292 3743 Quam
3338 3677 3443 3733 sibi
3480 3680 3819 3736 contumelia:

2245 3778 2428 3824 notam
2471 3782 2625 3822 mens
2659 3766 2849 3834 inurit,
2877 3783 2998 3837 quae
3033 3767 3148 3823 ba’c
3173 3768 3365 3823 eadem
3399 3771 3534 3825 mihi
3566 3774 3819 3842 suppedi-

2243 3859 2358 3914 tat?
2403 3857 2569 3924 Quasi
2617 3871 2728 3912 non
2784 3856 3018 3911 audierit
3070 3857 3390 3927 Apostolum
3434 3859 3814 3917 clamantem:

2252 3970 2271 4003 ε
2305 3949 2476 4006 Nemo
2508 3965 2662 4005 suam
2690 3963 2908 4003 carnem
2941 3947 3057 4003 odit
3081 3988 3098 4013 ,
3127 3949 3221 4004 sed
3247 3949 3449 4005 enutrit
3472 3960 3527 4007 et
3557 3950 3765 4007 fovet'.
3794 3971 3814 4005 ι

2245 4043 2366 4111 Quo
2414 4052 2570 4111 pacto
2600 4040 2744 4096 enim
2780 4049 2875 4093 aut
2921 4039 3078 4094 initio
3107 4041 3464 4108 substitisset,
3503 4053 3599 4099 aut
3633 4059 3815 4114 postea

2245 4138 2601 4202 constitisset,
2624 4134 2726 4191 nisi
2752 4131 3081 4189 sufﬁcienter
3105 4133 3378 4188 aleretur?
3398 4135 3614 4207 Quippe
3636 4139 3814 4192 statim

2246 4244 2310 4283 ac
2341 4229 2395 4282 in
2431 4236 2583 4280 utero
2609 4224 2838 4289 formor,
2856 4223 3011 4292 quasi
3034 4222 3216 4291 planta
3241 4224 3319 4278 vel
3346 4225 3484 4279 inter
3502 4226 3742 4295 plantam
3768 4238 3817 4282 et

2245 4316 2447 4374 animal
2468 4314 2706 4369 medium
2728 4312 2881 4383 quid,
2928 4327 3025 4381 per
3053 4328 3147 4367 eas
3175 4315 3446 4371 secundas
3470 4330 3611 4386 quas
3641 4321 3816 4388 appel-

2249 4412 2381 4473 lant,
2404 4407 2519 4463 sive
2545 4419 2638 4475 per
2661 4404 3002 4469 umbilicum,
3025 4403 3140 4459 alor
3171 4406 3438 4476 sanguine
3462 4411 3772 4464 menstruali
3799 4428 3813 4466 :

2248 4500 2398 4555 illinc
2424 4506 2605 4552 autem
2628 4509 2976 4565 progressum
3009 4495 3164 4551 lactis
3192 4496 3370 4551 rivulo
3401 4512 3495 4565 per
3522 4514 3815 4558 mammam

2252 4589 2528 4652 uutricor,
2573 4588 2821 4655 adusque
2859 4584 3101 4640 dentium
3147 4594 3348 4640 ortum.
3391 4585 3494 4642 Ubi
3530 4604 3663 4645 vero
3698 4592 3815 4646 ani-

2250 4680 2428 4736 mandi
2458 4687 2652 4734 natura
2678 4678 2873 4748 cupida
2898 4676 3029 4730 mihi
3052 4676 3307 4732 dentibus
3329 4696 3388 4734 os
3409 4679 3587 4735 acutis
3613 4694 3667 4737 et
3694 4683 3815 4736 latis

2250 4775 2535 4838 instruxit,
2560 4782 2622 4826 ut
2646 4783 2703 4826 et
2731 4785 2918 4826 secare
2946 4780 3002 4825 et
3029 4769 3300 4826 conficere
3331 4770 3488 4828 facile
3512 4775 3695 4830 cibum
3726 4792 3814 4846 po-

2250 4864 2467 4930 tuerim,
2500 4872 2612 4916 tum
2642 4860 2878 4930 denique
2913 4875 3158 4915 mensam
3190 4862 3541 4917 solidioribus
3571 4866 3812 4922 esculen—

2250 4957 2317 5011 tis
2345 4953 2640 5017 exstruxit;
2671 4952 2740 5005 ita
2774 4967 2905 5006 sane
2928 4950 3134 5005 naturis
3155 4966 3441 5019 corporum
3466 4954 3806 5024 congenitqu

2249 5059 2333 5102 est
2356 5047 2694 5109 alimentum,
2716 5058 2890 5112 caque
2915 5054 3127 5097 natum:
3155 5044 3407 5114 cognatio
3429 5055 3535 5110 est,
3570 5046 3673 5101 etsi
3708 5062 3805 5101 non

2250 5150 2334 5195 cst
2362 5154 2551 5193 eorum
2578 5136 2755 5189 verbis
2784 5135 2914 5188 fides
2955 5134 3226 5196 habenda,
3252 5137 3344 5203 qui
3382 5137 3652 5205 lapidibus
3681 5154 3807 5192 nou—

2251 5231 2430 5287 nullos
2466 5230 2533 5283 ali
2576 5229 2748 5288 aiunt,
2789 5226 2930 5279 facto
2970 5236 3149 5279 tamen
3178 5226 3509 5281 credendum
3540 5241 3644 5293 est,
3672 5229 3808 5296 quod

2253 5324 2615 5380 animatornm
2658 5319 2865 5374 nullum
2900 5325 3084 5370 careat
3117 5316 3395 5384 alimento,
3424 5327 3482 5372 ut
3510 5321 3732 5374 arbores
3761 5328 3809 5372 et

2257 5417 2435 5471 herba:
2462 5424 2514 5469 et
2543 5409 2804 5482 quidquid
2845 5408 3121 5463 radicibus
3164 5409 3357 5464 fultum
3403 5420 3542 5465 terra
3577 5416 3732 5482 parit,
3758 5422 3810 5464 et

2253 5506 2559 5563 omnimoda
2592 5501 2908 5559 animantia.
2955 5502 3036 5554 An
3072 5516 3202 5577 vero
3231 5501 3502 5561 daemones
3540 5515 3595 5560 et
3638 5506 3807 5560 sidera

2253 5597 2566 5658 libamentis
2608 5596 2714 5651 illis
2755 5602 2810 5648 et
2846 5591 3130 5660 odoribus,
3179 5593 3617 5651 exhalatiOnibus
3657 5606 3805 5651 terra
