  <div class='ocr_page' id='page_1' title='image "/cluster/home/n/w/nwhite01/storage/ocr_20150623/150/mdp.39015078384743/496.png"; bbox 0 0 4108 6316; ppageno 0'>
   <div class='ocr_carea' id='block_1_1' title="bbox 274 404 378 468">
    <p class='ocr_par' dir='ltr' id='par_1_1' title="bbox 274 404 378 468">
     <span class='ocr_line' id='line_1_1' title="bbox 274 404 378 468; baseline -0.029 0"><span class='ocrx_word' id='word_1_1' title='bbox 274 404 378 468; x_wconf 80' lang='grc' dir='ltr'><strong>9Τ1</strong></span> 
     </span>
    </p>
   </div>
   <div class='ocr_carea' id='block_1_2' title="bbox 1617 391 2205 456">
    <p class='ocr_par' dir='ltr' id='par_1_2' title="bbox 1617 391 2205 456">
     <span class='ocr_line' id='line_1_2' title="bbox 1617 391 2205 456; baseline -0.003 0"><span class='ocrx_word' id='word_1_2' title='bbox 1617 391 2103 456; x_wconf 69' lang='grc' dir='ltr'><strong>ΡΒΟΒΟΡΟΡίΕΙ</strong></span> <span class='ocrx_word' id='word_1_3' title='bbox 2117 393 2205 455; x_wconf 48' lang='lat' dir='ltr'><strong>[Ea</strong></span> 
     </span>
    </p>
   </div>
   <div class='ocr_carea' id='block_1_3' title="bbox 3427 392 3552 460">
    <p class='ocr_par' dir='ltr' id='par_1_3' title="bbox 3427 392 3552 460">
     <span class='ocr_line' id='line_1_3' title="bbox 3427 392 3552 460; baseline -0.024 0"><span class='ocrx_word' id='word_1_4' title='bbox 3427 392 3552 460; x_wconf 25' lang='lat'><strong>978.</strong></span> 
     </span>
    </p>
   </div>
   <div class='ocr_carea' id='block_1_4' title="bbox 271 504 3556 586">
    <p class='ocr_par' dir='ltr' id='par_1_4' title="bbox 271 504 3556 586">
     <span class='ocr_line' id='line_1_4' title="bbox 271 504 3556 586; baseline -0.005 -6"><span class='ocrx_word' id='word_1_5' title='bbox 271 527 391 580; x_wconf 45' lang='lat' dir='ltr'><strong>haee</strong></span> <span class='ocrx_word' id='word_1_6' title='bbox 425 515 914 586; x_wconf 76' lang='lat' dir='ltr'><strong>enutriantur,,id</strong></span> <span class='ocrx_word' id='word_1_7' title='bbox 952 513 1284 570; x_wconf 66' lang='lat' dir='ltr'><strong>Graecanicis</strong></span> <span class='ocrx_word' id='word_1_8' title='bbox 1330 527 1395 568; x_wconf 88' lang='lat' dir='ltr'><strong>ac</strong></span> <span class='ocrx_word' id='word_1_9' title='bbox 1444 513 1852 582; x_wconf 85' lang='lat' dir='ltr'><strong>profanispoe-</strong></span> <span class='ocrx_word' id='word_1_10' title='bbox 1884 521 2066 579; x_wconf 62' lang='lat' dir='ltr'><strong>Aest,</strong></span> <span class='ocrx_word' id='word_1_11' title='bbox 2115 526 2237 581; x_wconf 86' lang='lat' dir='ltr'><strong>quae</strong></span> <span class='ocrx_word' id='word_1_12' title='bbox 2289 504 2355 565; x_wconf 82' lang='lat' dir='ltr'><strong>a‘d</strong></span> <span class='ocrx_word' id='word_1_13' title='bbox 2414 507 2748 580; x_wconf 77' lang='lat' dir='ltr'><strong>propositam</strong></span> <span class='ocrx_word' id='word_1_14' title='bbox 2797 507 2954 564; x_wconf 88' lang='lat' dir='ltr'><strong>vobis</strong></span> <span class='ocrx_word' id='word_1_15' title='bbox 3015 523 3178 577; x_wconf 87' lang='lat' dir='ltr'><strong>quam</strong></span> <span class='ocrx_word' id='word_1_16' title='bbox 3239 507 3556 578; x_wconf 74' lang='lat' dir='ltr'><strong>planiorem&#39;</strong></span> 
     </span>
    </p>
   </div>
   <div class='ocr_carea' id='block_1_5' title="bbox 274 605 1850 683">
    <p class='ocr_par' dir='ltr' id='par_1_5' title="bbox 274 605 1850 683">
     <span class='ocr_line' id='line_1_5' title="bbox 274 605 1850 683; baseline -0.008 -12"><span class='ocrx_word' id='word_1_17' title='bbox 274 617 351 671; x_wconf 90' lang='lat' dir='ltr'><strong>tis</strong></span> <span class='ocrx_word' id='word_1_18' title='bbox 402 623 456 668; x_wconf 91' lang='lat' dir='ltr'><strong>et</strong></span> <span class='ocrx_word' id='word_1_19' title='bbox 485 609 826 683; x_wconf 86' lang='lat' dir='ltr'><strong>philosophis</strong></span> <span class='ocrx_word' id='word_1_20' title='bbox 849 607 1176 672; x_wconf 76' lang='lat' dir='ltr'><strong>dicentibus,</strong></span> <span class='ocrx_word' id='word_1_21' title='bbox 1203 607 1346 661; x_wconf 86' lang='lat' dir='ltr'><strong>haud</strong></span> <span class='ocrx_word' id='word_1_22' title='bbox 1372 605 1532 661; x_wconf 79' lang='lat' dir='ltr'><strong>facile</strong></span> <span class='ocrx_word' id='word_1_23' title='bbox 1562 606 1850 660; x_wconf 88' lang='lat' dir='ltr'><strong>assentiar.</strong></span> 
     </span>
    </p>
   </div>
   <div class='ocr_carea' id='block_1_6' title="bbox 275 695 1856 765">
    <p class='ocr_par' dir='ltr' id='par_1_6' title="bbox 275 695 1856 765">
     <span class='ocr_line' id='line_1_6' title="bbox 275 695 1856 765; baseline -0.007 -5"><span class='ocrx_word' id='word_1_24' title='bbox 275 703 416 761; x_wconf 80' lang='lat' dir='ltr'><strong>Nam</strong></span> <span class='ocrx_word' id='word_1_25' title='bbox 450 702 527 757; x_wconf 90' lang='lat' dir='ltr'><strong>illi</strong></span> <span class='ocrx_word' id='word_1_26' title='bbox 559 710 757 757; x_wconf 65' lang='lat' dir='ltr'><strong>coetum</strong></span> <span class='ocrx_word' id='word_1_27' title='bbox 791 699 1094 752; x_wconf 71' lang='lat' dir='ltr'><strong>daemonum</strong></span> <span class='ocrx_word' id='word_1_28' title='bbox 1121 695 1484 764; x_wconf 73' lang='lat' dir='ltr'><strong>opinabantur</strong></span> <span class='ocrx_word' id='word_1_29' title='bbox 1512 709 1632 750; x_wconf 66' lang='lat' dir='ltr'><strong>esse</strong></span> <span class='ocrx_word' id='word_1_30' title='bbox 1661 709 1856 765; x_wconf 90' lang='lat' dir='ltr'><strong>corpo-</strong></span> 
     </span>
    </p>
   </div>
   <div class='ocr_carea' id='block_1_7' title="bbox 275 785 1858 858">
    <p class='ocr_par' dir='ltr' id='par_1_7' title="bbox 275 785 1858 858">
     <span class='ocr_line' id='line_1_7' title="bbox 275 785 1858 858; baseline -0.01 -2"><span class='ocrx_word' id='word_1_31' title='bbox 275 812 434 856; x_wconf 87' lang='lat' dir='ltr'><strong>reum</strong></span> <span class='ocrx_word' id='word_1_32' title='bbox 480 806 533 851; x_wconf 90' lang='lat' dir='ltr'><strong>et</strong></span> <span class='ocrx_word' id='word_1_33' title='bbox 559 791 799 848; x_wconf 74' lang='lat' dir='ltr'><strong>materiae</strong></span> <span class='ocrx_word' id='word_1_34' title='bbox 846 787 1253 858; x_wconf 75' lang='lat' dir='ltr'><strong>voluptatisque</strong></span> <span class='ocrx_word' id='word_1_35' title='bbox 1309 788 1550 850; x_wconf 89' lang='lat' dir='ltr'><strong>avidum,</strong></span> <span class='ocrx_word' id='word_1_36' title='bbox 1601 800 1656 841; x_wconf 85' lang='lat' dir='ltr'><strong>et</strong></span> <span class='ocrx_word' id='word_1_37' title='bbox 1698 785 1858 841; x_wconf 90' lang='lat' dir='ltr'><strong>astris</strong></span> 
     </span>
    </p>
   </div>
   <div class='ocr_carea' id='block_1_8' title="bbox 277 878 1860 950">
    <p class='ocr_par' dir='ltr' id='par_1_8' title="bbox 277 878 1860 950">
     <span class='ocr_line' id='line_1_8' title="bbox 277 878 1860 950; baseline -0.008 -6"><span class='ocrx_word' id='word_1_38' title='bbox 277 889 491 945; x_wconf 88' lang='lat' dir='ltr'><strong>animos</strong></span> <span class='ocrx_word' id='word_1_39' title='bbox 537 881 873 937; x_wconf 90' lang='lat' dir='ltr'><strong>tribuebant.</strong></span> <span class='ocrx_word' id='word_1_40' title='bbox 905 879 1094 950; x_wconf 84' lang='lat' dir='ltr'><strong>Itaque</strong></span> <span class='ocrx_word' id='word_1_41' title='bbox 1145 894 1271 934; x_wconf 90' lang='lat' dir='ltr'><strong>cum</strong></span> <span class='ocrx_word' id='word_1_42' title='bbox 1317 878 1618 933; x_wconf 89' lang='lat' dir='ltr'><strong>animatum</strong></span> <span class='ocrx_word' id='word_1_43' title='bbox 1657 892 1860 946; x_wconf 89' lang='lat' dir='ltr'><strong>corpus</strong></span> 
     </span>
    </p>
   </div>
   <div class='ocr_carea' id='block_1_9' title="bbox 278 965 1861 1041">
    <p class='ocr_par' dir='ltr' id='par_1_9' title="bbox 278 965 1861 1041">
     <span class='ocr_line' id='line_1_9' title="bbox 278 965 1861 1041; baseline -0.009 -5"><span class='ocrx_word' id='word_1_44' title='bbox 278 992 440 1036; x_wconf 92' lang='lat' dir='ltr'><strong>omne</strong></span> <span class='ocrx_word' id='word_1_45' title='bbox 493 975 566 1030; x_wconf 93' lang='lat' dir='ltr'><strong>sit</strong></span> <span class='ocrx_word' id='word_1_46' title='bbox 632 972 1060 1038; x_wconf 88' lang='lat' dir='ltr'><strong>alimentarium,</strong></span> <span class='ocrx_word' id='word_1_47' title='bbox 1108 969 1376 1041; x_wconf 82' lang='lat' dir='ltr'><strong>quidquid</strong></span> <span class='ocrx_word' id='word_1_48' title='bbox 1425 970 1724 1023; x_wconf 87' lang='lat' dir='ltr'><strong>animatum</strong></span> <span class='ocrx_word' id='word_1_49' title='bbox 1774 965 1861 1024; x_wconf 81' lang='lat' dir='ltr'><strong>est</strong></span> 
     </span>
    </p>
   </div>
   <div class='ocr_carea' id='block_1_10' title="bbox 278 1059 1858 1135">
    <p class='ocr_par' dir='ltr' id='par_1_10' title="bbox 278 1059 1858 1135">
     <span class='ocr_line' id='line_1_10' title="bbox 278 1059 1858 1135; baseline -0.006 -12"><span class='ocrx_word' id='word_1_50' title='bbox 278 1078 485 1124; x_wconf 74' lang='lat' dir='ltr'><strong>naturae</strong></span> <span class='ocrx_word' id='word_1_51' title='bbox 528 1067 645 1135; x_wconf 86' lang='lat' dir='ltr'><strong>lege</strong></span> <span class='ocrx_word' id='word_1_52' title='bbox 690 1064 968 1119; x_wconf 82' lang='lat' dir='ltr'><strong>nutriatur</strong></span> <span class='ocrx_word' id='word_1_53' title='bbox 1004 1071 1058 1118; x_wconf 86' lang='lat' dir='ltr'><strong>et</strong></span> <span class='ocrx_word' id='word_1_54' title='bbox 1100 1061 1247 1118; x_wconf 90' lang='lat' dir='ltr'><strong>vivat</strong></span> <span class='ocrx_word' id='word_1_55' title='bbox 1295 1075 1514 1116; x_wconf 88' lang='lat' dir='ltr'><strong>necesse</strong></span> <span class='ocrx_word' id='word_1_56' title='bbox 1561 1069 1682 1114; x_wconf 89' lang='lat' dir='ltr'><strong>est:</strong></span> <span class='ocrx_word' id='word_1_57' title='bbox 1711 1059 1858 1130; x_wconf 92' lang='lat' dir='ltr'><strong>quod</strong></span> 
     </span>
    </p>
   </div>
   <div class='ocr_carea' id='block_1_11' title="bbox 280 1151 1859 1224">
    <p class='ocr_par' dir='ltr' id='par_1_11' title="bbox 280 1151 1859 1224">
     <span class='ocr_line' id='line_1_11' title="bbox 280 1151 1859 1224; baseline -0.008 -8"><span class='ocrx_word' id='word_1_58' title='bbox 280 1169 465 1216; x_wconf 86' lang='lat' dir='ltr'><strong>autem</strong></span> <span class='ocrx_word' id='word_1_59' title='bbox 508 1171 623 1212; x_wconf 89' lang='lat' dir='ltr'><strong>non</strong></span> <span class='ocrx_word' id='word_1_60' title='bbox 667 1156 912 1211; x_wconf 83' lang='lat' dir='ltr'><strong>nutritur</strong></span> <span class='ocrx_word' id='word_1_61' title='bbox 943 1169 1122 1224; x_wconf 90' lang='lat' dir='ltr'><strong>neque</strong></span> <span class='ocrx_word' id='word_1_62' title='bbox 1161 1154 1314 1217; x_wconf 84' lang='lat' dir='ltr'><strong>vivit,</strong></span> <span class='ocrx_word' id='word_1_63' title='bbox 1351 1153 1402 1207; x_wconf 90' lang='lat' dir='ltr'><strong>id</strong></span> <span class='ocrx_word' id='word_1_64' title='bbox 1445 1167 1514 1206; x_wconf 89' lang='lat' dir='ltr'><strong>ne</strong></span> <span class='ocrx_word' id='word_1_65' title='bbox 1555 1151 1859 1206; x_wconf 85' lang='lat' dir='ltr'><strong>animalum</strong></span> 
     </span>
    </p>
   </div>
   <div class='ocr_carea' id='block_1_12' title="bbox 277 1241 1860 1320">
    <p class='ocr_par' dir='ltr' id='par_1_12' title="bbox 277 1241 1860 1320">
     <span class='ocr_line' id='line_1_12' title="bbox 277 1241 1860 1320; baseline -0.006 -15"><span class='ocrx_word' id='word_1_66' title='bbox 277 1250 502 1320; x_wconf 86' lang='lat' dir='ltr'><strong>quidem</strong></span> <span class='ocrx_word' id='word_1_67' title='bbox 531 1260 634 1304; x_wconf 90' lang='lat' dir='ltr'><strong>est.</strong></span> <span class='ocrx_word' id='word_1_68' title='bbox 665 1247 1032 1314; x_wconf 85' lang='lat' dir='ltr'><strong>Quamobrem</strong></span> <span class='ocrx_word' id='word_1_69' title='bbox 1063 1244 1324 1300; x_wconf 89' lang='lat' dir='ltr'><strong>Servator</strong></span> <span class='ocrx_word' id='word_1_70' title='bbox 1347 1251 1532 1298; x_wconf 89' lang='lat' dir='ltr'><strong>noster</strong></span> <span class='ocrx_word' id='word_1_71' title='bbox 1559 1259 1664 1297; x_wconf 91' lang='lat' dir='ltr'><strong>non</strong></span> <span class='ocrx_word' id='word_1_72' title='bbox 1697 1241 1860 1296; x_wconf 79' lang='lat' dir='ltr'><strong>modo</strong></span> 
     </span>
    </p>
   </div>
   <div class='ocr_carea' id='block_1_13' title="bbox 277 1332 1860 1412">
    <p class='ocr_par' dir='ltr' id='par_1_13' title="bbox 277 1332 1860 1412">
     <span class='ocr_line' id='line_1_13' title="bbox 277 1332 1860 1412; baseline -0.006 -16"><span class='ocrx_word' id='word_1_73' title='bbox 277 1356 421 1412; x_wconf 91' lang='lat' dir='ltr'><strong>quos</strong></span> <span class='ocrx_word' id='word_1_74' title='bbox 457 1349 707 1394; x_wconf 89' lang='lat' dir='ltr'><strong>mortuos</strong></span> <span class='ocrx_word' id='word_1_75' title='bbox 749 1338 818 1393; x_wconf 88' lang='lat' dir='ltr'><strong>ad</strong></span> <span class='ocrx_word' id='word_1_76' title='bbox 867 1339 1031 1391; x_wconf 90' lang='lat' dir='ltr'><strong>vitam</strong></span> <span class='ocrx_word' id='word_1_77' title='bbox 1066 1335 1340 1392; x_wconf 85' lang='lat' dir='ltr'><strong>revocavit</strong></span> <span class='ocrx_word' id='word_1_78' title='bbox 1367 1335 1527 1390; x_wconf 90' lang='lat' dir='ltr'><strong>edere</strong></span> <span class='ocrx_word' id='word_1_79' title='bbox 1550 1333 1736 1404; x_wconf 87' lang='lat' dir='ltr'><strong>jussit.</strong></span> <span class='ocrx_word' id='word_1_80' title='bbox 1764 1332 1860 1388; x_wconf 90' lang='lat' dir='ltr'><strong>sed</strong></span> 
     </span>
    </p>
   </div>
   <div class='ocr_carea' id='block_1_14' title="bbox 285 1425 1863 1502">
    <p class='ocr_par' dir='ltr' id='par_1_14' title="bbox 285 1425 1863 1502">
     <span class='ocr_line' id='line_1_14' title="bbox 285 1425 1863 1502; baseline -0.006 -15"><span class='ocrx_word' id='word_1_81' title='bbox 285 1442 338 1488; x_wconf 88' lang='lat' dir='ltr'><strong>et</strong></span> <span class='ocrx_word' id='word_1_82' title='bbox 380 1432 498 1502; x_wconf 91' lang='lat' dir='ltr'><strong>ipse</strong></span> <span class='ocrx_word' id='word_1_83' title='bbox 553 1439 803 1485; x_wconf 91' lang='lat' dir='ltr'><strong>mortuus</strong></span> <span class='ocrx_word' id='word_1_84' title='bbox 855 1443 921 1483; x_wconf 89' lang='lat' dir='ltr'><strong>ac</strong></span> <span class='ocrx_word' id='word_1_85' title='bbox 969 1429 1083 1500; x_wconf 89' lang='lat' dir='ltr'><strong>jam</strong></span> <span class='ocrx_word' id='word_1_86' title='bbox 1143 1427 1476 1482; x_wconf 88' lang='lat' dir='ltr'><strong>reviviscens</strong></span> <span class='ocrx_word' id='word_1_87' title='bbox 1520 1425 1762 1481; x_wconf 89' lang='lat' dir='ltr'><strong>comedit</strong></span> <span class='ocrx_word' id='word_1_88' title='bbox 1807 1432 1863 1479; x_wconf 92' lang='lat' dir='ltr'><strong>et</strong></span> 
     </span>
    </p>
   </div>
   <div class='ocr_carea' id='block_1_15' title="bbox 289 1515 1860 1594">
    <p class='ocr_par' dir='ltr' id='par_1_15' title="bbox 289 1515 1860 1594">
     <span class='ocr_line' id='line_1_15' title="bbox 289 1515 1860 1594; baseline -0.006 -15"><span class='ocrx_word' id='word_1_89' title='bbox 289 1526 442 1590; x_wconf 83' lang='lat' dir='ltr'><strong>bibit,</strong></span> <span class='ocrx_word' id='word_1_90' title='bbox 466 1532 850 1594; x_wconf 79' lang='lat' dir='ltr'><strong>argumentum</strong></span> <span class='ocrx_word' id='word_1_91' title='bbox 876 1520 1170 1576; x_wconf 86' lang='lat' dir='ltr'><strong>insolubile</strong></span> <span class='ocrx_word' id='word_1_92' title='bbox 1198 1521 1442 1589; x_wconf 80' lang='lat' dir='ltr'><strong>repetitae</strong></span> <span class='ocrx_word' id='word_1_93' title='bbox 1468 1518 1591 1573; x_wconf 70' lang='lat' dir='ltr'><strong>vitae</strong></span> <span class='ocrx_word' id='word_1_94' title='bbox 1614 1515 1860 1572; x_wconf 86' lang='lat' dir='ltr'><strong>alimenti</strong></span> 
     </span>
    </p>
   </div>
   <div class='ocr_carea' id='block_1_16' title="bbox 281 1611 1861 1686">
    <p class='ocr_par' dir='ltr' id='par_1_16' title="bbox 281 1611 1861 1686">
     <span class='ocr_line' id='line_1_16' title="bbox 281 1611 1861 1686; baseline -0.004 -17"><span class='ocrx_word' id='word_1_95' title='bbox 281 1617 690 1686; x_wconf 84' lang='lat' dir='ltr'><strong>perceptionem</strong></span> <span class='ocrx_word' id='word_1_96' title='bbox 723 1628 1060 1685; x_wconf 86' lang='lat' dir='ltr'><strong>proponens.</strong></span> <span class='ocrx_word' id='word_1_97' title='bbox 1092 1613 1160 1668; x_wconf 91' lang='lat' dir='ltr'><strong>Et</strong></span> <span class='ocrx_word' id='word_1_98' title='bbox 1189 1621 1384 1668; x_wconf 89' lang='lat' dir='ltr'><strong>natura</strong></span> <span class='ocrx_word' id='word_1_99' title='bbox 1424 1611 1643 1680; x_wconf 86' lang='lat' dir='ltr'><strong>quidem</strong></span> <span class='ocrx_word' id='word_1_100' title='bbox 1674 1623 1861 1666; x_wconf 89' lang='lat' dir='ltr'><strong>serva-</strong></span> 
     </span>
    </p>
   </div>
   <div class='ocr_carea' id='block_1_17' title="bbox 281 1699 1861 1773">
    <p class='ocr_par' dir='ltr' id='par_1_17' title="bbox 281 1699 1861 1773">
     <span class='ocr_line' id='line_1_17' title="bbox 281 1699 1861 1773; baseline -0.004 -14"><span class='ocrx_word' id='word_1_101' title='bbox 281 1707 386 1760; x_wconf 82' lang='lat' dir='ltr'><strong>trix</strong></span> <span class='ocrx_word' id='word_1_102' title='bbox 436 1705 510 1758; x_wconf 89' lang='lat' dir='ltr'><strong>ita</strong></span> <span class='ocrx_word' id='word_1_103' title='bbox 572 1703 817 1773; x_wconf 91' lang='lat' dir='ltr'><strong>corporis</strong></span> <span class='ocrx_word' id='word_1_104' title='bbox 864 1703 1184 1772; x_wconf 84' lang='lat' dir='ltr'><strong>sanguinem</strong></span> <span class='ocrx_word' id='word_1_105' title='bbox 1231 1716 1548 1772; x_wconf 78' lang='lat' dir='ltr'><strong>procreatis,</strong></span> <span class='ocrx_word' id='word_1_106' title='bbox 1593 1699 1861 1770; x_wconf 79' lang='lat' dir='ltr'><strong>sanguine</strong></span> 
     </span>
    </p>
   </div>
   <div class='ocr_carea' id='block_1_18' title="bbox 285 1791 1858 1864">
    <p class='ocr_par' dir='ltr' id='par_1_18' title="bbox 285 1791 1858 1864">
     <span class='ocr_line' id='line_1_18' title="bbox 285 1791 1858 1864; baseline -0.004 -12"><span class='ocrx_word' id='word_1_107' title='bbox 285 1807 540 1852; x_wconf 84' lang='lat' dir='ltr'><strong>materno</strong></span> <span class='ocrx_word' id='word_1_108' title='bbox 588 1796 736 1852; x_wconf 88' lang='lat' dir='ltr'><strong>fetus</strong></span> <span class='ocrx_word' id='word_1_109' title='bbox 797 1810 892 1851; x_wconf 90' lang='lat' dir='ltr'><strong>ore</strong></span> <span class='ocrx_word' id='word_1_110' title='bbox 951 1798 1191 1850; x_wconf 92' lang='lat' dir='ltr'><strong>nondum</strong></span> <span class='ocrx_word' id='word_1_111' title='bbox 1242 1794 1544 1864; x_wconf 69' lang='lat' dir='ltr'><strong>przeditos,</strong></span> <span class='ocrx_word' id='word_1_112' title='bbox 1619 1791 1858 1846; x_wconf 77' lang='lat' dir='ltr'><strong>infantes</strong></span> 
     </span>
    </p>
   </div>
   <div class='ocr_carea' id='block_1_19' title="bbox 282 1863 1937 1955">
    <p class='ocr_par' dir='ltr' id='par_1_19' title="bbox 282 1863 1937 1955">
     <span class='ocr_line' id='line_1_19' title="bbox 282 1863 1937 1955; baseline -0.005 -10"><span class='ocrx_word' id='word_1_113' title='bbox 282 1891 602 1954; x_wconf 85' lang='lat' dir='ltr'><strong>edentulos,</strong></span> <span class='ocrx_word' id='word_1_114' title='bbox 643 1888 782 1943; x_wconf 90' lang='lat' dir='ltr'><strong>lacte</strong></span> <span class='ocrx_word' id='word_1_115' title='bbox 826 1885 1101 1955; x_wconf 89' lang='lat' dir='ltr'><strong>perfectos</strong></span> <span class='ocrx_word' id='word_1_116' title='bbox 1132 1895 1185 1940; x_wconf 90' lang='lat' dir='ltr'><strong>et</strong></span> <span class='ocrx_word' id='word_1_117' title='bbox 1219 1863 1523 1952; x_wconf 83' lang='lat' dir='ltr'><strong>absolutos,</strong></span> <span class='ocrx_word' id='word_1_118' title='bbox 1562 1883 1713 1939; x_wconf 89' lang='lat' dir='ltr'><strong>omni</strong></span> <span class='ocrx_word' id='word_1_119' title='bbox 1763 1899 1856 1954; x_wconf 91' lang='lat' dir='ltr'><strong>ge-</strong></span> <span class='ocrx_word' id='word_1_120' title='bbox 1895 1863 1937 1918; x_wconf 78' lang='grc' dir='ltr'>Β</span> 
     </span>
    </p>
   </div>
   <div class='ocr_carea' id='block_1_20' title="bbox 281 1971 1859 2046">
    <p class='ocr_par' dir='ltr' id='par_1_20' title="bbox 281 1971 1859 2046">
     <span class='ocr_line' id='line_1_20' title="bbox 281 1971 1859 2046; baseline -0.006 -11"><span class='ocrx_word' id='word_1_121' title='bbox 281 1996 418 2035; x_wconf 89' lang='lat' dir='ltr'><strong>nere</strong></span> <span class='ocrx_word' id='word_1_122' title='bbox 455 1979 826 2046; x_wconf 91' lang='lat' dir='ltr'><strong>varietateque</strong></span> <span class='ocrx_word' id='word_1_123' title='bbox 858 1979 1104 2031; x_wconf 90' lang='lat' dir='ltr'><strong>ciborum</strong></span> <span class='ocrx_word' id='word_1_124' title='bbox 1146 1975 1269 2041; x_wconf 86' lang='lat' dir='ltr'><strong>alit;</strong></span> <span class='ocrx_word' id='word_1_125' title='bbox 1309 1989 1434 2037; x_wconf 90' lang='lat' dir='ltr'><strong>nec,</strong></span> <span class='ocrx_word' id='word_1_126' title='bbox 1469 1975 1598 2030; x_wconf 90' lang='lat' dir='ltr'><strong>dum</strong></span> <span class='ocrx_word' id='word_1_127' title='bbox 1639 1971 1859 2037; x_wconf 89' lang='lat' dir='ltr'><strong>crescit,</strong></span> 
     </span>
    </p>
   </div>
   <div class='ocr_carea' id='block_1_21' title="bbox 281 2062 1858 2146">
    <p class='ocr_par' dir='ltr' id='par_1_21' title="bbox 281 2062 1858 2146">
     <span class='ocr_line' id='line_1_21' title="bbox 281 2062 1858 2146; baseline -0.006 -20"><span class='ocrx_word' id='word_1_128' title='bbox 281 2071 588 2146; x_wconf 84' lang='lat' dir='ltr'><strong>nutricatur</strong></span> <span class='ocrx_word' id='word_1_129' title='bbox 613 2079 669 2125; x_wconf 93' lang='lat' dir='ltr'><strong>et</strong></span> <span class='ocrx_word' id='word_1_130' title='bbox 703 2069 914 2131; x_wconf 84' lang='lat' dir='ltr'><strong>educit,</strong></span> <span class='ocrx_word' id='word_1_131' title='bbox 957 2068 1203 2123; x_wconf 86' lang='lat' dir='ltr'><strong>adultum</strong></span> <span class='ocrx_word' id='word_1_132' title='bbox 1243 2080 1372 2121; x_wconf 92' lang='lat' dir='ltr'><strong>vero</strong></span> <span class='ocrx_word' id='word_1_133' title='bbox 1405 2077 1461 2121; x_wconf 92' lang='lat' dir='ltr'><strong>et</strong></span> <span class='ocrx_word' id='word_1_134' title='bbox 1491 2067 1603 2136; x_wconf 89' lang='lat' dir='ltr'><strong>jam</strong></span> <span class='ocrx_word' id='word_1_135' title='bbox 1641 2062 1858 2118; x_wconf 90' lang='lat' dir='ltr'><strong>inhabi-</strong></span> 
     </span>
    </p>
   </div>
   <div class='ocr_carea' id='block_1_22' title="bbox 275 2155 1864 2229">
    <p class='ocr_par' dir='ltr' id='par_1_22' title="bbox 275 2155 1864 2229">
     <span class='ocr_line' id='line_1_22' title="bbox 275 2155 1864 2229; baseline -0.006 -10"><span class='ocrx_word' id='word_1_136' title='bbox 275 2164 383 2220; x_wconf 81' lang='lat' dir='ltr'><strong>lem</strong></span> <span class='ocrx_word' id='word_1_137' title='bbox 417 2162 724 2218; x_wconf 89' lang='lat' dir='ltr'><strong>crescendo</strong></span> <span class='ocrx_word' id='word_1_138' title='bbox 761 2170 974 2216; x_wconf 78' lang='lat' dir='ltr'><strong>aetatem</strong></span> <span class='ocrx_word' id='word_1_139' title='bbox 1004 2162 1281 2229; x_wconf 88' lang='lat' dir='ltr'><strong>attingens</strong></span> <span class='ocrx_word' id='word_1_140' title='bbox 1309 2157 1635 2227; x_wconf 87' lang='lat' dir='ltr'><strong>dereliquit:</strong></span> <span class='ocrx_word' id='word_1_141' title='bbox 1669 2157 1762 2212; x_wconf 89' lang='lat' dir='ltr'><strong>sed</strong></span> <span class='ocrx_word' id='word_1_142' title='bbox 1794 2155 1864 2210; x_wconf 90' lang='lat' dir='ltr'><strong>ad</strong></span> 
     </span>
    </p>
   </div>
   <div class='ocr_carea' id='block_1_23' title="bbox 272 2252 1860 2320">
    <p class='ocr_par' dir='ltr' id='par_1_23' title="bbox 272 2252 1860 2320">
     <span class='ocr_line' id='line_1_23' title="bbox 272 2252 1860 2320; baseline -0.006 -8"><span class='ocrx_word' id='word_1_143' title='bbox 272 2264 622 2312; x_wconf 80' lang='lat' dir='ltr'><strong>senectutem</strong></span> <span class='ocrx_word' id='word_1_144' title='bbox 665 2263 721 2309; x_wconf 88' lang='lat' dir='ltr'><strong>et</strong></span> <span class='ocrx_word' id='word_1_145' title='bbox 761 2252 1095 2320; x_wconf 86' lang='lat' dir='ltr'><strong>decrepitam</strong></span> <span class='ocrx_word' id='word_1_146' title='bbox 1127 2259 1338 2304; x_wconf 83' lang='lat' dir='ltr'><strong>aetatem</strong></span> <span class='ocrx_word' id='word_1_147' title='bbox 1366 2265 1561 2318; x_wconf 91' lang='lat' dir='ltr'><strong>usque,</strong></span> <span class='ocrx_word' id='word_1_148' title='bbox 1603 2258 1860 2318; x_wconf 87' lang='lat' dir='ltr'><strong>tanquam</strong></span> 
     </span>
    </p>
   </div>
   <div class='ocr_carea' id='block_1_24' title="bbox 270 2339 1864 2411">
    <p class='ocr_par' dir='ltr' id='par_1_24' title="bbox 270 2339 1864 2411">
     <span class='ocr_line' id='line_1_24' title="bbox 270 2339 1864 2411; baseline -0.004 -10"><span class='ocrx_word' id='word_1_149' title='bbox 270 2346 412 2401; x_wconf 90' lang='lat' dir='ltr'><strong>bona</strong></span> <span class='ocrx_word' id='word_1_150' title='bbox 457 2347 638 2400; x_wconf 86' lang='lat' dir='ltr'><strong>nutrix</strong></span> <span class='ocrx_word' id='word_1_151' title='bbox 677 2344 899 2399; x_wconf 87' lang='lat' dir='ltr'><strong>ducenti</strong></span> <span class='ocrx_word' id='word_1_152' title='bbox 929 2341 1180 2411; x_wconf 88' lang='lat' dir='ltr'><strong>spiritum</strong></span> <span class='ocrx_word' id='word_1_153' title='bbox 1216 2342 1388 2406; x_wconf 83' lang='lat' dir='ltr'><strong>adest,</strong></span> <span class='ocrx_word' id='word_1_154' title='bbox 1430 2354 1709 2410; x_wconf 90' lang='lat' dir='ltr'><strong>nunquam</strong></span> <span class='ocrx_word' id='word_1_155' title='bbox 1751 2339 1864 2394; x_wconf 90' lang='lat' dir='ltr'><strong>dis-</strong></span> 
     </span>
    </p>
   </div>
   <div class='ocr_carea' id='block_1_25' title="bbox 269 2429 1862 2502">
    <p class='ocr_par' dir='ltr' id='par_1_25' title="bbox 269 2429 1862 2502">
     <span class='ocr_line' id='line_1_25' title="bbox 269 2429 1862 2502; baseline -0.004 -12"><span class='ocrx_word' id='word_1_156' title='bbox 269 2437 508 2502; x_wconf 87' lang='lat' dir='ltr'><strong>cedens,</strong></span> <span class='ocrx_word' id='word_1_157' title='bbox 567 2450 678 2489; x_wconf 91' lang='lat' dir='ltr'><strong>non</strong></span> <span class='ocrx_word' id='word_1_158' title='bbox 741 2444 929 2498; x_wconf 91' lang='lat' dir='ltr'><strong>noctu,</strong></span> <span class='ocrx_word' id='word_1_159' title='bbox 976 2447 1085 2488; x_wconf 91' lang='lat' dir='ltr'><strong>non</strong></span> <span class='ocrx_word' id='word_1_160' title='bbox 1149 2431 1408 2488; x_wconf 88' lang='lat' dir='ltr'><strong>interdiu.</strong></span> <span class='ocrx_word' id='word_1_161' title='bbox 1461 2429 1862 2486; x_wconf 88' lang='lat' dir='ltr'><strong>Dormientium</strong></span> 
     </span>
    </p>
   </div>
   <div class='ocr_carea' id='block_1_26' title="bbox 267 2521 1865 2598">
    <p class='ocr_par' dir='ltr' id='par_1_26' title="bbox 267 2521 1865 2598">
     <span class='ocr_line' id='line_1_26' title="bbox 267 2521 1865 2598; baseline -0.004 -14"><span class='ocrx_word' id='word_1_162' title='bbox 267 2529 486 2584; x_wconf 85' lang='lat' dir='ltr'><strong>ctenim</strong></span> <span class='ocrx_word' id='word_1_163' title='bbox 536 2543 645 2583; x_wconf 92' lang='lat' dir='ltr'><strong>non</strong></span> <span class='ocrx_word' id='word_1_164' title='bbox 694 2525 930 2598; x_wconf 89' lang='lat' dir='ltr'><strong>quiescit</strong></span> <span class='ocrx_word' id='word_1_165' title='bbox 978 2525 1140 2579; x_wconf 81' lang='lat' dir='ltr'><strong>altrix</strong></span> <span class='ocrx_word' id='word_1_166' title='bbox 1184 2523 1432 2589; x_wconf 79' lang='lat' dir='ltr'><strong>facultas,</strong></span> <span class='ocrx_word' id='word_1_167' title='bbox 1466 2523 1563 2579; x_wconf 90' lang='lat' dir='ltr'><strong>sed</strong></span> <span class='ocrx_word' id='word_1_168' title='bbox 1599 2521 1865 2578; x_wconf 84' lang='lat' dir='ltr'><strong>insomnis</strong></span> 
     </span>
    </p>
   </div>
   <div class='ocr_carea' id='block_1_27' title="bbox 269 2615 1864 2691">
    <p class='ocr_par' dir='ltr' id='par_1_27' title="bbox 269 2615 1864 2691">
     <span class='ocr_line' id='line_1_27' title="bbox 269 2615 1864 2691; baseline -0.004 -16"><span class='ocrx_word' id='word_1_169' title='bbox 269 2631 322 2675; x_wconf 90' lang='lat' dir='ltr'><strong>et</strong></span> <span class='ocrx_word' id='word_1_170' title='bbox 351 2620 593 2691; x_wconf 76' lang='lat' dir='ltr'><strong>pervigil</strong></span> <span class='ocrx_word' id='word_1_171' title='bbox 624 2620 780 2674; x_wconf 68' lang='lat' dir='ltr'><strong>bona:</strong></span> <span class='ocrx_word' id='word_1_172' title='bbox 815 2616 1049 2672; x_wconf 84' lang='lat' dir='ltr'><strong>nutricis</strong></span> <span class='ocrx_word' id='word_1_173' title='bbox 1083 2617 1275 2682; x_wconf 89' lang='lat' dir='ltr'><strong>instar,</strong></span> <span class='ocrx_word' id='word_1_174' title='bbox 1321 2615 1610 2682; x_wconf 88' lang='lat' dir='ltr'><strong>inspiranti</strong></span> <span class='ocrx_word' id='word_1_175' title='bbox 1662 2622 1864 2686; x_wconf 76' lang='lat' dir='ltr'><strong>praesto</strong></span> 
     </span>
    </p>
   </div>
   <div class='ocr_carea' id='block_1_28' title="bbox 277 2707 1865 2780">
    <p class='ocr_par' dir='ltr' id='par_1_28' title="bbox 277 2707 1865 2780">
     <span class='ocr_line' id='line_1_28' title="bbox 277 2707 1865 2780; baseline -0.002 -14"><span class='ocrx_word' id='word_1_176' title='bbox 277 2722 383 2777; x_wconf 86' lang='lat' dir='ltr'><strong>est,</strong></span> <span class='ocrx_word' id='word_1_177' title='bbox 409 2712 663 2780; x_wconf 87' lang='lat' dir='ltr'><strong>nunquid</strong></span> <span class='ocrx_word' id='word_1_178' title='bbox 691 2725 798 2765; x_wconf 93' lang='lat' dir='ltr'><strong>non</strong></span> <span class='ocrx_word' id='word_1_179' title='bbox 839 2711 982 2765; x_wconf 89' lang='lat' dir='ltr'><strong>bona</strong></span> <span class='ocrx_word' id='word_1_180' title='bbox 1010 2707 1250 2764; x_wconf 83' lang='lat' dir='ltr'><strong>iaciens?</strong></span> <span class='ocrx_word' id='word_1_181' title='bbox 1273 2722 1337 2764; x_wconf 90' lang='lat' dir='ltr'><strong>ea</strong></span> <span class='ocrx_word' id='word_1_182' title='bbox 1357 2717 1507 2764; x_wconf 90' lang='lat' dir='ltr'><strong>certe</strong></span> <span class='ocrx_word' id='word_1_183' title='bbox 1540 2722 1662 2778; x_wconf 86' lang='lat' dir='ltr'><strong>quae</strong></span> <span class='ocrx_word' id='word_1_184' title='bbox 1685 2722 1782 2778; x_wconf 91' lang='lat' dir='ltr'><strong>per</strong></span> <span class='ocrx_word' id='word_1_185' title='bbox 1801 2721 1865 2763; x_wconf 90' lang='lat' dir='ltr'><strong>os</strong></span> 
     </span>
    </p>
   </div>
   <div class='ocr_carea' id='block_1_29' title="bbox 283 2798 1937 2868">
    <p class='ocr_par' dir='ltr' id='par_1_29' title="bbox 283 2798 1937 2868">
     <span class='ocr_line' id='line_1_29' title="bbox 283 2798 1937 2868; baseline -0.004 -11"><span class='ocrx_word' id='word_1_186' title='bbox 283 2803 476 2857; x_wconf 89' lang='lat' dir='ltr'><strong>molita</strong></span> <span class='ocrx_word' id='word_1_187' title='bbox 513 2800 569 2854; x_wconf 92' lang='lat' dir='ltr'><strong>in</strong></span> <span class='ocrx_word' id='word_1_188' title='bbox 600 2812 847 2856; x_wconf 88' lang='lat' dir='ltr'><strong>ventrem</strong></span> <span class='ocrx_word' id='word_1_189' title='bbox 882 2799 1266 2864; x_wconf 89' lang='lat' dir='ltr'><strong>demittuntur,</strong></span> <span class='ocrx_word' id='word_1_190' title='bbox 1299 2812 1650 2868; x_wconf 88' lang='lat' dir='ltr'><strong>concoquens</strong></span> <span class='ocrx_word' id='word_1_191' title='bbox 1687 2812 1752 2852; x_wconf 90' lang='lat' dir='ltr'><strong>ac</strong></span> <span class='ocrx_word' id='word_1_192' title='bbox 1777 2798 1866 2852; x_wconf 87' lang='lat' dir='ltr'><strong>di-</strong></span> <span class='ocrx_word' id='word_1_193' title='bbox 1934 2810 1937 2813; x_wconf 84' lang='lat'>&#39;</span> 
     </span>
    </p>
   </div>
   <div class='ocr_carea' id='block_1_30' title="bbox 283 2886 1867 2963">
    <p class='ocr_par' dir='ltr' id='par_1_30' title="bbox 283 2886 1867 2963">
     <span class='ocr_line' id='line_1_30' title="bbox 283 2886 1867 2963; baseline -0.004 -14"><span class='ocrx_word' id='word_1_194' title='bbox 283 2907 510 2963; x_wconf 77' lang='lat' dir='ltr'><strong>gerens,</strong></span> <span class='ocrx_word' id='word_1_195' title='bbox 560 2890 905 2960; x_wconf 89' lang='lat' dir='ltr'><strong>primumque</strong></span> <span class='ocrx_word' id='word_1_196' title='bbox 942 2889 996 2944; x_wconf 90' lang='lat' dir='ltr'><strong>in</strong></span> <span class='ocrx_word' id='word_1_197' title='bbox 1043 2903 1238 2944; x_wconf 89' lang='lat' dir='ltr'><strong>succos</strong></span> <span class='ocrx_word' id='word_1_198' title='bbox 1280 2897 1627 2956; x_wconf 88' lang='lat' dir='ltr'><strong>convertens,</strong></span> <span class='ocrx_word' id='word_1_199' title='bbox 1670 2886 1867 2942; x_wconf 86' lang='lat' dir='ltr'><strong>deinde</strong></span> 
     </span>
    </p>
   </div>
   <div class='ocr_carea' id='block_1_31' title="bbox 287 2979 1867 3059">
    <p class='ocr_par' dir='ltr' id='par_1_31' title="bbox 287 2979 1867 3059">
     <span class='ocr_line' id='line_1_31' title="bbox 287 2979 1867 3059; baseline -0.005 -17"><span class='ocrx_word' id='word_1_200' title='bbox 287 2987 356 3044; x_wconf 88' lang='lat' dir='ltr'><strong>ad</strong></span> <span class='ocrx_word' id='word_1_201' title='bbox 376 2988 540 3059; x_wconf 86' lang='lat' dir='ltr'><strong>jecur</strong></span> <span class='ocrx_word' id='word_1_202' title='bbox 566 2984 852 3040; x_wconf 89' lang='lat' dir='ltr'><strong>attrahens</strong></span> <span class='ocrx_word' id='word_1_203' title='bbox 880 2991 936 3038; x_wconf 91' lang='lat' dir='ltr'><strong>et</strong></span> <span class='ocrx_word' id='word_1_204' title='bbox 963 2982 1020 3038; x_wconf 92' lang='lat' dir='ltr'><strong>in</strong></span> <span class='ocrx_word' id='word_1_205' title='bbox 1053 2981 1377 3052; x_wconf 89' lang='lat' dir='ltr'><strong>sanguinem</strong></span> <span class='ocrx_word' id='word_1_206' title='bbox 1405 2991 1658 3046; x_wconf 88' lang='lat' dir='ltr'><strong>mutans;</strong></span> <span class='ocrx_word' id='word_1_207' title='bbox 1689 2979 1867 3034; x_wconf 87' lang='lat' dir='ltr'><strong>illinc-</strong></span> 
     </span>
    </p>
   </div>
   <div class='ocr_carea' id='block_1_32' title="bbox 286 3072 1866 3149">
    <p class='ocr_par' dir='ltr' id='par_1_32' title="bbox 286 3072 1866 3149">
     <span class='ocr_line' id='line_1_32' title="bbox 286 3072 1866 3149; baseline -0.004 -16"><span class='ocrx_word' id='word_1_208' title='bbox 286 3094 396 3149; x_wconf 91' lang='lat' dir='ltr'><strong>que</strong></span> <span class='ocrx_word' id='word_1_209' title='bbox 437 3093 534 3147; x_wconf 91' lang='lat' dir='ltr'><strong>per</strong></span> <span class='ocrx_word' id='word_1_210' title='bbox 579 3091 748 3132; x_wconf 86' lang='lat' dir='ltr'><strong>venas</strong></span> <span class='ocrx_word' id='word_1_211' title='bbox 809 3074 1065 3130; x_wconf 88' lang='lat' dir='ltr'><strong>omnibus</strong></span> <span class='ocrx_word' id='word_1_212' title='bbox 1112 3089 1268 3130; x_wconf 89' lang='lat' dir='ltr'><strong>suam</strong></span> <span class='ocrx_word' id='word_1_213' title='bbox 1315 3073 1515 3143; x_wconf 90' lang='lat' dir='ltr'><strong>cuique</strong></span> <span class='ocrx_word' id='word_1_214' title='bbox 1560 3072 1866 3142; x_wconf 87' lang='lat' dir='ltr'><strong>portionem</strong></span> 
     </span>
    </p>
   </div>
   <div class='ocr_carea' id='block_1_33' title="bbox 1958 599 3545 672">
    <p class='ocr_par' dir='ltr' id='par_1_33' title="bbox 1958 599 3545 672">
     <span class='ocr_line' id='line_1_33' title="bbox 1958 599 3545 672; baseline -0.002 -14"><span class='ocrx_word' id='word_1_215' title='bbox 1958 604 2249 672; x_wconf 82' lang='lat' dir='ltr'><strong>agitamus,</strong></span> <span class='ocrx_word' id='word_1_216' title='bbox 2281 603 2717 659; x_wconf 88' lang='lat' dir='ltr'><strong>controversiam</strong></span> <span class='ocrx_word' id='word_1_217' title='bbox 2752 616 2863 656; x_wconf 87' lang='lat' dir='ltr'><strong>non</strong></span> <span class='ocrx_word' id='word_1_218' title='bbox 2906 601 3165 671; x_wconf 88' lang='lat' dir='ltr'><strong>pertinet.</strong></span> <span class='ocrx_word' id='word_1_219' title='bbox 3194 599 3250 654; x_wconf 93' lang='lat' dir='ltr'><strong>Si</strong></span> <span class='ocrx_word' id='word_1_220' title='bbox 3287 616 3417 655; x_wconf 88' lang='lat' dir='ltr'><strong>vero</strong></span> <span class='ocrx_word' id='word_1_221' title='bbox 3448 617 3545 655; x_wconf 51' lang='lat' dir='ltr'><strong>na‘</strong></span> 
     </span>
    </p>
   </div>
   <div class='ocr_carea' id='block_1_34' title="bbox 1961 693 3550 767">
    <p class='ocr_par' dir='ltr' id='par_1_34' title="bbox 1961 693 3550 767">
     <span class='ocr_line' id='line_1_34' title="bbox 1961 693 3550 767; baseline -0.003 -17"><span class='ocrx_word' id='word_1_222' title='bbox 1961 697 2191 751; x_wconf 90' lang='lat' dir='ltr'><strong>turalem</strong></span> <span class='ocrx_word' id='word_1_223' title='bbox 2242 712 2365 767; x_wconf 78' lang='lat' dir='ltr'><strong>quae</strong></span> <span class='ocrx_word' id='word_1_224' title='bbox 2428 695 2724 751; x_wconf 86' lang='lat' dir='ltr'><strong>nutriendo</strong></span> <span class='ocrx_word' id='word_1_225' title='bbox 2792 694 3122 766; x_wconf 83' lang='lat' dir='ltr'><strong>percipitur,</strong></span> <span class='ocrx_word' id='word_1_226' title='bbox 3174 693 3550 760; x_wconf 79' lang='lat' dir='ltr'><strong>voluptatem,-</strong></span> 
     </span>
    </p>
   </div>
   <div class='ocr_carea' id='block_1_35' title="bbox 1960 786 3541 856">
    <p class='ocr_par' dir='ltr' id='par_1_35' title="bbox 1960 786 3541 856">
     <span class='ocr_line' id='line_1_35' title="bbox 1960 786 3541 856; baseline -0.001 -16"><span class='ocrx_word' id='word_1_227' title='bbox 1960 788 2234 842; x_wconf 83' lang='lat' dir='ltr'><strong>luxuriam</strong></span> <span class='ocrx_word' id='word_1_228' title='bbox 2269 788 2482 853; x_wconf 83' lang='lat' dir='ltr'><strong>deﬁnit,</strong></span> <span class='ocrx_word' id='word_1_229' title='bbox 2524 787 2695 841; x_wconf 87' lang='lat' dir='ltr'><strong>multo</strong></span> <span class='ocrx_word' id='word_1_230' title='bbox 2742 788 2893 856; x_wconf 91' lang='lat' dir='ltr'><strong>prius</strong></span> <span class='ocrx_word' id='word_1_231' title='bbox 2927 803 3048 855; x_wconf 79' lang='lat' dir='ltr'><strong>qua:</strong></span> <span class='ocrx_word' id='word_1_232' title='bbox 3093 787 3145 840; x_wconf 90' lang='lat' dir='ltr'><strong>in</strong></span> <span class='ocrx_word' id='word_1_233' title='bbox 3186 786 3541 856; x_wconf 66' lang='lat' dir='ltr'><strong>procreandis</strong></span> 
     </span>
    </p>
   </div>
   <div class='ocr_carea' id='block_1_36' title="bbox 1961 878 3541 950">
    <p class='ocr_par' dir='ltr' id='par_1_36' title="bbox 1961 878 3541 950">
     <span class='ocr_line' id='line_1_36' title="bbox 1961 878 3541 950; baseline -0.003 -18"><span class='ocrx_word' id='word_1_234' title='bbox 1961 879 2148 934; x_wconf 91' lang='lat' dir='ltr'><strong>liberis</strong></span> <span class='ocrx_word' id='word_1_235' title='bbox 2176 887 2280 944; x_wconf 89' lang='lat' dir='ltr'><strong>est,</strong></span> <span class='ocrx_word' id='word_1_236' title='bbox 2314 878 2641 950; x_wconf 71' lang='lat' dir='ltr'><strong>ﬂagitiosum</strong></span> <span class='ocrx_word' id='word_1_237' title='bbox 2685 879 3008 934; x_wconf 79' lang='lat' dir='ltr'><strong>nominabit.</strong></span> <span class='ocrx_word' id='word_1_238' title='bbox 3043 879 3114 931; x_wconf 78' lang='lat' dir='ltr'><strong>At</strong></span> <span class='ocrx_word' id='word_1_239' title='bbox 3177 893 3354 946; x_wconf 88' lang='lat' dir='ltr'><strong>neque</strong></span> <span class='ocrx_word' id='word_1_240' title='bbox 3405 893 3541 946; x_wconf 80' lang='lat' dir='ltr'><strong>nup-</strong></span> 
     </span>
    </p>
   </div>
   <div class='ocr_carea' id='block_1_37' title="bbox 1963 971 3545 1041">
    <p class='ocr_par' dir='ltr' id='par_1_37' title="bbox 1963 971 3545 1041">
     <span class='ocr_line' id='line_1_37' title="bbox 1963 971 3545 1041; baseline -0.003 -17"><span class='ocrx_word' id='word_1_241' title='bbox 1963 971 2132 1037; x_wconf 88' lang='lat' dir='ltr'><strong>tialis,</strong></span> <span class='ocrx_word' id='word_1_242' title='bbox 2166 986 2344 1041; x_wconf 84' lang='lat' dir='ltr'><strong>neque</strong></span> <span class='ocrx_word' id='word_1_243' title='bbox 2383 972 2551 1025; x_wconf 85' lang='lat' dir='ltr'><strong>etiam</strong></span> <span class='ocrx_word' id='word_1_244' title='bbox 2585 971 2745 1026; x_wconf 84' lang='lat' dir='ltr'><strong>altrix</strong></span> <span class='ocrx_word' id='word_1_245' title='bbox 2775 971 3022 1040; x_wconf 87' lang='lat' dir='ltr'><strong>voluptas</strong></span> <span class='ocrx_word' id='word_1_246' title='bbox 3050 971 3174 1024; x_wconf 90' lang='lat' dir='ltr'><strong>ullis</strong></span> <span class='ocrx_word' id='word_1_247' title='bbox 3208 983 3386 1022; x_wconf 89' lang='lat' dir='ltr'><strong>tuente</strong></span> <span class='ocrx_word' id='word_1_248' title='bbox 3407 985 3545 1038; x_wconf 74' lang='lat' dir='ltr'><strong>prte-</strong></span> 
     </span>
    </p>
   </div>
   <div class='ocr_carea' id='block_1_38' title="bbox 1963 1059 3539 1130">
    <p class='ocr_par' dir='ltr' id='par_1_38' title="bbox 1963 1059 3539 1130">
     <span class='ocr_line' id='line_1_38' title="bbox 1963 1059 3539 1130; baseline -0.003 -14"><span class='ocrx_word' id='word_1_249' title='bbox 1963 1062 2096 1117; x_wconf 90' lang='lat' dir='ltr'><strong>ditis</strong></span> <span class='ocrx_word' id='word_1_250' title='bbox 2147 1061 2366 1115; x_wconf 90' lang='lat' dir='ltr'><strong>critnini</strong></span> <span class='ocrx_word' id='word_1_251' title='bbox 2411 1062 2595 1125; x_wconf 91' lang='lat' dir='ltr'><strong>datur,</strong></span> <span class='ocrx_word' id='word_1_252' title='bbox 2629 1061 2761 1130; x_wconf 87' lang='lat' dir='ltr'><strong>quin</strong></span> <span class='ocrx_word' id='word_1_253' title='bbox 2813 1061 2992 1130; x_wconf 88' lang='lat' dir='ltr'><strong>potius</strong></span> <span class='ocrx_word' id='word_1_254' title='bbox 3033 1059 3380 1114; x_wconf 82' lang='lat' dir='ltr'><strong>admirationi</strong></span> <span class='ocrx_word' id='word_1_255' title='bbox 3437 1067 3539 1112; x_wconf 78' lang='lat' dir='ltr'><strong>est.</strong></span> 
     </span>
    </p>
   </div>
   <div class='ocr_carea' id='block_1_39' title="bbox 1970 1150 3544 1224">
    <p class='ocr_par' dir='ltr' id='par_1_39' title="bbox 1970 1150 3544 1224">
     <span class='ocr_line' id='line_1_39' title="bbox 1970 1150 3544 1224; baseline -0.003 -16"><span class='ocrx_word' id='word_1_256' title='bbox 1970 1153 2104 1208; x_wconf 79' lang='lat' dir='ltr'><strong>Nam</strong></span> <span class='ocrx_word' id='word_1_257' title='bbox 2139 1154 2229 1208; x_wconf 89' lang='lat' dir='ltr'><strong>illa</strong></span> <span class='ocrx_word' id='word_1_258' title='bbox 2261 1153 2329 1208; x_wconf 91' lang='lat' dir='ltr'><strong>de</strong></span> <span class='ocrx_word' id='word_1_259' title='bbox 2365 1168 2562 1224; x_wconf 81' lang='lat' dir='ltr'><strong>genere</strong></span> <span class='ocrx_word' id='word_1_260' title='bbox 2595 1153 2739 1222; x_wconf 86' lang='lat' dir='ltr'><strong>quod</strong></span> <span class='ocrx_word' id='word_1_261' title='bbox 2780 1155 2984 1208; x_wconf 83' lang='lat' dir='ltr'><strong>sensim</strong></span> <span class='ocrx_word' id='word_1_262' title='bbox 3015 1152 3205 1217; x_wconf 81' lang='lat' dir='ltr'><strong>eiii-uit,</strong></span> <span class='ocrx_word' id='word_1_263' title='bbox 3238 1150 3544 1204; x_wconf 82' lang='lat' dir='ltr'><strong>successio-</strong></span> 
     </span>
    </p>
   </div>
   <div class='ocr_carea' id='block_1_40' title="bbox 1963 1241 3544 1315">
    <p class='ocr_par' dir='ltr' id='par_1_40' title="bbox 1963 1241 3544 1315">
     <span class='ocr_line' id='line_1_40' title="bbox 1963 1241 3544 1315; baseline -0.002 -16"><span class='ocrx_word' id='word_1_264' title='bbox 1963 1261 2066 1311; x_wconf 84' lang='lat' dir='ltr'><strong>ne;</strong></span> <span class='ocrx_word' id='word_1_265' title='bbox 2098 1246 2212 1300; x_wconf 71' lang='lat' dir='ltr'><strong>haec</strong></span> <span class='ocrx_word' id='word_1_266' title='bbox 2258 1246 2509 1315; x_wconf 89' lang='lat' dir='ltr'><strong>corporis</strong></span> <span class='ocrx_word' id='word_1_267' title='bbox 2551 1245 2896 1309; x_wconf 88' lang='lat' dir='ltr'><strong>inanitatem,</strong></span> <span class='ocrx_word' id='word_1_268' title='bbox 2931 1244 3189 1298; x_wconf 86' lang='lat' dir='ltr'><strong>alimento</strong></span> <span class='ocrx_word' id='word_1_269' title='bbox 3234 1241 3446 1311; x_wconf 84' lang='lat' dir='ltr'><strong>supplet</strong></span> <span class='ocrx_word' id='word_1_270' title='bbox 3481 1257 3544 1296; x_wconf 88' lang='lat' dir='ltr'><strong>ac</strong></span> 
     </span>
    </p>
   </div>
   <div class='ocr_carea' id='block_1_41' title="bbox 1963 1332 3546 1408">
    <p class='ocr_par' dir='ltr' id='par_1_41' title="bbox 1963 1332 3546 1408">
     <span class='ocr_line' id='line_1_41' title="bbox 1963 1332 3546 1408; baseline -0.003 -17"><span class='ocrx_word' id='word_1_271' title='bbox 1963 1348 2217 1408; x_wconf 86' lang='lat' dir='ltr'><strong>reparat;</strong></span> <span class='ocrx_word' id='word_1_272' title='bbox 2269 1338 2458 1408; x_wconf 88' lang='lat' dir='ltr'><strong>itaque</strong></span> <span class='ocrx_word' id='word_1_273' title='bbox 2491 1352 2672 1408; x_wconf 88' lang='lat' dir='ltr'><strong>neque</strong></span> <span class='ocrx_word' id='word_1_274' title='bbox 2718 1335 2898 1392; x_wconf 87' lang='lat' dir='ltr'><strong>divina</strong></span> <span class='ocrx_word' id='word_1_275' title='bbox 2940 1351 3093 1390; x_wconf 91' lang='lat' dir='ltr'><strong>mens</strong></span> <span class='ocrx_word' id='word_1_276' title='bbox 3137 1349 3166 1388; x_wconf 90' lang='lat' dir='ltr'><strong>a</strong></span> <span class='ocrx_word' id='word_1_277' title='bbox 3207 1350 3305 1389; x_wconf 85' lang='lat' dir='ltr'><strong>sua</strong></span> <span class='ocrx_word' id='word_1_278' title='bbox 3346 1332 3546 1389; x_wconf 89' lang='lat' dir='ltr'><strong>decidit</strong></span> 
     </span>
    </p>
   </div>
   <div class='ocr_carea' id='block_1_42' title="bbox 1963 1423 3543 1500">
    <p class='ocr_par' dir='ltr' id='par_1_42' title="bbox 1963 1423 3543 1500">
     <span class='ocr_line' id='line_1_42' title="bbox 1963 1423 3543 1500; baseline -0.004 -16"><span class='ocrx_word' id='word_1_279' title='bbox 1963 1430 2136 1500; x_wconf 80' lang='lat' dir='ltr'><strong>ipsius</strong></span> <span class='ocrx_word' id='word_1_280' title='bbox 2168 1429 2453 1498; x_wconf 77' lang='lat' dir='ltr'><strong>dignitate,</strong></span> <span class='ocrx_word' id='word_1_281' title='bbox 2489 1443 2668 1497; x_wconf 87' lang='lat' dir='ltr'><strong>neque</strong></span> <span class='ocrx_word' id='word_1_282' title='bbox 2704 1443 2932 1496; x_wconf 87' lang='lat' dir='ltr'><strong>prorsus</strong></span> <span class='ocrx_word' id='word_1_283' title='bbox 2961 1425 3296 1482; x_wconf 88' lang='lat' dir='ltr'><strong>contumelia</strong></span> <span class='ocrx_word' id='word_1_284' title='bbox 3323 1423 3543 1479; x_wconf 83' lang='lat' dir='ltr'><strong>divexa-</strong></span> 
     </span>
    </p>
   </div>
   <div class='ocr_carea' id='block_1_43' title="bbox 1963 1517 3548 1589">
    <p class='ocr_par' dir='ltr' id='par_1_43' title="bbox 1963 1517 3548 1589">
     <span class='ocr_line' id='line_1_43' title="bbox 1963 1517 3548 1589; baseline -0.003 -13"><span class='ocrx_word' id='word_1_285' title='bbox 1963 1529 2074 1586; x_wconf 88' lang='lat' dir='ltr'><strong>tur,</strong></span> <span class='ocrx_word' id='word_1_286' title='bbox 2108 1535 2170 1574; x_wconf 91' lang='lat' dir='ltr'><strong>ea</strong></span> <span class='ocrx_word' id='word_1_287' title='bbox 2220 1518 2530 1574; x_wconf 90' lang='lat' dir='ltr'><strong>concedens</strong></span> <span class='ocrx_word' id='word_1_288' title='bbox 2569 1535 2690 1589; x_wconf 69' lang='lat' dir='ltr'><strong>qua:</strong></span> <span class='ocrx_word' id='word_1_289' title='bbox 2737 1533 2766 1572; x_wconf 88' lang='lat' dir='ltr'><strong>a</strong></span> <span class='ocrx_word' id='word_1_290' title='bbox 2820 1527 3017 1573; x_wconf 90' lang='lat' dir='ltr'><strong>natura</strong></span> <span class='ocrx_word' id='word_1_291' title='bbox 3057 1517 3273 1573; x_wconf 87' lang='lat' dir='ltr'><strong>decreta</strong></span> <span class='ocrx_word' id='word_1_292' title='bbox 3317 1526 3445 1572; x_wconf 91' lang='lat' dir='ltr'><strong>sunt</strong></span> <span class='ocrx_word' id='word_1_293' title='bbox 3491 1527 3548 1572; x_wconf 89' lang='lat' dir='ltr'><strong>et</strong></span> 
     </span>
    </p>
   </div>
   <div class='ocr_carea' id='block_1_44' title="bbox 1963 1611 3542 1682">
    <p class='ocr_par' dir='ltr' id='par_1_44' title="bbox 1963 1611 3542 1682">
     <span class='ocr_line' id='line_1_44' title="bbox 1963 1611 3542 1682; baseline -0.001 -15"><span class='ocrx_word' id='word_1_294' title='bbox 1963 1613 2202 1678; x_wconf 79' lang='lat' dir='ltr'><strong>sancite;</strong></span> <span class='ocrx_word' id='word_1_295' title='bbox 2238 1619 2294 1667; x_wconf 89' lang='lat' dir='ltr'><strong>et</strong></span> <span class='ocrx_word' id='word_1_296' title='bbox 2331 1627 2552 1682; x_wconf 91' lang='lat' dir='ltr'><strong>operam</strong></span> <span class='ocrx_word' id='word_1_297' title='bbox 2589 1611 2902 1676; x_wconf 87' lang='lat' dir='ltr'><strong>conferens,</strong></span> <span class='ocrx_word' id='word_1_298' title='bbox 2935 1625 3001 1665; x_wconf 90' lang='lat' dir='ltr'><strong>ac</strong></span> <span class='ocrx_word' id='word_1_299' title='bbox 3045 1626 3153 1665; x_wconf 89' lang='lat' dir='ltr'><strong>una</strong></span> <span class='ocrx_word' id='word_1_300' title='bbox 3187 1612 3542 1680; x_wconf 89' lang='lat' dir='ltr'><strong>suppeditans</strong></span> 
     </span>
    </p>
   </div>
   <div class='ocr_carea' id='block_1_45' title="bbox 1962 1702 3542 1774">
    <p class='ocr_par' dir='ltr' id='par_1_45' title="bbox 1962 1702 3542 1774">
     <span class='ocr_line' id='line_1_45' title="bbox 1962 1702 3542 1774; baseline -0.001 -16"><span class='ocrx_word' id='word_1_301' title='bbox 1962 1719 2024 1758; x_wconf 88' lang='lat' dir='ltr'><strong>ea</strong></span> <span class='ocrx_word' id='word_1_302' title='bbox 2054 1718 2174 1773; x_wconf 87' lang='lat' dir='ltr'><strong>quae</strong></span> <span class='ocrx_word' id='word_1_303' title='bbox 2205 1713 2337 1759; x_wconf 89' lang='lat' dir='ltr'><strong>sunt</strong></span> <span class='ocrx_word' id='word_1_304' title='bbox 2383 1702 2680 1774; x_wconf 60' lang='lat' dir='ltr'><strong>praecipua,</strong></span> <span class='ocrx_word' id='word_1_305' title='bbox 2711 1711 2767 1758; x_wconf 91' lang='lat' dir='ltr'><strong>et</strong></span> <span class='ocrx_word' id='word_1_306' title='bbox 2810 1703 3046 1756; x_wconf 77' lang='lat' dir='ltr'><strong>maxime</strong></span> <span class='ocrx_word' id='word_1_307' title='bbox 3087 1703 3306 1773; x_wconf 86' lang='lat' dir='ltr'><strong>corpori</strong></span> <span class='ocrx_word' id='word_1_308' title='bbox 3352 1718 3542 1758; x_wconf 85' lang='lat' dir='ltr'><strong>neces-</strong></span> 
     </span>
    </p>
   </div>
   <div class='ocr_carea' id='block_1_46' title="bbox 1939 1792 3546 1864">
    <p class='ocr_par' dir='ltr' id='par_1_46' title="bbox 1939 1792 3546 1864">
     <span class='ocr_line' id='line_1_46' title="bbox 1939 1792 3546 1864; baseline -0.001 -13"><span class='ocrx_word' id='word_1_309' title='bbox 1939 1797 2134 1862; x_wconf 66' lang='lat' dir='ltr'><strong>.saria;</strong></span> <span class='ocrx_word' id='word_1_310' title='bbox 2171 1795 2276 1852; x_wconf 86' lang='lat' dir='ltr'><strong>etsi</strong></span> <span class='ocrx_word' id='word_1_311' title='bbox 2308 1796 2376 1851; x_wconf 85' lang='lat' dir='ltr'><strong>de</strong></span> <span class='ocrx_word' id='word_1_312' title='bbox 2411 1794 2614 1850; x_wconf 89' lang='lat' dir='ltr'><strong>talibus</strong></span> <span class='ocrx_word' id='word_1_313' title='bbox 2641 1794 2757 1849; x_wconf 86' lang='lat' dir='ltr'><strong>haec</strong></span> <span class='ocrx_word' id='word_1_314' title='bbox 2782 1804 2966 1849; x_wconf 89' lang='lat' dir='ltr'><strong>erecta</strong></span> <span class='ocrx_word' id='word_1_315' title='bbox 2997 1792 3202 1858; x_wconf 90' lang='lat' dir='ltr'><strong>fremit,</strong></span> <span class='ocrx_word' id='word_1_316' title='bbox 3237 1795 3546 1864; x_wconf 86' lang='lat' dir='ltr'><strong>quibusque</strong></span> 
     </span>
    </p>
   </div>
   <div class='ocr_carea' id='block_1_47' title="bbox 1967 1884 3545 1955">
    <p class='ocr_par' dir='ltr' id='par_1_47' title="bbox 1967 1884 3545 1955">
     <span class='ocr_line' id='line_1_47' title="bbox 1967 1884 3545 1955; baseline -0.003 -14"><span class='ocrx_word' id='word_1_317' title='bbox 1967 1886 2293 1942; x_wconf 89' lang='lat' dir='ltr'><strong>criminibus</strong></span> <span class='ocrx_word' id='word_1_318' title='bbox 2326 1885 2560 1940; x_wconf 90' lang='lat' dir='ltr'><strong>aliorum</strong></span> <span class='ocrx_word' id='word_1_319' title='bbox 2596 1891 2746 1940; x_wconf 83' lang='lat' dir='ltr'><strong>taxat</strong></span> <span class='ocrx_word' id='word_1_320' title='bbox 2775 1884 3021 1952; x_wconf 88' lang='lat' dir='ltr'><strong>delicias,</strong></span> <span class='ocrx_word' id='word_1_321' title='bbox 3055 1884 3246 1940; x_wconf 87' lang='lat' dir='ltr'><strong>iisdem</strong></span> <span class='ocrx_word' id='word_1_322' title='bbox 3282 1884 3398 1955; x_wconf 91' lang='lat' dir='ltr'><strong>ipsa</strong></span> <span class='ocrx_word' id='word_1_323' title='bbox 3427 1899 3545 1938; x_wconf 87' lang='lat' dir='ltr'><strong>ma-</strong></span> 
     </span>
    </p>
   </div>
   <div class='ocr_carea' id='block_1_48' title="bbox 1966 1976 3544 2047">
    <p class='ocr_par' dir='ltr' id='par_1_48' title="bbox 1966 1976 3544 2047">
     <span class='ocr_line' id='line_1_48' title="bbox 1966 1976 3544 2047; baseline -0.003 -13"><span class='ocrx_word' id='word_1_324' title='bbox 1966 1977 2050 2047; x_wconf 85' lang='lat' dir='ltr'><strong>gis</strong></span> <span class='ocrx_word' id='word_1_325' title='bbox 2087 1977 2354 2033; x_wconf 87' lang='lat' dir='ltr'><strong>delicians</strong></span> <span class='ocrx_word' id='word_1_326' title='bbox 2380 1977 2701 2034; x_wconf 89' lang='lat' dir='ltr'><strong>revincitur.</strong></span> <span class='ocrx_word' id='word_1_327' title='bbox 2730 1976 3088 2035; x_wconf 84' lang='lat' dir='ltr'><strong>Considerate</strong></span> <span class='ocrx_word' id='word_1_328' title='bbox 3128 1978 3298 2045; x_wconf 88' lang='lat' dir='ltr'><strong>enim,</strong></span> <span class='ocrx_word' id='word_1_329' title='bbox 3336 1993 3544 2047; x_wconf 72' lang='lat' dir='ltr'><strong>quaeso,</strong></span> 
     </span>
    </p>
   </div>
   <div class='ocr_carea' id='block_1_49' title="bbox 1966 2067 3545 2138">
    <p class='ocr_par' dir='ltr' id='par_1_49' title="bbox 1966 2067 3545 2138">
     <span class='ocr_line' id='line_1_49' title="bbox 1966 2067 3545 2138; baseline -0.001 -15"><span class='ocrx_word' id='word_1_330' title='bbox 1966 2075 2168 2138; x_wconf 89' lang='lat' dir='ltr'><strong>quanta</strong></span> <span class='ocrx_word' id='word_1_331' title='bbox 2197 2069 2396 2138; x_wconf 90' lang='lat' dir='ltr'><strong>jactet;</strong></span> <span class='ocrx_word' id='word_1_332' title='bbox 2438 2068 2831 2125; x_wconf 90' lang='lat' dir='ltr'><strong>contumeliam</strong></span> <span class='ocrx_word' id='word_1_333' title='bbox 2871 2077 2926 2124; x_wconf 93' lang='lat' dir='ltr'><strong>et</strong></span> <span class='ocrx_word' id='word_1_334' title='bbox 2972 2068 3290 2124; x_wconf 89' lang='lat' dir='ltr'><strong>servitutem</strong></span> <span class='ocrx_word' id='word_1_335' title='bbox 3322 2067 3545 2138; x_wconf 86' lang='lat' dir='ltr'><strong>ignobi-</strong></span> 
     </span>
    </p>
   </div>
   <div class='ocr_carea' id='block_1_50' title="bbox 1967 2159 3545 2230">
    <p class='ocr_par' dir='ltr' id='par_1_50' title="bbox 1967 2159 3545 2230">
     <span class='ocr_line' id='line_1_50' title="bbox 1967 2159 3545 2230; baseline -0.001 -14"><span class='ocrx_word' id='word_1_336' title='bbox 1967 2161 2234 2218; x_wconf 87' lang='lat' dir='ltr'><strong>lissimam</strong></span> <span class='ocrx_word' id='word_1_337' title='bbox 2266 2167 2456 2216; x_wconf 90' lang='lat' dir='ltr'><strong>censet</strong></span> <span class='ocrx_word' id='word_1_338' title='bbox 2477 2159 2624 2229; x_wconf 89' lang='lat' dir='ltr'><strong>quod</strong></span> <span class='ocrx_word' id='word_1_339' title='bbox 2649 2159 2806 2216; x_wconf 91' lang='lat' dir='ltr'><strong>initio</strong></span> <span class='ocrx_word' id='word_1_340' title='bbox 2841 2160 2945 2214; x_wconf 91' lang='lat' dir='ltr'><strong>mei</strong></span> <span class='ocrx_word' id='word_1_341' title='bbox 2973 2175 3162 2215; x_wconf 89' lang='lat' dir='ltr'><strong>curam</strong></span> <span class='ocrx_word' id='word_1_342' title='bbox 3194 2167 3367 2230; x_wconf 88' lang='lat' dir='ltr'><strong>gerat,</strong></span> <span class='ocrx_word' id='word_1_343' title='bbox 3395 2167 3450 2214; x_wconf 87' lang='lat' dir='ltr'><strong>et</strong></span> <span class='ocrx_word' id='word_1_344' title='bbox 3478 2159 3545 2214; x_wconf 77' lang='lat' dir='ltr'><strong>ad</strong></span> 
     </span>
    </p>
   </div>
   <div class='ocr_carea' id='block_1_51' title="bbox 1968 2247 3562 2321">
    <p class='ocr_par' dir='ltr' id='par_1_51' title="bbox 1968 2247 3562 2321">
     <span class='ocr_line' id='line_1_51' title="bbox 1968 2247 3562 2321; baseline -0.001 -13"><span class='ocrx_word' id='word_1_345' title='bbox 1968 2253 2256 2308; x_wconf 89' lang='lat' dir='ltr'><strong>vivendum</strong></span> <span class='ocrx_word' id='word_1_346' title='bbox 2310 2253 2623 2307; x_wconf 83' lang='lat' dir='ltr'><strong>necessaria</strong></span> <span class='ocrx_word' id='word_1_347' title='bbox 2671 2261 2982 2321; x_wconf 89' lang='lat' dir='ltr'><strong>comparet;</strong></span> <span class='ocrx_word' id='word_1_348' title='bbox 3022 2268 3089 2307; x_wconf 90' lang='lat' dir='ltr'><strong>ac</strong></span> <span class='ocrx_word' id='word_1_349' title='bbox 3131 2247 3562 2308; x_wconf 62' lang='lat' dir='ltr'><strong>dissimulanter</strong></span> 
     </span>
    </p>
   </div>
   <div class='ocr_carea' id='block_1_52' title="bbox 1969 2341 3553 2413">
    <p class='ocr_par' dir='ltr' id='par_1_52' title="bbox 1969 2341 3553 2413">
     <span class='ocr_line' id='line_1_52' title="bbox 1969 2341 3553 2413; baseline -0.001 -15"><span class='ocrx_word' id='word_1_350' title='bbox 1969 2343 2255 2398; x_wconf 78' lang='lat' dir='ltr'><strong>carillatur</strong></span> <span class='ocrx_word' id='word_1_351' title='bbox 2326 2357 2386 2398; x_wconf 88' lang='lat' dir='ltr'><strong>se</strong></span> <span class='ocrx_word' id='word_1_352' title='bbox 2450 2341 2927 2413; x_wconf 72' lang='lat' dir='ltr'><strong>praestantioribus</strong></span> <span class='ocrx_word' id='word_1_353' title='bbox 2977 2343 3384 2398; x_wconf 67' lang='lat' dir='ltr'><strong>adhaerescendi</strong></span> <span class='ocrx_word' id='word_1_354' title='bbox 3439 2359 3553 2398; x_wconf 84' lang='lat' dir='ltr'><strong>non</strong></span> 
     </span>
    </p>
   </div>
   <div class='ocr_carea' id='block_1_53' title="bbox 1966 2435 3552 2505">
    <p class='ocr_par' dir='ltr' id='par_1_53' title="bbox 1966 2435 3552 2505">
     <span class='ocr_line' id='line_1_53' title="bbox 1966 2435 3552 2505; baseline -0.002 -14"><span class='ocrx_word' id='word_1_355' title='bbox 1966 2449 2089 2491; x_wconf 88' lang='lat' dir='ltr'><strong>esse</strong></span> <span class='ocrx_word' id='word_1_356' title='bbox 2112 2442 2442 2505; x_wconf 85' lang='lat' dir='ltr'><strong>compotem,</strong></span> <span class='ocrx_word' id='word_1_357' title='bbox 2465 2444 2522 2489; x_wconf 89' lang='lat' dir='ltr'><strong>et</strong></span> <span class='ocrx_word' id='word_1_358' title='bbox 2551 2435 2844 2492; x_wconf 85' lang='lat' dir='ltr'><strong>deterioris</strong></span> <span class='ocrx_word' id='word_1_359' title='bbox 2875 2449 3064 2490; x_wconf 90' lang='lat' dir='ltr'><strong>curam</strong></span> <span class='ocrx_word' id='word_1_360' title='bbox 3095 2435 3315 2499; x_wconf 91' lang='lat' dir='ltr'><strong>habere,</strong></span> <span class='ocrx_word' id='word_1_361' title='bbox 3343 2435 3552 2489; x_wconf 79' lang='lat' dir='ltr'><strong>idcirco</strong></span> 
     </span>
    </p>
   </div>
   <div class='ocr_carea' id='block_1_54' title="bbox 1967 2526 3548 2598">
    <p class='ocr_par' dir='ltr' id='par_1_54' title="bbox 1967 2526 3548 2598">
     <span class='ocr_line' id='line_1_54' title="bbox 1967 2526 3548 2598; baseline -0.002 -15"><span class='ocrx_word' id='word_1_362' title='bbox 1967 2527 2255 2597; x_wconf 78' lang='lat' dir='ltr'><strong>cujusdam</strong></span> <span class='ocrx_word' id='word_1_363' title='bbox 2285 2526 2499 2582; x_wconf 74' lang='lat' dir='ltr'><strong>ancilla:</strong></span> <span class='ocrx_word' id='word_1_364' title='bbox 2531 2526 2898 2598; x_wconf 89' lang='lat' dir='ltr'><strong>opsonatricis</strong></span> <span class='ocrx_word' id='word_1_365' title='bbox 2931 2535 2985 2582; x_wconf 88' lang='lat' dir='ltr'><strong>et</strong></span> <span class='ocrx_word' id='word_1_366' title='bbox 3018 2526 3268 2598; x_wconf 84' lang='lat' dir='ltr'><strong>paniﬁcis</strong></span> <span class='ocrx_word' id='word_1_367' title='bbox 3307 2527 3548 2597; x_wconf 87' lang='lat' dir='ltr'><strong>speciem</strong></span> 
     </span>
    </p>
   </div>
   <div class='ocr_carea' id='block_1_55' title="bbox 1969 2618 3597 2690">
    <p class='ocr_par' dir='ltr' id='par_1_55' title="bbox 1969 2618 3597 2690">
     <span class='ocr_line' id='line_1_55' title="bbox 1969 2618 3597 2690; baseline -0.004 -14"><span class='ocrx_word' id='word_1_368' title='bbox 1969 2621 2166 2687; x_wconf 89' lang='lat' dir='ltr'><strong>induit,</strong></span> <span class='ocrx_word' id='word_1_369' title='bbox 2197 2635 2320 2690; x_wconf 81' lang='lat' dir='ltr'><strong>quae</strong></span> <span class='ocrx_word' id='word_1_370' title='bbox 2342 2620 2546 2689; x_wconf 89' lang='lat' dir='ltr'><strong>alioqui</strong></span> <span class='ocrx_word' id='word_1_371' title='bbox 2573 2619 2794 2675; x_wconf 90' lang='lat' dir='ltr'><strong>domina</strong></span> <span class='ocrx_word' id='word_1_372' title='bbox 2830 2628 2936 2686; x_wconf 90' lang='lat' dir='ltr'><strong>est,</strong></span> <span class='ocrx_word' id='word_1_373' title='bbox 2965 2629 3022 2676; x_wconf 92' lang='lat' dir='ltr'><strong>ct</strong></span> <span class='ocrx_word' id='word_1_374' title='bbox 3052 2633 3208 2676; x_wconf 89' lang='lat' dir='ltr'><strong>suam</strong></span> <span class='ocrx_word' id='word_1_375' title='bbox 3245 2620 3428 2674; x_wconf 87' lang='lat' dir='ltr'><strong>studet</strong></span> <span class='ocrx_word' id='word_1_376' title='bbox 3461 2618 3550 2673; x_wconf 83' lang='lat' dir='ltr'><strong>in-</strong></span> <span class='ocrx_word' id='word_1_377' title='bbox 3581 2654 3597 2670; x_wconf 90' lang='lat'><strong>.</strong></span> 
     </span>
    </p>
   </div>
   <div class='ocr_carea' id='block_1_56' title="bbox 1968 2712 3214 2769">
    <p class='ocr_par' dir='ltr' id='par_1_56' title="bbox 1968 2712 3214 2769">
     <span class='ocr_line' id='line_1_56' title="bbox 1968 2712 3214 2769; baseline -0.001 -2"><span class='ocrx_word' id='word_1_378' title='bbox 1968 2713 2223 2769; x_wconf 89' lang='lat' dir='ltr'><strong>violatam</strong></span> <span class='ocrx_word' id='word_1_379' title='bbox 2264 2712 2585 2768; x_wconf 86' lang='lat' dir='ltr'><strong>felicitatem</strong></span> <span class='ocrx_word' id='word_1_380' title='bbox 2624 2726 2978 2768; x_wconf 88' lang='lat' dir='ltr'><strong>conservare.</strong></span> <span class='ocrx_word' id='word_1_381' title='bbox 3206 2712 3214 2719; x_wconf 82' lang='lat'>&#39;</span> 
     </span>
    </p>
   </div>
   <div class='ocr_carea' id='block_1_57' title="bbox 2037 2806 3554 2877">
    <p class='ocr_par' dir='ltr' id='par_1_57' title="bbox 2037 2806 3554 2877">
     <span class='ocr_line' id='line_1_57' title="bbox 2037 2806 3554 2877; baseline 0 -14"><span class='ocrx_word' id='word_1_382' title='bbox 2037 2807 2199 2876; x_wconf 82' lang='lat' dir='ltr'><strong>Atqui</strong></span> <span class='ocrx_word' id='word_1_383' title='bbox 2246 2808 2293 2864; x_wconf 90' lang='lat' dir='ltr'><strong>si</strong></span> <span class='ocrx_word' id='word_1_384' title='bbox 2343 2807 2462 2862; x_wconf 78' lang='lat' dir='ltr'><strong>haec</strong></span> <span class='ocrx_word' id='word_1_385' title='bbox 2519 2807 2660 2877; x_wconf 90' lang='lat' dir='ltr'><strong>apud</strong></span> <span class='ocrx_word' id='word_1_386' title='bbox 2717 2806 2854 2863; x_wconf 91' lang='lat' dir='ltr'><strong>alios</strong></span> <span class='ocrx_word' id='word_1_387' title='bbox 2900 2806 3155 2862; x_wconf 88' lang='lat' dir='ltr'><strong>desidens</strong></span> <span class='ocrx_word' id='word_1_388' title='bbox 3201 2806 3554 2863; x_wconf 81' lang='lat' dir='ltr'><strong>sermonibus</strong></span> 
     </span>
    </p>
   </div>
   <div class='ocr_carea' id='block_1_58' title="bbox 1963 2897 3548 2972">
    <p class='ocr_par' dir='ltr' id='par_1_58' title="bbox 1963 2897 3548 2972">
     <span class='ocr_line' id='line_1_58' title="bbox 1963 2897 3548 2972; baseline 0 -18"><span class='ocrx_word' id='word_1_389' title='bbox 1963 2901 2218 2972; x_wconf 88' lang='lat' dir='ltr'><strong>jactaret,</strong></span> <span class='ocrx_word' id='word_1_390' title='bbox 2269 2899 2523 2954; x_wconf 78' lang='lat' dir='ltr'><strong>fortassis</strong></span> <span class='ocrx_word' id='word_1_391' title='bbox 2569 2898 2656 2955; x_wconf 87' lang='lat' dir='ltr'><strong>his</strong></span> <span class='ocrx_word' id='word_1_392' title='bbox 2703 2897 2999 2969; x_wconf 68' lang='lat' dir='ltr'><strong>praestigiis</strong></span> <span class='ocrx_word' id='word_1_393' title='bbox 3047 2899 3382 2968; x_wconf 89' lang='lat' dir='ltr'><strong>imponeret;</strong></span> <span class='ocrx_word' id='word_1_394' title='bbox 3435 2913 3548 2954; x_wconf 87' lang='lat' dir='ltr'><strong>non</strong></span> 
     </span>
    </p>
   </div>
   <div class='ocr_carea' id='block_1_59' title="bbox 1968 2990 3544 3062">
    <p class='ocr_par' dir='ltr' id='par_1_59' title="bbox 1968 2990 3544 3062">
     <span class='ocr_line' id='line_1_59' title="bbox 1968 2990 3544 3062; baseline -0.003 -15"><span class='ocrx_word' id='word_1_395' title='bbox 1968 3007 2100 3047; x_wconf 83' lang='lat' dir='ltr'><strong>vero</strong></span> <span class='ocrx_word' id='word_1_396' title='bbox 2134 3007 2261 3047; x_wconf 91' lang='lat' dir='ltr'><strong>cum</strong></span> <span class='ocrx_word' id='word_1_397' title='bbox 2293 2990 2437 3062; x_wconf 90' lang='lat' dir='ltr'><strong>apud</strong></span> <span class='ocrx_word' id='word_1_398' title='bbox 2462 3005 2558 3046; x_wconf 88' lang='lat' dir='ltr'><strong>vos</strong></span> <span class='ocrx_word' id='word_1_399' title='bbox 2591 2990 2730 3044; x_wconf 85' lang='lat' dir='ltr'><strong>nihil</strong></span> <span class='ocrx_word' id='word_1_400' title='bbox 2762 2991 2918 3056; x_wconf 91' lang='lat' dir='ltr'><strong>recti,</strong></span> <span class='ocrx_word' id='word_1_401' title='bbox 2957 2990 3092 3044; x_wconf 89' lang='lat' dir='ltr'><strong>nihil</strong></span> <span class='ocrx_word' id='word_1_402' title='bbox 3125 2991 3246 3044; x_wconf 88' lang='lat' dir='ltr'><strong>sani</strong></span> <span class='ocrx_word' id='word_1_403' title='bbox 3287 2990 3544 3045; x_wconf 88' lang='lat' dir='ltr'><strong>dissimu-</strong></span> 
     </span>
    </p>
   </div>
   <div class='ocr_carea' id='block_1_60' title="bbox 1969 3079 3548 3150">
    <p class='ocr_par' dir='ltr' id='par_1_60' title="bbox 1969 3079 3548 3150">
     <span class='ocr_line' id='line_1_60' title="bbox 1969 3079 3548 3150; baseline -0.003 -13"><span class='ocrx_word' id='word_1_404' title='bbox 1969 3083 2062 3146; x_wconf 91' lang='lat' dir='ltr'><strong>let,</strong></span> <span class='ocrx_word' id='word_1_405' title='bbox 2101 3083 2390 3138; x_wconf 89' lang='lat' dir='ltr'><strong>manifesto</strong></span> <span class='ocrx_word' id='word_1_406' title='bbox 2423 3079 2678 3136; x_wconf 90' lang='lat' dir='ltr'><strong>indecore</strong></span> <span class='ocrx_word' id='word_1_407' title='bbox 2724 3079 2876 3136; x_wconf 92' lang='lat' dir='ltr'><strong>facit.</strong></span> <span class='ocrx_word' id='word_1_408' title='bbox 2922 3079 3034 3144; x_wconf 75' lang='lat' dir='ltr'><strong>Yos</strong></span> <span class='ocrx_word' id='word_1_409' title='bbox 3079 3082 3280 3135; x_wconf 77' lang='lat' dir='ltr'><strong>etenim</strong></span> <span class='ocrx_word' id='word_1_410' title='bbox 3321 3080 3410 3150; x_wconf 90' lang='lat' dir='ltr'><strong>qui</strong></span> <span class='ocrx_word' id='word_1_411' title='bbox 3461 3080 3548 3134; x_wconf 90' lang='lat' dir='ltr'><strong>hic</strong></span> 
     </span>
    </p>
   </div>
   <div class='ocr_carea' id='block_1_61' title="bbox 286 3164 1869 3256">
    <p class='ocr_par' dir='ltr' id='par_1_61' title="bbox 286 3164 1856 3236">
     <span class='ocr_line' id='line_1_61' title="bbox 286 3164 1856 3236; baseline -0.007 -11"><span class='ocrx_word' id='word_1_412' title='bbox 286 3171 650 3234; x_wconf 88' lang='lat' dir='ltr'><strong>distribuens,</strong></span> <span class='ocrx_word' id='word_1_413' title='bbox 679 3173 736 3223; x_wconf 92' lang='lat' dir='ltr'><strong>et</strong></span> <span class='ocrx_word' id='word_1_414' title='bbox 757 3166 956 3236; x_wconf 88' lang='lat' dir='ltr'><strong>cuique</strong></span> <span class='ocrx_word' id='word_1_415' title='bbox 988 3181 1292 3236; x_wconf 89' lang='lat' dir='ltr'><strong>congruum</strong></span> <span class='ocrx_word' id='word_1_416' title='bbox 1319 3173 1374 3219; x_wconf 92' lang='lat' dir='ltr'><strong>et</strong></span> <span class='ocrx_word' id='word_1_417' title='bbox 1415 3164 1696 3233; x_wconf 89' lang='lat' dir='ltr'><strong>proprium</strong></span> <span class='ocrx_word' id='word_1_418' title='bbox 1723 3177 1856 3217; x_wconf 89' lang='lat' dir='ltr'><strong>con-</strong></span> 
     </span>
    </p>
   </div>
   <div class='ocr_carea' id='block_1_62' title="bbox 1969 3164 3548 3256">
    <p class='ocr_par' dir='ltr' id='par_1_62' title="bbox 1971 3172 3548 3242">
     <span class='ocr_line' id='line_1_62' title="bbox 1971 3172 3548 3242; baseline -0.003 -13"><span class='ocrx_word' id='word_1_419' title='bbox 1971 3174 2167 3229; x_wconf 89' lang='lat' dir='ltr'><strong>sedetis</strong></span> <span class='ocrx_word' id='word_1_420' title='bbox 2211 3183 2491 3239; x_wconf 87' lang='lat' dir='ltr'><strong>tacentes,</strong></span> <span class='ocrx_word' id='word_1_421' title='bbox 2527 3173 3012 3241; x_wconf 87' lang='lat' dir='ltr'><strong>tergiversationes</strong></span> <span class='ocrx_word' id='word_1_422' title='bbox 3056 3173 3216 3242; x_wconf 84' lang='lat' dir='ltr'><strong>hujus</strong></span> <span class='ocrx_word' id='word_1_423' title='bbox 3267 3172 3548 3241; x_wconf 82' lang='lat' dir='ltr'><strong>perspicue</strong></span> 
     </span>
    </p>
   </div>
   <div class='ocr_carea' id='block_1_63' title="bbox 287 3259 1864 3334">
    <p class='ocr_par' dir='ltr' id='par_1_63' title="bbox 287 3259 1864 3334">
     <span class='ocr_line' id='line_1_63' title="bbox 287 3259 1864 3334; baseline -0.004 -16"><span class='ocrx_word' id='word_1_424' title='bbox 287 3265 598 3334; x_wconf 80' lang='lat' dir='ltr'><strong>glutinans;</strong></span> <span class='ocrx_word' id='word_1_425' title='bbox 622 3278 684 3316; x_wconf 86' lang='lat' dir='ltr'><strong>ac</strong></span> <span class='ocrx_word' id='word_1_426' title='bbox 709 3261 935 3315; x_wconf 89' lang='lat' dir='ltr'><strong>multam</strong></span> <span class='ocrx_word' id='word_1_427' title='bbox 963 3261 1194 3330; x_wconf 83' lang='lat' dir='ltr'><strong>gratiam</strong></span> <span class='ocrx_word' id='word_1_428' title='bbox 1221 3259 1584 3315; x_wconf 74' lang='lat' dir='ltr'><strong>Providentiae</strong></span> <span class='ocrx_word' id='word_1_429' title='bbox 1608 3259 1734 3313; x_wconf 91' lang='lat' dir='ltr'><strong>huic</strong></span> <span class='ocrx_word' id='word_1_430' title='bbox 1757 3274 1864 3328; x_wconf 87' lang='lat' dir='ltr'><strong>qua</strong></span> 
     </span>
    </p>
   </div>
   <div class='ocr_carea' id='block_1_64' title="bbox 289 3351 1866 3420">
    <p class='ocr_par' dir='ltr' id='par_1_64' title="bbox 289 3351 1866 3420">
     <span class='ocr_line' id='line_1_64' title="bbox 289 3351 1866 3420; baseline -0.003 -12"><span class='ocrx_word' id='word_1_431' title='bbox 289 3372 392 3409; x_wconf 90' lang='lat' dir='ltr'><strong>nos</strong></span> <span class='ocrx_word' id='word_1_432' title='bbox 440 3354 916 3414; x_wconf 89' lang='lat' dir='ltr'><strong>administramur,</strong></span> <span class='ocrx_word' id='word_1_433' title='bbox 950 3351 1237 3415; x_wconf 88' lang='lat' dir='ltr'><strong>debemus,</strong></span> <span class='ocrx_word' id='word_1_434' title='bbox 1277 3365 1376 3420; x_wconf 88' lang='lat' dir='ltr'><strong>per</strong></span> <span class='ocrx_word' id='word_1_435' title='bbox 1412 3364 1575 3420; x_wconf 90' lang='lat' dir='ltr'><strong>quam</strong></span> <span class='ocrx_word' id='word_1_436' title='bbox 1607 3365 1729 3418; x_wconf 77' lang='lat' dir='ltr'><strong>quae</strong></span> <span class='ocrx_word' id='word_1_437' title='bbox 1771 3364 1866 3420; x_wconf 86' lang='lat' dir='ltr'><strong>pe-</strong></span> 
     </span>
    </p>
   </div>
   <div class='ocr_carea' id='block_1_65' title="bbox 292 3443 1868 3516">
    <p class='ocr_par' dir='ltr' id='par_1_65' title="bbox 292 3443 1868 3516">
     <span class='ocr_line' id='line_1_65' title="bbox 292 3443 1868 3516; baseline -0.004 -17"><span class='ocrx_word' id='word_1_438' title='bbox 292 3447 434 3516; x_wconf 88' lang='lat' dir='ltr'><strong>perit</strong></span> <span class='ocrx_word' id='word_1_439' title='bbox 470 3444 646 3508; x_wconf 90' lang='lat' dir='ltr'><strong>initio,</strong></span> <span class='ocrx_word' id='word_1_440' title='bbox 679 3444 870 3497; x_wconf 89' lang='lat' dir='ltr'><strong>eadem</strong></span> <span class='ocrx_word' id='word_1_441' title='bbox 902 3450 958 3497; x_wconf 93' lang='lat' dir='ltr'><strong>et</strong></span> <span class='ocrx_word' id='word_1_442' title='bbox 989 3445 1042 3495; x_wconf 91' lang='lat' dir='ltr'><strong>in</strong></span> <span class='ocrx_word' id='word_1_443' title='bbox 1085 3452 1364 3510; x_wconf 89' lang='lat' dir='ltr'><strong>posterum</strong></span> <span class='ocrx_word' id='word_1_444' title='bbox 1403 3443 1673 3497; x_wconf 89' lang='lat' dir='ltr'><strong>charitate</strong></span> <span class='ocrx_word' id='word_1_445' title='bbox 1714 3455 1868 3496; x_wconf 81' lang='lat' dir='ltr'><strong>com-</strong></span> 
     </span>
    </p>
   </div>
   <div class='ocr_carea' id='block_1_66' title="bbox 296 3533 1868 3607">
    <p class='ocr_par' dir='ltr' id='par_1_66' title="bbox 296 3533 1868 3607">
     <span class='ocr_line' id='line_1_66' title="bbox 296 3533 1868 3607; baseline -0.001 -15"><span class='ocrx_word' id='word_1_446' title='bbox 296 3537 578 3607; x_wconf 89' lang='lat' dir='ltr'><strong>plectitur,</strong></span> <span class='ocrx_word' id='word_1_447' title='bbox 619 3551 721 3590; x_wconf 90' lang='lat' dir='ltr'><strong>nec</strong></span> <span class='ocrx_word' id='word_1_448' title='bbox 748 3534 878 3590; x_wconf 88' lang='lat' dir='ltr'><strong>sinit</strong></span> <span class='ocrx_word' id='word_1_449' title='bbox 910 3533 1151 3603; x_wconf 78' lang='lat' dir='ltr'><strong>diSperdi</strong></span> <span class='ocrx_word' id='word_1_450' title='bbox 1180 3535 1570 3604; x_wconf 87' lang='lat' dir='ltr'><strong>dissipariquc,</strong></span> <span class='ocrx_word' id='word_1_451' title='bbox 1593 3534 1868 3591; x_wconf 86' lang='lat' dir='ltr'><strong>alimentis</strong></span> 
     </span>
    </p>
   </div>
   <div class='ocr_carea' id='block_1_67' title="bbox 293 3626 969 3698">
    <p class='ocr_par' dir='ltr' id='par_1_67' title="bbox 293 3626 969 3698">
     <span class='ocr_line' id='line_1_67' title="bbox 293 3626 969 3698; baseline -0.007 -16"><span class='ocrx_word' id='word_1_452' title='bbox 293 3628 618 3698; x_wconf 69' lang='lat' dir='ltr'><strong>excogitatis</strong></span> <span class='ocrx_word' id='word_1_453' title='bbox 647 3642 711 3681; x_wconf 88' lang='lat' dir='ltr'><strong>ac</strong></span> <span class='ocrx_word' id='word_1_454' title='bbox 742 3626 969 3696; x_wconf 88' lang='lat' dir='ltr'><strong>paratis.</strong></span> 
     </span>
    </p>
   </div>
   <div class='ocr_carea' id='block_1_68' title="bbox 364 3714 1867 3784">
    <p class='ocr_par' dir='ltr' id='par_1_68' title="bbox 364 3714 1867 3784">
     <span class='ocr_line' id='line_1_68' title="bbox 364 3714 1867 3784; baseline -0.001 -13"><span class='ocrx_word' id='word_1_455' title='bbox 364 3717 433 3771; x_wconf 89' lang='lat' dir='ltr'><strong>Et</strong></span> <span class='ocrx_word' id='word_1_456' title='bbox 480 3728 672 3772; x_wconf 91' lang='lat' dir='ltr'><strong>natura</strong></span> <span class='ocrx_word' id='word_1_457' title='bbox 718 3717 962 3784; x_wconf 80' lang='lat' dir='ltr'><strong>quidem,</strong></span> <span class='ocrx_word' id='word_1_458' title='bbox 1011 3723 1068 3768; x_wconf 90' lang='lat' dir='ltr'><strong>ut</strong></span> <span class='ocrx_word' id='word_1_459' title='bbox 1116 3714 1322 3769; x_wconf 84' lang='lat' dir='ltr'><strong>dictum</strong></span> <span class='ocrx_word' id='word_1_460' title='bbox 1369 3723 1475 3782; x_wconf 90' lang='lat' dir='ltr'><strong>est,</strong></span> <span class='ocrx_word' id='word_1_461' title='bbox 1525 3715 1598 3771; x_wconf 88' lang='lat' dir='ltr'><strong>ita</strong></span> <span class='ocrx_word' id='word_1_462' title='bbox 1645 3715 1867 3783; x_wconf 86' lang='lat' dir='ltr'><strong>format,</strong></span> 
     </span>
    </p>
   </div>
   <div class='ocr_carea' id='block_1_69' title="bbox 293 3798 1867 3874">
    <p class='ocr_par' dir='ltr' id='par_1_69' title="bbox 293 3798 1867 3874">
     <span class='ocr_line' id='line_1_69' title="bbox 293 3798 1867 3874; baseline -0.001 -14"><span class='ocrx_word' id='word_1_463' title='bbox 293 3806 627 3868; x_wconf 86' lang='lat' dir='ltr'><strong>conformat,</strong></span> <span class='ocrx_word' id='word_1_464' title='bbox 656 3798 1020 3874; x_wconf 87' lang='lat' dir='ltr'><strong>coagmentat.</strong></span> <span class='ocrx_word' id='word_1_465' title='bbox 1049 3801 1201 3858; x_wconf 81' lang='lat' dir='ltr'><strong>Mens</strong></span> <span class='ocrx_word' id='word_1_466' title='bbox 1237 3814 1419 3858; x_wconf 86' lang='lat' dir='ltr'><strong>autem</strong></span> <span class='ocrx_word' id='word_1_467' title='bbox 1464 3806 1690 3861; x_wconf 89' lang='lat' dir='ltr'><strong>rationis</strong></span> <span class='ocrx_word' id='word_1_468' title='bbox 1715 3821 1867 3861; x_wconf 87' lang='lat' dir='ltr'><strong>com-</strong></span> 
     </span>
    </p>
   </div>
   <div class='ocr_carea' id='block_1_70' title="bbox 292 3893 1872 3967">
    <p class='ocr_par' dir='ltr' id='par_1_70' title="bbox 292 3893 1872 3967">
     <span class='ocr_line' id='line_1_70' title="bbox 292 3893 1872 3967; baseline -0.001 -15"><span class='ocrx_word' id='word_1_469' title='bbox 292 3913 418 3967; x_wconf 83' lang='lat' dir='ltr'><strong>pos,</strong></span> <span class='ocrx_word' id='word_1_470' title='bbox 455 3906 512 3951; x_wconf 89' lang='lat' dir='ltr'><strong>et</strong></span> <span class='ocrx_word' id='word_1_471' title='bbox 563 3906 764 3965; x_wconf 88' lang='lat' dir='ltr'><strong>corpus</strong></span> <span class='ocrx_word' id='word_1_472' title='bbox 811 3893 1075 3961; x_wconf 86' lang='lat' dir='ltr'><strong>incolens,</strong></span> <span class='ocrx_word' id='word_1_473' title='bbox 1121 3904 1331 3948; x_wconf 73' lang='lat' dir='ltr'><strong>natura:</strong></span> <span class='ocrx_word' id='word_1_474' title='bbox 1376 3896 1678 3950; x_wconf 83' lang='lat' dir='ltr'><strong>contrarias</strong></span> <span class='ocrx_word' id='word_1_475' title='bbox 1726 3896 1872 3966; x_wconf 87' lang='lat' dir='ltr'><strong>leges</strong></span> 
     </span>
    </p>
   </div>
   <div class='ocr_carea' id='block_1_71' title="bbox 291 3988 1872 4058">
    <p class='ocr_par' dir='ltr' id='par_1_71' title="bbox 291 3988 1872 4058">
     <span class='ocr_line' id='line_1_71' title="bbox 291 3988 1872 4058; baseline -0.001 -12"><span class='ocrx_word' id='word_1_476' title='bbox 291 3991 601 4055; x_wconf 90' lang='lat' dir='ltr'><strong>constituit,</strong></span> <span class='ocrx_word' id='word_1_477' title='bbox 643 4001 702 4043; x_wconf 91' lang='lat' dir='ltr'><strong>ut</strong></span> <span class='ocrx_word' id='word_1_478' title='bbox 739 3989 842 4043; x_wconf 87' lang='lat' dir='ltr'><strong>alia</strong></span> <span class='ocrx_word' id='word_1_479' title='bbox 889 3989 1158 4058; x_wconf 66' lang='lat' dir='ltr'><strong>quaepiam</strong></span> <span class='ocrx_word' id='word_1_480' title='bbox 1196 3988 1489 4050; x_wconf 90' lang='lat' dir='ltr'><strong>imperiosa</strong></span> <span class='ocrx_word' id='word_1_481' title='bbox 1523 3988 1743 4042; x_wconf 90' lang='lat' dir='ltr'><strong>domina</strong></span> <span class='ocrx_word' id='word_1_482' title='bbox 1772 4008 1787 4043; x_wconf 90' lang='lat'><strong>:</strong></span> <span class='ocrx_word' id='word_1_483' title='bbox 1816 3999 1872 4044; x_wconf 90' lang='lat' dir='ltr'><strong>et</strong></span> 
     </span>
    </p>
   </div>
   <div class='ocr_carea' id='block_1_72' title="bbox 287 4079 1873 4153">
    <p class='ocr_par' dir='ltr' id='par_1_72' title="bbox 287 4079 1873 4153">
     <span class='ocr_line' id='line_1_72' title="bbox 287 4079 1873 4153; baseline -0.001 -17"><span class='ocrx_word' id='word_1_484' title='bbox 287 4084 418 4153; x_wconf 83' lang='lat' dir='ltr'><strong>quia</strong></span> <span class='ocrx_word' id='word_1_485' title='bbox 477 4081 862 4152; x_wconf 87' lang='lat' dir='ltr'><strong>quotidianum</strong></span> <span class='ocrx_word' id='word_1_486' title='bbox 903 4095 1122 4148; x_wconf 86' lang='lat' dir='ltr'><strong>semper</strong></span> <span class='ocrx_word' id='word_1_487' title='bbox 1172 4079 1488 4134; x_wconf 89' lang='lat' dir='ltr'><strong>alimentum</strong></span> <span class='ocrx_word' id='word_1_488' title='bbox 1543 4094 1750 4150; x_wconf 70' lang='lat' dir='ltr'><strong>quaero,</strong></span> <span class='ocrx_word' id='word_1_489' title='bbox 1783 4095 1873 4135; x_wconf 88' lang='lat' dir='ltr'><strong>me</strong></span> 
     </span>
    </p>
   </div>
   <div class='ocr_carea' id='block_1_73' title="bbox 287 4170 1873 4245">
    <p class='ocr_par' dir='ltr' id='par_1_73' title="bbox 287 4170 1873 4245">
     <span class='ocr_line' id='line_1_73' title="bbox 287 4170 1873 4245; baseline -0.002 -17"><span class='ocrx_word' id='word_1_490' title='bbox 287 4175 542 4245; x_wconf 91' lang='lat' dir='ltr'><strong>gulosum</strong></span> <span class='ocrx_word' id='word_1_491' title='bbox 579 4182 630 4227; x_wconf 91' lang='lat' dir='ltr'><strong>et</strong></span> <span class='ocrx_word' id='word_1_492' title='bbox 676 4171 1004 4241; x_wconf 81' lang='lat' dir='ltr'><strong>inexplebile</strong></span> <span class='ocrx_word' id='word_1_493' title='bbox 1047 4170 1252 4225; x_wconf 92' lang='lat' dir='ltr'><strong>dolium</strong></span> <span class='ocrx_word' id='word_1_494' title='bbox 1300 4188 1315 4224; x_wconf 89' lang='lat'><strong>:</strong></span> <span class='ocrx_word' id='word_1_495' title='bbox 1365 4173 1490 4239; x_wconf 87' lang='lat' dir='ltr'><strong>quia</strong></span> <span class='ocrx_word' id='word_1_496' title='bbox 1535 4171 1873 4225; x_wconf 90' lang='lat' dir='ltr'><strong>nutrimento</strong></span> 
     </span>
    </p>
   </div>
   <div class='ocr_carea' id='block_1_74' title="bbox 290 4261 1876 4332">
    <p class='ocr_par' dir='ltr' id='par_1_74' title="bbox 290 4261 1876 4332">
     <span class='ocr_line' id='line_1_74' title="bbox 290 4261 1876 4332; baseline -0.002 -13"><span class='ocrx_word' id='word_1_497' title='bbox 290 4269 460 4332; x_wconf 88' lang='lat' dir='ltr'><strong>laetor,</strong></span> <span class='ocrx_word' id='word_1_498' title='bbox 494 4265 844 4319; x_wconf 82' lang='lat' dir='ltr'><strong>luxuriosum</strong></span> <span class='ocrx_word' id='word_1_499' title='bbox 883 4271 936 4316; x_wconf 91' lang='lat' dir='ltr'><strong>et</strong></span> <span class='ocrx_word' id='word_1_500' title='bbox 978 4263 1363 4332; x_wconf 88' lang='lat' dir='ltr'><strong>voluptuosum</strong></span> <span class='ocrx_word' id='word_1_501' title='bbox 1407 4271 1706 4331; x_wconf 89' lang='lat' dir='ltr'><strong>nuncupat,</strong></span> <span class='ocrx_word' id='word_1_502' title='bbox 1742 4261 1876 4316; x_wconf 88' lang='lat' dir='ltr'><strong>deli-</strong></span> 
     </span>
    </p>
   </div>
   <div class='ocr_carea' id='block_1_75' title="bbox 287 4352 1875 4418">
    <p class='ocr_par' dir='ltr' id='par_1_75' title="bbox 287 4352 1875 4418">
     <span class='ocr_line' id='line_1_75' title="bbox 287 4352 1875 4418; baseline -0.003 -7"><span class='ocrx_word' id='word_1_503' title='bbox 287 4358 498 4412; x_wconf 91' lang='lat' dir='ltr'><strong>ciarum</strong></span> <span class='ocrx_word' id='word_1_504' title='bbox 541 4355 687 4410; x_wconf 90' lang='lat' dir='ltr'><strong>enim</strong></span> <span class='ocrx_word' id='word_1_505' title='bbox 719 4353 922 4408; x_wconf 85' lang='lat' dir='ltr'><strong>ﬁnibus</strong></span> <span class='ocrx_word' id='word_1_506' title='bbox 966 4352 1287 4407; x_wconf 88' lang='lat' dir='ltr'><strong>alimentum</strong></span> <span class='ocrx_word' id='word_1_507' title='bbox 1323 4352 1565 4417; x_wconf 82' lang='lat' dir='ltr'><strong>metitur,</strong></span> <span class='ocrx_word' id='word_1_508' title='bbox 1616 4352 1761 4418; x_wconf 90' lang='lat' dir='ltr'><strong>quod</strong></span> <span class='ocrx_word' id='word_1_509' title='bbox 1807 4353 1875 4407; x_wconf 91' lang='lat' dir='ltr'><strong>iis</strong></span> 
     </span>
    </p>
   </div>
   <div class='ocr_carea' id='block_1_76' title="bbox 289 4440 1872 4519">
    <p class='ocr_par' dir='ltr' id='par_1_76' title="bbox 289 4440 1872 4519">
     <span class='ocr_line' id='line_1_76' title="bbox 289 4440 1872 4519; baseline -0.003 -17"><span class='ocrx_word' id='word_1_510' title='bbox 289 4465 410 4519; x_wconf 71' lang='lat' dir='ltr'><strong>qua:</strong></span> <span class='ocrx_word' id='word_1_511' title='bbox 445 4440 820 4505; x_wconf 78' lang='lat' dir='ltr'><strong>comedimus</strong></span> <span class='ocrx_word' id='word_1_512' title='bbox 867 4453 924 4500; x_wconf 90' lang='lat' dir='ltr'><strong>et</strong></span> <span class='ocrx_word' id='word_1_513' title='bbox 991 4443 1233 4499; x_wconf 90' lang='lat' dir='ltr'><strong>bibimus</strong></span> <span class='ocrx_word' id='word_1_514' title='bbox 1279 4452 1475 4497; x_wconf 88' lang='lat' dir='ltr'><strong>natura</strong></span> <span class='ocrx_word' id='word_1_515' title='bbox 1532 4443 1872 4499; x_wconf 83' lang='lat' dir='ltr'><strong>dulcedinem</strong></span> 
     </span>
    </p>
   </div>
   <div class='ocr_carea' id='block_1_77' title="bbox 1970 3261 3546 3332">
    <p class='ocr_par' dir='ltr' id='par_1_77' title="bbox 1970 3261 3546 3332">
     <span class='ocr_line' id='line_1_77' title="bbox 1970 3261 3546 3332; baseline 0.001 -17"><span class='ocrx_word' id='word_1_516' title='bbox 1970 3262 2284 3329; x_wconf 86' lang='lat' dir='ltr'><strong>revincetis,</strong></span> <span class='ocrx_word' id='word_1_517' title='bbox 2339 3261 2433 3331; x_wconf 92' lang='lat' dir='ltr'><strong>qui</strong></span> <span class='ocrx_word' id='word_1_518' title='bbox 2491 3261 2792 3316; x_wconf 88' lang='lat' dir='ltr'><strong>nobilitatis</strong></span> <span class='ocrx_word' id='word_1_519' title='bbox 2840 3262 3096 3330; x_wconf 84' lang='lat' dir='ltr'><strong>imaginis</strong></span> <span class='ocrx_word' id='word_1_520' title='bbox 3135 3263 3302 3326; x_wconf 89' lang='lat' dir='ltr'><strong>illius,</strong></span> <span class='ocrx_word' id='word_1_521' title='bbox 3353 3263 3401 3317; x_wconf 86' lang='lat' dir='ltr'><strong>si</strong></span> <span class='ocrx_word' id='word_1_522' title='bbox 3449 3262 3546 3332; x_wconf 91' lang='lat' dir='ltr'><strong>qui</strong></span> 
     </span>
    </p>
   </div>
   <div class='ocr_carea' id='block_1_78' title="bbox 1971 3353 3550 3424">
    <p class='ocr_par' dir='ltr' id='par_1_78' title="bbox 1971 3353 3550 3424">
     <span class='ocr_line' id='line_1_78' title="bbox 1971 3353 3550 3424; baseline 0.003 -18"><span class='ocrx_word' id='word_1_523' title='bbox 1971 3354 2060 3407; x_wconf 81' lang='lat' dir='ltr'><strong>alii</strong></span> <span class='ocrx_word' id='word_1_524' title='bbox 2118 3354 2313 3408; x_wconf 90' lang='lat' dir='ltr'><strong>bonam</strong></span> <span class='ocrx_word' id='word_1_525' title='bbox 2370 3353 2524 3408; x_wconf 89' lang='lat' dir='ltr'><strong>vobis</strong></span> <span class='ocrx_word' id='word_1_526' title='bbox 2573 3363 2784 3424; x_wconf 84' lang='lat' dir='ltr'><strong>partem</strong></span> <span class='ocrx_word' id='word_1_527' title='bbox 2835 3353 3187 3418; x_wconf 86' lang='lat' dir='ltr'><strong>vindicastis,</strong></span> <span class='ocrx_word' id='word_1_528' title='bbox 3231 3363 3286 3408; x_wconf 91' lang='lat' dir='ltr'><strong>et</strong></span> <span class='ocrx_word' id='word_1_529' title='bbox 3342 3356 3550 3424; x_wconf 90' lang='lat' dir='ltr'><strong>absque</strong></span> 
     </span>
    </p>
   </div>
   <div class='ocr_carea' id='block_1_79' title="bbox 1970 3443 3547 3515">
    <p class='ocr_par' dir='ltr' id='par_1_79' title="bbox 1970 3443 3547 3515">
     <span class='ocr_line' id='line_1_79' title="bbox 1970 3443 3547 3515; baseline -0.001 -16"><span class='ocrx_word' id='word_1_530' title='bbox 1970 3445 2481 3512; x_wconf 88' lang='lat' dir='ltr'><strong>perturbationibus</strong></span> <span class='ocrx_word' id='word_1_531' title='bbox 2519 3459 2582 3498; x_wconf 83' lang='lat' dir='ltr'><strong>ac</strong></span> <span class='ocrx_word' id='word_1_532' title='bbox 2611 3444 2776 3498; x_wconf 86' lang='lat' dir='ltr'><strong>veluti</strong></span> <span class='ocrx_word' id='word_1_533' title='bbox 2816 3443 2952 3498; x_wconf 90' lang='lat' dir='ltr'><strong>citra</strong></span> <span class='ocrx_word' id='word_1_534' title='bbox 2987 3444 3228 3498; x_wconf 73' lang='lat' dir='ltr'><strong>materia:</strong></span> <span class='ocrx_word' id='word_1_535' title='bbox 3258 3446 3547 3515; x_wconf 85' lang='lat' dir='ltr'><strong>contagio-</strong></span> 
     </span>
    </p>
   </div>
   <div class='ocr_carea' id='block_1_80' title="bbox 1972 3519 3549 3607">
    <p class='ocr_par' dir='ltr' id='par_1_80' title="bbox 1972 3519 3549 3607">
     <span class='ocr_line' id='line_1_80' title="bbox 1972 3519 3549 3607; baseline 0.001 -17"><span class='ocrx_word' id='word_1_536' title='bbox 1972 3551 2095 3591; x_wconf 89' lang='lat' dir='ltr'><strong>nem</strong></span> <span class='ocrx_word' id='word_1_537' title='bbox 2127 3536 2180 3590; x_wconf 90' lang='lat' dir='ltr'><strong>in</strong></span> <span class='ocrx_word' id='word_1_538' title='bbox 2208 3536 2548 3606; x_wconf 89' lang='lat' dir='ltr'><strong>corpusculis</strong></span> <span class='ocrx_word' id='word_1_539' title='bbox 2573 3535 2899 3590; x_wconf 87' lang='lat' dir='ltr'><strong>mortalibus</strong></span> <span class='ocrx_word' id='word_1_540' title='bbox 2915 3535 3081 3590; x_wconf 90' lang='lat' dir='ltr'><strong>vitam</strong></span> <span class='ocrx_word' id='word_1_541' title='bbox 3109 3519 3333 3607; x_wconf 86' lang='lat' dir='ltr'><strong>egistis:</strong></span> <span class='ocrx_word' id='word_1_542' title='bbox 3367 3547 3549 3592; x_wconf 90' lang='lat' dir='ltr'><strong>tamen</strong></span> 
     </span>
    </p>
   </div>
   <div class='ocr_carea' id='block_1_81' title="bbox 1973 3629 3550 3698">
    <p class='ocr_par' dir='ltr' id='par_1_81' title="bbox 1973 3629 3550 3698">
     <span class='ocr_line' id='line_1_81' title="bbox 1973 3629 3550 3698; baseline 0.001 -15"><span class='ocrx_word' id='word_1_543' title='bbox 1973 3637 2028 3683; x_wconf 90' lang='lat' dir='ltr'><strong>et</strong></span> <span class='ocrx_word' id='word_1_544' title='bbox 2072 3643 2367 3698; x_wconf 84' lang='lat' dir='ltr'><strong>corporum</strong></span> <span class='ocrx_word' id='word_1_545' title='bbox 2417 3643 2482 3681; x_wconf 80' lang='lat' dir='ltr'><strong>ex</strong></span> <span class='ocrx_word' id='word_1_546' title='bbox 2549 3639 2702 3698; x_wconf 89' lang='lat' dir='ltr'><strong>parte</strong></span> <span class='ocrx_word' id='word_1_547' title='bbox 2746 3643 2934 3683; x_wconf 87' lang='lat' dir='ltr'><strong>curam</strong></span> <span class='ocrx_word' id='word_1_548' title='bbox 2977 3629 3196 3698; x_wconf 89' lang='lat' dir='ltr'><strong>geritis,</strong></span> <span class='ocrx_word' id='word_1_549' title='bbox 3247 3629 3550 3698; x_wconf 82' lang='lat' dir='ltr'><strong>apostolica</strong></span> 
     </span>
    </p>
   </div>
   <div class='ocr_carea' id='block_1_82' title="bbox 1968 3717 3550 3791">
    <p class='ocr_par' dir='ltr' id='par_1_82' title="bbox 1968 3717 3550 3791">
     <span class='ocr_line' id='line_1_82' title="bbox 1968 3717 3550 3791; baseline 0.001 -16"><span class='ocrx_word' id='word_1_550' title='bbox 1968 3722 2320 3775; x_wconf 88' lang='lat' dir='ltr'><strong>aemulatione</strong></span> <span class='ocrx_word' id='word_1_551' title='bbox 2357 3719 2514 3776; x_wconf 86' lang='lat' dir='ltr'><strong>vobis</strong></span> <span class='ocrx_word' id='word_1_552' title='bbox 2545 3722 2645 3790; x_wconf 92' lang='lat' dir='ltr'><strong>ipsi</strong></span> <span class='ocrx_word' id='word_1_553' title='bbox 2674 3730 3058 3791; x_wconf 89' lang='lat' dir='ltr'><strong>comparantes</strong></span> <span class='ocrx_word' id='word_1_554' title='bbox 3082 3729 3136 3777; x_wconf 91' lang='lat' dir='ltr'><strong>et</strong></span> <span class='ocrx_word' id='word_1_555' title='bbox 3158 3717 3550 3777; x_wconf 83' lang='lat' dir='ltr'><strong>administran-</strong></span> 
     </span>
    </p>
   </div>
   <div class='ocr_carea' id='block_1_83' title="bbox 1973 3812 3549 3883">
    <p class='ocr_par' dir='ltr' id='par_1_83' title="bbox 1973 3812 3549 3883">
     <span class='ocr_line' id='line_1_83' title="bbox 1973 3812 3549 3883; baseline 0.001 -16"><span class='ocrx_word' id='word_1_556' title='bbox 1973 3821 2053 3868; x_wconf 90' lang='lat' dir='ltr'><strong>tes</strong></span> <span class='ocrx_word' id='word_1_557' title='bbox 2082 3812 2310 3878; x_wconf 87' lang='lat' dir='ltr'><strong>idonea;</strong></span> <span class='ocrx_word' id='word_1_558' title='bbox 2347 3827 2526 3883; x_wconf 89' lang='lat' dir='ltr'><strong>neque</strong></span> <span class='ocrx_word' id='word_1_559' title='bbox 2555 3828 2849 3883; x_wconf 88' lang='lat' dir='ltr'><strong>corporum</strong></span> <span class='ocrx_word' id='word_1_560' title='bbox 2879 3815 3041 3870; x_wconf 88' lang='lat' dir='ltr'><strong>talem</strong></span> <span class='ocrx_word' id='word_1_561' title='bbox 3065 3815 3404 3872; x_wconf 81' lang='lat' dir='ltr'><strong>eversionem</strong></span> <span class='ocrx_word' id='word_1_562' title='bbox 3437 3823 3549 3870; x_wconf 89' lang='lat' dir='ltr'><strong>tam</strong></span> 
     </span>
    </p>
   </div>
   <div class='ocr_carea' id='block_1_84' title="bbox 1973 3905 3549 3974">
    <p class='ocr_par' dir='ltr' id='par_1_84' title="bbox 1973 3905 3549 3974">
     <span class='ocr_line' id='line_1_84' title="bbox 1973 3905 3549 3974; baseline 0.001 -15"><span class='ocrx_word' id='word_1_563' title='bbox 1973 3905 2193 3974; x_wconf 89' lang='lat' dir='ltr'><strong>indigne</strong></span> <span class='ocrx_word' id='word_1_564' title='bbox 2240 3905 2463 3969; x_wconf 87' lang='lat' dir='ltr'><strong>tulistis,</strong></span> <span class='ocrx_word' id='word_1_565' title='bbox 2501 3921 2664 3973; x_wconf 88' lang='lat' dir='ltr'><strong>quam</strong></span> <span class='ocrx_word' id='word_1_566' title='bbox 2711 3906 3018 3960; x_wconf 89' lang='lat' dir='ltr'><strong>animorum</strong></span> <span class='ocrx_word' id='word_1_567' title='bbox 3064 3922 3097 3961; x_wconf 86' lang='lat' dir='ltr'><strong>a</strong></span> <span class='ocrx_word' id='word_1_568' title='bbox 3145 3917 3287 3962; x_wconf 88' lang='lat' dir='ltr'><strong>statu</strong></span> <span class='ocrx_word' id='word_1_569' title='bbox 3337 3906 3549 3961; x_wconf 87' lang='lat' dir='ltr'><strong>meliori</strong></span> 
     </span>
    </p>
   </div>
   <div class='ocr_carea' id='block_1_85' title="bbox 1976 3996 3546 4066">
    <p class='ocr_par' dir='ltr' id='par_1_85' title="bbox 1976 3996 3546 4066">
     <span class='ocr_line' id='line_1_85' title="bbox 1976 3996 3546 4066; baseline 0.003 -16"><span class='ocrx_word' id='word_1_570' title='bbox 1976 3996 2213 4066; x_wconf 85' lang='lat' dir='ltr'><strong>lapsum,</strong></span> <span class='ocrx_word' id='word_1_571' title='bbox 2247 4011 2424 4065; x_wconf 88' lang='lat' dir='ltr'><strong>neque</strong></span> <span class='ocrx_word' id='word_1_572' title='bbox 2459 3998 2748 4051; x_wconf 89' lang='lat' dir='ltr'><strong>verborum</strong></span> <span class='ocrx_word' id='word_1_573' title='bbox 2785 4012 2960 4052; x_wconf 81' lang='lat' dir='ltr'><strong>nexus</strong></span> <span class='ocrx_word' id='word_1_574' title='bbox 3005 4007 3061 4053; x_wconf 94' lang='lat' dir='ltr'><strong>et</strong></span> <span class='ocrx_word' id='word_1_575' title='bbox 3107 4000 3278 4054; x_wconf 89' lang='lat' dir='ltr'><strong>series</strong></span> <span class='ocrx_word' id='word_1_576' title='bbox 3305 4015 3401 4054; x_wconf 89' lang='lat' dir='ltr'><strong>vos</strong></span> <span class='ocrx_word' id='word_1_577' title='bbox 3437 4009 3546 4054; x_wconf 91' lang='lat' dir='ltr'><strong>tam</strong></span> 
     </span>
    </p>
   </div>
   <div class='ocr_carea' id='block_1_86' title="bbox 1975 4088 3551 4160">
    <p class='ocr_par' dir='ltr' id='par_1_86' title="bbox 1975 4088 3551 4160">
     <span class='ocr_line' id='line_1_86' title="bbox 1975 4088 3551 4160; baseline 0.004 -19"><span class='ocrx_word' id='word_1_578' title='bbox 1975 4090 2040 4141; x_wconf 83' lang='lat' dir='ltr'><strong>ad</strong></span> <span class='ocrx_word' id='word_1_579' title='bbox 2085 4088 2620 4142; x_wconf 79' lang='lat' dir='ltr'><strong>commiserationein</strong></span> <span class='ocrx_word' id='word_1_580' title='bbox 2668 4089 2859 4152; x_wconf 88' lang='lat' dir='ltr'><strong>trahit,</strong></span> <span class='ocrx_word' id='word_1_581' title='bbox 2905 4105 3069 4160; x_wconf 90' lang='lat' dir='ltr'><strong>quam</strong></span> <span class='ocrx_word' id='word_1_582' title='bbox 3119 4107 3298 4146; x_wconf 86' lang='lat' dir='ltr'><strong>aureae</strong></span> <span class='ocrx_word' id='word_1_583' title='bbox 3346 4102 3551 4150; x_wconf 85' lang='lat' dir='ltr'><strong>catenae</strong></span> 
     </span>
    </p>
   </div>
   <div class='ocr_carea' id='block_1_87' title="bbox 1982 4178 3549 4255">
    <p class='ocr_par' dir='ltr' id='par_1_87' title="bbox 1982 4178 3549 4255">
     <span class='ocr_line' id='line_1_87' title="bbox 1982 4178 3549 4255; baseline 0.006 -23"><span class='ocrx_word' id='word_1_584' title='bbox 1982 4179 2243 4233; x_wconf 89' lang='lat' dir='ltr'><strong>virtutum</strong></span> <span class='ocrx_word' id='word_1_585' title='bbox 2279 4178 2387 4232; x_wconf 89' lang='lat' dir='ltr'><strong>alia</strong></span> <span class='ocrx_word' id='word_1_586' title='bbox 2418 4178 2637 4247; x_wconf 91' lang='lat' dir='ltr'><strong>solutio,</strong></span> <span class='ocrx_word' id='word_1_587' title='bbox 2659 4179 2756 4236; x_wconf 92' lang='lat' dir='ltr'><strong>sed</strong></span> <span class='ocrx_word' id='word_1_588' title='bbox 2787 4190 2844 4235; x_wconf 90' lang='lat' dir='ltr'><strong>ut</strong></span> <span class='ocrx_word' id='word_1_589' title='bbox 2871 4197 2970 4252; x_wconf 89' lang='lat' dir='ltr'><strong>per</strong></span> <span class='ocrx_word' id='word_1_590' title='bbox 2998 4183 3178 4237; x_wconf 89' lang='lat' dir='ltr'><strong>omnia</strong></span> <span class='ocrx_word' id='word_1_591' title='bbox 3205 4185 3359 4255; x_wconf 91' lang='lat' dir='ltr'><strong>justi,</strong></span> <span class='ocrx_word' id='word_1_592' title='bbox 3380 4186 3549 4254; x_wconf 89' lang='lat' dir='ltr'><strong>justc,</strong></span> 
     </span>
    </p>
   </div>
   <div class='ocr_carea' id='block_1_88' title="bbox 1975 4269 3547 4347">
    <p class='ocr_par' dir='ltr' id='par_1_88' title="bbox 1975 4269 3547 4347">
     <span class='ocr_line' id='line_1_88' title="bbox 1975 4269 3547 4347; baseline 0.004 -22"><span class='ocrx_word' id='word_1_593' title='bbox 1975 4269 2282 4326; x_wconf 88' lang='lat' dir='ltr'><strong>beatissimi</strong></span> <span class='ocrx_word' id='word_1_594' title='bbox 2318 4269 2558 4340; x_wconf 88' lang='lat' dir='ltr'><strong>jndices,</strong></span> <span class='ocrx_word' id='word_1_595' title='bbox 2592 4281 2648 4326; x_wconf 93' lang='lat' dir='ltr'><strong>et</strong></span> <span class='ocrx_word' id='word_1_596' title='bbox 2683 4286 2974 4342; x_wconf 90' lang='lat' dir='ltr'><strong>corporum</strong></span> <span class='ocrx_word' id='word_1_597' title='bbox 3017 4275 3144 4343; x_wconf 89' lang='lat' dir='ltr'><strong>jura</strong></span> <span class='ocrx_word' id='word_1_598' title='bbox 3179 4277 3362 4330; x_wconf 90' lang='lat' dir='ltr'><strong>divino</strong></span> <span class='ocrx_word' id='word_1_599' title='bbox 3407 4292 3547 4347; x_wconf 79' lang='lat' dir='ltr'><strong>prae-</strong></span> 
     </span>
    </p>
   </div>
   <div class='ocr_carea' id='block_1_89' title="bbox 1977 4363 3552 4431">
    <p class='ocr_par' dir='ltr' id='par_1_89' title="bbox 1977 4363 3552 4431">
     <span class='ocr_line' id='line_1_89' title="bbox 1977 4363 3552 4431; baseline 0.005 -16"><span class='ocrx_word' id='word_1_600' title='bbox 1977 4370 2132 4431; x_wconf 88' lang='lat' dir='ltr'><strong>cepto</strong></span> <span class='ocrx_word' id='word_1_601' title='bbox 2157 4363 2428 4431; x_wconf 83' lang='lat' dir='ltr'><strong>persecuti</strong></span> <span class='ocrx_word' id='word_1_602' title='bbox 2461 4364 2616 4430; x_wconf 84' lang='lat' dir='ltr'><strong>estis,</strong></span> <span class='ocrx_word' id='word_1_603' title='bbox 2651 4381 2748 4420; x_wconf 88' lang='lat' dir='ltr'><strong>nec</strong></span> <span class='ocrx_word' id='word_1_604' title='bbox 2779 4365 2850 4419; x_wconf 88' lang='lat' dir='ltr'><strong>ob</strong></span> <span class='ocrx_word' id='word_1_605' title='bbox 2891 4366 2942 4419; x_wconf 90' lang='lat' dir='ltr'><strong>id</strong></span> <span class='ocrx_word' id='word_1_606' title='bbox 2975 4381 3074 4420; x_wconf 91' lang='lat' dir='ltr'><strong>vos</strong></span> <span class='ocrx_word' id='word_1_607' title='bbox 3104 4367 3402 4424; x_wconf 89' lang='lat' dir='ltr'><strong>deteriores</strong></span> <span class='ocrx_word' id='word_1_608' title='bbox 3429 4385 3552 4424; x_wconf 82' lang='lat' dir='ltr'><strong>eva-</strong></span> 
     </span>
    </p>
   </div>
   <div class='ocr_carea' id='block_1_90' title="bbox 1978 4454 3552 4529">
    <p class='ocr_par' dir='ltr' id='par_1_90' title="bbox 1978 4454 3552 4529">
     <span class='ocr_line' id='line_1_90' title="bbox 1978 4454 3552 4529; baseline 0.005 -22"><span class='ocrx_word' id='word_1_609' title='bbox 1978 4454 2115 4508; x_wconf 90' lang='lat' dir='ltr'><strong>sisse</strong></span> <span class='ocrx_word' id='word_1_610' title='bbox 2157 4454 2479 4519; x_wconf 86' lang='lat' dir='ltr'><strong>censuistis,</strong></span> <span class='ocrx_word' id='word_1_611' title='bbox 2516 4470 2616 4510; x_wconf 91' lang='lat' dir='ltr'><strong>nec</strong></span> <span class='ocrx_word' id='word_1_612' title='bbox 2661 4458 2727 4510; x_wconf 93' lang='lat' dir='ltr'><strong>ad</strong></span> <span class='ocrx_word' id='word_1_613' title='bbox 2762 4457 3134 4513; x_wconf 88' lang='lat' dir='ltr'><strong>conditionem</strong></span> <span class='ocrx_word' id='word_1_614' title='bbox 3168 4473 3464 4529; x_wconf 86' lang='lat' dir='ltr'><strong>coquorum</strong></span> <span class='ocrx_word' id='word_1_615' title='bbox 3496 4473 3552 4516; x_wconf 85' lang='lat' dir='ltr'><strong>et</strong></span> 
     </span>
    </p>
   </div>
   <div class='ocr_carea' id='block_1_91' title="bbox 286 4535 3550 4616">
    <p class='ocr_par' dir='ltr' id='par_1_91' title="bbox 286 4535 3550 4616">
     <span class='ocr_line' id='line_1_91' title="bbox 286 4535 3550 4616; baseline -0.001 -25"><span class='ocrx_word' id='word_1_616' title='bbox 286 4541 557 4610; x_wconf 64' lang='lat' dir='ltr'><strong>junxerit,</strong></span> <span class='ocrx_word' id='word_1_617' title='bbox 589 4547 646 4593; x_wconf 89' lang='lat' dir='ltr'><strong>ut</strong></span> <span class='ocrx_word' id='word_1_618' title='bbox 676 4538 948 4592; x_wconf 82' lang='lat' dir='ltr'><strong>suavitate</strong></span> <span class='ocrx_word' id='word_1_619' title='bbox 973 4535 1206 4604; x_wconf 84' lang='lat' dir='ltr'><strong>quadam</strong></span> <span class='ocrx_word' id='word_1_620' title='bbox 1240 4536 1306 4589; x_wconf 87' lang='lat' dir='ltr'><strong>ad</strong></span> <span class='ocrx_word' id='word_1_621' title='bbox 1343 4535 1551 4604; x_wconf 86' lang='lat' dir='ltr'><strong>gratius</strong></span> <span class='ocrx_word' id='word_1_622' title='bbox 1579 4543 1635 4589; x_wconf 88' lang='lat' dir='ltr'><strong>et</strong></span> <span class='ocrx_word' id='word_1_623' title='bbox 1663 4536 1873 4591; x_wconf 88' lang='lat' dir='ltr'><strong>avidius</strong></span> <span class='ocrx_word' id='word_1_624' title='bbox 1905 4562 1949 4616; x_wconf 75' lang='grc' dir='ltr'><strong>ο</strong></span> <span class='ocrx_word' id='word_1_625' title='bbox 1981 4559 2183 4599; x_wconf 57' lang='lat' dir='ltr'><strong>mensa;</strong></span> <span class='ocrx_word' id='word_1_626' title='bbox 2217 4556 2554 4601; x_wconf 63' lang='lat' dir='ltr'><strong>structorum</strong></span> <span class='ocrx_word' id='word_1_627' title='bbox 2589 4547 2960 4615; x_wconf 59' lang='lat' dir='ltr'><strong>descendisse,</strong></span> <span class='ocrx_word' id='word_1_628' title='bbox 3003 4561 3062 4604; x_wconf 79' lang='grc' dir='ltr'>υι</span> <span class='ocrx_word' id='word_1_629' title='bbox 3107 4567 3174 4606; x_wconf 67' lang='grc' dir='ltr'><strong>εχ</strong></span> <span class='ocrx_word' id='word_1_630' title='bbox 3215 4568 3331 4607; x_wconf 67' lang='lat' dir='ltr'><strong>mea</strong></span> <span class='ocrx_word' id='word_1_631' title='bbox 3372 4564 3550 4609; x_wconf 61' lang='lat' dir='ltr'><strong>meme</strong></span> 
     </span>
    </p>
   </div>
   <div class='ocr_carea' id='block_1_92' title="bbox 292 4625 1873 4700">
    <p class='ocr_par' dir='ltr' id='par_1_92' title="bbox 292 4625 1873 4700">
     <span class='ocr_line' id='line_1_92' title="bbox 292 4625 1873 4700; baseline -0.004 -15"><span class='ocrx_word' id='word_1_632' title='bbox 292 4631 708 4700; x_wconf 75' lang='lat' dir='ltr'><strong>percipiendum</strong></span> <span class='ocrx_word' id='word_1_633' title='bbox 741 4627 926 4682; x_wconf 89' lang='lat' dir='ltr'><strong>cibum</strong></span> <span class='ocrx_word' id='word_1_634' title='bbox 967 4625 1293 4690; x_wconf 89' lang='lat' dir='ltr'><strong>alliciamur,</strong></span> <span class='ocrx_word' id='word_1_635' title='bbox 1326 4641 1426 4680; x_wconf 82' lang='lat' dir='ltr'><strong>nec</strong></span> <span class='ocrx_word' id='word_1_636' title='bbox 1469 4626 1651 4679; x_wconf 85' lang='lat' dir='ltr'><strong>tristes</strong></span> <span class='ocrx_word' id='word_1_637' title='bbox 1689 4626 1873 4693; x_wconf 90' lang='lat' dir='ltr'><strong>quoti-</strong></span> 
     </span>
    </p>
   </div>
   <div class='ocr_carea' id='block_1_93' title="bbox 292 4716 1872 4778">
    <p class='ocr_par' dir='ltr' id='par_1_93' title="bbox 292 4716 1872 4778">
     <span class='ocr_line' id='line_1_93' title="bbox 292 4716 1872 4778; baseline -0.003 -1"><span class='ocrx_word' id='word_1_638' title='bbox 292 4725 468 4778; x_wconf 89' lang='lat' dir='ltr'><strong>dianis</strong></span> <span class='ocrx_word' id='word_1_639' title='bbox 502 4719 783 4775; x_wconf 84' lang='lat' dir='ltr'><strong>alimentis</strong></span> <span class='ocrx_word' id='word_1_640' title='bbox 817 4719 1152 4773; x_wconf 84' lang='lat' dir='ltr'><strong>advehendis</strong></span> <span class='ocrx_word' id='word_1_641' title='bbox 1185 4717 1656 4772; x_wconf 89' lang='lat' dir='ltr'><strong>condolescamus.</strong></span> <span class='ocrx_word' id='word_1_642' title='bbox 1689 4716 1872 4772; x_wconf 82' lang='lat' dir='ltr'><strong>Novas</strong></span> 
     </span>
    </p>
   </div>
   <div class='ocr_carea' id='block_1_94' title="bbox 295 4807 1875 4882">
    <p class='ocr_par' dir='ltr' id='par_1_94' title="bbox 295 4807 1875 4882">
     <span class='ocr_line' id='line_1_94' title="bbox 295 4807 1875 4882; baseline -0.003 -15"><span class='ocrx_word' id='word_1_643' title='bbox 295 4816 440 4868; x_wconf 82' lang='lat' dir='ltr'><strong>enim</strong></span> <span class='ocrx_word' id='word_1_644' title='bbox 467 4816 647 4882; x_wconf 75' lang='lat' dir='ltr'><strong>leges,</strong></span> <span class='ocrx_word' id='word_1_645' title='bbox 691 4825 831 4863; x_wconf 88' lang='lat' dir='ltr'><strong>nova</strong></span> <span class='ocrx_word' id='word_1_646' title='bbox 874 4809 1093 4863; x_wconf 89' lang='lat' dir='ltr'><strong>nomina</strong></span> <span class='ocrx_word' id='word_1_647' title='bbox 1137 4809 1310 4877; x_wconf 85' lang='lat' dir='ltr'><strong>ﬁngit,</strong></span> <span class='ocrx_word' id='word_1_648' title='bbox 1341 4807 1518 4863; x_wconf 86' lang='lat' dir='ltr'><strong>aliena</strong></span> <span class='ocrx_word' id='word_1_649' title='bbox 1549 4809 1794 4878; x_wconf 66' lang='lat' dir='ltr'><strong>quaedam</strong></span> <span class='ocrx_word' id='word_1_650' title='bbox 1819 4817 1875 4863; x_wconf 87' lang='lat' dir='ltr'><strong>et</strong></span> 
     </span>
    </p>
   </div>
   <div class='ocr_carea' id='block_1_95' title="bbox 295 4897 1876 4968">
    <p class='ocr_par' dir='ltr' id='par_1_95' title="bbox 295 4897 1876 4968">
     <span class='ocr_line' id='line_1_95' title="bbox 295 4897 1876 4968; baseline -0.001 -12"><span class='ocrx_word' id='word_1_651' title='bbox 295 4904 568 4966; x_wconf 86' lang='lat' dir='ltr'><strong>absurda,</strong></span> <span class='ocrx_word' id='word_1_652' title='bbox 622 4913 734 4953; x_wconf 91' lang='lat' dir='ltr'><strong>tum</strong></span> <span class='ocrx_word' id='word_1_653' title='bbox 801 4899 1009 4968; x_wconf 89' lang='lat' dir='ltr'><strong>legibus</strong></span> <span class='ocrx_word' id='word_1_654' title='bbox 1065 4897 1335 4964; x_wconf 87' lang='lat' dir='ltr'><strong>ferendis,</strong></span> <span class='ocrx_word' id='word_1_655' title='bbox 1389 4908 1502 4953; x_wconf 91' lang='lat' dir='ltr'><strong>tum</strong></span> <span class='ocrx_word' id='word_1_656' title='bbox 1566 4899 1876 4955; x_wconf 85' lang='lat' dir='ltr'><strong>nominibus</strong></span> 
     </span>
    </p>
   </div>
   <div class='ocr_carea' id='block_1_96' title="bbox 298 4988 1875 5061">
    <p class='ocr_par' dir='ltr' id='par_1_96' title="bbox 298 4988 1875 5061">
     <span class='ocr_line' id='line_1_96' title="bbox 298 4988 1875 5061; baseline -0.001 -17"><span class='ocrx_word' id='word_1_657' title='bbox 298 4991 644 5061; x_wconf 81' lang='lat' dir='ltr'><strong>itnponcndis</strong></span> <span class='ocrx_word' id='word_1_658' title='bbox 678 4991 998 5055; x_wconf 80' lang='lat' dir='ltr'><strong>decernens,</strong></span> <span class='ocrx_word' id='word_1_659' title='bbox 1034 4989 1188 5057; x_wconf 86' lang='lat' dir='ltr'><strong>quasi</strong></span> <span class='ocrx_word' id='word_1_660' title='bbox 1213 4988 1366 5043; x_wconf 83' lang='lat' dir='ltr'><strong>nefas</strong></span> <span class='ocrx_word' id='word_1_661' title='bbox 1393 4989 1484 5053; x_wconf 88' lang='lat' dir='ltr'><strong>sit,</strong></span> <span class='ocrx_word' id='word_1_662' title='bbox 1523 4989 1593 5043; x_wconf 89' lang='lat' dir='ltr'><strong>ali</strong></span> <span class='ocrx_word' id='word_1_663' title='bbox 1622 5004 1746 5043; x_wconf 88' lang='lat' dir='ltr'><strong>cum</strong></span> <span class='ocrx_word' id='word_1_664' title='bbox 1779 5003 1875 5043; x_wconf 90' lang='lat' dir='ltr'><strong>vo-</strong></span> 
     </span>
    </p>
   </div>
   <div class='ocr_carea' id='block_1_97' title="bbox 300 5077 1874 5150">
    <p class='ocr_par' dir='ltr' id='par_1_97' title="bbox 300 5077 1874 5150">
     <span class='ocr_line' id='line_1_97' title="bbox 300 5077 1874 5150; baseline -0.001 -15"><span class='ocrx_word' id='word_1_665' title='bbox 300 5083 526 5150; x_wconf 86' lang='lat' dir='ltr'><strong>luptate,</strong></span> <span class='ocrx_word' id='word_1_666' title='bbox 559 5079 704 5150; x_wconf 88' lang='lat' dir='ltr'><strong>quod</strong></span> <span class='ocrx_word' id='word_1_667' title='bbox 736 5079 858 5132; x_wconf 89' lang='lat' dir='ltr'><strong>talis</strong></span> <span class='ocrx_word' id='word_1_668' title='bbox 887 5077 1064 5148; x_wconf 73' lang='grc' dir='ltr'><strong>τροφὴ</strong></span> <span class='ocrx_word' id='word_1_669' title='bbox 1110 5079 1313 5149; x_wconf 81' lang='grc' dir='ltr'><strong>τρυφή,</strong></span> <span class='ocrx_word' id='word_1_670' title='bbox 1342 5079 1396 5133; x_wconf 92' lang='lat' dir='ltr'><strong>id</strong></span> <span class='ocrx_word' id='word_1_671' title='bbox 1433 5089 1517 5134; x_wconf 89' lang='lat' dir='ltr'><strong>est</strong></span> <span class='ocrx_word' id='word_1_672' title='bbox 1557 5081 1874 5135; x_wconf 87' lang='lat' dir='ltr'><strong>alimentum</strong></span> 
     </span>
    </p>
   </div>
   <div class='ocr_carea' id='block_1_98' title="bbox 301 5170 1876 5242">
    <p class='ocr_par' dir='ltr' id='par_1_98' title="bbox 301 5170 1876 5242">
     <span class='ocr_line' id='line_1_98' title="bbox 301 5170 1876 5242; baseline -0.002 -15"><span class='ocrx_word' id='word_1_673' title='bbox 301 5174 515 5228; x_wconf 66' lang='lat' dir='ltr'><strong>deliciae</strong></span> <span class='ocrx_word' id='word_1_674' title='bbox 543 5173 671 5226; x_wconf 90' lang='lat' dir='ltr'><strong>sint.</strong></span> <span class='ocrx_word' id='word_1_675' title='bbox 699 5170 812 5240; x_wconf 88' lang='lat' dir='ltr'><strong>Ego</strong></span> <span class='ocrx_word' id='word_1_676' title='bbox 845 5185 972 5224; x_wconf 90' lang='lat' dir='ltr'><strong>vero</strong></span> <span class='ocrx_word' id='word_1_677' title='bbox 1006 5171 1149 5238; x_wconf 85' lang='lat' dir='ltr'><strong>quod</strong></span> <span class='ocrx_word' id='word_1_678' title='bbox 1181 5179 1374 5224; x_wconf 85' lang='lat' dir='ltr'><strong>natura</strong></span> <span class='ocrx_word' id='word_1_679' title='bbox 1401 5170 1718 5242; x_wconf 68' lang='lat' dir='ltr'><strong>naturaeque</strong></span> <span class='ocrx_word' id='word_1_680' title='bbox 1742 5172 1876 5242; x_wconf 88' lang='lat' dir='ltr'><strong>legi-</strong></span> 
     </span>
    </p>
   </div>
   <div class='ocr_carea' id='block_1_99' title="bbox 308 5262 1876 5336">
    <p class='ocr_par' dir='ltr' id='par_1_99' title="bbox 308 5262 1876 5336">
     <span class='ocr_line' id='line_1_99' title="bbox 308 5262 1876 5336; baseline -0.001 -16"><span class='ocrx_word' id='word_1_681' title='bbox 308 5267 411 5320; x_wconf 90' lang='lat' dir='ltr'><strong>bus</strong></span> <span class='ocrx_word' id='word_1_682' title='bbox 449 5267 742 5336; x_wconf 88' lang='lat' dir='ltr'><strong>gubernor,</strong></span> <span class='ocrx_word' id='word_1_683' title='bbox 773 5271 830 5316; x_wconf 89' lang='lat' dir='ltr'><strong>ut</strong></span> <span class='ocrx_word' id='word_1_684' title='bbox 876 5263 990 5317; x_wconf 84' lang='lat' dir='ltr'><strong>alar</strong></span> <span class='ocrx_word' id='word_1_685' title='bbox 1021 5262 1154 5316; x_wconf 89' lang='lat' dir='ltr'><strong>mihi</strong></span> <span class='ocrx_word' id='word_1_686' title='bbox 1191 5262 1373 5327; x_wconf 87' lang='lat' dir='ltr'><strong>licere,</strong></span> <span class='ocrx_word' id='word_1_687' title='bbox 1399 5277 1466 5316; x_wconf 81' lang='lat' dir='ltr'><strong>ex</strong></span> <span class='ocrx_word' id='word_1_688' title='bbox 1497 5263 1646 5316; x_wconf 90' lang='lat' dir='ltr'><strong>omni</strong></span> <span class='ocrx_word' id='word_1_689' title='bbox 1689 5277 1876 5318; x_wconf 80' lang='lat' dir='ltr'><strong>neces-</strong></span> 
     </span>
    </p>
   </div>
   <div class='ocr_carea' id='block_1_100' title="bbox 312 5353 1876 5424">
    <p class='ocr_par' dir='ltr' id='par_1_100' title="bbox 312 5353 1876 5424">
     <span class='ocr_line' id='line_1_100' title="bbox 312 5353 1876 5424; baseline -0.004 -11"><span class='ocrx_word' id='word_1_690' title='bbox 312 5360 472 5413; x_wconf 84' lang='lat' dir='ltr'><strong>sitate</strong></span> <span class='ocrx_word' id='word_1_691' title='bbox 505 5354 967 5424; x_wconf 86' lang='lat' dir='ltr'><strong>consequentibus</strong></span> <span class='ocrx_word' id='word_1_692' title='bbox 1005 5364 1060 5409; x_wconf 91' lang='lat' dir='ltr'><strong>et</strong></span> <span class='ocrx_word' id='word_1_693' title='bbox 1102 5353 1270 5408; x_wconf 85' lang='lat' dir='ltr'><strong>animi</strong></span> <span class='ocrx_word' id='word_1_694' title='bbox 1309 5354 1579 5409; x_wconf 88' lang='lat' dir='ltr'><strong>hilaritate</strong></span> <span class='ocrx_word' id='word_1_695' title='bbox 1623 5361 1678 5410; x_wconf 89' lang='lat' dir='ltr'><strong>et</strong></span> <span class='ocrx_word' id='word_1_696' title='bbox 1727 5354 1876 5409; x_wconf 74' lang='lat' dir='ltr'><strong>volu-</strong></span> 
     </span>
    </p>
   </div>
   <div class='ocr_carea' id='block_1_101' title="bbox 307 5446 1874 5519">
    <p class='ocr_par' dir='ltr' id='par_1_101' title="bbox 307 5446 1874 5519">
     <span class='ocr_line' id='line_1_101' title="bbox 307 5446 1874 5519; baseline -0.001 -15"><span class='ocrx_word' id='word_1_697' title='bbox 307 5459 470 5519; x_wconf 90' lang='lat' dir='ltr'><strong>ptate,</strong></span> <span class='ocrx_word' id='word_1_698' title='bbox 499 5464 733 5504; x_wconf 88' lang='lat' dir='ltr'><strong>censeo:</strong></span> <span class='ocrx_word' id='word_1_699' title='bbox 765 5462 866 5502; x_wconf 91' lang='lat' dir='ltr'><strong>nec</strong></span> <span class='ocrx_word' id='word_1_700' title='bbox 891 5446 1102 5502; x_wconf 68' lang='lat' dir='ltr'><strong>deliciae</strong></span> <span class='ocrx_word' id='word_1_701' title='bbox 1123 5447 1490 5502; x_wconf 88' lang='lat' dir='ltr'><strong>criminabiles</strong></span> <span class='ocrx_word' id='word_1_702' title='bbox 1513 5461 1591 5502; x_wconf 74' lang='lat' dir='ltr'><strong>ea:</strong></span> <span class='ocrx_word' id='word_1_703' title='bbox 1608 5459 1756 5510; x_wconf 89' lang='lat' dir='ltr'><strong>sunt,</strong></span> <span class='ocrx_word' id='word_1_704' title='bbox 1780 5447 1874 5502; x_wconf 88' lang='lat' dir='ltr'><strong>sed</strong></span> 
     </span>
    </p>
   </div>
   <div class='ocr_carea' id='block_1_102' title="bbox 306 5537 1871 5608">
    <p class='ocr_par' dir='ltr' id='par_1_102' title="bbox 306 5537 1871 5608">
     <span class='ocr_line' id='line_1_102' title="bbox 306 5537 1871 5608; baseline 0.001 -17"><span class='ocrx_word' id='word_1_705' title='bbox 306 5541 529 5592; x_wconf 86' lang='lat' dir='ltr'><strong>charum</strong></span> <span class='ocrx_word' id='word_1_706' title='bbox 577 5537 896 5592; x_wconf 89' lang='lat' dir='ltr'><strong>alimentum</strong></span> <span class='ocrx_word' id='word_1_707' title='bbox 930 5545 984 5591; x_wconf 92' lang='lat' dir='ltr'><strong>et</strong></span> <span class='ocrx_word' id='word_1_708' title='bbox 1023 5545 1232 5592; x_wconf 78' lang='lat' dir='ltr'><strong>naturae</strong></span> <span class='ocrx_word' id='word_1_709' title='bbox 1263 5552 1592 5608; x_wconf 87' lang='lat' dir='ltr'><strong>congruens.</strong></span> <span class='ocrx_word' id='word_1_710' title='bbox 1627 5537 1784 5604; x_wconf 87' lang='lat' dir='ltr'><strong>Quod</strong></span> <span class='ocrx_word' id='word_1_711' title='bbox 1825 5541 1871 5593; x_wconf 85' lang='lat' dir='ltr'><strong>si</strong></span> 
     </span>
    </p>
   </div>
   <div class='ocr_carea' id='block_1_103' title="bbox 307 5630 1873 5700">
    <p class='ocr_par' dir='ltr' id='par_1_103' title="bbox 307 5630 1873 5700">
     <span class='ocr_line' id='line_1_103' title="bbox 307 5630 1873 5700; baseline 0.003 -20"><span class='ocrx_word' id='word_1_712' title='bbox 307 5633 427 5696; x_wconf 85' lang='lat' dir='ltr'><strong>quis</strong></span> <span class='ocrx_word' id='word_1_713' title='bbox 475 5644 771 5699; x_wconf 81' lang='lat' dir='ltr'><strong>Oppressus</strong></span> <span class='ocrx_word' id='word_1_714' title='bbox 822 5643 1080 5692; x_wconf 66' lang='lat' dir='ltr'><strong>tumore,</strong></span> <span class='ocrx_word' id='word_1_715' title='bbox 1124 5630 1210 5683; x_wconf 88' lang='lat' dir='ltr'><strong>vel</strong></span> <span class='ocrx_word' id='word_1_716' title='bbox 1269 5645 1409 5698; x_wconf 89' lang='lat' dir='ltr'><strong>pane</strong></span> <span class='ocrx_word' id='word_1_717' title='bbox 1453 5631 1596 5684; x_wconf 74' lang='lat' dir='ltr'><strong>vesci</strong></span> <span class='ocrx_word' id='word_1_718' title='bbox 1648 5646 1873 5700; x_wconf 89' lang='lat' dir='ltr'><strong>prorsus</strong></span> 
     </span>
    </p>
   </div>
   <div class='ocr_carea' id='block_1_104' title="bbox 306 5717 1874 5788">
    <p class='ocr_par' dir='ltr' id='par_1_104' title="bbox 306 5717 1874 5788">
     <span class='ocr_line' id='line_1_104' title="bbox 306 5717 1874 5788; baseline 0.005 -20"><span class='ocrx_word' id='word_1_719' title='bbox 306 5717 501 5772; x_wconf 87' lang='lat' dir='ltr'><strong>oblitus</strong></span> <span class='ocrx_word' id='word_1_720' title='bbox 525 5719 707 5785; x_wconf 89' lang='lat' dir='ltr'><strong>fuerit,</strong></span> <span class='ocrx_word' id='word_1_721' title='bbox 743 5720 824 5774; x_wconf 89' lang='lat' dir='ltr'><strong>vel</strong></span> <span class='ocrx_word' id='word_1_722' title='bbox 852 5720 1092 5774; x_wconf 90' lang='lat' dir='ltr'><strong>cinerem</strong></span> <span class='ocrx_word' id='word_1_723' title='bbox 1126 5727 1382 5788; x_wconf 81' lang='lat' dir='ltr'><strong>tanquam</strong></span> <span class='ocrx_word' id='word_1_724' title='bbox 1411 5735 1601 5788; x_wconf 80' lang='lat' dir='ltr'><strong>panem</strong></span> <span class='ocrx_word' id='word_1_725' title='bbox 1626 5723 1874 5776; x_wconf 85' lang='lat' dir='ltr'><strong>comede-</strong></span> 
     </span>
    </p>
   </div>
   <div class='ocr_carea' id='block_1_105' title="bbox 307 5809 1872 5881">
    <p class='ocr_par' dir='ltr' id='par_1_105' title="bbox 307 5809 1872 5881">
     <span class='ocr_line' id='line_1_105' title="bbox 307 5809 1872 5881; baseline 0.003 -20"><span class='ocrx_word' id='word_1_726' title='bbox 307 5810 401 5875; x_wconf 80' lang='lat' dir='ltr'><strong>rit,</strong></span> <span class='ocrx_word' id='word_1_727' title='bbox 435 5820 487 5865; x_wconf 87' lang='lat' dir='ltr'><strong>et</strong></span> <span class='ocrx_word' id='word_1_728' title='bbox 524 5823 708 5881; x_wconf 74' lang='lat' dir='ltr'><strong>potum</strong></span> <span class='ocrx_word' id='word_1_729' title='bbox 752 5829 873 5867; x_wconf 82' lang='lat' dir='ltr'><strong>cum</strong></span> <span class='ocrx_word' id='word_1_730' title='bbox 909 5813 1047 5867; x_wconf 74' lang='lat' dir='ltr'><strong>ﬂetu</strong></span> <span class='ocrx_word' id='word_1_731' title='bbox 1087 5809 1388 5878; x_wconf 78' lang='lat' dir='ltr'><strong>miscuerit,</strong></span> <span class='ocrx_word' id='word_1_732' title='bbox 1417 5812 1521 5866; x_wconf 71' lang='lat' dir='ltr'><strong>alia</strong></span> <span class='ocrx_word' id='word_1_733' title='bbox 1576 5813 1722 5867; x_wconf 83' lang='lat' dir='ltr'><strong>ratio</strong></span> <span class='ocrx_word' id='word_1_734' title='bbox 1761 5814 1872 5867; x_wconf 69' lang='lat' dir='ltr'><strong>haec</strong></span> 
     </span>
    </p>
   </div>
   <div class='ocr_carea' id='block_1_106' title="bbox 1977 4635 3544 4708">
    <p class='ocr_par' dir='ltr' id='par_1_106' title="bbox 1977 4635 3544 4708">
     <span class='ocr_line' id='line_1_106' title="bbox 1977 4635 3544 4708; baseline 0.004 -20"><span class='ocrx_word' id='word_1_735' title='bbox 1977 4649 2122 4688; x_wconf 90' lang='lat' dir='ltr'><strong>nunc</strong></span> <span class='ocrx_word' id='word_1_736' title='bbox 2145 4635 2394 4690; x_wconf 88' lang='lat' dir='ltr'><strong>audistis.</strong></span> <span class='ocrx_word' id='word_1_737' title='bbox 2431 4635 2642 4690; x_wconf 77' lang='lat' dir='ltr'><strong>Etenim</strong></span> <span class='ocrx_word' id='word_1_738' title='bbox 2674 4638 2952 4706; x_wconf 86' lang='lat' dir='ltr'><strong>equidem,</strong></span> <span class='ocrx_word' id='word_1_739' title='bbox 2980 4639 3141 4694; x_wconf 89' lang='lat' dir='ltr'><strong>amici</strong></span> <span class='ocrx_word' id='word_1_740' title='bbox 3185 4639 3275 4694; x_wconf 90' lang='lat' dir='ltr'><strong>Dei</strong></span> <span class='ocrx_word' id='word_1_741' title='bbox 3309 4640 3544 4708; x_wconf 80' lang='lat' dir='ltr'><strong>jndices,</strong></span> 
     </span>
    </p>
   </div>
   <div class='ocr_carea' id='block_1_107' title="bbox 1965 4727 3548 4797">
    <p class='ocr_par' dir='ltr' id='par_1_107' title="bbox 1965 4727 3548 4797">
     <span class='ocr_line' id='line_1_107' title="bbox 1965 4727 3548 4797; baseline 0.004 -17"><span class='ocrx_word' id='word_1_742' title='bbox 1965 4729 2156 4795; x_wconf 72' lang='lat' dir='ltr'><strong>neque</strong></span> <span class='ocrx_word' id='word_1_743' title='bbox 2189 4727 2475 4796; x_wconf 89' lang='lat' dir='ltr'><strong>conspicio</strong></span> <span class='ocrx_word' id='word_1_744' title='bbox 2517 4743 2763 4797; x_wconf 77' lang='lat' dir='ltr'><strong>quamam</strong></span> <span class='ocrx_word' id='word_1_745' title='bbox 2801 4745 2865 4784; x_wconf 77' lang='lat' dir='ltr'><strong>ex</strong></span> <span class='ocrx_word' id='word_1_746' title='bbox 2897 4732 3006 4784; x_wconf 91' lang='lat' dir='ltr'><strong>mei</strong></span> <span class='ocrx_word' id='word_1_747' title='bbox 3047 4745 3178 4784; x_wconf 85' lang='lat' dir='ltr'><strong>cura</strong></span> <span class='ocrx_word' id='word_1_748' title='bbox 3213 4731 3386 4786; x_wconf 82' lang='lat' dir='ltr'><strong>menti</strong></span> <span class='ocrx_word' id='word_1_749' title='bbox 3415 4748 3548 4787; x_wconf 78' lang='lat' dir='ltr'><strong>con-</strong></span> 
     </span>
    </p>
   </div>
   <div class='ocr_carea' id='block_1_108' title="bbox 1977 4816 3548 4880">
    <p class='ocr_par' dir='ltr' id='par_1_108' title="bbox 1977 4816 3548 4880">
     <span class='ocr_line' id='line_1_108' title="bbox 1977 4816 3548 4880; baseline 0.006 -11"><span class='ocrx_word' id='word_1_750' title='bbox 1977 4816 2215 4871; x_wconf 66' lang='lat' dir='ltr'><strong>tumelias</strong></span> <span class='ocrx_word' id='word_1_751' title='bbox 2250 4828 2382 4872; x_wconf 89' lang='lat' dir='ltr'><strong>nota</strong></span> <span class='ocrx_word' id='word_1_752' title='bbox 2413 4820 2682 4874; x_wconf 85' lang='lat' dir='ltr'><strong>inuratur.</strong></span> <span class='ocrx_word' id='word_1_753' title='bbox 2711 4824 2789 4874; x_wconf 80' lang='lat' dir='ltr'><strong>An</strong></span> <span class='ocrx_word' id='word_1_754' title='bbox 2819 4836 2946 4877; x_wconf 86' lang='lat' dir='ltr'><strong>vero</strong></span> <span class='ocrx_word' id='word_1_755' title='bbox 2975 4824 3105 4876; x_wconf 90' lang='lat' dir='ltr'><strong>hera</strong></span> <span class='ocrx_word' id='word_1_756' title='bbox 3143 4837 3343 4878; x_wconf 88' lang='lat' dir='ltr'><strong>curans</strong></span> <span class='ocrx_word' id='word_1_757' title='bbox 3375 4825 3548 4880; x_wconf 74' lang='lat' dir='ltr'><strong>anci|~</strong></span> 
     </span>
    </p>
   </div>
   <div class='ocr_carea' id='block_1_109' title="bbox 1977 4907 3548 4982">
    <p class='ocr_par' dir='ltr' id='par_1_109' title="bbox 1977 4907 3548 4982">
     <span class='ocr_line' id='line_1_109' title="bbox 1977 4907 3548 4982; baseline 0.006 -23"><span class='ocrx_word' id='word_1_758' title='bbox 1977 4909 2080 4971; x_wconf 85' lang='lat' dir='ltr'><strong>las,</strong></span> <span class='ocrx_word' id='word_1_759' title='bbox 2112 4907 2215 4961; x_wconf 82' lang='lat' dir='ltr'><strong>hac</strong></span> <span class='ocrx_word' id='word_1_760' title='bbox 2249 4908 2460 4962; x_wconf 84' lang='lat' dir='ltr'><strong>ratione</strong></span> <span class='ocrx_word' id='word_1_761' title='bbox 2491 4908 2656 4964; x_wconf 86' lang='lat' dir='ltr'><strong>fuerit</strong></span> <span class='ocrx_word' id='word_1_762' title='bbox 2700 4911 3103 4979; x_wconf 83' lang='lat' dir='ltr'><strong>ignominiosa?</strong></span> <span class='ocrx_word' id='word_1_763' title='bbox 3141 4925 3235 4966; x_wconf 86' lang='lat' dir='ltr'><strong>aut</strong></span> <span class='ocrx_word' id='word_1_764' title='bbox 3273 4915 3548 4982; x_wconf 55' lang='lat' dir='ltr'><strong>gubernan-</strong></span> 
     </span>
    </p>
   </div>
   <div class='ocr_carea' id='block_1_110' title="bbox 1976 5001 3548 5074">
    <p class='ocr_par' dir='ltr' id='par_1_110' title="bbox 1976 5001 3548 5074">
     <span class='ocr_line' id='line_1_110' title="bbox 1976 5001 3548 5074; baseline 0.006 -25"><span class='ocrx_word' id='word_1_765' title='bbox 1976 5003 2064 5052; x_wconf 90' lang='lat' dir='ltr'><strong>tor</strong></span> <span class='ocrx_word' id='word_1_766' title='bbox 2105 5013 2295 5052; x_wconf 84' lang='lat' dir='ltr'><strong>navem</strong></span> <span class='ocrx_word' id='word_1_767' title='bbox 2331 5001 2632 5054; x_wconf 85' lang='lat' dir='ltr'><strong>onerariam</strong></span> <span class='ocrx_word' id='word_1_768' title='bbox 2677 5001 2976 5065; x_wconf 87' lang='lat' dir='ltr'><strong>instruens,</strong></span> <span class='ocrx_word' id='word_1_769' title='bbox 3011 5018 3079 5056; x_wconf 80' lang='lat' dir='ltr'><strong>ex</strong></span> <span class='ocrx_word' id='word_1_770' title='bbox 3127 5002 3231 5058; x_wconf 90' lang='lat' dir='ltr'><strong>hoc</strong></span> <span class='ocrx_word' id='word_1_771' title='bbox 3276 5007 3548 5074; x_wconf 84' lang='lat' dir='ltr'><strong>periculo-</strong></span> 
     </span>
    </p>
   </div>
   <div class='ocr_carea' id='block_1_111' title="bbox 1976 5089 3550 5168">
    <p class='ocr_par' dir='ltr' id='par_1_111' title="bbox 1976 5089 3550 5168">
     <span class='ocr_line' id='line_1_111' title="bbox 1976 5089 3550 5168; baseline 0.004 -24"><span class='ocrx_word' id='word_1_772' title='bbox 1976 5089 2094 5145; x_wconf 89' lang='lat' dir='ltr'><strong>sius</strong></span> <span class='ocrx_word' id='word_1_773' title='bbox 2122 5091 2432 5160; x_wconf 87' lang='lat' dir='ltr'><strong>navigabit;</strong></span> <span class='ocrx_word' id='word_1_774' title='bbox 2469 5102 2564 5144; x_wconf 88' lang='lat' dir='ltr'><strong>aut</strong></span> <span class='ocrx_word' id='word_1_775' title='bbox 2598 5091 2754 5145; x_wconf 88' lang='lat' dir='ltr'><strong>miles</strong></span> <span class='ocrx_word' id='word_1_776' title='bbox 2782 5107 2932 5147; x_wconf 88' lang='lat' dir='ltr'><strong>arma</strong></span> <span class='ocrx_word' id='word_1_777' title='bbox 2969 5095 3236 5150; x_wconf 90' lang='lat' dir='ltr'><strong>recudens</strong></span> <span class='ocrx_word' id='word_1_778' title='bbox 3270 5106 3326 5151; x_wconf 92' lang='lat' dir='ltr'><strong>et</strong></span> <span class='ocrx_word' id='word_1_779' title='bbox 3359 5112 3550 5168; x_wconf 70' lang='lat' dir='ltr'><strong>repur-</strong></span> 
     </span>
    </p>
   </div>
   <div class='ocr_carea' id='block_1_112' title="bbox 1976 5183 3545 5256">
    <p class='ocr_par' dir='ltr' id='par_1_112' title="bbox 1976 5183 3545 5256">
     <span class='ocr_line' id='line_1_112' title="bbox 1976 5183 3545 5256; baseline 0.006 -22"><span class='ocrx_word' id='word_1_780' title='bbox 1976 5196 2114 5251; x_wconf 85' lang='lat' dir='ltr'><strong>gans</strong></span> <span class='ocrx_word' id='word_1_781' title='bbox 2162 5196 2227 5235; x_wconf 90' lang='lat' dir='ltr'><strong>ac</strong></span> <span class='ocrx_word' id='word_1_782' title='bbox 2290 5183 2608 5236; x_wconf 85' lang='lat' dir='ltr'><strong>bellatorem</strong></span> <span class='ocrx_word' id='word_1_783' title='bbox 2665 5185 2814 5237; x_wconf 89' lang='lat' dir='ltr'><strong>alens</strong></span> <span class='ocrx_word' id='word_1_784' title='bbox 2860 5199 3087 5253; x_wconf 87' lang='lat' dir='ltr'><strong>equum,</strong></span> <span class='ocrx_word' id='word_1_785' title='bbox 3130 5187 3416 5256; x_wconf 69' lang='lat' dir='ltr'><strong>imperiti-zu</strong></span> <span class='ocrx_word' id='word_1_786' title='bbox 3469 5190 3545 5243; x_wconf 62' lang='lat' dir='ltr'><strong>rei</strong></span> 
     </span>
    </p>
   </div>
   <div class='ocr_carea' id='block_1_113' title="bbox 1979 5273 3547 5340">
    <p class='ocr_par' dir='ltr' id='par_1_113' title="bbox 1979 5273 3547 5340">
     <span class='ocr_line' id='line_1_113' title="bbox 1979 5273 3547 5340; baseline 0.005 -13"><span class='ocrx_word' id='word_1_787' title='bbox 1979 5273 2231 5328; x_wconf 86' lang='lat' dir='ltr'><strong>militaris</strong></span> <span class='ocrx_word' id='word_1_788' title='bbox 2267 5274 2474 5329; x_wconf 90' lang='lat' dir='ltr'><strong>idcirco</strong></span> <span class='ocrx_word' id='word_1_789' title='bbox 2501 5273 2873 5340; x_wconf 86' lang='lat' dir='ltr'><strong>damnabitur,</strong></span> <span class='ocrx_word' id='word_1_790' title='bbox 2915 5286 3007 5330; x_wconf 85' lang='lat' dir='ltr'><strong>aut</strong></span> <span class='ocrx_word' id='word_1_791' title='bbox 3049 5278 3191 5333; x_wconf 85' lang='lat' dir='ltr'><strong>inter</strong></span> <span class='ocrx_word' id='word_1_792' title='bbox 3227 5281 3423 5335; x_wconf 88' lang='lat' dir='ltr'><strong>milites</strong></span> <span class='ocrx_word' id='word_1_793' title='bbox 3453 5283 3547 5335; x_wconf 82' lang='lat' dir='ltr'><strong>tle-</strong></span> 
     </span>
    </p>
   </div>
   <div class='ocr_carea' id='block_1_114' title="bbox 1978 5365 3546 5440">
    <p class='ocr_par' dir='ltr' id='par_1_114' title="bbox 1978 5365 3546 5440">
     <span class='ocr_line' id='line_1_114' title="bbox 1978 5365 3546 5440; baseline 0.003 -19"><span class='ocrx_word' id='word_1_794' title='bbox 1978 5375 2214 5421; x_wconf 87' lang='lat' dir='ltr'><strong>sertores</strong></span> <span class='ocrx_word' id='word_1_795' title='bbox 2262 5365 2710 5419; x_wconf 84' lang='lat' dir='ltr'><strong>enumerabitur?</strong></span> <span class='ocrx_word' id='word_1_796' title='bbox 2743 5365 2882 5431; x_wconf 85' lang='lat' dir='ltr'><strong>Quid</strong></span> <span class='ocrx_word' id='word_1_797' title='bbox 2935 5383 3040 5421; x_wconf 88' lang='lat' dir='ltr'><strong>non</strong></span> <span class='ocrx_word' id='word_1_798' title='bbox 3077 5370 3140 5422; x_wconf 85' lang='lat' dir='ltr'><strong>ad</strong></span> <span class='ocrx_word' id='word_1_799' title='bbox 3181 5369 3280 5424; x_wconf 90' lang='lat' dir='ltr'><strong>hos</strong></span> <span class='ocrx_word' id='word_1_800' title='bbox 3321 5372 3546 5440; x_wconf 72' lang='lat' dir='ltr'><strong>resp‘cis</strong></span> 
     </span>
    </p>
   </div>
   <div class='ocr_carea' id='block_1_115' title="bbox 1975 5456 3544 5528">
    <p class='ocr_par' dir='ltr' id='par_1_115' title="bbox 1975 5456 3544 5528">
     <span class='ocr_line' id='line_1_115' title="bbox 1975 5456 3544 5528; baseline 0.003 -18"><span class='ocrx_word' id='word_1_801' title='bbox 1975 5456 2069 5524; x_wconf 90' lang='lat' dir='ltr'><strong>qui</strong></span> <span class='ocrx_word' id='word_1_802' title='bbox 2110 5457 2162 5510; x_wconf 91' lang='lat' dir='ltr'><strong>in</strong></span> <span class='ocrx_word' id='word_1_803' title='bbox 2197 5457 2522 5526; x_wconf 86' lang='lat' dir='ltr'><strong>corporibus</strong></span> <span class='ocrx_word' id='word_1_804' title='bbox 2560 5458 2684 5511; x_wconf 90' lang='lat' dir='ltr'><strong>sine</strong></span> <span class='ocrx_word' id='word_1_805' title='bbox 2717 5461 2962 5528; x_wconf 90' lang='lat' dir='ltr'><strong>corporis</strong></span> <span class='ocrx_word' id='word_1_806' title='bbox 3007 5461 3334 5528; x_wconf 86' lang='lat' dir='ltr'><strong>contagione</strong></span> <span class='ocrx_word' id='word_1_807' title='bbox 3376 5461 3544 5515; x_wconf 85' lang='lat' dir='ltr'><strong>vitam</strong></span> 
     </span>
    </p>
   </div>
   <div class='ocr_carea' id='block_1_116' title="bbox 1977 5535 3543 5619">
    <p class='ocr_par' dir='ltr' id='par_1_116' title="bbox 1977 5535 3543 5619">
     <span class='ocr_line' id='line_1_116' title="bbox 1977 5535 3543 5619; baseline 0.003 -19"><span class='ocrx_word' id='word_1_808' title='bbox 1977 5546 2273 5613; x_wconf 82' lang='lat' dir='ltr'><strong>duxerunt,</strong></span> <span class='ocrx_word' id='word_1_809' title='bbox 2311 5557 2366 5603; x_wconf 88' lang='lat' dir='ltr'><strong>et</strong></span> <span class='ocrx_word' id='word_1_810' title='bbox 2429 5561 2657 5617; x_wconf 86' lang='lat' dir='ltr'><strong>corpora</strong></span> <span class='ocrx_word' id='word_1_811' title='bbox 2701 5564 2811 5604; x_wconf 92' lang='lat' dir='ltr'><strong>non</strong></span> <span class='ocrx_word' id='word_1_812' title='bbox 2871 5552 3122 5614; x_wconf 88' lang='lat' dir='ltr'><strong>oderunt,</strong></span> <span class='ocrx_word' id='word_1_813' title='bbox 3178 5548 3306 5616; x_wconf 89' lang='lat' dir='ltr'><strong>quin</strong></span> <span class='ocrx_word' id='word_1_814' title='bbox 3360 5535 3543 5619; x_wconf 86' lang='lat' dir='ltr'><strong>potius</strong></span> 
     </span>
    </p>
   </div>
   <div class='ocr_carea' id='block_1_117' title="bbox 1977 5641 3543 5712">
    <p class='ocr_par' dir='ltr' id='par_1_117' title="bbox 1977 5641 3543 5712">
     <span class='ocr_line' id='line_1_117' title="bbox 1977 5641 3543 5712; baseline 0.001 -21"><span class='ocrx_word' id='word_1_815' title='bbox 1977 5649 2304 5693; x_wconf 84' lang='lat' dir='ltr'><strong>accurarunt</strong></span> <span class='ocrx_word' id='word_1_816' title='bbox 2327 5649 2592 5709; x_wconf 89' lang='lat' dir='ltr'><strong>quantum</strong></span> <span class='ocrx_word' id='word_1_817' title='bbox 2621 5643 2884 5712; x_wconf 88' lang='lat' dir='ltr'><strong>oportuit,</strong></span> <span class='ocrx_word' id='word_1_818' title='bbox 2909 5657 2941 5694; x_wconf 89' lang='lat'><strong>0</strong></span> <span class='ocrx_word' id='word_1_819' title='bbox 2972 5641 3173 5695; x_wconf 84' lang='lat' dir='ltr'><strong>frustra</strong></span> <span class='ocrx_word' id='word_1_820' title='bbox 3195 5657 3390 5708; x_wconf 90' lang='lat' dir='ltr'><strong>corpus</strong></span> <span class='ocrx_word' id='word_1_821' title='bbox 3409 5655 3543 5694; x_wconf 81' lang='lat' dir='ltr'><strong>exo-</strong></span> 
     </span>
    </p>
   </div>
   <div class='ocr_carea' id='block_1_118' title="bbox 1977 5728 3544 5798">
    <p class='ocr_par' dir='ltr' id='par_1_118' title="bbox 1977 5728 3544 5798">
     <span class='ocr_line' id='line_1_118' title="bbox 1977 5728 3544 5798; baseline 0.003 -18"><span class='ocrx_word' id='word_1_822' title='bbox 1977 5741 2058 5791; x_wconf 87' lang='lat' dir='ltr'><strong>sa,</strong></span> <span class='ocrx_word' id='word_1_823' title='bbox 2092 5729 2566 5798; x_wconf 88' lang='lat' dir='ltr'><strong>contentionisquc</strong></span> <span class='ocrx_word' id='word_1_824' title='bbox 2594 5746 2746 5786; x_wconf 62' lang='lat' dir='ltr'><strong>vanae</strong></span> <span class='ocrx_word' id='word_1_825' title='bbox 2787 5746 2852 5785; x_wconf 82' lang='lat' dir='ltr'><strong>ac</strong></span> <span class='ocrx_word' id='word_1_826' title='bbox 2889 5731 3106 5784; x_wconf 82' lang='lat' dir='ltr'><strong>inutilis</strong></span> <span class='ocrx_word' id='word_1_827' title='bbox 3131 5728 3354 5784; x_wconf 81' lang='lat' dir='ltr'><strong>amans?</strong></span> <span class='ocrx_word' id='word_1_828' title='bbox 3397 5729 3544 5793; x_wconf 69' lang='lat' dir='ltr'><strong>Quid</strong></span> 
     </span>
    </p>
   </div>
   <div class='ocr_carea' id='block_1_119' title="bbox 1979 5820 3551 5890">
    <p class='ocr_par' dir='ltr' id='par_1_119' title="bbox 1979 5820 3551 5890">
     <span class='ocr_line' id='line_1_119' title="bbox 1979 5820 3551 5890; baseline 0.001 -19"><span class='ocrx_word' id='word_1_829' title='bbox 1979 5834 2088 5871; x_wconf 87' lang='lat' dir='ltr'><strong>non</strong></span> <span class='ocrx_word' id='word_1_830' title='bbox 2122 5820 2298 5888; x_wconf 79' lang='lat' dir='ltr'><strong>magni</strong></span> <span class='ocrx_word' id='word_1_831' title='bbox 2346 5820 2489 5874; x_wconf 77' lang='lat' dir='ltr'><strong>illius</strong></span> <span class='ocrx_word' id='word_1_832' title='bbox 2522 5822 2824 5875; x_wconf 76' lang='lat' dir='ltr'><strong>recordaris</strong></span> <span class='ocrx_word' id='word_1_833' title='bbox 2857 5821 3120 5890; x_wconf 66' lang='lat' dir='ltr'><strong>Apostoli,</strong></span> <span class='ocrx_word' id='word_1_834' title='bbox 3160 5821 3247 5890; x_wconf 76' lang='lat' dir='ltr'><strong>qui</strong></span> <span class='ocrx_word' id='word_1_835' title='bbox 3284 5820 3340 5872; x_wconf 82' lang='lat' dir='ltr'><strong>in</strong></span> <span class='ocrx_word' id='word_1_836' title='bbox 3383 5834 3551 5888; x_wconf 64' lang='lat' dir='ltr'><strong>para.-</strong></span> 
     </span>
    </p>
   </div>
  </div>
