4108 6316
550 352 658 419 στι

1784 343 2166 410 GREGORH
2204 344 2529 408 ΡΑῐιᾹΜιιιι

3630 340 3803 405 -sso

555 469 737 523 disum
767 478 940 535 usque
963 463 1033 520 ad
1064 462 1285 518 tertium
1310 461 1508 517 coelum
1538 467 1731 530 raptus
1754 469 1862 524 est,
1881 466 1935 512 et
1959 458 2123 513 verba
2154 457 2295 517 Alis
2323 466 2377 512 ct
2406 456 2650 527 prudens
2673 454 3001 509 administra
3034 452 3271 513 familiae.
3297 461 3350 511 ut
3386 450 3484 509 des
3520 462 3713 505 escam
3745 450 3801 505 in

554 573 677 629 quae
707 572 818 613 non
854 556 984 611 licet
1017 554 1200 624 eloqui
1247 552 1561 608 hominibus
1592 551 1828 615 audivit;
1857 558 1912 604 et
1936 559 2121 604 tamen

554 663 731 719 usque
763 648 946 702 denuo
974 658 1322 717 progressus,
1355 642 1702 697 contumeliae
1732 640 1856 695 loco
1885 654 1996 695 non
2028 654 2124 708 pu-

554 741 711 805 tavit,
736 739 851 795 suis
897 739 1070 809 ipsius
1119 735 1372 791 manibus
1403 733 1710 789 coriaceam
1755 741 1929 787 artem
1971 745 2126 786 exer-

553 846 701 896 cere,
730 840 787 885 et
817 830 937 886 suis
966 843 1030 884 ac
1064 827 1338 883 sociorum
1371 824 1791 880 necessitatibus
1821 823 2126 879 inservien-

552 924 627 977 do
694 923 1005 978 subvenire.
1065 920 1327 977 Oratione
1397 920 1881 991 supergrediamur
1944 918 2122 988 ipsum

553 1013 807 1081 Paulum,
838 1022 892 1068 et
925 1013 1044 1083 ejus
1073 1013 1297 1068 tertium
1331 1011 1562 1077 caelum;
1591 1024 1722 1064 num
1758 1008 1904 1065 Deus
1934 1009 1990 1063 in
2022 1022 2127 1063 suo

554 1114 701 1160 statu
728 1120 940 1174 semper
964 1104 1277 1161 consistens
1309 1103 1372 1156 ad
1400 1116 1519 1158 sese
1546 1102 1863 1166 reﬂectitur,
1883 1109 1939 1156 et
1959 1115 2125 1169 supra

555 1196 696 1249 hanc
720 1195 1134 1250 universitatem
1166 1204 1386 1249 erectus
1417 1194 1609 1248 sedet?
1641 1191 1925 1250 Utrumne
1940 1206 2123 1247 rerum

552 1300 674 1354 qua:
720 1293 844 1355 post
892 1300 1018 1341 eum
1049 1266 1336 1354 subiaceni
1384 1285 1534 1340 nulla
1581 1299 1733 1348 cura,
1764 1284 1915 1339 nulla
1944 1283 2128 1353 provi-

553 1376 737 1431 dentia
792 1376 1051 1446 tangitur,
1097 1391 1277 1446 neque
1325 1376 1489 1431 etiam
1553 1376 1893 1431 inﬁrmarum
1943 1390 2124 1429 rerum

555 1478 862 1524 nostrarum
890 1467 1331 1538 procurationem
1356 1468 1563 1523 habet?
1592 1482 1662 1521 an
1694 1481 1833 1522 vero
1859 1480 2128 1521 accuratis

553 1559 925 1629 providenter,
959 1560 1027 1614 de
1054 1575 1154 1614 sua
1194 1560 1365 1629 ipsius
1390 1561 1463 1614 ob
1493 1559 1545 1613 id
1583 1558 1850 1624 dignitate
1878 1564 1935 1611 et
1958 1555 2126 1624 gloria

557 1652 852 1722 quidquam
906 1651 1118 1721 mittit“!
1164 1650 1417 1718 Quonam
1470 1652 1638 1721 igitur
1690 1650 1854 1707 modo
1908 1648 2126 1718 corpori

558 1743 842 1812 coniugata
869 1756 1022 1796 mens
1044 1754 1230 1797 curam
1256 1740 1530 1813 congeniti
1552 1742 1820 1811 corporis,
1846 1740 2121 1811 indignum

556 1847 619 1886 se
640 1833 894 1897 studium
924 1841 1163 1902 reputat,
1190 1841 1248 1887 ct
1287 1833 1432 1887 hanc
1458 1832 1627 1887 rebus
1653 1832 1909 1887 secundis
1944 1831 2128 1901 provi-

559 1926 774 1980 dentem
802 1925 1079 1980 solertiam
1104 1914 1376 1995 repudiat,
1406 1939 1569 1993 supra
1600 1938 1699 1980 vos
1726 1923 1957 1978 cier-ens
1980 1936 2123 1986 sese,

560 2030 797 2085 quorum
839 2016 1140 2072 etiamnum
1186 2018 1337 2072 humi
1380 2019 1741 2088 gradientium
1784 2015 2131 2073 conversatio

562 2111 621 2161 in
664 2108 818 2164 enatis
855 2108 982 2164 esti
1012 2123 1175 2179 supra
1218 2109 1331 2178 jam
1376 2108 1571 2165 corium
1609 2108 1930 2177 corporibus
1961 2120 2130 2177 appe-

560 2185 738 2254 tentes
784 2201 1103 2271 apostolos:
1137 2215 1303 2270 supra
1343 2200 1607 2256 bonitatis
1637 2200 1811 2270 ipsius
1853 2198 2128 2268 exemplar

558 2276 711 2353 illud,
742 2291 890 2358 quod
926 2290 1076 2345 omni
1119 2292 1274 2345 carni
1317 2290 1547 2361 largitur
1582 2291 1944 2349 alimentum:
1972 2288 2131 2357 cuius

559 2394 628 2434 οιι
652 2381 1010 2437 similitudine
1043 2383 1387 2438 nobilitatem
1427 2383 1714 2453 magniﬁce
1741 2383 1977 2451 iactans,
2018 2394 2129 2435 non

560 2470 813 2526 similiter
840 2471 910 2527 ad
942 2473 1261 2528 interimam
1283 2474 1549 2544 dignitate
1573 2472 1966 2543 providentiam
1993 2484 2130 2525 eon-

526 2592 541 2607 ο
560 2566 823 2630 vertitur;
847 2574 902 2618 et
930 2575 1113 2619 tamen
1138 2580 1414 2620 summum
1444 2565 1576 2619 illud
1609 2565 1810 2619 bonum
1840 2565 2127 2634 plusquam

560 2655 783 2722 plenum
816 2664 869 2708 et
922 2656 1127 2710 nullius
1163 2656 1391 2710 omnino
1430 2656 1707 2725 indigens,
1750 2657 1955 2711 nullius
1991 2671 2131 2724 opus

562 2759 791 2812 usquam
836 2743 1005 2800 habet
1039 2758 1229 2801 eorum
1280 2746 1486 2815 quibus
1516 2746 1803 2814 providet:
1844 2745 1958 2800 btet:
2001 2759 2131 2801 vero

563 2849 937 2905 npenumero
962 2851 1051 2891 me
1091 2846 1146 2891 et
1188 2849 1247 2891 ut
1282 2837 1645 2892 instrumento
1687 2835 1940 2891 famulari
1985 2847 2127 2905 eget,

564 2935 621 2979 et
651 2936 711 2978 ut
745 2925 1039 2993 adiurante
1082 2938 1250 2982 causa
1289 2941 1355 2980 ae
1396 2926 1752 2992 adminiculo,
1782 2936 1838 2981 et
1879 2943 1991 2996 quo
2032 2926 2131 2981 ab-

563 3026 717 3071 sente
748 3017 883 3069 nihil
912 3031 1231 3086 generosum
1272 3017 1325 3071 in
1353 3018 1543 3086 primis
1574 3017 1837 3087 perficiet.

639 3105 745 3161 Sed
774 3108 1029 3163 fortassis
1072 3107 1141 3163 ab
1178 3109 1262 3162 bis
1294 3107 1592 3165 rationibus
1630 3122 1901 3176 repressa,
1927 3122 1988 3163 se
2016 3123 2129 3164 non

564 3197 821 3264 iniuriam
849 3197 994 3253 dicet
1037 3213 1105 3253 ex
1139 3200 1577 3255 necessariarum
1614 3199 1750 3253 mihi
1784 3214 1967 3253 rerum
2000 3214 2129 3267 sup-

562 3288 895 3356 peditatione
917 3305 1159 3359 passam,
1193 3289 1288 3345 sed
1327 3290 1472 3361 quod
1504 3290 1664 3359 longe
1695 3304 1858 3359 supra
1888 3291 2130 3346 necessi-

561 3387 731 3435 tatem
759 3391 813 3435 et
838 3397 995 3436 usum
1028 3383 1223 3450 partim
1257 3381 1553 3436 insatiabili
1581 3382 1898 3450 cupiditate,
1932 3383 2128 3448 partim

560 3473 858 3539 voluptatis
894 3456 1147 3527 aviditate
1177 3486 1550 3541 progressum,
1588 3473 1728 3526 hanc
1759 3486 1971 3527 meeum
2004 3489 2129 3527 cor.

562 3565 782 3633 ripiam,
806 3572 860 3617 et
885 3563 1111 3619 invitam
1140 3563 1507 3632 praecipitem;
1533 3562 1637 3617 hoc
1665 3564 1815 3617 enim
1843 3564 1955 3618 fere
1985 3566 2131 3619 dicc-

564 3654 677 3717 bat,
707 3654 929 3721 quando
959 3670 1018 3709 se
1049 3653 1416 3721 voluptatibus
1448 3654 1702 3709 absurdis
1733 3655 2052 3724 ntaucipari,
2078 3664 2133 3730 et

563 3744 704 3797 meis
722 3742 898 3812 decipi
924 3743 1217 3813 praestigiis
1241 3744 1613 3801 asseverabat.-
1642 3743 1698 3797 ld
1733 3759 1862 3800 vero
1892 3745 2133 3801 refutare

562 3848 783 3903 quoque
834 3833 993 3890 facile
1031 3842 1145 3918 pst,
1181 3850 1249 3891 ac
1288 3835 1485 3891 docere
1531 3836 1780 3891 audaxne
1827 3836 2042 3892 facinus
2078 3846 2133 3899 ct

562 3925 913 3981 temerarium
958 3927 1051 3992 sit,
1103 3927 1179 3983 ita
1225 3926 1342 3984 sive
1393 3926 1564 3993 fastu,
1606 3927 1721 3984 sive
1761 3928 2131 3985 contendendi

564 4018 747 4081 studio
791 4018 1100 4086 incitatam,
1125 4035 1190 4076 ea
1238 4022 1294 4075 in
1338 4035 1426 4077 me
1470 4036 1732 4076 accusare
1784 4036 1845 4077 se
1895 4022 2132 4089 nescire,

562 4126 790 4180 quorum
819 4112 934 4181 ipsa
969 4128 1059 4168 rea
1088 4113 1182 4179 sit,
1202 4128 1327 4167 cum
1352 4113 1685 4183 oportuisset
1705 4113 1947 4183 integere
1975 4113 2127 4171 haec:

564 4203 657 4257 sed
679 4202 975 4258 infaustum
1001 4204 1137 4259 nihil
1158 4205 1359 4268 dicam,
1380 4206 1737 4261 admiratione
1759 4220 1884 4259 vero
1905 4205 2129 4273 dignum

562 4304 666 4351 est.
688 4295 781 4361 qui
821 4294 912 4347 fiat
945 4306 1005 4349 ut
1044 4295 1147 4348 sibi
1187 4297 1463 4349 contraria
1496 4298 1753 4366 loquatur
1783 4295 2125 4364 imprudens.

562 4378 834 4453 Numquid
869 4400 975 4438 non
1015 4400 1234 4440 sursum
1257 4387 1513 4442 deorsum
1549 4401 1774 4441 versans
1804 4387 2128 4455 orationem,

2226 548 2513 617 tempore?
2530 546 2639 614 Qui
2667 549 2728 601 fit
2757 546 2921 617 igitur
2948 552 3007 600 ut
3032 558 3139 598 non
3160 543 3389 599 fideliter
3416 551 3474 596 et
3504 541 3804 610 prudenter

2203 625 2561 712 ‘assignatum
2602 652 2799 693 munus
2828 635 3204 694 adtuinistres.
3239 634 3439 702 desque
3473 642 3728 699 tempore
3752 637 3806 685 et

2225 734 2391 787 modo
2414 731 2622 791 cibum,
2652 738 2709 785 et
2733 737 2792 784 nt
2823 728 2999 783 fidelis
3030 726 3281 795 iacrepes
3312 722 3554 787 inﬁdele,
3588 732 3653 775 ut
3678 736 3804 788 pra-

2224 824 2361 880 dens
2410 824 2643 893 castiges
2687 831 2744 876 et
2792 819 3053 875 emendes
3086 816 3423 885 imprudens.
3468 822 3523 868 et
3572 812 3805 867 omnino

2226 924 2549 986 potestatem
2582 915 2641 968 in
2672 912 2772 967 tibi
2815 911 3019 967 credita
3050 906 3531 969 administratione
3572 904 3803 960 liberam

2224 1021 2503 1069 exerceas,
2535 1015 2589 1059 et
2635 1017 2799 1059 ornes
2840 1001 3087 1072 optim?
3120 999 3190 1054 At
3219 1008 3271 1077 te
3298 996 3503 1067 corripi
3535 995 3801 1051 violentia

2226 1099 2326 1154 tibi
2374 1096 2579 1154 subditi
2631 1095 2792 1161 dicis,
2828 1094 2986 1151 et'ad
3032 1092 3256 1149 easdem
3307 1089 3376 1146 ad
3427 1102 3573 1159 quas
3623 1088 3804 1155 ipsum

2229 1192 2469 1262 ineptias
2495 1199 2550 1245 te
2581 1201 2953 1245 transversam
2984 1185 3096 1256 agi.
3122 1183 3422 1240 Talibusne
3449 1180 3807 1251 praetextibus

2226 1298 2423 1339 censes
2454 1292 2526 1346 te,
2561 1297 2726 1353 quam
2760 1282 2902 1335 male
2944 1292 3108 1333 suum
3136 1291 3340 1332 mutnus
3368 1272 3599 1333 obeunti
3627 1272 3805 1326 mina-

2226 1381 2316 1428 tus
2358 1386 2441 1427 est
2473 1372 2604 1437 ille,
2637 1371 3002 1425 membrorum
3044 1366 3405 1435 divulsionem
3472 1362 3806 1420 evasuram?

2225 1465 2391 1532 Atqui
2439 1462 2566 1518 talis
2606 1461 2792 1530 Opinio
2811 1476 2949 1517 vana
2978 1468 3064 1515 est
3088 1468 3144 1515 et
3176 1456 3359 1521 inanis
3384 1473 3401 1521 ;
3435 1470 3464 1509 a
3491 1453 3804 1524 principatu

2226 1555 2371 1610 enim
2408 1556 2562 1610 omni
2604 1569 2795 1609 eorum
2827 1567 2949 1622 quae
2978 1550 3187 1610 subditi
3214 1546 3803 1621 peccantpterrasesi-

2228 1655 2429 1716 gnntur
2459 1646 2619 1700 :sive
2674 1646 3079 1716 imperatorem,
3114 1643 3231 1698 sive
3264 1641 3650 1712 paedagogum,
3694 1638 3804 1691 sire

2227 1737 2678 1803 parentetn,.sive
2708 1736 2985 1790 doctorem
3026 1733 3204 1795 dicas,
3236 1730 3343 1787 etsi
3381 1728 3587 1798 alioqui
3640 1726 3791 1797 probi

2230 1829 2358 1895 sint,
2390 1828 2708 1884 earumdem
2748 1825 3039 1881 criminum
3086 1824 3162 1878 rei
3200 1833 3350 1887 sunt,
3386 1829 3449 1875 ut
3480 1821 3528 1874 si
3579 1820 3673 1875 vel
3709 1819 3803 1874 im-

2229 1925 2447 1985 perator
2489 1930 2613 1969 cum
2664 1914 2906 1970 exercitu
2951 1914 3169 1969 deserat
3199 1912 3394 1977 aciem,
3423 1918 3519 1964 aut
3544 1909 3799 1979 padago-

2229 2021 2329 2075 gus
2360 2020 2484 2061 cum
2518 2021 2691 2075 puero
2733 2005 2992 2069 colludat,
3018 2012 3114 2061 aut
3144 2013 3298 2072 pater
3337 2017 3462 2057 cum
3493 2000 3606 2067 tilio
3641 2002 3801 2057 lasci-

2228 2099 2360 2162 viat,
2407 2106 2500 2153 aut
2554 2113 2679 2153 cum
2722 2097 2994 2167 discipulo
3042 2096 3300 2166 magister
3347 2093 3559 2161 inertiae
3599 2103 3657 2153 et
3696 2093 3799 2151 alio

2229 2189 2524 2259 indulgeat,
2555 2187 2759 2257 duplici
2799 2202 2980 2257 pana,
3024 2201 3241 2253 censeo,
3279 2186 3474 2242 borum
3508 2185 3800 2255 unusquis—

2229 2296 2336 2352 que
2362 2283 2652 2351 punietur:
2683 2280 2871 2345 altcra,
2901 2278 3046 2349 quod
3070 2277 3381 2335 clanculum
3401 2292 3529 2332 eum
3554 2291 3797 2333 corrum-

2228 2383 2338 2443 pat,
2377 2388 2539 2442 quem
2576 2373 2762 2442 potius
2801 2386 2864 2427 se
2904 2371 3180 2429 meliorem
3214 2369 3553 2427 redditurum
3579 2368 3797 2439 pollice-

2230 2466 2420 2530 batur;
2467 2463 2641 2518 altera
2688 2462 2832 2532 quod
2876 2462 3192 2522 earumdem
3250 2477 3378 2527 rcus
3422 2476 3657 2530 quorum
3709 2460 3797 2515 illo

2206 2555 2713 2624 deprehendatur;
2761 2565 2823 2609 ut
2863 2557 2985 2611 vice
3033 2569 3194 2611 versa
3220 2554 3421 2624 duplici
3467 2554 3622 2608 venia
3650 2552 3796 2622 digni

2230 2647 2432 2702 subditi
2463 2648 2679 2703 censeri
2723 2648 2925 2703 debent
2968 2647 3111 2717 apud
3148 2661 3245 2703 eos
3286 2648 3379 2716 qui
3422 2647 3542 2717 plus
3582 2660 3796 2702 summo

2228 2738 2348 2807 iure
2388 2752 2549 2805 quam
2581 2738 2878 2795 clementer
2916 2753 3034 2793 rem
3066 2737 3407 2806 diiudicant;
3441 2739 3609 2795 altera
3663 2752 3794 2805 pro-

2231 2837 2351 2895 pter
2388 2841 2579 2889 eorum
2612 2840 2864 2887 naturam
2890 2844 3014 2897 quae
3036 2844 3256 2897 Ascrnper
3292 2829 3484 2887 ducem
3511 2841 3564 2882 et
3595 2828 3662 2891 ad
3690 2826 3795 2880 ho-

2230 2930 2495 2979 nestatem
2524 2931 2927 2992 promovet-tem
2953 2921 3210 2990 requirit;
3254 2920 3416 2979 altera
3456 2918 3602 2987 quod
3624 2932 3793 2986 quem

2234 3013 2298 3067 ad
2356 3014 2562 3069 bonum
2620 3012 2933 3083 praefectum
2988 3022 3295 3081 acceperat,
3344 3013 3396 3073 in
3446 3012 3788 3071 eorurarium

2156 3145 2200 3205 ϐ
2231 3108 2618 3175 depravantem
2665 3120 2719 3164 et
2774 3116 3161 3178 provocantem
3213 3106 3428 3164 invenit.
3474 3103 3616 3158 Nihil
3651 3116 3793 3158 vero

2236 3211 2344 3255 tam
2388 3202 2456 3254 ad
2491 3203 2745 3256 virtutem
2791 3211 2846 3255 et
2891 3201 3083 3255 vitium
3132 3199 3321 3261 allicit,
3350 3212 3509 3268 quam
3534 3195 3791 3266 princeps

2233 3307 2294 3344 ea
2326 3291 2530 3349 faciens
2553 3308 2676 3361 quae
2700 3292 2764 3345 ad
2789 3294 3113 3347 alterutrum
3140 3293 3517 3355 exhortantur,
3539 3300 3594 3345 et
3614 3305 3789 3345 exem-

2233 3380 2324 3450 plo
2344 3397 2444 3437 suo
2463 3384 2530 3437 ad
2558 3384 2757 3437 similia
2780 3386 3138 3453 perpetranda
3165 3385 3417 3445 trahens;
3446 3383 3780 3453 quemadmo-

2232 3471 2361 3529 dum
2394 3481 2446 3526 et
2478 3476 2640 3535 chara
2671 3475 2806 3528 mibi
2848 3489 3001 3530 mens
3039 3475 3282 3543 duplices
3309 3476 3462 3529 dabit
3500 3490 3703 3543 prunas,
3728 3484 3787 3529 ut

2232 3577 2352 3631 qua:
2378 3579 2554 3633 neque
2584 3566 2725 3632 quod
2756 3566 2811 3618 in
2848 3568 3064 3620 homine
3094 3566 3257 3626 fuerit
3281 3566 3647 3621 inordinatum
3673 3582 3778 3621 cor-

2231 3655 2393 3722 rexit,
2429 3671 2660 3725 qumque
2687 3657 2952 3713 collaetata
2980 3657 3162 3723 fuerit,
3201 3667 3254 3712 et
3289 3659 3580 3739 voluptatis
3611 3661 3772 3717 illece-

2232 3747 2359 3802 bras
2403 3748 2568 3802 simul
2591 3751 2860 3804 cxcitarit.
2889 3750 2944 3803 Si
2972 3764 3103 3803 vero
3122 3749 3391 3827 su’n‘ocaut
3415 3766 3592 3820 aquae.
3621 3752 3781 3814 aiunt,

2231 3840 2364 3910 quid
2394 3854 2532 3911 opus
2566 3850 2648 3895 est
2673 3842 2962 3896 adhibere?
2994 3841 3122 3896 Mihi
3147 3851 3327 3897 autem
3361 3843 3613 3898 fortassis
3638 3844 3782 3898 venia

2232 3931 2501 4001 quaepiam
2548 3931 2785 3997 dabitur,
2816 3933 2962 4001 quod
3004 3933 3188 3986 lteram
3217 3946 3547 4003 consequar.
3577 3951 3694 4004 quze
3731 3944 3783 3988 ut

2231 4022 2338 4077 ista
2375 4022 2688 4093 delinquant
2751 4038 2837 4077 me
2886 4025 3096 4078 doceat.
3153 4024 3340 4091 Qualis
3396 4027 3566 4089 enim,
3618 4028 3785 4091 aiunt,

2234 4115 2389 4179 itera,
2424 4114 2551 4169 talis
2579 4123 2635 4168 et
2677 4114 2850 4169 canis.
2885 4112 2952 4169 Ut
2984 4125 3164 4169 autem
3207 4117 3409 4171 clarius
3451 4115 3787 4172 demonstra-

2232 4215 2346 4259 tum
2379 4206 2473 4271 sit,
2505 4206 2648 4275 quod
2673 4221 2705 4260 a
2735 4221 2822 4260 me
2849 4220 2958 4260 non
2990 4206 3106 4275 ipsa
3137 4208 3460 4276 corripiatur
3488 4207 3556 4261 ad
3592 4209 3784 4278 turpis-

2232 4298 2369 4353 sima
2400 4313 2647 4367 qumque,
2669 4300 2764 4353 sed
2782 4299 2895 4367 ipsa
2916 4299 3087 4369 uiagis
3107 4298 3174 4354 ad
3199 4299 3504 4368 voluptates
3535 4301 3783 4370 abripiat,

2234 4400 2430 4458 meque
2472 4403 2660 4444 secum
2693 4390 2993 4458 pertrabat,
3046 4403 3133 4445 me
3189 4404 3378 4460 qureso
3401 4391 3667 4460 patienter
3692 4407 3786 4445 au-

562 4479 766 4545 Christi
801 4477 987 4535 famuli
1014 4476 1253 4545 judices,
1286 4478 1603 4548 primariam
1632 4478 1947 4549 dignitatem
1988 4496 2127 4550 ιιι-αι·
2152 4470 2206 4533 D
2233 4479 2418 4543 diutis,
2442 4480 2514 4534 ab
2546 4480 2814 4536 orationis
2847 4492 3012 4537 cursu
3045 4481 3265 4550 paulum
3295 4472 3709 4551 digredientem,
3739 4492 3790 4537 et

563 4568 838 4632 tendebat,
866 4569 1006 4638 quod
1045 4569 1221 4638 imago
1262 4569 1447 4625 divina
1496 4579 1662 4642 atque
1704 4572 1874 4627 totius
1916 4574 2131 4629 ratione

568 4660 810 4732 carentis
838 4670 1046 4717 natura:
1088 4661 1271 4728 regina
1299 4669 1468 4730 esset,
1497 4678 1562 4717 ac
1604 4679 1689 4719 me
1742 4662 2028 4729 famulum,
2071 4679 2132 4723 se

579 4753 851 4808 dominam
881 4752 1261 4822 nuncupabat?
1295 4751 1541 4818 Quonam
1590 4755 1755 4821 igitur
1787 4756 1946 4811 modo
1970 4757 2131 4809 dere-

568 4852 729 4916 pcntc
759 4844 901 4899 facta
937 4846 1261 4909 mutatione,
1288 4860 1505 4900 sursum
1534 4861 1725 4901 versus
1755 4846 1975 4902 ﬂumina
2008 4863 2133 4916 pro—

565 4935 765 4989 cedunt
825 4933 1026 4998 fontes,
1081 4949 1144 4989 ac
1196 4934 1483 4991 ostendere
1545 4944 1773 4989 conatur
1827 4951 1917 4990 me
1963 4935 2131 4991 veluti

560 5024 766 5079 ducere
793 5040 857 5079 ac
899 5025 1308 5081 circumducere
1356 5024 1726 5094 imperiosius,
1766 5038 1827 5081 se
1856 5033 2039 5081 autem
2074 5035 2133 5085 ut

568 5117 899 5185 mancipium
935 5115 1021 5183 agi
1067 5115 1335 5185 ferrique!
1371 5126 1424 5170 ct
1456 5116 1714 5185 quidquid
1738 5117 1982 5175 criminis
2013 5133 2133 5172 am-

566 5205 745 5261 bobus
783 5203 1135 5273 delinquitur,
1163 5205 1215 5259 id
1255 5205 1321 5260 ad
1358 5220 1444 5259 me
1472 5215 1532 5260 ut
1576 5217 1852 5261 auctorem
1897 5208 2130 5276 primum

568 5295 784 5365 reiicit?
826 5293 980 5359 Quod
1023 5295 1067 5348 si
1102 5296 1219 5363 ipsa
1263 5295 1513 5365 imperat,
1558 5311 1656 5365 ego
1701 5311 1885 5365 pareo,
1915 5306 2133 5365 quantae

567 5386 918 5456 impudentia:
955 5396 1038 5441 est
1082 5386 1238 5441 alteri
1267 5387 1353 5438 sui
1403 5387 1583 5441 delicti
1614 5397 1670 5440 et
1710 5388 1913 5453 peccati
1947 5399 2129 5441 notam

567 5479 824 5536 inurere?
865 5479 1094 5547 litiganti
1126 5476 1271 5531 enim
1301 5478 1430 5531 mihi
1465 5478 1752 5545 responde,
1774 5491 1806 5531 ο
1840 5478 2133 5546 reprehen-

566 5573 728 5627 dendi
752 5579 807 5624 et
838 5569 1129 5625 accusaridi
1158 5567 1383 5622 libidine
1408 5567 1662 5637 ﬂagrans,
1691 5577 1821 5623 tunc
1852 5584 1881 5622 a
1911 5568 2135 5623 domino

570 5663 863 5717 constituta
888 5676 946 5716 es
976 5674 1098 5730 quae
1138 5671 1403 5713 conservo
1442 5666 1686 5711 mutuum
1724 5669 1949 5728 praestes
1979 5660 2135 5713 obse-

570 5750 787 5823 quium,
819 5750 958 5819 quod
984 5758 1066 5804 est
1095 5750 1149 5802 in
1180 5747 1489 5817 evangelica
1516 5748 1791 5816 parabole,
1824 5749 1977 5819 quasi
2006 5749 2137 5805 litic—

2235 4570 2303 4626 ad
2338 4570 2728 4642 tragoediarum
2766 4572 3013 4627 omnium
3046 4588 3291 4638 causam,
3329 4588 3491 4643 quam
3525 4575 3788 4642 explicare

2232 4676 2389 4716 mens
2422 4662 2713 4728 erubescit,
2737 4675 3130 4722 recurrentem.

2302 4752 2420 4808 Non
2455 4753 2749 4819 sinceram,
2783 4755 2884 4808 viri
2909 4755 3145 4824 judices,
3177 4756 3566 4828 intelligentem
3603 4759 3788 4822 vitam,

2232 4857 2286 4900 et
2315 4860 2347 4899 a
2383 4859 2650 4913 corporeo
2674 4861 2844 4901 sensu
2873 4847 3173 4916 ablegatam
3209 4857 3394 4902 noster
3422 4850 3640 4905 aluimus
3673 4865 3791 4906 sor-

2232 4936 2366 4989 titus
2395 4929 2497 4999 e’st,
2534 4937 2627 4991 sed
2668 4938 2883 5005 utrique
2909 4938 3032 4991 vitae
3059 4939 3108 4993 ei
3139 4938 3395 5006 subjecta:
3419 4940 3641 5001 insidet.
3680 4950 3788 4994 tum

2233 5026 2533 5096 plantaria.
2577 5037 2688 5083 tum
2721 5030 2901 5095 vitali,
2940 5044 2970 5083 a
3015 5031 3215 5100 quibus
3246 5031 3565 5099 constitutio
3606 5041 3791 5087 nostra

2233 5131 2497 5186 corporea
2544 5120 2842 5188 gubernata
2893 5127 3265 5175 muservatur.
3319 5120 3454 5174 Nam
3502 5120 3689 5175 dolore
3739 5130 3792 5175 et

2233 5208 2505 5276 voluptate
2555 5208 2713 5277 quasi
2756 5208 3124 5278 gubernaculo
3174 5217 3566 5277 temperamur;
3606 5208 3795 5262 dolore

2233 5310 2354 5349 cum
2404 5295 2665 5353 inanitate
2696 5296 3030 5361 laboramus,
3062 5307 3160 5352 aut
3190 5296 3344 5351 aliter
3374 5298 3659 5365 angimur;
3694 5310 3791 5349 vo-

2236 5385 2461 5452 luptate,
2489 5400 2612 5437 cum
2638 5384 2942 5453 explcmur,
2965 5392 3020 5439 ct
3041 5384 3183 5439 nulla
3210 5383 3614 5452 perturbatione
3636 5395 3796 5435 vexa-

2236 5490 2376 5537 mur,
2413 5491 2478 5528 ex
2526 5474 2734 5543 opiﬁcis
2785 5484 2993 5529 naturae
3024 5473 3384 5543 providentia,
3416 5471 3794 5525 affectionibus

2234 5564 2499 5635 ejusmodi
2546 5563 2703 5617 nobis
2752 5563 2821 5616 ad
2864 5563 3092 5618 salutent
3141 5558 3491 5632 iugcneratis.
3539 5557 3593 5611 Si
3643 5558 3787 5610 enim

2235 5657 2361 5710 dum
2400 5644 2687 5709 dciluiinus
2731 5663 2783 5708 et
2829 5652 3252 5721 corrumpimur,
3297 5666 3404 5705 non
3444 5662 3785 5717 angerentur,

2239 5750 2413 5816 neqdc
2444 5746 2570 5800 dum
2605 5744 2868 5802 satiatum
2896 5745 3218 5810 lxtarcuaur,
3254 5743 3328 5797 ita
3366 5749 3424 5796 ut
3456 5754 3631 5810 neque
3662 5752 3793 5793 cou-
