4108 6316
284 376 384 441 981

1616 374 2211 445 PROSOPUI'tEl
2284 407 2295 423 κ

3419 358 3549 424 962‘

281 489 545 555 ficientia,
600 502 775 559 neque
820 476 1200 557 conservantis
1251 490 1609 546 sentiremus.
1659 485 2150 550 subitoAfrrens,
2191 486 2347 557 quasi
2400 484 2761 553 decipiatttus,
2805 489 2978 555 etcos
3035 477 3083 535 vi
3140 473 3538 541 corripiamnsy
3661 518 3676 547 ,

281 580 588 648 periremus
619 580 1003 649 imprudentia.
1038 580 1196 635 Nune
1233 596 1359 637 vero
1391 581 1614 648 provida
1653 593 1845 633 natura

277 670 435 741 quasi
490 672 739 726 manibus
794 671 1006 728 duabus
1064 680 1252 737 utens,
1314 672 1632 741 fatigatione
1686 681 1848 738 atque

279 761 660 825 delectatione,
703 761 790 813 illa
831 777 1099 832 pungens,
1136 763 1238 817 hac
1272 765 1548 824 inescans.
1580 763 1643 816 ad
1679 763 1847 817 eden-

282 852 409 905 dum
457 860 510 906 et
561 851 856 906 bibendum
904 857 1208 911 exsuscitat
1253 853 1523 924 fugientes
1571 852 1848 908 esuriendi

284 942 545 1006 dolorem,
590 953 645 997 et
691 942 886 1000 edendi
919 948 1278 1023 voluptatem,
1314 948 1457 1017 quod
1501 956 1585 1001 est
1620 945 1849 1000 alimen-

283 1045 415 1102 tum,
451 1044 845 1111 persequentes
881 1055 896 1091 :
936 1053 1122 1095 verum
1170 1038 1431 1108 primario
1478 1039 1617 1104 loco,
1656 1050 1714 1092 ut
1757 1037 1851 1105 qui

277 1140 343 1179 ex
379 1127 562 1182 esurie
592 1144 798 1183 mceror
827 1132 1097 1195 nascitur,
1121 1138 1475 1196 amoveatur;
1506 1128 1853 1193 secundario,

284 1226 341 1271 ut
362 1217 646 1277 saturandi
676 1218 898 1275 licentia
933 1221 1115 1277 detur.
1143 1218 1375 1277 Animus
1405 1230 1587 1276 autem
1628 1218 1854 1277 rationis

286 1325 507 1387 compos
555 1311 712 1367 aliter
748 1327 808 1369 se
835 1314 1047 1375 nutrire
1088 1328 1185 1383 per
1211 1328 1271 1368 se
1311 1312 1487 1378 novit,
1512 1321 1566 1366 et
1592 1320 1855 1381 praestan-

286 1401 407 1454 tiori
445 1400 682 1471 quadam
725 1403 1000 1458 ambrosia
1036 1400 1164 1457 frui.
1199 1400 1404 1457 Verum
1431 1417 1581 1468 cum,
1615 1410 1674 1456 ut
1708 1401 1853 1456 dixi-

279 1507 428 1554 mus,
483 1507 612 1565 erga
668 1493 771 1549 sibi
817 1494 1097 1565 subjeCtas
1153 1493 1442 1549 facultates
1488 1508 1594 1549 non
1659 1493 1855 1550 intole-

282 1591 467 1637 ranter
506 1599 605 1640 nec
642 1585 1060 1657 implacabiliter
1104 1582 1359 1640 affectum
1409 1585 1528 1650 sit,
1582 1600 1855 1643 consensu

283 1677 520 1746 quodam
564 1678 727 1732 etiam
770 1678 837 1732 iis
871 1678 1208 1747 patientibus
1242 1677 1603 1744 condolescit,
1642 1688 1697 1732 et
1725 1692 1857 1733 sane

282 1782 408 1821 cum
441 1778 716 1838 anguntur
757 1769 921 1823 simul
951 1767 1189 1838 angitur,
1222 1778 1276 1823 et
1309 1783 1430 1823 cum
1466 1769 1719 1839 lmtantur
1744 1770 1858 1822 col-

282 1859 539 1915 lattatur:
577 1860 659 1915 vel
682 1860 886 1928 potius,
917 1860 962 1913 si
994 1873 1104 1914 rem
1142 1859 1456 1935 accuratius
1488 1856 1715 1912 definire
1744 1859 1858 1929 pla-

282 1962 392 2016 cet,
423 1962 476 2006 et
522 1962 581 2005 ut
623 1951 777 2005 aiunt
825 1953 959 2007 artis
997 1950 1282 2007 medicinae
1326 1951 1578 2015 studiosi,
1622 1952 1859 2023 primum

284 2046 401 2111 ipsa
435 2043 663 2098 ratiOnis
701 2045 1063 2099 consensione
1098 2046 1322 2113 patitur,
1348 2056 1633 2117 propterea
1667 2055 1721 2099 et
1752 2046 1859 2114 pri-

282 2150 370 2190 ma
418 2135 484 2188 ad
527 2134 893 2189 amovendum
941 2134 1189 2191 dolorem
1237 2137 1502 2206 exsurgit,
1547 2136 1631 2191 sui
1696 2152 1861 2191 causa

280 2228 563 2282 maxime:
599 2227 814 2291 deinde,
848 2234 903 2279 ιιι
936 2236 1018 2293 est
1046 2227 1275 2289 dictum,
1301 2228 1642 2282 subditorum
1666 2227 1866 2298 juvan-

278 2322 479 2373 dorum
516 2320 712 2389 gratia.
757 2317 816 2372 In
856 2334 921 2372 eo
953 2318 1116 2387 igitur
1141 2321 1407 2388 sapientis
1438 2327 1648 2373 naturae
1677 2317 1863 2388 provi-

280 2410 465 2463 dentia
499 2408 623 2473 fuit,
652 2423 723 2463 ne
773 2409 1010 2464 maxime
1056 2410 1373 2480 principalis
1414 2411 1654 2475 animus,
1699 2400 1863 2479 supra

284 2502 425 2555 maia
501 2503 716 2570 positus
772 2500 1041 2555 emineret
1103 2502 1442 2571 impatibilis,
1504 2515 1559 2557 et
1611 2504 1865 2557 sensibus

281 2594 469 2649 nullas
530 2592 877 2648 difﬁcultates
921 2610 1043 2664 quae
1087 2596 1345 2650 secundis
1403 2604 1457 2650 et
1510 2593 1865 2650 inferioribus

282 2685 682 2748 interveniunt,
719 2684 1001 2749 hauriret;
1032 2684 1097 2739 ad
1135 2700 1326 2739 eorum
1355 2686 1500 2740 enim
1536 2684 1682 2740 nulla
1715 2698 1869 2754 pror-

281 2794 379 2853 sus
410 2777 660 2831 curanda
692 2783 1123 2832 converteretur.
1168 2775 1229 2831 Si
1273 2778 1418 2833 enim
1452 2778 1528 2832 ita
1565 2775 1864 2843 stimulata,

280 2868 704 2930 condolescens,
744 2874 799 2921 et
849 2881 1123 2923 consensu
1172 2866 1456 2934 laborans,
1500 2867 1692 2923 videtis
1724 2884 1865 2939 quo-

279 2958 448 3013 modo
502 2957 792 3028 pigrescat,
855 2957 1080 3013 delicias
1128 2957 1327 3023 faciat,
1383 2970 1437 3014 et
1495 2976 1617 3031 qua:
1679 2977 1864 3015 revera

280 3050 592 3106 communis
624 3056 730 3105 est
784 3050 1028 3111 fortuna,
1076 3060 1137 3104 ut
1183 3050 1543 3106 infortunium
1599 3051 1863 3121 deploret.

1954 583 2190 647 perversi
2238 579 2379 634 servi
2413 574 2679 649 supplicia
2718 568 2994 645 defugiet?
3025 567 3217 651 Nonne
3249 567 3533 645 discerpe‘

1955 688 2060 738 tur,
2087 682 2142 727 et
2168 687 2291 727 sors
2316 670 2367 727 ei
2394 684 2515 723 eum
2563 664 2860 737 ltypocritis
2895 658 3369 723 constituetttr.-tt_t
3407 668 3540 725 quur

1952 778 2212 838 tanquam
2262 764 2313 819 in
2351 762 2584 825 theatro,
2623 759 2723 813 hac
2755 756 2885 818 vita,
2915 766 3206 825 personam
3238 748 3530 819 cujusdam

1954 871 2214 927 matrona:
2239 863 2440 912 sanctie
2471 851 2742 908 etdiviuat
2776 847 2966 911 induta
2997 844 3184 898 fuerit.
3221 849 3278 897 et
3309 855 3533 895 omnem

1957 950 2221 1006 incuriam
2270 962 2334 1013 ac
2363 943 2695 1002 detinentium
2736 938 2893 1011 initio
2946 933 3325 996 dissimttlarit,
3364 931 3533 985 libere

1954 1056 2085 1095 vero
2131 1037 2388 1093 omnibus
2439 1033 2691 1091 nefandis
2742 1029 3112 1100 voluptatibus
3163 1025 3434 1088 servierit,
3478 1032 3534 1079 et

1957 1144 2015 1191 ut
2039 1132 2410 1201 intemperans
2449 1127 2666 1191 ancilla,
2701 1124 2957 1187 indecore
2995 1134 3056 1179 se
3083 1118 3314 1199 gesserit
3335 1125 3390 1169 et
3418 1122 3538 1173 tur-

1955 1227 2082 1298 pius
2108 1220 2430 1279 inebriarit?
2454 1218 2600 1291 quod
2628 1229 2782 1288 puto.
2812 1213 2946 1268 Nam
2979 1211 3028 1268 ei
3059 1208 3276 1266 cunctis
3309 1204 3543 1263 facultac

1958 1317 2107 1373 tibus
2163 1312 2431 1383 praefecte:
2487 1309 2604 1364 haec
2664 1321 2792 1362 cura
2839 1302 3162 1360 demandata
3215 1309 3318 1366 est,
3371 1307 3431 1353 ut
3483 1305 3539 1352 et

1959 1407 2226 1478 sagaciter
2268 1403 2572 1459 molestiam
2605 1398 2921 1455 exhibentia
2966 1393 3299 1479 provideret,
3336 1399 3390 1445 et
3423 1387 3540 1442 ido-

1960 1514 2117 1555 neam
2170 1496 2495 1552 medicinam
2549 1492 2854 1556 adhiberet,
2882 1497 2941 1545 ut
2986 1488 3141 1543 illinc
3185 1483 3546 1555 perspicuum-

1960 1592 2139 1649 eStzsi
2168 1588 2390 1661 quando
2413 1586 2559 1642 enim
2592 1599 2749 1640 mens
2775 1584 2829 1637 in
2860 1578 3120 1636 curandis
3150 1576 3311 1631 rebus
3339 1572 3539 1627 divinis

1960 1695 2185 1741 excessu
2228 1679 2421 1741 nimio,
2457 1675 2560 1739 vel,
2592 1688 2679 1729 me
2713 1673 2923 1735 nescio,
2961 1668 3157 1765 morbo
3190 1664 3551 1735 corripiatur,

1961 1774 2054 1846 qui
2104 1756 2455 1843 cogitationis
2505 1782 2612 1822 non
2671 1762 2970 1820 movendas
3018 1756 3255 1815 chordas
3303 1763 3542 1817 moveat,

1922 1848 1934 1891 "
1962 1858 2061 1923 nec
2091 1863 2311 1926 esuriei,
2343 1876 2442 1916 nec
2482 1856 2748 1921 alimenti,
2792 1869 2890 1909 nec
2921 1853 3062 1908 alius
3099 1848 3394 1918 voluptatis
3425 1862 3542 1900 me-

1963 1973 2082 2021 mor
2110 1957 2202 2021 sit,
2234 1965 2346 2009 tum
2374 1967 2475 2022 ego
2508 1964 2729 2023 quoque
2760 1947 2906 2005 nulla
2941 1946 3135 1999 harum
3178 1956 3360 2007 rerum
3386 1952 3543 2001 cura,

1965 2052 2111 2104 nulla
2132 2045 2499 2105 sollicitudine
2530 2056 2723 2113 tangor
2752 2061 2765 2098 :
2800 2056 3041 2112 quonam
3064 2036 3228 2107 igitur
3254 2032 3417 2087 modo
3444 2031 3547 2100 pri-

1964 2158 2081 2205 mas
2130 2156 2233 2209 ego
2284 2148 2464 2208 partes
2528 2146 2727 2199 teneo,
2782 2143 2835 2188 et
2886 2130 3216 2200 procurandi
3270 2136 3327 2183 et
3380 2122 3551 2180 dandi

1964 2238 2135 2297 cibos,
2169 2241 2222 2291 et
2246 2244 2460 2299 tempus
2495 2241 2686 2283 eorum
2724 2242 2787 2281 ac
2823 2225 3045 2278 modum
3088 2220 3381 2277 definiendi
3423 2234 3555 2277 tnu-

1968 2343 2069 2381 nus
2092 2324 2370 2382 sortit-ntis
2398 2322 2700 2391 voluptates
2727 2317 3006 2389 praeripio,
3027 2315 3330 2383 deindeqne
3350 2314 3547 2382 ipsum,

1967 2420 2107 2486 quod
2161 2427 2246 2471 est
2296 2414 2470 2483 magis
2522 2404 2837 2471 ridiculum,
2890 2410 2953 2461 ad
3010 2422 3103 2463 cas
3151 2404 3430 2474 corripio?
3471 2405 3559 2461 Ita

1970 2508 2150 2562 mollis
2186 2507 2301 2575 ipsa
2341 2516 2425 2560 est
2464 2515 2518 2559 et
2544 2500 2801 2571 delicata,
2838 2515 2939 2570 ego
2988 2514 3119 2555 vero
3167 2500 3451 2554 robustqu
3485 2513 3557 2579 at:

1968 2602 2285 2656 violentum.

2040 2691 2241 2748 Verum
2276 2691 2554 2745 enimvero
2609 2702 2676 2742 ne
2737 2686 2968 2757 singulis
3013 2684 3260 2755 partibus
3304 2683 3548 2739 renitens

1972 2782 2218 2839 defensio
2249 2779 2588 2836 contentiosa
2625 2777 2872 2853 videath
2911 2784 2964 2830 et
2996 2774 3268 2844 pertinax,
3294 2784 3387 2829 tua
3418 2788 3546 2845 gra-

1971 2877 2046 2930 tia
2087 2873 2329 2930 concedo
2387 2887 2473 2925 me
2521 2869 2757 2940 primum
2816 2866 3187 2934 voluptatibus
3227 2866 3442 2920 inhiare
3492 2873 3551 2945 et

1970 2966 2256 3037 compleri,
2275 2964 2498 3031 insuper
2527 2974 2579 3017 te
2604 2975 2825 3031 quoque
2851 2959 2918 3013 ad
2948 2958 3255 3028 voluptates
3286 2946 3549 3012 fruendae

1973 3082 2002 3119 a
2039 3081 2124 3118 me
2161 3061 2359 3130 corripi
2389 3078 2401 3111 :
2439 3069 2494 3113 tu
2527 3069 2714 3128 postea
2746 3055 2992 3118 domina,
3026 3064 3081 3127 et
3128 3053 3290 3108 rebus
3342 3053 3547 3109 nostris

285 3144 465 3198 multo
485 3142 667 3198 minus
691 3142 932 3211 profecto
950 3156 1147 3211 corpus
1174 3145 1529 3212 respexisset,
1548 3146 1594 3197 si
1618 3147 1865 3215 corporis

1970 3156 2242 3225 imperans
2268 3195 2281 3214 ,
2314 3167 2438 3205 cum
2471 3157 2686 3219 oportet
2740 3147 3017 3217 puniendo
3052 3146 3349 3210 cohibere,
3378 3155 3433 3199 et
3464 3146 3550 3197 itt-

286 3237 650 3291 adversitates
693 3249 814 3289 eam
861 3246 1074 3289 naturae
1119 3235 1342 3291 decreto
1381 3251 1489 3291 non
1537 3238 1866 3307 attigissent.

289 3324 451 3379 Nunc
484 3338 637 3379 vero.
665 3324 712 3378 si
748 3323 970 3392 quidem
1003 3322 1153 3379 aliud
1185 3326 1488 3395 quidpiam,
1521 3340 1572 3381 et
1602 3328 1704 3385 hoc
1728 3347 1868 3400 quo-

292 3430 405 3485 que
440 3416 801 3469 constitutum
834 3422 919 3469 est
951 3410 1177 3484 optime,
1214 3426 1275 3470 ut
1312 3420 1685 3476 consensione
1717 3422 1871 3485 dolo-

289 3520 418 3560 rum
474 3517 689 3575 agatur,
717 3514 771 3561 et
807 3519 873 3560 eo
917 3505 1081 3561 simul
1111 3507 1437 3574 adducatur,
1480 3522 1558 3573 ut,
1607 3513 1871 3581 quemad-

288 3599 520 3654 modum
564 3601 642 3654 ait
683 3600 974 3669 quispiam,
1000 3598 1241 3655 vicissim
1287 3612 1340 3656 et
1368 3618 1432 3656 ex
1472 3614 1625 3674 parte
1657 3606 1871 3662 labores

290 3703 568 3762 capessat,
598 3701 653 3747 et
688 3692 1054 3747 molestiamm
1094 3694 1472 3751 liberationem
1505 3699 1872 3753 communiter

289 3785 611 3855 conquirat.
653 3783 863 3855 Quibus
895 3787 1041 3840 enim
1085 3789 1454 3855 quorumlibet
1494 3786 1873 3845 incommodo-

290 3891 419 3931 rum
480 3877 800 3933 communio
831 3887 935 3944 est,
986 3877 1177 3934 iisdem
1226 3880 1590 3935 communiter
1622 3882 1677 3935 et
1708 3882 1776 3935 ab
1807 3881 1875 3937 iis

285 3968 546 4025 iiberatio
568 3983 716 4024 curae
747 3977 848 4024 est.

355 4059 454 4116 llis
504 4060 581 4115 ita
624 4060 1033 4123 demonstratis,
1074 4063 1130 4116 in
1164 4056 1419 4117 eumdem
1455 4063 1631 4117 locum
1677 4061 1872 4116 iterum

1974 3247 2183 3303 fensam
2220 3259 2340 3298 esse
2375 3239 2699 3311 liguritioni,
2721 3239 3208 3307 vehementiusque
3238 3237 3551 3306 increpare,

1977 3339 2154 3406 potius
2183 3337 2247 3390 ad
2297 3334 2541 3388 eamdem
2598 3330 2990 3398 turpitudinem
3049 3328 3454 3399 suscipiendam
3490 3337 3547 3380 ut

1975 3429 2308 3498 mancipium
2360 3441 2467 3479 una
2520 3422 2859 3493 provolvcris
2886 3461 2901 3484 ,
2929 3429 2983 3473 et.
3014 3419 3102 3475 illa
3137 3419 3287 3489 gravi
3310 3460 3324 3484 ,
3358 3427 3548 3473 sancta

1977 3521 2255 3592 rigidaque
2296 3517 2554 3589 dignitate
2587 3514 2736 3569 humi
2776 3520 3080 3587 prostrata,
3109 3513 3172 3563 de
3208 3526 3313 3581 qua
3350 3509 3551 3579 gloria-

1974 3617 2053 3669 ris
2081 3620 2135 3668 et
2180 3610 2467 3681 magnifice
2518 3607 2722 3670 sentis,
2761 3619 2977 3660 meeum
3027 3603 3293 3674 voluptati
3338 3602 3551 3669 captiva

1979 3719 2249 3775 servaque
2302 3696 2629 3757 voluntaria
2680 3698 3110 3768 constringeris.
3151 3694 3258 3749 Nec
3303 3706 3355 3750 te
3389 3697 3561 3765 pudet
3600 3706 3615 3715 '

1977 3798 2084 3867 pati
2118 3792 2461 3867 profitentem
2488 3791 2841 3861 eadem,quae
2873 3787 3158 3843 fabulosus
3190 3786 3278 3841 ille
3302 3803 3552 3860 serpens,

1976 3888 2136 3954 cujus
2169 3885 2400 3938 caudam
2442 3884 2510 3937 de
2545 3882 2722 3952 capite
2770 3883 2926 3935 aiunt
2984 3892 3347 3949 conquestant
3388 3896 3513 3934 esse
3538 3921 3559 3940 ,.

1977 3975 2121 4045 quod
2159 3974 2418 4030 motionis
2449 3975 2690 4041 repetitae
2721 3972 2832 4027 dux
2887 3986 3102 4038 semper
3131 3982 3295 4036 esset,
3332 3972 3442 4041 ipsa
3473 3984 3560 4025 to-

1979 4067 2087 4121 tius
2119 4062 2280 4119 molis
2317 4078 2376 4118 se
2429 4063 2809 4117 convolventis
2863 4064 3233 4117 attraheretur
3277 4075 3555 4118 extrema.
3608 4088 3614 4129 τ

280 4154 484 4211 recidit
515 4154 729 4207 oratio:
755 4168 821 4207 ac
846 4153 1097 4222 superius
1118 4153 1380 4224 expositae
1408 4167 1677 4207 memores
1700 4162 1874 4207 estote
1940 4158 2221 4213 o’l‘andem
2255 4170 2385 4210 vero
2420 4155 2486 4209 ad
2535 4153 2981 4223 persuadendum
3036 4169 3345 4225 aggressam
3369 4195 3381 4217 ,
3412 4164 3468 4209 ut
3497 4156 3559 4209 in

280 4246 591 4321 parabolae,
646 4247 702 4324 in
746 4261 852 4316 qua
886 4246 1099 4301 fidelem
1136 4258 1186 4300 et
1235 4247 1556 4314 prudentem
1588 4248 1877 4316 dispensa-

287 4354 462 4394 torem
518 4352 680 4392 suum
728 4337 984 4391 dominus
1018 4339 1324 4407 constituit,
1370 4347 1428 4392 ut
1464 4338 1566 4393 sibi
1600 4339 1876 4407 obsequa-

284 4439 400 4493 tur,
459 4429 648 4485 dando
712 4443 812 4483 suo
852 4437 1098 4496 tempore
1142 4429 1284 4492 cibo,
1339 4430 1601 4499 numquid
1652 4444 1761 4485 non
1811 4432 1876 4486 ad

1979 4253 2085 4307 boc
2118 4248 2370 4323 serpendi
2415 4262 2652 4303 munere
2695 4246 3035 4316 principatus
3069 4247 3175 4302 sibi
3207 4247 3553 4302 deferretur:

1981 4344 2176 4400 deinde
2203 4355 2300 4412 per
2329 4339 2628 4410 praecipitia
2673 4354 2921 4409 saxaque
2959 4354 3084 4395 eum
3120 4354 3261 4395 caeca
3296 4339 3553 4406 ferretur,

1980 4437 2159 4507 ipsum
2210 4442 2369 4503 caput
2409 4442 2463 4487 et
2494 4432 2764 4504 reliquum
2811 4442 3120 4501 serpentem
3153 4448 3279 4488 eum
3315 4449 3380 4488 eo
3409 4434 3556 4489 labe-

284 4522 684 4592 animiparteut
705 4518 934 4575 rationis
951 4520 1270 4589 participare
1292 4522 1703 4579 accommodate
1734 4522 1866 4579 fide-
1902 4522 1955 4584 D
1982 4530 2242 4582 lactatum
2284 4526 2459 4581 fuisse
2488 4565 2500 4576 .
2530 4526 2598 4577 At
2627 4525 3090 4593 quemadmodum
3124 4525 3257 4590 illic,
3286 4526 3552 4595 siquidem

289 4614 396 4670 lem
423 4623 479 4669 et
503 4612 825 4683 prudentem
851 4626 1199 4669 cecouomum
1230 4615 1650 4683 assumpsimus,
1671 4625 1733 4670 ut
1756 4630 1876 4685 quae

288 4705 560 4776 praeclare
607 4702 781 4772 possit
809 4716 875 4757 ex
906 4703 1206 4759 abundanti
1256 4704 1543 4774 prudentia
1569 4706 1876 4776 gubernare

286 4797 579 4869 patibilem
608 4804 688 4851 et
733 4802 1007 4851 amentem
1049 4797 1255 4852 vitam?
1293 4813 1453 4866 quam
1495 4800 1659 4854 etiam
1708 4801 1760 4853 in
1810 4815 1877 4854 eo

293 4906 526 4946 munere
567 4887 921 4943 constitutam
966 4889 1220 4945 dominus
1258 4890 1470 4946 beatam
1516 4894 1796 4962 pnedicat,
1830 4895 1876 4948 si

291 4984 595 5056 prudenter
624 4989 678 5034 et
711 4970 938 5034 ﬁdeliter
959 4980 1320 5047 administret,
1370 4998 1434 5038 ac
1458 4986 1608 5053 plura
1644 5000 1701 5041 se
1724 5001 1877 5041 com—

295 5076 603 5131 missurum
643 5071 763 5140 ejus
796 5070 919 5126 fidei
965 5073 1252 5139 pollicetur
1287 5092 1301 5128 :
1331 5076 1412 5129 sin
1441 5088 1619 5131 autem
1666 5079 1872 5133 domini

295 5178 358 5226 ut
387 5178 602 5223 moram
640 5161 891 5218 facientis
927 5163 1115 5230 oblita,
1147 5180 1439 5223 conservos
1483 5168 1700 5237 pulsare
1738 5185 1871 5226 con-

299 5260 612 5317 tumeliose,
660 5268 770 5311 non
821 5256 1190 5326 providenter,
1222 5259 1469 5327 coeperit,
1516 5270 1791 5324 totamque
1817 5279 1874 5319 se

298 5348 640 5409 eomedendo
672 5361 738 5401 ac
776 5347 1013 5403 bibendo
1043 5345 1290 5403 fruendis
1322 5349 1690 5416 voluptatibus
1713 5354 1877 5408 dede-

299 5444 395 5509 rit,
437 5455 566 5497 cum
592 5439 846 5504 ebriosis,
875 5450 1058 5509 partes
1100 5438 1223 5493 dico
1272 5450 1384 5494 tum
1417 5456 1538 5508 quin
1563 5442 1727 5507 alere,
1761 5455 1873 5498 tum

300 5551 425 5606 qua:
458 5533 530 5588 ali
570 5540 823 5601 possunt,
855 5546 977 5601 quae
1023 5533 1366 5588 extrinsecus
1411 5532 1628 5601 allapsis
1662 5535 1881 5589 satieta-

301 5628 453 5681 tibus
487 5640 706 5696 semper
740 5624 1123 5689 referciuntur,
1171 5638 1448 5689 utrumne,
1494 5641 1617 5680 eum
1661 5627 1880 5682 redierit

306 5716 583 5782 dominus,
619 5717 799 5788 qualia
852 5734 995 5770 nunc
1040 5732 1222 5770 cut-mn
1269 5719 1443 5782 vobis,
1492 5728 1767 5786 pmtcxet,
1817 5739 1881 5774 ac

310 5811 778 5878 hujusiusolentis
819 5812 1161 5866 contumelia:
1194 5826 1412 5865 causam
1452 5814 1502 5864 in
1542 5826 1642 5867 nos
1701 5823 1877 5867 trans-

1980 4620 2048 4675 de
2080 4619 2251 4683 cauda
2282 4627 2447 4687 caput
2472 4628 2833 4686 conquestum
2877 4615 3069 4671 fuisset
3092 4655 3106 4680 ,
3131 4632 3252 4670 eam
3285 4632 3561 4671 accusans

1979 4709 2215 4779 injuriae.
2242 4708 2531 4763 ridiculum
2566 4716 2621 4761 et
2644 4707 2905 4767 stolidum
2944 4707 3222 4762 videretur
3246 4726 3258 4761 :
3287 4709 3359 4763 ita
3388 4709 3557 4763 etiam

1980 4815 2035 4859 tu
2068 4816 2289 4874 quoque
2319 4802 2373 4855 in
2403 4802 2507 4863 bac
2546 4815 2707 4856 causa
2734 4841 2748 4862 ,
2803 4810 2863 4855 ut
2910 4816 3033 4870 qua:
3089 4800 3255 4854 animi
3289 4802 3427 4870 parti
3464 4817 3554 4855 ra.

1981 4898 2148 4953 tionis
2204 4890 2704 4966 experti,'caudam
2758 4892 2995 4946 trahenti
3051 4904 3108 4969 et
3159 4906 3315 4947 caecae
3381 4898 3409 4962 (_
3429 4908 3557 4946 nam

1980 4989 2245 5054 mens,'ait
2261 4989 2556 5059 quispiam,
2576 4987 2764 5056 videt),
2781 4984 3038 5041 duetandi
3061 4984 3224 5039 cedas
3243 4984 3552 5054 imperium.

1985 5092 2040 5136 et
2086 5078 2315 5147 teipsam
2339 5062 2599 5147 ejus'fidei
2623 5077 2959 5144 committas,
2986 5074 3132 5144 quod
3163 5074 3229 5130 ad
3259 5075 3555 5144 perniciem
3645 5091 3650 5096 ·

1981 5175 2292 5243 pet-trahat.
2324 5168 2579 5224 Videntes
2631 5168 2774 5223 enim
2835 5181 3103 5221 caecorum
3130 5208 3144 5231 ,
3178 5182 3284 5221 nou
3316 5169 3443 5221 ezrci
3479 5168 3553 5220 vi—

1982 5266 2226 5318 dentium
2264 5265 2431 5317 tluccs
2480 5272 2607 5315 sunt
2638 5276 2653 5325 ;
2702 5271 2754 5315 et
2786 5261 2885 5314 bos
2922 5274 3175 5322 currum,
3207 5276 3315 5313 non
3355 5261 3549 5312 bovem

1984 5375 2177 5412 currus
2213 5358 2397 5422 trahit,
2424 5367 2478 5411 ct
2514 5356 2655 5425 lapis
2691 5352 2757 5408 ad
2791 5352 3260 5423 perpendiculum,
3290 5368 3395 5404 non
3427 5366 3553 5418 pcr—

1984 5446 2332 5514 peudiculum
2393 5445 2458 5496 ad
2516 5441 2753 5511 lapidem
2805 5444 3189 5511 componitur.
3223 5439 3362 5504 Quid
3427 5453 3553 5490 vero

1973 5552 2150 5603 'puero
2172 5575 2188 5599 ,
2215 5544 2402 5588 contra
2452 5534 2724 5602 proverbii
2758 5544 3106 5601 praereptum.
3134 5531 3371 5599 gladium
3408 5544 3545 5580 con-

1986 5628 2193 5680 mittis?
2218 5624 2339 5693 quis
2377 5640 2641 5677 venenum
2681 5624 3023 5692 propinatum
3081 5620 3549 5675 combibcns,ma-

1980 5720 2070 5785 jus
2100 5720 2377 5794 quippiam
2416 5720 2480 5770 ad
2518 5731 2574 5770 se
2608 5716 2981 5769 excusandum
3033 5712 3115 5765 vel
3151 5710 3555 5763 defendendum

1991 5814 2213 5881 habuit,
2250 5824 2413 5880 quam
2466 5807 2657 5863 mortis
2712 5804 3193 5875 deprecationem?
3225 5803 3303 5855 An
3342 5804 3562 5869 primus-
