4180 6308
570 402 679 466 {-83

1805 399 2190 463 GBEGORH
2233 401 2564 463 PALAM/E

3725 401 3832 468 984

567 514 732 570 homo
761 528 789 567 a
825 510 1058 566 muliere
1107 511 1283 584 prima
1322 525 1448 580 quat
1478 511 1546 568 de
1597 511 1908 582 perniciosa
1955 521 2146 580 gusta-
2178 523 2223 578 Α
2253 513 2759 584 compellit?Quod
2795 525 3210 571 monumentum
3242 532 3348 571 non
3405 522 3649 576 membra
3712 539 3832 592 qum

565 613 723 661 verat
749 605 966 669 arbore,
992 602 1263 673 posterior
1291 611 1514 674 accepto
1544 602 1670 657 cibo
1700 604 1992 662 comedens
2015 644 2030 669 ,
2057 618 2148 659 rea

569 698 718 754 niam
750 697 894 767 apud
937 695 1108 752 Deum
1141 697 1371 750 meritus
1402 704 1526 754 est:
1565 704 1662 757 aut
1691 705 1751 751 ut
1779 692 1832 751 vi
1860 706 2148 765 correptus

568 797 802 844 mortem
832 786 1060 856 eflugit?
1085 785 1372 856 Cupiditas
1396 785 1542 844 enim
1567 795 1622 842 et
1652 787 1734 842 ira
1766 786 1869 843 sub
1899 788 2146 842 animum

569 881 802 937 rationis
863 879 1184 951 participem
1251 879 1515 949 subjectae
1576 889 1747 948 sunt;
1796 895 1907 941 non
1961 890 2020 935 ut
2079 879 2147 934 ad

569 974 863 1044 voluptatis
922 974 1247 1028 suavitatem
1305 973 1396 1027 illa
1453 972 1752 1039 delabens,
1788 989 1976 1028 secum
2030 975 2147 1042 ipsa

569 1068 899 1132 contrahat,
932 1067 1046 1121 haec
1085 1081 1217 1122 vero
1256 1065 1326 1121 ad
1357 1066 1588 1121 ferinam
1643 1066 1912 1120 saevitiam
1965 1081 2150 1130 erutu-

569 1176 742 1234 pens,
795 1174 981 1216 secum
1014 1158 1290 1226 abducat,
1343 1161 1439 1215 sed
1492 1168 1552 1213 ut
1599 1158 1667 1214 ad
1711 1157 2036 1228 captandam
2096 1165 2153 1212 et

572 1251 879 1308 habendam
933 1250 1275 1306 honestatem
1329 1252 1662 1306 conveniant
1695 1261 1746 1306 et
1787 1251 2148 1320 conspirent:

570 1343 848 1414 cupiditas
874 1383 890 1408 ,
933 1353 994 1398 ut
1026 1359 1205 1412 equus
1237 1343 1406 1399 frenis
1441 1344 1579 1398 bene
1611 1344 1950 1410 moderatus,
1978 1344 2155 1397 subli-

573 1452 714 1492 mem
748 1436 980 1492 efl‘erens
1007 1476 1022 1502 ,
1051 1446 1105 1501 et
1133 1436 1202 1499 ad
1238 1452 1362 1491 vere
1393 1437 1782 1504 desiderabilia
1813 1437 2102 1491 concitans
2135 1451 2151 1503 ;

571 1530 857 1596 ira,vcluti
892 1546 1193 1600 generosus
1225 1531 1399 1596 canis,
1429 1547 1538 1595 una
1576 1545 1675 1598 pro
1706 1530 1774 1585 iis
1803 1541 1856 1584 et
1884 1530 2153 1584 adversus

571 1639 636 1678 ea
669 1640 796 1692 qua:
818 1633 1035 1692 oportet
1059 1623 1386 1693 belligeraus
1414 1632 1468 1676 et
1500 1605 1886 1692 propugnans;
1916 1629 2153 1689 utraque

573 1717 833 1770 nimirum
878 1731 908 1768 a
944 1716 1160 1780 ratione
1190 1732 1285 1784 per
1329 1717 1645 1771 diuturnam
1696 1714 2152 1773 consuetudinem

572 1811 640 1862 ad
688 1809 826 1863 bene
877 1808 1181 1880 parendum
1211 1818 1267 1863 et
1309 1808 1675 1878 obedgiendum
1725 1808 1932 1869 domita
1987 1817 2154 1876 atque

2252 613 2385 660 sunt
2439 619 2606 675 super
2667 614 2872 659 terram
2918 605 3258 669 mortificat,
3297 617 3348 661 et
3409 611 3609 664 animm
3667 612 3829 666 vitam

2250 696 2401 750 omni
2428 710 2494 750 ex
2527 705 2683 766 parte
2712 697 2926 750 beatam
2961 696 3214 765 largitur,
3239 697 3337 752 sed
3367 701 3549 767 potius
3586 702 3831 757 vivificat

2250 795 2305 841 et
2335 786 2599 842 adversus
2628 787 2867 841 animam
2893 788 3200 842 exsuscitat
3223 787 3246 840 ?
3266 789 3377 843 Aut
3406 791 3574 861 igitur
3600 807 3702 860 ego
3732 808 3831 847 ne-

2250 896 2357 952 que
2408 885 2720 951 sepulcrum
2744 918 2760 946 ,
2789 896 2966 951 neque
3012 891 3206 936 catena
3249 897 3370 938 sum
3395 924 3409 946 ,
3437 884 3714 954 siquidem
3765 885 3832 939 ad

2250 971 2474 1030 delicias
2517 973 2808 1041 corripior,
2835 983 2891 1028 et
2916 988 3024 1028 una
3055 974 3382 1043 pertrahor:
3424 975 3834 1032 inconsiderate

2250 1073 2307 1119 et
2343 1065 2577 1118 inaniter
2624 1065 2822 1120 talibus
2854 1065 3065 1121 cavillis
3112 1065 3349 1134 illudor;
3378 1076 3472 1121 aut
3504 1083 3833 1126 monumen-

2255 1163 2368 1210 tum
2404 1170 2595 1211 revera
2623 1163 2678 1210 et
2711 1166 2905 1216 catena
2953 1156 3080 1219 sim,
3111 1170 3177 1214 ae
3211 1172 3419 1226 magnae
3473 1158 3604 1214 hinc
3644 1160 3836 1216 incon—

2257 1247 2502 1302 tinentiae
2532 1246 2770 1316 seipsam
2803 1262 2960 1302 mens
2990 1261 3141 1302 ream
3176 1247 3328 1315 facit,
3353 1249 3500 1318 quod
3532 1259 3589 1306 et
3628 1251 3835 1321 illigata

2257 1339 2386 1400 mihi
2435 1350 2489 1394 et
2529 1339 2845 1409 consepulta
2878 1340 3183 1404 deiicietur,
3198 1351 3251 1396 et
3277 1342 3465 1397 vivens
3498 1355 3710 1397 mortua
3743 1346 3834 1408 sit,

2255 1449 2320 1488 ac
2351 1447 2520 1502 supra
2536 1434 2758 1488 modum
2795 1433 3098 1497 extollitur,
3130 1435 3342 1489 tametsi
3366 1450 3503 1490 crux
3528 1450 3628 1506 ego
3664 1439 3766 1493 sim
3789 1441 3835 1496 ei

2255 1525 2380 1580 data
2411 1544 2426 1585 :
2452 1527 2558 1582 hoc
2581 1528 2725 1587 enim
2755 1527 2980 1584 nomine
3014 1543 3103 1582 me
3135 1543 3357 1598 quoque
3384 1530 3560 1586 libens
3583 1532 3838 1601 appellat,

2259 1619 2509 1673 utetiam
2565 1620 2771 1676 dolium
2833 1629 3159 1694 pertusum,
3205 1620 3565 1676 dissimulans
3614 1633 3746 1693 quot
3788 1633 3842 1682 et

2257 1723 2596 1784 quantorum
2633 1715 2900 1771 bonorum
2955 1730 3056 1785 ego
3098 1713 3202 1779 sim
3250 1717 3743 1786 conceptaculum,
3783 1730 3842 1776 ut

2259 1825 2366 1864 non
2417 1809 2592 1862 multo
2643 1817 2767 1877 post
2799 1808 2868 1862 de
2917 1807 3104 1862 multis
3151 1823 3326 1878 pauca
3371 1809 3676 1879 degustans
3719 1828 3836 1873 sum

572 1899 819 1954 cicurata
844 1940 856 1954 .
883 1897 1086 1964 Verum
1127 1915 1282 1966 meus
1316 1901 1519 1970 alioqui
1571 1899 1870 1960 temulenta
1906 1899 2074 1964 facta,
2101 1907 2156 1953 et
2186 1878 2231 1932 Β
2259 1901 2784 1956 demonstraturum.
2817 1899 2873 1954 Si
2915 1915 3044 1955 vero
3097 1909 3386 1970 pertusum
3433 1919 3657 1973 quoque
3685 1921 3839 1972 sum,

571 1992 732 2048 valde
759 2009 871 2048 sua:
897 1995 1242 2055 strenuitatis
1272 1995 1576 2066 negligens,
1619 1992 1970 2056 effeminatur
1997 1991 2158 2062 quasi

573 2100 787 2150 vecors,
818 2096 874 2141 et
918 2085 1189 2157 deteritur
1211 2131 1226 2155 ,
1256 2103 1320 2143 ac
1354 2070 1622 2156 quantum
1672 2102 1702 2147 a
1736 2083 2010 2140 constanti
2045 2084 2152 2146 im-

575 2177 874 2248 mobilique
909 2190 1176 2244 concentu
1205 2179 1439 2245 decedit,
1461 2179 1803 2234 tantumdem
1830 2178 1899 2242 ad
1928 2192 2152 2233 currum

575 2255 1054 2336 perturbationum
1086 2270 1297 2328 accedit
1331 2287 1346 2325 :
1382 2279 1758 2339 quantumque
1796 2266 2057 2337 paulatim
2087 2264 2156 2319 ab

574 2363 901 2432 imperando
927 2363 1204 2431 desciscit,
1239 2375 1449 2421 tantum
1510 2364 1603 2424 illa
1650 2363 1905 2426 servituti
1941 2359 2155 2427 manci-

573 2466 764 2531 patur._
793 2455 986 2531 Itaque
1022 2458 1174 2511 nulla
1211 2461 1262 2512 vi
1310 2459 1559 2527 cogitur,
1585 2472 1684 2511 nec
1713 2457 1778 2510 ad
1815 2457 2155 2524 peccandum

573 2527 632 2609 et
663 2529 1094 2618 delinquendum
1118 2549 1286 2602 invita
1321 2546 1662 2617 rapitur,sed
1694 2543 1838 2615 quod
1865 2543 2155 2599 Herculem

575 2655 800 2724 passum
833 2639 1005 2695 fuisse
1055 2640 1356 2710 fecisseque
1411 2638 1585 2709 Graeci
1637 2653 1703 2694 ac
1733 2637 1973 2710 .profani
2019 2639 2161 2694 scri-

574 2745 769 2808 plores
813 2741 1084 2800 testantur
1117 2733 1343 2804 (ferunt
1393 2733 1538 2789 enim
1579 2733 1732 2802 illum
1800 2743 1920 2802 post
1953 2734 2163 2800 belluas

577 2809 634 2894 et
667 2826 966 2901 sceleratos
990 2827 1242 2885 homines
1271 2827 1630 2897 perdomitus,
1654 2836 1848 2904 postea
1882 2828 2156 2895 volentem

578 2919 743 2994 Lydae
790 2920 1030 2992 feminae,
1085 2921 1369 2989 Omphalae
1402 2923 1658 2987 nomine,
1689 2921 1990 2993 serviisse),
2019 2923 2160 2975 idem

582 3013 722 3088 mihi.
751 3015 962 3083 videtur
1003 3015 1205 3070 mentis
1253 3016 1393 3072 ratio
1427 3016 1633 3086 perpeti
1665 3054 1682 3070 .
1711 3014 1848 3069 Nam
1879 3031 2001 3084 qua:
2033 3023 2164 3070 sunt

585 3109 642 3186 in
701 3109 922 3181 homine
977 3108 1236 3179 bellulnaa
1270 3109 1634 3178 malignaeque
1687 3108 2163 3182 perturbationes,

586 3216 714 3275 cum
771 3215 866 3269 eas
917 3202 1022 3271 sub
1063 3215 1218 3270 suam
1273 3211 1600 3272 potestatem
1647 3200 1920 3269 subjicere
1951 3211 2163 3271 posset,
2194 3249 2237 3305 ϐ

587 3294 770 3366 libens
827 3303 1010 3369 tamen
1073 3295 1338 3367 voluptati
1392 3295 1672 3366 animique
1732 3296 2167 3366 appetitionibus

583 3384 798 3461 servit:
837 3385 926 3453 vel
983 3379 1148 3458 etiam
1188 3373 1248 3442 ut
1296 3389 1432 3442 alter
1483 3386 1728 3457 primas,
1786 3401 2018 3456 magnus
2076 3386 2168 3440 ille

585 3477 824 3553 Samson.
869 3481 938 3534 ab
973 3479 1310 3547 insidiatrice
1361 3478 1705 3545 muliercula,
1748 3479 1938 3534 eadem
2005 3479 2166 3533 volu-

584 3581 741 3646 ptate
771 3572 1028 3645 decepta,
1063 3586 1224 3639 suum
1259 3586 1520 3642 magnum
1550 3570 1716 3624 robur
1737 3569 1965 3639 ridicule
1989 3571 2171 3642 prodit

583 3668 641 3713 et
671 3658 840 3723 nuda,
864 3675 928 3713 ac
955 3673 1070 3736 non
1112 3659 1224 3729 jam
1261 3659 1438 3728 ipsum
1487 3659 1655 3731 veluti
1688 3675 1901 3727 comam
1929 3661 2167 3731 jactans,

587 3750 756 3828 facile
777 3766 809 3823 a
855 3750 1365 3821 perturbationibus
1400 3752 1727 3830 alienigenis
1760 3753 1974 3824 captiva
2014 3753 2169 3809 duci-

587 3853 700 3918 tur,
729 3849 785 3913 et
816 3851 1131 3915 excgcatur
1159 3843 1338 3918 oculis
1372 3845 1441 3899 ad
1473 3842 1736 3900 honestas
1782 3860 1870 3901 res
1903 3853 1958 3900 et
2000 3845 2173 3900 bonas

588 3937 1022 4027 perspicacibus,
1047 3936 1387 4008 pistrinoque
1410 3936 1679 4009 illigatur,
1702 3947 1757 3994 et
1778 3938 1986 4006 circum
2020 3953 2176 4006 eum-

591 4029 716 4089 dem
746 4029 1089 4100 voluptatum
1151 4029 1382 4098 orbem,
1435 4045 1668 4100 quorum
1713 4030 1928 4103 initium
1979 4039 2065 4097 est
2119 4039 2174 4085 et

589 4126 760 4196 veluti
789 4125 1048 4183 stimulus
1078 4126 1289 4192 ventris
1317 4124 1608 4195 ingluvies,
1626 4124 1946 4193 innumeras
1971 4139 2174 4190 aerum-

591 4235 693 4275 nas
734 4219 1048 4291 perpetiens
1090 4217 1440 4283 convolvitur
1466 4258 1481 4282 ,
1515 4227 1570 4282 et
1599 4218 1755 4286 quasi
1786 4217 2010 4273 lascivis
2037 4233 2174 4288 pue-

595 4315 693 4386 ris,
731 4310 1019 4381 cupiditati
1069 4319 1127 4363 et
1159 4307 1456 4364 iracundiae
1491 4307 1730 4362 ludibrio
1761 4315 1844 4363 est
1869 4349 1882 4363 .
1913 4308 1989 4379 Ita
2019 4325 2175 4365 mens

595 4419 791 4480 sponte
821 4424 879 4463 se
927 4407 1086 4460 malis
1139 4406 1472 4475 immergens
1493 4445 1507 4470 ,
1539 4405 1656 4475 ipsa
1693 4403 1800 4458 sibi
1830 4407 2177 4480 contumelia

595 4515 769 4583 genus
821 4499 1123 4566 intorquet,
1175 4504 1230 4549 et
1288 4493 1528 4563 undique
1581 4500 1839 4560 cooperta
1899 4491 2176 4560 miseriis,

2261 2002 2318 2049 at
2345 2003 2493 2049 certe
2524 2009 2789 2050 sensuum
2840 1997 3112 2055 meatibus
3163 1997 3392 2050 omnino
3423 1998 3839 2067 specularibus,

2262 2087 2509 2143 luciferis
2541 2096 2596 2142 et
2640 2089 2851 2144 nuntiis
2897 2091 3411 2160 comprehensionis
3452 2107 3634 2146 rerum
3656 2133 3672 2158 ,
3703 2101 3764 2150 ut
3793 2093 3841 2148 id

2260 2181 2425 2235 etiam
2457 2181 2642 2236 statim
2677 2183 2986 2252 apparebit,
3039 2184 3182 2253 quod
3218 2199 3315 2255 per
3367 2185 3468 2240 hos
3496 2184 3757 2248 hauriens
3790 2194 3843 2243 et

2265 2289 2388 2329 sese
2441 2274 2742 2331 refercicns
2783 2275 2835 2330 in
2877 2291 2964 2330 me
2998 2276 3164 2330 veluti
3222 2277 3558 2337 temulenti-ae
3603 2278 3840 2346 pristina

2265 2367 2528 2420 vomitum
2581 2367 2860 2432 effundat,
2890 2379 2942 2423 et
2975 2369 3290 2438 turpissime
3320 2369 3693 2427 debacchetur
3716 2410 3730 2424 .
3765 2372 3805 2425 Τ
3810 2388 3842 2426 ιι

2269 2468 2422 2509 meos
2453 2472 2672 2524 sensus,
2697 2469 2750 2513 et
2781 2474 2972 2514 eorum
3004 2460 3293 2518 facultates
3324 2464 3632 2524 maledictis
3656 2480 3845 2529 vexas,

2267 2547 2558 2614 speluncas
2590 2560 2646 2605 et
2686 2550 2860 2607 lustra
2911 2551 3088 2608 ferina
3139 2555 3576 2626 cognominans,
3608 2568 3843 2624 quorum

2265 2649 2433 2702 opera
2468 2640 2726 2697 maximis
2754 2640 2948 2697 affecta
2988 2644 3274 2700 beneficiis
3305 2646 3381 2699 ita
3421 2648 3639 2715 ingrato
3672 2655 3727 2701 et
3750 2645 3851 2700 im-

2267 2733 2498 2799 memori
2553 2735 2741 2788 animo
2785 2736 3118 2794 es?Nonne
3175 2737 3425 2794 discendi
3465 2739 3678 2794 artibus
3729 2749 3852 2793 tan-

2268 2836 2433 2903 quam
2466 2825 2752 2895 pontibus,
2792 2835 2849 2881 ut
2879 2829 2948 2882 ad
2984 2845 3072 2885 res
3101 2831 3558 2903 contemplandas
3595 2846 3718 2902 qua:
3747 2830 3849 2890 sub

2271 2911 2688 2982 intelligentiam
2729 2918 3002 2976 duntaxat
3030 2925 3236 2978 cadunt
3260 2924 3580 2993 trajiciaris,
3619 2939 3719 2979 usa
3743 2924 3848 2979 es?

2271 3005 2524 3080 Quonam
2563 3019 2724 3079 pacto
2761 3027 2858 3068 eas
2896 3014 3056 3070 initio
3085 3016 3206 3071 sine
3240 3016 3380 3072 meis
3411 3015 3670 3072 sensibus
3701 3031 3850 3070 com-

2274 3102 2568 3178 parasses?
2595 3104 3091 3169 Arithmeticamne
3137 3116 3234 3164 aut
3284 3109 3659 3164 harmonicam
3688 3109 3850 3163 disci-

2272 3191 2476 3260 plinam
2513 3193 2805 3268 habuisses
2845 3215 3113 3270 unquam,
3161 3201 3267 3257 nisi
3304 3201 3454 3256 auris
3506 3201 3848 3266 exstitisset;

2271 3295 2341 3350 an
2389 3297 2745 3353 numerorum
2783 3289 3192 3360 proportiones,
3231 3302 3326 3347 aut
3355 3292 3853 3364 geometriam,aut

2272 3375 2667 3446 astr0l0giam,
2717 3381 2823 3436 nisi
2884 3381 3069 3438 lumen
3117 3384 3401 3440 oculorum
3435 3383 3744 3440 cinxisset?
3781 3399 3851 3437 an

2271 3463 2580 3526 doctrinam
2617 3471 2683 3524 de
2714 3471 2967 3544 pulsibus
2999 3481 3054 3528 et
3106 3475 3360 3530 medendi
3391 3476 3717 3541 scientiam,
3746 3474 3853 3529 nisi

2269 3561 2526 3629 tangendi
2557 3572 2610 3616 et
2637 3565 2890 3632 gustandi
2931 3581 3129 3627 sensus
3164 3568 3258 3626 tibi
3285 3568 3429 3623 viam
3467 3566 3854 3640 patefecisset?

2271 3649 2404 3706 Meis
2444 3653 2610 3720 igitur
2640 3655 2898 3721 sensibus
2945 3658 3174 3726 ablatis,
3207 3661 3318 3715 tuis
3363 3661 3645 3715 convulsis
3678 3662 3856 3729 ponti-

2266 3743 2410 3824 bus,
2459 3745 2590 3816 quid
2653 3747 2748 3802 tibi
2819 3749 3095 3820 reliquum
3157 3751 3309 3806 aliud
3367 3754 3628 3823 supersit,
3691 3767 3855 3823 quam

2273 3837 2425 3909 humi
2448 3879 2463 3904 ,
2495 3849 2548 3894 et
2579 3839 2725 3910 inter
2761 3856 2848 3906 res
2889 3843 3182 3906 sensibiles
3220 3844 3495 3908 volutari,
3525 3844 3608 3899 vel
3639 3860 3708 3899 ne
3757 3847 3856 3899 has

2273 3931 2497 4003 quidem
2549 3933 2602 3987 in
2634 3943 2810 3988 totum
2848 3936 3140 4007 attingere,
3175 3951 3357 4006 neque
3389 3945 3659 4007 quantum
3694 3947 3856 3992 terra:

2274 4023 2645 4096 meditullium
2679 4037 2803 4092 est,
2838 4027 2949 4096 vita
2987 4029 3264 4084 sentiendi
3297 4038 3553 4100 compote
3584 4028 3731 4097 frui,
3760 4029 3854 4085 sed

2275 4117 2392 4174 sola
2429 4117 2477 4172 si
2515 4135 2600 4175 res
2635 4119 2710 4174 ita
2769 4118 2948 4185 ferat,
2977 4121 3291 4189 plantaria;
3325 4130 3379 4176 et
3426 4130 3542 4175 tum
3578 4135 3707 4177 vere
3755 4120 3857 4176 sub

2274 4219 2688 4281 monumentum
2719 4225 3103 4282 carceremquc
3133 4227 3338 4267 caecum
3360 4210 3600 4278 defossa,
3615 4213 3856 4267 materiae

2276 4303 2538 4360 sordibus
2601 4305 2927 4376 submersa,
2963 4314 3018 4360 et
3081 4305 3367 4376 profundae
3427 4305 3635 4374 illigata
3702 4304 3855 4370 faeci,

2277 4410 2481 4468 caecam
2534 4396 2693 4465 talpa:
2763 4405 2860 4450 aut
2911 4397 3218 4468 cujuspiam
3279 4397 3642 4466 plantaminis
3690 4398 3856 4452 vitam

2277 4486 2488 4548 trahas.
2536 4503 2626 4543 me
2677 4488 2882 4555 solum,
2940 4499 2997 4543 ut
3045 4490 3165 4558 ipsa
3223 4490 3432 4544 comice
3484 4489 3857 4560 perstringis,

600 4578 861 4647 indecore
895 4586 1150 4661 lascivit:
1187 4584 1383 4640 deinde
1425 4584 1498 4640 ob
1527 4584 1632 4638 hoc
1679 4584 2052 4640 voluntarium
2087 4587 2172 4640 iu-
2200 4606 2251 4666 υ
2278 4589 2519 4644 OSIreato
2592 4580 2915 4654 indumento
2986 4580 3377 4647 circumdata?
3414 4578 3572 4635 Nunc
3638 4597 3771 4636 vero
3812 4591 3857 4635 te

597 4683 902 4752 fortunium
944 4681 1011 4737 de
1062 4694 1124 4736 se
1153 4687 1475 4753 conquesta,
1512 4693 1738 4750 sumque
1795 4678 2174 4748 deploratione

598 4755 926 4848 calamitatis
957 4772 1235 4842 defuncta,
1260 4770 1392 4838 mihi
1420 4769 1628 4826 crimen
1663 4771 1896 4826 intentat
1927 4779 1981 4826 et
2003 4769 2175 4835 malo-

599 4887 720 4943 rum
755 4869 975 4926 causam
1007 4866 1275 4942 attribuit,
1303 4874 1380 4931 et,
1406 4873 1465 4920 ut
1500 4863 1720 4929 videtis,
1746 4877 1938 4934 ptenas
1967 4861 2170 4932 exigit;

603 4982 669 5034 ac
717 4961 984 5026 conviciis
1009 4973 1321 5030 aspergens,
1343 4956 1473 5028 quid
1503 4973 1612 5023 non
1645 4957 1700 5011 in
1735 4971 1821 5018 me
1845 4954 2136 5021 cavillatur
2156 4993 2172 5020 ,

603 5060 732 5131 quid
766 5073 877 5133 non.
908 5052 1148 5118 irridet?
1178 5043 1507 5122 Sepulchrum
1538 5067 1626 5105 me
1657 5059 1849 5113 vocat,
1885 5057 2134 5103 catenam
2157 5085 2173 5110 ,

602 5155 790 5224 faecem
822 5153 1008 5224 imam,
1039 5158 1093 5202 et
1123 5164 1189 5202 ex
1221 5146 1537 5204 Chaldaicis
1569 5144 1752 5214 nugis,
1785 5143 2028 5202 materiae
2057 5157 2176 5213 sor-

600 5223 699 5301 des
759 5223 813 5300 et
859 5223 1238 5318 “quisquilias,
1283 5241 1494 5296 dolium
1566 5245 1850 5308 pertusum
1878 5275 1893 5300 ,
1929 5250 2172 5291 crucem.

599 5340 764 5411 Atqui
810 5339 856 5408 si
887 5353 1018 5392 vere
1050 5351 1173 5392 sum
1231 5349 1332 5406 ego
1389 5339 1805 5388 monumentum
1831 5370 1846 5396 ,
1882 5331 1974 5401 qui
2016 5333 2074 5384 ﬁt
2120 5338 2180 5384 ut

600 5449 709 5489 non
744 5433 874 5505 huic
920 5429 1281 5500 persuadeam
1311 5426 1378 5489 ad
1437 5427 1529 5482 Dei
1561 5423 1976 5492 similitudinem
2027 5424 2178 5481 ellicr

603 5535 713 5597 tam
768 5534 1001 5596 mortem
1049 5519 1295 5575 Studiose
1343 5517 1628 5582 meditari,
1659 5516 1754 5576 sed
1799 5516 1866 5571 ad
1915 5515 2176 5579 delicias,

599 5617 752 5690 quod
776 5615 1202 5696 {nuper-traham
1225 5612 1247 5663 ?
1272 5612 1318 5666 si
1354 5612 1676 5680 catena,qui
1711 5611 1767 5665 fit
1801 5619 1857 5664 ut
1890 5625 1998 5663 non
2031 5624 2179 5663 com-

601 5711 846 5782 prinrcns
899 5725 925 5761 a
981 5707 1254 5778 peccando
1307 5704 1741 5770 cohibeam,sed
1778 5704 1843 5756 ad
1887 5701 2176 5756 nefandam

602 5802 814 5873 inertia:
843 5802 1115 5864 licentiam
1147 5799 1438 5869 corripiam
1463 5797 1486 5851 ?
1521 5799 1650 5864 Qua:
1673 5806 1865 5851 catena
1895 5811 2003 5850 non
2026 5804 2175 5850 arcet

605 5895 675 5970 ab
703 5894 905 5968 injuria
942 5904 996 5952 et
1030 5893 1326 5962 maleficio,
1344 5891 1440 5952 sed
1473 5907 1539 5950 eo
1567 5893 1810 5949 vinctum
1835 5890 1922 5947 vel
1941 5891 2175 5953 inritum

2282 4683 2434 4730 certe
2472 4677 2850 4731 ementientem
2894 4675 2962 4730 ab
2991 4684 3117 4738 ortu
3143 4675 3212 4730 ad
3242 4675 3690 4744 cognoscendum
3727 4691 3858 4732 ocu-

2281 4767 2450 4840 latam
2492 4766 2621 4842 fecit,
2662 4767 2729 4822 ad
2763 4765 3162 4837 philOSOphiam
3212 4766 3454 4830 admovi,
3489 4775 3543 4822 et
3573 4768 3856 4838 degustato

2283 4860 2512 4931 lumine,
2547 4875 2644 4930 per
2675 4859 2854 4932 ipsum
2895 4867 2953 4914 ut
3003 4870 3162 4913 terra:
3211 4859 3660 4924 concretionem,
3693 4861 3854 4914 maris

2287 4951 2641 5016 refusionem,
2672 4953 2799 5015 coeli
2851 4953 3353 5024 conglobationem,
3384 4961 3438 5012 et
3490 4953 3674 5006 omnia
3736 4967 3856 5022 quae

2283 5057 2415 5122 sunt
2475 5046 2534 5124 ini
2577 5047 2719 5102 coelo
2775 5046 3042 5114 miracula
3077 5055 3342 5116 tanquam
3394 5045 3448 5105 in
3505 5045 3731 5116 speculo
3770 5049 3854 5099 in-

2283 5140 2538 5205 tuerer-is,
2571 5141 2819 5195 concessi
2859 5159 2873 5194 :
2903 5149 3074 5214 utque
3120 5139 3370 5209 partibus
3405 5139 3672 5200 omnibus
3723 5153 3852 5192 con-

2283 5236 2503 5292 cordem
2545 5242 2898 5304 concentum,
2933 5234 3026 5302 qui
3081 5231 3447 5301 ineffabilibus
3485 5232 3644 5286 sonis
3695 5229 3852 5300 upili-

2285 5341 2403 5382 cem
2433 5326 2743 5397 conclamat
2771 5324 3102 5386 exaudiaris,
3130 5333 3185 5377 et
3221 5338 3290 5378 ex
3324 5337 3509 5376 rerum
3542 5332 3850 5376 creatarum

2286 5418 2700 5493 magnitudine,
2747 5416 3196 5490 pulchritudine,
3253 5415 3524 5470 concinna
3580 5415 3853 5474 motione,

2286 5527 2514 5584 movens
2561 5512 2694 5583 illud
2749 5509 3033 5578 immobile
3058 5549 3075 5578 ,
3110 5519 3167 5564 et
3231 5509 3470 5579 primum
3503 5493 3505 5496 ⁴
3535 5515 3590 5560 et
3647 5503 3857 5575 ipsissi-

2285 5621 2434 5660 mutu
2491 5608 2695 5660 bonum
2742 5601 3060 5668 informari,
3100 5609 3156 5662 et
3211 5601 3278 5654 ad
3319 5599 3484 5668 cujus
3520 5596 3852 5665 exemplaris

2284 5697 2528 5776 primarii
2581 5695 2869 5766 imaginem
2911 5696 3048 5750 facta
3089 5692 3284 5768 fueris,
3307 5691 3624 5765 memoriam
3691 5701 3854 5742 reno-

2285 5792 2416 5862 tavi.
2442 5789 2610 5861 Atqui
2651 5791 2756 5844 hoc
2813 5787 3134 5858 praeclarius
3173 5784 3303 5854 quid
3341 5783 3510 5853 menti
3560 5781 3734 5852 possit
3764 5793 3860 5833 ae~

2283 5886 2499 5956 cidere,
2535 5897 2702 5957 quam
2756 5899 2822 5941 ex
2856 5882 2924 5941 iis
2953 5896 3073 5954 qua:
3103 5879 3241 5938 meis
3269 5877 3526 5940 sensibus
3584 5875 3855 5932 haurtun~
