4180 6308
423 383 531 448 985

1749 397 2325 466 PROSOPUPOt‘i/E.

3548 410 3658 477 986

426 508 539 595 "If.
603 497 782 595 neunt
832 501 1123 595 rfperire?
1193 503 1302 595 Nec
1359 507 1536 562 solum
1609 508 1687 564 ita
1753 526 1850 580 per
1909 528 1995 568 me
2023 518 2065 572 Α
2095 521 2356 595 subjectis
2394 521 2686 578 incudibus
2730 522 3170 591 obstrepentibus
3217 524 3526 582 fabricare:
3560 533 3655 580 ant

424 589 664 662 primum
717 591 784 644 ad
856 591 1022 645 Deum
1082 593 1368 661 ascendit,
1425 596 1520 652 sed
1573 599 1738 654 etiam
1790 615 1821 656 a
1880 601 1990 656 Deo

423 681 704 744 delabens,
742 697 809 737 eo
856 698 951 750 per
1009 701 1094 740 me
1127 701 1346 742 rursum
1384 689 1542 744 redit.
1575 689 1711 746 Nam
1762 707 1857 762 per
1906 708 1992 747 me

379 773 721 842 .pmnitendi
770 784 824 829 et
877 775 1091 830 veniam
1131 777 1455 848 impetrandi
1507 781 1684 836 locum
1740 782 1988 848 invenit;

427 862 474 919 si
511 863 656 923 enim
713 878 744 919 a
799 878 886 918 me
925 863 1200 934 disjuncta
1240 877 1294 920 ct
1334 876 1487 924 extra
1550 884 1750 941 corpus
1804 870 1991 936 fuerit,

426 969 495 1014 ne
553 954 821 1023 poenitere
874 955 1093 1024 quidem
1159 958 1367 1028 peccati
1422 960 1654 1028 primum
1703 962 1987 1029 potuerit,

427 1057 483 1102 ut
545 1061 718 1114 neque
792 1047 884 1116 qui
938 1047 1258 1105 deciderunt
1336 1053 1553 1121 angeli;
1634 1068 1780 1113 nunc
1851 1066 1981 1106 vero

424 1152 547 1191 mea
587 1139 896 1208 coniugatio
938 1138 1041 1194 hoc
1073 1157 1292 1210 quoque
1320 1141 1519 1197 bonum
1559 1144 1608 1198 ei
1649 1144 1839 1215 largita
1875 1151 1978 1199 est.

423 1228 670 1297 Quantas
716 1232 860 1288 enim
894 1240 947 1285 et
992 1243 1345 1302 quotcunque
1390 1235 1754 1304 turpitudines
1807 1251 1991 1308 asper-

425 1323 596 1387 serit,
636 1337 712 1378 (ξω
748 1322 883 1378 tneis
939 1323 1232 1380 sudoribus
1261 1325 1634 1396 eluuntur,et
1687 1329 1806 1388 nive
1862 1345 1989 1384 can-

425 1412 608 1474 didius
640 1413 1018 1470 clarificantur
1049 1433 1066 1480 ;
1100 1431 1226 1472 nam
1274 1431 1441 1486 supra
1492 1418 1713 1475 herbam
1770 1433 1987 1480 onmem

423 1500 782 1565 abiuentium,
819 1511 872 1554 et
919 1512 1114 1570 pratter
1151 1505 1373 1573 hyssOpi
1419 1507 1672 1574 quamvis
1713 1512 1988 1576 aspersio-

423 1605 550 1648 nem
601 1599 780 1646 exstat
833 1607 896 1646 ca
943 1609 1066 1663 quae
1116 1595 1310 1650 difﬂuit
1355 1611 1387 1652 e
1422 1599 1592 1663 meis,
1626 1608 1685 1652 ut
1738 1599 1854 1668 ipsa
1907 1601 1989 1654 di-

423 1684 604 1749 xerit,
643 1684 920 1754 speluncis
948 1723 963 1749 ,
1000 1696 1060 1739 ut
1088 1701 1222 1756 ego,
1261 1688 1506 1744 fontibus
1547 1690 1834 1760 pellucidis
1858 1730 1872 1754 ,
1907 1692 1987 1745 Ia-

422 1793 650 1848 cryma,
704 1777 916 1843 inedia,
973 1779 1124 1834 humi
1178 1780 1398 1837 cubitus
1451 1783 1766 1851 predurus,
1831 1782 1986 1838 ﬂexis

423 1870 652 1942 genibus
699 1869 1013 1938 deprecatio
1043 1909 1061 1933 ,
1098 1871 1154 1926 in
1183 1873 1438 1942 precibus
1473 1873 1649 1932 delira
1685 1875 1980 1930 irnmobili-
2022 1853 2060 1907 Β

425 1971 511 2018 ter
563 1969 990 2032 constanterque
1033 1962 1302 2030 intentio,
1334 1965 1570 2034 pectoris
1600 1968 1882 2034 percussio
1905 2008 1927 2032 ,_
1958 1982 1989 2021 e

425 2058 645 2122 pectore
693 2051 954 2120 prodiens
985 2052 1168 2120 gravis
1223 2051 1426 2117 fumus,
1466 2053 1749 2111 interioris
1776 2055 1989 2110 inﬂam-

425 2143 685 2197 mationis
724 2141 1009 2204 iudicium,
1042 2143 1258 2213 aliaque
1299 2160 1364 2199 ex
1395 2145 1597 2220 quibus
1637 2147 1990 2217 multipotens

424 2233 729 2308 pmnitendi
789 2234 1050 2289 miscetur
1101 2237 1582 2301 medicamentum.
1614 2237 1719 2293 Tot
1759 2255 1990 2294 numero

424 2322 698 2384 bonorum
750 2325 877 2379 novi
905 2327 1199 2384 recondere
1257 2329 1543 2386 thesauros
1589 2345 1710 2400 ego,
1742 2345 1806 2384 ex
1843 2345 1994 2384 ruen-

426 2415 497 2472 tis
550 2431 684 2478 mca:
733 2417 1010 2480 sententia
1072 2428 1472 2488 pertusum.et
1521 2420 1659 2475 nihil
1701 2421 1992 2480 continens

423 2507 652 2566 dolium.

496 2597 602 2653 Sed
635 2598 813 2668 inepte
841 2597 1089 2656 fortassis
1121 2611 1172 2656 et
1196 2608 1392 2671 prmter
1415 2601 1672 2661 decorum
1722 2601 1864 2673 apud
1895 2617 1993 2658 vos

425 2690 629 2761 quibus
697 2691 823 2748 talia
881 2692 1009 2750 trita
1061 2703 1225 2759 sunt,
1260 2693 1474 2764 singula
1531 2694 1760 2750 dicendo
1805 2711 1991 2766 perse—

424 2797 566 2854 quor
595 2799 612 2840 :
644 2783 834 2854 itaque
884 2784 1202 2840 summatim
1241 2792 1297 2840 et
1333 2785 1525 2855 paucis
1560 2787 1988 2850 ostendendum,

427 2876 574 2946 quod
614 2892 736 2946 quae
765 2876 899 2931 mihi
929 2891 963 2932 a
996 2888 1179 2932 mente
1209 2876 1345 2933 vitio
1379 2886 1689 2944 vertuntur,
1719 2894 1784 2933 ea
1811 2879 1993 2948 potius

427 2981 626 3042 passus
678 2967 782 3026 sim
836 2982 999 3042 quam
1033 2966 1258 3024 fecerim
1296 2984 1461 3039 ;qua:
1498 2979 1679 3025 autem
1723 2969 1865 3026 facio
1897 2985 1992 3024 na-

428 3070 554 3115 tura
581 3062 738 3125 duce,
769 3075 1002 3130 qumque
1032 3061 1266 3116 conlicio
1291 3061 1408 3117 haec
1444 3071 1593 3118 sunt.
1634 3061 1989 3137 Philosophia

2093 613 2322 696 gu’ttulis
2353 629 2383 666 a
2417 623 2562 668 terra
2591 614 2990 670 exsudantibus
3017 606 3257 671 collectis
3277 625 3464 686 stagna
3485 619 3656 673 conti.

2055 768 2057 782 4
2093 719 2218 758 cere
2240 743 2254 766 ,
2281 713 2372 757 aut
2415 713 2606 758 contra
2655 720 2829 761 saevos
2891 714 3082 761 ventos
3107 746 3123 768 ,
3153 706 3398 762 furentes
3456 707 3653 763 ﬂuctus

2092 796 2384 862 obluctari,
2416 813 2806 864 nonnunquam
2866 799 3029 851 etiam
3095 799 3149 850 in
3190 796 3518 865 profundum
3560 799 3656 852 de-

2092 902 2278 942 orsum
2330 901 2488 941 verso
2528 888 2739 955 capite,
2770 897 2966 942 natans
3025 894 3206 948 terer,
3262 896 3316 940 et
3349 887 3658 942 militariter

2091 976 2379 1045 disjectum
2430 986 2484 1030 et
2525 976 2756 1032 scissum
2813 977 3024 1032 ictibus
3073 977 3327 1030 omnibus
3376 978 3555 1041 obsto,
3585 993 3654 1031 ne

2091 1068 2265 1123 dicam
2305 1068 2372 1122 ad
2409 1082 2545 1136 quas
2581 1069 2914 1122 exercendas
2963 1076 3110 1122 artes
3162 1084 3328 1122 vanas
3373 1078 3430 1124 et
3462 1071 3661 1125 inanes

2090 1160 2140 1214 vi
2198 1169 2444 1216 coactum
2503 1159 2780 1224 instituor,
2814 1174 2936 1213 cum
2983 1160 3471 1229 praestigiator-ibus
3496 1177 3652 1217 exse-

2089 1251 2311 1307 crandis
2348 1251 2627 1320 subjicior,
2659 1252 2959 1318 doceorque
2988 1251 3172 1305 funem
3208 1255 3473 1308 extremis.
3501 1253 3649 1320 pedi-

2090 1343 2212 1396 bus
2241 1345 2506 1397 scandere
2551 1353 2606 1396 et
2661 1342 2977 1407 ambulare,
3012 1342 3266 1411 subjectis
3318 1345 3647 1413 pugionibus

2091 1433 2387 1502 tripudiare
2408 1472 2422 1496 ,
2459 1433 2635 1502 capite
2685 1434 2925 1488 demisso
2963 1433 3124 1489 salire
3146 1474 3160 1497 ,
3189 1433 3402 1502 lapillos
3435 1445 3488 1488 et
3517 1435 3650 1488 ferri

2088 1523 2389 1592 particulas
2445 1525 2750 1587 devorare;
2803 1533 2966 1593 atque
3030 1540 3211 1579 rerum
3241 1525 3312 1578 ita
3349 1525 3647 1582 difﬁcilium

2089 1627 2253 1682 atque
2306 1615 2721 1680 rniserabilium,
2749 1624 2804 1669 et
2855 1616 3060 1684 alioqui
3103 1630 3455 1684 Operosarum
3485 1631 3647 1684 quam

2090 1719 2201 1763 non
2257 1719 2286 1758 a
2335 1720 2502 1773 puero
2560 1706 3008 1760 exercitationem
3059 1706 3652 1776 conlicio?\’igeutem

2089 1795 2365 1865 attingens
2428 1806 2643 1850 aetatem
2717 1811 2803 1850 me
2868 1797 3118 1864 pertinax
3169 1806 3222 1852 et
3301 1797 3652 1853 ambitiosum

2093 1897 2288 1960 pra-sto
2316 1903 2332 1953 ;
2364 1905 2483 1948 eam
2524 1889 2798 1944 excedens
2838 1883 3076 1955 aetatem,
3119 1890 3286 1944 nihilo
3338 1890 3531 1943 minori
3564 1905 3656 1945 co.-

2093 1991 2225 2036 natu
2273 1981 2533 2045 elabora;
2571 1980 2984 2035 corroboraturn
3025 1990 3081 2036 et
3124 1996 3437 2044 senescens,
3499 1981 3656 2034 addi.-

2093 2085 2250 2126 scere
2283 2087 2393 2125 non
2425 2085 2580 2126 cesso
2619 2071 2779 2126 etiam
2814 2072 2957 2143 quod
3010 2073 3319 2140 exc0gitatu
3355 2073 3665 2141 sapientius

2091 2163 2337 2230 sitquam
2360 2176 2480 2231 quae
2498 2161 2728 2231 juvenes
2746 2163 3046 2218 moliuntur
3067 2175 3152 2226 ;et
3172 2172 3232 2216 ut
3255 2163 3308 2216 in
3333 2162 3650 2216 universum

2093 2253 2295 2314 dicam,
2333 2252 2470 2306 nihil
2499 2258 2583 2306 est
2614 2251 2762 2322 quod
2823 2262 2941 2308 arte
2997 2254 3200 2321 parari,
3233 2253 3378 2321 quod
3408 2254 3661 2308 doctrina-

2094 2341 2232 2398 tradi
2278 2342 2580 2422 possit,_ad
2636 2343 2782 2412 quod
2830 2358 2936 2397 non
2985 2343 3266 2407 adducar,
3299 2345 3434 2396 nihil
3465 2343 3660 2408 factis,

2093 2437 2232 2492 nihil
2295 2437 2456 2492 dictis
2519 2439 2687 2492 menti
2742 2437 2944 2493 volenti
2998 2453 3328 2508 repugnans.
3369 2447 3427 2492 ut
3482 2454 3660 2508 neque

2093 2532 2453 2588 animantium
2485 2532 2852 2602 subjugalium
2892 2543 2946 2589 et
2994 2533 3414 2587 inanimatorum
3448 2531 3658 2585 instru-

2094 2633 2404 2682 mentorum
2443 2622 2940 2690 obsequentissima
2995 2638 3242 2692 qumque.
3276 2622 3355 2675 An
3395 2622 3557 2676 etiam
3590 2619 3656 2673 ad

2093 2715 2343 2769 obeunda
2411 2713 2623 2769 virtutis
2678 2714 2887 2775 munia,
2939 2713 3047 2766 illis
3097 2713 3255 2782 longe
3302 2712 3654 2784 jucundiora,

2095 2806 2297 2872 facilia,
2328 2816 2536 2861 naturae
2585 2804 2962 2872 congruentia,
2997 2805 3242 2874 ineptum
3294 2811 3348 2856 et
3399 2804 3659 2856 adversa-

2097 2898 2261 2963 rium,
2293 2907 2354 2964 et,
2405 2895 2572 2951 veluti
2641 2909 2972 2965 repugnans,
3007 2895 3354 2957 seditiosum,
3387 2891 3660 2947 hostiliter

2092 3002 2216 3044 sum
2266 2985 2569 3040 affectum?
2612 2987 2682 3039 At
2723 2985 2775 3040 id
2837 2984 2933 3042 tibi
2966 2984 3166 3041 dicenti
3212 2998 3319 3038 non
3375 2983 3659 3037 crederent

2093 3077 2291 3149 egregii
2329 3077 2562 3131 victores
2595 3076 2671 3130 illi
2702 3085 2970 3148 martyres
2993 3086 3044 3130 et
3074 3076 3129 3130 hi
3152 3075 3364 3144 iudices
3394 3074 3655 3129 virtutum

429 3151 581 3205 cnim
619 3167 712 3220 per
752 3165 915 3222 quam
975 3153 1041 3207 ad
1078 3151 1246 3208 Deum
1294 3153 1628 3218 attollimur,
1653 3153 1706 3208 in
1741 3162 1986 3211 contem-

2097 3171 2334 3225 cultores
2358 3207 2374 3232 ,
2405 3169 2496 3237 qui
2535 3184 2824 3239 corporum
2867 3169 3258 3223 certaminibus
3313 3168 3665 3237 incorporeo-

428 3239 723 3310 plationem
758 3250 812 3295 et
853 3240 1124 3296 actionem
1187 3250 1371 3307 secta,
1409 3242 1681 3312 siquidem
1736 3251 1984 3296 conteru-

427 3331 714 3405 platricem
767 3345 830 3386 ea
877 3331 1043 3387 vitam
1079 3331 1464 3401 amplexetur,
1493 3348 1590 3402 per
1642 3347 1729 3387 me
1770 3340 1985 3386 naturae

429 3436 596 3494 opera
656 3421 916 3491 perspicit
933 3461 955 3488 ,
985 3431 1041 3478 et
1071 3436 1170 3491 per
1225 3421 1633 3490 disciplinarum
1682 3433 1876 3493 pontes
1921 3422 1989 3477 ad

427 3527 522 3571 eas
554 3526 642 3566 res
674 3527 794 3584 quae
824 3512 1034 3568 ratione
1084 3510 1459 3584 intelliguntur
1483 3515 1876 3570 transmittitur
1895 3556 1914 3580 ,,
1937 3525 1994 3570 et

429 3614 731 3680 postremo,
762 3604 907 3674 quod
939 3605 1126 3672 aiunt,
1152 3604 1220 3662 ad
1265 3605 1440 3673 ipsum
1494 3605 1776 3677 theologia:
1825 3606 1990 3661 limen

428 3696 666 3752 volando
703 3695 1092 3766 conquiescit:
1121 3695 1204 3752 sin
1246 3711 1356 3764 prae
1401 3697 1803 3767 contemplandi
1856 3713 1993 3764 ροη-

431 3790 612 3854 tibus,
645 3788 836 3860 agendi
882 3788 1084 3842 scalam
1142 3787 1293 3842 malit
1314 3829 1332 3854 ,
1368 3788 1455 3843 hic
1487 3790 1649 3847 etiam
1703 3790 1877 3861 magis
1907 3806 1995 3845 me

432 3880 714 3936 laboribus
790 3877 1027 3948 propriis
1081 3876 1392 3944 aediﬁcans,
1450 3891 1644 3932 omnes
1714 3879 1990 3933 actionum

432 3973 630 4041 gradus
665 3962 895 4024 invenit.
924 3967 1132 4035 Dicam,
1164 3967 1311 4039 quod
1359 3967 1614 4023 omnibus
1647 3969 1876 4031 eminet,
1895 3984 1992 4039 per

434 4079 521 4117 me
562 4063 629 4116 ab
663 4060 870 4132 angelis
919 4059 1198 4130 paululum
1242 4060 1550 4115 ditniuutus
1609 4060 1812 4126 homo,
1855 4062 1996 4115 mul-

436 4165 549 4210 tum
595 4168 758 4223 supra
786 4153 1009 4223 angelos
1043 4153 1266 4209 excellit
1299 4152 1460 4223 (quis
1498 4153 1645 4207 enim
1677 4153 1992 4224 angelorum

433 4247 609 4313 possit
641 4260 759 4316 qua:
799 4243 946 4300 Deus
995 4259 1193 4314 passus
1231 4254 1351 4309 est,
1379 4255 1435 4298 et
1473 4253 1530 4299 ut
1559 4245 1726 4299 homo
1761 4255 1992 4300 mortem

435 4337 643 4393 imitari
693 4338 918 4408 potuit?
945 4338 964 4406 )
995 4352 1088 4407 per
1141 4351 1230 4392 me
1279 4339 1466 4406 utique
1495 4353 1718 4402 caesum,
1757 4345 1958 4392 tortum
1979 4375 1994 4400 ,

432 4427 695 4483 laniatum
721 4469 737 4495 ,
769 4436 824 4483 et
851 4437 1129 4498 postremo
1181 4429 1342 4483 morti
1391 4429 1687 4494 traditum,
1716 4439 1772 4482 et
1807 4426 1996 4482 divino

431 4521 649 4590 corpori
706 4517 1016 4575 Servatoris
1055 4519 1461 4574 conformatum
1497 4521 1595 4578 :in
1624 4535 1734 4588 quo
1785 4528 1840 4574 et
1867 4534 1995 4588 pec-

431 4619 613 4667 catum
662 4609 1064 4675 condemnavit,
1098 4610 1238 4664 utin
1261 4609 1420 4666 nobis
1465 4610 1558 4664 Dei
1586 4609 1798 4682 j‘nstitia
1845 4625 1994 4664 com-

434 4703 692 4773 pleretur.
719 4701 988 4768 Quoniam
1023 4712 1203 4758 autem
1238 4709 1294 4760 et.
1347 4716 1502 4756 mens
1551 4701 1871 4757 sciscitatur
1925 4717 1997 4759 ex

437 4811 556 4861 me,
595 4794 816 4864 quando
880 4809 1097 4865 quaque
1147 4803 1308 4851 atate
1358 4794 1462 4850 sibi
1514 4794 1822 4865 subjectum
1872 4808 1996 4849 esse

437 4887 666 4958 possim,
694 4901 794 4957 ego
831 4886 968 4942 nihil
1028 4893 1345 4941 cunctatum
1393 4889 1468 4940 ita
1520 4885 1840 4957 simpliciter
1903 4900 1999 4942 re-

440 4983 722 5052 spondebo
754 5001 769 5039 z
800 4981 1097 5052 Ecquando
1136 4995 1242 5037 non
1278 4995 1499 5050 possum
1521 5021 1536 5045 ,
1571 4997 1789 5052 quaque
1840 4989 1999 5037 aetate

432 5089 557 5130 sum
613 5073 999 5143 inobsequens,
1032 5073 1146 5142 ipsa
1180 5071 1298 5127 sive
1344 5072 1546 5127 bonum
1572 5111 1588 5137 ,
1621 5073 1736 5128 sive
1769 5087 2001 5143 pravum

434 5160 528 5226 sit,
556 5175 644 5214 me
690 5159 943 5215 ducendo
1003 5169 1159 5215 vocet
1189 5160 1295 5216 ?ut
1332 5175 1400 5216 ex
1451 5161 1662 5224 artibus
1712 5163 1999 5233 perspicue

433 5251 628 5319 liquet.
658 5251 888 5308 Nactum
924 5251 1229 5307 litterarum
1276 5249 1576 5316 studiosam
1631 5262 1686 5308 et
1717 5262 1999 5308 amantem.

441 5343 748 5398 honestatis
795 5352 1063 5418 mentem,
1092 5346 1415 5416 paedagogos
1456 5360 1659 5416 sequor
1681 5383 1696 5410 ,
1727 5346 2002 5417 magistris

441 5449 608 5504 pareo
634 5471 650 5495 ,
691 5435 745 5489 in
813 5435 1018 5492 scholis
1069 5447 1125 5492 et
1167 5437 1457 5502 auditoriis
1519 5437 1737 5492 assideo
1766 5475 1792 5505 ,,
1827 5449 1882 5491 et
1932 5439 2011 5494 de.

439 5519 767 5582 liberalibus
785 5524 1099 5594 disciplinis
1125 5535 1180 5582 et
1208 5525 1475 5590 doctrinis
1508 5527 1638 5596 quid
1671 5527 1998 5583 inculcatum

441 5627 552 5667 non
602 5613 888 5683 exprime?
918 5615 1132 5671 Rursus
1163 5632 1281 5675 sum
1321 5632 1422 5689 ego
1458 5629 1689 5672 mentem
1742 5633 2009 5680 exercens

441 5703 526 5758 dis
561 5705 773 5759 artibus
828 5706 1185 5764 illiberalihus
1231 5718 1412 5778 aptam
1443 5709 1745 5774 sortitum?
1787 5709 2000 5764 Doceor

443 5797 639 5869 iterum
675 5797 963 5871 aediﬁcare,
992 5809 1087 5856 aut
1117 5800 1384 5874 lapidibus
1439 5809 1672 5872 struere,
1709 5810 1805 5859 aut
1850 5815 1998 5860 stans

2099 3271 2219 3310 rum
2279 3264 2506 3309 naturas
2567 3267 2918 3325 exsuperant.
2957 3255 3157 3310 Verum
3209 3266 3421 3325 tempus
3467 3267 3571 3322 est,
3603 3265 3664 3310 ut

2097 3362 2284 3404 eorum
2321 3361 2443 3414 quae
2475 3346 2713 3400 diximus
2756 3361 2967 3399 summa
3013 3347 3193 3416 capita
3244 3363 3660 3417 recenseamus,

2099 3447 2154 3492 et
2193 3436 2586 3507 Opportuniora
2613 3440 3148 3508 congruentioraque
3186 3453 3591 3508 percurramus.

2169 3530 2488 3585 Accusatrix
2526 3543 2644 3583 mea
2701 3543 2856 3583 mens
2909 3531 3158 3585 convicta
3208 3540 3314 3596 cst,
3357 3530 3496 3584 nihil
3543 3532 3664 3586 sani

2098 3622 2234 3677 vitio
2266 3633 2501 3684 vertere,
2537 3621 2632 3676 sed
2669 3619 2870 3677 frustra
2918 3623 3204 3691 insurgere
3256 3624 3412 3688 mihi,
3447 3632 3500 3678 et
3543 3639 3668 3692 quae

2100 3714 2375 3782 inculpata
2433 3722 2562 3777 sunt
2621 3713 2927 3777 accusandi
2969 3713 3150 3768 studio
3196 3722 3250 3769 et
3302 3716 3664 3782 Calumniose,

2102 3821 2334 3878 quaeque
2365 3804 2497 3858 mihi
2535 3803 2928 3874 permittuntur
2953 3818 2981 3857 a
3034 3814 3251 3871 natura,
3280 3804 3518 3874 culpare.
3560 3806 3669 3861 De-

2103 3891 2357 3951 fensione
2413 3907 2533 3948 mea
2591 3891 3212 3963 comprobaviLnuIIam‘
3270 3904 3366 3948 aut
3408 3894 3666 3964 injuriam

2101 3993 2196 4039 aut
2226 3985 2612 4040 contumeliam
2639 3999 2725 4040 me
2766 3986 3001 4039 dominae
3031 3983 3316 4052 famulum,
3336 3986 3667 4055 imperatrici

2103 4076 2434 4147 obsequens,
2467 4075 2892 4129 instrumentum
2933 4075 2982 4129 ei
3038 4090 3158 4144 quae
3188 4091 3288 4130 suo
3327 4092 3413 4130 me
3439 4079 3670 4133 arhitrio

2103 4173 2311 4229 utatur,
2373 4164 2578 4218 inferre
2620 4165 2905 4232 potuisse:
2955 4165 3047 4218 sed
3106 4164 3276 4231 ipsam
3333 4166 3516 4233 potius
3565 4183 3665 4221 sua

2104 4254 2354 4311 socordia
2392 4261 2814 4323 torpescentem,
2850 4261 2904 4307 et
2944 4252 3314 4310 imbecillitate
3343 4256 3663 4312 mollescen-

2106 4359 2238 4412 tem,
2267 4347 2464 4402 malam
2493 4345 2721 4400 evadere
2754 4361 2769 4409 ;
2800 4353 2856 4402 et
2879 4361 3002 4400 cum
3037 4347 3371 4414 oportuisset
3403 4347 3668 4418 integere,

2106 4439 2249 4492 hanc
2277 4437 2441 4492 etiam
2478 4449 2666 4504 pmnas
2709 4434 2944 4504 exigere.
2981 4431 3028 4488 Ο
3058 4435 3437 4490 calamitosum
3481 4448 3533 4491 et
3563 4440 3666 4491 illi-

2027 4533 2072 4589 1)
2109 4543 2293 4584 serum
2335 4542 2422 4582 me
2451 4528 2464 4580 !
2495 4525 2627 4592 Quis
2669 4535 2872 4596 parcet,
2933 4526 3057 4595 quis
3113 4526 3480 4594 miserebitur,
3541 4545 3665 4581 cum

2110 4625 2276 4680 etiam
2328 4631 2562 4693 cognata
2622 4638 2776 4677 mens
2830 4631 2885 4676 et
2945 4638 3154 4677 mecum
3221 4623 3511 4692 conjugala
3561 4641 3668 4678 non

2107 4716 2418 4779 miseretur,
2454 4728 2631 4782 neque
2665 4713 2800 4767 meis
2852 4711 3294 4771 aﬂlictationibus
3340 4713 3536 4767 referta
3580 4729 3669 4769 sa-

2109 4807 2274 4860 tietur
2299 4805 2323 4858 ἲ
2350 4804 2442 4859 sed
2472 4811 2667 4872 praeter
2702 4817 2764 4856 ea
2800 4817 2922 4871 quae
2963 4816 3108 4855 nunc
3137 4802 3313 4871 patior
3333 4845 3346 4868 ,
3380 4813 3435 4858 et
3458 4804 3509 4856 in
3566 4821 3667 4873 po-

2106 4904 2310 4951 sterum
2342 4893 2518 4964 patiar
2563 4894 2681 4962 ejus
2708 4907 2871 4962 opera
2892 4934 2908 4958 ,
2937 4891 3163 4962 insuper
3197 4894 3344 4946 aliud
3378 4898 3667 4953 recentius

2105 4987 2408 5056 excogitat,
2460 4985 2878 5054 inquisitiones,
2922 4983 3043 5040 lites
3101 4993 3156 5038 et
3217 4987 3599 5044 contentiones
3648 5008 3668 5058 ;

2105 5077 2424 5143 tribunalia,
2455 5077 2604 5132 diros
2627 5085 2881 5141 tortores,
2903 5076 3061 5146 quasi
3096 5091 3202 5129 non
3245 5092 3306 5131 ea
3345 5094 3466 5146 qum
3500 5081 3666 5136 mise-

2109 5183 2230 5223 rum
2252 5168 2430 5238 patior
2451 5167 2565 5238 ipsa
2588 5175 2847 5236 peccante
2864 5165 3156 5221 suﬁiciant.
3184 5167 3273 5221 Dei
3298 5169 3667 5237 aequalitatem

2107 5260 2350 5316 fastuosa
2383 5258 2714 5329 concupivit,
2743 5266 2797 5312 et
2825 5257 3008 5312 statim
3045 5273 3144 5328 ego
3180 5261 3510 5315 mortalitate
3541 5278 3665 5316 sum

2109 5353 2489 5419 interceptum,
2524 5359 2578 5404 et
2609 5350 2675 5403 ad
2699 5348 2976 5418 pulverem
3009 5359 3235 5404 matrem
3268 5366 3616 5406 reversurum
3648 5371 3662 5406 :

2108 5458 2177 5504 ne
2216 5457 2337 5509 quae
2367 5439 2558 5495 medim
2591 5438 2961 5492 interveniunt
2992 5439 3334 5495 calamitates
3365 5447 3418 5494 et
3469 5441 3668 5494 obsce-

2110 5535 2307 5587 nitates
2345 5545 2662 5596 memorent,
2695 5530 3021 5594 nuditatem,
3068 5531 3300 5585 ficulnea
3337 5530 3668 5594 velamenta,

2107 5635 2166 5680 et
2201 5623 2451 5682 coriacea
2496 5621 2838 5688 indumenta,
2873 5623 3245 5677 aculeatarum
3304 5622 3585 5690 spinarum
3615 5631 3670 5677 et

2111 5712 2434 5767 tribulorum
2479 5711 2648 5766 acies.
2693 5709 2896 5767 invidia
2950 5727 3144 5766 rursus
3208 5711 3585 5782 conﬂagravit,
3615 5723 3670 5768 ct

2108 5803 2242 5860 mihi
2277 5801 2402 5858 tabe
2437 5801 2766 5872 liquefactus
2843 5803 3023 5858 vultus
3089 5802 3370 5860 concidit:
3403 5803 3494 5860 ubi
3539 5817 3682 5860 vero
