4180 6308
624 321 729 385 987

1854 328 2241 391 GllEGORII
2284 332 2607 419 natans

3734 345 3828 411 988

626 437 849 492 franem
897 454 1061 491 exosa
1126 435 1346 492 fratrem
1415 452 1501 496 est
1538 457 1673 497 ausa
1740 446 2038 512 trucidare,
2087 448 2604 517 egoAinbumanis
2662 448 3032 510 diemenibus,
3088 463 3360 516 exponor.
3424 449 3630 503 Mecum
3704 451 3831 507 hanc

624 532 803 586 statim
830 532 1117 585 tremulum
1155 541 1208 587 et
1229 534 1629 599 queribundum
1648 550 1713 592 ac
1742 537 2000 606 imposito
2025 538 2185 610 signo

622 631 959 676 notatnm'et
1002 624 1311 678 convictum
1353 625 1607 693 vagabar.
1641 628 1875 698 lmpegit
1929 645 2084 685 mens
2123 630 2178 685 in

622 715 1043 781 legislationem.
1070 719 1152 772 vel
1182 718 1543 786 prepbetiam,
1564 719 1661 774 'vel
1690 722 1983 775 sacerdotii
2007 723 2185 793 digni-

623 817 815 870 tatem,
864 822 917 862 et
973 810 1104 863 mihi
1160 811 1554 865 maledicentia:
1624 813 1888 882 supplicia
1955 815 2185 870 firmiter

617 903 961 968 inhibentur,
997 919 1059 958 ac
1087 903 1266 957 statim
1299 906 1571 974 leprosum
1596 907 1822 961 ellicior.
1852 905 1970 977 lpsa
1993 908 2184 977 angelo

625 994 803 1049 l'austa
852 994 1123 1048 nuntianti
1185 996 1481 1061 dillidit,et
1541 1013 1661 1053 mea
1723 999 1904 1069 lingua
1968 999 2186 1054 silentio

624 1086 1006 1153 eompeditnr;
1038 1085 1153 1139 haec
1189 1097 1310 1141 astu
1367 1086 1582 1143 fetninaa
1619 1089 1773 1143 malm
1826 1090 2050 1159 decepta
2080 1098 2181 1157 est,

622 1186 678 1231 et
742 1191 843 1244 ego
897 1192 1165 1243 exetecor,
1216 1186 1271 1232 et
1325 1178 1380 1232 in
1431 1179 1721 1249 pistrinum
1783 1181 2068 1236 detrudor.
2122 1179 2182 1236 In

620 1283 793 1337 pauca
853 1269 1022 1323 multa
1090 1270 1584 1333 contraham:aut
1633 1287 1754 1328 sum
1810 1287 1933 1327 eum
2001 1281 2184 1327 mente

619 1360 928 1429 colligatum
954 1360 1144 1414 humili
1177 1376 1239 1414 ac
1272 1362 1543 1421 illiberali.
1572 1372 1626 1418 et
1656 1372 1813 1418 nocte
1841 1364 2037 1431 dieque
2064 1378 2187 1419 sus-

621 1450 768 1506 tineo
830 1452 1123 1507 continuos
1178 1452 1416 1518 labores,
1454 1454 1520 1509 ad
1571 1446 1943 1523 quotidianum
1999 1455 2181 1509 cibum

621 1555 858 1609 Cumque
888 1557 1111 1610 parcum
1163 1552 1218 1597 et
1272 1553 1512 1610 tenuem,
1556 1546 1622 1597 ad
1677 1544 1895 1609 benam,
1927 1543 2009 1597 vel
2054 1544 2183 1598 sub-

621 1633 868 1688 strictam
896 1634 1187 1703 quamdam
1217 1643 1273 1689 et
1296 1635 1513 1689 brevem
1538 1635 1801 1702 tunicam,
1829 1634 1915 1688 vel
1938 1633 2183 1705 tegendis

620 1724 865 1777 humeris
898 1725 1151 1792 penulam
1192 1726 1617 1793 comparandam
1654 1734 1795 1779 :aut
1836 1742 1960 1780 cum
2012 1725 2181 1779 vitam

2287 539 2546 595 vitiorum
2573 540 2892 610 tragmdiam
2932 548 3052 608 agat
3088 540 3173 593 ille.
3206 540 3586 601 vocalissimus
3614 540 3830 611 Aposto-

2285 631 2394 694 lus,
2430 646 2570 700 quze,
2609 641 2791 686 mente
2819 646 3012 684 omnes
3053 631 3293 688 babenas
3347 641 3400 685 et
3427 631 3579 686 frena
3610 632 3832 698 laxante,

2287 724 2343 779 in
2381 737 2465 777 me
2516 721 2792 792 peccando
2839 722 3127 776 conferunt
3180 732 3507 779 scortatores
3559 724 3831 788 immanes.

2285 820 2339 868 et
2373 821 2642 882 quotquot
2678 823 2867 866 contra
2900 812 3171 867 naturales
3205 829 3335 867 usus
3367 815 3759 876 accenduntur,
3787 823 3835 867 ut

2285 919 2375 960 me
2430 904 2729 973 ignominia
2786 910 2977 959 notent
3036 903 3290 958 insolenti
3343 921 3357 957 :
3414 919 3630 973 quoque
3686 905 3835 956 nio-lo

2285 994 2517 1064 pessime
2534 994 2939 1062 corrumpendi,
2960 1009 3043 1057 me
3068 994 3326 1063 templum
3350 992 3441 1047 Dei
3467 1005 3835 1064 corrumpunt,

2287 1099 2514 1155 meaque
2553 1084 2795 1138 membra
2827 1098 2946 1153 qua:
2974 1091 3102 1137 sunt
3158 1082 3363 1138 Christi
3395 1083 3662 1147 membra,
3694 1099 3838 1138 sror.

2286 1187 2466 1231 torum
2527 1175 2769 1230 membra
2809 1174 3036 1230 faciunt.
3073 1175 3343 1229 Caeterum
3399 1190 3506 1228 non
3540 1174 3627 1228 bis
3695 1191 3840 1229 mrus

2287 1270 2558 1323 nullorum
2601 1284 2706 1324 non
2759 1270 3022 1324 malorum
3069 1283 3277 1324 memor
3327 1275 3580 1323 contenta
3622 1276 3728 1333 est,
3759 1268 3839 1319 sed

2285 1374 2383 1414 vos
2411 1348 2663 1430 supplex.
2688 1370 2839 1430 rogat
2866 1370 2920 1413 et
2964 1361 3286 1421 obtestatur,
3321 1370 3381 1412 ut
3422 1358 3523 1437 sibi
3574 1358 3840 1412 licentiam

2285 1451 2424 1506 dctis
2476 1453 2660 1507 utendi
2722 1467 2809 1506 me
2862 1467 2965 1506 suo
3016 1452 3277 1518 arbitrio,
3327 1449 3654 1521 torquendi,
3714 1448 3843 1503 fame

2288 1543 2534 1609 necandi,
2569 1543 2621 1596 in
2650 1543 2876 1598 exitium
2911 1541 3127 1599 Satanae
3178 1542 3449 1597 tradendi.
3479 1540 3667 1595 Nescit
3710 1541 3841 1594 enim

2286 1634 2525 1701 Sapiens,
2560 1649 2620 1688 se
2655 1635 2812 1704 plane
2841 1633 3201 1705 desipientem
3255 1632 3311 1686 in
3340 1650 3405 1688 ea
3458 1632 3704 1687 incidere
3736 1647 3845 1701 qua:

2287 1733 2412 1779 sunt
2475 1725 2528 1778 in
2587 1725 3185 1794 proverbio:Capram
3252 1724 3394 1779 terre
3451 1738 3562 1777 non
3604 1737 3843 1791 possum,

618 1817 1003 1885 voluptuosam
1067 1817 1453 1886 amplexante,
1506 1825 1560 1869 et
1605 1817 1777 1869 multo
1820 1815 2186 1871 deterioribus
2217 1818 2259 1874 Î’
2289 1816 2421 1870 mihi
2450 1816 2641 1871 bovem
2673 1817 2956 1887 imponite.
3008 1816 3143 1872 Nam
3195 1817 3240 1872 si
3290 1830 3409 1886 qum
3459 1815 3514 1869 in
3579 1816 3739 1870 nobis
3786 1831 3842 1870 ex

622 1907 779 1962 malis
820 1907 1050 1977 amigor,
1080 1908 1208 1961 dum
1244 1908 1476 1978 singulis
1509 1908 1659 1962 horis
1703 1907 2107 1977 inexplebiliter
2129 1908 2183 1961 in

618 2007 863 2052 ventrem
928 1996 1217 2061 inlercior,
1265 2006 1320 2051 et
1351 1998 1657 2053 immodicis
1705 1998 1874 2061 cibis,
1929 1998 2181 2068 potibus,

620 2086 788 2141 rebus
818 2085 1064 2140 venereis
1086 2086 1371 2140 distendor
1399 2093 1453 2140 et
1486 2102 1711 2155 rumpor
1740 2104 1756 2154 ;
1781 2085 2024 2156 hincque
2054 2096 2188 2156 quot

618 2176 930 2230 morborum
960 2176 1274 2247 agminibus
1305 2177 1558 2232 obluctor
1585 2178 1600 2230 l
1658 2178 1768 2231 Aut
1796 2178 1942 2232 enim
1980 2177 2046 2233 ad
2076 2178 2187 2233 lec-

617 2279 733 2323 tum
793 2269 1150 2333 decumbens,
1196 2281 1291 2324 aut
1351 2279 1410 2324 ut
1448 2270 1680 2325 attonita
1725 2270 1973 2339 quaedam
2027 2270 2184 2325 ruina

618 2360 935 2429 languesco,
964 2370 1059 2415 aut
1087 2361 1235 2416 febre
1282 2360 1640 2433 culliquesco,
1669 2376 1765 2416 aut
1796 2361 2183 2417 articularibus

617 2453 820 2505 morbis
852 2453 1046 2521 pedum
1084 2461 1141 2507 et
1188 2468 1451 2508 manuum
1491 2461 1791 2522 torqueor:
1825 2461 1939 2507 tum
1967 2461 2021 2506 et
2056 2467 2184 2507 car-

614 2544 868 2597 nilicibus
907 2544 1134 2600 medicis
1187 2545 1544 2600 mercenariis
1591 2544 1895 2599 curandum
1942 2545 2184 2599 medica-

617 2632 812 2687 mentis
827 2639 881 2686 et
897 2631 1241 2699 laniandum,
1261 2647 1656 2704 nonnunquam
1681 2632 1846 2688 etiam
1878 2633 2182 2689 tortoribus

2284 1906 2599 1965 inordinata
2635 1909 2867 1963 materia
2920 1909 3272 1980 aegritudines
3326 1908 3729 1971 adnascuntur,
3759 1923 3839 1963 eas

2283 2005 2345 2055 ut
2406 2000 2563 2055 decet
2616 1999 3006 2072 philosophum
3062 2016 3170 2056 non
3230 1999 3368 2067 l'ert,
3412 1999 3764 2070 indignatur,
3800 2010 3844 2073 et

2282 2092 2468 2161 gravia
2495 2106 2554 2149 se
2582 2092 2692 2163 pati
2750 2088 2973 2161 censet,
3016 2093 3148 2164 quid
3197 2108 3302 2147 non
3364 2100 3511 2147 esset
3563 2108 3762 2162 passa,
3806 2092 3845 2147 si

2284 2197 2500 2237 mecum
2538 2183 2616 2237 ira
2650 2184 2834 2239 divina
2885 2184 3225 2240 calamitates
3280 2184 3458 2238 illatas
3507 2168 3843 2254 acCepisset,

2283 2274 2336 2328 in
2372 2274 2515 2341 fastu
2562 2274 2748 2331 inï¬‚ata
2785 2276 3051 2347 superbit.
3115 2274 3314 2329 Verum
3370 2277 3484 2330 haec
3543 2290 3611 2329 ex
3672 2285 3847 2335 vestro

2281 2362 2589 2434 dependent
2618 2366 2871 2439 arbitrio,
2897 2376 2950 2422 et
2980 2364 3247 2437 quidquid
3271 2364 3443 2420 visum
3474 2364 3631 2418 vobis
3663 2362 3845 2425 luerit,

2279 2454 2335 2509 in
2391 2470 2457 2511 eo
2521 2465 2779 2527 tanquam
2842 2458 2897 2511 in
2966 2457 3151 2511 divina
3204 2457 3493 2520 sententia,
3564 2466 3676 2509 tum
3737 2471 3848 2525 qua

2278 2546 2548 2615 facienda,
2583 2556 2698 2603 tum
2730 2565 2852 2621 qua:
2870 2565 2976 2604 non
3008 2550 3254 2606 facienda
3278 2550 3387 2606 sint
3407 2547 3731 2609 deï¬niente,
3758 2562 3848 2603 nos

2284 2654 2506 2710 quoque
2539 2641 2974 2719 acquiescemns.

1761 2889 2140 2955 JUDICUM
2188 2891 2684 2960 SENTENTIA
2701 2944 2716 2957 .

685 3022 908 3079 Vestras
941 3017 1229 3089 utriusque
1259 3017 1501 3073 vicissim
1533 3031 1657 3072 cum
1699 3018 1979 3074 orationes
2008 3017 2171 3072 audi-

616 3117 875 3178 verimus,
910 3121 1085 3176 tuam,
1118 3127 1275 3167 mens
1311 3112 1547 3168 rationis
1566 3112 1864 3183 particeps,
1901 3112 2047 3183 quod
2079 3113 2177 3167 tibi

614 3210 893 3277 subditum
925 3217 1028 3273 est,
1062 3214 1121 3262 ut
1149 3206 1568 3277 intemperatum
1596 3214 1649 3261 et
1671 3205 1992 3261 inobediens
2018 3219 2180 3259 accu-

2288 3023 2592 3092 perantiam
2641 3039 2892 3090 accusas,
2928 3034 2986 3099 ut
3018 3039 3088 3079 ne
3122 3025 3352 3097 teipsam
3383 3020 3546 3093 quasi
3582 3035 3690 3077 non
3727 3019 3852 3076 insi-

2287 3117 2503 3186 pienter
2531 3118 2856 3184 modereris,
2883 3118 2977 3191 sed
3005 3119 3195 3183 divino
3222 3118 3320 3187 tibi
3354 3130 3578 3172 umncre
3620 3129 3849 3170 conces-

2288 3222 2410 3262 sum
2456 3207 2846 3265 administrent
2892 3218 3163 3279 perpetuo
3214 3208 3616 3281 criminareris,
3664 3207 3852 3275 culpas

613 3302 788 3361 santis
821 3320 837 3354 Ï‚
873 3312 1019 3357 tuam
1052 3315 1269 3364 rursus,
1294 3314 1423 3370 pars
1469 3298 1638 3355 animi
1690 3300 1906 3354 ratione
1962 3314 2178 3362 carens,
2211 3333 2254 3390 Î¿
2286 3299 2431 3369 quod
2465 3300 2660 3357 merito
2686 3300 3019 3369 culpandum
3050 3315 3160 3355 non
3189 3299 3392 3371 esuAu
3421 3314 3531 3355 non
3565 3298 3853 3366 imperator

616 3393 958 3461 defendentis
986 3401 1038 3447 te
1065 3391 1199 3447 nihil
1219 3390 1538 3462 delinquere
1561 3391 1849 3446 utanimus
1870 3389 2182 3461 intelligens

618 3496 821 3547 temere
869 3484 1240 3549 calumniatur
1285 3498 1300 3535 :
1361 3483 1518 3537 nobis
1553 3491 1736 3536 autem
1780 3482 1846 3537 de
1897 3481 2184 3548 utriusque

616 3577 963 3633 orationibus
994 3574 1221 3628 arbitria
1261 3571 1508 3629 facienda
1537 3580 1685 3637 sunt,
1705 3578 1760 3625 et
1792 3568 2183 3623 controversia:

615 3668 887 3732 sedandar,
908 3683 975 3721 ne
1002 3666 1202 3721 frustra
1235 3676 1478 3718 nosuam
1495 3672 1546 3717 et
1560 3660 1965 3732 contemplandi
1997 3659 2182 3715 studio

614 3760 855 3823 debitam
898 3757 1063 3817 vitam
1098 3754 1586 3824 interruperimus,
1624 3753 1713 3808 hic
1741 3753 2017 3819 sedentes,
2066 3751 2180 3821 jam

612 3851 849 3907 dicimus
879 3863 1000 3916 quae
1028 3861 1093 3901 ex
1124 3846 1301 3915 longis
1356 3845 1750 3916 experimentis
1795 3854 1850 3900 et
1902 3860 1931 3913 Î¾Î¹
1978 3843 2180 3901 divinis

612 3938 910 4009 Scripturis
948 3946 1203 3993 accurate
1229 3937 1548 4005 didicimus,
1600 3937 1754 4005 Hanc
1804 3937 1991 4008 itaque
2050 3952 2180 3993 sen-

609 4031 839 4086 tentiam
872 4029 1100 4087 ferimus
1129 4046 1143 4083 :
1176 4028 1235 4086 Si
1259 4033 1443 4086 carnis
1476 4044 1728 4097 sensum,
1754 4044 1786 4083 Î¿
1814 4044 1989 4091 mens,
2017 4043 2181 4093 accu-

610 4134 721 4181 ses,
749 4126 809 4172 ut
838 4118 1008 4187 rebus
1035 4116 1284 4172 honestis
1315 4131 1381 4181 ac
1433 4115 1621 4183 virtuti
1658 4115 2046 4172 consentaneis
2082 4116 2179 4175 ad.

609 4210 935 4275 versarium,
970 4220 1023 4265 et
1051 4208 1152 4265 tibi
1181 4208 1476 4273 obediendi
1505 4208 1791 4279 impotem,
1854 4206 2177 4277 imprudens

612 4304 666 4356 in
703 4301 1131 4357 Manichaeorum
1191 4300 1508 4369 opinionem
1540 4298 1848 4367 delaberis;
1902 4299 2179 4373 existima-

610 4401 741 4449 runt
768 4393 915 4449 enim
973 4390 1292 4448 exsecrandi
1356 4389 1458 4456 illi,
1490 4389 1892 4459 intelligentem
1926 4388 2174 4447 animum

610 4483 885 4554 opiï¬cium
916 4496 1037 4539 esse
1072 4481 1224 4546 boni,
1257 4480 1487 4536 rationis
1524 4487 1827 4547 expertem,
1883 4480 2012 4532 mali
2043 4496 2056 4533 :
2117 4488 2174 4534 et

607 4576 815 4633 idcirco
848 4589 1025 4646 neque
1045 4574 1299 4630 virtutem
1329 4587 1639 4642 capessere,
1660 4580 1754 4627 aut
1782 4582 1935 4643 grata
1974 4582 2028 4626 et
2060 4572 2175 4642 opi-

2285 3387 2499 3452 doctor,
2533 3387 2795 3458 magistetâ€˜
2824 3389 3205 3459 cujuscunque
3226 3387 3273 3459 is
3314 3385 3503 3448 fuerit,
3543 3384 3644 3454 ipsi
3688 3383 3853 3438 ratio-

2285 3491 2410 3532 nem
2440 3476 2696 3549 reddunt,
2724 3487 2779 3547 et
2810 3492 3001 3555 poenas
3027 3478 3185 3553 luunt
3228 3492 3421 3547 rerum
3465 3490 3607 3546 quae,
3641 3474 3742 3545 qui
3789 3472 3854 3527 ab

2284 3569 2421 3639 ipsis
2454 3570 2751 3637 ducuntur,
2786 3572 3179 3645 magistrorum
3212 3570 3424 3643 incuria
3455 3580 3626 3643 atque
3681 3566 3853 3638 negli-

2280 3663 2465 3733 gentia
2497 3664 2765 3732 peccant?
2785 3662 2841 3719 Id
2875 3679 2946 3721 ne
2976 3666 3253 3737 sapientes
3284 3663 3505 3735 quidem
3535 3669 3761 3719 exteros
3783 3662 3857 3719 la-

2284 3754 2389 3809 tuit
2414 3771 2429 3807 :
2454 3755 2724 3826 siquidem
2755 3756 3212 3827 philosophorum
3243 3755 3390 3826 apud
3423 3755 3552 3809 illos
3608 3752 3851 3823 quidam.

2282 3845 2689 3915 adolescentem
2722 3847 3084 3931 conspicatus
3115 3845 3493 3917 lascivientem
3537 3851 3594 3898 et
3627 3841 3859 3912 ï¬‚agitio-

2281 3953 2430 4009 sum,
2459 3938 2667 4007 nullnm
2699 3937 2755 3993 in
2774 3954 2900 4007 eum
2930 3937 3281 4011 maledictum
3298 3936 3562 4011 contulit,
3599 3936 3696 3990 sed
3753 3949 3852 4007 pa:-

2282 4032 2552 4101 dagogum
2586 4033 2884 4103 percussit,
2917 4031 3172 4103 inquiens
3199 4047 3215 4085 :
3258 4028 3405 4101 Quid
3438 4029 3586 4082 enim
3610 4028 3748 4082 talia
3767 4028 3856 4080 do-

2281 4120 2418 4176 ces?
2451 4121 2548 4175 Sin
2582 4128 2765 4175 autem
2798 4120 2977 4183 dicas,
3007 4133 3267 4193 magnum
3300 4116 3453 4171 illum
3492 4113 3757 4175 Paulum.
3806 4114 3856 4168 in

2278 4216 2526 4285 Epistula
2561 4230 2726 4285 quam
2759 4214 2825 4285 ad
2857 4212 3138 4285 Romaan
3178 4207 3424 4281 scripsit,
3480 4222 3702 4263 carnem
3767 4219 3852 4261 ac-

2280 4320 2496 4367 cusare,
2522 4304 2646 4359 audi
2680 4304 2813 4376 quid
2838 4305 2985 4373 velit,
3012 4314 3068 4360 et
3103 4303 3173 4358 ad
3203 4301 3355 4370 quid-
3393 4299 3511 4355 bazc
3559 4296 3851 4371 Apostolus

2281 4395 2560 4462 loquatur.
2591 4393 2880 4463 Namâ€˜ante
2905 4391 3122 4451 Domini
3154 4391 3455 4461 adventum
3482 4400 3542 4453 et
3572 4402 3725 4455 mors
3752 4393 3857 4439 ter-

2279 4480 2458 4537 ribilis
2489 4489 2631 4551 erat,
2668 4479 2952 4541 terribilis,
2989 4487 3045 4535 et
3064 4479 3257 4551 mortis
3279 4475 3577 4547 imperium
3614 4472 3853 4527 habens:

2278 4581 2567 4641 propterea
2593 4580 2645 4624 et
2674 4568 2814 4637 apud
2848 4568 3045 4624 Isaiam
3072 4569 3291 4623 aiebant
3327 4581 3341 4618 :
3385 4584 3403 4616 Ïƒ
3433 4561 3475 4617 F.
3496 4565 3673 4627 lamus
3697 4572 3752 4615 ct
3778 4559 3824 4613 bi

612 4669 736 4725 licio
761 4669 907 4724 bono
935 4667 1314 4729 convenientia
1342 4666 1548 4721 sentire
1578 4681 1758 4743 posse.
1792 4663 1886 4718 Sin
1912 4662 2026 4733 ipsa
2061 4664 2166 4720 boc
2200 4662 2242 4717 Î¹)
2271 4659 2486 4723 bamus,
2517 4673 2641 4714 cras
2664 4658 2812 4712 enim
2848 4657 3142 4725 moriemur
3173 4655 3216 4710 '.
3264 4671 3283 4704 Î¹

611 4770 722 4818 non
738 4762 841 4831 ais,
872 4761 964 4820 sed
995 4761 1251 4819 etii-euexit
1282 4767 1337 4833 et
1367 4759 1756 4828 obsequentem
1789 4757 1911 4831 ejus
1966 4756 2166 4823 intem-

689 4933 710 4966 â€™
742 4937 846 4992 lsa.
881 4953 1014 5004 ml,
1050 4936 1135 4991 15.
