4180 6308
401 346 513 409 989

426 492 789 506 ...ρ-*η-

1446 508 1701 520 #-

1492 345 1667 405 VITA
1711 345 1774 407 S.
1812 341 2045 403 PETRI
2083 341 2522 403 ΑἸΊΙΟΝῘΤᾸΞ.

1061 696 1522 848 VITA
1621 690 2299 848 SANCTI
2415 688 2986 845 PETRI

1533 1006 1971 1058 ANACHORETE
2012 1005 2080 1050 IN
2105 1002 2320 1049 MONTE
2337 1005 2505 1055 ATHO

762 1175 1307 1303 AUCTORE
1416 1169 2037 1267 conseruo
2109 1170 3257 1269 THESSALONICENSI.

1975 1391 2048 1421 τυῖ

1173 1538 1243 1601 C.
1284 1532 1701 1599 JANNINGI
1726 1526 2418 1594 COMMENTARIUS
2469 1527 2885 1597 I’RzEVIl/S.

1466 1699 1611 1763 (Asta
1631 1699 1728 1749 SS.
1756 1691 1983 1747 Eoum.
2005 1691 2164 1750 Junii,
2192 1699 2232 1745 t.
2254 1694 2320 1756 Il,
2341 1696 2425 1746 die
2466 1697 2569 1760 12.)

394 1844 429 1921 ς
464 1843 516 1899 1.
540 1839 930 1919 Cultus_sacer.
974 1834 1259 1921 i’ala’stra.
1294 1837 1445 1921 you:
1490 1808 1679 1921 Athos.
1730 1826 1961 1895 Tempus
1990 1819 2040 1880 A
2069 1826 2245 1921 minus
2267 1829 2414 1891 omni
2454 1843 2518 1883 cx
2555 1844 2710 1898 parte
2758 1831 2912 1889 nobis
2940 1834 3158 1903 probari
3191 1836 3324 1890 Acta
3373 1834 3642 1907 Onupbrii

735 1909 790 1963 in
814 1923 873 1961 eo
908 1916 1108 1961 actum.
1145 1903 1173 1959 1
1182 1915 1259 1959 ter
1292 1903 1610 1958 Romanum.

464 2026 517 2081 Ι.
548 2023 770 2096 Egimus
810 2022 914 2077 hoc
954 2020 1075 2091 ipso
1116 2019 1203 2075 die
1230 2018 1297 2077 12
1327 2018 1392 2072 de
1426 2023 1620 2081 sancto
1655 2010 1963 2081 Onuphrio,

399 2117 493 2186 qui
550 2117 603 2172 in
640 2116 877 2186 quadam
900 2112 1194 2169 solitudine
1239 2108 1458 2183 Egypti
1509 2110 1677 2163 vitam
1723 2105 1868 2165 solus
1906 2110 1959 2161 et

2066 1917 2331 1983 diximus,
2359 1919 2616 1991 pleraque
2637 1920 2726 1974 hic
2765 1937 2869 1976 non
2899 1922 3167 1979 obtinent.
3198 1922 3370 1981 Notus
3394 1938 3478 1981 est
3496 1928 3642 1993 enim

2070 2020 2267 2073 auctor
2296 2009 2434 2066 Vitae
2462 2009 2633 2079 Petri,
2668 2014 2755 2069 vir
2787 2014 3034 2073 eruditus
3061 2025 3226 2085 atque
3272 2019 3647 2088 archiepisco—

2066 2116 2189 2179 pus,
2224 2103 2313 2169 qui
2349 2112 2404 2157 et
2436 2104 2595 2161 aliam
2635 2107 2761 2167 olim
2799 2105 3061 2174 scriptam
3095 2109 3271 2173 Vitam
3298 2120 3534 2171 testatur
3583 2127 3646 2177 se

391 2212 609 2281 ignotus
649 2206 901 2263 omnibus
947 2203 1250 2267 diutissime
1298 2199 1604 2273 protraxit,
1646 2197 1809 2265 paulo
1841 2202 1968 2249 ante
2054 2193 2267 2249 widisse
2306 2204 2361 2250 et
2404 2196 2705 2253 habuisse:
2762 2207 2926 2263 notus
2984 2203 3140 2259 locus
3200 2205 3633 2273 anachoreseos,

391 2311 622 2367 mortem
668 2314 698 2350 ι
741 2313 846 2352 non
887 2296 1104 2351 nemine
1131 2293 1388 2348 divinitus
1436 2293 1711 2351 inventus,
1765 2296 1968 2355 etpost

392 2398 620 2446 mortem
653 2389 920 2458 sepultus,
951 2401 1076 2442 cum
1116 2385 1385 2440 inventori
1422 2398 1523 2438 suo
1552 2382 1749 2437 seriem
1780 2395 1963 2447 rerum

392 2499 423 2539 a
456 2497 517 2539 se
549 2492 822 2553 gestarum
856 2491 1012 2535 antea
1038 2477 1334 2543 retulisset.
1354 2473 1615 2557 Typicum
1653 2472 1839 2528 Sancti
1867 2472 1968 2543 sa-

394 2578 499 2644 liat,
534 2575 777 2632 Venetils
800 2590 944 2632 anno
977 2572 1120 2629 1602
1152 2573 1503 2642 impressum,
1533 2568 1818 2637 Onuphrio
1840 2583 1969 2627 con-

386 2670 574 2743 iungit
623 2670 811 2727 eodem
867 2667 955 2723 die
1016 2665 1362 2739 (crediderim
1414 2664 1484 2718 ob
1551 2658 1965 2719 similitudinem

392 2760 818 2828 anachoreseos)
841 2757 1087 2824 Petrum,
1115 2772 1143 2809 a
1175 2765 1359 2811 monte
1386 2753 1553 2819 Atho,
1579 2765 1737 2822 quem
1772 2749 1971 2819 longis-

389 2854 533 2910 simo
553 2851 776 2907 incoluit
810 2859 1076 2921 tempore,
1094 2847 1407 2903 Athonitam
1444 2844 1773 2915 appellatum
1800 2862 1815 2899 :
1841 2857 1971 2911 con-

385 2945 569 3018 junxit
600 2953 777 2999 autem
806 2950 1099 3015 utrumque
1130 2942 1218 2997 his
1256 2941 1438 2996 verbis
1466 2956 1482 2993 :
1515 2939 1609 3002 Εἰς
1634 2935 1733 3000 τὰς
1775 2933 1844 3005 ιβ’
1872 2932 1966 2985 τοῦ

388 3037 543 3091 ὁσίου
572 3036 787 3102 Harpe;
813 3033 973 3105 ἡμῶν
1011 3031 1358 3102 Ὀνουφρίου,
1398 3030 1497 3086 καὶ
1538 3027 1637 3087 τοῦ
1678 3027 1829 3082 ὁσίου
1857 3026 1974 3080 Πα-

388 3128 515 3199 ego;
562 3128 720 3197 ἡμῶν
770 3128 976 3199 Πέτρου
1027 3123 1122 3181 τοῦ
1182 3122 1497 3181 Ἀθωνὶτου.
1538 3119 1637 3177 Die
1682 3118 1746 3173 η
1791 3116 1964 3179 Junii,

387 3221 560 3289 sancti
583 3218 763 3275 Patris
787 3219 954 3277 nostri
976 3216 1268 3286 Onuphrii,
1296 3226 1346 3270 et
1378 3215 1549 3271 sancti
1581 3212 1757 3267 Patris
1788 3212 1957 3267 nostri
2000 3212 2015 3245 ε

390 3311 547 3367 Petri
598 3311 890 3366 Athonittc.
950 3309 1235 3364 Consentit
1286 3306 1635 3375 llorologium
1696 3304 1967 3369 Graecum,

390 3405 537 3474 quod
588 3404 776 3457 eadem
831 3402 1060 3456 totidem
1119 3399 1297 3454 verbis
1333 3398 1540 3465 relcrt;
1593 3406 1648 3451 et
1695 3394 1965 3459 Molauus,

390 3494 587 3549 unicus
638 3492 781 3562 quod
835 3493 1004 3545 sciam
1044 3490 1188 3557 apud
1245 3488 1470 3549 Latinos
1531 3486 1964 3559 martyrologus,

393 3585 486 3653 qui
533 3584 651 3654 ejus
698 3583 1029 3647 mentionem
1067 3581 1219 3645 facit.
1268 3581 1403 3641 Cum
1425 3591 1604 3641 autem
1648 3582 1738 3637 hic
1774 3580 1964 3635 eadem

390 3676 612 3731 omnino
640 3673 829 3729 Latine
858 3673 1121 3744 proferat,
1147 3690 1267 3742 qua:
1298 3674 1497 3730 Menzca
1532 3684 1587 3728 et
1616 3672 1964 3744 Horologium

391 3765 601 3829 Grrcce,
634 3780 695 3820 ex
723 3765 987 3819 alterutro
1026 3764 1243 3818 illorum
1280 3778 1377 3819 sua
1434 3763 1789 3819 transtulerit.
1824 3761 1975 3815 Mar:

393 3853 714 3925 tyrologium
754 3869 969 3924 quoque
1017 3853 1318 3908 Moscorum
1378 3852 1645 3925 Onuphrii
1705 3852 1865 3908 simul
1914 3859 1969 3905 et

391 3947 540 4001 Petri
600 3947 871 4012 meminit,
921 3947 1221 4015 eodemque
1277 3946 1364 4001 die
1409 3954 1465 4000 et
1514 3946 1566 4000 in
1622 3960 1727 3998 una
1771 3942 1967 3998 tabella

396 4049 692 4110 utrumque
718 4039 994 4109 proponit,
1019 4037 1517 4110 ﬁguratumcodem
1535 4052 1761 4107 prorsus
1780 4036 1963 4103 modo,

395 4131 453 4187 id
486 4143 570 4186 est
621 4140 803 4188 erecte
851 4141 1081 4207 stantes,
1115 4131 1323 4209 capillis
1374 4146 1481 4191 non
1517 4129 1808 4189 admodum
1843 4112 1967 4199 pro-

397 4221 607 4285 missis,
633 4220 803 4276 barba
833 4221 1013 4290 ampla
1066 4235 1162 4289 per
1207 4230 1399 4291 pectus
1446 4218 1716 4277 deﬂuente
1746 4233 1965 4283 crurum

397 4321 578 4375 tenus,
614 4311 816 4367 circum
840 4310 1080 4375 verenda
1119 4310 1403 4367 frondibus
1432 4311 1669 4375 cinctos,
1708 4322 1964 4365 caeterum

396 4403 576 4461 nudos
599 4421 616 4459 :
647 4404 722 4459 uti
749 4404 934 4459 videre
952 4411 1038 4458 est
1062 4403 1114 4457 in
1145 4403 1474 4460 Kalendario
1493 4403 1822 4467 Moscorum,
1843 4414 1969 4469 ante

2069 2298 2228 2346 mons
2257 2287 2453 2351 Athos,
2485 2289 2619 2347 nihil
2664 2293 2715 2345 in
2747 2293 2868 2351 Vita
2902 2294 3163 2361 audacius
3198 2307 3289 2359 aut
3320 2298 3645 2361 insolentius

2068 2376 2273 2432 dictum
2298 2380 2630 2450 scriptumve
2652 2402 2664 2437 :
2689 2383 2820 2442 nihil
2856 2384 3141 2449 insolitum
3173 2398 3270 2443 aut
3294 2390 3645 2449 inauditum:

2070 2470 2291 2527 nihilex
2336 2475 2500 2530 variis
2530 2476 2973 2535 consarcinatum
3004 2495 3020 2533 :
3063 2480 3199 2551 nihil
3245 2483 3403 2551 alteri
3433 2492 3652 2543 contra-

2069 2561 2232 2625 rium,
2270 2563 2371 2617 nisi
2406 2563 2545 2623 forte
2585 2566 2640 2619 in
2672 2581 2904 2625 numero
2935 2582 3033 2636 per
3067 2584 3310 2626 errorem
3366 2572 3473 2633 tale
3516 2575 3646 2645 quid

2072 2657 2393 2729 reperiatur.
2442 2656 2711 2715 Convenit
2759 2661 2977 2728 quidem
3030 2660 3154 2716 Vita
3184 2664 3299 2725 haec
3348 2681 3471 2725 cum
3527 2667 3647 2731 Vita

2069 2748 2242 2817 sancti
2278 2745 2562 2829 Onuphrii,
2594 2751 2658 2804 de
2683 2766 2788 2818 quo
2828 2754 2999 2811 :tnodo
3024 2795 3040 2823 ,
3093 2764 3148 2817 et
3192 2769 3398 2815 sanctae
3460 2758 3649 2819 Mariae

2070 2837 2419 2911 ,Egyptiacm,
2449 2841 2516 2895 de
2535 2843 2738 2933 qua.“
2772 2845 2974 2911 Aprilis
2996 2850 3207 2917 egimus
3232 2872 3249 2919 ;
3277 2853 3421 2921 quod
3451 2869 3649 2912 clunes

2071 2932 2319 2986 nitantur
2362 2934 2521 2987 unius
2585 2932 2851 2989 duntaxat
2905 2938 3145 2997 hominis
3202 2944 3534 3000 auctoritate
3584 2961 3650 3005 ac

2072 3024 2356 3087 relatione.
2390 3024 2495 3081 Sed
2554 3018 2907 3096 Onuphriana
2941 3031 3070 3087 aliis
3103 3032 3319 3089 duabus
3354 3034 3461 3090 title
3509 3037 3651 3097 mul-

2077 3127 2190 3180 tum
2213 3119 2567 3191 cedit;quod
2622 3123 2887 3178 certiores
2936 3125 3402 3195 circumstantias,
3446 3130 3650 3193 certio-

2072 3224 2267 3278 resque
2295 3220 2546 3273 anctores
2575 3212 2656 3267 hae
2684 3213 2922 3269 habeant
2945 3231 3108 3285 quam
3135 3217 3246 3279 illa.
3283 3217 3437 3285 Quod
3476 3219 3645 3279 Maria

2069 3306 2125 3353 et
2151 3299 2346 3361 Petrus
2385 3300 2467 3354 bis
2514 3301 2719 3357 inventi
2759 3302 2965 3361 fuerint
3015 3307 3248 3363 diversis
3284 3311 3644 3378 temporibus.

2069 3387 2237 3441 semel
2273 3389 2402 3454 vivi,
2438 3390 2637 3447 iterum
2684 3397 2907 3458 mortui,
2935 3405 2991 3455 et
3035 3398 3232 3455 Petrus
3266 3402 3485 3468 quidem
3534 3404 3645 3473 iam

2069 3488 2315 3547 mortuus
2347 3495 2377 3535 a
2424 3483 2651 3539 testibus
2672 3494 2938 3563 quatuor;
2971 3504 3079 3545 non
3131 3492 3258 3545 item
3310 3486 3645 3563 Ontipltrius.

2070 3569 2221 3649 Quod
2256 3571 2465 3628 illorum
2497 3575 2738 3647 reliquiae
2767 3576 3016 3653 legantur
3072 3581 3377 3658 antiquitus
3413 3588 3649 3653 transla-

2070 3671 2156 3728 tae,
2195 3678 2258 3718 ac
2290 3666 2455 3731 certis
2484 3666 2617 3735 locis
2641 3667 2945 3733 honoriﬁce
2980 3675 3645 3747 recontlitaetuissczquod

2069 3754 2135 3809 de
2158 3754 2524 3825 Onuphrianis
2569 3760 2751 3819 minus,
2774 3772 2988 3821 constat

2139 3848 2192 3901 5.
2237 3848 2641 3908 Celeberrimos
2679 3864 2731 3907 et
2756 3854 2887 3909 olim
2930 3856 3032 3912 fuit
3081 3869 3133 3911 et
3169 3877 3312 3914 nunc
3368 3871 3452 3927 est
3490 3881 3645 3923 mons

2067 3935 2261 4016 Athos,
2292 3941 2540 4007 palaestra
2576 3944 2677 4003 viri
2710 3944 2924 4011 sancti,
2976 3948 3029 4003 in
3074 3951 3273 4006 tinibns
3320 3952 3646 4019 Macedonia:

2069 4028 2227 4094 situs,
2261 4029 2350 4084 ubi
2379 4031 2522 4091 inter
2548 4033 2722 4093 sinum
2750 4033 3154 4105 Strymonicmn
3186 4042 3254 4095 ad
3302 4043 3641 4112 aquilonem,

2068 4129 2120 4175 et
2151 4112 2474 4189 Singiticntit
2509 4123 2573 4175 ad
2611 4125 2917 4195 meridiem,
2954 4143 2974 4185 ί
3012 4143 3120 4195 non
3153 4136 3546 4202 promontorio,
3586 4144 3649 4192 ut

2069 4210 2183 4275 alii,
2224 4227 2408 4265 verum
2452 4222 2597 4268 totus
2628 4225 2826 4285 exstat,
2858 4226 3079 4293 totoque
3124 4220 3281 4292 longe
3322 4222 3485 4281 dorso
3520 4240 3647 4294 pro-

2069 4306 2210 4372 cedit
2241 4307 2293 4363 in
2323 4306 2567 4381 pelagus,
2599 4326 2617 4369 ι
2660 4318 2716 4373 ut
2743 4309 2879 4371 Mela
2914 4310 3174 4388 loquitur,
3203 4329 3505 4384 paucorum
3528 4328 3646 4383 sta-

2071 4396 2281 4461 diorum
2330 4394 2532 4455 istbnto
2590 4400 2892 4455 continenti
2951 4401 3210 4473 junctus;
3262 4418 3369 4474 quo
3398 4408 3562 4467 etiam
3613 4425 3644 4469 tt

396 4508 603 4554 tomum
659 4497 893 4566 primum
953 4494 1103 4550 Maii.
1158 4495 1333 4562 Adde,
1396 4495 1595 4563 templo
1638 4510 1668 4547 a
1723 4493 2039 4571 ﬁdelibusg
2074 4486 2281 4550 Xerxe,
2346 4487 2544 4541 bellum
2595 4486 2799 4545 Graecis
2854 4489 3139 4559 infcreute,
3176 4494 3305 4561 olim
3358 4496 3642 4566 perfosso;

396 4598 606 4647 structo
642 4587 991 4653 honoratum,
1020 4602 1204 4642 annuo
1236 4586 1376 4642 festo
1404 4601 1466 4640 ac
1497 4585 1678 4657 populi
1700 4598 1967 4640 concursu

395 4681 753 4743 celebratum,
785 4693 884 4733 nec
907 4693 1013 4732 non
1050 4677 1330 4735 miracolis
1392 4677 1446 4730 in
1500 4677 1606 4730 vita
1652 4685 1817 4744 atque
1848 4682 1970 4745 post

396 4782 629 4827 mortem
658 4772 862 4824 clarum
896 4768 1068 4825 fuisse
1098 4768 1317 4825 Petrum
1342 4806 1358 4834 ,
1387 4767 1464 4822 uti
1487 4776 1708 4831 constat
1746 4783 1813 4822 ex
1842 4766 1968 4835 Vita

398 4877 549 4914 num.
589 4861 679 4915 49.

468 4949 522 5002 2.
557 4947 718 5004 Hisce
744 4947 1001 5018 permoti,
1032 4947 1389 5019 prepouimus
1428 4955 1484 5004 et
1501 4962 1599 5003 nos
1623 4945 1725 5004 hoc
1744 4945 1863 5018 ipso
1883 4946 1970 5004 die

398 5044 642 5106 Petrum,
690 5049 748 5096 et
786 5039 1003 5109 quidem
1035 5037 1330 5109 ,Onupbrio
1354 5039 1626 5110 (quamvis
1671 5037 1766 5094 illo
1801 5036 1970 5092 multo

398 5135 587 5205 junior
612 5147 732 5189 esse
753 5132 967 5202 debeat)
992 5131 1237 5201 proxime
1259 5131 1606 5200 conjunctum
1646 5146 1661 5186 :
1686 5128 1811 5199 quia
1836 5130 1966 5199 dum

400 5225 538 5280 nihil
570 5224 705 5279 certi
752 5225 819 5279 de
851 5232 1098 5293 tempore
1126 5237 1232 5292 quo
1258 5221 1478 5288 vixerit,
1518 5220 1675 5277 nobis
1709 5229 1966 5293 constat;

402 5314 491 5370 cui
520 5315 702 5385 potius
760 5329 883 5369 eum
938 5313 1357 5387 conjungamus,
1385 5328 1546 5384 quam
1590 5312 1679 5369 cui
1725 5311 1972 5371 instituto

401 5404 528 5458 vitae
561 5417 820 5474 perquam
843 5401 1059 5469 similis,
1101 5416 1166 5455 ac
1224 5412 1507 5470 propterea
1540 5402 1640 5459 abs
1688 5403 1970 5459 ritualibus

402 5495 562 5549 libris
599 5493 925 5563 coniunctus
972 5493 1162 5559 etiam,
1201 5503 1259 5548 ut
1301 5492 1555 5558 vidimus,
1587 5492 1725 5549 fuit?
1761 5493 1838 5551 Ex
1868 5495 1971 5553 hac

398 5595 586 5641 tamen
640 5585 995 5640 similitudine
1037 5585 1160 5640 vita:
1182 5595 1234 5639 et
1285 5585 1669 5655 conjunctione
1709 5587 1969 5651 Actorum

406 5677 612 5732 nemini
640 5677 881 5748 suspicio
918 5677 1078 5732 debet
1118 5676 1273 5743 oriri,
1301 5677 1455 5745 quasi
1499 5694 1601 5748 par
1630 5679 1793 5733 etiam
1835 5678 1971 5736 ﬁdes

405 5769 691 5839 utriusque
719 5771 866 5827 Actis
895 5768 1194 5826 adhibenda
1230 5770 1317 5825 sit.
1360 5769 1497 5830 Nam
1530 5786 1841 5841 argumenta
1872 5788 1968 5828 cur

2075 4578 2364 4648 velificatus
2410 4580 2593 4647 Athos,
2641 4583 2718 4638 uti
2760 4584 2904 4641 cauit
2945 4586 3263 4651 Juvenalis,
3305 4597 3360 4643 et
3390 4605 3546 4646 mons
3577 4607 3640 4657 ex

2072 4671 2381 4755 peniusula,
2427 4672 2604 4729 insula
2640 4677 2905 4746 tantisper
2939 4678 3113 4735 [actus
3146 4678 3270 4743 fuit.
3314 4679 3649 4751 Describitur

2077 4764 2218 4818 idem
2274 4754 2444 4825 Athos
2497 4765 2551 4819 in
2596 4764 2814 4823 Menzeis
2843 4766 2932 4823 die
2962 4768 2995 4822 5
3037 4767 3187 4839 Julii,
3224 4771 3313 4828 ubi
3345 4771 3411 4827 de
3449 4785 3659 4839 sancto

2077 4853 2394 4922 Athanasio,
2421 4855 2588 4929 Ὄρος
2611 4856 2812 4926 ὑψηλόν
2837 4874 2897 4910 τε
2926 4857 3017 4918 καὶ
3049 4857 3342 4931 ἐπίμηκες,
3376 4862 3470 4914 ἐπὶ
3503 4864 3655 4921 πολὺ

2075 4944 2175 5014 τῆς
2209 4945 2480 5017 θαλάσσης
2508 4947 2718 5018 διῆκον,
2742 4948 2818 5023 ὡς
2843 4949 3015 5021 αὐχήν
3035 4965 3120 5012 τις
3144 4950 3462 5017 ὑπόστενος.
3483 4953 3651 5025 Hom;

2078 5036 2220 5092 altus
2250 5048 2298 5092 et
2333 5041 2684 5112 praegrandis,
2721 5039 2877 5110 longo
2914 5040 3093 5111 spatio
3122 5040 3178 5096 in
3218 5057 3365 5101 mare
3394 5059 3653 5115 expet-rev

2022 5163 2033 5173 .
2077 5139 2215 5194 ctus,
2269 5131 2429 5185 veluti
2470 5140 2755 5201 angustum
2790 5128 3013 5196 collum,
3065 5145 3173 5217 qua
3210 5143 3370 5203 parte
3426 5136 3645 5203 scilicet

2077 5223 2379 5280 continenti
2416 5222 2794 5283 committitur.

2148 5315 2203 5370 4.
2244 5312 2320 5370 De
2360 5314 2548 5373 eodem
2608 5322 2791 5371 monte
2848 5314 3231 5391 religiosisque
3273 5317 3394 5389 ejus
3444 5319 3649 5387 incolis-

2082 5407 2245 5467 multa
2272 5406 2615 5467 laudabiliter
2642 5414 2904 5465 memorat
2939 5407 3040 5464 sub
3074 5408 3292 5467 initium
3316 5412 3494 5465 saeculi
3536 5422 3643 5475 χιιι

2078 5500 2421 5557 innocentius
2449 5496 2518 5554 lli
2551 5512 2708 5569 papa,
2737 5496 2980 5555 scribens
3025 5499 3091 5565 ad
3139 5499 3639 5563 Sancti'Athanasii

2080 5589 2512 5667 (cujusrmminis
2551 5589 2874 5661 prazcipuuru
2929 5590 3040 5651 illic
3088 5591 3478 5655 monasterium
3530 5597 3650 5663 est)

2078 5693 2411 5751 ueteresque
2438 5680 2659 5736 abbates
2691 5691 2743 5735 et
2773 5682 3065 5747 monachos
3095 5679 3291 5745 Montis
3319 5684 3491 5747 sancti
3523 5679 3643 5749 sive

2081 5777 2230 5841 Athi,
2275 5788 2473 5844 eosque
2515 5774 2614 5831 sub
2661 5773 2803 5830 bcati
2850 5771 2994 5829 Petri
3051 5781 3105 5831 ct
3158 5788 3253 5828 sua
3303 5776 3641 5844 protection»
