4108 6316
530 311 630 374 991

1795 249 2181 367 GBEGOIiII
2224 301 2548 366 PALAM/E

3679 295 3814 359 99?.

518 427 819 494 suscipiens
869 439 934 480 ac
991 421 1272 494 privilegia
1317 421 1671 476 confirmans.
1712 418 1804 471 Sic
1842 417 1985 470 enim
2017 419 2087 470 ait
2125 423 2165 476 Α
2199 417 2419 470 nomine
2451 415 2750 469 Turcarum
2795 420 3028 482 tyranno
3071 406 3364 478 quotannis
3390 419 3459 460 ex
3504 405 3718 459 vinetis
3743 416 3817 456 ιιι

521 518 749 589 epistola
802 516 904 572 168
956 516 1080 571 libri
1136 531 1224 569 xvi
1268 531 1282 567 :
1324 532 1341 560 r
1393 512 1669 565 liciatione
1723 509 2016 562 iliuStrium
2041 515 2095 560 et

521 625 844 679 magnorum
884 609 1123 662 virorum
1151 616 1336 662 nostro
1378 613 1460 660 est
1487 599 1812 672 apostolatui
1844 598 2092 652 declara-

527 713 664 766 tum,
692 701 839 769 quod
872 700 959 754 ille
990 699 1080 768 qui
1116 707 1198 752 est
1244 710 1399 750 mons
1444 697 1638 747 domus
1685 687 1922 752 Domini,
1953 702 2094 756 pra:-

523 801 746 859 paratus
787 791 837 844 in
881 790 1084 843 vertice
1129 785 1419 846 montium.
1457 795 1513 836 ut
1557 782 1624 836 ad
1669 794 1790 836 eum
1821 776 2098 833 conﬂuant

522 896 714 934 omnes
770 887 979 948 gentes,
1021 879 1254 932 Sanctus
1305 874 1560 929 videlicet
1615 880 1953 934 sanctorum,
2003 865 2094 936 qui

526 971 784 1028 Ecclesiae
830 969 1180 1024 fundamenta
1223 967 1278 1020 in
1307 965 1513 1021 sanctis
1553 960 1830 1017 montibus
1863 957 2097 1014 colloca-

523 1064 631 1128 vit;
673 1069 906 1115 montem
936 1071 1202 1123 vestrum,
1239 1072 1404 1127 super
1445 1069 1596 1109 mare
1632 1053 1818 1117 situm,
1844 1052 1909 1105 ad
1943 1049 2098 1104 inha-

523 1151 804 1206 bitantium
834 1153 947 1206 suis
997 1151 1245 1205 fidelibus
1269 1148 1566 1219 praeelegit,
1599 1146 1691 1215 qui
1727 1144 1977 1199 ell‘ectum
2008 1141 2094 1196 sui

524 1245 762 1298 nominis
785 1245 1097 1298 etnnminis
1132 1245 1184 1296 in
1211 1258 1270 1297 se
1298 1241 1529 1305 habens,
1567 1240 1693 1293 licet
1722 1238 1908 1292 aridus
1938 1235 2011 1289 sit
2042 1241 2098 1287 et

522 1352 702 1404 asper,
753 1346 806 1391 et
866 1335 1162 1391 fertilitatis
1198 1334 1370 1406 gratia
1399 1334 1714 1397 destitutus,
1770 1338 1855 1384 est
1915 1339 2096 1381 tamen

523 1427 666 1493 inter
715 1427 850 1480 alios
906 1427 1090 1479 mundi
1155 1435 1366 1480 montes
1427 1424 1664 1478 maxima
1727 1419 2096 1491 spiritualium

521 1515 767 1568 ubertate
797 1515 1117 1570 mirabiliter
1152 1513 1492 1569 fecundatus.
1523 1512 1655 1566 Nam
1687 1525 1808 1566 cum
1844 1507 2098 1564 trecentis

524 1607 873 1662 monasteriis
904 1615 958 1660 et
990 1607 1221 1676 gloriosa
1279 1606 1654 1674 religiosorum
1689 1604 1930 1656 virorum
1957 1599 2099 1653 mul-

525 1699 778 1762 titudine,
837 1709 1043 1753 arctam
1100 1711 1153 1754 et
1201 1713 1494 1767 pauperem
1552 1698 1718 1750 vitam
1758 1693 2095 1753 ducentium,

2204 506 2418 562 olivetis
2444 505 2559 560 suis
2599 502 2839 573 pendunt
2889 517 2943 556 vr
2990 501 3152 554 millia
3193 498 3480 553 obolorum
3517 496 3811 550 Turcico-

2193 614 2334 654 rum.
2369 597 2520 652 Mons
2547 599 2592 652 is
2611 613 2637 650 a
2665 592 2991 651 Christianis
3015 593 3202 660 Ἀγιον
3220 591 3362 660 ὅρος,
3395 591 3498 644 hoc
3520 597 3610 642 est
3634 587 3807 640 Mons

2196 699 2418 746 sanctus
2441 690 2661 749 dicitur,
2690 704 2718 742 a
2746 686 2973 740 Rutenis
3004 685 3204 738 Suvata
3235 679 3469 753 [Sviata]
3502 682 3670 734 hora.
3708 698 3730 730 ι

2267 780 2323 834 6.
2353 779 2676 833 Praedictum
2703 791 2901 832 nomen
2934 775 3129 842 Ἀγιον
3159 773 3286 844 ὅρος
3312 773 3380 826 ab
3413 771 3504 825 illo
3533 773 3796 825 virorum

2195 873 2572 943 religiosorum
2603 880 2746 926 cmtu
2774 882 2827 924 et
2850 870 3054 924 sanctis
3076 865 3562 922 exercitationibus
3600 865 3802 918 adhae-

2197 969 2335 1021 sisse
2359 964 2500 1018 Atho
2544 971 2700 1031 putat
2747 961 3054 1024 Bellonius;
3098 974 3220 1014 cum
3261 959 3442 1026 potius
3493 955 3792 1010 sanctitati

2197 1057 2345 1114 Petri
2389 1055 2773 1111 ascribendum
2796 1096 2810 1117 ,
2847 1054 2913 1108 ab
2942 1053 3166 1122 ipsaque
3195 1049 3429 1115 Deipara
3460 1048 3509 1101 ei
3539 1047 3787 1100 inditum

2197 1153 2291 1216 sit,
2322 1151 2397 1204 uti
2435 1166 2584 1204 num.
2618 1149 2675 1202 ll
2721 1148 2774 1200 in
2813 1144 2936 1199 Vita
2976 1145 3190 1212 legitur.
3227 1141 3456 1207 Quando
3486 1149 3672 1193 autem
3700 1141 3784 1194 sic

2199 1241 2425 1312 coeperit
2456 1237 2716 1308 appellari
2766 1246 2877 1290 tum
2905 1245 3160 1289 constare
3183 1233 3401 1302 poterit,
3441 1230 3671 1301 quando
3713 1231 3784 1285 de

2199 1343 2463 1404 tempore,
2497 1347 2604 1402 quo
2627 1344 2922 1385 conversus
2960 1340 3042 1383 est
3080 1326 3294 1392 Petrus,
3327 1324 3625 1378 constabit.
3654 1323 3784 1377 Flo-

2203 1429 2308 1481 ruit
2337 1427 2390 1480 in
2423 1441 2490 1480 eo
2522 1435 2729 1485 monte,
2780 1430 2976 1490 praeter
3026 1421 3245 1475 Petrum
3301 1428 3570 1480 nostrum,
3615 1423 3780 1470 notus

2202 1520 2359 1574 nobis
2391 1516 2750 1572 sanctimonia
2784 1515 2910 1569 vitae
2943 1512 3278 1567 Athanasius
3308 1508 3555 1580 quidam,
3599 1510 3776 1578 patria

2200 1605 3091 1680 Trapezuntius,Constantinopoli
3114 1602 3309 1658 litteris
3325 1603 3494 1672 probe
3511 1601 3774 1667 eruditus,

2204 1704 2404 1758 montis
2433 1701 2675 1773 Cyntinae
2708 1700 2759 1754 in
2811 1699 2940 1754 Asia
2990 1700 3248 1768 primum,
3287 1695 3482 1751 deinde
3533 1695 3664 1749 Albi
3723 1696 3773 1748 in

521 1791 851 1858 decoram";
899 1801 1048 1846 ῑίιηιίι
1090 1807 1264 1860 usque
1301 1794 1460 1847 m000
1492 1789 1733 1844 ι’θΠοτυίι
1776 1785 2096 1842 excellentia
2130 1817 2173 1875 Β
2204 1795 2512 1850 Macedonia
2548 1808 2704 1849 sacer
2737 1801 2982 1848 ascetes:
3011 1791 3106 1861 qui
3140 1791 3195 1845 in
3220 1787 3380 1854 huius
3418 1788 3686 1842 interiora
3713 1802 3772 1842 ex

525 1886 851 1949 honestatis,
881 1894 1028 1938 tanta
1058 1885 1332 1955 religionis
1358 1885 1570 1939 eximia:
1596 1883 1842 1938 claritate
1867 1878 2098 1943 refulsit,

523 1983 583 2030 ut
615 1977 680 2029 de
710 1978 828 2045 ipso
855 1991 977 2030 eum
1007 1975 1176 2031 Jacob
1225 1986 1372 2031 recte
1408 1969 1575 2045 possit
1629 1975 1748 2041 quis
1790 1973 1973 2026 dicere
2008 1969 2102 2024 ad-

523 2066 776 2120 mirando
800 2104 814 2119 .
851 2064 997 2121 Vere
1023 2075 1247 2122 sanctus
1280 2077 1364 2121 e5t
1395 2065 1498 2120 iste
1523 2063 1694 2126 locus,
1723 2061 1846 2131 quia
1893 2061 1977 2114 hic
2007 2071 2100 2116 est

524 2159 720 2214 domus
755 2159 868 2222 Dei,
903 2169 957 2212 et
995 2158 1239 2226 quzedam
1283 2153 1683 2226 quodammodo
1723 2160 1878 2223 porta
1934 2149 2096 2212 cceii;

530 2253 620 2305 ubi
657 2251 946 2306 multitudo
982 2251 1226 2307 caelestis
1256 2249 1553 2310 exercitus,
1577 2257 1832 2314 tanquam
1890 2251 2101 2296 castro-

529 2359 648 2396 rum
702 2343 849 2399 acies
907 2344 1155 2398 ordinata
1180 2352 1232 2396 et
1266 2353 1452 2412 parata
1487 2339 1751 2393 suscitare
1780 2334 2100 2396 Leviathau,

523 2439 816 2493 victoriose
868 2445 1071 2507 pugnat
1120 2433 1319 2504 iugiter
1383 2446 1506 2486 cum
1561 2431 1819 2491 dracone,
1865 2425 2102 2495 psallens

528 2527 758 2583 Domino
804 2529 1102 2597 sapienter.
1137 2525 1367 2592 Propter
1406 2522 1552 2592 quod
1583 2521 1698 2590 jam
1724 2519 1934 2573 "dudum
1959 2517 2100 2572 fama

527 2621 689 2675 vestri
732 2620 990 2681 nominis,
1019 2633 1140 2686 quas
1165 2618 1341 2671 fuerat
1386 2615 1557 2670 effusa
1591 2615 1731 2668 sicut
1765 2613 1944 2666 oleum
2003 2610 2104 2665 cir-

529 2726 895 2780 cumquaque,
923 2709 1122 2764 multos
1162 2710 1388 2779 populos
1418 2708 1485 2762 ad
1519 2723 1580 2763 se
1615 2707 1839 2761 traxerit
1875 2705 1930 2759 in
1965 2706 2103 2758 odo-

528 2816 646 2856 rem
688 2811 1086 2872 unguentorum
1116 2810 1442 2863 vestrorum,
1473 2799 1618 2867 ipsos
1646 2811 1866 2851 currere
1901 2793 2103 2848 faciens

531 2896 856 2958 aremotis;
927 2893 1294 2947 Ecclesiarum
1348 2889 1557 2959 praelati
1627 2897 1680 2942 et
1747 2890 2103 2956 imperatores

532 2986 1123 3055 Constantinopolitani
1155 2984 1443 3053 pluresque
1473 2981 1750 3052 principes
1784 2980 2100 3044 saeculares,

531 3096 631 3151 per
659 3079 936 3148 privilegia
969 3092 1068 3131 sua
1101 3075 1291 3140 multa,
1321 3075 1448 3129 olim
1474 3071 2104 3140 tantmlibertatisprtee-

2204 1885 2382 1938 divina
2431 1884 2759 1938 revelatione
2807 1882 3023 1937 tandem
3079 1881 3324 1948 secessit,
3388 1898 3409 1931 ‹
3447 1879 3774 1948 ibidemque,

2205 1985 2424 2047 rogatus
2452 1991 2477 2029 a
2503 1975 2822 2045 .Nicephoro
2853 1973 3056 2036 Phoca,
3081 1973 3282 2027 militia:
3307 1972 3509 2042 pariter
3536 1987 3605 2026 ac
3633 1972 3774 2026 domi

2203 2071 2258 2125 in
2315 2070 2519 2138 palatio
2564 2068 2914 2136 imperatoris
2943 2067 3113 2128 claro,
3168 2066 3382 2136 ipsique
3430 2075 3626 2121 sancto
3668 2065 3773 2131 jam

2205 2171 2326 2216 ante
2342 2159 2684 2215 familiariter
2701 2167 2828 2214 noto
2851 2166 2906 2214 et
2936 2157 3191 2212 amicitiae
3223 2155 3438 2211 vinculo
3465 2156 3771 2224 coniuncto,

2204 2253 2299 2309 Dei
2329 2253 2484 2308 Matri
2517 2253 2863 2324 magniﬁcum
2895 2265 3026 2306 sane
3064 2251 3320 2319 templum
3353 2250 3636 2314 condidit,
3667 2251 3782 2306 cel-

2204 2347 2391 2415 lasque
2419 2344 2679 2414 plurimas
2711 2351 2768 2397 et
2799 2343 3065 2396 maximas
3097 2341 3164 2395 ad
3207 2357 3361 2396 usum
3392 2358 3457 2397 ac
3492 2341 3760 2396 habitatio

2205 2450 2325 2490 netu
2349 2434 2577 2488 fratrum
2641 2449 2670 2488 a
2720 2433 3090 2488 fundamentis
3137 2433 3418 2500 excitavit,
3473 2443 3527 2488 et
3570 2433 3777 2488 lauram

2205 2528 2433 2595 denique
2483 2525 2774 2581 multorum
2806 2541 3060 2596 capacem
3114 2525 3356 2588 molitus.
3402 2526 3651 2597 migravit
3706 2527 3777 2580 ad

2203 2618 2514 2686 Dominum,
2554 2637 2573 2672 ι
2613 2619 2688 2674 uti
2722 2619 2926 2675 Menaea
2958 2617 3252 2688 loquuntur
3283 2616 3349 2670 ad
3391 2617 3536 2672 diem
3566 2617 3597 2671 5
3624 2615 3776 2671 Julii.

2273 2710 2329 2765 7.
2366 2710 2636 2790 Coniicies
2677 2725 2840 2781 porro
2869 2725 2936 2766 ex
2974 2719 3133 2765 aetate
3178 2709 3471 2778 Nicephori
3510 2711 3774 2779 praedicti,

2205 2816 2348 2857 anno
2371 2801 2476 2858 965
2516 2802 2802 2871 imperium
2845 2819 3003 2857 suum
3044 2803 3180 2867 orsi,
3216 2803 3576 2857 Athanasium
3611 2804 3778 2858 istum

2205 2894 2307 2949 sub
2337 2908 2535 2948 annum
2551 2894 2658 2950 950
2689 2893 2936 2948 floruisse
2959 2894 3013 2948 in
3049 2903 3224 2948 monte
3249 2893 3417 2959 Atho;
3441 2903 3607 2960 atque
3632 2895 3779 2950 adeo

2201 2984 2312 3055 jam
2353 2996 2511 3042 antea
2568 2987 2767 3042 ibidem
2800 2985 2935 3042 alios
2964 2987 3127 3041 vitam
3171 2985 3381 3040 duxisse
3435 2985 3774 3050 solitariam,

2205 3094 2330 3134 eum
2353 3090 2407 3134 et
2446 3079 2561 3148 ipse
2593 3078 2798 3149 legatur
2836 3078 2888 3133 in
2929 3078 3147 3135 Menaeis
3179 3077 3292 3134 loco
3321 3078 3486 3133 citato
3512 3118 3527 3142 ,
3563 3079 3778 3132 seniori

532 3145 795 3224 minentia
824 3145 920 3220 vos
949 3167 1222 3228 dotarunt,
1265 3176 1324 3218 ut
1350 3172 1472 3232 post
1503 3162 1690 3228 Deum,
1723 3161 1807 3217 cui
1851 3161 2102 3214 volebant

2206 3145 2560 3229 Anachoretae
2603 3145 2714 3227 illic
2736 3187 2795 3229 se
2840 3173 3162 3243 discipulum
3213 3172 3521 3226 tradidisse.
3591 3171 3779 3226 Potest

531 3278 629 3316 vos
654 3261 846 3328 libere
895 3258 1166 3319 famulari,
1197 3257 1395 3311 nullius
1446 3269 1684 3322 unquam
1714 3253 1910 3309 essetis
1941 3252 2106 3320 juris-

530 3353 758 3408 dictioni
793 3349 1042 3419 subjecti.
1092 3369 1110 3399 ι
1137 3348 1216 3402 ita
1248 3347 1510 3417 pontifex,
1551 3346 1654 3401 alia
1694 3345 1892 3400 deinde
1919 3358 2106 3413 prose-

529 3462 702 3516 quens
737 3447 802 3503 de
831 3446 1069 3500 violento
1095 3445 1366 3513 praedone,
1389 3440 1492 3508 jquj
1527 3439 1923 3493 monachorum
1953 3439 2106 3507 quie-

535 3547 643 3593 tem
670 3536 927 3600 turbavit,
949 3534 1208 3601 expilavit
1229 3531 1512 3594 ecclesias,
1529 3531 1792 3599 quosdam
1813 3531 2108 3587 crudeliter

531 3631 694 3684 etiam
715 3628 990 3682 interemit
1011 3642 1026 3692 ;
1048 3641 1150 3681 nec
1176 3640 1288 3679 non
1314 3624 1620 3693 suscipiens
1646 3633 1758 3676 tum
1789 3625 2105 3691 monachos,

541 3731 654 3776 tum
685 3729 922 3773 tuentem
972 3720 1150 3788 ipsum
1191 3718 1292 3772 sub
1323 3731 1420 3773 sua
1451 3725 1505 3772 et
1555 3716 1733 3772 sancti
1773 3717 1920 3773 Petri
1976 3731 2105 3786 pro-

543 3813 797 3868 lectione.

611 3907 664 3962 ὅ.
697 3907 814 3959 Alia
872 3903 1103 3960 subinde
1159 3903 1364 3959 montis
1420 3899 1589 3958 facies
1638 3903 1850 3958 exstitit
1904 3904 2108 3960 secutis

535 3999 906 4068 temporibus,
959 3996 1420 4051 monasteriorum
1469 3997 1768 4065 prazsertim
1835 4011 2104 4064 numero,

539 4093 677 4144 forte
737 4089 788 4142 in
838 4087 1151 4143 schismatis
1197 4101 1450 4157 pinnam,
1496 4087 1892 4143 incredibiliter
1925 4087 2108 4142 immi-

537 4191 693 4239 nuto.
744 4181 874 4235 Nam
900 4181 1212 4250 quisaeculo
1238 4181 1503 4250 superiori
1541 4191 1781 4236 montem
1815 4183 2108 4250 perambu-

539 4273 692 4335 lavit,
719 4282 976 4326 accurate
997 4271 1234 4324 lustrans
1277 4270 1460 4324 omnia
1492 4270 1847 4339 pluribusque
1895 4270 2106 4326 descri-

537 4363 668 4417 hens
723 4361 910 4415 Petrus
961 4360 1256 4424 Bellonius,
1306 4360 1381 4413 ait
1437 4359 1574 4413 libro
1609 4374 1710 4413 suo
1758 4357 1801 4424 Ι,
1849 4373 1969 4428 cap.
2015 4359 2105 4423 10,

539 4453 702 4508 trium
735 4451 939 4504 dierum
983 4448 1178 4503 itinere
1204 4447 1257 4501 in
1297 4447 1711 4516 longitudinem,
1741 4447 1948 4502 dimidii
1979 4462 2107 4503 vero

537 4547 592 4601 in
639 4541 978 4597 latitudinem
1041 4547 1265 4608 patere:
1297 4554 1324 4592 a
1377 4540 1505 4593 solis
1559 4538 1836 4608 Calogeris
1866 4538 2012 4610 (sunt
2070 4541 2105 4596 ii

537 4634 790 4692 monachi
823 4631 1046 4688 cmlibes
1076 4633 1218 4700 apud
1269 4627 1510 4700 Griecos)
1543 4629 1834 4686 inhabitari
1861 4646 1876 4686 :
1913 4633 2105 4702 viginti

542 4730 642 4783 tria
677 4727 756 4782 vel
776 4738 1008 4796 quatuor
1035 4738 1140 4777 non
1167 4721 1397 4791 amplius
1423 4719 2107 4796 monasteria,variislocis

538 4819 668 4883 sita,
694 4818 991 4872 numerari.
1025 4815 1349 4869 Monasteria
1378 4814 1492 4883 ipsa
1525 4815 1725 4870 habere
1757 4816 1812 4869 in
1836 4816 2107 4884 adjunctis

539 4913 638 4966 sibi
674 4910 883 4979 templis
909 4923 1093 4963 sacras
1123 4907 1403 4976 reliquias,
1432 4907 1498 4961 ad
1542 4921 1744 4976 easque
1768 4907 2105 4978 frequentem

540 5003 656 5057 fieri
686 4998 1270 5070 concursum.Templa
1300 5013 1515 5068 quoque
1545 4999 1662 5068 ipsa
1681 5000 1894 5069 egregie
1915 5010 2106 5057 ornata

537 5103 593 5148 et
620 5100 896 5145 exstructa
938 5105 1096 5158 esse,
1147 5100 1309 5160 atque
1357 5089 1486 5144 inibi
1533 5090 1822 5160 Calogeros
1876 5092 2105 5162 singulis
2143 5081 2154 5090 ’

538 5185 610 5240 ὀὶι
630 5185 728 5238 bus
761 5181 1005 5250 liturgias
1039 5197 1255 5247 canere,
1287 5183 1469 5236 omnia
1493 5181 1683 5237 Grieco
1711 5198 1960 5240 sermone
1984 5199 2109 5254 pro-

538 5273 798 5328 ferentes.
851 5269 955 5324 Sed
1015 5271 1080 5324 de
1112 5270 1410 5340 Calogeris,
1437 5273 1527 5340 qui
1567 5271 1677 5326 illic
1713 5273 1778 5326 ad
1813 5285 1908 5326 sex
1937 5271 2106 5328 millia

539 5365 799 5419 dicuntur
830 5359 1047 5427 degere,
1083 5361 1157 5413 uti
1195 5369 1249 5414 et
1294 5361 1358 5414 de
1397 5361 1517 5416 aliis
1553 5364 1656 5416 huc
1695 5363 2102 5431 pertinentibus

537 5455 738 5507 videsis
775 5450 1072 5504 Belloniutn
1114 5451 1284 5519 ipsum
1308 5487 1323 5514 ,
1360 5461 1415 5505 et
1469 5466 1588 5521 qua:
1620 5453 1858 5509 Joannes
1889 5452 2104 5524 Langus

535 5546 607 5600 ad
640 5545 736 5601 lib.
762 5561 812 5599 xt
838 5543 1155 5614 Nicephori,
1183 5559 1299 5612 cap.
1335 5544 1423 5608 58,
1450 5547 1530 5600 sic
1561 5556 1712 5600 notat
1743 5563 1759 5601 :
1801 5566 1820 5600 ι
1856 5547 2102 5604 llodiein

539 5635 682 5688 Atho
734 5643 911 5688 monte
956 5633 1028 5687 22
1078 5633 1305 5705 insignia
1351 5645 1476 5689 sunt
1513 5639 1839 5692 monasteria
1892 5638 2104 5694 Graeco-

541 5745 657 5785 rntn
691 5729 1078 5784 monachorqu
1099 5728 1309 5784 ordinis
1337 5728 1507 5784 sancti
1542 5727 1747 5796 Basilii,
1768 5747 1887 5801 qua:
1918 5733 2102 5788 tributi

2209 3274 2389 3318 tamen
2445 3263 2512 3318 ab
2578 3264 3253 3334 Athanasii-temporibus
3305 3262 3574 3319 celebrior
3606 3261 3780 3318 factus

2207 3365 2263 3411 et
2287 3356 2459 3424 magis
2483 3355 2853 3426 frequentatus
2876 3357 3041 3413 fuisse
3069 3372 3223 3412 mons
3253 3356 3378 3422 iste,
3418 3366 3526 3410 tum
3559 3367 3776 3425 propter

2207 3448 2549 3503 sanctitatem
2585 3448 2754 3518 ipsius
2789 3449 3106 3514 Athanasii,
3137 3459 3248 3504 tum
3283 3457 3504 3519 propter
3538 3448 3776 3503 auctori-

2209 3549 2372 3596 tatem
2401 3541 2715 3610 Nicephori,
2749 3541 2846 3596 viri
2879 3542 3135 3612 Opuienti,
3168 3543 3365 3598 deinde
3417 3541 3758 3612 imperatoris,

2212 3644 2323 3687 tum
2358 3632 2523 3688 etiam
2567 3642 2786 3702 propter
2821 3634 3213 3689 monasterium
3235 3643 3290 3689 et
3321 3633 3531 3689 lauram
3576 3633 3764 3686 utrius-

2210 3738 2314 3792 que
2371 3737 2475 3793 ope
2532 3735 2930 3781 constructam.
2981 3727 3151 3793 Quam
3221 3725 3430 3780 lauram
3495 3726 3539 3779 si
3593 3725 3773 3779 dixero

2209 3816 2507 3871 etiamnum
2539 3826 2773 3882 exstare,
2792 3817 3144 3887 eamdemque
3169 3832 3294 3873 esse
3316 3831 3479 3886 quam
3511 3815 3775 3869 Bellonius

2210 3901 2494 3970 describit,
2543 3905 2634 3960 lib.
2667 3922 2707 3970 ι,
2735 3895 2858 3974 eap.
2889 3907 2957 3962 37
2981 3948 2994 3973 ,
3028 3905 3281 3961 fortassis
3310 3908 3443 3974 erit,
3482 3905 3572 3974 qui
3607 3904 3782 3960 consi-

2209 3993 2413 4050 deratis
2441 3994 2665 4050 Bellonii
2691 3995 2868 4051 verbis
2893 3997 3023 4051 mihi
3059 3998 3406 4052 asseutiatur.
3443 4015 3462 4048 ι
3510 3995 3776 4050 Monaste-

2210 4085 2375 4151 rium,
2425 4086 2602 4155 inquit
2647 4085 2763 4153 ille,
2793 4087 2925 4154 Agin
2966 4085 3141 4141 Laura
3199 4096 3593 4155 nuncupatum,
3646 4087 3779 4140 inter

2209 4175 2415 4245 reliqua
2450 4177 2616 4232 totius
2649 4179 2847 4234 montis
2890 4181 3218 4235 monasteria
3248 4179 3403 4235 facile
3420 4180 3778 4248 principatum

2210 4266 2439 4335 obtinet,
2477 4277 2639 4336 atque
2671 4271 2735 4323 ad
2784 4270 2996 4325 radices
3021 4271 3312 4325 celsissimi
3341 4270 3458 4341 iugi
3489 4271 3658 4338 (quod
3686 4284 3777 4324 ve-

2210 4372 2304 4412 rus
2335 4372 2490 4412 mons
2517 4359 2690 4414 Athos
2719 4359 2824 4430 est)
2863 4361 3024 4415 situm
3064 4373 3171 4427 est,
3202 4376 3307 4432 qua
3338 4355 3488 4430 parte
3537 4361 3778 4414 Lemnon

2137 4475 2184 4533 ι)
2213 4459 2438 4519 Spectat.
2463 4469 2482 4502 ι
2525 4449 2674 4505 Gerit
2697 4452 2842 4506 enim
2864 4455 3249 4508 mouasterimn
3286 4453 3407 4518 hoc,
3431 4451 3607 4507 solum
3643 4453 3783 4505 inter

2209 4542 2388 4597 omnia
2432 4560 2461 4597 a
2508 4543 2746 4598 Bellonio
2787 4555 3142 4608 enumerata,
3189 4560 3384 4599 nomen
3433 4543 3608 4598 Laura
3645 4560 3661 4598 :
3694 4543 3779 4596 cui

2209 4633 2451 4688 additum
2485 4635 2680 4688 deinde
2727 4642 2904 4704 potest
2934 4633 3101 4689 fuisse
3145 4634 3304 4702 Ἀγία
3335 4651 3433 4690 seu
3468 4644 3676 4697 sancta,
3700 4633 3781 4688 \‘el

2209 4739 2239 4776 a
2269 4723 2572 4778 fundatoris
2602 4724 2881 4779 Athanasii
2939 4724 3230 4778 sanctitate
3253 4767 3269 4789 ,
3299 4724 3381 4778 vel
3422 4739 3450 4775 a
3489 4726 3780 4777 sanctitate

2210 4815 2379 4884 ipsius
2420 4816 2758 4880 monasterii,
2792 4815 2934 4886 quod
2959 4825 3015 4870 et
3049 4817 3155 4870 situ
3200 4815 3515 4885 particulari
3549 4829 3774 4868 venera-

2211 4907 2373 4961 bilius
2422 4919 2506 4962 est
2533 4908 2672 4972 aliis,
2711 4918 2764 4960 et
2813 4907 2897 4961 cui
2946 4906 3052 4960 alia
3103 4906 3241 4962 forte
3288 4907 3469 4961 omnia
3515 4907 3777 4974 originem

2212 5014 2364 5053 suam
2395 5011 2560 5070 atque
2601 4999 2736 5054 adeo
2782 5001 2944 5054 etiam
2973 5000 3374 5054 venerationem
3413 4997 3665 5053 debeant.
3687 4998 3778 5051 Est

2210 5101 2469 5160 praeterea
2501 5093 2893 5148 monasterium
2923 5093 3042 5157 hoc,
3069 5093 3142 5146 uti
3167 5091 3297 5147 illud
3327 5091 3774 5153 Athanasianum,

2211 5179 2264 5234 itt
2293 5181 2488 5235 montis
2535 5191 2688 5250 parte
2727 5179 2974 5234 interiori
3028 5190 3084 5236 et
3111 5184 3284 5250 magis
3317 5180 3420 5234 alta
3450 5195 3611 5249 quam
3653 5179 3776 5232 reli-

2210 5287 2338 5343 qua,
2370 5272 2485 5328 fere
2525 5273 2576 5327 in
2609 5273 2881 5327 littoribus
2908 5271 3025 5327 sitas
3053 5283 3148 5326 aut
3176 5287 3365 5340 parum
3400 5270 3524 5324 inde
3551 5278 3774 5333 remota,

2213 5366 2286 5419 uti
2323 5374 2549 5420 testatur
2571 5363 2864 5419 Bellonius.

2281 5456 2334 5510 8.
2364 5454 2467 5511 Sed
2517 5459 2799 5510 redeamus
2846 5454 2912 5509 ad
2961 5454 3206 5518 Petrum,
3238 5454 3327 5523 qui
3372 5454 3592 5508 omnino
3626 5454 3770 5524 prior

2211 5548 2513 5606 Athanasio
2541 5549 2738 5602 Athum
2764 5550 3054 5605 incoluisse
3087 5550 3264 5604 debet.
3290 5548 3408 5615 Quo
3445 5550 3586 5603 enim
3617 5559 3770 5618 pacto

2215 5656 2312 5714 per
2358 5655 2529 5695 annos
2572 5640 2685 5696 fere
2726 5641 3136 5712 quinquaginta,
3189 5655 3322 5710 quos
3363 5641 3474 5695 illic
3529 5639 3770 5709 exegisse

2223 5733 2446 5798 dicitur,
2475 5734 2643 5789 latere
2677 5733 2920 5788 outnium
2949 5733 3169 5790 omnino
3199 5731 3381 5787 oculos
3407 5731 3688 5801 patuisset,
3718 5727 3763 5785 si
