4108 6316
165 1951 174 1964 ‘
251 1945 375 2010 ctis,
407 1945 602 1999 dicitur
637 1945 890 1999 inventus
931 1945 1097 2000 fuisse
1144 1962 1172 1999 a
1227 1957 1502 2013 venatore,
1537 1949 1734 2016 vivus;
1768 1959 1822 2004 et

256 353 364 416 99-3
1306 357 1487 418 VlTA
1525 359 1586 420 S.
1630 360 1826 428 PETR

1944 362 2323 424 ΤιιΟΝιΤιΕ.
3391 361 3502 428 994

251 493 362 537 tam
398 481 652 551 frequens
681 481 1074 538 habitatoribus
1100 491 1224 540 tunc
1247 483 1437 542 fuissm
1458 492 1638 554 mens,
1663 488 1826 556 qim'n
1857 495 1903 549 Α
1935 500 2044 545 tam
2071 490 2124 544 in
2155 491 2342 544 Asiam
2370 489 2485 544 vela
2518 488 2783 554 facturos,
2811 507 2830 540 ι
2856 488 2930 543 uti
2953 496 3206 543 narratur
3236 503 3387 546 unm.
3409 491 3496 548 l0.

249 590 374 630 esse
417 584 534 643 post
560 574 916 628 Athanasium
944 576 1146 645 ρωρὶιῖ
1177 576 1317 643 Quid
1347 578 1513 633 etiam
1552 580 1655 634 sibi
1686 578 1819 643 vult,
1926 580 1998 637 Ut
2039 582 2324 636 commode
2351 581 2539 636 isthmc
2561 581 2723 634 verba
2748 581 3140 649 intelligantur,
3164 583 3500 648 separandos

253 669 400 736 quod
427 669 634 735 primus
661 667 859 721 athleta
883 667 993 723 illic
1025 669 1231 739 degerit
1273 670 1465 726 Petrus
1488 713 1504 737 ,
1534 672 1610 725 uti
1637 672 1823 726 Prolo-
1925 673 2012 728 hic
2037 681 2124 727 est
2161 683 2353 743 portus
2387 671 2454 725 ab
2479 672 2636 734 urbe,
2663 685 2727 725 ac
2765 674 2999 738 spatium
3029 671 3170 724 inter
3202 680 3495 740 utrumque

250 768 456 830 gus;et
477 759 618 828 quod
650 758 874 828 Deipara
898 758 1074 813 locum
1101 760 1250 814 illum
1271 762 1817 828 Petroconstituerit,
1925 763 2144 833 aliquod
2211 761 2553 830 interjectum
2597 761 2807 829 concipi
2861 761 3062 816 debet:
3113 761 3257 828 quod
3310 759 3496 814 Rtuna:

254 864 315 908 ut
354 853 454 907 sibi
506 851 734 906 electum
783 865 881 918 pro
926 852 1179 908 instituto
1227 855 1544 920 monastico,
1578 856 1654 910 uti
1699 855 1822 912 Vita
1923 871 2078 909 novae
2101 870 2196 910 seu
2217 853 2711 921 Constantinopoli,
2732 853 2819 907 ubi
2850 863 3041 920 portus
3073 866 3200 921 pars
3229 851 3375 905 urbis
3394 860 3496 917 est,

253 945 370 1013 ipsa
400 958 548 996 num.
577 941 636 996 ll
683 943 910 996 narrat?
951 943 1095 999 Sane
1142 946 1333 1000 isthaac
1373 958 1559 1014 aperte
1599 947 1819 1013 docent,
1923 945 2215 1000 convenire
2237 959 2340 999 non
2365 949 2561 1014 potest;
2585 950 2761 1010 petest
2781 953 2959 997 autem
2987 941 3169 998 Romae
3193 943 3382 1006 veteri,
3404 956 3497 995 cu-

253 1035 486 1104 priorem
521 1035 822 1088 Athanasio
843 1036 1044 1090 Athum
1077 1037 1369 1094 incoluisse
1388 1039 1608 1094 Petrum
1631 1048 1822 1109 :atque
1919 1037 2012 1106 jus
2031 1044 2216 1106 portus
2242 1035 2523 1091 duooecim
2552 1035 2664 1090 fere
2687 1035 2836 1089 mille
2859 1048 3055 1101 passus
3075 1034 3142 1088 ab
3167 1035 3298 1090 urbe
3318 1046 3501 1088 semo-

251 1125 459 1178 utinam
492 1134 704 1191 tempus
733 1139 949 1194 quoque
977 1126 1362 1183 intermedium
1393 1130 1684 1184 docerent!
1715 1128 1821 1184 Sed
1927 1137 2012 1183 tus
2044 1137 2146 1192 est,
2177 1128 2292 1183 sive
2325 1141 2420 1197 per
2455 1127 2607 1182 illum
2645 1126 2796 1183 Ostia
2831 1126 3109 1193 Tiberina,
3145 1126 3260 1180 sive
3305 1124 3501 1179 Portus

249 1211 380 1265 iilud
414 1212 538 1268 hinc
553 1213 879 1279 sperandum
909 1230 1012 1269 non
1042 1218 1366 1281 est,nullum
1399 1219 1654 1274 iudicium
1687 1235 1824 1289 [πω-ι
1922 1219 2189 1289 Augusti,
2220 1219 2382 1272 etiam
2416 1217 2688 1272 Romanus
2737 1217 3042 1287 appellatus
3068 1255 3102 1282 ,_
3137 1215 3486 1286 intelligatur.

248 1303 500 1358 bentihus
538 1305 720 1370 Actis,
788 1309 930 1360 unde
997 1307 1048 1361 in
1103 1310 1349 1363 notitiam
1419 1312 1642 1376 sreculi,
1715 1326 1821 1380 quo
1923 1313 2183 1374 Rursum,
2222 1312 2347 1365 hinc
2406 1311 2738 1366 solventibus
2765 1310 2816 1363 in
2841 1309 3052 1372 Asiam,
3086 1305 3192 1362 iter
3222 1324 3317 1375 per
3366 1310 3500 1362 Cre-

249 1393 434 1449 floruit
485 1395 702 1459 Petrus,
741 1399 910 1451 veniri
941 1398 1130 1466 possit.
1190 1401 1303 1454 lmo
1355 1417 1454 1455 nec
1504 1404 1630 1455 sciri
1687 1403 1822 1457 satis
1926 1413 2035 1459 tam
2086 1403 2292 1456 instituti
2353 1413 2504 1456 recta
2564 1409 2920 1468 potest;non
2985 1404 3113 1454 item
3158 1401 3499 1453 solventibus

249 1497 427 1552 certo,
475 1490 714 1555 quandiu
753 1489 806 1542 in
845 1490 990 1542 Atho
1048 1490 1265 1553 vixerit,
1307 1507 1370 1546 ex
1415 1493 1566 1548 Actis
1618 1504 1818 1564 potest,
1924 1493 2416 1561 Constantinopoli,
2473 1494 2539 1545 ab
2578 1493 2700 1546 Asia
2745 1491 2859 1544 solo
2921 1489 3160 1557 Bosporo
3228 1488 3500 1544 Thracico

251 1579 416 1634 aliter
436 1589 598 1648 atque
619 1581 776 1634 aliter
809 1581 1036 1635 subinde
1056 1580 1418 1648 loquentibus.
1452 1583 1580 1636 Nam
1610 1601 1759 1640 num.
1787 1587 1821 1642 5
1924 1587 2210 1653 dirempta.
2251 1582 2496 1651 Denique
2525 1599 2675 1637 num.
2712 1582 2799 1645 15,
2834 1598 2958 1636 cum
2984 1581 3139 1636 navis
3169 1597 3388 1635 cursum
3415 1596 3502 1636 re-

249 1673 534 1740 assignant
566 1674 884 1728 anaclioresi
911 1676 1028 1743 ejus
1069 1675 1123 1728 in
1165 1687 1348 1730 monte
1375 1692 1546 1730 annos
1584 1679 1819 1747 amplius
1924 1679 2048 1744 licta
2083 1677 2242 1731 Creta
2271 1684 2730 1746 prosequeretnr,
2761 1687 2928 1744 atque
2967 1690 3032 1728 ex
3072 1675 3364 1741 improviso
3397 1675 3499 1726 im-

251 1765 668 1836 quinquaginta,
692 1767 778 1833 qui
807 1765 1038 1819 nam.”
1055 1767 1418 1820 extenduntur
1437 1772 1502 1821 ad
1525 1785 1692 1824 annos
1710 1770 1816 1824 53:
1855 1829 1891 1836 λ
1923 1768 2141 1821 mobilis
2203 1767 2574 1832 consisteret,
2624 1767 2852 1836 jnbetur
2920 1767 3294 1820 sinistrorsum
3353 1762 3499 1818 ﬂecti

250 1865 309 1910 at
345 1871 495 1910 num.
537 1856 626 1919 '56,
664 1857 821 1909 annis
858 1855 929 1910 46
960 1857 1222 1910 duntaxat
1275 1859 1325 1910 in
1373 1873 1559 1912 eremo
1608 1869 1817 1915 transa-
1855 1854 1896 1882 ⁰
1927 1873 2115 1913 versus
2151 1859 2354 1912 Album
2391 1865 2652 1911 montem.
2685 1855 2780 1911 Est
2825 1867 3004 1911 autem
3035 1857 3210 1910 Athos
3234 1854 3405 1909 Roma
3444 1854 3500 1908 in

1919 1952 2103 2004 Asiam
2167 1949 2551 2018 navigantibus
2585 1963 2612 1998 a
2662 1959 2817 2017 parte
2856 1948 3101 2012 sinistra,
3130 1961 3251 2000 cum
3313 1945 3504 1999 eodem

1923 2038 2306 2108 navigantibus
2339 2037 2808 2108 Constantinopoli
2831 2037 3142 2092 necessario
3165 2035 3507 2104 relinquatur

1923 2150 1952 2185 a
1983 2132 2192 2186 dextra.

1855 1829 1896 1882 Β

251 2048 398 2088 anno
448 2043 569 2104 post
626 2049 753 2098 uno,
793 2049 1062 2102 mortuus,
1103 2038 1182 2091 sic
1218 2045 1278 2091 ut
1317 2038 1386 2091 47
1448 2039 1557 2092 illic
1609 2050 1820 2092 tantum

249 2127 570 2196 expleverit.
619 2126 817 2181 Verum
869 2144 992 2183 cum
1041 2129 1149 2180 duo
1192 2130 1401 2197 priores
1449 2131 1657 2182 muneri
1717 2145 1820 2182 non

249 2218 392 2272 male
431 2219 576 2272 inter
605 2233 664 2273 se
693 2220 1066 2283 concordent,
1096 2220 1288 2273 cedere
1329 2221 1435 2275 illis
1464 2221 1820 2286 posteriorem

247 2308 472 2362 unicum
511 2324 608 2378 par
635 2318 717 2363 est
749 2349 766 2372 ,
825 2307 1036 2377 dicique
1070 2309 1304 2374 debebit,
1350 2320 1444 2364 aut
1485 2325 1729 2364 errorem
1769 2311 1822 2364 in

249 2413 541 2454 numerum
565 2399 870 2468 irrepsisse,
897 2412 990 2454 aut
1011 2401 1224 2469 longius
1245 2415 1405 2469 quam
1429 2403 1552 2455 anui
1588 2401 1818 2470 spatium

249 2490 415 2558 (quod
464 2502 646 2543 tamen
699 2492 830 2544 Acta
865 2492 1085 2560 negant)
1129 2491 1270 2544 inter
1307 2493 1514 2545 abitum
1553 2493 1825 2546 venatoris

247 2597 277 2635 e
300 2589 491 2636 monte
518 2597 583 2635 ac
610 2581 838 2636 reditum
860 2581 1152 2636 efﬂuxisse.
1171 2582 1361 2638 Posset
1389 2583 1638 2638 fortassis
1661 2585 1823 2638 etiam

249 2673 545 2738 sustineri,
603 2675 742 2742 quod
799 2673 1032 2729 Sanctus
1083 2689 1255 2730 annos
1332 2675 1400 2729 47
1468 2677 1826 2730 detertninate

248 2765 448 2819 vixerit
493 2766 546 2819 in
605 2776 831 2820 monte:
887 2782 982 2821 sex
1035 2783 1185 2833 vero,
1217 2768 1309 2836 qui
1360 2767 1823 2837 superaddnntur,

249 2856 632 2926 intelligendos
659 2871 801 2922 esse,
821 2873 881 2911 ex
922 2868 1100 2912 mente
1132 2859 1289 2928 primi
1336 2857 1470 2912 Vitta
1514 2859 1823 2928 scriptoris,

253 2948 320 3000 de
349 2948 513 3003 anuis
565 2948 671 3003 illis
711 2950 802 3016 qui
849 2950 916 3003 ab
962 2949 1118 3006 initio
1183 2951 1555 3006 conversionis
1609 2952 1662 3006 in
1723 2951 1825 3016 itu,

253 3054 404 3092 mora
467 3040 752 3106 redituque
797 3039 1063 3105 Romano,
1102 3056 1274 3111 usque
1306 3044 1370 3095 ad
1410 3043 1626 3097 initium
1671 3043 1824 3098 habi-

257 3136 480 3190 tationis
513 3145 800 3200 montanae,
830 3137 1130 3192 eflluxerint
1157 3156 1172 3206 ;
1205 3139 1282 3193 sic
1311 3148 1368 3192 ιιι
1394 3148 1565 3193 totum
1591 3139 1827 3195 melioris
1855 3142 1898 3200 C
1934 3158 2056 3197 eum
2117 3139 2324 3194 Latinis
2399 3138 2614 3193 fortiter
2682 3146 2917 3192 tuentem
2943 3177 2958 3200 ,

255 3227 382 3280 vitae
411 3229 644 3296 spatium
678 3229 802 3281 anui
840 3231 907 3283 55
929 3233 1239 3286 numerandi
1265 3233 1394 3286 sint.

330 3319 384 3374 9.
425 3319 607 3373 Nihilo
637 3324 870 3376 certiora
903 3323 1058 3375 nobis
1093 3323 1158 3375 de
1185 3321 1332 3376 Petri
1366 3324 1486 3378 loco
1523 3325 1687 3380 natali
1717 3335 1826 3380 tra-

263 3411 398 3464 dunt
430 3411 591 3476 Acta,
625 3426 784 3479 quam
821 3414 886 3466 de
916 3412 1115 3465 saeculo
1139 3428 1244 3481 quo
1268 3399 1483 3468 vixerit.
1515 3413 1676 3471 Num.
1700 3415 1734 3470 6
1756 3415 1832 3471 le-

267 3503 415 3569 gitur
437 3504 728 3556 excitatum
762 3504 811 3557 in
837 3505 1008 3572 patria
1047 3503 1160 3570 ejus
1197 3505 1392 3559 bellum
1433 3506 1598 3560 fuisse
1643 3517 1830 3562 contra

265 3594 473 3650 Arabes
498 3613 512 3660 ;
541 3597 682 3665 quod
718 3597 915 3650 indicio
940 3597 1153 3666 quidem
1177 3613 1292 3653 esse
1323 3599 1511 3668 possit.
1532 3600 1580 3654 in
1618 3600 1830 3654 illorum

264 3685 524 3740 confiniis
555 3695 739 3740 natum
782 3687 977 3742 alicubi
999 3685 1168 3742 fuisse
1201 3687 1413 3742 Petrum
1437 3707 1450 3753 ;
1474 3691 1566 3745 sed
1595 3690 1835 3760 quibus?

265 3777 775 3863 Occidentalibuan
832 3794 896 3833 an
954 3782 1505 3849 septentrionalibus,
1549 3797 1618 3835 an
1668 3781 1835 3835 aliis?

261 3869 363 3926 Est
411 3872 626 3927 Arabia:
655 3873 989 3948 conterttiina
1021 3872 1303 3926 Palaestina
1338 3890 1351 3926 :
1397 3885 1547 3941 parte
1580 3875 1661 3928 sui
1690 3889 1836 3927 eam-

263 3963 382 4013 dem
415 3963 638 4030 attingit
693 3961 845 4033 Syria
880 3980 894 4015 :
938 3963 1170 4015 Arabum
1212 3963 1550 4016 incursiones
1605 3962 1835 4015 subinde

260 4054 459 4107 ctAsia
527 4055 711 4107 minor
742 4055 930 4109 sensit.
977 4054 1328 4122 Suspicemur
1357 4054 1519 4123 igitur
1554 4069 1617 4107 cx
1655 4056 1836 4124 aliqua

261 4145 489 4201 istarum
537 4149 854 4218 regionum,
897 4163 958 4202 ac
1015 4148 1281 4216 praecipue
1318 4163 1380 4200 cx
1416 4147 1675 4202 alterutra
1704 4149 1839 4202 dua-

260 4253 375 4290 rum
426 4239 767 4306 primarum,
822 4240 1108 4293 oriundum
1158 4237 1324 4293 fuisse
1368 4236 1610 4304 Petrum,
1666 4241 1841 4295 donec

257 4329 473 4385 aliunde
547 4329 746 4384 clarior
802 4329 1036 4384 fortasse
1085 4329 1174 4383 lux
1241 4329 1496 4399 alfulgeat
1531 4330 1838 4398 aliquando.

1963 2218 1992 2290 ᾗ
2033 2219 2102 2274 ll.
2147 2206 2286 2275 Vita:
2322 2230 2532 2288 auctor,
2572 2221 2846 2281 irweutor,
2883 2230 3016 2273 nova
3055 2217 3224 2272 uersio
3265 2224 3467 2277 nostra,

1997 2317 2085 2371 ll.
2123 2315 2201 2370 Ex
2241 2331 2306 2372 eo
2335 2317 2478 2385 quod
2507 2315 2737 2369 Romam
2790 2323 3027 2368 veterem
3093 2311 3370 2381 profectus
3427 2311 3502 2366 sit

1927 2407 2142 2473 Petrus,
2171 2409 2248 2462 uti
2287 2409 2541 2472 vidimus,
2577 2408 2758 2475 ibique
2789 2405 3031 2458 habitum
3063 2402 3334 2471 acceperit
3379 2416 3501 2456 mo-

1927 2502 2215 2565 nasticum,
2249 2500 2392 2555 omni
2422 2498 2734 2554 schismatis
2765 2496 3094 2562 suspicione,
3121 2510 3282 2564 quam
3311 2493 3505 2560 aliquis

1925 2594 2170 2662 objicere
2223 2599 2426 2660 posset,
2480 2589 2779 2652 eximitur;
2849 2587 3062 2641 tametsi
3121 2584 3506 2639 schismaticus

1928 2694 2091 2752 atque
2117 2684 2402 2737 haereticus
2437 2681 2598 2735 fuerit
2651 2682 2716 2744 is,
2753 2682 2846 2750 qui
2882 2679 3060 2734 Vitam
3105 2694 3266 2746 quam
3294 2677 3508 2731 edimus

1927 2791 2021 2831 sua
2052 2775 2365 2845 paraphrasi
2393 2774 2624 2827 ornavit.
2657 2771 2953 2828 Estantem
2998 2774 3042 2827 is
3078 2772 3370 2841 Gregorius
3399 2770 3506 2824 Pa-

1929 2866 2117 2928 lamas,
2149 2865 2591 2935 archicpiscopus
2623 2863 3150 2926 Thessalonicensis,
3202 2863 3502 2930 scriptione

1929 2973 2241 3029 sua,quam
2292 2969 2481 3014 contra
2530 2958 2760 3013 Beccum
2818 2956 3185 3026 patriarcham
3244 2954 3351 3008 CP.
3384 2954 3510 3022 Spi-

1931 3051 2092 3104 ritum
2125 3057 2370 3102 sanctum
2402 3065 2429 3101 a
2454 3047 2616 3102 Patre
2646 3058 2808 3116 atque
2826 3046 2963 3101 Filio
2985 3045 3144 3099 simul
3178 3043 3499 3111 procedere,

3033 3136 3320 3203 publicavit
3344 3177 3356 3195 ,
3407 3150 3507 3190 sa:-

1937 3234 2062 3289 culo
2092 3249 2180 3288 Itv
2210 3231 2490 3294 famosus;
2535 3245 2632 3284 nec
2661 3244 2764 3282 nun
2812 3228 3069 3281 famosior
3101 3227 3214 3288 illa,
3249 3243 3350 3295 qua
3380 3243 3510 3282 cou—

1939 3326 2144 3382 futatus
2193 3325 2308 3394 ipse
2357 3331 2548 3392 postea
2609 3321 2709 3375 fuit
2759 3337 2787 3372 a
2847 3319 3106 3378 cardinali
3165 3319 3510 3382 Bessarione,

1938 3418 2093 3474 Becci
2125 3427 2286 3484 atque
2331 3414 2613 3470 catholica:
2643 3413 2900 3467 doctrinae
2927 3414 2994 3466 de
3047 3409 3282 3478 Spiritus
3333 3409 3510 3463 sancti

1939 3508 2289 3579 processione
2343 3507 2562 3577 egregio
2611 3503 2920 3559 defensore.
2975 3502 3274 3558 lncoluisse
3332 3513 3511 3554 autem

1940 3612 1994 3656 et
2025 3602 2138 3670 ipse
2164 3599 2416 3653 Palamas
2449 3598 2664 3652 videtur
2687 3605 2923 3648 montem
2947 3595 3169 3660 Album,
3203 3593 3514 3662 priusquam

1943 3691 2388 3758 archiepiscopus
2422 3700 2738 3752 crearetur;
2793 3685 2972 3754 ibique
3001 3683 3180 3737 Vitam
3207 3687 3342 3736 hanc
3375 3683 3512 3736 scri-

1945 3785 2140 3850 psisse,
2171 3791 2226 3834 et
2257 3796 2352 3848 pro
2397 3779 2660 3833 concione
2697 3777 2762 3830 ad
2795 3777 3088 3830 monachos
3125 3775 3320 3828 ibidem
3345 3774 3516 3827 habi-

1947 3883 2124 3928 tantes
2147 3875 2366 3926 dixisse.
2392 3872 2675 3940 Colligitur
2702 3870 2754 3924 id
2782 3884 2846 3923 ex
2885 3868 3136 3936 Prologo,
3166 3868 3251 3918 ubi
3286 3867 3516 3932 Athum,

1945 3965 2156 4018 huncce
2191 3971 2428 4015 montem
2451 4001 2465 4023 .
2501 3972 2551 4014 et
2578 3960 2818 4024 Petrum,
2852 3969 3149 4014 nostratem
3185 3967 3347 4026 atque
3379 3958 3520 4012 indi-

1954 4072 2150 4125 genam
2187 4053 2448 4122 appellat,
2475 4053 2563 4118 qui
2601 4053 2684 4104 hic
2709 4061 2996 4113 terrarum,
3029 4063 3222 4114 nempe
3248 4049 3299 4101 in
3331 4057 3553 4104 monte.

1948 4150 2049 4204 hoc
2070 4148 2236 4211 Atho,
2265 4144 2528 4198 habitavit
2562 4153 2722 4212 atque
2754 4141 2949 4194 ibidem
2999 4140 3228 4210 primum
3258 4149 3515 4207 tmpaeum

1949 4242 2015 4294 de
2047 4239 2191 4291 victo
2221 4239 2464 4289 daemone
2498 4234 2690 4287 erexit.
2715 4231 2789 4288 Ut
2842 4245 2972 4285 vero
3026 4230 3195 4299 magis
3247 4231 3520 4284 eximatur

1948 4328 2254 4396 suspicione
2299 4324 2608 4380 schismatis
2643 4323 2858 4386 Petrus,
2888 4322 3180 4375 notandum
3210 4330 3311 4385 est,
3342 4337 3517 4390 ipsum

262 4417 520 4477 Excitato
557 4421 640 4492 (ut
671 4422 926 4492 diximus)
965 4421 1124 4484 bello,
1176 4421 1227 4474 in
1277 4437 1523 4489 campum
1557 4439 1676 4476 cum
1722 4423 1844 4478 aliis
1877 4449 1920 4503 ι)
1952 4414 2121 4469 Roma
2159 4414 2482 4481 profectum,
2513 4414 2564 4466 in
2593 4411 2750 4466 Creta
2775 4411 3032 4464 miracula
3066 4421 3344 4479 operatum
3378 4426 3520 4478 esse,

273 4518 545 4580 processit
573 4511 790 4579 Petrus,
829 4525 1126 4582 captusque
1153 4515 1204 4566 in
1241 4514 1494 4568 Arabiam
1530 4514 1840 4580 abducitur,

275 4613 327 4657 et
353 4607 567 4660 carceri
603 4605 964 4674 mancipatur.
997 4604 1127 4658 lude
1152 4619 1280 4659 vero
1312 4605 1566 4658 divinitus
1597 4617 1837 4673 ereptus,

279 4693 505 4752 Romam
571 4696 674 4750 iter
709 4696 972 4760 instituit;
1021 4711 1251 4766 eamque
1292 4696 1582 4765 ingressus,
1637 4714 1663 4748 a
1707 4709 1843 4764 pon-

1951 4520 2050 4558 nec
2097 4520 2218 4558 cum
2251 4503 2362 4556 ullo
2414 4502 2629 4566 exinde,
2665 4509 2861 4570 prazter
2897 4508 3162 4562 vectores,
3194 4499 3517 4552 collocutum

1951 4596 2120 4650 fuisse
2179 4609 2348 4662 usque
2409 4593 2473 4646 ad
2529 4593 2888 4661 penultimum
2949 4590 3071 4643 vita-
3127 4604 3237 4642 sua).
3279 4607 3516 4658 annum;

1951 4693 2191 4758 adeoque
2230 4703 2352 4742 cum
2397 4688 2608 4740 nemine
2649 4685 2845 4755 egisse,
2879 4686 2968 4754 qui
3001 4698 3124 4737 eum
3158 4685 3224 4737 ad
3279 4684 3514 4738 schisma

1950 4780 2262 4850 pertrahere
2312 4779 2563 4847 potuerit.
2601 4778 2674 4834 Ut
2722 4778 2854 4830 nihil
2892 4777 3092 4838 dicam,
3141 4775 3279 4844 quod
3327 4775 3517 4831 incola

1951 4874 2186 4941 ejusdem
2223 4869 2425 4925 montis
2457 4870 2728 4933 monachi,
2765 4868 2900 4921 uniti
2935 4868 3133 4921 fuerint
3183 4869 3357 4920 adlmc
3410 4866 3518 4921 Ro-

1955 4980 2125 5018 mam»
2154 4962 2405 5016 Ecclesia;
2430 4961 2634 5017 saeculo
2668 4975 2799 5024 xm;
2826 4959 3039 5027 quando
3087 4959 3360 5011 humiliter
3389 4973 3516 5026 sup-

1955 5057 2222 5125 plicarunt
2277 5053 2593 5108 Innocentio
2656 5050 2721 5104 ΙΙΙ
2792 5065 2940 5119 papa:
2995 5058 3054 5102 ut
3104 5050 3379 5103 libertates
3413 5050 3517 5102 sibi

1955 5161 2082 5200 suas
2138 5145 2508 5205 confirmaret,
2558 5155 2722 5209 seque
2776 5139 2876 5194 sub
2925 5137 3066 5192 beati
3102 5137 3245 5190 Petri
3303 5153 3367 5192 ac
3421 5152 3514 5190 sua

1958 5235 2122 5302 ipsius
2155 5249 2303 5301 papze
2351 5231 2684 5301 protectione
2734 5229 3008 5296 suscipere
3039 5227 3394 5297 dignaretur:
3438 5228 3516 5279 uti

1954 5335 2007 5378 et
2069 5325 2267 5378 factum
2324 5332 2405 5376 est
2435 5337 2526 5391 per
2576 5320 2894 5389 rescriptum
2930 5319 3170 5387 ejusdem
3228 5317 3520 5387 pontiﬁcis,

1958 5413 2318 5482 Epistolarum
2365 5413 2483 5478 ejus
2538 5409 2677 5463 libro
2713 5423 2834 5471 xvr,
2885 5408 3044 5476 epist.
3096 5406 3520 5459 lGS'insertnm.

1958 5507 2110 5572 Quod
2142 5505 2184 5558 si
2210 5502 2404 5558 deinde
2429 5499 2756 5556 schismatici
2788 5498 2909 5552 facti
2960 5509 3084 5551 sunt
3111 5496 3359 5550 monachi
3421 5493 3522 5558 illi,

1959 5599 2035 5651 uti
2089 5597 2188 5648 fuit
2233 5597 2347 5662 ipse
2407 5593 2693 5654 Palamas,
2725 5591 2854 5659 quid
2915 5591 2965 5642 id
3019 5589 3198 5649 faciat,
3242 5595 3299 5639 ut
3358 5585 3520 5637 etiam

1971 5686 2357 5740 schismaticus
2406 5682 2686 5752 judicetur
2715 5679 2887 5733 fuisse
2940 5678 3156 5739 Petrus,
3187 5683 3336 5727 tanto
3369 5673 3524 5742 prius

1966 5788 2252 5844 mortuus,
2289 5792 2410 5832 cum
2444 5775 2578 5830 nihil
2608 5772 2829 5828 omnino
2875 5770 3016 5837 quod
3062 5766 3299 5822 schisma
3350 5765 3527 5830 sapiat

280 4788 420 4842 tilice
451 4791 808 4844 monasticum
842 4788 1078 4842 induitur
1127 4789 1364 4842 habitum
1401 4797 1454 4841 et
1502 4789 1727 4866 (locetur
1763 4789 1846 4840 in-

279 4881 548 4934 stitutum.
631 4879 848 4933 Utinam
910 4879 998 4934 hic
1065 4889 1254 4934 auctor
1311 4879 1585 4948 pontificis
1649 4893 1843 4932 nomen

279 4973 673 5036 ertpressisset!
699 4969 942 5026 Certiora
980 4971 1106 5024 inde
1152 4971 1409 5038 temporis
1468 4970 1664 5022 indicia
1702 4969 1846 5022 nacti

284 5057 608 5128 fuissemus,
660 5078 722 5116 ac
755 5063 959 5118 certius
1003 5061 1443 5115 distinxissemus
1469 5098 1485 5120 ,
1553 5061 1850 5114 Romamne

286 5161 505 5211 novam,
542 5165 609 5203 an
652 5157 884 5204 veterem
917 5148 1192 5218 profectus
1230 5148 1392 5202 fuerit
1417 5146 1851 5212 Petrus.Qnam-

289 5239 370 5291 vis
426 5242 544 5294 sine
607 5243 697 5296 illo
741 5243 941 5295 indicio
994 5241 1166 5293 ausim
1199 5253 1465 5301 asserere,
1503 5238 1727 5291 Romam
1766 5239 1852 5290 hic

292 5326 688 5398 intelligendam
707 5348 827 5386 esse
862 5341 1121 5393 veterem,
1145 5331 1304 5399 idque
1329 5347 1390 5384 ex
1417 5332 1532 5398 ipso
1563 5329 1853 5397 navigatio-

291 5417 376 5472 nis
410 5436 570 5476 cursu
597 5407 841 5477 ostendo.

363 5510 450 5563 10.
490 5512 623 5569 Nam
656 5515 742 5568 ubi
777 5513 945 5568 Roma
983 5515 1280 5569 discessum
1316 5511 1636 5573 meditatur,
1670 5508 1855 5578 inqui-

294 5598 495 5656 siturus
533 5607 734 5672 locum,
772 5607 1047 5675 proposito
1073 5605 1176 5660 sibi
1196 5603 1438 5658 instituto
1457 5612 1854 5669 oppertunum;

303 5706 322 5738 ς
358 5689 545 5750 Incidit
567 5701 618 5753 in
650 5709 864 5766 nautas,
893 5701 1002 5765 jam
1023 5707 1244 5768 paratos
1287 5696 1569 5750 discedere
1601 5708 1670 5747 ex
1697 5693 1853 5756 urbe,

300 5795 394 5833 nec
425 5788 594 5844 multo
628 5801 746 5861 post
777 5807 806 5846 c
847 5799 1002 5860 portu
1034 5789 1328 5851 soluturos,
1379 5794 1539 5855 atque
1567 5799 1664 5854 per
1720 5783 1854 5838 Cre-
