4108 6316
594 327 701 392 999

1836 316 2218 385 GREGORII
2257 314 2582 385 PALAM/E

3707 321 3860 391 1000

594 447 888 504 translatus
916 448 1021 515 es},
1048 447 1136 502 ubi
1167 444 1470 503 certamina
1502 458 1598 498 sua
1647 436 1755 497 Deo
1786 441 1946 510 digne
1971 451 2153 495 cvrta-

2273 443 2456 505 ἱθλους
2506 443 2692 512 ἠνυσε,
2727 441 2821 494 καὶ
2862 439 2988 496 ὅθεν
3033 440 3241 510 ἀνέπτη
3277 437 3416 509 πρδς
3462 427 3724 512 οὐρανὸν,
3758 443 3856 496 τὸν

595 544 696 605 vit,
727 557 791 596 ac
817 542 960 596 unde
1003 550 1184 597 tamen
1231 540 1286 594 in
1333 539 1504 592 cmlos
1554 535 1830 593 avolavit:
1869 537 2037 595 hunc,
2079 533 2163 586 in-

598 647 784 702 quam,
813 633 1226 688 celeberrimum
1259 627 1738 692 venerandumque
1769 625 1941 680 locum
1963 625 2164 690 ;bunc,

597 725 856 777 virtutum
915 724 1126 789 sedem;
1191 723 1336 776 hunc
1369 719 1546 776 omnis
1594 716 1898 773 benestatis
1945 715 2166 770 domici-

597 814 770 880 lium;
812 816 976 876 hunc,
1029 814 1328 868 caelestium
1380 811 1579 871 simile.
1633 825 1738 863 non
1793 808 2163 862 manufactum

600 905 1055 968 tabernaculum;
1097 905 1260 968 hunc,
1316 902 1495 959 omnis
1546 901 1741 956 celeris
1773 913 1988 970 purum,
2019 897 2166 953 omni

600 995 924 1050 exsecrabili
968 993 1249 1048 atlectione
1274 994 1436 1048 animi
1455 993 1809 1062 superiorem,
1836 1006 1863 1043 a
1882 990 2168 1045 sanctitate

601 1100 697 1139 sua
725 1099 962 1153 congrue
995 1084 1694 1154 cognominatumjmontem
1716 1100 1730 1148 ;
1753 1084 1916 1146 hunc,
1937 1082 1990 1134 in
2016 1088 2168 1146 parte

602 1173 792 1242 patriae.
849 1172 1039 1226 habuit
1085 1173 1168 1226 vir
1200 1172 1290 1226 ille
1347 1190 1361 1226 :
1427 1172 1585 1242 cujus
1643 1171 1788 1226 nulla
1841 1171 2050 1225 mentio
2109 1171 2166 1224 iit

602 1265 831 1332 uspiam,
865 1263 969 1317 nisi
1000 1272 1056 1318 et
1089 1263 1284 1317 montis
1310 1261 1437 1329 ﬂat;
1482 1262 1626 1318 nulla
1663 1270 1812 1332 gesta
1854 1261 2166 1326 audiuntur,

601 1357 701 1410 nisi
732 1367 787 1411 et
817 1370 970 1411 mons
991 1355 1359 1424 intelligatur;
1384 1371 1454 1411 ex
1482 1371 1591 1425 quo
1633 1356 1890 1410 videlicet
1923 1357 2038 1424 ipse
2089 1353 2169 1408 di-

598 1448 898 1518 gnoscitur,
928 1448 1012 1511 tab
1061 1447 1290 1515 aliisque
1327 1446 1568 1516 ejusdem
1598 1447 1832 1501 nominis
1877 1443 2167 1515 distingui-

601 1547 692 1592 tur
725 1578 743 1605 ,
789 1553 912 1591 cum
939 1537 1225 1592 Athouites
1258 1538 1449 1591 merito
1476 1536 1796 1608 appellatur.

667 1623 722 1677 5.
764 1623 818 1677 Si
849 1625 992 1677 enim
1041 1625 1266 1678 Athenis
1319 1626 1434 1695 lege
1466 1634 1744 1695 receptum
1779 1623 1907 1691 fuit,
1957 1635 2017 1680 ut
2067 1612 2166 1679 ad-

597 1726 751 1766 venae
776 1722 899 1782 post
925 1713 1105 1767 Irienii
1146 1729 1378 1778 moram,
1426 1730 1524 1785 pro
1564 1717 1737 1783 patria
1776 1730 1873 1770 sua
1907 1716 2169 1770 haberent

2271 534 2546 604 περιφανῆ
2587 533 2799 585 τουτονὶ
2851 532 2995 600 λέγω
3026 534 3120 584 καὶ
3175 533 3474 601 σεϐάσμιον
3504 533 3712 603 χῶρον.
3751 537 3856 604 τὴν

2270 625 2382 679 τῶν
2429 625 2641 694 ἀρετῶν
2686 624 2893 690 ἑστίαν,
2925 625 2987 677 τὸ
3023 625 3192 679 καλοῦ
3243 626 3447 689 παντὸς
3493 625 3854 694 ἐνδιαίτημα,

2271 716 2370 785 τὴν
2432 716 2541 768 τῶν
2595 715 2941 785 ἐπουρανίων
2993 713 3288 770 ἀντίτυπόν
3347 725 3407 770 τε
3470 719 3564 770 καὶ
3627 719 3856 786 ἀχειρο-

2272 809 2494 879 ποίητον
2543 810 2770 876 σκηνὴν,
2801 809 2860 859 τό
2919 808 3121 867 παντὸς
3181 808 3351 874 ἄγους
3412 807 3700 877 ἐλεύθερον
3758 810 3854 861 καὶ

2271 899 2472 962 παντὸς
2501 899 2706 962 πάθους
2731 897 2961 965 ἐναγοῦς
2996 898 3288 968 ἀνώτερον,
3316 900 3377 950 τὸ
3402 899 3500 968 τῆς
3527 900 3851 969 ἀγιωτύνης

2273 991 2609 1061 φερωνύμως
2641 989 2927 1058 ἐπώνυμον
2957 989 3080 1060 ὅρος
3105 1006 3119 1022 ο
3149 989 3310 1042 τοῦτό
3338 993 3486 1043 ἐστιν
3537 993 3596 1042 ἐν
3647 992 3852 1060 πατρίς

2272 1082 2360 1146 δος
2416 1081 2581 1152 μοίρᾳ
2621 1079 2699 1150 τῷ
2732 1081 3099 1151 προκειμένῳ,
3129 1080 3225 1134 καὶ
3271 1081 3450 1150 τούτῳ
3496 1082 3850 1136 συλλαλεῖται

2271 1173 2368 1230 καὶ
2419 1175 2794 1233 συνακούεται,
2828 1167 3127 1227 κάντεῦθεν
3175 1164 3331 1237 οὗτος
3389 1174 3848 1241 ἐπιγινώσκεται,

2228 1265 2368 1320 ’καὶ
2413 1265 2513 1337 τὴν
2568 1265 2707 1335 πρὸς
2769 1265 2896 1327 τοὺς
2955 1263 3284 1348 ὁμωνύμους
3346 1266 3504 1334 φέρει
3556 1265 3852 1336 διαστολὴν

2287 1358 2580 1428 ’Ᾱθωνίτης
2609 1358 2832 1420 δικαίως
2863 1353 3274 1427 ὠνομασμένος.

2345 1619 2406 1678 ε’.
2444 1624 2506 1677 Ei
2535 1623 2642 1694 γὰρ
2669 1624 2726 1676 ἐν
2763 1621 3036 1692 Ἀθήναιῆ
3070 1626 3210 1693 μετά
3243 1618 3434 1696 τριετῆ
3485 1627 3844 1697 προσεδρίαν,

2275 1717 2396 1771 ἀντὶ
2432 1716 2688 1788 πατρίδος
2724 1717 2960 1786 χρῆσθαι
2995 1719 3061 1786 τῇ
3098 1718 3253 1771 πόλει
3304 1720 3429 1780 τοὺς
3472 1719 3847 1789 προσηλύτους

597 1804 807 1867 urbem,
837 1805 891 1858 in
920 1804 1180 1874 illamque
1227 1805 1447 1876 ascripti
1475 1817 1866 1872 censerentur;
1897 1808 2166 1876 quomodo

2273 1809 2629 1878 νομιζόμενον
2678 1805 2768 1879 ἦν,
2807 1811 2922 1872 πῶς
2965 1811 3026 1863 οὐ
3061 1811 3286 1875 δικαίως
3333 1813 3706 1866 ἀντιποιεῖται
3753 1815 3846 1867 τώ

595 1906 703 1947 non
733 1893 924 1948 merito
957 1895 1100 1949 hunc
1146 1894 1250 1950 sibi
1308 1904 1544 1950 montem
1589 1895 1862 1961 vindicet,
1897 1907 1954 1952 ut
1979 1914 2164 1964 suum,

595 1985 680 2037 vir
712 1997 955 2049 sanctus,
987 1986 1076 2038 ubi
1125 2000 1297 2040 annos
1346 1987 1577 2055 amplius
1611 1989 2004 2060 quinquaginta
2045 2005 2172 2046 exe-

597 2077 700 2144 git,
767 2077 926 2141 idque
976 2077 1029 2129 in
1082 2086 1226 2132 tanta
1281 2077 1499 2134 virttitis
1549 2081 1896 2152 acquirendae
1939 2089 2171 2136 conten-

601 2165 784 2220 tione?
811 2164 1080 2222 Praeterea
1116 2170 1160 2224 si
1218 2168 1309 2223 illa
1355 2172 1553 2242 cuique
1586 2175 1759 2243 patria
1788 2173 2034 2228 habenda
2078 2175 2170 2240 sit,

596 2257 690 2311 ubi
729 2258 937 2313 felicem
974 2261 1095 2327 quis
1127 2263 1238 2333 agit
1269 2263 1437 2318 vitam
1486 2265 1963 2335 (quemadmodum
1997 2267 2172 2336 genti-

597 2349 728 2403 lium
775 2352 992 2418 quidam
1046 2354 1262 2422 sapiens
1312 2357 1731 2428 pronuntiavit),
1769 2359 1926 2428 quis,
1955 2373 2170 2428 quaeso,

599 2440 806 2509 uspiam
841 2451 932 2496 aut
963 2441 1178 2498 felicius
1217 2446 1326 2514 egit
1351 2446 1492 2516 aliqu
1509 2447 1662 2511 sudo,
1695 2457 1790 2502 aut
1838 2448 2173 2518 inposterum

598 2540 818 2587 acturus
847 2542 930 2586 est
961 2547 1126 2600 quam
1155 2534 1242 2588 hic
1277 2534 1363 2589 vir
1396 2535 1452 2589 in
1495 2538 1663 2592 hocce
1686 2547 1868 2592 monte
1891 2538 1914 2591 τ
1940 2537 2028 2592 ubi
2047 2554 2172 2594 cum

601 2620 709 2674 Deo
738 2620 1047 2690 frequenter
1077 2623 1414 2690 conferebat,
1449 2641 1512 2681 ac
1537 2627 1720 2682 divina
1745 2629 1957 2685 visione
1981 2630 2174 2701 digna-

599 2712 797 2776 batur;
834 2713 940 2767 imo
970 2713 1053 2784 (ut
1083 2725 1254 2770 totum
1281 2717 1602 2789 compendio
1639 2719 1841 2792 dicam)
1866 2723 1955 2777 ubi
1980 2724 2172 2778 huma-

602 2817 728 2856 nam
759 2812 1104 2874 trangressus
1130 2816 1405 2876 naturam,
1431 2811 1593 2881 inque
1621 2827 1749 2868 vere
1768 2815 2002 2870 divinam
2029 2831 2176 2871 com-

603 2903 841 2950 mutatus
877 2896 1016 2967 (quae
1045 2913 1175 2953 vero
1200 2899 1520 2969 eloquentiae
1544 2905 1628 2959 vis
1653 2913 1864 2960 tantum
1888 2907 2176 2978 eloquatur

603 2988 1004 3060 miraculum!)
1055 2992 1428 3047 excellentiam
1482 2995 1602 3066 plus
1634 3012 1795 3068 quam
1844 3001 2173 3068 naturalem,

2270 1901 2432 1973 ὅρους
2466 1905 2493 1956 ὀ
2533 1903 2707 1970 ἀγιος,
2745 1903 2929 1956 πλεῖον
2959 1904 2990 1974 ἦ
3016 1906 3357 1974 πεντήκοντα
3387 1907 3675 1976 περιόδους
3711 1908 3847 1958 ἐτῶν

2271 1993 2489 2048 ἐνταῦθ’
2516 1995 2743 2062 ἀνύσας,
2775 1997 2868 2049 καὶ
2911 1997 3066 2050 ταῦθ’
3109 1995 3282 2059 οὕτως
3309 2000 3619 2066 ἐναγωνίως
3648 2016 3665 2065 ;
3700 1997 3766 2055 El
3791 2002 3844 2054 et

2273 2087 2370 2140 καὶ
2400 2091 2600 2157 πατρὶς
2643 2087 2856 2158 ἑκάστῳ
2887 2078 3010 2141 καθδ
3038 2091 3104 2159 ἣν
3127 2091 3191 2145 ἄν
3221 2108 3306 2153 τις
3334 2081 3534 2163 εὗτυχῇ
3570 2093 3843 2164 (καθάπερ

2271 2193 2355 2239 τις
2381 2177 2491 2229 τῶν
2529 2177 2728 2243 ἔξωθεν
2778 2179 3102 2248 ἀπεφήνατο
3131 2181 3356 2249 σοφῶν),
3396 2181 3481 2244 τίς
3512 2182 3577 2235 ἄν
3607 2195 3711 2236 που
3739 2185 3846 2234 τῶν

2273 2270 2533 2324 ἁπάντων
2569 2269 2779 2340 βέλτιον
2805 2271 2838 2342 ἢ
2866 2271 3153 2338 πράξειεν,
3183 2267 3216 2344 ἢ
3253 2274 3437 2342 μέλλει
3465 2276 3714 2345 πράξειν,
3747 2276 3846 2344 τῆς

2272 2353 2375 2416 ὧδε
2435 2365 2529 2419 τοῦ
2567 2363 2758 2435 ἀνδρὸς
2809 2365 3146 2435 εὐκληρίαςδ
3187 2360 3250 2420 οὗ
3300 2365 3420 2436 Θεῷ
3466 2366 3701 2435 συνῆλθε
3750 2368 3844 2419 καὶ

2273 2453 2425 2517 θείας
2473 2454 2602 2517 θέας
2651 2456 2907 2526 ἐπέτυχε,
2950 2457 3151 2526 μᾶλλον
3181 2457 3259 2523 δὲ,
3292 2449 3381 2512 ἵνα
3429 2460 3489 2512 τὸ
3543 2461 3653 2511 πᾶν
3706 2461 3844 2513 εἴπω

2274 2548 2534 2612 συνελὼν,
2592 2543 2652 2603 οὗ
2703 2551 2806 2622 τὴν
2860 2550 3208 2622 ἀνθρωπείαν
3252 2546 3607 2623 ὖπεραναϐἀς
3659 2551 3840 2621 φύσιν,

2275 2639 2373 2694 καὶ
2421 2641 2522 2712 τὴν
2578 2641 2729 2694 θείαν
2785 2643 2956 2705 ὅντως
3006 2638 3376 2714 ἠλλοιωμένος
3418 2645 3704 2698 ἀλλοίωσιν
3745 2648 3846 2714 (τίς

2274 2733 2341 2788 ἂν
2397 2735 2770 2807 ἀποχρήσεται
2834 2735 2991 2805 λόγος
3047 2738 3402 2806 παραστῆσαι
3466 2737 3526 2789 τὸ
3589 2738 3775 2806 θαῦμα
3805 2734 3844 2804 ;)

2275 2826 2412 2896 πρὸς
2445 2827 2506 2878 τὸ
2539 2826 2640 2894 τῆς
2663 2829 2818 2893 ἀξίας
2843 2827 3144 2896 ὑπερφυὲς,
3173 2829 3243 2897 τῇ
3272 2826 3366 2880 τοῦ
3413 2827 3671 2896 Ὑψίστου
3697 2826 3846 2897 δεξιᾷ

2277 2919 2772 2990 μετεῤῥύθμηταις
2831 2917 2976 2973 Ἀλλ’
3060 2920 3208 2988 ὅμως
3261 2920 3359 2988 τῆς
3412 2918 3668 2988 πατρίδος
3748 2919 3848 2988 μὲν

2272 3009 2546 3079 ὑπερεῖδε,
2581 3010 2659 3080 τῷ
2713 3010 2770 3063 δὲ
2829 3013 2924 3082 τῆς
2978 3010 3090 3064 ἀνω
3138 3013 3379 3082 προξένῳ
3427 3009 3684 3076 πατρίδος
3722 3009 3848 3076 ὄρει

601 3079 866 3148 Altissimi
910 3093 1239 3150 cooperante
1301 3087 1552 3154 dextera,
1608 3091 1922 3160 acquisivit.
1979 3091 2168 3163 Spreta

2274 3101 2451 3170 τούτῳ
2502 3102 2904 3170 προσέδραμεν,
2935 3095 2996 3153 οἶ)
3031 3103 3096 3172 δὴ
3137 3105 3228 3154 καὶ
3275 3101 3362 3152 τὸν
3411 3097 3647 3167 πολυετῆ
3697 3097 3842 3167 βίον,

605 3170 770 3239 igitur
799 3175 974 3241 patria
1002 3190 1122 3242 sua,
1163 3175 1216 3230 in
1255 3178 1400 3234 hunc
1428 3191 1686 3245 montem,
1721 3188 2064 3242 commodum
2099 3191 2166 3246 ad

2277 3194 2376 3246 καὶ
2401 3194 2500 3263 τὴν
2535 3193 2766 3264 ἀόρατον
2795 3193 3103 3264 ἀνθρώποις
3136 3194 3340 3247 δίαιταν
3367 3191 3553 3262 ῆνυσε.

603 3264 877 3319 caelestem
913 3268 1144 3336 patriam
1175 3275 1618 3343 comparandam,
1672 3281 2034 3350 conscendit,
2073 3285 2254 3354 ibique
2283 3298 2334 3342 et
2367 3288 2678 3358 multorum.
2696 3303 2962 3343 annorum
3031 3299 3246 3344 aetatem
3332 3287 3501 3351 duxit,
3570 3297 3626 3340 et
3695 3288 3848 3344 iusti-

607 3366 783 3414 tutum
817 3362 1050 3427 vii/cudi,
1079 3368 1220 3433 quod
1249 3371 1434 3422 oculos
1466 3369 1733 3426 humanos
1764 3372 1977 3436 lateret,
2011 3385 2230 3432 secutus
2261 3389 2366 3434 est.

677 3453 732 3508 ti.
766 3451 1026 3520 Equidem
1059 3458 1405 3514 considerare
1437 3475 1534 3514 vos
1553 3462 1714 3516 velim
1756 3464 2180 3535 incomprehem-

601 3544 814 3599 sibilent
846 3551 1123 3616 sapientia:
1141 3547 1337 3604 divinae
1365 3554 1759 3621 praastantiam,
1786 3556 2028 3625 ejusdem
2054 3573 2178 3628 erga

607 3637 855 3691 homines
898 3639 1253 3706 providentiae
1286 3656 1596 3709 excessum,
1633 3655 1689 3700 et
1733 3647 1962 3702 salutem
1991 3663 2178 3706 eorum

605 3729 958 3796 promovendi
988 3731 1309 3784 desiderium
1342 3734 1668 3792 insatiabile.
1688 3735 1972 3793 Excitalur
2003 3741 2056 3794 in
2084 3756 2180 3811 pa-

605 3818 706 3870 tria
756 3819 1090 3873 admirabilis
1143 3821 1367 3888 hujusce
1417 3823 1595 3880 Patris
1667 3825 1863 3882 bellum
1918 3833 2180 3890 adversus

599 3908 832 3968 Arabes.
863 3907 1000 3976 Ipse,
1036 3911 1241 3966 bellica:
1267 3912 1423 3981 artis,
1450 3923 1510 3968 ut
1541 3917 1774 3984 videtur,
1818 3937 1922 3976 non
1950 3925 2172 3981 omnino

599 4001 776 4066 rudis,
828 4016 952 4055 cum
1009 4003 1125 4058 suis
1173 4006 1467 4075 gentilibus
1520 4007 1570 4062 in
1603 4025 1851 4081 campum
1883 4017 2172 4084 procedit;

601 4093 814 4158 capitur
864 4092 932 4147 ab
965 4093 1208 4150 hostibus
1238 4134 1255 4164 ,
1289 4107 1344 4152 et
1393 4100 1583 4167 procul
1625 4117 1654 4155 a
1713 4104 1883 4173 patria
1931 4109 2178 4176 captivus

605 4184 932 4248 abducitur;
966 4187 1176 4250 alienae,
1195 4188 1422 4258 ejusque
1443 4191 1658 4247 hostilis
1721 4204 1880 4248 terrae
1914 4197 2175 4252 interiora

604 4284 827 4329 coactus
854 4276 989 4340 adit,
1023 4291 1172 4331 arcto
1197 4282 1405 4335 carceri
1453 4285 1812 4352 mancipatur,
1846 4286 1985 4356 cippi
2019 4290 2172 4358 pedi-

606 4366 707 4420 bus
738 4365 1074 4430 injiciuntur,
1105 4367 1218 4434 ipse
1250 4370 1355 4424 cibi
1395 4371 1568 4446 inedia
1601 4382 1908 4428 maceratur
1931 4416 1946 4442 ,
1978 4378 2174 4434 intole—

611 4455 801 4510 rabilia
859 4457 1027 4510 multa
1083 4458 1320 4526 patitur,
1365 4461 1662 4531 despondet
1700 4460 1962 4532 animum,
2008 4471 2170 4525 vitam

2278 4480 2453 4550 ἐνδείᾳ
2529 4483 2680 4545 πιέζε

610 4549 906 4615 desperat;
963 4548 1198 4616 denique
1262 4553 1328 4606 ad
1391 4552 1556 4608 Demn
1596 4558 1856 4627 confugit,
1890 4561 2048 4631 rique
2077 4564 2176 4618 soli

611 4635 965 4706 ituposterum
999 4654 1058 4694 se
1080 4640 1346 4696 victurum
1372 4647 1659 4713 promittit,
1690 4649 1731 4703 si
1766 4650 1926 4706 modo
1959 4653 2177 4709 liberio-

612 4741 724 4781 rem
777 4746 900 4784 aera
948 4731 1267 4801 conspicere
1331 4734 1644 4805 aliquando,
1683 4758 1743 4794 ac
1793 4747 1927 4796 mala
1977 4749 2179 4814 quibus

609 4821 874 4888 premitur
896 4825 1124 4879 evadere
1172 4826 1468 4896 comingat.
1523 4829 1664 4895 Quid
1702 4831 1864 4902 igitur
1899 4836 2006 4898 hic,
2033 4839 2179 4892 celer

609 4909 679 4963 ad
703 4913 1119 4978 exaudiendum,
1154 4926 1207 4967 et
1234 4917 1488 4984 providus
1516 4919 1580 4973 ad
1605 4923 1994 4978 consulendum
2021 4926 2178 4982 rebus

615 5003 826 5058 miseris
882 5005 1064 5058 Deus?
1128 5005 1305 5062 Moras
1352 5008 1618 5080 tantisper
1677 5015 1865 5080 nectit,
1922 5023 1977 5070 et
2042 5034 2176 5073 cun-

611 5097 810 5150 ctando
840 5097 1088 5154 miserias
1125 5099 1243 5170 ejus
1295 5101 1630 5172 longiuscule
1661 5110 1904 5175 protendi
1950 5113 2177 5181 permit-

616 5189 718 5253 tit;
779 5189 939 5256 idque
991 5194 1433 5262 prudentissime,
1482 5206 1539 5250 ttt
1596 5198 1845 5254 videlicet
1874 5202 1955 5257 sic
2007 5206 2176 5274 magis

613 5285 725 5331 tuta
767 5278 904 5333 l‘orct
952 5285 1277 5351 supplicanti
1331 5286 1585 5352 libertas;
1634 5291 2071 5362 quandoquidem
2103 5297 2174 5350 ita

607 5383 734 5424 cuut
797 5372 1105 5427 lto-niuibus
1143 5390 1519 5445 comparatum
1557 5381 1664 5445 sit,
1714 5390 1773 5434 ut
1823 5395 2172 5454 posteaquam

609 5462 964 5518 liheratisuut
1005 5465 1068 5517 iis
1101 5467 1296 5533 quibus
1328 5466 1713 5536 premebantur
1741 5473 2012 5541 adversis,
2050 5487 2171 5531 vota

612 5555 761 5624 prius
796 5555 938 5610 facta
964 5557 1124 5612 facile
1169 5560 1464 5630 negligant,
1509 5564 1562 5618 ni
1597 5580 1658 5619 ea
1692 5567 1859 5635 probe
1889 5571 2174 5623 continua-

609 5658 802 5699 νει-ιιιι.

679 5744 733 5800 7.
757 5740 899 5808 Quid
932 5747 1139 5819 porro?
1178 5749 1282 5802 l'cr
1316 5750 1550 5820 quietem
1597 5755 1859 5822 promissa
1902 5758 2019 5827 ejus
2056 5771 2169 5813 rata

2351 3476 2425 3535 ς’.
2463 3463 2573 3524 Καὶ
2618 3473 2872 3524 σκοπεῖτε
2918 3472 2978 3525 τὸ
3009 3471 3105 3542 τῆς
3129 3472 3279 3536 θείας
3329 3473 3522 3542 σοφίας
3551 3475 3860 3545 ἀμήχανον,-

2277 3563 2374 3616 καὶ
2429 3565 2528 3634 τὴν
2587 3564 2722 3630 πρδς
2779 3563 3100 3636 ἀνθρώπους
3155 3564 3245 3617 τοῦ
3320 3565 3462 3618 Θεοῦ
3527 3567 3839 3636 κηδεμονίας

2279 3657 2609 3726 ὑπερϐολὴν,
2652 3659 2746 3710 καὶ
2776 3661 2876 3724 τὴν
2917 3659 3056 3728 ὑπὲρ
3087 3659 3146 3711 τὸ
3197 3653 3396 3724 σώζειν
3430 3661 3820 3730 ἀνυπέρϐλητον

2279 3748 2487 3817 ἔφεσιν.
2535 3748 2998 3822 Ἀναρριπίζεται·
3028 3751 3262 3821 πόλεμος
3299 3755 3365 3824 τῇ
3397 3744 3494 3806 τοῦ
3543 3753 3828 3824 θαυμασίου

2277 3842 2466 3894 τούτου
2516 3843 2727 3910 Πατρὸς
2775 3845 2995 3914 πατρίδι
3050 3843 3184 3915 πρὸς
3219 3845 3506 3916 Ἀραόαςο
3564 3848 3592 3900 ὀ
3647 3847 3721 3912 δὲ,
3755 3863 3839 3898 συ·

2277 3935 2677 4003 στρατιωτικῆς
2735 3933 2847 4003 (ὡς
2909 3935 3119 4005 ἔοικεν)
3180 3936 3281 3989 οὐκ
3347 3939 3685 4008 ἀμελέτητος
3738 3935 3840 4002 ὦν,

2276 4014 2620 4094 συμπολεμεῖ
2667 4029 2778 4088 τοῖς
2821 4027 3147 4097 ὁμοφύλοις·
3207 4028 3313 4082 ὑπὸ
3365 4030 3474 4085 τῶν
3534 4031 3844 4098 ἀλλοφύλων

2273 4113 2598 4167 ἁλίσκεται’
2667 4116 2859 4189 πόῥρω
2931 4119 3031 4188 τῆς
3109 4114 3438 4189 ἐνεγκούσης
3498 4124 3844 4193 αἰχμάλωτος

2279 4206 2656 4270 ἀποικίζεται·
2689 4211 2786 4278 τῆς
2816 4209 3106 4280 ἀλλοτρίας
3155 4213 3417 4282 ἐνδοτέρω
3451 4214 3546 4267 καὶ
3586 4215 3848 4285 πολεμίας

2279 4299 2438 4350 ποσὶν
2498 4300 2797 4368 ἀὸοὐλητος
2855 4303 3180 4373 προϐαίνειο
3238 4306 3519 4376 φρουρίοις
3579 4309 3840 4378 ἀφύκτοις

2280 4389 2706 4458 καθείργνυται·
2739 4393 2815 4461 τῷ
2866 4395 2985 4446 ποδὶ
3041 4395 3229 4458 πέδαις
3281 4397 3586 4466 δεσμείται,
3638 4401 3841 4470 τροφῆς

2687 4501 2794 4547 ται,
2849 4485 3016 4537 πολλὰ
3097 4488 3295 4557 πάσχει
3370 4490 3478 4542 τῶν
3531 4493 3840 4562 ἀφορήτων,

2279 4571 2646 4640 ἐξαπορεῖται,
2695 4577 2795 4644 τὴν
2841 4578 3048 4629 οἰκείαν
3099 4578 3247 4650 ζωὴν
3296 4580 3651 4648 ἁπολέγεται,
3697 4583 3842 4644 τέλος

2278 4664 2372 4716 ἐπὶ
2426 4664 2572 4728 Θεὸν,
2619 4669 2975 4737 καταφεύγει,
3022 4673 3194 4740 τούτῳ
3254 4672 3401 4742 μόνῳ
3439 4673 3636 4737 ζώσειν
3677 4679 3844 4742 ἑπαγ-

2277 4758 2547 4824 γέλλεται,
2605 4762 2765 4828 μόλον
2825 4764 2874 4814 εί
2931 4763 3043 4829 φῶς
3093 4764 3379 4834 ἐλεύθερον
3434 4767 3553 4832 ἰδοι,
3591 4771 3687 4820 καὶ
3741 4769 3839 4820 τῶν

2279 4853 2612 4920 συνεχὸντων
2643 4854 2926 4925 ἀπαλλάξῃ
2976 4856 3188 4911 δεινῶν.
3220 4857 3284 4910 Τί
3325 4857 3416 4910 οὖν
3444 4861 3473 4912 ὁ
3501 4860 3668 4928 ταχὺς
3707 4859 3837 4929 ὁμοῦ

2278 4942 2371 4993 καὶ
2406 4945 2696 5013 προμηθὴς
2741 4945 2903 5012 Θεὸ;;
2948 4946 3338 5000 Ἀναϐἁλλεται
3365 4949 3498 5011 τέως
3545 4949 3646 5020 τὴν
3682 4949 3839 5016 ταχύ-

2276 5041 2449 5101 τητα,
2502 5039 2594 5087 καί
2647 5035 2724 5103 τῷ
2776 5037 2990 5105 μέλλειν
3064 5038 3164 5102 τάς
3218 5037 3410 5103 ὀδύνας
3476 5041 3836 5095 ἐπιτείνεσθαι

2281 5127 2587 5193 συγχωρεῖ·
2626 5128 3077 5197 προμηθούμενος
3107 5131 3279 5200 δήπου
3331 5132 3422 5184 τὸν
3450 5133 3640 5201 ίκέτην
3666 5136 3838 5201 ἀσφα-

2277 5215 2531 5285 λέστερον
2576 5217 2742 5282 eam,
2787 5221 2973 5290 ἐπειδὴ
3018 5222 3329 5290 πεφύκασιν
3371 5223 3652 5293 ἂνθρωποι
3705 5224 3837 5292 μετά

2276 5306 2375 5377 τὴν
2409 5307 2501 5360 τοῦ
2536 5311 2809 5374 πιέζοντος
2842 5312 3182 5383 ἀπαλλαγὴν,
3219 5314 3330 5366 τῶν
3372 5317 3429 5366 ἐν
3464 5314 3614 5385 αὐτῷ
3647 5315 3836 5384 συνθηο

2278 5397 2388 5449 κῶν
2443 5399 2802 5468 ὑπερφρονεῖν
2855 5403 3070 5475 ῥᾳδίως,
3106 5407 3172 5458 ἂν
3224 5405 3302 5473 μὴ
3357 5404 3559 5470 ταύτας
3595 5405 3836 5476 ἀκριϐῶς

2279 5493 2680 5561 ίσχυρίσωνται.

2347 5758 2411 5823 ζ’.
2454 5760 2518 5813 Τί
2567 5760 2628 5814 τὸ
2678 5761 2959 5829 ἓντεῦἸενε
3007 5763 3084 5816 Δι’
3139 5764 3363 5835 ὀνεὲρων
3420 5766 3570 5836 αὐτῷ
3620 5767 3687 5821 τὰ
3741 5768 3834 5830 τῆς
