4146 6308
376 334 505 399 1001

1479 328 1659 392 VITA
1692 329 1754 390 S.
1793 328 2025 391 PETRI
2066 330 2489 397 ᾹΤΗΟΝΙΤᾹΞ.

3477 326 3612 397 10οἳ

368 446 718 517 ὑποσχέσεως
770 443 1015 516 ἐμπεδοῖ.
1064 443 1155 496 καὶ
1212 440 1372 494 αὐτὸν
1433 441 1565 512 δναρ
1632 443 1941 513 ἐπιπέμπει

2072 444 2205 499 tabat
2226 444 2396 505 Dens.
2421 437 2631 512 objecta
2658 441 2900 505 visione,
2934 455 3057 511 qua:
3109 440 3212 511 ipsi
3265 451 3625 511 reprtrsentet

366 540 565 609 τούτῳ,
598 538 689 590 τὸν
720 537 895 608 μέγαν
924 538 982 590 ἐν
1007 535 1291 606 ίεράρχαις
1320 535 1414 589 καὶ
1457 536 1737 605 Πατράσιν
1764 536 1942 601 ἁγῖοις

368 629 663 691 Νικόλαον,
702 626 763 680 ὂν
791 626 887 679 καὶ
937 626 1097 686 αὐτὸς
1126 624 1394 678 ἐπεϐοᾶτο
1423 625 1775 694 θερμότερον,
1812 624 1848 677 ἆ
1885 641 1945 676 τε

369 726 469 795 τῆς
497 723 633 794 πρὸς
665 721 797 774 Θεὸν
827 718 996 773 αὑτοῦ
1033 718 1349 791 παρρησίας
1383 719 1817 786 πεπειραμένος,
1856 719 1947 769 καὶ

371 816 462 869 διὰ
508 811 787 882 θαύματος
833 809 993 862 αὑτὸν
1042 809 1215 876 ἄγων,
1264 808 1479 869 πολλαῖς
1532 809 1626 860 καὶ
1676 807 1947 878 πρότερον

386 905 729 974 κεχρημένος
784 897 926 967 ὑπὲρ
956 897 1122 950 αὐτοῦ
1154 896 1449 967 θαύμασιν.
1492 898 1588 959 Ὃς
1622 896 1685 967 δὴ
1718 896 1811 950 καὶ
1845 913 1944 964 φα.

375 998 486 1056 νε¹ις
520 993 618 1067 οὐχ
649 988 815 1055 ἅπαξ,
848 989 963 1045 ἀλλ’
990 990 1094 1061 ήδη
1125 991 1221 1046 καὶ
1264 991 1366 1055 δὶς,
1392 990 1527 1044 πολὺ
1559 989 1949 1058 κατεμέμφετο

372 1092 470 1163 τὴν
497 1089 590 1141 τοῦ
616 1087 809 1158 ἀνδρὸς
851 1085 1130 1150 ἀδουλίαν,
1172 1085 1428 1149 πολλάκις
1456 1085 1555 1154 μὲν
1586 1083 1651 1153 δὴ
1690 1085 1783 1135 καὶ
1816 1081 1946 1152 πρό-

370 1201 529 1252 τερον
562 1179 859 1249 εὐξαμένου
895 1178 996 1249 τὴν
1021 1177 1129 1230 ἀπὸ
1150 1176 1243 1230 τοῦ
1274 1176 1480 1245 κόσμου
1512 1176 1713 1246 φυγὴν,
1754 1174 1952 1245 ὡρμη-

375 1275 540 1342 μένου
567 1270 623 1327 δὲ
659 1268 782 1341 μηδ’
817 1269 962 1329 ὅπως
996 1266 1093 1322 οὒν
1121 1266 1270 1338 ἔργῳ
1302 1264 1402 1333 τὴν
1424 1265 1590 1336 εὐχὴν
1629 1262 1947 1315 ἀποδοῦναι.

376 1364 565 1438 Ταύτῃ
617 1379 699 1415 τοι
766 1360 989 1420 δικαίως
1041 1360 1246 1430 ἀρτίως
1302 1357 1564 1425 ἔφασκεν,
1618 1354 1733 1409 οὔτ’
1790 1353 1953 1422 αὐτὸς

376 1455 641 1524 εἰσακούῃ
670 1454 827 1520 κάγὼ
869 1451 1079 1505 πείθειν
1107 1448 1311 1523 ἥκιστα
1346 1447 1605 1519 δύναμαι,
1656 1444 1953 1517 πρεσϐείαν

373 1548 516 1616 ὑπὲρ
587 1545 696 1598 τῶν
760 1561 844 1597 σοι
907 1543 1181 1597 συνοίσειν
1244 1541 1547 1615 μελλόντων
1609 1540 1748 1610 πρὸς
1815 1537 1952 1590 Θεὸν

373 1638 723 1707 ποιούμενος.
769 1634 932 1689 Ἀλλά
959 1634 1090 1704 γὰρ,
1121 1632 1176 1686 εῐ
1212 1650 1302 1709 μοι
1348 1630 1537 1703 πείθῃ,
1568 1631 1659 1683 καὶ
1699 1628 1857 1682 ἄλλον
1887 1628 1951 1696 δή

373 1748 494 1784 τινα
547 1728 659 1781 τῶν
720 1726 865 1796 μέγα
923 1725 1075 1797 παρά
1106 1724 1226 1795 Θεῷ
1263 1723 1582 1799 δυναμένων
1609 1719 1953 1786 ἐπικέκλησο

2051 551 2302 605 maguum
2330 535 2642 603 episcOpum
2675 542 2728 588 et
2761 533 2999 598 Patrem,
3021 542 3267 591 Sanctum
3296 533 3576 588 Nicolaum
3603 551 3621 599 ς

2049 641 2208 695 quem
2240 626 2401 678 etiam
2445 624 2718 678 ferventer
2752 623 3038 689 inyocabat
3062 663 3078 687 ,
3114 632 3299 694 utpote
3330 625 3444 695 ejus
3482 625 3628 694 apud

2054 717 2218 771 [leum
2251 717 2700 772 intercessionem
2751 731 3053 787 expertus;
3099 720 3458 790 eumdemque
3512 720 3626 789 jam

2051 809 2257 877 pridem
2295 809 2447 879 plura
2510 810 2562 863 in
2623 824 2685 866 se
2730 811 3001 867 mirabilia
3034 823 3340 883 operatum,
3375 813 3625 868 miraculi

2053 901 2171 954 loco
2211 901 2467 959 habebat.
2500 899 2684 973 Neque
2708 916 2837 958 vero
2867 904 3033 958 semel
3057 913 3290 967 tantum,
3325 903 3418 959 sed
3442 913 3496 965 et
3527 904 3630 958 ite-

2054 1007 2173 1043 rum
2207 1006 2265 1043 se
2302 994 2418 1046 viro
2443 991 2735 1047 videndum
2764 994 2997 1061 prmbuit
3024 1004 3265 1060 sanctus,
3291 994 3513 1051 multum
3545 997 3630 1050 in-

2053 1096 2286 1154 crepans
2326 1084 2688 1138 temeritatem
2733 1085 2870 1154 ejus,
2904 1086 3045 1155 quod
3090 1086 3201 1157 jam
3238 1087 3445 1154 pridem
3480 1102 3627 1156 swpe

2057 1177 2295 1232 vovisset
2325 1176 2508 1248 fugant
2543 1193 2571 1229 a
2600 1179 2819 1242 saeculo,
2844 1186 2898 1233 et
2934 1179 3195 1237 nihildum
3215 1181 3325 1235 voti
3359 1181 3442 1235 sui
3469 1197 3633 1252 opere

2056 1269 2172 1337 ipso
2228 1270 2503 1339 complere
2555 1280 2826 1325 curasset.
2882 1270 3286 1339 Quamobrem,
3330 1273 3630 1342 inquiebat,

2055 1364 2254 1414 tnerito
2279 1375 2456 1431 neque
2494 1373 2545 1413 tu
2595 1376 2742 1421 nunc
2781 1363 3088 1428 exaudiris,
3141 1379 3316 1435 neque
3362 1379 3480 1432 ego,
3540 1364 3633 1432 qui

2055 1463 2156 1517 pro
2195 1450 2363 1504 rebus
2420 1449 2516 1504 tibi
2572 1451 2873 1519 profuturis
2918 1455 3060 1523 apud
3102 1454 3266 1508 Deum
3325 1452 3628 1516 intercedo,

2059 1543 2351 1610 impetrare
2389 1558 2549 1612 queo.
2582 1543 2988 1608 Verumtamen,
3032 1546 3077 1600 si
3127 1560 3212 1600 me
3236 1544 3390 1599 audis
3415 1584 3431 1611 ,
3469 1538 3633 1599 alium

2058 1648 2278 1702 quoque
2345 1649 2411 1695 ex
2474 1649 2660 1698 eorum
2726 1651 2984 1699 numero,
3042 1636 3132 1706 qui
3209 1636 3437 1690 multmn
3494 1639 3636 1705 apud

2061 1723 2231 1776 Deum
2262 1723 2466 1790 valent,
2499 1724 2804 1794 adjutorcm
2857 1738 2920 1778 ac
2966 1732 3251 1793 patronum
3305 1724 3494 1790 invpca
3524 1762 3538 1784 ,
3580 1731 3639 1773 ut

375 1820 595 1893 βοηθὸν,
624 1819 765 1875 ὥστε
804 1834 894 1888 μοι
926 1814 1308 1887 συμϐαλέσθαι
1362 1814 1620 1885 σπουδὴν,
1664 1814 1747 1869 ὅτι
1806 1812 1962 1866 πλεί-

2072 1814 2161 1867 illo
2194 1828 2417 1882 operam
2469 1830 2625 1871 suam
2668 1831 2797 1870 ntere
2850 1816 3216 1885 adjungente,
3264 1815 3490 1885 amplius
3542 1814 3636 1868 tibi

375 1931 510 1988 στην
548 1913 689 1983 ὑπὲρ
718 1910 811 1964 σοῦ
848 1910 1180 1981 ποιουμένῳ.

447 2056 518 2120 η’.
552 2050 760 2119 Πέτρου
790 2047 847 2101 δὲ
871 2046 1396 2114 ἀνθυπενεγκόντοςο
1437 2045 1548 2097 Καὶ
1575 2044 1661 2106 τίς
1704 2044 1812 2115 ἄρα
1845 2044 1964 2111 μεῖ-

376 2140 470 2207 ζον
495 2141 528 2211 ἢ
565 2141 631 2194 σὺ
658 2138 913 2205 δύναταις
940 2135 1258 2206 Συμεώνης,
1290 2135 1382 2188 τὸν
1413 2135 1625 2187 εἰπεῖν·
1662 2131 1963 2202 Συμεώνης

379 2232 612 2294 ἐκεῖνος,
644 2227 702 2292 ὃς
756 2227 815 2283 εὖ
850 2228 996 2297 μάλα
1054 2225 1427 2296 πρεσϐυτικάς
1464 2223 1637 2277 πάλαι
1691 2223 1814 2277 ποθ’
1865 2224 1967 2279 ὑπ-

380 2323 558 2390 ανῆκε
590 2324 803 2390 χεῖρας,
828 2319 924 2372 καὶ
967 2316 1841 2388 τεσσαρακονθήμερονύπανέσχε
1872 2314 1965 2367 τὸν

382 2415 492 2482 πρὸ
536 2412 643 2466 τῶν
701 2410 1007 2482 ἀνθρώπων
1053 2410 1209 2463 Θεόν.
1251 2409 1392 2462 Ἀλλ’
1422 2410 1450 2461 ό
1503 2408 1621 2476 μὲν,
1666 2409 1808 2476 μετᾶ
1862 2405 1964 2474 τὴν

380 2509 688 2573 εἰσήγησιν,
737 2504 914 2557 ἀπιὼν
967 2502 1165 2573 ᾤχετο.
1222 2502 1432 2569 Πέτρου
1486 2500 1543 2553 δὲ
1591 2496 1850 2569 παραυτά
1876 2499 1965 2551 τὸν

381 2597 552 2651 ὕπνον
600 2594 1063 2664 ἀποσεισαμένου,
1100 2594 1269 2657 πολὺς
1316 2593 1406 2645 ἐπὶ
1449 2592 1623 2660 στόμα
1670 2590 1965 2659 Συμεώνης

380 2685 451 2758 ἦν
475 2704 488 2719 ·
522 2687 617 2740 καὶ
656 2685 796 2757 βοῶν
821 2686 923 2740 οὐκ
954 2684 1183 2755 ἀνῆκεν,
1214 2681 1516 2736 ἀντιϐολῶν
1541 2681 1643 2736 οὐκ
1675 2680 1963 2743 ἐνέδωκεν,

388 2783 496 2842 ἕως
551 2779 775 2832 ἔπεισε·
808 2780 873 2848 τῇ
931 2776 1040 2846 γὰρ
1092 2774 1356 2844 ὑστεραίᾳ
1392 2773 1555 2826 πάλιν
1602 2774 1895 2840 ἐφίσταται
1936 2772 1965 2824 δ

383 2871 674 2934 Νικόλαος,
707 2869 802 2922 καὶ
844 2868 1128 2923 ἀνατεῖναι
1164 2866 1303 2935 πρὸς
1354 2863 1649 2934 Συμεῶνην
1680 2864 1965 2915 ἐπιτάττει

383 2963 484 3025 τὰς
515 2960 691 3031 ὄψεις.
732 2960 793 3013 Ὀ
822 2958 878 3019 δὲ
928 2958 1101 3029 ταχὺς
1141 2954 1624 3026 ἐπεστραμμένος,
1672 2953 1966 3025 ἐπιτερπὲς

2057 1907 2363 1976 proficiam.
2401 1925 2405 1930 ·

2133 2042 2188 2099 8.
2222 2041 2544 2112 Opponeute
2570 2053 2748 2098 autem
2782 2046 2942 2099 Petro
2971 2061 2985 2097 :
3018 2042 3216 2112 Ecquis
3236 2079 3253 2105 ,
3285 2042 3505 2106 amabo,
3537 2055 3639 2110 po-

2062 2133 2265 2186 tentius
2286 2133 2541 2201 opitulari
2581 2148 2745 2202 quam
2781 2144 2862 2197 ttt,
2888 2134 3100 2203 potest?
3131 2133 3379 2197 Simeon,
3405 2131 3481 2185 ait
3510 2145 3640 2185 sane

2063 2235 2204 2280 ctus.
2246 2224 2506 2279 Videlicet
2535 2226 2639 2279 iste
2667 2224 2886 2280 Simeon
2918 2266 2933 2290 ,
2971 2226 3063 2294 qui
3108 2225 3306 2280 seniles
3349 2224 3639 2279 admodum

2064 2317 2300 2373 lacertos
2328 2318 2458 2372 olim
2491 2318 2783 2387 aliquando
2826 2319 3119 2382 submisit,
3153 2317 3326 2386 iisque
3354 2318 3471 2371 dies
3499 2332 3640 2387 qua-

2065 2408 2314 2476 draginta
2352 2418 2562 2471 natum,
2592 2409 2840 2463 eumdem
2863 2449 2877 2474 ,
2912 2409 3004 2475 qui
3037 2416 3165 2462 ante
3195 2409 3440 2463 conditos
3466 2409 3645 2463 bomi-

2067 2513 2161 2554 nes
2187 2498 2443 2566 exsistit,
2492 2497 2662 2552 Deutu
2702 2505 2966 2567 suscepit.
3023 2499 3085 2555 Et
3134 2501 3389 2557 Nicotaus
3423 2503 3640 2570 quidem

2066 2591 2218 2646 hisce
2265 2592 2427 2646 dictis
2478 2593 2737 2648 recedens
2791 2595 3036 2648 evanuit.
3092 2594 3283 2649 Petrus
3335 2610 3467 2651 vero
3517 2610 3643 2653 mox

2065 2698 2297 2739 excusso
2321 2699 2515 2738 setnno
2570 2684 2879 2741 Simeonem
2916 2686 3177 2757 frequens
3216 2702 3313 2742 ore
3365 2688 3643 2755 versabat,

2067 2791 2131 2829 ac
2170 2776 2537 2832 indesinenter
2591 2778 2938 2842 inclamabat,
2991 2795 3091 2834 nec
3138 2780 3343 2834 instare
3390 2782 3642 2843 cessavit.

2066 2866 2244 2921 donec
2298 2871 2439 2936 quod
2475 2871 2696 2938 petebat
2744 2872 3087 2940 impetraret.
3142 2869 3363 2926 Postera
3406 2888 3645 2941 namque

2069 2960 2157 3016 die
2192 2961 2368 3016 denuo
2403 2963 2451 3017 ei
2477 2973 2665 3018 astans
2702 2962 2982 3029 Ninulaus,
3014 2964 3296 3020 intendere
3355 2967 3406 3019 in
3439 2967 3648 3021 Simeor

384 3023 490 3125 ξιρᾷ
535 3023 714 3121 θέαμα
738 3067 752 3082 ·
788 3023 1107 3121 σεμνδνδτι
1158 3023 1404 3120 μάλιστα
1435 3023 1532 3101 καὶ
1565 3046 1750 3107 πολιὸν
1776 3023 1966 3116 ἄνδρα,

2074 3066 2193 3105 nem
2233 3052 2423 3108 oculos
2464 3054 2641 3122 jubet.
2672 3055 2794 3123 Ipse
2850 3070 2978 3111 vero
3028 3072 3150 3110 mox
3205 3073 3272 3112 eu
3321 3073 3645 3129 conversus,

389 3147 530 3202 κατᾶ
576 3146 636 3197 τὸ
673 3143 910 3206 παλαιὸν
967 3141 1091 3206 έθος
1140 3139 1552 3212 ἀρχιερατικῶς
1612 3138 1969 3209 ἐσταλμένον,

389 3237 592 3310 χρυσοῦ
623 3252 684 3288 τε
718 3234 899 3305 ῥάϐδῳ
934 3233 1178 3302 κοσμίως
1210 3230 1660 3301 ἐπερειδόμενον,
1700 3234 1792 3284 καὶ
1832 3229 1972 3300 πρὸς

389 3330 559 3383 αὐτὸν
592 3326 816 3405 ὲπίχαρί
858 3343 910 3388 τι
967 3330 1064 3378 καὶ
1095 3322 1365 3393 προσηνὲς
1412 3322 1705 3393 ἐνορῶντα,
1740 3322 1833 3375 καὶ
1875 3320 1973 3389 τὴν

390 3423 588 3491 ἄφεσιν
631 3417 1149 3487 εὐαγγελιζόμενον,
1180 3418 1340 3483 εἴπερ
1398 3414 1505 3485 ἀρα
1555 3413 1785 3476 καὶτὰς
1836 3411 1973 3482 πρὸς

391 3496 525 3571 Θεὸν
565 3513 843 3581 συνθήκας
873 3514 953 3573 εἰς
984 3510 1145 3579 ἔργον
1174 3508 1405 3576 ἀγαγεῖν
1446 3506 1833 3578 προθυμεῖται,
1865 3505 1973 3562 Τοῦ

394 3608 451 3659 δὲ
486 3606 694 3676 Πέτρου
745 3602 1083 3673 συνθεμένου
1136 3599 1466 3671 προθύμως,
1503 3599 1716 3660 ἐκεῖνος
1756 3598 1879 3656 ὅποι
1910 3594 1974 3666 δὴ

397 3697 644 3769 βούλοιτο
703 3696 944 3771 βαδίζειν
993 3693 1169 3756 ἀδέως
1218 3690 1571 3762 ὑπαγορεύει,
1608 3691 1823 3757 ἐξιόντα
1870 3690 1973 3762 τῆς

396 3791 643 3861 εἱρκτῆς.
677 3788 784 3845 Τοῦ
828 3787 886 3849 δὲ
931 3787 1019 3840 τὸν
1055 3784 1187 3857 περὶ
1214 3784 1339 3844 τοὺς
1391 3783 1555 3845 πόδας
1586 3778 1741 3845 αὖθις
1768 3782 1972 3837 ἐπιδει-

398 3884 627 3945 κνύντος
675 3880 896 3950 δεσμὸν,
953 3877 1049 3931 καὶ
1089 3878 1150 3930 τὸ
1202 3874 1485 3944 ἐπίταγμα
1540 3874 1648 3933 τῶν
1697 3874 1976 3927 ἀδυνάτων

398 3972 543 4028 εἶναι
578 3971 985 4042 διατεινομένου
1012 3967 1388 4031 παντάπασιν,
1420 3963 1607 4036 ἡρέμα
1638 3963 1976 4033 μετεωρίσας

397 4070 428 4122 ό
474 4066 755 4133 Θεοδόχος,
815 4063 915 4137 τὴν
967 4060 1134 4114 καλὸν
1194 4056 1705 4128 ὰπαστράπτουσαν
1760 4053 1976 4124 ἐκείνην

403 4160 600 4231 ρἁἷον
631 4160 774 4228 ἄκρᾳ
804 4154 982 4226 ταύτῃ
1014 4151 1179 4224 ψαύει
1232 4150 1344 4203 τῶν
1373 4148 1617 4219 δεσμῶν,
1660 4147 1753 4199 καὶ
1793 4143 1977 4217 χρυσῷ

400 4259 497 4306 τὸν
526 4252 744 4321 σίδηρον
786 4250 858 4312 ὡς
892 4247 1138 4317 ἀράχνης
1171 4243 1270 4315 (ῶς
1313 4241 1501 4313 φασιν)
1546 4240 1716 4303 ἰστὸν,
1744 4239 1976 4307 ἀπονητὶ

401 4345 714 4417 διατέμνει·
753 4340 847 4394 καὶ
887 4342 916 4393 ὁ
948 4338 1152 4405 Πέτρος
1203 4334 1389 4401 εὐθὺς,
1426 4333 1527 4403 οὐχ
1568 4333 1716 4394 ὅπως
1745 4331 1853 4390 τῶν
1879 4347 1977 4389 πε-

401 4437 512 4488 δῶν
553 4434 799 4496 ἐκείνων,
827 4431 963 4484 ἀλλὰ
996 4430 1093 4491 καὶ
1131 4427 1334 4484 παντὸς
1363 4427 1524 4490 ἐκτὸς
1555 4423 1977 4493 περιτειχίσμα-

402 4546 496 4591 τος
530 4526 595 4598 (ᾧ
642 4525 738 4589 τοῦ
786 4522 1066 4592 θαύματος
1086 4521 1126 4593 l)
1163 4521 1222 4572 ἐν
1259 4521 1459 4588 ἀκαρεί
1505 4516 1702 4588 χρόνου
1743 4515 1974 4583 γίνεται,

408 4624 505 4675 καὶ
533 4619 800 4682 Νικόλαον
832 4616 997 4688 μόνον
1057 4610 1639 4692 συμπαρομαρτοῦντά
1681 4610 1731 4664 οἱ
1760 4607 1971 4677 βλέπει,

406 4717 506 4767 καὶ
564 4710 826 4772 πείθοντα
885 4705 1082 4778 μηκέτ’
1130 4705 1291 4775 ὄναρ,
1321 4702 1437 4758 ἀλλ’
1493 4701 1644 4775 ῦπαρ
1691 4697 1829 4753 εἶναι
1873 4699 1973 4768 τὴν

405 4806 707 4874 ἢεδομένην
737 4799 1088 4875 ἐλευθερίαν·
1125 4798 1261 4868 πρὸς
1295 4795 1354 4853 δὲ
1399 4797 1497 4847 καὶ
1545 4795 1711 4863 πόρον
1740 4790 1971 4867 ἐφοδίων

407 4896 827 4957 ὑποδεικνύντα,
859 4893 1039 4961 κῆπον
1081 4890 1144 4958 δή
1197 4905 1320 4949 τινα
1371 4885 1676 4947 πολυειδέσι
1717 4882 1983 4951 τεθηλότα

406 4993 677 5061 δένδροις,
724 4991 819 5047 καὶ
880 4984 1099 5046 πολλοῖς
1160 4982 1271 5037 τῶν
1336 4979 1617 5048 ἐδωδίμων
1681 4976 1983 5047 βρίθουσιν.

420 5084 515 5137 Ἐν
538 5081 773 5143 τούτοις.
808 5080 837 5138 ό
888 5078 986 5147 μὲν
1036 5072 1203 5149 συλᾷν
1234 5069 1662 5137 εὐλαβούμενος,
1689 5065 1798 5125 οὐδ’
1829 5065 1987 5134 ἄκρῳ

2069 3144 2368 3215 jucundum
2402 3149 2752 3217 conspicatur
2804 3151 3208 3217 spectaculum,
3241 3167 3429 3221 nempe
3460 3167 3645 3207 senem

2073 3253 2237 3308 quam
2279 3240 2512 3297 maxime
2546 3242 2915 3297 venerandum
2948 3253 3003 3296 et
3045 3258 3240 3304 canunt
3266 3283 3282 3307 ,
3314 3245 3488 3298 instar
3520 3259 3650 3312 pou-9

2077 3331 2235 3386 titicis
2267 3345 2418 3385 more
2461 3333 2806 3401 antiquorum
2859 3338 3109 3388 vestitum
3132 3373 3147 3395 ,
3180 3350 3343 3389 aureo
3394 3337 3649 3390 decenter

2077 3401 2400 3478 i‘nuitentem
2437 3424 2654 3489 baculo,
2679 3425 2732 3479 in
2765 3424 3059 3495 ipsumque
3092 3427 3334 3496 gratioso
3358 3442 3421 3481 ac
3441 3428 3643 3485 blando

2076 3519 2230 3575 vultu
2268 3518 2590 3581 intuentem,
2617 3535 2681 3574 ac
2733 3519 3071 3575 nuntiantem
3101 3560 3117 3584 ,
3153 3519 3271 3573 fore
3312 3529 3371 3573 ttt
3403 3520 3550 3575 brevi
3579 3520 3650 3573 li-
3738 3504 3745 3518 ’

2077 3609 2343 3664 bertatem
2376 3623 2749 3679 consequatur
2772 3651 2788 3677 ,
2822 3611 3115 3666 dummodo
3143 3626 3263 3681 qua:
3291 3610 3400 3667 Deo
3426 3623 3649 3665 voverat

2078 3710 2326 3770 prompto
2357 3701 2539 3755 animo
2569 3699 2756 3755 etl'ecta
2812 3701 2966 3756 daret
3000 3718 3013 3755 :
3049 3710 3104 3756 et
3139 3702 3562 3771 promptissime.
3592 3717 3653 3758 se

2077 3789 2355 3854 daturum,
2392 3792 2657 3844 annuenti
2719 3790 2882 3845 Petro
2935 3791 3176 3845 suaviter
3221 3789 3474 3858 imperat,
3515 3802 3652 3862 quo-

2078 3896 2313 3951 cumque
2344 3883 2492 3943 velit.
2520 3896 2744 3936 carcere
2771 3896 3027 3951 egressus
3055 3882 3233 3936 abeat.
3274 3883 3521 3951 Cumque
3562 3884 3652 3935 ille

2079 3974 2281 4031 denuo,
2335 3972 2534 4038 quibus
2587 3973 2806 4025 vinctus
2846 3980 3001 4036 erat,
3052 3980 3273 4026 catenas
3320 3982 3651 4034 monstrans,

2079 4062 2223 4132 quod
2277 4061 2572 4130 iubebatur
2604 4063 2720 4119 ﬁeri
2766 4062 2993 4118 omnino
3020 4078 3130 4116 non
3167 4079 3349 4130 posse,
3401 4068 3650 4126 diceret;

2079 4165 2324 4219 sanctus,
2368 4153 2459 4208 Dei
2496 4152 2733 4210 hominis
2785 4162 3105 4221 susceptor,
3154 4152 3411 4218 Simeon,
3460 4155 3655 4209 leuiter

2081 4247 2331 4303 attollens
2363 4262 2523 4314 quem
2561 4244 2782 4302 tenebat
2808 4245 3034 4316 pulchre
3057 4246 3351 4299 radiantem
3378 4247 3650 4312 baculum,

2080 4348 2327 4393 extremo
2372 4335 2491 4405 ejus
2547 4318 2812 4404 contingit
2842 4333 3088 4400 vincula;
3135 4344 3188 4389 et
3236 4349 3371 4389 auro
3420 4335 3649 4396 ferrum.

2086 4427 2538 4499 quemadmodum
2569 4427 2754 4501 aranei
2788 4426 3137 4494 telatn,{qu0d
3166 4426 3272 4480 diei
3297 4426 3474 4492 solet,
3505 4426 3654 4485 ttulit)

2085 4521 2302 4590 negotio
2348 4520 2625 4574 dissecat:
2673 4527 2728 4573 et
2777 4520 3038 4574 continuo
3083 4518 3313 4585 Petrus,
3353 4535 3453 4573 non
3493 4518 3653 4580 modo

2082 4611 2317 4670 vinculis
2346 4611 2609 4673 solutum,
2642 4611 2735 4664 sed
2766 4610 2928 4665 etiam
2959 4624 3110 4665 cura
3142 4618 3295 4678 septa
3326 4606 3379 4679 (υ
3412 4610 3651 4667 tuiracu~

2081 4704 2190 4760 lum
2212 4704 2264 4773 ι,
2297 4709 2572 4755 momento
2621 4701 2885 4769 temporis
2916 4700 3074 4768 plane
3116 4698 3368 4753 eductum
3401 4712 3459 4753 se
3487 4697 3656 4750 mira-

2084 4809 2194 4859 tur,
2224 4794 2510 4861 solumque
2546 4792 2690 4849 videt
2718 4790 3004 4847 Nicolaum
3037 4790 3141 4847 sibi
3168 4789 3421 4843 comitem
3441 4790 3652 4850 adesse.

2084 4901 2151 4941 ae
2190 4883 2347 4939 facile
2363 4884 2808 4952 persuadentem,
2831 4898 2933 4947 nou
2965 4881 3077 4946 jam
3111 4893 3206 4947 per
3235 4878 3529 4939 somnium,
3553 4880 3650 4939 sed

2086 4975 2262 5043 reipsa
2281 4987 2598 5029 concessam
2623 4986 2745 5026 esse
2770 4971 3099 5029 libertatem.
3133 4968 3212 5020 Ad
3235 4967 3348 5020 haec
3365 4967 3528 5020 etiam
3553 4967 3658 5020 iter

2089 5065 2136 5119 ei
2164 5064 2402 5119 ostendit
2447 5070 2809 5132 opportunum
2836 5098 2852 5124 ,
2907 5056 3210 5128 pomarium
3264 5055 3472 5110 scilicet
3516 5056 3654 5117 varii

410 5173 683 5243 δακτύλῳ,
712 5173 772 5225 τὸ
821 5146 919 5223 τοῦ
975 5146 1160 5233 λόγου,
1191 5160 1389 5232 ψαύειν
1431 5159 1537 5213 τῶν
1590 5158 1819 5229 καρπῶν
1846 5156 1967 5213 ἐκεί

2090 5153 2306 5225 generis
2336 5152 2622 5208 arboribus
2649 5190 2663 5213 ,
2701 5150 2955 5218 interque
2992 5162 3086 5201 cas
3127 5146 3351 5212 multis,
3395 5146 3509 5199 esui
3552 5146 3656 5198 ltu-

414 5283 527 5320 νων
557 5265 828 5334 ἠνείχετο.
856 5258 1125 5318 Νικόλαος
1166 5253 1223 5307 δὲ
1268 5250 1459 5306 τοῦτον
1502 5245 1656 5310 αὖθις
1701 5246 1985 5319 θαρρύνει,

416 5358 516 5412 καὶ
558 5356 733 5417 ἀδεῶς
780 5350 1128 5421 ὲγκελεύεται
1182 5342 1521 5416 δρέπεσθαι·
1547 5337 1644 5394 εἴτ’
1683 5338 1988 5408 ἐξενεγκὼν

417 5451 512 5503 ἐπὶ
555 5447 654 5518 τὴν
708 5444 871 5515 φίλην
919 5440 1255 5510 ὁδοιπορίαν,
1283 5438 1376 5489 καὶ
1426 5434 1534 5489 τῶν
1588 5432 1988 5502 ὑπεσχημένων

420 5539 746 5606 ὑπομνήσας
779 5534 1027 5593 ἐκείνων,
1058 5531 1120 5594 ἐξ
1166 5524 1460 5595 ὀφθαλμῶν
1503 5524 1712 5589 γίνεται
1753 5520 1846 5574 τοῦ
1894 5522 1988 5572 ἀν-

419 5631 572 5699 δρὸς,
629 5630 724 5680 καὶ
768 5622 1056 5679 ἀπολιπὼν
1107 5619 1254 5685 εδοξε
1309 5616 1519 5682 τοῦτον,
1558 5614 1664 5668 κᾶν
1711 5612 1987 5682 ἀοράτως,

421 5725 511 5775 ἀεὶ
543 5719 735 5788 συνῆν.

756 5817 1022 5875 Ρλτιιυι.
1072 5812 1186 5870 Gtt.
1238 5807 1365 5872 CL.

2096 5261 2257 5303 mauo
2287 5256 2440 5317 aptos
2462 5243 2670 5305 fructus
2706 5239 3024 5305 ferentibus,
3059 5239 3351 5293 consitum.
3378 5236 3484 5296 Sed
3518 5238 3661 5292 inter

2098 5338 2213 5391 haec
2238 5343 2418 5390 omnia
2465 5332 2657 5393 Petrus
2707 5347 2815 5386 non
2867 5333 3024 5387 modo
3049 5332 3341 5400 decerpere
3387 5328 3660 5398 quidpiam

2098 5430 2313 5483 illorum
2348 5426 2783 5513 verebatur,‘st2tl
2836 5440 2902 5477 ne
2951 5434 3198 5478 extremo
3228 5423 3484 5492 quidem,
3514 5422 3658 5486 quod

2099 5519 2270 5583 aiunt,
2303 5516 2470 5584 digito
2500 5509 2706 5568 fructus
2737 5513 2858 5569 illos
2884 5515 3199 5584 contingere
3225 5509 3662 5568 audebat.Nico-

2102 5612 2220 5664 laus
2248 5622 2376 5662 vero
2402 5606 2609 5660 animos
2646 5605 2693 5659 ei
2721 5605 2900 5665 denuo
2923 5608 3124 5661 addens
3168 5603 3346 5674 posito
3383 5612 3522 5656 metu
3545 5614 3669 5654 carv

2108 5715 2235 5772 perc
2265 5699 2475 5761 fructus
2521 5699 2796 5769 imperat;
2829 5709 2937 5754 tum
2987 5700 3050 5754 ad
3082 5699 3447 5753 desideratam
3495 5695 3667 5764 ipsum

3174 5795 3254 5869 32
