4074 6322
233 368 364 432 1035

1368 364 1544 425 νιΤΑ
1588 364 1651 426 S.
1693 365 1923 425 PETRI
1966 362 2391 423 A‘THthlei.

3321 360 3457 423 Ῑίὶθθ

225 486 322 554 τῆς
391 482 614 552 Κρήτης
677 482 812 552 πρὸς
882 482 1069 535 Ἀσίαν
1144 478 1412 533 ἀποπλεῖν
1473 477 1796 549 ᾑρημένοις.

1926 488 1986 530 os
2018 475 2295 530 discedere
2321 486 2386 528 ex
2420 471 2573 537 urbe,
2609 484 2706 525 nec
2739 468 2907 524 multo
2937 478 3057 534 post
3086 485 3115 524 e
3144 483 3296 540 portu
3324 475 3473 528 solu-

225 574 453 636 Τούτοις
505 573 690 625 τοίνυν
745 572 838 625 καὶ
894 572 1059 633 αὐτὸς
1116 570 1465 640 συνεπαίρει,
1496 570 1606 621 τῶν
1657 568 1798 622 κατὰ

222 667 351 720 νοῦν
402 666 532 727 ἴσως
593 662 1018 732 ὲπιτευξόμενός
1078 678 1205 726 που,
1256 660 1345 714 διὰ
1419 660 1513 712 τοῦ
1580 657 1794 729 μακροῦ

224 755 381 809 τοῦδε
437 751 611 807 πλοῦ·
666 753 868 822 μᾶλλον
916 752 972 805 δὲ
1025 746 1145 821 Θεῷ
1199 752 1299 805 κάν
1357 750 1534 821 τούτῳ
1577 749 1797 802 πιστεύ-

231 864 366 906 σας.
447 845 505 906 ὃς
574 847 683 898 πᾶν
744 845 828 901 ὅτι
908 842 1211 906 λυσιτελὲς
1260 840 1568 911 ἀνθρώποις
1645 841 1799 892 ἀνύει

230 939 357 1005 μιῖνο
368 955 409 997 ς.

298 1119 390 1169 ια’.
442 1112 600 1165 Οὕτω
648 1112 830 1167 τοίνυν
888 1113 1029 1183 ἔχων
1087 1112 1321 1176 ὲλπίδος,
1368 1110 1502 1182 ὂναρ
1547 1113 1650 1179 ὁρᾷ
1701 1111 1802 1181 τὴν

223 1203 592 1271 ἀειπαρθένον
642 1203 874 1273 Μητέρα
921 1202 1097 1255 Θεοῦ·
1151 1201 1321 1271 ταύτῃ
1369 1203 1423 1254 δὲ
1468 1201 1561 1252 τὸν
1605 1199 1800 1253 ἑαυτοῦ

226 1293 520 1364 προμηθέα
546 1295 816 1347 Νικίλαον
846 1296 905 1347 ὲν
934 1294 1149 1348 οίκέτου
1176 1294 1420 1363 σχήματι
1450 1292 1799 1362 παρεστῶτα,

224 1386 344 1447 καὶ,
401 1385 510 1439 Ποῦ
560 1384 859 1438 καταλύσει
920 1385 1149 1454 Πέτρος,
1199 1378 1244 1437 ὦ
1303 1385 1606 1450 Δέσποινα;
1662 1383 1803 1452 πρὸς

227 1475 403 1545 αὐτὴν
454 1476 703 1546 ἠρεμαίᾳ
752 1478 902 1546 φωνῇ
965 1475 1341 1544 φθεγγόμενον
1371 1490 1384 1505 ο
1434 1475 1534 1544 τὴν
1578 1475 1625 1526 δ’
1673 1474 1805 1526 ὑπο-

226 1564 506 1617 λα6.ῦσαν
538 1566 783 1634 φαιδρῶς
812 1582 870 1619 τε
907 1566 999 1617 καὶ
1031 1564 1276 1633 κοσμίως
1317 1564 1801 1634 ἀποκριναμένηνυ

228 1656 421 1709 Ἔστιν
458 1655 583 1725 ὅρος
615 1657 702 1709 ἐπ’
746 1654 1042 1724 Εὐρώπης,
1075 1654 1369 1708 κάλλιστον
1399 1654 1536 1723 ὁμοῦ
1572 1655 1667 1707 καὶ
1711 1655 1807 1725 μὲ-

222 1763 438 1812 γιστον,
470 1746 604 1816 πρὸς
633 1745 840 1816 Λιϐύην
876 1744 1279 1815 τετραμμένον,
1315 1745 1410 1797 ἐπὶ
1450 1744 1585 1797 πολύ
1613 1761 1675 1797 τε
1707 1746 1807 1813 τῆς

1905 575 2078 627 turos,
2113 575 2278 633 atque
2330 577 2426 632 per
2457 560 2674 616 Cretam
2722 562 2774 614 in
2813 560 2996 615 Asiam
3050 561 3168 614 vela
3215 562 3473 623 lacturos,

1899 658 2035 712 Cum
2062 657 2214 710 hisce
2241 657 2404 724 igitur
2434 663 2488 708 et
2522 654 2636 723 ipse
2670 653 2868 719 solvit,
2904 655 3143 713 visurus,
3176 652 3222 708 si
3251 654 3388 709 forte
3422 657 3475 709 in

1904 759 2011 803 tam
2039 749 2327 818 longinqua
2369 746 2712 815 navigatione
2738 732 3053 799 occurreret
3077 744 3276 800 alicubi
3303 746 3473 809 locus,

1902 841 2083 910 quiet
2125 840 2288 892 animi
2329 837 2447 907 ejus
2478 838 2751 892 sententia
2797 836 2937 892 foret
2971 855 2985 892 :
3034 839 3205 907 magis
3248 854 3374 893 vero
3423 839 3477 891 in

1901 935 2007 990 hoc
2033 931 2257 1004 quoque
2291 932 2489 987 ﬁdebat
2520 928 2649 996 Deo,
2687 931 2777 1002 qui
2811 931 2992 997 solus,
3041 931 3304 1002 quidquid
3348 933 3480 988 utile

1901 1036 1985 1081 est
2009 1026 2335 1086 hominibus,
2367 1025 2605 1094 perlicit.

1976 1120 2061 1172 ll.
2096 1117 2205 1172 "ac
2233 1133 2325 1184 spe
2356 1117 2545 1181 fretus,
2580 1118 2930 1186 Spectabilem
2964 1119 3019 1171 in
3067 1118 3272 1173 somnis
3319 1120 3480 1175 habet

1904 1209 2130 1264 Matrem
2160 1207 2269 1262 -Dei
2297 1224 2510 1276 semper
2557 1209 2848 1277 virginem,
2901 1208 3057 1276 eique
3099 1204 3365 1264 astantem
3399 1209 3480 1263 l‘a-

1906 1300 2167 1355 m'ulantis
2197 1300 2378 1368 specie
2410 1307 2657 1353 sanctum
2678 1296 2979 1363 Nicolaum,
3004 1299 3288 1367 providum
3321 1315 3480 1354 sumu

1904 1402 2256 1455 curatorem;
2310 1391 2399 1460 qui
2438 1392 2502 1444 ad
2529 1388 2816 1458 Deiparam
2864 1388 2970 1442 leni
3002 1405 3130 1443 voce
3157 1408 3171 1446 :
3195 1389 3295 1445 Ubi
3359 1400 3481 1445 tan-

1905 1484 2050 1545 dem,
2106 1495 2138 1533 o
2193 1481 2444 1547 Domina,
2498 1482 2924 1536 commorabitur
2956 1481 3191 1534 Petrus?
3236 1481 3300 1533 Et
3342 1480 3480 1548 ipsa,

1907 1572 2105 1628 blande
2151 1586 2216 1626 ac
2270 1570 2515 1627 modeste
2558 1572 2928 1638 respondens,
2977 1570 3198 1638 subiicit
3233 1586 3246 1621 :
3280 1569 3373 1624 Est
3427 1570 3482 1624 in

1907 1665 2124 1733 Europa
2172 1663 2572 1733 pulcherrimus
2602 1662 2759 1731 juxta
2813 1674 2973 1731 atque
3011 1677 3259 1716 summus
3307 1677 3482 1724 mons,

1911 1755 2001 1824 qui
2038 1768 2227 1809 versus
2268 1753 2492 1823 Libyam
2524 1754 2682 1824 longe
2724 1753 2778 1806 in
2811 1766 2964 1806 mare
3003 1753 3299 1822 procurrit.
3333 1750 3487 1805 llune

222 1840 505 1909 θαλάττης
558 1841 709 1894 εἷο-ων
741 1838 969 1909 προῖὼν
1029 1839 1195 1892 τοῦτο
1266 1838 1369 1908 τῆς
1424 1838 1528 1907 γῆς
1584 1840 1805 1909 ἀπάσης

1923 1862 2008 1915 ιεο
2053 1861 2084 1899 e
2139 1854 2252 1899 toto
2281 1846 2547 1899 terrarum
2579 1843 2711 1898 orbe
2741 1845 2903 1911 elegi,
2932 1853 3092 1912 atque
3142 1845 3398 1897 decoram
3432 1855 3488 1898 et

218 1932 656 2001 ἀπολεξάμενον,
706 1930 785 2000 τῷ
843 1929 1129 2001 μοναχικῷ
1187 1931 1401 2002 πρέπον
1455 1930 1804 2000 καταγώγιον

219 2020 664 2091 προσκληρῶσαι
732 2020 960 2088 διέγνων
1028 2018 1247 2088 ἔγωγε·
1308 2019 1462 2074 ταῦτ’
1537 2020 1646 2089 ἄρα
1709 2022 1806 2073 καὶ⁵

226 2113 529 2166 ίδιαίτατον
560 2112 887 2180 ἐνδιαίτημα
929 2112 1076 2165 τοῦτ’
1121 2112 1409 2180 ἀφιέρωσα
1444 2113 1681 2182 ἐμαυτῇ,
1714 2111 1809 2163 καὶ

228 2202 423 2270 Ἀγιον
452 2202 774 2256 τοίντεῦθεν
802 2203 1105 2272 καλήσεται
1127 2217 1143 2232 ο
1178 2200 1275 2255 καὶ
1304 2201 1414 2254 τῶν
1443 2202 1530 2254 ἐπ’
1561 2202 1727 2255 αὐτοῦ
1749 2218 1811 2254 τε

225 2294 318 2346 τὸν
351 2293 493 2364 πρὸς
523 2294 618 2346 τὸν
659 2294 840 2348 κοινὸν
869 2292 1179 2364 ἀνθρώποις
1215 2291 1479 2361 πολέμιον
1515 2293 1811 2358 ἐπαναιρο-

230 2385 413 2454 μὲνων
470 2386 683 2452 ἀγῶνα,
736 2384 1147 2455 προπολεμήσω
1179 2384 1269 2438 διὰ
1309 2383 1424 2455 βίου
1462 2384 1682 2447 παντὸς,
1716 2383 1810 2437 καὶ

230 2478 461 2541 πάντως
517 2478 717 2548 ἔσομαι
777 2477 994 2542 τούτοις
1047 2480 1264 2548 ἄμαχος
1311 2477 1645 2548 σύμμαχοςο
1703 2477 1812 2531 τῶν

230 2567 535 2638 πρακτέων
559 2566 868 2639 ύφηγητὴς,
890 2568 1000 2621 τῶν
1023 2567 1097 2639 μὴ
1126 2567 1420 2633 πρακτέων
1441 2565 1810 2637 ἑρμηνευτὴς,

229 2656 516 2728 κηδεμὼν,
550 2659 761 2729 ἰατρὸς,
793 2660 1053 2729 τροφεὺς,
1090 2658 1158 2731 ἢν
1204 2659 1315 2729 ἄρα
1370 2658 1554 2729 βούλει
1607 2659 1815 2730 τρονρήν

230 2767 290 2801 τε
346 2751 449 2804 καὶ
501 2750 773 2817 ίατρείαν,
804 2751 908 2819 ὅση
968 2768 1026 2803 τε
1075 2751 1211 2821 προς
1264 2752 1426 2821 σῶμα
1488 2750 1677 2815 τείνει,
1719 2751 1817 2804 καὶ

231 2842 394 2896 τοῦτο
425 2843 657 2912 συνιστᾷ
683 2857 744 2894 τε
777 2843 872 2894 καὶ
903 2841 1197 2906 λυσιτελεῖ,
1234 2844 1332 2899 καί⁷
1370 2843 1468 2912 ὅση
1509 2843 1569 2896 τὸ
1599 2841 1818 2912 πνεῦμα

231 2936 492 3005 διανιστᾴ
520 2952 578 2988 τε
619 2936 717 2988 καὶ
746 2934 1001 3004 ῥώννυσι,
1033 2938 1128 2989 καὶ
1174 2935 1249 3006 μὴ
1300 2935 1397 2988 τοῦ
1438 2934 1606 2991 καλοῦ
1630 2921 1819 2988 διαπε-

238 3030 352 3078 σεῖν
402 3028 718 3097 συγχωρεῖ·
765 3027 1022 3097 συστήτω
1072 3027 1128 3082 δὲ
1178 3025 1289 3097 ἄρα
1342 3026 1437 3079 καὶ
1469 3025 1546 3095 τῷ
1576 3024 1693 3096 Υἱῷ
1724 3026 1818 3079 καὶ

1909 1945 2090 2004 aptam
2126 1934 2431 1989 monastico
2475 1933 2728 1988 institqu
2788 1933 3179 1986 habitationem
3234 1933 3350 1987 ﬁeri
3393 1937 3489 1989 tle«

1908 2025 2082 2091 crevi;
2146 2026 2389 2095 quinimo
2449 2027 2622 2093 ipsum
2668 2027 2799 2082 mihi
2848 2028 3122 2097 proprium
3173 2028 3487 2082 consecravi

1910 2115 2276 2181 domicilium,
2308 2128 2472 2186 atque
2521 2119 2875 2188 imposternm
2917 2120 3203 2173 vocabitur
3231 2120 3486 2174 Sanctus.

1910 2198 2189 2270 Quotquot
2229 2200 2352 2255 istic
2387 2200 2652 2256 adversus
2689 2218 3030 2256 communem
3066 2204 3341 2257 hominum
3396 2206 3492 2258 lto-

1911 2301 2048 2346 Stem
2072 2293 2417 2361 susceperint
2447 2301 2724 2348 certamen
2748 2331 2764 2355 ,
2798 2294 3151 2363 propttgnabo
3182 2310 3282 2363 ego
3314 2300 3488 2364 quead

1914 2385 2170 2446 vixerint,
2212 2400 2276 2439 ac
2305 2388 2528 2440 omnino
2559 2401 2648 2440 me
2682 2386 2786 2440 illis
2826 2389 3093 2455 praestabo
3124 2388 3489 2442 invincibilem

1914 2475 2240 2545 adiutricem
2271 2493 2286 2541 ;
2318 2477 2448 2546 quid
2482 2479 2750 2546 agendum
2784 2479 2876 2542 sit,
2911 2477 3151 2542 docebo;
3182 2480 3308 2547 quid
3334 2480 3494 2533 omit-

1916 2570 2160 2632 tendum,
2203 2583 2514 2636 exponam;
2570 2584 2724 2638 agam
2771 2584 2959 2623 eorum
2993 2571 3337 2636 curatricem,
3381 2588 3492 2626 me-

1918 2660 2121 2726 dicam,
2160 2661 2469 2727 nutricem;
2505 2662 2791 2728 provisura
2840 2662 2971 2731 ipsis
3012 2663 3079 2716 de
3127 2664 3323 2732 quovis
3369 2665 3492 2720 cibo

1916 2766 1980 2807 ac
2004 2752 2298 2814 medicina,
2330 2753 2445 2829 sive
2482 2752 2569 2807 illa
2620 2754 2686 2806 ad
2719 2768 2917 2822 corpus
2950 2755 3179 2809 attineat
3204 2758 3490 2827 ipsumque

1917 2844 2704 2913 consolidetcorroboretque;
2754 2846 2870 2899 sive
2912 2845 3001 2899 illa
3052 2846 3303 2915 spiritmn
3346 2850 3495 2902 θεοῖο

1920 2946 2016 3002 let,
2050 2951 2114 2991 ac
2141 2936 2445 3003 conﬁrmet,
2482 2938 2848 3008 impediatqtte
2879 2952 2945 2993 ne
2975 2938 3174 2993 virtute
3200 2941 3491 3010 spolietur,

1918 3028 2326 3084 Commendabo
2361 3030 2483 3083 illos
2518 3030 2741 3099 insuper
2775 3031 2915 3087 Filio
2945 3048 3009 3086 ac
3056 3031 3167 3087 Deo
3202 3048 3343 3096 meo,
3370 3035 3493 3101 qui-

236 3117 359 3188 Θεῷ
390 3135 520 3186 μου,
553 3112 635 3180 οἷς
670 3118 743 3171 ἂν
767 3119 978 3185 γένοιτο
1010 3116 1192 3181 καλῶς
1242 3116 1544 3171 καταλῦσαι
1576 3118 1702 3188 τῇδε
1729 3117 1819 3170 τὸν

1923 3122 2023 3176 bus
2053 3121 2164 3175 illic
2190 3123 2478 3190 contigerit
2516 3121 2675 3175 linem
2726 3122 2849 3177 vita:
2878 3123 3193 3193 imponere;
3225 3126 3291 3179 ab
3321 3139 3495 3193 eoque

242 3211 379 3282 βίον,
422 3211 533 3264 τῶν
555 3211 741 3274 αὐτοῖς
783 3212 1193 3279 ἡμαρτημένων
1247 3211 1464 3265 τελείαν
1522 3211 1821 3283 ἐξαιτησα-

244 3305 387 3372 μένη
425 3302 555 3370 παρ’
591 3301 892 3372 αύτού·.τὴν
923 3302 1140 3370 ἄφεσιν.

320 3391 409 3463 ιβ’.
442 3390 554 3446 οἷδ’
579 3393 663 3449 ὅτι
699 3394 864 3447 πᾶσιν
893 3394 1088 3463 ἐνῆκεν
1118 3393 1312 3465 ἡδονὴν
1336 3396 1364 3448 ὁ
1394 3394 1550 3465 λόγος
1572 3395 1823 3461 εἰκότως,

244 3487 332 3538 ὅτι
378 3485 484 3556 τὴν
511 3485 990 3555 περισπούδαστον
1020 3486 1157 3556 ἡμῖν
1205 3502 1265 3537 τε
1317 3484 1415 3538 καὶ
1463 3487 1578 3549 τοῖς
1630 3487 1827 3554 εὐφρο-

246 3577 441 3631 νοῦσιν
484 3576 658 3630 ἅπασι
687 3576 828 3631 κατὰ
874 3576 1055 3646 ψυχὴν
1085 3576 1365 3646 σωτηρίαν
1402 3575 1826 3647 ἀναμφιλέκτως

247 3669 730 3737 ἐπαγγελλόμενος
758 3685 774 3700 ·
812 3670 940 3723 ὅταν
984 3668 1094 3738 γὰρ
1145 3668 1180 3737 ἡ
1228 3667 1322 3722 τοῦ
1374 3667 1507 3721 Θεοῦ
1539 3666 1823 3738 Μήτηρ,ἥ

245 3764 345 3816 καὶ
396 3763 470 3814 τὰ
524 3760 765 3815 ἀδύνατα
815 3759 1021 3814 δύνατά
1060 3759 1426 3831 καθέστηκεν,
1482 3761 1828 3829 ὑπισχνεῖται

251 3853 497 3923 βοηθεῖν,
558 3851 654 3904 καὶ
707 3851 806 3903 οὐκ
862 3849 1116 3903 ἐνταυθοῖ
1179 3849 1362 3918 μόνον,
1410 3850 1532 3903 οὐδὲ
1591 3850 1688 3903 ἐπὶ
1732 3847 1828 3901 τοῦ

250 3944 556 4015 παρόντος,
588 3943 725 4013 προς
759 3943 815 3996 δὲ
851 3943 945 3998 καὶ
994 3942 1089 3994 ἐπὶ
1142 3941 1236 3994 τοῦ
1281 3942 1573 4011 μέλλοντος
1610 3941 1828 4004 αἰῶνος,

246 4042 345 4092 καὶ
391 4039 501 4090 οὐκ
548 4037 645 4090 ἐπὶ
703 4036 980 4106 σμικροῖς,
1015 4033 1339 4104 ἀπαλλαγὴν
1382 4033 1441 4086 δὲ
1492 4032 1832 4103 προξενοῦσα

244 4132 356 4186 τῶν
384 4131 652 4206 ἀρῤἡτων
677 4127 903 4180 ἐκείνων
947 4125 1210 4191 εὐθυνῶν,
1240 4126 1336 4184 καὶ
1375 4123 1485 4187 τῶν
1535 4123 1834 4193 ἀκηράτων

242 4222 472 4292 ἀγαθῶν
536 4218 873 4279 ἀπόλαυσιν,
928 4217 1012 4279 τίς
1071 4217 1173 4270 οὐκ
1237 4212 1334 4269 οὖν
1380 4214 1836 4281 ὑπερϐαλλόντως

238 4317 424 4386 ἥδοιτο
473 4309 618 4364 *νοῦν
652 4311 832 4380 ἔχωνς
863 4307 1006 4361 Ἀλλ’
1053 4307 1145 4359 ἐπὶ
1175 4305 1243 4359 τὰ
1274 4305 1407 4375 ἑξῆς
1441 4304 1585 4357 ίτέον
1614 4320 1628 4336 ο
1661 4302 1836 4358 ταῦτα

247 4409 348 4478 τῆς
378 4405 658 4464 θεοτόκου
691 4403 826 4473 περὶ
853 4401 948 4453 τοῦ
983 4400 1144 4470 ὅρους
1171 4398 1577 4467 διειλεγμένης,
1614 4397 1712 4449 καὶ⁸
1741 4398 1835 4449 τέ-

1924 3210 2291 3265 omnimodam
2332 3210 2437 3264 illis
2485 3210 2724 3264 exorabo
2787 3211 3109 3266 delictorum
3164 3228 3384 3269 suorum
3421 3229 3499 3268 re-

1902 3300 2265 3357 missionem.

1997 3393 2066 3446 12
2094 3392 2280 3448 Oratio
2319 3393 2507 3448 istlmc
2529 3434 2544 3460 ,
2571 3394 2704 3459 scio,
2749 3393 3076 3463 voluptatem
3106 3395 3287 3450 attulit
3317 3394 3497 3450 omni-

1924 3485 2177 3555 bus,‘jnec
2212 3486 2488 3540 immerito
2514 3502 2528 3553 ;
2568 3500 2688 3540 cum
2718 3486 3088 3557 maximopere
3114 3487 3494 3556 expetendam,

1925 3591 2033 3632 non
2086 3578 2241 3632 nobis
2274 3576 2485 3643 solum,
2521 3577 2614 3632 sed
2660 3576 2875 3632 cunctis
2924 3587 3074 3632 recte
3114 3577 3495 3639 sentientibus,

1926 3670 2123 3725 anima:
2198 3670 2427 3726 salutem
2506 3669 2643 3724 citra
2720 3670 3129 3740 ambiguitatem
3195 3670 3499 3739 promittat.

1927 3760 2157 3826 Quando
2187 3764 2329 3816 enim
2360 3761 2455 3816 Dei
2490 3760 2682 3824 Mater,
2715 3776 2836 3831 quas
2860 3762 2999 3829 quod
3029 3761 3142 3816 lieri
3180 3777 3284 3816 non
3324 3772 3501 3830 potest

1928 3852 2179 3907 el‘l‘ectnm
2212 3855 2323 3921 dat,
2376 3870 2530 3908 suam
2584 3854 2789 3908 addicit
2842 3869 3109 3925 operam;
3141 3866 3316 3924 neque
3358 3868 3502 3907 nunc

1932 3942 2108 3997 solum
2140 3952 2196 3995 et
2247 3943 2301 3996 in
2335 3946 2587 4011 praesenti
2636 3946 2860 4007 saeculo,
2887 3945 2978 3998 sed
3004 3944 3165 3999 etiam
3199 3944 3253 3997 in
3289 3943 3499 4007 futuro,

1933 4041 1986 4086 et
2016 4045 2125 4085 non
2159 4040 2366 4084 tantum
2392 4031 2447 4084 in
2485 4032 2647 4086 rebus
2679 4033 2857 4099 parvis
2889 4042 3130 4101 praestat,
3156 4032 3251 4087 sed
3280 4034 3499 4087 arcanis

1933 4137 2148 4191 quoque
2185 4122 2291 4176 illis
2321 4122 2496 4189 poenis
2541 4123 2734 4177 liberat
2773 4137 2924 4187 suos,
2955 4132 3121 4193 atque
3167 4134 3497 4179 retentorum

1936 4213 2198 4267 bonorum
2250 4212 2524 4283 voluptate
2582 4202 2785 4279 donat;
2835 4213 2958 4283 quis
2985 4253 3001 4281 ,
3042 4228 3226 4281 qumso
3251 4255 3265 4279 ,
3302 4216 3502 4269 mentis

1938 4320 2155 4373 compos
2189 4320 2292 4357 non
2326 4305 2554 4371 gaudeat
2594 4320 2754 4374 supra
2800 4305 3053 4360 modum?
3087 4307 3151 4359 At
3193 4322 3314 4360 vero
3341 4309 3405 4360 ad
3437 4322 3499 4360 ea

1938 4413 2055 4467 quae
2112 4407 2404 4465 supersunt
2452 4397 2853 4464 procedendum
2899 4408 3001 4453 est.
3059 4398 3195 4451 Cum
3254 4400 3377 4451 talia
3435 4401 3503 4454 de

252 4501 345 4563 λος
398 4497 784 4563 ὲπειπούσης,
828 4493 904 4554 ὡς
964 4494 1059 4545 καὶ
1116 4492 1320 4559 Πέτρος
1372 4490 1491 4542 ἐκεῖ
1545 4486 1821 4557 βιώσεται1

1942 4499 2118 4542 monte
2150 4490 2422 4557 prolocuta
2451 4497 2592 4542 esset
2631 4488 2855 4558 Deipara
2883 4528 2897 4551 ,
2943 4504 3005 4544 ac
3033 4492 3249 4543 tandem
3281 4490 3503 4554 subjun-

202 4648 207 4653 ,
254 4593 351 4645 τοῦ
374 4588 665 4645 καθεύδειν
692 4582 848 4642 οὗτος
876 4587 1110 4649 ἀνεῖται,
1144 4585 1240 4636 καὶ
1268 4581 1402 4651 προς
1433 4580 1598 4650 εὐχὴν
1624 4577 1838 4648 χαρίεις

258 4683 417 4749 εἴπερ
447 4679 585 4735 ποτε
622 4679 984 4739 διανίσταται,
1009 4680 1100 4728 καὶ
1134 4676 1231 4742 τὴν
1253 4671 1431 4743 ψυχὴν
1459 4670 1649 4739 ὥσπερ
1675 4672 1837 4721 ἐπτε-

262 4772 512 4841 ρωμένος
547 4767 639 4822 οἷα
670 4774 760 4821 τὸν
809 4768 1069 4822 τοιούτων
1124 4765 1223 4836 μὲν
1249 4763 1560 4834 θεαμάτων,
1583 4761 1840 4817 τοιούτων

261 4864 316 4915 δὲ
348 4865 525 4934 ἀκροετ
538 4862 724 4931 μάτων
754 4859 1054 4929 ἠξιωμένον
1092 4859 1257 4922 εἰκός.

343 5149 422 5199 ιγ.
453 5127 669 5198 Μικρὸν
703 5128 846 5193 ὅσον,
898 5129 991 5181 καὶ
1033 5127 1132 5195 τῆς
1160 5127 1296 5188 νεὼς
1328 5129 1391 5196 τῇ
1445 5128 1635 5196 Κρήτῃ
1670 5141 1846 5195 παρα-ν

1943 4584 2131 4645 xisset,
2181 4581 2296 4635 fore
2340 4592 2396 4634 nt
2448 4592 2502 4635 et
2554 4582 2743 4636 Petrus
2777 4583 2901 4636 istic
2943 4583 3043 4637 loci
3080 4585 3240 4636 vitam
3279 4596 3501 4652 ageret;

1941 4673 2267 4742 cxpergiscit
2297 4673 2381 4726 bic
2411 4688 2440 4725 ο
2466 4687 2657 4726 somno
2687 4712 2702 4737 ,
2734 4683 2898 4743 atque
2917 4673 2982 4726 ad
3014 4673 3505 4738 orationem,l:etus

1942 4764 1985 4818 si
2011 4779 2248 4832 unquam
2283 4764 2438 4827 alias,
2475 4779 2532 4817 se
2558 4764 2788 4827 confert,
2821 4774 3040 4832 totaque
3058 4764 3246 4816 ani'ma
3273 4763 3504 4831 (diceres

1943 4853 2057 4906 alas
2086 4854 2132 4905 ei
2170 4853 2378 4906 :nlditts
2424 4851 2566 4920 esse)
2602 4851 2817 4905 advolat
2851 4867 2865 4904 :
2906 4850 3366 4918 quemadmodum
3408 4866 3506 4919 par

1943 4954 2025 4998 est
2053 4943 2197 4998 illum
2228 4946 2427 5010 facere,
2457 4928 2549 5014 qui
2576 4944 2699 4996 talia
2723 4943 2908 4996 videre
2938 4940 3241 5010 spectacula
3266 4942 3505 5012 talesque

1946 5036 2134 5089 audire
2173 5050 2449 5089 sermones
2488 5033 2805 5101 promeruit.

2019 5127 2104 5180 l3.
2140 5124 2346 5178 Interea
2392 5126 2541 5177 navis
2590 5123 2761 5177 Cretre
2794 5123 3290 5190 appropinquabat,
3344 5133 3505 5192 atque

270 5225 573 5290 πλεούσης,
599 5215 682 5283 οἷς
720 5220 827 5273 ἔδει
853 5220 1015 5272 σίτων
1049 5238 1108 5273 τε
1146 5221 1239 5273 καὶ
1268 5219 1529 5286 πομάτων
1557 5219 1700 5288 (οὐδὲ
1738 5218 1846 5288 γὰρ

271 5313 497 5383 ἐκείνῳ,
526 5310 625 5379 τὴν
671 5310 849 5377 σάρκα
892 5310 1169 5381 τηναρχὴν
1202 5309 1361 5372 εὐθὺς
1395 5308 1697 5361 ύπόσποδον
1742 5324 1846 5360 κα-

271 5404 552 5471 ταστῆσαι
591 5403 999 5472 προνοουμένῳ,
1035 5405 1126 5453 καί
1176 5402 1561 5469 διημερεύοντι
1592 5401 1692 5469 μὲν
1715 5400 1851 5451 ἁπο-

1947 5228 2190 5271 vectores
2232 5216 2328 5282 illi,
2383 5216 2577 5283 quibus
2623 5215 2746 5268 cibo
2802 5222 3037 5282 potaque
3076 5227 3213 5283 Opus
3246 5223 3361 5266 erat
3391 5215 3505 5283 (nco

1948 5323 2052 5376 que
2096 5308 2235 5359 enim
2286 5306 2499 5369 Petrus,
2546 5305 2635 5374 qui
2677 5305 2857 5357 statim
2908 5320 2937 5356 a
2985 5304 3250 5372 principio
3280 5318 3499 5358 carnem

1952 5398 2145 5451 rationi
2202 5398 2495 5466 prudenter
2553 5396 2873 5464 subiecerat,
2913 5396 3135 5464 diesque
3194 5406 3330 5447 tctos
3386 5394 3505 5446 sine

1950 5489 2072 5542 cibo
2112 5488 2465 5553 transigebat.
2504 5487 2763 5539 marinam
2801 5502 2930 5539 Vero
2967 5499 3196 5552 eamque
3242 5483 3504 5535 modicam

1954 5581 2192 5649 notabat,
2229 5580 2333 5631 illis
2362 5577 2654 5645 indigebat)
2688 5577 2792 5639 illi,
2832 5576 3070 5644 inquam,
3103 5569 3509 5637 vectoresjmli-

1952 5680 2143 5723 caruut
2176 5680 2385 5736 portum
2418 5668 2521 5721 sibi
2570 5668 2900 5729 intrandum,
2946 5680 3009 5718 ac
3059 5660 3510 5716 descendentibus

1956 5765 2009 5819 in
2049 5774 2242 5817 terram
2276 5760 2477 5814 victum
2514 5767 2675 5828 atque
2708 5755 2993 5825 potabiletn
3027 5766 3220 5807 aouam
3268 5747 3508 5806 studiose

278 5497 436 5562 σίτῳ,
467 5493 677 5544 πίνοντι
711 5492 768 5544 δὲ
792 5492 890 5560 τῆς
922 5492 1219 5561 θαλάττης,
1250 5493 1344 5545 καὶ
1366 5492 1571 5559 ταύτης
1609 5507 1851 5559 μετριωο

276 5582 471 5651 τὰτης)
502 5577 589 5644 οἷς
636 5577 731 5634 οὖν
781 5569 889 5633 ἔδει
925 5582 1035 5635 τῶν
1069 5582 1412 5651 ἐπιτηδείων,
1456 5583 1565 5633 δεῖν
1605 5582 1852 5644 ἔγνωσαν

280 5674 357 5738 τῷ
406 5673 590 5742 λιμένι
629 5675 985 5742 προσοκεῖλαι
1012 5692 1024 5706 ·
1058 5677 1153 5727 καὶ
1199 5675 1525 5740 ἀποϐάντες,
1560 5674 1648 5725 ἐπ’
1695 5673 1854 5740 ἀλφί-

287 5781 397 5818 των
452 5781 513 5817 τε
567 5769 661 5821 καὶ
719 5766 967 5835 ποτίμων
1017 5766 1225 5819 ὑδάτων
1282 5765 1478 5836 κομιδῇ
1533 5764 1847 5817 πονεῖσθαι·
