4146 6308
595 349 730 418 1007

1847 363 2228 426 GREGORII
2262 368 2511 431 PALAM

3699 366 3834 435 1903

594 471 1017 538 comparandam
1046 486 1188 528 esse.
1223 472 1355 528 Cum
1386 473 1549 543 igitur
1571 474 1642 529 ita
1672 473 1973 530 faciendum
2007 474 2157 544 judi-

2263 477 2356 531 καὶ
2378 480 2557 533 τοίνυν
2586 481 2729 534 οὕτω
2755 480 2914 551 δόξαν
2939 499 2997 535 τε
3036 483 3131 537 καὶ
3160 480 3552 550 γεγενημένον,
3574 483 3697 536 ἐπεὶ
3727 484 3835 535 τῶν

590 578 807 622 eassent
860 585 923 623 ac
970 585 1027 624 re
1058 571 1169 638 ipsa
1224 569 1860 644 fecissent,gubernator
1915 587 2152 643 quoque,

589 660 680 725 qui
720 660 957 729 aliquem
1005 662 1125 719 istis
1174 665 1274 718 sibi
1313 664 1604 719 admodum
1634 664 1955 719 familiarem
1991 665 2157 718 habe-

588 750 704 811 hat,
756 767 986 820 eumque
1037 769 1141 808 non
1192 755 1378 825 procul
1433 772 1463 809 a
1514 768 1673 824 portu
1731 755 2057 817 habentem,
2096 764 2156 809 ut

588 844 835 895 euunlem
860 845 1192 909 conveniret,
1223 860 1253 901 e
1286 848 1409 901 navi
1447 858 1500 903 ct
1531 850 1645 918 ipse
1680 849 1983 904 descendit.
2013 849 2155 903 Ecce

588 946 769 986 autem
804 935 1079 1004 inopinato
1107 941 1453 1007 conspicatur
1471 943 1703 995 amicum
1731 957 1886 995 suum
1912 959 1941 997 e
1969 941 2157 996 morbo

589 1023 1025 1092 deeumhcnzem,
1051 1046 1154 1082 non
1209 1047 1408 1093 uxore,
1446 1047 1548 1085 non
1582 1032 1705 1085 filiis
1736 1034 1873 1085 lecto
1908 1031 2155 1085 a-sideu-

590 1116 756 1180 tibus,
789 1129 878 1170 aut
909 1120 1160 1175 solatium
1193 1139 1335 1192 aegro
1363 1141 1456 1192 pro
1483 1125 1621 1178 virili
1648 1141 1741 1180 sua
1770 1124 2155 1190 aﬂ‘mentibus;

588 1207 718 1275 quin
774 1210 953 1277 po:ius
1012 1213 1111 1282 ipsi
1165 1232 1378 1285 quoque
1435 1233 1554 1269 cum
1620 1219 1776 1287 longa
1838 1219 2158 1287 a‘gritutliue

592 1297 877 1363 luctantes,
936 1310 989 1354 et
1042 1316 1207 1373 prope
1241 1309 1307 1359 ab
1357 1308 1448 1361 illo
1499 1308 1906 1373 decumheutes,
1938 1309 2157 1364 dolores

587 1388 705 1457 ejus
735 1391 1021 1461 augebant.
1060 1392 1421 1460 Quamobrem
1450 1399 1590 1453 Petri
1639 1403 1901 1454 rationem
1945 1402 2154 1455 vivendi

589 1477 773 1533 animo
804 1482 1047 1536 recolens
1076 1486 1404 1549 gubernatur
1427 1498 1565 1556 (erat
1596 1507 1785 1560 nempe
1818 1492 2039 1549 idoneus
2063 1493 2157 1561 qui

586 1585 652 1622 ex
690 1574 900 1628 modica
948 1581 1362 1634 conversatioae
1401 1584 1652 1636 virtutem
1693 1585 1793 1637 viii
1841 1585 2157 1655 conjiccrct)

589 1661 883 1729 alloquitur
916 1663 1213 1732 infirmum,
1240 1678 1290 1721 et
1320 1687 1334 1722 :
1373 1670 1570 1736 iuveni,
1608 1674 1801 1742 inquit,
1851 1675 2152 1729 amicei-um

589 1753 964 1821 dilectissime,
995 1759 1327 1827 remedium,
1361 1777 1465 1831 quo
1504 1764 1646 1833 quoi
1684 1775 1734 1818 te
1770 1774 2004 1836 tuosque
2033 1781 2156 1835 pre-

2263 586 2347 633 τις
2380 570 2664 640 ἐγχωρίων
2693 575 2749 636 ἐς
2780 574 2846 626 τὰ
2881 572 3115 643 μάλιστα
3145 572 3222 641 τῷ
3251 572 3568 643 κυϐερνήτῃ
3595 573 3836 643 συνήθης

2265 654 2354 728 ἦν,
2387 660 2552 714 αὐτοῦ
2583 679 2683 715 που
2719 663 2853 733 προς
2888 663 2964 731 τῷ
2990 663 3174 731 λιμένι
3208 663 3302 716 καὶ
3360 664 3434 732 μὴ
3483 664 3677 734 πόρρω
3707 682 3839 716 κατ-

2269 752 2595 820 ῳκισμένον,
2622 753 2696 815 ὡς
2725 754 2887 808 αὐτὸν
2935 753 3099 823 ἀπῄει
3136 755 3230 807 καὶ
3275 755 3438 818 αὐτὸς
3479 755 3691 819 ἄποδας
3714 771 3730 787 ⁸
3779 757 3840 820 ὃς

2267 843 2560 914 κλινοπετῆ
2586 846 2678 898 τὸν
2706 847 2922 915 ἑταῖρον
2950 845 3012 909 ἐξ
3040 845 3452 915 ἀπροσδοκήτου
3482 847 3840 914 τεθεαμένος,

2264 936 2364 1005 τήν
2391 953 2450 989 τε
2484 937 2718 1005 σύζυγον
2753 938 2903 1006 αὐτῷ
2931 940 3027 993 καὶ
3058 938 3185 1001 τοῦς
3234 938 3453 1001 παῖδας,
3482 941 3543 993 οὐ
3582 958 3843 1011 παρακα-

2266 1027 2555 1099 θημένους,
2587 1030 2684 1082 καὶ
2738 1030 3168 1101 μηχανωμένους
3225 1029 3560 1100 παραψυχὴν
3609 1031 3708 1100 ὅση
3741 1030 3842 1083 δύ-

2264 1139 2427 1190 ναμις
2468 1122 2547 1193 τῷ
2576 1122 2842 1188 νοσοῦντι,
2888 1123 3078 1192 μακρᾷ
3109 1123 3167 1176 δὶ
3202 1122 3299 1176 καὶ
3338 1123 3539 1184 αὐτοὺς
3585 1140 3846 1195 ’ττροσπα⁴

2266 1212 2515 1277 λαίοντας
2570 1215 2747 1285 νόσῳ,
2806 1214 2901 1266 καὶ
2963 1214 3041 1283 τῷ
3096 1214 3469 1283 παρακεῖσθαι
3536 1214 3597 1267 τὸ
3661 1214 3843 1267 δεινὶν

2265 1307 2660 1371 ἐπιτείνοντας,
2693 1306 2789 1376 τὴν
2822 1306 3033 1376 Πέτρου
3067 1306 3351 1360 πολιτείαν
3396 1306 3491 1359 ἐπὶ
3545 1305 3671 1359 νοῦν
3698 1306 3837 1359 ἀνα-

2264 1399 2443 1453 λαϐὼν
2493 1399 2685 1470 (δεινὸς
2727 1397 2834 1468 γὰρ
2887 1393 2978 1469 ἦν,
3017 1397 3094 1460 ὼς
3124 1397 3326 1469 ἔοικεν,
3366 1397 3424 1463 ἐξ
3482 1396 3665 1463 ὀλίγου
3701 1414 3842 1465 συμ·

2265 1490 2451 1543 ϐαλεῖν
2479 1489 2671 1560 ἀνδρὸς
2700 1490 2924 1560 ἀρετήν)
2950 1505 2963 1519 ·
3000 1488 3243 1559 Εὕρηται
3276 1506 3367 1559 μοι
3397 1488 3491 1542 τοῦ
3523 1488 3746 1542 πανοικί
3779 1506 3843 1541 σε

2264 1583 2544 1647 πιέζοντος
2585 1582 2899 1651 φάρμακον,
2931 1575 2976 1635 ὦ
3016 1582 3139 1651 φίλε
3177 1582 3387 1650 ἑταῖρε,
3441 1578 3843 1649 προσεφώνησε

2265 1670 2342 1737 τῷ
2371 1671 2648 1725 νοσοῦντι·
2681 1673 2776 1724 καὶ
2826 1671 2925 1740 τῆς
2975 1671 3151 1735 οἰκίας
3196 1670 3360 1734 εὐθὺς
3417 1666 3576 1732 αὖθις
3617 1670 3843 1735 ἀπεπή-

2263 1759 2447 1829 δησεν.
2480 1754 2555 1831 ’ᾙ
2588 1759 2645 1813 δὲ
2690 1759 2864 1813 ποδῶν
2910 1757 3057 1830 εἶχεν
3091 1761 3171 1823 εἰς
3223 1760 3323 1829 τὴν
3355 1759 3490 1813 ναῦν
3521 1758 3842 1828 ἐπανήκων,

590 1845 688 1898 mit
747 1846 947 1901 malum
1012 1849 1313 1919 dispellam.
1365 1853 1594 1924 Moxque
1651 1858 1813 1911 domo
1857 1872 2156 1928 egressus,

2263 1849 2488 1905 ἕπεσθαί
2518 1851 2567 1904 οἰ
2591 1849 2685 1904 τὸν
2719 1851 2809 1904 δια
2837 1850 3074 1919 Χριστὸν
3100 1849 3416 1920 καταπειθῆ
3461 1852 3599 1903 πᾶσι
3633 1848 3844 1915 Πέτρον

588 1948 788 2005 quanta
823 1950 1030 2007 poterat
1061 1944 1338 2000 celeritate
1362 1948 1538 2000 navim
1565 1952 1755 2018 repetit
1781 1967 1795 2014 ;
1830 1966 1892 2005 ae
1916 1952 2156 2018 Petrmn,

588 2032 842 2085 omnibus
898 2033 1099 2088 Christi
1159 2052 1321 2090 causa
1376 2040 1950 2109 obsequentissimum,
1990 2060 2047 2099 se
2103 2055 2160 2098 ut

589 2135 872 2191 sequatur,
907 2137 1075 2194 rogat.
1112 2128 1159 2183 ls
1192 2144 1317 2183 vero
1347 2132 1526 2184 statim
1567 2132 1781 2199 obedit,
1818 2151 1843 2187 a
1881 2134 1986 2190 Deo
2021 2138 2159 2191 inte-

592 2213 721 2265 riori
746 2223 889 2267 metu
914 2215 1249 2275 stimulatus.

661 2302 747 2355 M.
770 2302 993 2371 Confert
1024 2322 1084 2361 se
1116 2308 1279 2377 igitur
1311 2310 1377 2365 ad
1409 2312 1628 2368 domum
1656 2315 1826 2380 illam,
1851 2316 2154 2373 incolarum

591 2411 810 2451 suorum
854 2397 1174 2456 infirmitate
1199 2401 1477 2471 afﬂictam,
1525 2422 1758 2476 eamque
1802 2410 1948 2464 dicto
1990 2411 2156 2465 citius

589 2488 747 2558 erigit
779 2491 1129 2564 robor-atque.
1170 2492 1266 2546 Ubi
1302 2496 1443 2549 enim
1501 2506 1656 2563 pater
1704 2498 1962 2563 familias,
2008 2503 2157 2570 gravi

592 2579 781 2634 morbo
830 2581 1103 2647 detentus,
1158 2583 1390 2651 primum
1447 2585 1732 2653 conspexit
1785 2587 2156 2641 admirabilem

593 2670 802 2726 huncce
835 2673 1049 2728 Patrem
1081 2691 1097 2740 ;
1124 2677 1381 2729 continuo
1412 2678 1597 2731 mitius
1630 2678 1848 2743 habuit,
1885 2683 1947 2734 ad
1980 2696 2041 2736 se
2074 2698 2158 2736 re-

591 2776 787 2817 versus
809 2772 913 2827 est,
955 2764 1209 2828 surrexit,
1246 2766 1308 2820 ad
1343 2768 1506 2834 pedes
1548 2769 1741 2823 medici
1786 2771 1868 2825 sui
1904 2772 2158 2840 procidit,

590 2867 658 2907 ae
713 2868 876 2909 sanus
934 2857 1184 2922 exsdtit;
1218 2875 1337 2912 mox
1392 2860 1514 2914 inde
1553 2876 1716 2930 quam
1747 2863 2006 2919 citissime
2035 2879 2158 2921 sur-

588 2958 743 3014 gens,
804 2946 1028 3002 deduxit
1063 2947 1280 3004 Petrum
1314 2953 1378 3004 ad
1423 2953 1622 3007 liberos
1660 2963 1826 3024 atque
1889 2972 2110 3012 uxorem
2143 2976 2159 3026 ς

592 3037 787 3104 quibus
825 3040 1078 3096 omnibus
1103 3043 1412 3110 sanitatem,
1441 3062 1505 3100 ac
1523 3046 1564 3100 si
1594 3045 1737 3100 illam
1767 3061 1953 3102 revera
1989 3050 2163 3103 mani-

598 3130 699 3183 bus
745 3128 934 3195 ferret,
1012 3134 1361 3203 integerrime
1420 3138 1680 3194 restituit.
1730 3138 1883 3195 Illico
1929 3157 2228 3229 namquec

592 3223 798 3285 etnicti,
849 3225 1038 3280 morbo
1066 3239 1130 3281 ac
1156 3227 1432 3281 duimibus
1468 3244 1605 3297 quos
1637 3233 1987 3300 patiebantur
2020 3234 2160 3289 lihe-

594 3317 721 3383 rati,
751 3318 1048 3375 incolumes
1077 3333 1466 3390 surrexerunt,
1509 3326 1674 3380 nescii
1720 3328 1846 3397 quid
1895 3327 2157 3396 facerent,

592 3410 790 3476 quidve
831 3409 1180 3481 loquerentur
1217 3414 1397 3481 Petro,
1433 3431 1541 3486 quo
1585 3426 1791 3472 tantum
1836 3419 2158 3474 beneficium

584 3503 926 3558 sufﬁcienter
964 3521 1399 3576 compensat-ent.
1432 3510 1499 3563 At
1531 3511 1621 3573 ille
1642 3550 1658 3575 ,
1693 3528 1854 3582 quam
1890 3502 2159 3569 alienissi—

594 3611 714 3650 mus
743 3611 772 3649 a
806 3598 963 3652 laude
985 3613 1082 3651 sua
1106 3600 1340 3654 reditum
1378 3602 1636 3672 urgebat,
1667 3604 1908 3674 nihilque
1936 3608 2161 3662 omnino

591 3696 776 3738 motus
819 3688 885 3740 ad
931 3702 1118 3742 eorum
1170 3689 1394 3757 plausus
1422 3733 1435 3756 ,
1467 3691 1733 3763 quidquid
1759 3705 1967 3766 gestum
2018 3708 2159 3763 erat,

595 3777 707 3831 Duo
765 3781 974 3833 auctori
1029 3779 1295 3836 referebat
1356 3795 1663 3854 acceptum.
1713 3787 1958 3857 Cumque
1995 3792 2158 3843 etiam

593 3869 875 3938 pecuniam
902 3885 1118 3925 reverso
1141 3872 1253 3941 jam
1304 3876 1369 3926 ad
1417 3875 1595 3928 navim
1644 3887 1837 3931 sancto
1880 3878 2160 3945 afferrent,

594 3964 726 4018 n‘hil
785 3965 1079 4035 quidquam
1140 3967 1402 4045 admisit:
1450 3967 1690 4038 Equum
1725 3985 1833 4026 non
1874 3986 2017 4040 esse,
2075 3973 2161 4028 in-

594 4058 806 4127 quiens.
841 4065 899 4110 ut
933 4074 1030 4127 pro
1062 4058 1339 4114 beneficiis
1362 4100 1377 4123 ,
1431 4078 1459 4115 a
1514 4063 1621 4117 Deo
1654 4062 1755 4119 sibi
1787 4064 2023 4131 collatis,
2060 4066 2161 4122 ho-

595 4149 725 4202 mini
757 4152 963 4219 gratias
1009 4163 1204 4221 agant;
1242 4153 1337 4208 sed
1372 4154 1469 4224 ipsi
1524 4153 1633 4209 Deo
1685 4167 1838 4211 casm
1867 4173 1930 4210 ac
1960 4167 2164 4228 tempe-

595 4243 737 4296 ranti
779 4245 884 4297 vita
919 4243 1274 4313 probatisque
1326 4249 1568 4302 moribus
1603 4249 1936 4313 adluereant,
1970 4263 2164 4303 secun-

594 4334 721 4385 dum
754 4331 920 4386 Deuztt
949 4334 1116 4387 vitam
1156 4335 1476 4401 instituant,
1506 4336 1637 4392 nihil
1671 4351 1860 4392 eorum
1891 4354 2010 4407 quae
2046 4342 2160 4395 lieri

594 4421 704 4474 vult
763 4431 1136 4488 contemnant,
1190 4425 1321 4479 nihil
1370 4429 1511 4493 quod
1562 4430 1610 4481 ei
1667 4429 1919 4497 displicet
1951 4431 2159 4499 uspiam

2260 1945 2491 1998 αἰτεῖται
2524 1960 2539 1977 ο
2579 1944 2671 1997 καὶ
2717 1943 2775 2007 ὃς
2801 1944 2965 2008 εὐθὺς
2996 1944 3281 2010 ὑπακούει,
3313 1943 3411 1996 καὶ
3461 1940 3557 1995 τοῦ
3600 1939 3738 1994 Θεοῦ
3772 1940 3839 2009 δή

2261 2054 2362 2091 που
2391 2035 2592 2108 νοερῶς
2625 2036 3109 2107 παρορμήσαντος.

2332 2302 2414 2356 ιδ’.
2472 2302 2594 2355 Ἐπὶ
2643 2302 2742 2371 τὴν
2789 2301 2881 2354 ὑπ’
2935 2300 3244 2372 ἀρρωστίας
3294 2299 3592 2371 τοιγαροῦν
3641 2302 3840 2354 ἀνατε-

2260 2397 2569 2466 τριμμένην
2624 2394 2841 2463 ἐκείνην
2890 2394 3199 2461 ἀφικνεῖται
3239 2393 3445 2458 οἰκίαν,
3484 2395 3580 2446 καὶ
3637 2393 3838 2446 θᾶττον

2260 2488 2474 2558 ἣλόγος
2507 2487 2778 2556 ἀνεγείρει
2804 2485 3010 2556 ταύτην
3049 2486 3143 2538 καὶ
3181 2485 3568 2556 ὲπιρὼννυσιν.
3613 2487 3704 2546 Ὠς
3729 2487 3838 2553 γὰρ

2263 2579 2423 2649 μόνον
2470 2579 2549 2640 εἰς
2585 2577 2716 2630 θέαν
2753 2572 2886 2647 ἦλθε
2935 2576 3028 2630 τοῦ
3067 2578 3373 2647 θαυμασίου
3412 2577 3566 2630 τοῦδε
3598 2577 3837 2648 Ματρὸς,

2260 2673 2288 2724 ὁ
2312 2670 2504 2741 βαρείᾳ
2544 2669 2685 2739 νόσῳ
2735 2669 3143 2741 κατεσχημένος
3180 2670 3410 2732 ἐκεῖνος,
3446 2672 3592 2741 ῥᾴων
3640 2685 3698 2720 τε
3738 2665 3834 2732 ἦν,

2261 2763 2356 2815 καὶ
2380 2761 2633 2830 ἀνέφερε,
2665 2761 2759 2814 καὶ
2808 2760 3088 2825 ἀνίστατο,
3119 2761 3215 2813 καὶ
3262 2761 3375 2824 τοῖς
3424 2760 3556 2814 ποσί
3593 2762 3835 2831 προσπε-

2263 2871 2413 2907 πτων
2460 2852 2556 2906 τοῦ
2606 2852 3097 2922 τεθεραπευκότος,
3134 2853 3448 2921 ἐρρωμένος
3496 2851 3833 2922 ἐτύγχανεν⁹

2262 2940 2363 2998 εἴθ’
2394 2944 2538 2996 οὕτω
2564 2946 2735 3015 ταχὺς
2766 2945 2982 2997 ἐκεῖθεν
3012 2945 3332 3011 διαναστὰς,
3360 2947 3453 2999 ἐπὶ
3479 2948 3606 3009 τοὺς
3638 2947 3836 3009 παῖδάς
3861 3020 3869 3027 ε

2263 3053 2322 3089 τε
2374 3036 2471 3089 καὶ
2519 3040 2619 3106 τὴν
2651 3036 2885 3103 σύζυγον
2917 3037 3144 3091 διεκίνει
3195 3038 3288 3091 τὸν
3333 3038 3565 3108 Πέτρον,
3593 3040 3690 3094 καὶ
3734 3038 3834 3107 τὴν

2262 3127 2472 3195 ὑγίειαν
2497 3128 2691 3198 ὥσπερ
2717 3130 3045 3202 αὐτόχρημα
3090 3133 3213 3183 ταῖν
3247 3133 3432 3201 χεροῖν
3462 3130 3671 3200 φέρων,
3701 3131 3835 3184 πᾶσι

2261 3220 2499 3291 δαψιλῶς
2553 3220 2771 3290 ἔνεμεν.
2841 3223 2936 3275 Ἐκ
2999 3222 3123 3276 τοῦ·
3159 3224 3363 3287 εὐθέως
3422 3224 3533 3293 γὰρ
3595 3224 3838 3285 ἅπαντες

2262 3308 2502 3374 ἐξαντεις
2557 3311 2654 3379 τῆς
2706 3315 2887 3375 νόσου,
2940 3312 3036 3365 καὶ
3091 3312 3200 3366 τῶν
3257 3314 3594 3383 συπιβχὸντων
3644 3311 3837 3364 δεινῶν

2261 3401 2568 3471 κρείττονες
2595 3402 2966 3472 ἀνηγείροντο,
2986 3404 3080 3457 καὶ
3109 3405 3208 3474 οὐχ
3230 3404 3259 3457 ὃ
3288 3421 3343 3458 τι
3372 3404 3635 3476 δράσειαν
3662 3399 3837 3474 εἶχον,

2260 3496 2359 3563 οὐχ
2408 3494 2436 3547 ὃ
2472 3510 2526 3547 τι
2563 3492 2779 3558 λέξειαν
2830 3496 3044 3565 Πέτρῳ,
3072 3498 3209 3563 προς
3263 3496 3325 3549 τὸ
3373 3496 3473 3567 τῆς
3517 3497 3837 3566 εὐεργεσίας

2262 3586 2500 3657 ἀποχρδν
2553 3585 2817 3656 μέγεθος·
2853 3586 2912 3641 ὃν
2959 3589 3023 3657 δὴ
3073 3593 3165 3641 καί
3214 3591 3275 3642 τὸ
3322 3589 3446 3643 λίαν
3498 3584 3838 3657 ἀφιλόδοξον,

2263 3683 2401 3753 πρὸς
2451 3682 2548 3753 τὴν
2595 3683 2857 3737 ἐπάνοδον
2906 3684 3123 3754 ἤπειγε.
3156 3684 3289 3754 πρὸς
3332 3683 3426 3738 τὸν
3465 3683 3558 3736 ὑπ’
3607 3682 3841 3736 ἐκείνων

2262 3774 2458 3846 κρότον
2504 3773 2907 3844 ἀνεπίστροφον
2956 3777 3308 3831 παντάπασιν
3355 3775 3505 3837 ὄντα,
3550 3776 3648 3829 καὶ
3700 3773 3841 3843 πρὸς

2262 3868 2395 3921 Θεδν
2422 3866 2766 3938 ἀναφέροντα
2799 3867 2900 3937 τὴν
2946 3868 3056 3921 τῶν
3104 3868 3417 3937 γενομένων
3452 3867 3635 3920 αἰτίαν
3654 3882 3670 3896 ⁶
3696 3859 3742 3935 ᾧ
3770 3866 3839 3935 δὴ

2263 3960 2361 4013 καὶ
2403 3960 2666 4031 χρήματα
2712 3961 2920 4013 τούτων
2979 3962 3485 4029 προσενεγκόντων,
3541 3959 3683 4030 μετὰ
3735 3956 3839 4023 τὴν

2265 4052 2401 4124 πρὸς
2448 4050 2580 4105 ναῦν
2629 4050 2986 4117 ὲπανάλυσιν,
3039 4052 3201 4114 αὐτὸς
3251 4052 3312 4105 οὐ
3369 4051 3709 4121 προσήκατο,
3750 4047 3839 4117 Μὴ

2263 4145 2396 4209 δεῖν,
2432 4145 2614 4209 αὐτοῖς
2665 4145 2861 4213 λέγων,
2913 4143 3057 4213 ὑπὲρ
3118 4145 3227 4197 τῶν
3281 4144 3389 4197 ὑπὸ
3436 4143 3572 4196 Θεοῦ
3628 4141 3841 4204 τούτοις

2256 4235 2485 4303 κάγαθῶν
2534 4235 2926 4305 ὑπηργμένων,
2960 4234 3236 4306 ἀνθρώπῳ
3294 4234 3392 4302 τὴν
3431 4234 3594 4304 χάριν
3645 4234 3840 4301 ὁμολο-

2264 4327 2403 4392 γεῖν,
2425 4325 2541 4378 ἀλλ’
2561 4325 2755 4395 ἐκείνῳ
2775 4325 2862 4378 διὰ
2888 4324 3129 4393 καθαροῦ
3162 4341 3220 4377 τε
3254 4323 3372 4392 βίου
3406 4323 3503 4376 καὶ
3535 4322 3839 4392 σώφρονος.

2264 4419 2358 4470 καί
2387 4417 2605 4485 τρόπων
2639 4416 2998 4487 προσανέχειν
3026 4413 3374 4484 ἐλευθερίων,
3399 4414 3494 4467 καὶ
3527 4414 3674 4468 κατὰ
3702 4415 3840 4467 Θεὸν

597 4523 831 4579 pairent.
860 4514 935 4567 Ita
963 4529 1193 4583 namque
1229 4516 1467 4570 futurum
1498 4529 1602 4583 est,
1633 4520 1830 4589 inquit,
1860 4532 1913 4575 ut
1937 4521 2160 4590 juvante

2268 4507 2384 4578 ζῇν,
2442 4506 2607 4576 μηδὲν
2664 4505 3054 4577 ὑπερορῶντας
3099 4505 3209 4559 τῶν
3267 4504 3432 4559 αὐτοῦ
3487 4504 3840 4576 θελημὰτων,

598 4605 707 4659 Deo
739 4619 847 4659 non
901 4605 1168 4673 amplius,
1209 4606 1285 4658 uti
1323 4608 1482 4674 paulo
1523 4618 1651 4663 ante
1698 4609 1960 4666 medicina
2021 4611 2165 4665 inali-

596 4696 789 4767 geatis,
828 4697 933 4751 imo
963 4709 1065 4750 nec
1098 4697 1150 4750 in
1184 4697 1431 4751 morbum
1472 4698 1940 4754 denuoincidatis.

2267 4598 2402 4668 μηδὲ
2437 4597 2547 4649 τῶν
2572 4597 3005 4668 ἀπαρεσκόντων
3035 4596 3171 4660 ὅλως
3214 4596 3413 4666 ἐκείνῳ
3446 4597 3575 4652 ποτὲ
3613 4597 3841 4665 γινομέ-

2263 4709 2388 4753 νους
2412 4704 2427 4720 ο
2451 4689 2593 4743 οὕτω
2623 4691 2732 4761 γὰρ
2760 4689 2941 4759 ὑμεῖς,
2972 4690 3157 4759 φησὶν,
3187 4687 3311 4741 οὐδὲ
3347 4687 3592 4758 ἰατρείας
3627 4687 3708 4743 ἔτι
3740 4690 3840 4740 σὺν

2264 4784 2383 4851 Θεῷ
2419 4783 2680 4851 δεήσεσθε
2730 4782 2826 4836 ἅτε
2868 4781 2966 4850 τὴν
3001 4781 3199 4853 ἀρχὴν,
3234 4779 3375 4849 μηδὲ
3418 4779 3559 4851 νόσῳ
3607 4797 3838 4850 περιπεο

2266 4879 2472 4937 σόντες.

2045 4978 2273 5068 CAPUT
2313 5012 2402 5067 tu.

1350 5129 1533 5185 lteriu
1564 5141 1788 5186 montem
1828 5130 2043 5199 Athum,
2074 5143 2123 5187 et
2163 5134 2268 5187 vita
2301 5133 2413 5186 illic
2450 5132 2582 5186 dure
2607 5140 2887 5201 sancteque
2918 5139 3064 5184 acta.

678 5249 763 5301 15.
792 5247 927 5303 Cum
979 5247 1175 5302 talibus
1230 5245 1426 5303 Petrus
1475 5249 1634 5303 dictis
1673 5248 1910 5301 animum
1958 5264 2172 5318 quoque

603 5339 878 5401 hominum
926 5337 1155 5391 istorum
1184 5348 1333 5392 recte
1383 5337 1992 5406 composuisset,jussit
2045 5341 2170 5395 illos

604 5432 819 5485 domum
854 5428 1089 5495 reverti;
1124 5428 1237 5498 ipse
1267 5442 1393 5482 vero
1421 5444 1451 5483 e
1481 5437 1638 5498 portu
1680 5430 1842 5485 solvit
1892 5447 2012 5484 cum
2043 5431 2169 5485 reli-

603 5523 725 5591 quis
765 5520 1099 5584 vectoribus,
1135 5518 1224 5587 qui
1251 5527 1306 5573 et
1331 5518 1547 5575 felicem
1584 5523 1980 5593 navigationem
2012 5539 2163 5578 suam

604 5615 706 5665 viri
760 5611 935 5665 sancti
979 5610 1270 5664 virtutibus
1318 5610 1621 5666 referebant
1677 5625 1977 5684 acceptam.
2026 5614 2166 5670 Toto

606 5704 808 5773 quippe
838 5715 1064 5757 eatenus
1108 5711 1368 5770 tempore,
1403 5703 1493 5756 ditt
1527 5718 1816 5775 noctuque,
1863 5718 2025 5762 vento
2075 5722 2165 5762 se—

602 5798 780 5850 cundo
809 5793 1190 5860 navigaverant
1217 5810 1231 5858 ;
1288 5808 1350 5848 ac
1381 5795 1628 5851 eumdem
1654 5796 2002 5867 impostcrum
2033 5814 2167 5869 quo-

2339 5249 2421 5305 ιε’,
2451 5249 2639 5312 Οὕτως
2664 5249 2870 5311 ἐκεῖνος
2904 5249 2997 5300 καί
3024 5246 3119 5301 τὸν
3149 5245 3299 5309 ἐντὸς
3334 5247 3520 5308 αὐτοῖς
3552 5245 3841 5315 ἄνθρωπον

2266 5338 2326 5392 εὖ
2363 5338 2757 5410 διατιθέμενος,
2799 5339 2926 5401 τοὺς
2986 5338 3087 5408 μὲν
3137 5336 3321 5390 οἴκαδε
3371 5338 3675 5407 ἐπέτρεπεν
3739 5340 3837 5390 ἐπ-

2265 5431 2496 5495 ανιέναι,
2540 5432 2652 5493 τοῖς
2687 5430 3026 5498 συμπλέουσι
3058 5429 3113 5481 δὲ
3166 5428 3330 5492 αὐτὸς
3387 5434 3739 5497 συνανὴγετο,
3789 5433 3835 5481 οἰ

2265 5522 2488 5590 καὶτῆς
2527 5524 2678 5589 σφῶν
2721 5523 2776 5573 εὖ
2790 5521 2996 5585 πλοϊας,
3051 5520 3274 5590 τάνδρὸς
3310 5518 3544 5597 ᾐτιῶντο
3575 5521 3675 5590 τὴν
3709 5521 3836 5588 ἁρε-

2266 5613 2388 5684 τὴν,
2418 5614 2477 5678 ἐξ
2521 5614 2709 5684 οὐρίας
2736 5631 2747 5642 ·
2782 5618 2874 5665 καὶ
2902 5614 3009 5681 γὰρ
3043 5612 3132 5665 διὰ
3180 5611 3363 5680 πάσης
3403 5610 3617 5680 ἡμέρας
3650 5628 3710 5663 τι
3742 5613 3833 5663 καὶ

2271 5707 2488 5770 νυκτὸς,
2509 5707 2602 5759 τὸν
2635 5708 2796 5776 μέχρι
2820 5704 2972 5757 τοῦδε
3006 5703 3171 5757 πλοῦν
3200 5704 3430 5773 ἤνυσαν.
3450 5704 3541 5754 καί
3578 5703 3709 5769 περὶ
3739 5698 3828 5752 τοῦ

2275 5799 2560 5868 μέλλοντος
2614 5800 2857 5870 ὑτῆοχον
2906 5798 3260 5868 θαρροῦντες.
3301 5794 3460 5849 ’Δλλὰ
3505 5795 3616 5862 γὰρ
3660 5792 3831 5854 οὓτως
