4074 6322
283 412 445 480 που

1426 423 1603 485 νιΤΑ
1634 427 1693 486 S.
1732 426 1963 487 PETRI
1997 428 2423 492 ΑΤΗΟΝΙΤίΕ.

3414 432 3550 496 10ίο

279 529 536 596 ἐχόντων
568 545 627 581 τε
660 529 751 582 καὶ
780 527 1197 595 διανοουμένων,
1227 529 1291 581 ὲκ
1324 530 1415 583 τοῦ
1456 532 1872 602 ἀπροσδοκήτου

1976 555 2079 608 que
2110 538 2412 595 adlaturum
2445 541 2673 597 fidenter
2697 543 3005 611 sperabant.
3053 541 3243 599 Verum
3280 546 3455 601 taliter
3479 545 3547 600 iis

278 619 672 685 παντάπασιν,
729 619 807 673 ἐτ’
858 620 1011 684 ὄντος
1072 620 1164 673 τοῦ
1227 620 1538 692 πνεύματος
1580 624 1872 696 ὲπιφόρου,

279 712 400 763 καὶ
440 710 697 780 λαμπροῦ
743 710 884 764 κατά
947 711 1207 781 πρύμναν
1255 714 1717 785 προσϐάλλοντος,
1780 716 1875 769 τοῦ

278 802 491 871 πρόσω
540 801 857 871 προϐαίνειν
909 803 940 871 ἡ
993 802 1127 865 ναῦς
1174 805 1416 873 ἀφεῖται,
1469 811 1566 863 καὶ
1617 807 1877 877 ἀκίνητος

280 893 483 960 ἔμενε.
518 892 701 946 Πάντα
742 893 802 947 δὲ
832 893 1024 948 κάλων
1059 896 1287 951 ἐκείνων
1321 898 1637 962 κινούντων,
1664 898 1741 964 ὡς
1781 901 1878 955 καὶ

281 984 323 1050 ἡ
382 983 652 1052 παροιμία
687 984 842 1055 φησὶ,
890 986 958 1038 τὰ
995 986 1096 1056 τῆς
1135 988 1423 1058 ἀκινησίας
1467 989 1718 1062 οὐδαμῶς
1762 992 1878 1045 ἐνε-

278 1073 466 1127 δίδου.
507 1075 616 1128 Καὶ
645 1075 710 1146 δὴ
748 1076 857 1130 τῶν
908 1080 1119 1131 ναυτῶν
1164 1080 1620 1153 ἐξηπορημένων,
1653 1083 1749 1138 καὶ
1787 1100 1879 1153 μι-

278 1163 435 1233 κροῦ
484 1165 585 1235 τῆς
630 1168 754 1236 ῐσης
796 1170 1175 1241 μετασχόντων
1227 1173 1541 1244 ἀκινησίας,
1574 1174 1734 1229 τοῦτο
1778 1176 1876 1245 μὲν

279 1256 391 1309 ὑπ’
441 1257 778 1328 ἐκπλήξεως,
813 1258 972 1312 τοῦτο
1016 1260 1074 1312 δὲ
1115 1261 1209 1315 καὶ
1242 1263 1351 1317 ἀπὸ
1394 1264 1489 1318 τοῦ
1527 1265 1698 1336 μηδὲν
1732 1266 1877 1337 ἔχειν

282 1348 591 1415 πράττειν.
626 1350 811 1413 οὓτως
833 1352 898 1405 ὲκ
936 1352 1105 1405 τόπου
1146 1351 1242 1407 τοῦ
1274 1356 1601 1426 πράγματος
1644 1356 1817 1425 ὄντος,
1848 1358 1877 1411 ὁ

282 1437 447 1501 θεῖος
484 1441 688 1512 Hispo;
716 1445 815 1513 τῆς
850 1442 1078 1514 ἡσυχίου
1118 1444 1391 1515 καθέδρας
1419 1447 1750 1513 ἐξαναστὰς,
1781 1450 1877 1502 καὶ

281 1529 795 1601 περιϐλεψάμενος,
829 1533 890 1586 τὸ
922 1533 1016 1586 τοῦ
1048 1534 1473 1607 διαφαινομένου
1514 1538 1673 1609 ὅρους
1704 1539 1875 1609 ὄνομα

277 1619 518 1693 ἐρωτᾷο
552 1624 579 1676 ό
605 1622 670 1686 δὴ
699 1624 793 1678 τδν
824 1623 974 1678 ’Λθω
1013 1627 1318 1697 πυθόμενος
1369 1624 1531 1695 εἶναι,
1567 1629 1770 1699 συνῆκε
1816 1648 1874 1684 τε

284 1714 397 1763 καὶ
437 1714 777 1783 ἀπαγγέλλει
824 1714 885 1767 τὸ
933 1715 1166 1785 κατέχον
1204 1718 1419 1789 ἁτρεμῆ
1453 1720 1552 1789 τὴν
1596 1720 1747 1774 ναῦν.
1788 1720 1877 1772 Ἐν

271 1805 497 1875 τούτῳ,
530 1807 716 1878 φησὶν,
757 1807 837 1862 ἔνι
863 1808 941 1880 τῷ
968 1808 1087 1878 Θεῷ
1115 1809 1449 1883 βουλομένῳ,
1482 1813 1576 1866 τὸν
1598 1813 1876 1867 ῦπόλυπον

270 1897 553 1951 διανῦσαι
594 1915 664 1968 με
703 1898 855 1969 βίονο
906 1901 1003 1953 καὶ
1046 1900 1126 1971 τῷ
1175 1901 1285 1957 τῶν
1312 1903 1517 1956 οίάκων
1550 1902 1866 1966 ὲπικαθεζο-
1906 1891 1948 1950 Β

268 1990 473 2060 μένῳ,
498 1992 595 2060 τῆς
625 1993 729 2061 γῆς
764 1991 926 2055 εὐθὺς
955 1993 1093 2062 πρὸς
1130 1997 1193 2049 τὸ
1232 1994 1512 2065 εὐώνυμον
1544 1996 1720 2048 ίθῦναι
1770 1997 1871 2065 τὴν

262 2070 431 2134 ναῦν
483 2081 868 2150 εγκελεύεταιο
901 2083 996 2136 καὶ
1042 2082 1124 2150 δς,
1170 2082 1245 2148 ὡς
1301 2083 1456 2138 οὐδὲν
1508 2084 1780 2155 μελλήσας
1814 2083 1874 2137 τὸ

278 2172 597 2228 κελευσθὲν
628 2174 850 2245 ἤνυσεν,
884 2177 919 2246 ἡ
951 2175 1081 2240 ναῦς
1104 2174 1214 2230 τῶν
1235 2175 1453 2246 δεσμῶν
1477 2176 1711 2241 ἀνεῖται,
1734 2174 1874 2229 κάπὶ

271 2265 337 2316 τὸ
364 2263 665 2337 εὐκίνητον
690 2266 894 2331 εὐθέως
926 2267 1074 2340 μάλα
1106 2266 1424 2338 μετέϐαλεν.

355 2449 457 2510 ις’.
500 2441 630 2514 'Ap‘
658 2444 758 2499 οὒκ
791 2443 1057 2516 ἔκπληξις
1094 2444 1187 2498 ἰπὶ
1231 2444 1447 2509 τούτοις
1500 2446 1670 2500 πᾶσιν
1723 2445 1875 2515 ἔγγε-

269 2554 473 2599 ν.ται;
534 2536 658 2599 Πῶς
702 2538 734 2606 ἡ
787 2537 1036 2609 πλώϊμος
1095 2538 1283 2607 φύσις,
1341 2539 1375 2607 ἡ
1429 2538 1531 2608 τῆς
1594 2537 1872 2606 θαλάττης

268 2643 297 2680 ε
316 2626 651 2697 mappam;
686 2626 910 2696 ἰδιότης,
938 2627 1033 2679 ποῖ
1059 2627 1160 2697 μὲν
1190 2627 1470 2699 ὑποχωρεῖ
1496 2627 1592 2681 καὶ
1629 2626 1870 2698 πάροδον

268 2720 472 2774 δῖδωσι
502 2720 568 2787 τῇ
594 2715 707 2786 νηῒ,
734 2719 802 2789 τῇ
836 2717 1111 2789 προσϐολῇ
1136 2717 1245 2771 τῶν
1274 2718 1607 2788 πνευμάτων
1645 2719 1871 2771 ἐλαυνο-

272 2813 475 2880 μένῃο
528 2810 623 2863 ποῖ
664 2809 710 2861 δ’
763 2809 1122 2881 ἀρνησαμένη
1181 2809 1281 2881 τὴν
1341 2810 1530 2879 φύσιν,
1576 2810 1674 2879 τὴν
1722 2811 1871 2864 ἀντι-

274 2898 496 2950 τυπίαν
546 2896 976 2966 μεταλαμϐάνει,
1009 2898 1104 2951 καὶ
1138 2902 1335 2969 χέρσου
1382 2898 1540 2967 δίκην
1567 2900 1659 2952 ἐπὶ
1684 2899 1869 2970 χώραν

274 2988 673 3058 παρακατέχει
710 2991 811 3058 τὴν
845 2989 1009 3056 ναῦνς
1055 2991 1181 3053 Πῶς
1229 2989 1286 3043 δὲ
1338 2990 1434 3044 καὶ
1470 2991 1533 3043 τὸ
1578 2993 1671 3044 τοῦ
1710 2990 1870 3044 πνεύ-

276 3097 465 3150 ματος
519 3080 836 3152 εὐδιάχυτον
889 3082 949 3134 ιν
1008 3082 1169 3154 μέρει
1225 3082 1596 3146 συστέλλεται,
1639 3083 1731 3136 καὶ
1791 3082 1867 3155 μὴ

1982 632 2235 685 animatis
2288 642 2343 687 et
2388 634 2786 703 cogitantibus,
2828 651 2957 690 cccc
2996 652 3094 691 nec
3131 636 3351 705 opinato
3382 636 3544 705 plane

1980 736 2196 790 eventu,
2236 728 2475 781 secundo
2501 726 2662 781 etiam
2688 737 3069 798 perseverante
3108 735 3269 782 vento
3298 737 3353 782 et
3387 727 3550 783 vehe-

1979 827 2192 873 menter
2242 818 2292 871 in
2354 818 2569 888 puppim
2632 818 2999 884 incumbente,
3055 820 3217 874 desiit
3270 818 3544 888 navigium

1980 922 2145 978 porro
2201 908 2474 978 progredi,
2525 917 2582 965 et
2626 909 2903 965 immobile
2950 911 3002 963 in
3053 911 3175 965 loco
3214 911 3386 966 stetit.
3411 911 3547 978 Ipsis

1981 1011 2159 1055 autem
2194 1015 2434 1067 onmem,
2453 1003 2600 1073 quod
2626 1003 2845 1068 dicitur,
2870 1003 3147 1058 rudentem
3182 1004 3544 1067 umveutibns,

1980 1092 2113 1147 nihil
2141 1094 2433 1162 quidquam
2468 1094 2769 1162 profectum
2802 1105 2922 1159 cst;
2966 1104 3143 1149 nautm
3177 1110 3303 1148 vero
3345 1095 3546 1150 tuentis

1980 1186 2190 1255 inepcs.
2222 1186 2337 1253 pari
2368 1185 2483 1241 fere
2522 1202 2645 1241 cum
2681 1188 2803 1241 navi
2836 1186 3217 1242 immobilitate
3249 1186 3543 1251 haerebant,

1979 1277 2174 1345 partim
2208 1292 2316 1346 pra:
2347 1290 2570 1345 δωροῖο
2598 1277 2765 1331 animi
2792 1316 2807 1340 ,
2867 1277 3063 1346 partim
3097 1277 3240 1347 quod
3273 1278 3546 1331 nescirent

1978 1368 2107 1439 quid
2166 1369 2381 1425 consilii
2435 1378 2716 1437 caperent.
2744 1369 2878 1424 Cum
2936 1369 3055 1425 loco
3103 1379 3215 1423 tam
3260 1369 3403 1423 male
3457 1383 3546 1422 res

1978 1468 2143 1523 esset,
2196 1459 2415 1514 divinus
2471 1458 2664 1514 Petrus
2714 1474 2745 1513 e
2778 1459 2907 1514 sede
2938 1457 3029 1514 ubi
3076 1459 3393 1528 qtticScehat
3423 1473 3546 1513 sur-

1976 1566 2133 1623 gens,
2185 1551 2479 1623 oculosque
2536 1550 2963 1616 circumferens,
3024 1550 3226 1604 montis
3282 1550 3373 1618 qui
3410 1549 3547 1604 forte

1978 1649 2078 1702 sub
2101 1656 2378 1717 aspectum
2433 1645 2701 1710 cadebat’,
2736 1647 3052 1702 sciscitatur
3097 1659 3293 1699 nomen
3327 1661 3341 1697 :
3384 1658 3544 1713 quem

1979 1740 2069 1794 ubi
2110 1739 2313 1794 Athum
2344 1737 2606 1808 appellari
2643 1738 2858 1801 didicit,
2891 1737 3051 1792 simul
3078 1734 3348 1790 intellexit
3380 1744 3545 1803 atque

1978 1831 2113 1886 alios
2138 1830 2322 1884 docuit
2344 1843 2586 1892 causam,
2616 1845 2715 1883 cur
2750 1827 2821 1883 ita
2856 1827 3081 1883 moveri
3110 1827 3290 1882 nescia
3360 1826 3547 1881 consi-

1977 1926 2149 1978 steret
2208 1915 2383 1972 navis.
2411 1914 2468 1971 In
2496 1916 2705 1982 .hocce,
2744 1914 2946 1986 inquit,
2983 1922 3166 1969 monte
3197 1913 3302 1969 Deo
3331 1913 3548 1969 volente

1979 2011 2249 2080 reliquum
2282 2024 2415 2063 mea:
2444 2008 2566 2063 vita:
2597 2006 2998 2078 trausigcndum
3027 2004 3156 2060 milii
3185 2016 3268 2059 est
3298 2021 3314 2058 :
3348 2014 3401 2059 et
3427 2004 3545 2059 cla-

1977 2117 2098 2155 vum
2126 2098 2331 2153 tenenti
2363 2100 2688 2167 impcrat,ut
2714 2098 3088 2154 sinistrorsum
3128 2096 3307 2151 navim
3337 2096 3402 2150 ad
3437 2104 3545 2150 ter-

1975 2209 2092 2248 ram
2125 2202 2267 2247 recta
2301 2192 2499 2258 dirigat
2536 2210 2549 2246 :
2586 2191 2727 2260 quod
2755 2190 2843 2245 ubi
2869 2191 2937 2253 is,
2973 2189 3104 2243 nihil
3129 2198 3433 2250 cunctatus,
3465 2187 3549 2241 cf-

1898 2340 1901 2343 _
1975 2280 2173 2336 fectum
2215 2279 2384 2343 dedit,
2418 2280 2561 2334 illico
2594 2279 2779 2344 navis,
2809 2278 3003 2334 solutis
3033 2278 3262 2333 tiueulis
3292 2278 3547 2332 facillime

1975 2382 2032 2427 ιιι
2057 2372 2208 2442 prius
2237 2371 2442 2426 moveri
2466 2369 2655 2441 cmpit.

2050 2462 2133 2516 lti.
2194 2460 2388 2515 Nonne
2440 2460 2564 2513 hinc
2614 2457 2905 2513 admiratio
2957 2457 3170 2513 cunctis
3230 2456 3543 2513 vectoribus

1974 2554 2192 2608 suborta
2247 2550 2447 2619 fuerit;
2482 2566 2589 2621 quo
2637 2560 2794 2621 pacto
2838 2551 3142 2623 navigabile
3193 2550 3543 2614 elementum.

1974 2644 2134 2698 ﬂuida
2162 2644 2326 2698 maris
2354 2643 2688 2714 preprietas,
2714 2642 2873 2700 modo
2898 2643 3054 2698 cedat
3078 2643 3291 2712 iterque
3311 2644 3547 2711 praebeat

1974 2736 2119 2801 navi,
2164 2736 2363 2805 impetu
2401 2744 2682 2790 ventorum
2731 2736 3007 2807 impulse;
3071 2740 3230 2793 modo
3290 2750 3537 2795 naturam

1970 2827 2375 2896 quodammodo
2401 2841 2553 2881 suam
2589 2839 2775 2893 exuta,
2810 2830 3141 2884 contrariam
3186 2841 3451 2896 assumat,
3483 2848 3546 2885 ac

1974 2928 2130 2974 terra;
2166 2919 2337 2973 instar
2369 2918 2578 2973 afﬁxam
2635 2921 2815 2974 navim
2871 2921 3062 2977 eodem
3091 2922 3209 2976 loco
3256 2920 3549 2979 detineat?

1970 3013 2087 3079 Quo
2118 3023 2274 3082 pacto
2306 3012 2433 3067 item
2458 3012 2791 3068 lltlitﬁSSillltn
2822 3022 3027 3069 natura:
3062 3026 3254 3071 ventus
3285 3028 3438 3087 parte
3461 3019 3546 3072 sui

1972 3105 2349 3171 contrahatur,
2382 3116 2446 3158 ac
2477 3102 2656 3157 navim
2710 3103 2998 3159 manifesto
3052 3103 3254 3175 impetu
3306 3120 3407 3162 suo
3440 3122 3545 3161 non

277 3170 635 3240 συναρπάζει
706 3171 914 3241 ταύτην
972 3173 1052 3244 τῷ
1126 3177 1421 3245 περιφανεῖ
1484 3174 1581 3246 τῆς
1648 3175 1863 3246 ῥύμης,

1973 3193 2419 3266 abripiat,nullo
2466 3194 2572 3264 ipsi
2619 3193 2881 3250 validiore
2929 3170 3161 3267 corpore
3198 3197 3543 3263 obsistente;

282 3262 528 3330 μηδενὸς
557 3263 984 3333 ἐπιτειχίζοντος
1039 3265 1404 3335 σφοδροτέρου
1439 3265 1733 3335 σώματοςς
1776 3266 1867 3336 Τῷ

288 3357 398 3422 γαρ
437 3352 707 3422 εὐκινήτῳ
747 3353 855 3406 τῶν
903 3354 1113 3407 ὑδάτων
1161 3358 1223 3407 τὸ
1272 3357 1491 3426 πνεῦμα
1528 3359 1862 3415 πλεονεκτεῖ.

284 3448 402 3498 Καὶ
433 3444 531 3496 τοῦ
565 3444 803 3513 φανῆναι
856 3444 957 3513 τὴν
997 3446 1056 3497 ὲν
1084 3444 1162 3515 τῷ
1195 3446 1434 3517 πυθμένι
1463 3449 1562 3519 τῆς
1594 3450 1866 3521 θαλάττης

282 3539 527 3607 ἡττειρσν
585 3536 790 3605 ταύτης
852 3537 1174 3607 διαστάσης,
1236 3539 1297 3592 τὸ
1356 3539 1633 3613 θαλάττης
1698 3542 1867 3613 ρυτὴν

287 3629 644 3695 ἓπιφάνειαν,
679 3629 997 3700 στερέμνιον
1046 3630 1145 3684 ὅσα
1180 3633 1273 3685 καὶ
1307 3633 1534 3704 ἤπειρον
1588 3636 1862 3703 γενέσθαι,

283 3718 578 3784 θαύματος
600 3718 701 3772 οὐκ
734 3719 939 3773 ἐλάττω
973 3719 1201 3791 φέρεται
1231 3722 1387 3788 δόξαν
1412 3740 1424 3757 ³
1454 3725 1654 3779 οῦκοῦν
1690 3744 1866 3795 προσ-

282 3810 481 3861 θετέον
529 3808 688 3862 τοῦτο
737 3812 852 3873 τοῖς
897 3811 1147 3877 παλαιοῖς
1206 3815 1571 3885 θαυμασίοις,
1643 3818 1739 3871 καὶ
1786 3821 1869 3872 δι-

279 3902 535 3969 ηγητέον
562 3902 659 3971 ούχ
694 3898 858 3972 ἦττον
895 3904 1146 3971 ἐκείνων,
1175 3907 1269 3959 καὶ
1288 3908 1557 3977 ὑμνητέον
1577 3910 1670 3961 ἐπὶ
1696 3910 1869 3981 τούτῳ

278 3997 442 4059 θεὸν,
472 3987 521 4061 ᾧ
574 3994 739 4065 μηδὲν
785 3987 860 4048 ὧν
899 3994 966 4051 ἂν
1014 3996 1281 4069 βούλοιτο,
1316 3999 1377 4051 to
1423 4000 1689 4071 παράπαν
1734 4002 1866 4072 ἀνή-

278 4105 470 4143 νυτον.
1052 4102 1071 4117 ¹

355 4180 442 4243 ιζ’.
510 4178 648 4232 Ἀλλ’
675 4178 848 4241 οὕτως
882 4180 908 4231 δ
941 4178 1016 4246 τῷ
1051 4179 1240 4250 Πέτρῳ
1284 4178 1565 4250 σύμπλους
1587 4180 1773 4248 ὅμιλος
1801 4184 1868 4253 τῇ

271 4274 343 4339 γῇ
384 4270 909 4336 προσπελάσαντες,
937 4269 1075 4332 πρὸς
1122 4272 1221 4339 τὴν
1268 4269 1556 4340 ὑπώρειαν
1600 4270 1869 4326 ἀποϐιϐά-

274 4364 481 4426 ζουσιν·
514 4360 617 4414 οῦκ
645 4361 914 4431 ἀδακρυτὶ
962 4362 1055 4414 τὸν
1088 4360 1321 4427 γεννάδα
1341 4379 1354 4393 ·
1386 4361 1444 4424 ὃς
1481 4362 1578 4416 καί⁹
1608 4362 1870 4418 ἀνέλαϐεν

279 4456 386 4526 ἤδη
429 4452 943 4516 καταπεπτωκότας
972 4455 1062 4506 ὑπ’
1106 4454 1295 4517 ἀνοίας
1331 4454 1553 4519 αὐτοὺς,
1588 4455 1870 4524 προειπὼν

1968 3297 2163 3343 ventus
2189 3286 2332 3340 enim
2363 3284 2623 3342 facilitate
2666 3294 2843 3341 motus
2866 3301 3064 3357 aquam
3124 3292 3412 3345 antecedit.
3449 3288 3549 3345 Ne-

1967 3392 2076 3448 que
2127 3391 2254 3431 vero
2316 3376 2544 3429 minoris
2596 3376 2842 3429 miraculi
2894 3376 3122 3443 gloriam
3174 3378 3359 3443 habet,
3401 3380 3548 3449 quod

1967 3470 2132 3524 llnida
2158 3469 2324 3523 maris
2356 3467 2694 3536 superficies,
2747 3467 2913 3521 lii-ma
2942 3469 3187 3523 adinstar
3217 3469 3549 3525 continentis

1968 3562 2110 3616 fae'a
2143 3558 2248 3624 sit;
2278 3573 2437 3629 quam
2470 3559 2613 3627 quod
2644 3557 2836 3611 divisis
2867 3558 3047 3628 aquis,
3090 3559 3142 3613 in
3168 3558 3336 3615 fundo
3361 3560 3546 3627 maris,

1968 3654 2252 3710 continens
2287 3652 2599 3721 apparuerit
2631 3651 2948 3721 aliquando.
2987 3653 3350 3717 Quamobrem
3382 3653 3551 3707 hocce

1969 3746 2133 3801 etiam
2158 3744 2393 3813 antiquis
2422 3743 2917 3807 annuutcraudnm,
2944 3757 3043 3796 nec
3070 3743 3246 3797 minus
3276 3760 3440 3811 quam
3462 3745 3553 3798 illa

1970 3838 2350 3907 divulgandum
2391 3837 2539 3890 venit
2577 3834 2938 3890 miraculum:
2978 3836 3227 3903 incoque
3259 3837 3421 3901 Deus,
3455 3841 3555 3907 qui

1971 3929 2234 3997 quidquid
2262 3927 2480 3982 libuerit
2508 3934 2617 3980 tam
2653 3926 2808 3980 facile
2847 3926 3082 3995 perlicit,
3106 3927 3317 3982 laudari
3348 3931 3540 3999 praeci-

1973 4033 2076 4089 pue
2103 4018 2287 4073 debet.

2044 4186 2134 4240 l7.
2167 4183 2348 4254 Itaque
2386 4185 2475 4255 qui
2510 4200 2632 4239 cum
2684 4185 2843 4241 Petro
2888 4184 3217 4257 navigabant
3269 4198 3537 4252 vectores,

1973 4279 2095 4334 navi
2132 4287 2290 4332 terra:
2315 4276 2556 4342 admota,
2590 4277 2657 4331 ad
2708 4278 2943 4331 radicem
2987 4278 3193 4332 montis
3218 4293 3541 4349 generosum

1975 4372 2145 4441 virum
2182 4386 2288 4425 non
2335 4370 2452 4424 sine
2498 4369 2752 4438 lacrymis
2798 4368 3123 4423 dimiserunt
3164 4387 3177 4424 :
3220 4385 3355 4438 quos
3410 4373 3543 4440 ipse,

1977 4480 2085 4536 pra:
2112 4461 2337 4517 tristitia
2353 4461 2553 4515 animis
2577 4461 2946 4524 COllCitlt'llleS,
2967 4460 3163 4515 blande
3183 4464 3357 4518 erexit
3379 4482 3392 4529 ;
3415 4480 3547 4531 pra:-

286 4549 476 4610 αὐτοίς
511 4546 605 4598 τόν
657 4561 717 4597 τε
753 4545 921 4597 πλοῦν
973 4545 1281 4610 ἀκίνδυνον,
1322 4546 1418 4599 καὶ
1452 4547 1552 4616 τὴν
1608 4547 1869 4618 πρόθεσιν

1978 4556 2163 4610 dicens
2202 4553 2316 4608 fore
2373 4564 2429 4608 ttt
2471 4555 2820 4622 imposterum
2853 4569 3044 4609 secure
3070 4555 3348 4624 navigem,
3388 4566 3547 4624 atque

286 4639 565 4707 ἀνύσιμον
614 4634 780 4701 ἕξειν.
818 4637 880 4690 Ol
936 4638 1035 4708 μὲν
1081 4638 1177 4692 οὖν
1214 4638 1530 4691 ἐστέλλοντο
1563 4641 1683 4708 μετ’
1725 4641 1869 4709 ἀγα-

288 4731 399 4784 θῶν
429 4730 545 4783 τῶν
587 4728 856 4782 ἐλπίδων*
891 4732 919 4782 ό
963 4731 1018 4784 δὲ
1072 4729 1163 4801 βίᾳ
1197 4730 1319 4800 μὲν,
1348 4731 1610 4784 ἐπέϐαινε
1639 4731 1694 4785 δὲ
1722 4732 1871 4801 ὅμως

288 4823 400 4876 τῶν
455 4821 705 4884 ἀϐάτων,
738 4823 833 4875 καὶ
890 4822 1058 4892 ἀνέϐη
1122 4824 1184 4875 τὸ
1227 4821 1375 4893 ὅρος,
1424 4824 1518 4875 καὶ
1572 4824 1752 4876 είσέδυ
1802 4824 1870 4876 τά

294 4917 487 4979 ἄδυτα,
516 4914 635 4985 Θεῷ
669 4915 811 4984 μόνῳ
842 4916 910 4967 τὰ
938 4915 1064 4967 καθ’
1102 4916 1297 4969 ἑιυτὸν
1342 4916 1666 4987 ἐπιτρέψας,
1702 4910 1745 4985 ᾧ
1777 4917 1871 4969 καὶ

297 5007 447 5076 μόνῳ
481 5003 842 5074 προεθυμήθη
870 5020 930 5056 τε
969 5004 1063 5059 καὶ
1111 5006 1324 5076 ὑπέστη
1364 5006 1571 5077 ζήσειν,
1606 5007 1634 5060 δ
1668 5008 1763 5061 καὶ
1790 5009 1870 5070 εἰς

294 5096 448 5156 τέλος
500 5096 727 5162 ἀγαγεῖν
775 5092 1134 5161 δσπούδασεν,
1167 5097 1228 5149 ού
1288 5097 1450 5164 μόνον
1503 5099 1762 5162 ἀπόσιτος
1794 5098 1869 5151 ὣν

297 5189 509 5257 σχεδὸν,
539 5187 648 5239 τῶν
693 5186 795 5239 ὃσα
849 5185 1093 5255 πέφυκεν
1144 5187 1451 5259 ἀνθρώπων
1491 5192 1737 5259 συνέχειν
1773 5191 1872 5260 φύ-

299 5297 423 5343 σιν,
482 5283 574 5330 καὶ
629 5277 800 5348 βραχύ
864 5297 918 5332 τι
974 5280 1104 5350 παρ’
1166 5279 1434 5349 ἀγγέλους
1482 5282 1869 5351 ὴλαττωμὲνος

296 5372 447 5423 τουτὶ
472 5370 532 5421 τερ
575 5369 760 5439 μέρος,
787 5370 926 5426 ἀλλὰ
970 5373 1065 5425 καὶ
1118 5373 1283 5443 ψύχει
1335 5374 1431 5427 καὶ
1481 5373 1722 5429 καύσωνι
1774 5377 1869 5429 καὶ

295 5465 558 5530 παγετοίς
615 5462 710 5515 καὶ
757 5462 904 5531 χιόσι
953 5465 1048 5518 καὶ
1100 5464 1352 5535 ὄμϐροις,
1399 5464 1606 5535 γυμνός
1660 5482 1720 5519 τε
1777 5468 1868 5518 καὶ

300 5551 597 5623 ὕπαιθρος,
655 5553 700 5607 ὣ
762 5557 863 5624 τῆς
926 5558 1258 5628 καρτερίαςί
1323 5558 1865 5630 ταλαιπωρούμενος.

311 5643 465 5715 Ἀνὴρ
489 5648 599 5717 γὰρ
628 5646 853 5713 ἐκεῖνος,
890 5649 1049 5717 εῖπερ
1076 5665 1179 5714 τις,
1207 5649 1332 5702 νοῦν
1361 5643 1520 5720 ἔχων,
1565 5651 1659 5702 καὶ
1688 5653 1866 5713 συνε“·ς

302 5737 397 5797 τὴν
442 5739 535 5790 τοῦ
595 5738 755 5808 γηΐου
777 5739 932 5794 τοῦδε
983 5744 1361 5812 συγκρίματος
1414 5742 1599 5813 φύσιν,
1644 5741 1720 5803 ὡς
1771 5743 1867 5795 καὶ

302 5825 459 5881 αὑτὸν
493 5829 670 5902 βρίθει
715 5834 810 5887 τὸν
858 5834 1002 5900 νοῦν,
1056 5836 1147 5889 καὶ
1183 5835 1322 5906 πρὸς
1366 5834 1467 5905 γῆν
1503 5834 1863 5902 κατασπῶεα,

1977 4648 2043 4701 ad
2095 4646 2382 4701 terminum
2439 4644 2670 4699 feliciter
2725 4646 3065 4712 perveniant.
3099 4642 3191 4699 llli
3221 4646 3403 4710 igitur,
3452 4662 3549 4714 spe

1978 4738 2113 4791 bona
2143 4735 2305 4806 pleni,
2333 4744 2568 4804 emptum
2602 4736 2707 4790 iter
2753 4744 3157 4805 prosequuntur
3194 4753 3210 4791 :
3238 4735 3355 4805 ipse
3392 4751 3541 4803 vero,

1976 4842 2173 4896 magno
2210 4828 2427 4896 quidem
2455 4827 2639 4881 labore
2662 4866 2679 4892 ,
2710 4826 2806 4881 scd
2838 4839 3017 4881 tamen
3046 4827 3317 4881 contendit
3343 4842 3438 4897 per
3465 4828 3547 4882 iu-

1974 4918 2058 4971 via
2090 4917 2331 4971 locorum
2353 4956 2369 4979 ,
2404 4917 2724 4971 conscendit
2755 4926 2989 4971 montem
3011 4955 3027 4979 ,
3067 4918 3341 4972 inaccessa
3383 4932 3544 4985 pene-

1977 5020 2105 5071 trat.
2143 5010 2240 5064 soli
2293 5011 2399 5063 Deo
2449 5023 2507 5063 se
2545 5023 2751 5077 suaque
2791 5009 3171 5075 committens;
3204 5011 3289 5063 cui
3343 5009 3547 5077 pariter

1974 5100 2075 5153 soli
2101 5100 2279 5154 vivere
2307 5115 2632 5170 inaguoperc
2660 5099 2909 5167 cupiebat
2937 5138 2954 5164 ,
2989 5114 3051 5153 ac
3089 5100 3355 5153 victurum
3389 5100 3545 5167 polli-

1975 5191 2117 5243 citus
2146 5191 2341 5245 fueiat.
2375 5189 2487 5244 lloc
2512 5199 2691 5243 autem
2730 5189 2902 5258 ipsum
2931 5189 3171 5243 studiose
3220 5194 3284 5243 ad
3336 5193 3541 5245 exitum

1976 5283 2244 5352 perduxit,
2295 5298 2398 5336 nou
2451 5284 2611 5334 modo
2667 5279 2948 5333 abstinens
3007 5281 3074 5333 ab
3132 5281 3382 5333 omnibus
3430 5281 3543 5335 fere

1973 5375 2226 5444 cibis,qui
2265 5376 2549 5427 humanam
2582 5382 2890 5427 sustentare
2947 5380 3199 5426 naturam
3252 5386 3542 5423 consueve-

1973 5477 2116 5534 runt,
2144 5466 2320 5520 factus
2345 5467 2446 5519 hac
2474 5473 2627 5534 parte
2656 5461 2814 5534 paulo
2848 5462 3075 5517 inferior
3100 5461 3329 5528 angelis;
3350 5474 3539 5514 verum

1971 5561 2136 5613 etiam
2168 5558 2353 5627 frigus,
2392 5566 2609 5620 aestum,
2639 5556 2861 5626 glaciem
2884 5592 2901 5619 ,
2926 5555 3075 5608 nives
3111 5568 3172 5605 ac
3210 5551 3411 5603 imbres
3442 5565 3541 5602 nu-

1979 5648 2102 5711 dus,
2144 5647 2244 5700 sub
2282 5646 2371 5700 dio
2400 5649 2453 5715 (ο
2476 5644 2850 5700 tolerantiam!
2879 5645 2898 5714 )
2926 5648 3238 5698 constanter
3268 5638 3412 5690 tulit.
3438 5637 3536 5691 Vir

1970 5737 2167 5806 quippe
2204 5747 2340 5801 enat,
2369 5740 2414 5791 sl
2451 5736 2570 5805 quis
2606 5735 2745 5791 alius
2772 5776 2786 5800 ,
2839 5733 3118 5801 perspicax
3146 5745 3164 5793 ;
3194 5733 3357 5791 atque
3380 5725 3536 5779 intel-

1972 5829 2187 5897 figebat,
2240 5829 2508 5896 quomodo
2547 5837 2774 5883 terrente
2822 5824 2981 5892 hujus
3026 5814 3391 5874 concrctionis
3426 5829 3530 5869 ιιιι-
