4146 6308
435 378 574 445 1013
620 437 628 445 .

1552 374 1726 434 νιΤΑ
1767 373 1829 432 S.
1870 370 2098 431 PETRI
2140 368 2569 429 ΑΤΗΟΝΙΤίΕ.

3552 362 3688 428 10.4

434 496 619 568 γάριτί
645 512 705 549 τε
726 494 854 564 θείᾳ
882 491 977 546 καὶ
1007 490 1210 561 σαρκὸς
1249 488 1529 560 παχύτητι
1561 487 1887 559 μεσιτεύων,
1908 487 1999 540 καὶ

2129 490 2252 538 tum
2309 482 2412 538 sibi
2478 494 2675 551 corpus
2726 477 2923 533 indicia
2989 477 3407 548 pulchritudinis
3462 478 3683 534 divinm.

433 592 663 658 δύναμιν
696 585 807 640 τῶν
845 582 1124 639 ὁδυνάτων
1155 581 1408 646 ἐντιθείς.

506 847 575 903 κ’.
618 845 896 900 Ἐντεῦθεν
926 846 961 914 ἡ
1026 843 1148 900 κατ’
1186 842 1388 916 ἀρετὴν
1436 827 1677 912 θεοειδὴς
1726 842 1820 894 καὶ
1865 841 2010 893 ἀπα-

440 936 700 1011 ραμιλλος
728 937 866 1006 ἕξις,
894 938 992 1011 καὶ
1025 936 1085 990 τὸ
1126 936 1265 1004 πρὸς
1297 933 1496 990 κακίαν
1519 934 1655 997 ὅλως
1684 934 1746 986 οὐ
1785 931 2011 1001 κινητὸν

437 1038 469 1104 ἢ
508 1031 833 1102 δυσκίνητον
866 1030 929 1086 αῖ
957 1046 1018 1083 τε
1060 1026 1491 1099 θαυματοποιαὶ,
1523 1027 1702 1081 καὶτὸ
1735 1026 1921 1096 διορᾷν
1950 1041 2011 1077 τε

437 1127 531 1179 καὶ
559 1123 822 1195 προορᾷν,
858 1121 953 1176 καὶ
990 1120 1116 1191 περὶ
1150 1119 1257 1172 τῶν
1303 1120 1493 1190 πὸῤῥω
1539 1134 1641 1170 που
1682 1114 2013 1186 συμδαινόν-

438 1235 569 1283 των,
623 1216 698 1280 ὡς
749 1215 843 1269 ὑπ’
896 1204 1210 1282 ὀφθαλμοὺς
1255 1199 1638 1279 διαλέγεσθαιο
1685 1212 1781 1262 καὶ
1836 1207 1896 1261 τὸ
1948 1207 2012 1275 δὴ

444 1309 721 1380 μέγιστον,
748 1307 822 1371 ὡς
850 1305 973 1360 οὐδὲ
1031 1306 1160 1376 περὶ⁵
1188 1303 1341 1357 ταῦθ’
1389 1306 1417 1357 6
1466 1303 1667 1366 σκοπὸς
1695 1302 1862 1355 τείνει
1904 1300 2015 1354 τῶν

444 1400 731 1472 μακαρίων
777 1399 1022 1461 ἐκείνων,
1062 1396 1180 1451 ἀλλ’
1230 1395 1421 1465 ὥσπερ
1465 1395 1519 1448 εί
1566 1399 1663 1457 τις
1691 1395 1838 1465 ὁρῴη
1878 1392 2014 1458 πρὸς

439 1492 674 1563 ἡλιακὴν
724 1491 942 1552 ἀκτῖνα,
971 1482 1065 1541 καὶ
1113 1487 1224 1540 τῶν
1276 1486 1538 1557 ἐναερίων
1570 1486 1791 1554 ἀτόμων
1827 1483 2016 1537 αἰσθά-

441 1598 622 1637 νεται·
654 1582 759 1635 κᾶν
790 1581 867 1651 μὴ
890 1580 1050 1632 τοῦτο
1078 1578 1154 1647 τῷ
1191 1578 1535 1649 προσορῶντι
1567 1576 1808 1640 σκοπόςὀ
1842 1576 2014 1638 οὕτως

440 1677 675 1736 ἐκείναις
731 1675 855 1734 ταῖς
913 1672 1086 1733 θείαις
1145 1671 1328 1723 ἀκτῖσι
1402 1668 1661 1739 καθαρῶς
1711 1666 2014 1736 ὁμιλοῦσιν,

442 1763 530 1831 αἷς
583 1765 748 1835 φύσει
798 1764 1094 1834 πρόσεστιν
1146 1764 1180 1832 ἡ
1237 1760 1456 1815 πάντων
1495 1758 1863 1829 ἀποκάλυψις,
1896 1759 2019 1827 οὐχὶ

2112 572 2256 627 inter
2288 570 2521 641 gratiam
2546 570 2667 639 ejus
2693 577 2748 623 et
2777 567 2960 622 carnis
3017 567 3214 621 molem
3253 567 3600 634 interposita,
3633 576 3689 621 et

2112 665 2297 719 tribuit
2330 665 2379 717 ei
2410 661 2717 719 facultatem
2756 660 3023 717 eﬂiciendi
3075 674 3195 729 quae
3229 659 3346 713 fieri
3398 659 3531 715 alias
3577 674 3688 715 non

2110 763 2358 824 possunt.

2178 849 2271 902 20.
2302 848 2437 902 Hinc
2474 848 2530 901 fit
2559 857 2620 902 ut
2653 846 2875 917 quidam
2913 847 3128 902 divinus
3160 855 3216 901 ct
3246 846 3364 902 sine
3386 859 3691 915 repugnan-

2113 941 2182 995 tia
2219 955 2452 1009 operans
2497 941 2714 995 virtutis
2752 940 2969 996 habitus
3028 948 3323 1004 nascatur;
3357 950 3417 993 ιιι
3472 937 3689 992 animus

2116 1031 2167 1083 in
2197 1028 2395 1083 malum
2431 1039 2519 1083 aut
2553 1029 2704 1082 nullo
2745 1042 2973 1097 prorsus
3029 1029 3217 1091 modo,
3245 1037 3339 1082 aut
3390 1041 3494 1081 non
3530 1025 3692 1078 facile

2114 1121 2438 1186 inclinetur;
2462 1133 2519 1175 ιιι
2544 1118 2813 1175 miracula
2849 1118 3095 1188 patrandi
3132 1120 3303 1173 virtus
3334 1117 3689 1187 acquiratnr;

2117 1223 2172 1264 ut
2202 1212 2327 1282 quis
2362 1211 2655 1281 praesentia
2685 1209 2980 1280 perspiciat
3001 1248 3015 1272 ,
3051 1217 3107 1264 et
3151 1209 3440 1279 prospiciat
3473 1207 3690 1272 futura;

2115 1315 2277 1375 atque
2327 1306 2391 1359 de
2452 1304 2614 1357 rebus
2636 1341 2652 1367 ,
2692 1317 2812 1371 qua:
2854 1301 2987 1356 locis
3021 1301 3204 1370 procul
3236 1301 3459 1355 remotis
3485 1299 3693 1352 contin—

2117 1404 2274 1464 gunt,
2314 1409 2418 1449 non
2446 1393 2608 1448 aliter
2633 1407 2795 1464 quam
2831 1391 2876 1444 si
2909 1394 3008 1445 sub
3036 1390 3207 1445 oculis
3242 1389 3455 1453 fierent,
3487 1403 3693 1443 sermo—

2117 1489 2368 1551 cinetur;
2426 1495 2516 1549 et,
2576 1484 2719 1555 quod
2759 1485 3094 1552 praecipuum
3127 1491 3211 1535 est
3246 1521 3260 1543 ,
3304 1482 3355 1534 in
3394 1482 3480 1534 illa
3520 1481 3691 1534 aciem

2117 1596 2270 1633 suam
2311 1594 2414 1631 non
2471 1578 2752 1632 intendant
2789 1577 2928 1632 beati
2985 1575 3095 1640 illi;
3130 1575 3223 1629 sed
3270 1574 3433 1627 veluti
3471 1574 3516 1628 si
3570 1574 3692 1640 quis

2119 1672 2172 1726 in
2206 1671 2414 1725 solares
2441 1671 2624 1725 radios
2653 1671 2904 1725 obtutum
2937 1667 3288 1732 converterit,
3314 1666 3479 1719 etiam
3503 1679 3697 1721 aereos

2122 1773 2336 1815 atomos
2361 1762 2561 1830 detegit
2584 1802 2600 1827 ,
2637 1762 2852 1815 tametsi
2886 1759 2935 1815 id
2965 1775 3070 1813 non
3103 1758 3398 1813 intenderit
3430 1758 3472 1811 is
3494 1755 3583 1825 qui
3617 1756 3701 1809 in-

440 1860 553 1913 τῶν
600 1859 775 1912 ὄντων
830 1857 989 1927 μόνον
1047 1856 1081 1926 ἢ
1122 1856 1217 1907 καὶ
1272 1851 1679 1922 γεγενημένων,
1730 1850 1868 1903 ἀλλὰ
1922 1850 2016 1902 καὶ

2129 1860 2330 1918 tuetur;
2362 1853 2431 1906 ita
2466 1852 2564 1915 illi,
2596 1853 2687 1921 qui
2743 1851 2946 1906 divinis
2991 1851 3180 1913 radiis,
3237 1859 3429 1904 natura
3468 1864 3564 1903 sua
3610 1863 3700 1902 re-

440 1949 550 2003 τῶν
580 1946 751 2002 ἔπειτ’
798 1948 1098 2015 ἐσομένων,
1131 1944 1251 1997 ὁδοῦ
1295 1943 1576 2013 πάρεργον
1623 1939 1700 2002 ὡς
1745 1938 2024 2009 ἀληθῶςὴ

441 2041 648 2095 τούτων
708 2039 1066 2112 προσγίνεται
1120 2037 1346 2104 γνῶσις.
1389 2034 1600 2096 Σκοπὸς
1649 2031 1708 2087 δὲ
1760 2033 2022 2100 αὐττιῐς,ἡ

445 2135 587 2189 κατά
660 2131 931 2204 μοναχοὺς
1003 2128 1306 2199 ὑπερτελὴς
1360 2125 1659 2194 τελειότης,
1727 2125 1760 2193 ἡ
1818 2121 2026 2192 ἀληθὴς

443 2224 669 2296 ἡσυχία,
702 2220 908 2293 μᾶλλον
940 2220 995 2273 δὲ
1037 2221 1065 2272 6
1113 2219 1215 2287 τῆς
1249 2215 1485 2285 ἀληθοῦς
1516 2214 1765 2289 ἡσυχίας,
1804 2211 1862 2265 ὃν
1893 2211 2027 2281 ἔφη-

446 2334 569 2386 μεν,
608 2315 819 2384 καρπός
845 2328 857 2341 ·
909 2308 971 2366 τὸ
1020 2311 1435 2380 δυστέκμαρτον
1484 2306 1578 2360 καὶ
1618 2304 2020 2374 δυσεκλάλητον

445 2394 541 2462 καὶ
563 2406 990 2462 δυσεπίτευκτον
1016 2402 1226 2474 χρῆμα,
1254 2401 1358 2454 κᾶν
1388 2399 1535 2470 ἡμᾶς
1565 2397 1628 2450 τὸ
1673 2397 1772 2467 τῆς
1819 2392 2017 2448 ὑποθέ-

447 2517 586 2559 σεως
625 2497 987 2567 ὑπερϐάλλον,
1018 2498 1114 2548 καὶ
1160 2493 1288 2562 περὶ
1336 2491 1445 2544 τῶν
1477 2490 1618 2561 ὑπὲρ
1662 2489 1810 2559 ἡμᾶς
1843 2487 2020 2559 ἐπῆρε

444 2593 534 2646 διὰ
574 2590 820 2662 βραχέων
849 2588 1201 2660 ὑποσημῆναι
1234 2585 1417 2639 τανῦν.

2128 1944 2433 1998 velantibus
2456 1944 2660 2010 omnia,
2692 1943 2840 1998 clare
2862 1943 3122 1998 illustrari
3171 1941 3582 2003 consueverint,
3615 1954 3703 1992 re-

2127 2052 2247 2090 rum
2285 2051 2392 2089 non
2422 2036 2580 2090 modo
2610 2050 2731 2105 quae
2766 2050 2907 2089 nunc
2937 2044 3064 2089 sunt
3087 2048 3313 2103 quaeque
3334 2031 3573 2092 fuerunt,
3601 2031 3697 2083 sed

2124 2125 2285 2179 etiam
2322 2142 2441 2193 qua:
2467 2126 2657 2180 futurae
2717 2136 2871 2191 sunt,
2910 2125 3277 2196 cognitionem
3316 2140 3411 2194 pro
3450 2123 3697 2194 quisqui-

2124 2217 2235 2282 liis,
2295 2229 2354 2272 ut
2416 2233 2543 2273 vere
2593 2226 2742 2282 sunt,
2795 2226 3096 2287 reputent:
3137 2218 3372 2273 habeant
3420 2232 3549 2271 vero
3604 2232 3701 2283 pro

2124 2322 2290 2375 scopo
2322 2325 2424 2365 suo
2458 2310 2758 2364 absolutam
2788 2309 3075 2364 monastici
3098 2316 3270 2363 status
3294 2307 3702 2378 perfectionem,

2128 2401 2179 2454 id
2236 2410 2340 2465 est,
2401 2416 2583 2455 veram
2630 2400 2796 2454 animi
2840 2400 3101 2471 quietem,
3159 2408 3254 2451 aut
3312 2398 3490 2467 potius
3526 2395 3702 2465 ipsum

2130 2508 2271 2546 verte
2294 2493 2515 2562 quietis,
2542 2509 2702 2562 quem
2749 2494 3006 2556 diximus,
3044 2494 3279 2546 l'rnrtnm
3310 2509 3324 2555 ;
3364 2506 3473 2543 rem
3502 2489 3705 2556 'tttique

2131 2584 2402 2651 tliﬂicilem
2454 2596 2656 2655 captu,
2705 2585 3057 2639 tliﬂiciliorem
3097 2584 3241 2639 dirln
3269 2623 3284 2645 ,
3336 2581 3704 2637 difﬁcillimam

446 2685 757 2753 acquisittt;
818 2680 939 2737 licet
968 2696 1068 2735 nos
1110 2678 1432 2734 excellentia
1458 2664 1764 2746 argumenti
1815 2691 1881 2730 ex
1916 2675 2186 2739 citaverit,
2255 2679 2320 2733 ad
2358 2677 2695 2747 prodendum
2743 2692 2885 2732 nunc
2923 2679 3145 2748 paucis,
3196 2675 3356 2728 etiam
3426 2674 3514 2728 illa
3585 2682 3706 2737 quae

448 2783 593 2836 vires
625 2790 840 2835 nostras
877 2777 1169 2833 excedunt.

1905 2905 2134 2962 CAPUT
2171 2905 2263 2962 ιν.

981 3028 1154 3087 Semel
1189 3042 1342 3100 atque
1380 3026 1569 3081 iterum
1607 3026 1833 3081 tentatus
1875 3042 1904 3078 a
1942 3025 2179 3080 daemone
2228 3042 2322 3096 per
2372 3026 2668 3080 oralionem
2698 3024 2936 3095 superior
2975 3025 3173 3080 evadit.

522 3162 627 3235 καθ.
672 3153 734 3209 '0
767 3153 951 3223 μέντοι
990 3150 1322 3221 μεγαλόνους
1365 3146 1533 3233 δντως
1572 3144 1756 3197 οὑτοσὶ
1801 3143 2025 3214 Πέτρος,

2204 3141 2296 3198 2|.
2332 3142 2468 3198 Vere
2514 3143 2681 3213 igitur
2721 3140 3114 3212 magnanimus,
3138 3139 3290 3193 hicee
3336 3137 3532 3192 Petrus
3560 3176 3574 3197 ,
3604 3153 3710 3207 quo

450 3249 537 3318 ἐφ’
565 3230 593 3300 ὃ
621 3243 967 3315 προσεκλήθη
994 3244 1194 3304 συνεὶς,
1228 3241 1355 3311 ὅλῳ,
1392 3226 1533 3293 κατά
1558 3237 1657 3308 τὴν
1699 3237 2025 3306 παροιμίαν,

450 3339 796 3410 προσεχώρει
830 3335 986 3390 ποδί·
1028 3333 1187 3387 τοῦτο
1210 3333 1267 3385 δὲ
1300 3326 1388 3402 ἣν,
1416 3330 1516 3399 οὐχ
1538 3331 1565 3382 ό
1595 3328 1705 3381 τῶν
1745 3329 2028 3398 χαρισμά-

448 3451 560 3486 των
579 3431 740 3500 ὄγκος
759 3447 773 3461 ·
802 3428 1018 3497 ἀπαγεί
1050 3425 1169 3479 οὐδὲ
1201 3425 1303 3494 γὰρ
1339 3420 1633 3494 ἐδελεάσθη
1660 3419 1792 3472 ποτὲ
1819 3417 2031 3488 λιχνεία

448 3525 653 3579 τούτων
701 3523 730 3574 6
787 3520 980 3590 μέγας,
1014 3517 1139 3570 ἐπεὶ
1194 3515 1328 3586 μηδὲ
1386 3511 1664 3585 προῦργου
1709 3509 1855 3564 τοῦτ’
1891 3504 2031 3562 εἶναι

450 3616 564 3676 τοῖς
616 3609 870 3665 ὑπελθεῖν
926 3605 1197 3676 ἐγνωκόσι
1255 3604 1357 3675 τὴν
1414 3601 1642 3673 ἡσύχιον
1701 3600 1945 3670 ἀγωγὴν,
2003 3603 2031 3652 6

451 3706 609 3773 λόγος
642 3703 755 3773 ἔχει
781 3698 1032 3772 δηλώσας
1054 3715 1068 3728 ·
1097 3695 1215 3749 ἀλλ’
1247 3694 1390 3748 ὥστε
1418 3696 1484 3763 τῇ
1518 3694 1703 3765 χάριτι
1734 3690 2031 3761 δυνηθῆναι

452 3796 636 3850 δῦναι
668 3795 876 3864 χώραν,
910 3789 1278 3843 ἐπισκευάσαι
1306 3789 1397 3839 τὸν
1425 3786 1577 3849 ἐντὸς
1599 3784 1906 3854 ἄνθρωπον,
1939 3784 2033 3835 καὶ

454 3895 592 3965 πρὶς
630 3891 690 3944 τὸ
728 3890 1088 3960 πρωτότυπον
1120 3885 1451 3939 εὐδιαθεῖναι
1502 3882 1563 3936 τὸ
1601 3883 1824 3954 ἀρχαῖον
1857 3882 2033 3932 ἐκεῖνο

367 4054 377 4065 _
454 3989 552 4042 καὶ
577 3987 860 4056 ἀμήχανον
886 3979 1195 4048 ὲπανθῆται
1231 3975 1450 4037 κάλλος.
1482 3975 1623 4027 Ἀλλ’
1655 3975 1684 4025 6
1717 3973 1818 4044 μὲν
1855 3970 2032 4033 οὕτως

451 4078 816 4148 ὡρμημένος,
865 4070 1165 4132 ἀναϐάσεις
1221 4069 1280 4121 ὲν
1339 4069 1404 4137 τῇ
1458 4065 1689 4135 καρδίᾳ,
1742 4061 1885 4117 κατά
1939 4060 2032 4112 τὸν

452 4169 758 4239 Ψαλμῳδὸν
808 4166 1007 4228 εἰπεῖν,
1036 4162 1265 4216 διέθετο.
1303 4160 1346 4211 Τ
1353 4166 1368 4211 ί
1412 4158 1457 4212 δ’
1500 4158 1529 4209 6
1575 4157 1669 4210 τοῦ
1703 4155 1898 4222 φθόνου
1932 4168 2035 4204 πα-

450 4262 578 4332 τὴρ,
606 4261 668 4314 τὸ
694 4259 787 4312 τοῦ
814 4257 970 4312 δόλου
1013 4255 1310 4325 πλήρωμα,
1338 4253 1366 4305 6
1398 4250 1563 4304 καλοῦ
1598 4247 1798 4310 παντὸς
1840 4244 2035 4325 αὐθαί-

642 4348 845 4417 φυγάς,
871 4347 900 4398 ό
924 4322 1332 4405 κακοῦπαντδς
1358 4342 1597 4413 ἐργάτης
1629 4339 1661 4409 ἢ
1694 4322 2030 4408 προστάτης,

456 4444 662 4515 μᾶλλον
692 4440 749 4494 δὲ
778 4442 834 4494 ea
874 4438 1294 4506 συναμφότερον
1317 4451 1331 4466 ·
1370 4436 1399 4487 6
1436 4433 1646 4503 πρῶτος
1690 4427 2029 4498 ἀποστάτης,

2134 3247 2360 3290 vocatus
2391 3246 2537 3289 esset
2565 3233 2870 3303 intelligens
2894 3274 2909 3297 ,
2963 3231 3208 3285 inanibus
3249 3229 3582 3301 pedibusque
3605 3270 3620 3293 ,
3654 3245 3713 3285 ιιι

2133 3327 2479 3397 proverbium
2512 3326 2698 3388 habet,
2727 3340 2791 3379 eo
2824 3323 2948 3378 festi
2975 3323 3125 3376 tavit.
3163 3319 3217 3376 id
3247 3336 3375 3376 vrro
3406 3330 3562 3385 erat,
3600 3336 3709 3374 non

2133 3419 2434 3488 amplitudo
2462 3421 2766 3483 donorum;
2819 3416 2995 3479 absit,
3029 3413 3223 3477 horum
3271 3427 3504 3480 namque
3547 3411 3704 3479 cupi-

2132 3511 2259 3565 dine
2278 3523 2553 3579 nunquam
2585 3519 2772 3575 captus
2799 3506 2899 3560 fuit
2925 3520 3158 3572 magnus
3185 3503 3273 3557 ille
3300 3504 3380 3556 vir
3404 3519 3419 3567 ;
3442 3503 3697 3571 quoniam

2136 3600 2262 3654 talia
2311 3599 2417 3653 illis
2448 3601 2540 3668 qni
2576 3598 2876 3653 solitariam
2918 3595 3078 3648 vitam
3116 3600 3425 3647 statuerunt
3458 3592 3704 3661 aggredi,

2135 3691 2279 3745 hand
2344 3691 2521 3759 magni
2577 3689 2823 3744 facienda
2858 3700 2999 3752 esse,
3039 3683 3171 3736 nihil
3202 3683 3398 3736 attinet
3439 3682 3710 3735 declarari

2132 3784 2382 3837 oratione
2413 3793 2645 3837 nostra:
2701 3793 2890 3831 verum
2945 3791 3011 3829 eo
3064 3772 3341 3828 festinavit
3400 3780 3457 3824 ut
3518 3769 3710 3838 gratia:

2133 3875 2402 3942 praaberet
2428 3874 2632 3936 locum,
2665 3881 2721 3923 ut
2745 3868 3061 3923 interiorem
3104 3863 3299 3933 poliret
3326 3860 3624 3920 hominem,
3652 3867 3709 3910 ut

2129 3968 2282 4036 juxta
2341 3974 2664 4034 prototypon
2720 3974 2878 4016 suum
2929 3958 3031 4012 rite
3062 3946 3380 4011 etl‘ormaret
3428 3952 3708 4020 antiquum

2135 4059 2263 4115 illud
2290 4067 2346 4112 et
2388 4058 2479 4112 vix
2527 4050 2829 4122 reparabile
2879 4047 3043 4101 animi
3077 4047 3263 4121 det-us.
3304 4044 3598 4099 Enimvero
3632 4044 3710 4094 sic

2135 4153 2227 4209 ille
2280 4151 2559 4212 incitata,
2618 4142 2996 4204 ascensitmes,
3052 4137 3347 4191 secundum
3409 4134 3713 4187 Psalmistze

2134 4242 2337 4296 dictum
2365 4238 2410 4303 ¹,
2478 4236 2531 4290 in
2588 4232 2755 4288 corde
2802 4243 2902 4283 suo
2922 4225 3267 4295 disponebat.
3306 4222 3375 4275 At
3424 4236 3554 4274 vero
3583 4222 3710 4287 quid

2134 4346 2328 4406 parens
2356 4327 2594 4390 invidiae,
2627 4324 2818 4393 plenus
2847 4319 2953 4374 doli
2982 4357 2996 4379 .
3030 4317 3209 4372 omnis
3263 4313 3390 4367 boni
3427 4313 3713 4365 ultroneus

2142 4430 2410 4489 desertor,
2466 4418 2643 4474 omnis
2692 4414 2815 4469 tnali
2877 4411 3069 4464 artifex
3123 4417 3217 4461 aut
3271 4417 3554 4473 patronus,
3605 4405 3715 4456 imo

458 4491 653 4515 r'”""'
699 4491 743 4494 -ν
786 4491 823 4494 -ν
920 4491 961 4492 νν
1019 4491 1032 4506 ι
1074 4491 1087 4505 ο
1200 4491 1212 4504 ι
1475 4491 1486 4503 .
1627 4491 1641 4495 -
1964 4491 2022 4498 ,η

456 4538 552 4590 καὶ
593 4534 686 4589 τὸν
732 4531 953 4601 πρῶτον
1008 4529 1300 4598 ἄνθρωπον
1360 4526 1677 4594 ἀποστήσας
1729 4519 1824 4575 τοῦ
1872 4519 2026 4583 Θεοῦ1

2144 4529 2433 4585 utrumque
2467 4509 2670 4569 simul;
2703 4507 2792 4562 ille
2828 4503 3035 4576 primus
3069 4501 3160 4554 Dei
3193 4500 3475 4557 desertor,
3510 4496 3715 4563 quith

454 4631 507 4682 τί
537 4627 892 4690 συσκευάζει;
938 4624 1050 4681 Καὶ
1096 4622 1215 4682 πῶς
1268 4620 1448 4688 ἑαυτῴ
1498 4618 1699 4688 χρῆται
1747 4615 1886 4668 κατὰ
1934 4615 2034 4683 τῆς

456 4722 551 4773 τοῦ
594 4715 1061 4786 δικαίιιυνψυχῆςς
1102 4713 1471 4784 Κακούργωςν
1499 4711 1621 4780 μὲν,
1678 4709 1937 4771 ἐπιεικῶς
1987 4706 2030 4758 δ’

458 4816 632 4881 ὅμως,
661 4809 826 4883 ἀξίως
856 4807 1073 4860 ἑαυτοῦ.
1112 4805 1289 4876 Ὀρῶν
1322 4805 1431 4872 γὰρ
1458 4803 1563 4866 ἔξω
1607 4800 1798 4871 βελῶν,
1823 4800 1850 4851 ὃ
1878 4816 2031 4868 φασι,

458 4904 722 4972 γεγονότα
753 4903 844 4954 τὸν
895 4898 1091 4970 μέγαν,
1134 4900 1204 4967 τῇ
1234 4896 1328 4949 τοῦ
1377 4895 1588 4965 κόσμου
1633 4893 1725 4946 καὶ
1757 4892 1865 4945 τῶν
1912 4891 2033 4944 κατ’

457 4994 622 5049 αὑτὸν
658 4992 828 5062 ἡδέων
866 4992 1034 5060 φυγῇ,
1075 4989 1142 5042 δι’
1178 4985 1253 5041 ὧν
1291 4988 1498 5050 ἐκεῖνος
1545 4985 1711 5055 συλᾷν
1741 4983 1900 5036 εἴωθε
1934 4983 2032 5045 τὰς

461 5084 858 5151 ἀγενεστέρους
913 5079 1130 5150 ψυχὰς,
1180 5076 1477 5133 κάντεῦθεν
1532 5077 1634 5129 οὐκ
1688 5075 1818 5143 ιναρ
1873 5072 2033 5141 μόνον

462 5178 552 5230 διὰ
600 5175 693 5229 τοῦ
742 5170 1113 5245 φανταστικοῦ
1166 5168 1500 5240 πνεύματος,
1538 5167 1566 5219 ὃ
1617 5166 1808 5236 νοερᾶς
1848 5164 2033 5233 ὄχημα

459 5270 637 5341 ψυχῆς
696 5269 731 5336 ἡ
799 5266 1089 5337 φιλοσοφία
1157 5260 1329 5332 φησὶ,
1387 5258 1675 5327 θειοτέρων
1743 5256 2032 5324 θεαμάτων

463 5362 768 5432 ἠξιωμένον
797 5361 894 5414 καὶ
932 5357 1282 5428 προηγμένον
1310 5353 1405 5406 ἐπὶ
1434 5353 1495 5405 τὺ
1520 5351 1754 5422 βέλτιον,
1791 5346 1907 5402 ἀλλ’
1930 5345 2034 5416 ἤδη

466 5457 561 5507 καὶ
584 5454 683 5522 τῆς
704 5451 1009 5521 φαντασίας
1052 5449 1223 5518 αὐτῆς
1264 5441 1683 5514 ὑπερκύψαντα,
1711 5440 1803 5491 καὶ
1831 5438 1898 5505 τῇ
1926 5435 2036 5487 τῶν

463 5543 648 5597 ἀῦλων
691 5544 879 5613 ἐπαφῇ
940 5538 1199 5609 καθαρῶς
1245 5531 1699 5608 προσχωροῦντα,
1750 5531 1845 5583 καὶ
1903 5526 2035 5578 θαυ-

473 5634 698 5705 μαστῶς
752 5632 1147 5703 φωτιζόμενον,
1201 5631 1229 5684 ὃ
1279 5645 1413 5699 φησι
1466 5625 1628 5678 Δαϐἰδ
1703 5621 1812 5675 ἀπὸ
1863 5619 2035 5688 ὀρέων

546 5813 564 5839 ⁶
602 5810 737 5863 l‘sal.
768 5823 975 5862 uxxm
999 5847 1013 5870 ,
1048 5807 1080 5860 6

2137 4609 2312 4679 primo
2354 4590 2584 4668 homini,
2622 4610 2682 4657 ut
2736 4610 2791 4653 et
2839 4599 2953 4666 ipse
2990 4594 3157 4647 Deum
3200 4595 3718 4651 (lescrerct,nt1t'lnr

2134 4678 2268 4767 fuit;
2305 4695 2432 4768 quid
2461 4695 2550 4749 ille
2585 4685 2966 4759 machinatur?
2993 4681 3273 4750 Quomodo
3326 4694 3386 4734 se
3423 4678 3562 4746 gerit
3619 4680 3716 4728 ad-

2138 4808 2329 4849 versus
2372 4790 2608 4843 animam
2641 4781 2811 4854 justi?
2840 4778 3075 4845 Maligne
3122 4773 3377 4843 quidem;
3412 4770 3505 4823 sed
3530 4780 3712 4822 tamen

2141 4865 2517 4938 moderatio-ne
2569 4891 2629 4931 se
2676 4874 2839 4943 digna
2889 4883 3040 4923 usus.
3074 4864 3432 4935 Conspiciens
3486 4876 3720 4929 namque

2141 4981 2313 5029 virum
2337 4982 2486 5027 extra
2519 4968 2610 5023 teli
2648 4966 2879 5037 jactum,
2915 4968 2974 5014 ut
3010 4957 3281 5027 loquimur
3304 4995 3319 5020 ,
3354 4954 3588 5022 positum
3619 4966 3712 5019 per

2143 5068 2320 5137 fugam
2346 5081 2453 5134 qua
2491 5048 2746 5114 mundum
2797 5064 2852 5109 et
2895 5067 3017 5121 quin
3046 5051 3101 5104 in
3136 5046 3336 5102 mundo
3365 5055 3492 5099 sunt
3528 5043 3715 5108 volup—

2142 5132 2306 5219 tates,
2339 5132 2535 5222 quibus
2568 5147 2840 5216 malignus
2875 5141 2963 5196 ille
2999 5151 3281 5211 ,enervare
3321 5133 3605 5189 consuevit
3628 5132 3719 5185 de-

2142 5227 2372 5318 generes
2430 5243 2665 5303 animas,
2726 5234 3125 5304 dereliquerat;
3188 5237 3350 5298 atque
3426 5227 3553 5281 hinc
3610 5237 3716 5277 non

2144 5341 2304 5396 modo
2361 5339 2411 5391 in
2445 5333 2651 5390 somnis
2709 5346 2800 5400 per
2861 5326 3210 5397 imaginarius
3268 5323 3490 5390 spiritus
3561 5319 3720 5385 (quos

2143 5430 2485 5504 philosolihia
2517 5424 2712 5478 aniiute
2741 5420 3027 5476 rationalis
3086 5414 3388 5470 vehiculum
3419 5409 3596 5479 vocat)
3639 5409 3721 5461 di-

2144 5502 2285 5578 vinis
2339 5517 2644 5574 visionibus
2712 5515 3012 5583 dignatum,
3065 5508 3239 5574 iisque
3289 5506 3352 5558 ad
3401 5502 3717 5572 praeclaram

2146 5618 2401 5671 virtutem
2431 5621 2775 5681 progressum
2812 5617 2971 5668 esse;
3011 5613 3197 5654 verum
3224 5597 3334 5666 jam
3371 5596 3540 5662 ipsam
3578 5606 3711 5656 quu-
