4074 6322
541 316 679 390 1015

1770 329 2152 390 GREGORII
2194 332 2515 394 ΡΑιΑΜΕ

3664 349 3824 423 1046

533 461 641 524 que
666 449 991 521 itnaginandi
1018 442 1324 501 facultatem
1378 455 1810 513 supergressum,
1865 443 1932 496 ad
1987 440 2083 495 cla

2200 445 2458 508 αἰωνίων,
2501 452 2596 502 καὶ
2638 449 2713 518 τῷ
2763 451 2882 520 ὄρει
2939 453 3114 524 τούτῳ
3169 453 3270 527 τῆς
3317 459 3512 532 αἴγλης
3571 463 3817 532 μετεῖχεν

536 561 651 598 rant
713 556 923 606 eorum,
978 553 1097 608 qua:
1159 537 1380 592 materia
1415 534 1559 588 nulla
1593 541 1866 598 constant,
1905 532 2103 586 intelli-

531 634 767 703 gentiam
834 631 1190 700 pervenisse;
1249 643 1311 680 ac
1373 624 1696 679 mirabiliter
1748 639 1776 677 a
1825 623 2100 678 montibus

531 725 772 788 a-ternis,
803 723 944 792 quod
977 721 1049 774 ait
1075 719 1241 771 David
1264 718 1303 781 ³,
1338 716 1734 780 illuminatum,
1772 715 1901 768 huic
1933 714 2097 769 etiam

531 816 698 872 tuonti
756 815 1092 882 splendorem
1139 811 1355 862 luminis
1418 806 1805 875 impertivisse,
1853 807 2098 876 depulsis

531 905 678 968 inde,
733 903 874 972 quod
919 901 1068 969 prius
1123 899 1237 968 ipse
1271 898 1482 961 fuerat,
1517 897 1795 963 tenebris;
1830 897 1963 959 haec,
2022 898 2102 950 in-

529 1009 733 1063 quam,
753 993 1091 1062 conspiciens
1120 991 1391 1058 malignus
1422 990 1652 1052 daemon,
1683 987 1824 1043 ferre
1860 1004 1965 1042 non
2000 1004 2098 1058 po-

528 1087 672 1151 tuit,
729 1085 1072 1140 intolerabile
1129 1085 1366 1148 ducens,
1405 1097 1469 1137 eo
1525 1081 1770 1148 Petrum,
1800 1082 2096 1136 etiamnum

466 1216 470 1220 -
528 1182 770 1249 corporis
799 1181 1012 1235 sarcina
1061 1189 1363 1249 gravatum,
1392 1192 1458 1231 ex
1507 1177 1614 1231 imo
1636 1176 1903 1230 elevatum
1935 1189 2094 1236 esse;

2205 535 2365 589 δόντα
2422 539 2515 590 τοῦ
2568 539 2766 607 φωτὸς,
2817 545 2909 595 καὶ
2960 543 3102 598 οὕτω
3161 547 3424 604 ποιοῦντα
3476 553 3540 606 τὸ
3594 556 3812 618 σκότος

2208 625 2514 697 ὑπερόριον,
2572 629 2708 700 ὅπερ
2753 627 2821 701 ἦν
2868 634 3128 706 ἄντικρυς
3178 639 3364 704 αὐτὸς,
3404 643 3503 711 οὐχ
3557 637 3676 708 οἷός
3729 666 3806 700 τε

2208 717 2395 787 φέρειν
2425 719 2724 789 ἐτύγχανεν
2773 721 2848 776 ὢν
2873 738 2886 752 ⁸
2920 726 3027 777 τῶν
3063 728 3404 784 ἁνυποίστων
3437 735 3801 804 ἡγούμενος·

2203 806 2326 859 ὅθεν
2373 809 2536 873 αὐτὸς
2589 812 2842 884 ἀπερρύη
2886 816 3239 896 κακοϐουλίᾳ,
3290 821 3382 874 τδν
3427 824 3638 896 Πέτρον
3682 829 3802 882 κά-

2199 899 2371 953 τωθεν
2412 901 2744 973 ἀνηγμένον,
2777 904 2856 958 ἔτι
2884 906 2978 959 καὶ
3020 888 3202 962 τδτοῦ
3237 911 3493 982 σώματος
3521 888 3796 985 ἐφόλκιον

2199 993 2566 1062 ἐπαγόμενον,
2611 994 2806 1050 τοῦτον
2857 999 2955 1067 μὲν
2997 1001 3097 1070 τῆς
3148 1001 3261 1056 ἄνω
3316 1008 3412 1059 καὶ
3463 1011 3792 1077 κρείττονος

2198 1085 2522 1154 ἐπειλῆφθαι
2558 1087 2796 1159 μερίδος,
2829 1090 3019 1164 ἐκείνῳ
3054 1092 3134 1158 δὲ,
3169 1097 3304 1167 μηδέ
3328 1100 3461 1167 γοῦν
3495 1102 3594 1173 τῆς
3621 1105 3787 1158 κάτω

2197 1179 2577 1248 παραχωρεῖν.

528 1274 666 1327 untle
697 1274 810 1342 ipse
859 1273 1071 1327 consilii
1118 1273 1200 1326 sui
1243 1272 1577 1341 malgnitate
1617 1268 1896 1324 exciderat
1935 1283 1950 1320 :
1988 1266 2208 1322 Petrum
2240 1283 2529 1338 supernam
2557 1287 2621 1326 ac
2679 1274 2955 1329 meliorem
3024 1287 3236 1346 partem
3319 1283 3571 1353 adeptum
3629 1303 3753 1345 esse

523 1368 627 1422 sibi
654 1382 778 1421 vero
805 1382 870 1420 ne
904 1369 1144 1419 intimam
1191 1367 1408 1436 quidem
1449 1365 1706 1434 permitti.

590 1460 680 1514 9.2.
719 1459 923 1513 Taliter
955 1459 1044 1513 ille
1096 1459 1292 1513 invidia
1345 1470 1625 1523 aestuans,
1679 1469 1882 1513 terrere
1937 1466 2098 1526 atque

526 1559 645 1613 loco
685 1558 887 1626 pellere
935 1567 1181 1609 sanctum
1218 1556 1477 1609 violenter
1507 1555 1838 1622 aggreditur.
1875 1554 1952 1606 Ac
1982 1551 2094 1622 pri-

525 1662 643 1703 mus
672 1649 885 1718 quidem
950 1648 1182 1701 insultas
1207 1687 1221 1712 ,
1252 1663 1412 1715 qttattt
1467 1645 1724 1700 ridiculus
1744 1686 1758 1710 ,
1788 1645 1898 1698 imo
1929 1658 2089 1711 quam

521 1743 772 1812 ineptus!
805 1741 858 1794 In
884 1743 1057 1794 virum
1097 1740 1295 1809 quippe
1347 1755 1546 1803 unum,
1576 1751 1808 1805 eumque
1840 1751 1943 1790 non
1975 1747 2092 1788 tan-

2271 1455 2377 1526 κβ’.
2419 1453 2576 1508 Οὕτω
2615 1456 2671 1508 δὲ
2703 1459 2768 1526 τῇ
2812 1456 3086 1527 βασκανίᾳ
3119 1460 3406 1528 διατεθεὶς,
3438 1463 3776 1522 δεδίττεσθαί

2196 1561 2256 1601 τε
2310 1548 2403 1601 καὶ
2451 1546 2672 1612 ἐξωθεῖν
2709 1549 2901 1601 τοῦτον
2956 1552 3234 1622 ἐπεχείρει
3285 1557 3404 1617 ταῖς
3458 1557 3770 1626 ἐπηρεὲαις.

2195 1641 2306 1694 Καὶ
2338 1643 2370 1710 ἡ
2407 1640 2597 1710 πρώτη
2622 1640 2730 1692 τῶν
2770 1641 3070 1710 ἐπηρειῶν,
3095 1642 3170 1705 ὡς
3215 1643 3444 1712 γελοῖον,
3486 1649 3691 1717 μᾶλλον
3716 1652 3772 1704 δὲ

2191 1733 2637 1800 καταγέλαστονς
2675 1732 2814 1802 Πρὸς
2845 1734 2941 1786 ἕνα
2972 1735 3101 1806 γὰρ,
3141 1740 3235 1790 καὶ
3266 1737 3454 1790 τοῦτον
3482 1741 3579 1809 οὐχ
3618 1743 3769 1806 ὅπως

525 1838 632 1888 ιιιηι
665 1835 854 1897 armis,
889 1834 980 1888 sed
1011 1833 1336 1888 necessariis
1374 1847 1587 1900 quoque
1627 1831 1961 1886 vestimentis
1994 1827 2083 1882 tle-

2191 1826 2393 1888 ὅπλων,
2435 1825 2570 1878 ἀλλὰ
2613 1824 2676 1896 δὴ
2723 1825 2951 1878 καὶτῶν
2981 1827 3299 1894 ἀναγκαίων
3343 1833 3771 1903 περικαλυμμέ-

520 1929 794 1991 stitutuni,
825 1927 1030 1981 diutina
1072 1925 1376 1980 confectum
1427 1924 1640 1990 inedia,
1681 1939 1882 1994 perque
1911 1921 2088 1977 varias

519 2017 900 2071 alllietationes
936 2015 1194 2070 membris
1244 2016 1497 2070 omnibus
1546 2013 1930 2067 miserabiliter
1960 2025 2088 2066 con-

521 2109 882 2162 tabescentem
913 2125 927 2174 ;
953 2109 1004 2160 in
1041 2123 1228 2172 unum,
1260 2107 1498 2176 inquam,
1535 2106 1761 2170 nudmn,
1801 2105 2084 2168 inermem,

517 2200 771 2265 debilem,
803 2201 913 2267 ipse
939 2200 1091 2255 ducis
1123 2200 1350 2255 fortnam
1383 2208 1543 2268 atque
1572 2198 1813 2253 habitum
1846 2198 2084 2260 indutus,

515 2292 916 2361 sagittariormn
949 2304 1180 2346 turmam
1235 2307 1415 2347 secum
1451 2292 1670 2345 trahere
1708 2292 1870 2353 v'sns,
1895 2291 2085 2343 incon-

515 2383 645 2437 ditis
694 2384 1176 2438 vociferatimiibus
1230 2382 1670 2452 clamoribusque
1736 2393 2083 2450 personans,

515 2475 662 2527 ferox
697 2473 953 2544 impetum
986 2475 1114 2529 facit
1139 2492 1155 2538 ;
1185 2475 1346 2544 inque
1399 2489 1643 2543 specum,
1673 2474 1759 2526 ubi
1790 2481 1919 2525 tunc
1954 2480 2087 2524 tem-

513 2565 663 2632 poris
717 2566 995 2620 habitabat
1028 2565 1282 2628 Sanctus.
1348 2579 1467 2620 sese
1503 2565 1683 2629 infert,
1718 2579 1780 2617 ac
1811 2565 1984 2632 ipsum
2017 2563 2084 2617 ad

513 2659 876 2711 conserendas
917 2673 1098 2711 secum
1156 2673 1346 2712 manus
1403 2667 1699 2726 provocat:
1731 2657 1862 2712 foris
1906 2665 2083 2711 autem

515 2747 719 2800 larvata
787 2749 1057 2801 Set-ierunt
1089 2749 1284 2802 cohors
1347 2749 1530 2802 omnia
1579 2748 1686 2802 late
1740 2748 2085 2818 complebant

518 2838 778 2911 fragore,
834 2839 1172 2906 pra-grandia
1223 2853 1341 2907 quae
1392 2838 1597 2892 circum
1646 2838 1900 2908 iacebant
1951 2852 2081 2892 saxa

513 2929 655 2982 inter
691 2945 749 2982 se
803 2931 1179 2996 collidebant;
1222 2932 1444 2984 arbores
1485 2944 1738 3000 quoque,
1791 2931 1926 2984 alias
1964 2931 2084 3000 qui-

513 3023 632 3074 dent
668 3023 928 3076 radicitus
969 3024 1288 3084 evellebant,
1323 3022 1458 3076 alias
1483 3037 1608 3076 vero
1634 3020 2081 3091 eonlringebant;

511 3117 694 3168 munia
749 3115 986 3183 denique
1037 3114 1197 3170 veluti
1233 3115 1494 3170 adversus
1532 3113 1844 3184 speluncam
1884 3115 2084 3170 machi-

512 3205 809 3258 nabanlur.

581 3295 672 3351 ‘25.
702 3297 803 3352 Ubi
838 3312 964 3352 vero
997 3312 1222 3366 magnus
1253 3297 1341 3353 ille
1370 3297 1470 3361 vir,
1513 3297 1710 3351 talibus
1743 3295 2078 3366 pavefactus,

511 3404 605 3456 per
657 3391 958 3444 orationem
1020 3406 1078 3445 se
1129 3391 1196 3444 ad
1251 3391 1417 3445 Deum
1467 3407 1530 3444 ex
1573 3393 1754 3444 animo
1787 3391 2078 3452 convertit,

512 3482 816 3551 mentisque
868 3483 1052 3536 oculos
1098 3482 1164 3536 ad
1205 3497 1326 3536 eum
1363 3482 1497 3535 fixos
1546 3481 1810 3546 intendit;
1843 3497 1909 3533 ne
1957 3496 2075 3532 mo-

515 3580 692 3626 mento
715 3573 930 3641 quidem
956 3571 1187 3638 amplius
1202 3574 1488 3639 persistere
1512 3570 1618 3624 illic
1642 3572 1824 3624 valens
1847 3585 2076 3637 m-quam

510 3667 633 3727 iste,
687 3664 946 3717 continuo
993 3663 1273 3731 disparuit.
1306 3660 1425 3715 Non
1471 3674 1654 3716 tamen
1681 3662 1769 3715 diu
1826 3673 1967 3729 post,
2027 3662 2078 3713 itt

509 3758 786 3820 serpentes
817 3751 992 3804 denuo
1025 3766 1082 3804 se
1114 3751 1228 3820 ipse
1267 3765 1386 3805 cum
1417 3759 1528 3804 toto
1553 3751 1790 3804 exercitu
1819 3765 1916 3804 suo
1949 3765 2080 3804 con-

513 3844 703 3908 vertit;
759 3843 934 3914 iisque
979 3843 1126 3912 ipse,
1182 3843 1448 3910 reptando
1489 3843 1832 3910 praecedens,
1889 3843 2079 3895 ducem

510 3936 801 4004 praestabat
829 3951 909 4003 se,
940 3935 1253 4004 neutiquam
1311 3934 1503 3988 similis
1555 3934 1695 3999 aliis,
1722 3944 1814 3987 aut
1867 3949 1923 3988 re
1964 3936 2079 4003 ipsa

505 4032 810 4094 exsistens,
831 4039 924 4082 aut
950 4043 1240 4098 apparens,
1273 4029 1364 4082 sed
1393 4028 1764 4094 magnitudine
1786 4028 2080 4082 immensus

507 4123 730 4191 visuque
755 4122 1013 4176 terribilis
1042 4121 1328 4188 (referebat
1354 4120 1493 4174 enim
1525 4121 1668 4173 omni
1693 4136 1755 4174 ex
1784 4130 1935 4188 parte
1954 4120 2077 4172 dra-

509 4213 724 4282 cenem)
775 4215 1089 4283 insurgebat
1124 4214 1189 4267 de
1236 4224 1417 4280 terra;
1475 4229 1536 4266 ac
1586 4213 1820 4266 sublime
1865 4213 2078 4280 erigens

509 4304 734 4366 collum,
769 4303 1049 4356 videbatur
1078 4318 1141 4355 ex
1203 4302 1376 4356 oculis
1416 4303 1679 4356 scintillas
1715 4302 1962 4364 vibrare,
2000 4302 2080 4354 in-

511 4393 649 4445 Ilatis
686 4405 812 4443 vero
847 4390 1034 4443 buccis
1058 4391 1255 4457 passim
1292 4389 1536 4444 ﬂammas
1572 4392 1809 4458 spirabat
1843 4430 1857 4455 ,
1887 4406 2077 4445 cruen-

509 4497 618 4535 tam
652 4494 878 4534 movens
910 4479 1186 4548 linguam,
1221 4480 1380 4546 longe
1433 4483 1572 4533 ultra
1609 4491 1845 4534 mentum
1886 4491 2075 4536 exten-

507 4587 645 4633 sam,
674 4570 1036 4640 prtksentiqttc
1069 4583 1272 4624 veneno
1303 4582 1394 4624 aut
1425 4581 1720 4625 scatentem
1744 4582 1836 4626 aut
1863 4584 2073 4630 soatere

508 4665 695 4716 visam.
733 4662 957 4729 Quando
988 4676 1116 4716 vero
1167 4677 1289 4737 eum
1321 4660 1486 4716 Petro
1531 4666 1781 4733 congredi
1826 4667 2071 4733 parabat,

505 4756 720 4808 eminus
755 4754 1129 4818 minitabatur,
1182 4754 1317 4818 fore,
1351 4762 1408 4807 ut
1451 4754 1677 4822 spiritus
1734 4758 1816 4809 sui
1876 4760 2108 4826 impetu

511 4843 837 4910 impavidum
871 4845 1038 4897 virum
1074 4846 1347 4912 abriperet
1379 4845 1482 4897 sibi
1526 4847 1577 4899 iit
1607 4851 1864 4916 praedam.

574 4938 660 4991 ιιι.
703 4935 907 4990 interea
947 4937 1135 4991 Petrus
1161 4955 1223 4992 ne
1257 4939 1471 5008 quidem
1501 4949 1721 5008 aspectu
1750 4940 2070 5008 dignabatur

506 5028 870 5082 adverstrmm
896 5046 910 5090 ;
938 5032 1291 5098 manibusque
1340 5031 1610 5088 indefesse
1649 5033 1701 5085 itt
1736 5033 1929 5086 cet-lum
1966 5033 2076 5087 ele-

507 5124 667 5183 vatis,
701 5122 1034 5184 spiritualem
1067 5125 1326 5177 Ameierlt
1375 5126 1552 5178 denuo
1597 5124 1872 5193 superavit
1911 5136 2074 5191 atque

505 5213 732 5280 Expulit,
776 5213 1008 5266 velocius
1048 5217 1386 5269 recedentem
1426 5232 1582 5284 quam
1617 5229 1940 5271 accesserat.
1971 5220 2071 5272 Ga-

508 5307 688 5371 ptebat
719 5305 878 5356 etiam
918 5307 1198 5373 paenitudo
1231 5307 1676 5362 scclestissituum
1706 5319 1866 5377 caput
1895 5346 1908 5369 ,
1945 5325 2066 5360 (um

508 5397 686 5449 omnia
720 5410 877 5450 secus
908 5396 1208 5461 evenirent,
1237 5407 1398 5466 atque
1431 5401 1542 5467 ipse
1569 5399 2074 5474 n‘teditatus‘fuerat.

511 5493 737 5563 Setttper
775 5494 917 5548 enim
979 5493 1173 5563 pugilis
1224 5496 1472 5562 gettcrOsi
1529 5508 1647 5548 acta
1703 5496 2075 5558 considerans,

506 5586 733 5653 ejusque
788 5585 1062 5639 itttensum
1124 5601 1187 5640 ac
1260 5585 1540 5640 sublimem
1587 5587 1777 5640 orandi
1842 5587 2069 5640 modum

584 5771 599 5798 ⁵
631 5767 768 5820 l‘Bd.
799 5783 956 5831 υμῖν,
996 5763 1048 5818 ὃς

2191 1935 2297 1970 των
2322 1917 2714 1986 ἐστερημένον,
2737 1920 2831 1970 καὶ
2855 1917 2932 1987 τῷ
2963 1918 3161 1988 μακρῷ
3183 1921 3283 1988 τῆς
3308 1923 3520 1985 ἀσιτίας
3548 1943 3770 1994 κατειρ-

2190 2013 2486 2077 γασμένον,
2520 2011 2613 2064 καὶ
2663 2009 2842 2080 δεινήν
2875 2023 2997 2065 τινα
3032 2011 3284 2081 σύντηξιν
3318 2017 3436 2077 ταῖς
3482 2019 3759 2082 ποικξλαις

2188 2101 2588 2170 ταλαιπωρίαις
2637 2103 2778 2155 κατὰ
2829 2103 2939 2156 πᾶν
2998 2104 3317 2158 ὑποστάντα
3377 2108 3558 2176 μέλος,
3622 2115 3758 2181 πρὸς

2188 2191 2283 2246 ἕνα
2307 2195 2537 2262 γυμνὸν,
2594 2191 2820 2259 ἄοπλον,
2873 2196 3386 2266 ἐκνενευρισμένον,
3449 2202 3765 2273 στρατηγοῦ

2191 2285 2409 2355 μορςὴν
2440 2287 2601 2349 αὐτὸς
2638 2286 2734 2338 καὶ
2764 2285 2949 2356 σχῆμα
2984 2285 3475 2359 περιϐαλλόμενος,
3501 2293 3592 2345 καὶ
3621 2295 3767 2359 τοξο-

2187 2378 2298 2431 τῶν
2353 2377 2543 2447 ὥσπερ
2587 2378 2986 2450 ἐπισυρόμενος
3033 2381 3263 2449 πλῆθος,
3315 2385 3765 2456 πιρακελεύμασί

2186 2479 2247 2522 τε
2305 2471 2397 2521 καὶ
2455 2470 2604 2538 βοαῖς
2649 2470 2956 2540 χρώμενος,
3018 2474 3224 2542 θρασὺς
3294 2474 3484 2545 ἐπῄεγ
3547 2481 3641 2532 καὶ
3700 2479 3762 2531 τι

2189 2562 2474 2632 σπήλαιον,
2495 2563 2524 2614 ὃ
2551 2564 2859 2631 τηνικαῦτα
2887 2566 2977 2617 τὸν
3011 2565 3165 2634 ᾶγιον
3193 2568 3562 2638 ἐνῳκισμένον
3594 2565 3752 2638 εἶχεν,

2186 2652 2391 2724 εἰσῄει,
2457 2653 2598 2722 πρὸς
2679 2656 3009 2724 συμπλοκὴν
3083 2657 3521 2728 ἐκκαλούμενος⁶
3583 2663 3650 2713 τὰ
3701 2662 3758 2714 δὲ

2185 2746 2345 2806 ἐκτὸς
2421 2745 2602 2797 πάντα
2677 2747 2908 2814 πατάγῳ
2984 2741 3410 2818 περιηχοῦντες,
3470 2752 3561 2804 καὶ
3630 2753 3754 2816 τοὺς

2185 2836 2512 2906 εὐμεγέθεις
2585 2835 2696 2891 τῶν
2768 2839 3197 2908 παρακειμένων
3269 2839 3433 2894 λίθων
3503 2843 3757 2911 ἀλλήλοις

2186 2931 2694 3000 προσαράτσαντες,
2729 2929 2964 3000 δένδρων
3013 2949 3071 2984 τε
3121 2934 3188 2985 τὰ
3230 2933 3332 3004 μὲν
3379 2934 3747 2999 ἀνασπῶντες,

2183 3021 2253 3073 τὶι
2294 3021 2350 3074 δὲ
2401 3022 2751 3088 διακλῶντες,
2782 3021 2944 3076 πάνθ’
2992 3021 3187 3093 ὥσπερ
3233 3023 3318 3076 ἐπὶ
3371 3022 3428 3074 τὸ
3477 3025 3742 3090 σπήλαιον

2186 3117 2221 3186 ἡ
2250 3115 2360 3169 τῶν
2389 3116 2606 3170 ὀπαδῶν
2635 3117 2844 3186 ματαία
2874 3118 3062 3184 ἐκείνη
3105 3117 3372 3171 συνεκξνει
3405 3114 3636 3183 φᾶλαγξ.

2256 3306 2362 3365 κγ’.
2407 3299 2496 3360 Ὠς
2545 3299 2588 3350 δ’
2641 3300 2670 3350 6
2725 3302 2901 3367 μέγας
2962 3303 3170 3364 ἐκεῖνος
3235 3298 3632 3360 ὑποδειλιὰσας,
3690 3301 3752 3352 ἐκ

2181 3392 2357 3462 ψυχῆς
2403 3391 2470 3443 δι’
2523 3391 2688 3460 εὐχῆς
2737 3391 2816 3460 τῷ
2865 3392 2984 3461 Θεῷ
3033 3393 3402 3464 προσέδραμε,
3437 3393 3529 3444 καὶ
3571 3392 3753 3460 νοερδν

2181 3483 2370 3544 ἀτενὲς
2397 3482 2586 3551 ἀνέσχε
2622 3483 2757 3550 πρὸς
2800 3482 2964 3533 αὐτὸν
2997 3481 3182 3550 δμμα·
3221 3483 3356 3551 μηδὲ
3391 3483 3531 3551 πρὸς
3564 3483 3752 3551 μικρὸν

2185 3574 2527 3641 παραμένειν
2585 3571 2660 3622 ἔτ’
2712 3571 2852 3640 ἔχων
2911 3573 2939 3622 6
2995 3573 3264 3642 πονηρὸς,
3331 3574 3544 3640 ἀφανὴς
3597 3572 3753 3633 εὐθὺς

2182 3665 2448 3730 ἐγεγόνει.
2477 3661 2610 3716 Μετ’
2633 3661 2694 3713 οὐ
2719 3662 2848 3714 πολὺ
2867 3662 2913 3713 δ’
2933 3659 3110 3727 αὖθις,
3132 3664 3209 3724 εἰς
3239 3663 3396 3732 ὄφεις
3429 3669 3753 3733 πανστρατεὶ

2187 3753 2529 3821 μεταϐαλὼν,
2568 3755 2754 3822 ἡγεῖτο
2783 3755 3080 3823 προέρπων
3121 3756 3304 3819 αὐτὸς,
3336 3757 3397 3807 οὐ
3447 3757 3588 3810 κατὰ
3630 3756 3747 3818 τούς

2183 3846 2375 3906 ἄλλους
2402 3843 2477 3897 ὢν
2505 3845 2537 3914 ἢ
2573 3845 2918 3916 φαινόμενος,
2953 3846 3070 3898 ἀλλ’
3112 3846 3401 3916 ὑπερφυὴς
3429 3848 3490 3898 τὸ
3524 3847 3743 3916 μέγεθος

2185 3936 2279 3988 καὶ
2317 3935 2548 4007 φοΰερδς
2602 3937 2730 3989 ἰδεῖν
2781 3937 3059 4007 (δράκοντι
3116 3938 3222 4008 γὰρ
3281 3939 3525 4007 ἀτεχνῶς
3570 3935 3740 4006 ἐῴκει)

2182 4028 2493 4081 διανίστατό
2534 4044 2594 4079 τε
2639 4027 2822 4097 δῆθεν,
2853 4029 2949 4080 καὶ
2992 4029 3267 4096 μετέωρον
3308 4030 3511 4097 αὐχένα
3544 4029 3738 4097 φέρων,

2182 4119 2710 4190 ἀποσπινθηριὰζειν
2751 4120 2922 4172 ἐδόκει
2973 4121 3050 4190 τῷ
3099 4121 3386 4191 ὀφθαλμῷ,
3421 4121 3653 4187 γνάθους
3690 4120 3742 4171 δὲ

2184 4211 2373 4280 φυσῶν
2405 4211 2517 4280 πῦρ
2555 4211 2817 4282 ἄντικρυς
2845 4212 3016 4276 ἔπνει,
3045 4214 3138 4265 καὶ
3167 4214 3348 4282 φόνιον
3376 4213 3547 4266 ἐκίνει
3583 4213 3746 4279 γλῶτ-

2180 4320 2285 4356 ταν
2331 4301 2441 4355 τῶν
2482 4303 2708 4370 γενείων
2766 4304 2899 4356 πολύ
2957 4307 3354 4375 προχεομένην,
3405 4307 3499 4356 καὶ
3547 4304 3743 4373 μεστὴν

2181 4395 2347 4449 οὖσαν
2381 4395 2414 4464 ἦ
2459 4395 2724 4449 δοκοῦσαν
2756 4395 2833 4449 ἰοῦ
2880 4395 3252 4465 Θανατοφὸρου
3275 4413 3289 4427 ·
3325 4397 3490 4465 ὁμόσε
3517 4396 3572 4448 δὲ
3609 4395 3744 4447 κατᾶ

2184 4491 2276 4543 τοῦ
2311 4490 2521 4558 Πέτρου
2555 4489 2769 4559 χωρῶν,
2801 4489 3084 4558 πόρρωθεν
3123 4488 3310 4554 ὥσπερ
3347 4491 3411 4558 τῇ
3447 4489 3541 4542 τοῦ
3586 4487 3744 4540 πνεύ-

2186 4599 2354 4650 ματος
2386 4581 2601 4651 ἠπείλει
2630 4581 2800 4651 ῥύμῃ,
2835 4582 2924 4633 τὸν
2956 4582 3232 4651 ἁπτὸητον
3264 4583 3474 4633 ἐκεῖνον
3498 4579 3742 4648 ἀναρπά-

2183 4688 2298 4724 σειν
2326 4689 2384 4723 τε
2415 4672 2510 4724 καὶ
2538 4670 2900 4739 λαφύρεσθαι.

2255 4935 2350 4992 κδ’.
2391 4937 2497 4988 Τοῦ
2544 4936 2600 4987 δὲ
2638 4937 2774 5004 μοιβέ
2816 4938 2946 5006 πρὶς
2979 4936 3109 4988 θέαν
3141 4933 3271 5000 γοῦν
3317 4935 3454 4997 ὅλως
3483 4935 3745 5003 ἐπεστρα-

2182 5032 2312 5098 φθαι
2343 5029 2638 5095 ἀξιοῦντος,
2661 5031 2894 5091 ἁκλινῶς
2920 5028 2976 5080 δὲ
3008 5029 3146 5098 πρὸς
3176 5027 3404 5098 οὐρανὸν
3430 5026 3528 5087 τὰς
3557 5027 3742 5094 χεῖρας

2182 5121 2589 5191 ἀνατεταμένας
2647 5122 2885 5190 ἔχοντος,
2937 5123 2964 5173 ὁ
3019 5122 3211 5189 νοητὸς
3265 5120 3426 5172 πάλιν
3490 5117 3741 5185 ,Αμαλὴκ

2185 5219 2378 5286 ἡττᾶτο
2427 5220 2519 5267 καί
2568 5214 2954 5282 συνηλαύνετο,
2982 5216 3076 5264 καὶ
3103 5212 3400 5280 ταχύτερος
3421 5206 3486 5280 ἦν
3531 5211 3741 5275 ἀποχω-

2185 5311 2290 5378 ρῶν
2322 5309 2352 5376 ἢ
2384 5308 2675 5376 προσάγων
2698 5321 2710 5334 ·
2741 5305 3013 5373 ἐλάμϐανε
3058 5305 3114 5356 δὲ
3154 5304 3262 5371 ἄρα
3295 5303 3388 5353 καὶ
3439 5301 3742 5369 patinae;

2173 5407 2262 5454 τὸν
2293 5401 2587 5468 ἀλάστορα,
2621 5398 2930 5450 τούναντίον
2955 5397 3101 5449 ἅπαν
3125 5395 3156 5464 ἣ
3189 5395 3447 5446 διενοεῖτο
3473 5391 3740 5457 διαπρατ·

2173 5493 2399 5559 τὸμενον
2424 5507 2435 5519 ·
2469 5489 2529 5540 τὸ
2555 5488 2665 5557 γὰρ
2715 5488 2803 5539 ἀεὶ
2860 5486 3088 5547 σύννους
3125 5483 3220 5535 τοῦ
3257 5483 3526 5549 γενναίου,
3560 5495 3647 5529 και
3687 5477 3743 5526 τὸ

2173 5585 2268 5650 τῆς
2302 5581 2464 5651 εὐχῆς
2493 5578 2741 5631 σύντονὸν
2783 5593 2842 5628 τε
2890 5575 2982 5628 καὶ
3030 5573 3325 5644 μετάρσιον
3369 5569 3598 5638 χαλάσαι
3629 5578 3744 5615 ἐει⁴
