4074 6322
637 348 774 413 101;)

1891 345 2271 408 GREGOBH
2314 342 2634 405 PALAME

3763 336 3899 397 102i)

630 463 768 525 ditu,
795 456 1038 528 fugisse?
1066 454 1367 525 praetulisse
1400 455 1464 510 iis
1495 455 1660 509 vitam
1690 455 1830 508 inter
1862 455 2006 509 feras
2031 473 2192 524 agen-

2320 454 2526 521 »όχῑλ-ας,
2565 449 2659 501 καὶ
2711 447 2926 518 ὑπὲρχῃ
2980 447 3044 498 τὰ
3087 443 3344 496 νοσοποιᾶ
3396 445 3556 496 ταυτὶ
3619 447 3896 512 σπήλαια,

630 551 985 604 dam?saltus
1030 549 1381 618 iuhuspitales
1427 550 1756 602 oberrasse?
1799 563 1990 616 ενοι-υς
2039 550 2202 602 hasce

631 647 927 700 valetudini
956 644 1142 700 noxias
1172 641 1442 696 subiisse?
1493 641 1714 695 latibula
1752 641 1989 694 ferarum
2049 642 2203 694 inco-

634 739 798 792 luisse
849 748 897 790 et
947 735 1288 803 serpentibus
1340 733 1688 788 cohabitasse
1743 733 2066 786 venenatis?
2117 735 2199 785 An

633 831 897 901 inquies?
931 830 997 886 Ut
1029 829 1326 883 secundum
1362 827 1527 880 Deum
1589 825 1838 892 religiose
1878 826 2075 878 vivam.
2136 827 2204 878 At

634 927 902 991 quonmdn
934 925 1204 977 Abraham
1247 920 1493 987 religiose
1545 920 1686 973 inter
1743 919 1988 972 homines
2037 918 2200 969 vitam

636 1017 908 1071 instituit?
933 1015 1057 1083 quid
1101 1029 1264 1082 porro
1287 1012 1402 1079 ejus
1445 1020 1669 1080 nepotes
1707 1025 1768 1064 ac
1802 1009 2046 1077 posteri?
2075 1009 2202 1075 quid

635 1109 824 1171 etiam,
867 1107 910 1160 si
969 1107 1040 1158 ita
1083 1107 1181 1168 vis,
1217 1104 1454 1169 ejusdem
1493 1101 1749 1170 majores,
1796 1102 1884 1170 qui
1921 1101 2200 1153 honestam

634 1210 800 1254 vitam
825 1199 1177 1266 voluptuarim
1205 1197 1650 1268 prxehalmeruut;
1673 1194 1933 1262 uutnquid
1957 1194 2077 1246 illus
2097 1193 2202 1245 vita

636 1294 777 1348 inter
819 1292 1066 1347 homines
1111 1301 1233 1344 acta
1290 1288 1574 1356 corrupit?
1626 1286 1812 1341 Nonne
1856 1287 2020 1339 etiam
2077 1296 2205 1339 tunc

634 1382 839 1438 multos
899 1380 1210 1448 spectaculo
1265 1381 1349 1434 sui
1406 1379 1472 1432 ad
1545 1379 1796 1432 virtutem
1863 1375 2206 1430 auexerunt?

636 1474 826 1529 Nonne
873 1488 1054 1526 coram
1099 1471 1326 1525 testibus
1383 1458 1642 1540 prmclara
1685 1468 1922 1524 facinora
1971 1469 2202 1536 operati,

637 1565 989 1620 nihilominus
1037 1564 1218 1616 invicti
1275 1564 1628 1631 perstiterunt
1675 1561 1995 1630 longissimo
2057 1571 2198 1612 tern-

637 1673 788 1726 pore,
821 1654 1144 1709 desiderium
1179 1654 1475 1708 honestatis
1501 1653 1743 1705 omnium
1773 1652 1968 1704 animis
1999 1652 2202 1703 immit-

636 1758 832 1813 tentcs,
870 1756 1030 1814 atque
1058 1749 1199 1812 apud
1249 1746 1392 1812 ipsos
1451 1745 1567 1796 zelo
1601 1757 1728 1796 suos
1763 1759 1856 1810 per
1903 1743 2098 1796 secula
2127 1744 2205 1794 vi-

635 1848 842 1907 gentes,
894 1837 1184 1892 immortali
1235 1835 1477 1904 quotidie
1508 1835 1857 1888 successione
1885 1835 2202 1897 etiamnum,

639 1943 736 1980 nec
766 1925 916 1981 senio
938 1940 1048 1979 nec
1103 1935 1274 1976 morte
1305 1924 1509 1978 subacﬁ
1531 1963 1547 1988 ,
1581 1923 1918 1992 perennant?
1941 1923 2016 1975 Tu
2078 1939 2205 1976 vero

619 2020 756 2072 sine
779 2017 997 2072 arbitris
1027 2015 1116 2069 hic
1153 2017 1312 2069 vitam
1357 2015 1533 2077 ﬁnies,
1593 2014 2072 2069 exercitationibus
2103 2015 2208 2069 l'llS

639 2109 774 2163 nihil
801 2107 1196 2177 propemodum
1244 2107 1359 2174 tibi,
1393 2107 1527 2160 nihil
1561 2117 1740 2160 autem
1768 2107 2020 2160 'omn‘no
2059 2108 2206 2169 aliis,

643 2217 738 2256 seu
786 2216 930 2254 nunc
984 2199 1287 2253 viventibus
1319 2238 1334 2264 ,
1389 2213 1482 2252 seu
1543 2199 1896 2264 imposmrum
1957 2199 2202 2262 victuris,

639 2287 908 2344 commodi
981 2287 1350 2341 alierentihus.
1407 2285 1663 2352 Quisquis
1727 2275 1870 2339 enim
1948 2286 2206 2356 praeclare

642 2381 920 2449 quidpiam
948 2388 1226 2447 operatur,
1281 2376 1520 2445 illudque
1549 2378 1602 2429 in
1635 2379 1804 2430 lucem
1839 2392 1946 2430 non
1977 2378 2202 2446 profert,

637 2473 790 2541 juxta
827 2472 1028 2524 dictum
1054 2469 1461 2537 evangelicum,
1501 2485 1518 2516 ι
1562 2465 1764 2520 Luceat
1791 2467 1882 2520 lux
1917 2479 2094 2521 vestra
2115 2483 2211 2523 co-

643 2580 758 2618 ram
817 2562 1202 2626 hominibus“;
1241 2580 1258 2611 ι
1324 2559 1547 2628 perinde
1605 2573 1668 2612 ac
1698 2559 1743 2612 si
1785 2569 2040 2628 operatus
2096 2577 2208 2617 non

644 2654 862 2718 fuisset,
897 2653 1028 2705 nihil
1061 2650 1270 2720 prolicit
1296 2691 1310 2710 ,
1349 2649 1616 2703 nemiuem
1645 2652 1852 2704 excitat
1882 2649 1948 2704 ad
1987 2651 2208 2706 imitan-

2309 547 2402 597 καὶ
2475 540 2803 609 γειτνιάζεις
2870 542 3174 608 χηραμοῖς.
3233 539 3325 588 καὶ
3397 536 3718 607 συναυλίζη
3791 543 3897 600 τοῖς

2310 634 2575 698 ίο66λοις;
2618 633 2755 702 ὑπὲρ
2799 631 2890 684 τού
2941 630 3079 682 κατᾶ
3131 629 3262 681 Θεὸν
3310 629 3418 698 ἄρα
3478 631 3655 696 (pariat;
3705 628 3896 698 βιοῦν;

2305 728 2416 782 Καὶ
2447 727 2563 789 πῶς
2605 725 2854 794 Ἀϐραὰμ
2898 722 3163 790 θεοφιλῶς
3187 724 3383 791 ἤνυσεν
3436 721 3524 773 ἐπ’
3573 723 3901 790 ἀνθρώπων

2304 820 2394 872 τὸν
2421 819 2563 890 βίον;
2596 821 2648 871 τί
2674 819 2728 870 δὲ
2757 819 2852 870 καὶ
2882 817 3007 879 τοὺς
3040 816 3133 868 ἀπ’
3170 815 3336 869 αὑτοῦ
3386 833 3444 866 τε
3489 816 3588 868 καὶ
3635 816 3770 883 μετ’
3809 818 3899 866 αύ-

2304 913 2421 976 τόν;
2455 913 2503 962 εἰ
2545 911 2602 964 δὲ
2654 909 2830 980 βούλει
2893 909 2985 960 καὶ
3046 909 3173 970 τοὺς
3225 907 3330 977 πρὸ
3378 906 3572 970 αὑτοῦ,
3630 907 3703 958 τὸ
3758 912 3897 958 κατὰ

2307 1003 2438 1055 Θεὸν
2488 1002 2588 1069 ζῇν
2636 1001 2728 1053 τού
2762 1000 2886 1054 καθ’
2947 1000 3140 1069 ἡδονὴν
3193 997 3617 1067 προελομένους,
3682 999 3717 1062 ή
3780 999 3899 1065 μετ’

2305 1095 2611 1163 ἀνθρώπιον
2663 1093 2967 1161 ἐλυμῄνατο
3015 1091 3227 1154 δίαιτα;
3261 1091 3414 1158 οὐχί·
3447 1091 3541 1141 καὶ
3591 1091 3726 1142 τότε
3771 1093 3900 1141 πολ-

2305 1187 2429 1249 λοὺς
2473 1189 2688 1254 ἑπῇραν
2737 1187 2800 1255 τῇ
2851 1186 2948 1253 θέᾳ
2998 1185 3134 1252 προς
3185 1185 3406 1254 ἀρετὴν,
3441 1185 3536 1236 καὶ
3593 1184 3897 1253 μάρτυρας

2307 1277 2723 1346 παραλαϐόντες
2769 1277 2879 1329 τῶν
2929 1275 3110 1338 καλῶς
3138 1277 3558 1346 ἠγωνισμένων,
3593 1276 3897 1343 ἁκαταγὼ-

2308 1388 2476 1424 νιστοι
2524 1371 2803 1440 διέμειναν
2837 1369 2913 1438 τῷ
2957 1368 3052 1421 τοῦ
3105 1371 3300 1439 χρόνου
3351 1371 3534 1438 μήκει,
3573 1368 3672 1421 τοῦ
3727 1369 3895 1422 καλοῦ

2307 1465 2475 1516 πᾶσιν
2509 1462 2748 1524 ἐνιέντες
2807 1462 2991 1526 πόθον,
3024 1462 3118 1514 καὶ
3170 1461 3249 1529 τῷ
3296 1465 3430 1530 πρὸς
3490 1461 3699 1522 αὐτοὺς
3750 1461 3894 1529 ζήλῳ

2306 1557 2374 1610 δι’
2397 1557 2593 1620 αἰῶνος
2621 1557 2926 1619 νεάζοντες,
2955 1557 3246 1618 ἀθανάτοις
3276 1556 3553 1624 ὁσημέραι
3581 1553 3889 1622 διαδοχαῖς,

2307 1650 2530 1716 ἀγήρως
2559 1648 2832 1699 κάνταῦθα
2873 1647 2966 1699 καὶ
3005 1647 3263 1700 ἀθάνατοι
3295 1646 3656 1714 διαμένουσις
3701 1646 3773 1696 ΣΞ)
3814 1646 3887 1707 δὲ,

2307 1744 2627 1811 ἀμάρτυρον
2665 1742 2902 1794 ἐνταῦθα
2936 1741 3265 1802 καταλύσεις
3307 1741 3398 1792 τὸν
3433 1740 3572 1808 βίον,
3612 1741 3715 1791 καὶ
3753 1741 3890 1805 ,τρες

2308 1833 2457 1885 ούδέν
2485 1849 2566 1884 σοι
2607 1834 2750 1884 πάνυ
2797 1833 3070 1902 χρήσιμον
3102 1832 3159 1883 αἱ
3192 1831 3425 1884 σπουδαὶ
3470 1832 3884 1897 τελευτήσουσι,

2313 1923 2542 1992 μηδενὸς
2573 1923 2753 1977 αὐτῶν
2789 1924 3152 1992 ἀπωναμένου
3187 1923 3294 1976 τῶν
3319 1923 3434 1982 νῦν,
3461 1923 3501 1990 ,ἢ
3528 1920 3638 1974 τῶν
3674 1923 3888 1974 ἔπειτα.

2313 2017 2427 2079 Πᾶς
2473 2016 2582 2085 γὰρ
2629 2018 2656 2068 ὁ
2708 2014 3065 2084 καταπράξας
3109 2034 3160 2068 τι
3203 2015 3311 2068 τῶν
3358 2015 3620 2084 ἀρίστων,
3671 2015 3772 2066 καὶ
3816 2017 3886 2082 μὴ

2310 2106 2455 2160 τοῦτ’
2501 2111 2580 2170 εἰς
2623 2110 2736 2177 φῶς
2763 2107 3003 2176 ἐνεγκὼν
3043 2109 3183 2161 κατὰ
3222 2111 3318 2178 τὴν
3351 2107 3720 2171 θεσπίζουσαν
3749 2107 3888 2159 Exsi-

2313 2218 2412 2269 νην
2470 2203 2674 2269 φωνὴν,
2715 2221 2732 2252 ι
2788 2201 3144 2272 Ἐμπροσθεν
3200 2202 3310 2254 τῶν
3365 2202 3676 2270 ἀνθρώπων
3739 2200 3890 2270 ὑμῶν

2314 2293 2583 2362 λαμψάτω
2630 2294 2766 2361 φῶς,
2822 2312 2840 2345 ι
2896 2295 2954 2345 ὲν
3009 2294 3100 2346 ῐσα
3150 2294 3248 2346 καὶ
3301 2295 3350 2345 εἰ
3398 2295 3474 2363 μὴ
3524 2294 3889 2362 κατέπραξεν,

2316 2385 2471 2437 οὐδὲν
2505 2386 2744 2452 ὀνίνησιν
2768 2402 2782 2417 ’
2815 2385 2927 2439 οὐδ’
2962 2387 3243 2455 ἐπεγείρει
3283 2386 3422 2452 πρὸς
3467 2385 3632 2453 ζῆλον
3676 2385 3890 2449 οὐδένα,

2319 2475 2413 2528 καὶ
2453 2473 2639 2545 ζημιοί
2689 2477 2814 2539 τοὺς
2862 2476 3114 2530 ἐντεῦθεν
3155 2478 3450 2546 ἐσομένους
3500 2476 3766 2546 βελτίους,
3799 2477 3891 2525 καὶ

2315 2565 2455 2619 τίσει
2511 2567 2681 2638 δήπου
2733 2572 3052 2639 πρεπόντως
3105 2569 3203 2640 τὴν
3260 2571 3421 2641 δίκην
3473 2572 3564 2622 ἐπὶ
3610 2569 3704 2623 τοῦ
3765 2568 3888 2637 μέλ-

2314 2656 2524 2721 λοντος.

644 2751 770 2802 dmu
796 2764 812 2811 ;
857 2757 1100 2816 posteros
1125 2759 1252 2800 vero
1285 2744 1509 2798 horfeste
1530 2742 1775 2800 victuros
1795 2743 1992 2799 damno
2021 2745 2205 2814 afficit,
2248 2763 2309 2803 ac
2339 2763 2622 2821 propterea
2649 2755 2862 2808 debitas
2899 2755 3187 2824 aliquando
3212 2795 3227 2816 ,
3269 2766 3326 2808 ut
3353 2773 3451 2825 par
3516 2768 3620 2821 est,
3705 2772 3890 2824 pana:

645 2841 936 2912 persolvet.

717 2939 806 2994 27.
839 2936 990 3002 Quod
1019 2936 1061 2990 si
1087 2945 1264 3000 putes,
1293 2935 1474 2989 vivere
1523 2943 1575 2988 te
1605 2934 1961 2991 conformiter
1987 2938 2090 3007 legi
2126 2953 2221 2992 uo-

646 3047 728 3083 vas
755 3031 942 3096 gratiae
968 3067 982 3090 .
1015 3041 1184 3094 eaque
1214 3025 1443 3080 fortasse
1468 3027 1520 3080 in
1553 3027 1828 3095 ιιι-οι)οείιο
1848 3028 2215 3093 confirmatus,

2396 2941 2498 3002 κζ’.
2533 2939 2594 2991 Εἰ
2617 2939 2673 2990 δὲ
2701 2939 2924 3009 θεσμοῖς
2954 2939 3132 3003 δοκεῖς
3156 2941 3324 2993 εἴκειν
3357 2941 3454 3010 τῆς
3482 2941 3611 3003 νέας
3641 2943 3889 3011 χάριτος,

2325 3032 2419 3081 καὶ
2469 3028 2684 3091 τούτοις
2738 3029 2867 3091 ἴσως
2922 3031 3199 3100 στηρίζων
3244 3031 3431 3082 σαυτὸν
3481 3032 3578 3101 τὴν
3622 3033 3896 3086 ἐπάνοδον

647 3121 882 3176 reditum
937 3117 1032 3173 tibi
1066 3116 1396 3181 interdicas;
1447 3130 1548 3186 ego
1595 3131 1659 3170 cx
1701 3117 1800 3172 hac
1829 3132 2046 3188 quoque
2076 3119 2210 3189 lege,

2325 3119 2728 3187 ἀπαγορεύεις”
2761 3117 2872 3186 ἐγώ
2926 3135 3006 3172 σοι
3059 3121 3155 3173 καὶ
3187 3121 3289 3174 ἀπὸ
3322 3119 3520 3173 τούτων
3547 3120 3898 3191 παροίσομαι

648 3212 778 3278 quid
807 3211 1060 3278 expediat
1090 3209 1181 3263 tibi
1215 3208 1266 3262 in
1304 3207 1537 3263 medium
1560 3207 1856 3278 proferam,
1878 3216 1932 3263 et
1962 3209 2222 3278 expositm

648 3305 810 3359 modo
843 3301 1127 3358 sententia:
1160 3301 1473 3355 monstrabo
1522 3301 1852 3365 utilitatem;
1885 3301 2086 3370 quippe
2130 3301 2220 3368 qui

647 3413 756 3452 non
791 3404 1039 3450 recenter
1067 3395 1120 3448 in
1154 3393 1373 3447 domum
1413 3401 1557 3445 tuam
1587 3391 1858 3446 admissus
1896 3394 1996 3446 sim
2025 3431 2042 3458 ,
2073 3394 2166 3446 sed
2193 3408 2221 3444 a

649 3484 987 3555 temporibus
1020 3483 1286 3553 majorum
1319 3494 1533 3535 tuorum
1581 3482 1722 3535 inter
1753 3480 2096 3538 fidelissimos
2129 3483 2223 3537 tibi

653 3577 882 3633 famulos
908 3575 1164 3639 serviam,
1200 3573 1564 3639 ardenterque
1596 3580 1648 3627 te
1697 3586 1912 3634 amem,
1948 3587 2010 3627 ac
2040 3588 2222 3627 rerum

652 3682 863 3723 tuarum
892 3678 1155 3736 satagam.
1190 3667 1302 3734 Age
1348 3665 1512 3734 igitur
1534 3703 1549 3725 ,
1593 3665 1663 3716 mi
1691 3663 1840 3726 here,
1872 3663 1981 3726 dic,
2007 3664 2222 3717 cuinam

657 3773 875 3815 tuorum
902 3769 1025 3813 tuus
1074 3758 1166 3812 hic
1223 3756 1438 3835 vivendi
1489 3755 1682 3812 modus
1711 3754 1915 3824 placet?
1951 3756 2226 3826 quomodo

653 3870 762 3908 non
798 3865 1056 3923 spernere
1083 3848 1390 3905 censendus
1417 3863 1476 3903 es
1503 3848 1816 3903 mandatum
1838 3849 2016 3915 illud,r
2052 3849 2227 3905 Unus-

651 3947 884 4015 quisque
917 3943 1125 4012 placeat
1155 3941 1405 4012 proximo
1438 3955 1536 3994 suo
1558 3939 1614 3993 ‘?
1651 3958 1670 3991 ι
1705 3940 1824 4007 Quo
1873 3955 2031 4009 pacto
2061 3943 2224 3996 etiam

653 4037 946 4108 persuades
1000 4035 1117 4099 tibi,
1153 4043 1204 4090 te
1234 4035 1342 4089 Deo
1394 4035 1482 4088 hic
1515 4045 1728 4104 gratum
1763 4044 2020 4103 praestare
2067 4037 2225 4089 ohsc-

650 4133 867 4201 quium,
901 4130 990 4200 qui
1024 4145 1144 4199 qua:
1179 4139 1269 4184 tua
1301 4127 1468 4182 solius
1507 4137 1637 4181 sunt
1666 4127 1753 4182 hic
1781 4127 2001 4196 quaeris,
2033 4128 2226 4180 imme-

653 4242 773 4278 mor
801 4225 945 4278 illius
979 4239 993 4275 :
1035 4239 1053 4272 ι
1093 4221 1260 4275 Nemo
1287 4222 1427 4289 quod
1457 4236 1638 4286 suum,
1676 4221 1767 4274 sed
1799 4219 1938 4285 quod
1977 4219 2226 4280 alterius,

655 4313 952 4382 quaerat“?
995 4329 1014 4364 ι
1071 4310 1243 4376 Quam
1299 4325 1424 4364 vero
1475 4311 1637 4364 etiam
1693 4302 1890 4362 afferas
1925 4310 2228 4364 excusatio-

2325 3211 2386 3262 τὸ
2419 3213 2682 3274 συνοῖσον,
2713 3212 2808 3264 καὶ
2831 3211 3007 3276 ’δείξω
3038 3213 3097 3266 τὸ
3125 3212 3395 3275 λυσιτελὲς
3425 3213 3490 3283 ἦν
3532 3214 3736 3282 ἀρτίως
3766 3214 3897 3283 ἦκω

2325 3300 2553 3370 γνώμην
2621 3303 3086 3372 εἰσηγησάμενος,
3134 3305 3230 3358 ἆτε
3278 3305 3354 3374 μὴ
3405 3309 3730 3376 προσφάτως
3787 3311 3895 3359 εἱσ-

2325 3393 2662 3462 ῳκισμένος,
2709 3394 2824 3447 ἀλλ’
2856 3397 2920 3448 ἐκ
2949 3396 3232 3463 προγόνων
3296 3415 3377 3450 σοι
3423 3398 3592 3451 τελῶν
3649 3401 3728 3460 είς
3774 3401 3891 3460 τοὺς

2326 3484 2683 3548 πιστοτάτους
2730 3487 2838 3538 τῶν
2888 3486 3116 3551 δούλων,
3172 3491 3267 3541 καὶ
3325 3491 3609 3560 περικαῶς
3657 3492 3774 3554 πῶς
3832 3494 3891 3545 ἂν

2326 3575 2502 3639 εἴποις
2531 3577 2623 3628 καὶ
2672 3576 2844 3644 φιλῶν
2878 3579 2975 3630 καὶ
3026 3579 3345 3647 κηδόμενος.
3381 3582 3519 3650 Φέρε
3552 3583 3735 3634 τοίνυν
3764 3583 3885 3651 φρά-

2329 3685 2441 3733 σον,
2472 3663 2515 3722 ὦ
2547 3671 2804 3734 δέσποτα,
2835 3670 2942 3724 τίνι
2966 3673 3073 3725 τῶν
3103 3671 3364 3726 ἁπάντων
3397 3676 3656 3743 ἀρέσκεις
3686 3676 3883 3730 ἔνθαδᾶ

2328 3760 2444 3822 πῶς
2466 3760 2510 3814 δ’
2535 3761 2656 3832 οὐχὶ
2681 3762 2780 3832 τῆς
2809 3764 3027 3832 ἐντολῆς
3056 3765 3443 3834 ὑπερφρονεῖς,
3476 3786 3492 3816 ι
3523 3768 3792 3828 Ἕκαστος
3822 3767 3888 3833 τῷ

2329 3851 2556 3920 πλησίον
2602 3854 2879 3922 ἀρεσάτω.
2914 3875 2932 3906 >
2969 3855 3266 3924 λεγούσης;
3320 3857 3436 3917 πῶς
3461 3857 3516 3909 δὲ
3545 3859 3637 3910 καὶ
3679 3859 3754 3926 τῷ
3783 3860 3888 3924 Θεῷ

2331 3943 2529 3995 σαυτὸν
2563 3944 2800 3997 ἐνταῦθα
2852 3947 3058 4009 πείθεις
3093 3947 3375 4014 ἀρέσκειν,
3409 3949 3468 4000 τὸ
3511 3949 3713 4000 σαυτοῦ
3743 3951 3890 4017 μόνον

2329 4033 2542 4085 ἐνταῦθ’
2570 4035 2862 4104 ἐπιζητῶν,
2883 4037 3006 4106 μηδ’
3037 4038 3244 4090 ἐκείνου
3278 4039 3646 4106 μεμνημένος,
3676 4039 3748 4102 ῶς
3770 4057 3786 4088 ς
3809 4040 3890 4105 Μὴ

2329 4125 2390 4177 τὸ
2435 4125 2628 4180 ἑαυτοῦ
2663 4128 3064 4190 ἓκαστος,ἀλλὰ
3109 4129 3169 4180 τὸ
3218 4129 3310 4181 τοῦ
3371 4131 3559 4199 ἑτέρου
3591 4129 3817 4200 ζητείτω
3869 4149 3886 4180 ι

2331 4216 2465 4268 Τίνα
2508 4217 2564 4269 δὲ
2611 4220 2704 4270 καὶ
2747 4220 2932 4288 σχοιης
2967 4219 3034 4272 ἂν
3072 4221 3392 4288 ἀπολογίαν,
3433 4223 3492 4273 ἐν
3536 4223 3713 4277 ούδενὶ
3759 4225 3890 4274 τιθέ-

2334 4325 2514 4375 μενος,
2547 4309 2607 4360 οὺ
2643 4311 2804 4378 μόνον
2830 4311 2928 4379 τὴν
2959 4311 3069 4364 ἀπὸ
3116 4311 3210 4364 σοῦ
3246 4315 3358 4376 τοῖς
3396 4313 3732 4380 ἀνθρώποις,
3767 4315 3886 4364 ἀλλὰ

659 4421 782 4458 nem
814 4405 954 4471 quod
987 4401 1124 4456 nihil
1158 4402 1470 4464 l'acias,uon
1499 4401 1673 4455 solum
1695 4415 1855 4468 quam
1897 4412 1948 4452 tu
1979 4401 2214 4457 conferrt

2333 4400 2425 4450 καὶ
2497 4400 2596 4468 τὴν
2649 4401 2744 4452 ἀπ’
2801 4401 2981 4453 αὐτῶν
3045 4406 3533 4473 ἀναστρεφομένην
3590 4405 3783 4474 ὥσπερ
3839 4409 3887 4456 ἐν

656 4495 782 4548 aliis
814 4507 997 4561 posses
1021 4529 1036 4555 ,
1067 4492 1158 4544 sed
1203 4490 1386 4556 etiam,
1427 4507 1545 4558 qua:
1581 4491 1701 4544 imle
1727 4492 1792 4544 ad
1831 4501 1882 4546 te
1935 4493 2096 4546 veluti
2135 4509 2226 4562 per

655 4587 850 4640 orbem
887 4584 1116 4645 rediret,
1144 4581 1374 4635 salutem
1401 4620 1415 4644 ,
1455 4580 1610 4647 juxta
1646 4585 1788 4650 quod
1817 4584 2076 4651 scriptum
2108 4593 2224 4638 est:

661 4695 685 4728 ι
722 4675 819 4740 Qui
856 4674 1039 4728 educit
1069 4673 1360 4738 pretiosum
1387 4686 1415 4724 a
1435 4673 1548 4734 vili,
1573 4674 1726 4743 quasi
1747 4691 1806 4729 os
1827 4691 2004 4730 meum
2030 4676 2222 4731 erit'.»

659 4768 746 4833 Et,
787 4786 804 4817 ι
837 4766 937 4832 Qui
965 4774 1301 4834 peccatorcm
1346 4763 1414 4816 ab
1468 4777 1654 4818 errore
1709 4768 1949 4820 converti
2013 4767 2224 4830 fecerit,

657 4859 937 4924 conperiet
962 4856 1362 4909 multitudinem
1401 4865 1743 4922 peccatorum
1781 4856 1824 4909 ⁸.
1861 4876 1878 4907 ι

733 4950 826 5002 9.8.
865 4947 1132 5002 Hactenus
1155 4947 1370 5016 quidem
1400 4945 1666 5014 malignus
1701 4947 1808 5012 ille,
1844 4949 2041 5016 quippe
2063 4956 2224 5003 etiam

659 5042 1070 5110 Scripturarmn
1094 5040 1422 5106 intelligens,
1459 5047 1564 5092 tam
1598 5039 1749 5107 longa
1782 5043 2026 5094 oratione
2057 5043 2226 5095 unde-

659 5144 881 5200 quaque
905 5146 961 5184 se
989 5131 1266 5194 muniens,
1311 5131 1472 5182 etiam
1510 5145 1648 5183 nunc
1695 5142 1998 5184 monstrare
2025 5134 2223 5201 lignum

669 5223 794 5276 boni
825 5232 878 5275 et
910 5222 1036 5274 mali
1082 5235 1345 5291 generoso
1383 5222 1546 5291 pugili
1598 5221 1900 5284 videbatur,
1944 5225 2230 5292 ipsumque

661 5331 698 5367 (ι
722 5313 976 5383 paradiso
1009 5314 1206 5381 quietis
1234 5329 1345 5367 sua:
1373 5315 1638 5368 malitiose
1664 5315 1904 5367 teutahat
1931 5317 2226 5384 expellere.

663 5402 836 5474 l’ugili
864 5419 994 5457 vero
1023 5404 1147 5472 ipsi,
1199 5405 1286 5473 qui
1331 5407 1429 5460 sub
1465 5406 1646 5459 verbis
1681 5407 1797 5474 ejus
1839 5407 2092 5462 latentem
2129 5409 2226 5462 dc-

663 5496 1029 5566 prehcnderat
1080 5496 1294 5561 dolum,
1329 5496 1550 5565 ejusque
1591 5508 1907 5566 apparatum
1963 5514 2027 5551 ac
2067 5500 2223 5552 mali-

661 5589 795 5642 tiam
834 5587 1017 5658 utique
1048 5593 1384 5656 perspectam
1417 5586 1688 5654 habebat,
1722 5587 1902 5645 brevis
1930 5588 2229 5645 sullicicbat

736 5769 760 5801 ⁶
792 5767 980 5824 Matth.
1013 5785 1064 5834 ν,
1122 5767 1204 5823 l6.
1268 5769 1301 5839 ,⁵
1330 5765 1487 5821 Rom.
1524 5782 1612 5834 xv,
1649 5767 1701 5823 9..

1781 5768 1849 5821 ει
1910 5769 2036 5824 Cor.
2089 5784 2142 5835 .\',
2174 5769 2261 5822 9.4.

2334 4489 2520 4558 κύκλῳ
2549 4490 2684 4559 προς
2734 4492 2794 4544 σὲ
2852 4494 3151 4565 σωτηρίαν,
3184 4499 3326 4549 κατά
3368 4498 3426 4548 τὸ
3478 4501 3889 4568 γεγραμμένον*

2339 4600 2356 4631 ι
2415 4581 2474 4634 Ὀ
2513 4584 2725 4649 ἐξάγων
2770 4585 2920 4648 ἄξιον
2952 4587 3010 4652 ἐξ
3059 4589 3307 4655 ἀναξίου,
3347 4591 3421 4652 ὼς
3463 4591 3524 4641 τὸ
3573 4593 3750 4660 στύμα
3803 4608 3883 4660 μοι

2334 4673 2508 4728 ἔσται.
2550 4695 2567 4726 ι
2605 4678 2714 4730 Καί
2741 4695 2754 4710 ⁸
2797 4697 2815 4730 ι
2861 4681 2925 4731 Ὀ
2957 4680 3022 4732 ἂν
3061 4681 3383 4750 ἁμαρτωλὸν
3431 4685 3494 4735 ἐκ
3541 4684 3756 4754 πλάνης
3787 4687 3888 4735 επι-

2337 4768 2562 4837 στρέψῃ,
2593 4770 2825 4840 καλύψει
2867 4771 3068 4839 πλῆθος
3105 4774 3411 4844 ἁμαρτιῶν.
3453 4795 3470 4826 ι

2405 4957 2514 5021 κη’.
2555 4951 2694 5004 Ἀλλ’
2727 4957 2754 5006 ὁ
2795 4971 2894 5024 μεν
2928 4956 3164 5026 πονηρὸς
3203 4957 3296 5010 ἅτε
3325 4957 3417 5010 καὶ
3446 4957 3681 5026 Γραφῶν
3713 4960 3896 5025 ἔμπει-

2336 5060 2448 5111 ρος.
2500 5044 2644 5096 οὕτω
2701 5047 3093 5117 μακρηγορῶν,
3130 5052 3223 5101 καὶ
3276 5051 3462 5121 κύκλῳ
3511 5052 3897 5119 περιϐαλλόμε-

2337 5154 2446 5200 νος,
2483 5137 2542 5188 τὸ
2596 5137 2763 5189 καλοῦ
2817 5155 2874 5190 τε
2931 5142 3025 5192 καὶ
3075 5141 3313 5211 πονηροῦ
3364 5141 3520 5208 ξύλον
3551 5143 3738 5210 ῶσπερ
3799 5144 3896 5192 ὑπ’

2333 5229 2538 5280 εδείκνυ
2578 5232 2672 5280 καὶ
2715 5229 2808 5282 νῦν
2846 5230 2922 5299 τῷ
2949 5233 3200 5302 γενναίῳ,
3255 5234 3347 5285 καὶ
3389 5234 3482 5286 τοῦ
3537 5239 3632 5303 τῆς
3674 5234 3900 5304 ἡσυχίας

2335 5321 2666 5390 παραδείσου
2724 5324 3052 5391 κακούργως
3107 5326 3330 5391 ἐξωθεῖν
3384 5327 3644 5381 ἔσπευδεο
3689 5326 3766 5396 τῷ
3820 5328 3896 5387 δὲ,

2334 5408 2423 5460 τὸν
2453 5407 2775 5477 ἐφιζάνοντα
2801 5413 3118 5482 φωράσαντι
3156 5415 3326 5478 δύλον,
3354 5417 3447 5467 καὶ
3480 5415 3579 5485 τῆς
3605 5415 3807 5482 σκευῆς
3841 5431 3896 5465 τε

2333 5503 2428 5552 καὶ
2485 5502 2784 5569 σκαιωρίας
2830 5501 3094 5570 ούμενουν
3133 5505 3231 5556 οὐκ
3279 5507 3579 5575 ἁνεννοήτῳ
3633 5506 3898 5573 γεγονότι,

2337 5591 2529 5662 μικρὸς
2557 5592 2771 5663 ἀπέχρη
2803 5592 2978 5661 λόγος,
3016 5597 3110 5648 καὶ
3145 5595 3204 5648 τὸ
3232 5596 3432 5665 κράτος
3475 5596 3703 5650 αὐτόθεν
3736 5612 3898 5647 κειτα-

2341 5771 2359 5802 ⁷
2415 5769 2613 5825 Jucm.
2674 5787 2760 5839 xv,
2819 5771 2901 5827 l6.
2981 5771 3150 5828 "-Jac.
3186 5777 3352 5841 v,‘20.
