4146 6308
555 418 692 485 1023

1806 404 2183 467 GREGORH
2219 398 2536 464 PALAMIE

3672 385 3809 450 1024

555 537 782 594 tionem,
836 542 939 584 nec
989 541 1096 581 non
1152 523 1385 579 demissa
1438 522 1488 575 in
1541 535 1750 574 summa
1799 517 2150 586 perfectione‘

2259 511 2581 581 αττωμένον
2620 506 2972 577 τεθεαμένος,
3008 502 3259 558 ἐντεῦθεν
3300 501 3499 572 ἤλπισε
3545 500 3805 571 συλήσειν

556 621 915 678 humilitatem
942 634 958 682 ;
984 617 1110 671 hinc
1161 629 1308 682 spem
1342 610 1589 677 concepit
1625 607 1907 663 auferendi
1946 607 2122 660 invio-

556 713 774 768 labilem
802 710 918 773 rius
950 709 1284 763 thesaurum.
1329 702 1421 757 ille
1448 702 1646 769 igitur,
1683 700 1776 769 qui
1827 714 1893 752 ex
1937 696 2064 751 olim
2095 710 2125 748 a

558 805 678 857 lace
700 800 956 869 depulsus
971 805 1292 856 recesserat,
1314 807 1367 849 et
1392 794 1443 847 in
1470 792 1719 847 tenebras
1756 791 1951 843 misere
1975 801 2126 842 com-

563 902 801 948 mutatus
826 892 1104 954 fuerat,ut
1143 887 1355 941 Petrqu
1400 887 1450 940 in
1499 885 1733 939 similem
1763 881 2125 937 calamitatem

565 984 881 1050 pertrahat,
941 979 1076 1033 lucis
1125 978 1361 1046 speciem
1398 975 1649 1037 assumit,
1697 973 1947 1043 angelum
1990 968 2130 1025 lucis

565 1072 1069 1141 simulans,sicque
1102 1080 1351 1126 sanctum
1381 1069 1510 1129 adit,
1532 1064 1785 1121 mendaci
1808 1079 1906 1119 suo
1926 1063 2131 1118 lumine

567 1168 870 1227 lucernam,
905 1179 969 1218 ex
1024 1177 1163 1217 verae
1198 1163 1492 1263 primaeque
1537 1161 1670 1213 lucis
1717 1156 2132 1227 participatione

569 1270 874 1321 accensam,
903 1247 1298 1308 exstincturus.
1337 1252 1468 1306 illnc
1498 1260 1674 1303 autem
1709 1247 1997 1313 accedens,
2032 1261 2128 1300 co-

571 1363 683 1401 ram
708 1346 762 1401 in
785 1345 980 1400 faciem
1012 1344 1161 1398 illum
1195 1343 1391 1412 alloqui
1419 1358 1524 1395 non
1547 1342 1727 1405 audet,
1749 1338 2128 1410 gravissimum

569 1439 686 1506 eius
724 1439 932 1493 vultum
953 1437 1195 1492 veritus:
1234 1438 1327 1492 sed
1361 1435 1540 1505 speeni
1576 1431 2131 1494 forinsecusadstans,

572 1547 667 1600 per
686 1530 939 1585 ostiolum
979 1543 1167 1583 vocem
1200 1531 1338 1582 intra
1362 1527 1626 1588 immittit,
1660 1524 1858 1580 blando
1887 1536 2135 1577 sermone

572 1638 671 1674 suo
700 1621 850 1676 ﬁsus.
881 1621 1012 1675 Inde
1067 1620 1229 1691 igitur
1262 1630 1504 1698 sanctum
1565 1618 1845 1671 salutans:
1894 1613 2137 1668 Virilitcr

571 1726 692 1781 age,
755 1714 1052 1784 inquiebat,
1076 1754 1089 1771 .
1110 1720 1166 1766 et
1216 1711 1522 1765 coni‘ortare
1552 1751 1566 1776 ,
1602 1710 1778 1765 Petre.
1813 1707 1922 1761 lloc
1952 1720 2131 1761 autem

571 1806 948 1861 considerante
971 1815 1138 1873 atque
1175 1806 1311 1857 adeo
1352 1803 1721 1870 interrogante
1747 1800 1994 1867 quisnam
2018 1800 2139 1853 istic

2234 607 2325 660 τὸν
2367 604 2565 659 ἄσυλον
2615 601 2830 655 ἐκείνου
2866 597 3161 669 θησαυρόν.
3204 595 3264 649 Ὀ
3314 593 3497 648 τοίνυν
3544 593 3804 665 ὲπούρσει

2236 698 2414 767 φωτὸς
2468 692 2924 765 ἠλλοτριωμένος,
2980 690 3075 743 καὶ
3147 685 3287 757 πρὸς
3352 685 3547 746 σκότος
3603 684 3806 747 ἀθλίως

2239 787 2580 861 μεταὸαλὼν,
2604 784 2744 857 ὑπὲρ
2770 782 2867 837 τοῦ
2894 780 2985 834 τὸν
3014 780 3201 848 ὅμοιον
3222 776 3299 846 τῷ
3328 776 3525 847 Πέτρῳ
3545 776 3809 846 προστρίο

2235 881 2445 952 ψασθαι
2488 879 2715 948 μῶμον,
2779 872 2957 943 φωτὸς
3006 867 3380 939 ἀναλαμϐάνει
3441 868 3661 937 σχῆμα,
3711 868 3809 920 καὶ
3856 926 3875 943 ⁸

2238 970 2416 1041 φωτὸς
2484 968 2718 1036 ἄγγελον
2798 962 3181 1033 ὑποκρίνεται,
3245 958 3342 1013 καὶ⁸
3405 962 3661 1028 πρόσεισι
3730 958 3811 1026 τῷ

2237 1063 2398 1132 ἁγίῳ,
2435 1061 2512 1129 τῷ
2563 1057 2990 1127 κατεψευσμένῳ
3026 1052 3158 1124 παρ’
3209 1050 3390 1120 ἑαυτῷ
3432 1050 3594 1119 φωτὶ,
3615 1047 3715 1117 τὴν
3747 1048 3812 1099 ἐκ

2237 1155 2332 1211 τοῦ
2372 1151 2631 1224 ἀληθινοῦ
2682 1151 2777 1205 καί¹
2836 1147 3056 1218 πρώτου
3107 1144 3284 1215 φωτὸς
3341 1141 3595 1212 ἡμμένην
3645 1139 3813 1198 ὅντως

2239 1248 2460 1317 λυχνίαν
2490 1243 2793 1299 ἀποσϐέσαι
2835 1238 3206 1311 πειρώμενος.
3240 1236 3351 1289 Καὶ
3376 1233 3441 1305 δὴ
3471 1230 3812 1305 προσελθὼν,

2239 1341 2340 1411 τὴν
2394 1338 2493 1408 μὲν
2544 1332 2686 1389 κατά
2736 1332 3026 1400 πρόσωπον
3069 1327 3290 1398 ὁμιλίαν
3329 1323 3688 1394 ἀπαγορεύει,
3716 1323 3816 1390 τὴν

2242 1430 2645 1506 κριτικωτάτην
2685 1425 2906 1492 ἐκείνην
2957 1420 3081 1491 ὄψιν
3130 1416 3513 1488 ὑφορώμενος’
3549 1414 3628 1483 τῷ
3671 1430 3814 1481 σπη-

2244 1503 2381 1595 λαίῳ
2420 1524 2477 1577 δὲ
2522 1519 2724 1588 ἔξωθεν
2756 1514 3022 1587 ἐφεστὼς,
3074 1512 3164 1565 διὰ
3209 1513 3310 1580 τῆς
3361 1506 3580 1577 θυρίδος
3623 1503 3818 1571 ὡμίλει

2244 1619 2324 1688 τῷ
2361 1617 2472 1671 τῶν
2502 1615 2677 1683 λόγων
2722 1610 3070 1682 εὑπροσὼπῳ
3121 1602 3361 1676 θαρρῶν.
3414 1599 3667 1653 Ἐπεῖθεν
3702 1595 3819 1647 τείν

2246 1726 2343 1766 νυν
2391 1709 2483 1763 τὸν
2522 1709 2669 1762 ὅσιον
2715 1701 3130 1771 ἀσπασάμενος,
3186 1695 3463 1765 Ἀνδρίζου
3513 1691 3608 1744 καὶ
3665 1688 3819 1757 ἴσχυε

2248 1799 2676 1874 προσεφώνησε,
2731 1798 2931 1867 Πέτρε.
2980 1789 3087 1846 Τοῦ
3145 1788 3204 1843 δὲ
3262 1783 3704 1853 διασκεψαμένου
3760 1795 3821 1833 τε

570 1907 735 1962 esset,
760 1912 824 1951 ac
853 1897 997 1952 unde
1031 1896 1154 1950 talia
1179 1895 1403 1965 loquens
1442 1893 1696 1948 veniret?
1731 1891 2020 1959 Subiunxit
2048 1889 2138 1945 ille

2259 1896 2336 1947 ιαὶ
2387 1891 2652 1962 ἐρομένου
2706 1887 2792 1951 τίς
2841 1885 2951 1956 εἴη,
2984 1884 3080 1936 καὶ
3132 1880 3257 1934 ὅθεν
3317 1881 3343 1931 ὁ
3397 1879 3458 1931 τδ
3511 1874 3813 1944 πρόσρημα

569 1990 832 2044 Continuo
865 2007 878 2042 :
914 1988 1173 2056 Princeps
1233 1986 1439 2040 militia:
1488 1999 1605 2039 sum
1641 1999 1739 2054 ego
1779 1983 1990 2037 Domini
2025 1982 2141 2051 glo-

573 2086 669 2135 r;:e
695 2098 711 2135 :
745 2078 903 2135 venio
925 2091 1106 2135 autem
1137 2078 1564 2150 signiﬁcaturus,
1586 2091 1741 2146 quam
1772 2077 1825 2128 in
1858 2074 2011 2129 uelis
2045 2074 2145 2128 tibi

576 2186 674 2239 pro
709 2170 954 2227 toleratis
985 2174 1089 2227 huc
1134 2186 1305 2241 usque
1341 2168 1617 2223 laboribus
1647 2164 1954 2221 mercedem
1987 2180 2147 2218 cont-

576 2264 851 2330 paraveris
877 2281 891 2325 ;
919 2273 975 2318 et
1016 2263 1181 2318 simul
1229 2262 1488 2317 docturus
1532 2258 1660 2331 quid
1695 2257 1949 2325 deinceps
1979 2271 2149 2324 agen-

582 2358 711 2410 dum
742 2356 840 2411 tibi
870 2357 1135 2427 supersit.

655 2527 745 2586 32.
770 2530 927 2587 Scias
954 2531 1123 2601 igitur
1145 2531 1329 2597 velim,
1355 2528 1748 2585 exercitatione
1778 2540 1804 2579 ε
1821 2532 1964 2577 tncta
1990 2532 2152 2588 atque

582 2623 868 2678 tolerantia
904 2631 959 2677 te
1001 2623 1254 2676 omnibus
1303 2621 1396 2690 qui
1438 2620 1699 2675 hactenus
1743 2616 1955 2670 fuerunt
1995 2620 2153 2667 aute-

583 2717 804 2778 cezlere,
840 2726 1002 2782 atque
1034 2715 1169 2768 adeo
1195 2713 1394 2780 majora
1427 2711 1519 2765 tibi
1553 2709 1770 2780 praemia
1802 2707 1923 2776 iure
1959 2705 2155 2758 merito

590 2823 831 2863 uiua-re.
885 2804 1102 2874 Jelnnat
1144 2806 1359 2874 quidem
1414 2802 1592 2866 Elias,
1651 2802 1746 2856 sed
1792 2796 2153 2869 quadraginta

588 2907 798 2950 tantum
841 2897 1050 2951 dSerum
1098 2893 1408 2949 curriculo:
1450 2900 1505 2945 tu
1543 2906 1671 2946 vero
1700 2889 1988 2958 septimum
2043 2885 2154 2954 jam

586 3004 787 3044 annum
833 2989 922 3043 hic
953 3002 1121 3058 agens
1156 2986 1275 3040 sine
1306 2985 1442 3040 cibis
1488 2984 1737 3038 humanae
1768 2980 1888 3034 vita:
1920 2978 2157 3049 propriis

588 3092 822 3152 perstas.
856 3080 1040 3134 Daniel
1068 3093 1189 3133 cum
1235 3077 1365 3133 feris
1403 3073 1725 3130 mirabiliter
1756 3081 2007 3126 versatus
2034 3081 2156 3135 est;

590 3186 827 3230 attamen
859 3188 982 3226 rum
1016 3172 1294 3241 paucis,et
1324 3179 1562 3237 tempore
1597 3181 1699 3219 non
1733 3164 1893 3234 longo
1914 3182 1928 3217 :
1950 3174 2005 3218 tu
2033 3176 2161 3218 vero

592 3277 647 3320 et
669 3264 827 3335 longo
854 3273 1095 3332 tempore
1120 3271 1175 3316 et
1222 3276 1343 3315 cum
1376 3259 1561 3314 multis
1591 3255 1891 3312 cohabitas.
1928 3254 1985 3307 Si
2029 3253 2164 3308 tole-

597 3359 828 3413 rantiam
884 3371 1098 3426 quoque
1147 3353 1268 3409 Jobi
1315 3355 1543 3407 miretur
1593 3349 1898 3420 quispiam;
1957 3350 2163 3418 cogites

596 3466 718 3502 eum
761 3464 866 3503 non
917 3463 1013 3502 sua
1052 3456 1245 3515 sponte
1295 3445 1625 3500 sustinuisse
1660 3442 1924 3496 malorum
1982 3442 2165 3493 intur-

597 3557 716 3595 snm
753 3557 767 3594 :
804 3551 859 3593 tn
890 3554 1020 3594 vero
1045 3537 1313 3606 inlmSpita
1340 3535 1457 3590 loca
1504 3543 1650 3588 tanto
1686 3545 1926 3601 tempore
1975 3532 2163 3584 volun-

599 3632 738 3687 turie
757 3630 970 3694 incolis,
989 3630 1122 3682 varii
1154 3629 1365 3697 generis
1390 3626 1741 3696 pluribusque
1777 3624 2167 3677 tentationihus

596 3722 902 3792 exagitatus
929 3738 943 3788 ;
971 3730 1026 3776 ct
1053 3720 1285 3773 nondum
1317 3720 1555 3772 animum
1587 3715 1945 3785 despondisti.
1991 3715 2165 3770 Unum

603 3830 749 3870 tutnc
804 3812 1169 3876 desideratur,
1206 3819 1264 3863 ut
1317 3807 1566 3864 homines
1609 3805 2021 3861 conservatione
2077 3813 2167 3858 tua

602 3905 855 3960 meliores
888 3903 1100 3968 reddas,
1123 3915 1326 3969 eosque
1350 3915 1379 3954 a
1412 3900 1572 3958 rebus
1600 3897 1831 3952 terrenis
1861 3900 2169 3952 abstractus

602 3998 655 4051 iu
688 4011 968 4050 nntuerum
1003 3992 1297 4049 transferas
1329 3992 1636 4047 cmlestlum
1657 3991 1881 4054 civium,
1903 3970 2171 4058 aspiciens

603 4086 654 4136 in
682 4084 1010 4153 excutplnm,
1033 4082 1174 4151 quod
1205 4081 1459 4137 Christus
1476 4089 1642 4142 est;a
1670 4095 1779 4148 quo
1811 4087 1867 4132 et
1896 4094 1994 4146 ego
2028 4093 2170 4131 uene

603 4177 808 4231 missus
860 4175 1023 4229 celeri
1074 4173 1256 4229 volatu
1303 4174 1518 4227 adsum.
1575 4171 1673 4226 llic
1738 4181 1861 4237 post
1915 4169 2058 4246 illam
2118 4169 2171 4221 in

606 4280 790 4323 monte
845 4268 1154 4323 athleticam
1189 4281 1395 4319 moram
1450 4278 1729 4327 reversus,
1766 4262 2011 4315 homines
2064 4260 2175 4314 irc-

605 4370 834 4430 qnenter
853 4362 1129 4421 convenit,
1151 4373 1213 4412 ac
1242 4357 1389 4429 leges
1415 4358 1494 4411 eis
1525 4355 1854 4427 prascripsit
1882 4353 2174 4408 salutares.

608 4454 664 4508 Si
699 4468 828 4508 vero
857 4453 1021 4506 etiam
1051 4449 1345 4519 suspiceris
1367 4485 1382 4513 ,
1419 4451 1521 4501 huc
1551 4462 1635 4500 me
1666 4445 1949 4498 advenisse
1979 4460 2084 4499 non
2111 4461 2173 4499 ex

613 4547 832 4601 numine
863 4545 1045 4599 divino
1075 4558 1091 4595 :
1130 4541 1421 4595 manifesto
1473 4540 1567 4593 tibi
1614 4537 1980 4606 comprobabo
2014 4553 2174 4608 argn-

614 4648 819 4701 mento,
853 4652 882 4689 a
917 4637 1024 4690 Deo
1056 4633 1285 4689 missum
1312 4645 1456 4686 esse.
1497 4630 1665 4683 David
1698 4644 1953 4699 namque,
2016 4630 2179 4683 mira—

614 4732 798 4786 hilium
829 4729 1134 4783 divinorum
1165 4740 1362 4796 praeco,
1407 4724 1486 4778 sie
1521 4722 1684 4776 Deum
1734 4723 1914 4790 ipsum
1948 4721 2183 4791 alloqui-

610 4833 701 4876 tur
730 4842 743 4877 :
784 4841 803 4875 ι
838 4821 916 4876 Tu
943 4820 1156 4876 siccasti
1192 4817 1387 4872 ﬂuvios
1423 4816 1634 4870 Ethan’
1663 4832 1678 4879 ;
1716 4833 1734 4865 ι
1773 4814 1891 4868 illos
1933 4813 2184 4868 videlicet

611 4914 829 4980 ﬂuvios,
879 4913 971 4982 qui
1013 4912 1219 4980 jugitrr
1268 4917 1585 4970 manarunt,
1634 4921 1737 4961 non
1780 4906 1867 4976 qui
1923 4905 2178 4960 torrentis

615 5006 861 5060 adinstar
898 5011 1142 5056 recenter
1176 5006 1562 5069 proruperunt.
1602 4997 1667 5051 Et
1706 4995 1812 5050 alio
1841 4993 2178 5049 Psalutornm

619 5099 737 5153 loco
768 5115 782 5151 :
819 5116 838 5148 ι
880 5094 1063 5150 Posuit
1088 5094 1262 5148 fontes
1292 5106 1554 5162 aquarum
1588 5090 1639 5142 in
1660 5090 1956 5152 desertum,
1982 5096 2036 5139 et
2065 5086 2184 5139 exi-

618 5204 705 5244 tus
756 5203 1016 5257 aquarum
1067 5176 1147 5240 in"
1179 5185 1348 5248 sitim,
1400 5198 1429 5236 a
1483 5180 1689 5234 tnalitia
1744 5178 2100 5232 habitantium
2134 5176 2187 5230 iu

620 5281 700 5334 cis
720 5280 784 5332 “.
825 5297 842 5329 ι
874 5277 1210 5346 Quapropter
1240 5276 1293 5328 in
1324 5275 1538 5342 signum
1563 5314 1578 5337 ,
1613 5282 1661 5325 te
1699 5284 1911 5338 quoque
1943 5284 2046 5321 non
2077 5285 2191 5320 atu-

620 5374 764 5442 pilus
795 5371 900 5424 Deo
925 5369 1157 5440 propitio
1187 5366 1512 5422 commorari
1546 5365 1633 5419 hic
1670 5376 1833 5431 posse
1855 5402 1870 5427 ,
1905 5376 2023 5431 qua:
2050 5375 2190 5429 pra:-

2246 1985 2401 2050 δούς;
2461 1984 2668 2043 ἐκεῖνος
2739 1977 2904 2038 eoeo;
2960 1973 3289 2043 ὑποτυχών·
3348 1967 3816 2040 ’Δρχιστράτηγός

2246 2078 2386 2144 εἰμι,
2443 2073 2599 2143 φησὶ,
2650 2069 2856 2140 Κυρίου
2905 2067 3099 2137 δόξης’
3150 2064 3273 2135 ἥκω
3320 2061 3376 2116 δέ
3428 2076 3509 2114 σοι
3565 2059 3825 2131 δηλιῗισων

2248 2168 2346 2240 τὴν
2397 2169 2456 2220 ἐν
2506 2167 2621 2226 τοῖς
2684 2161 3034 2231 ἐπουρανίοις
3098 2155 3611 2226 τεθησαυρισμὲνην
3682 2152 3827 2222 ὑπὲρ

2248 2262 2358 2314 τῶν
2418 2261 2546 2329 ἄχρι
2619 2258 2862 2325 τήμερον
2925 2249 3323 2321 πεπονημένων
3385 2245 3656 2315 ἀμοιϐήν·
3711 2244 3827 2312 ἅμα

2249 2352 2308 2404 δέ
2375 2366 2457 2402 σοι
2523 2346 2613 2400 καὶ
2669 2341 2925 2406 διδάξων,
2988 2339 3099 2394 ὅτί
3165 2355 3296 2391 ποτε
3352 2335 3673 2390 τοὺντεῦθέν
3744 2352 3830 2387 σοι

2252 2440 2555 2512 πρακτέον.

2325 2531 2427 2602 λβ’.
2458 2530 2529 2585 Εὖ
2563 2531 2670 2584 ίσθι
2701 2526 3014 2597 τοιγαροῦν,
3047 2524 3279 2591 ἀσκήσει
3324 2538 3382 2574 τε
3419 2521 3516 2573 καὶ
3541 2517 3829 2587 καρτερίη,

2253 2627 2382 2689 τοὺς
2427 2625 2534 2694 προ
2582 2622 2676 2676 σοῦ
2729 2622 2941 2683 πάντας
2995 2613 3406 2687 ὑπερενεγκὼν,
3435 2613 3527 2666 καὶ
3570 2610 3834 2680 peritiae»:

2255 2715 2648 2787 προσηκόντως
2700 2711 3024 2780 τευξόμενος
3072 2706 3368 2779 βραϐείων.
3403 2701 3678 2775 Νηστεύει
3731 2701 3835 2769 μὲν

2256 2806 2367 2875 γὰρ
2408 2803 2619 2867 Ἠλίας,
2662 2801 2796 2854 ἀλλὰ
2845 2794 3258 2865 τεσσαρακοντά
3316 2810 3419 2848 που
3462 2790 3691 2862 ἡμερῶν
3736 2806 3837 2842 πε-

2260 2898 2436 2968 ρίοδον
2466 2913 2485 2932 ο
2524 2897 2589 2949 σὺ
2629 2895 2674 2947 δ’
2706 2891 2923 2946 ἐνταῦθ’
2957 2889 3189 2959 ξὸδομον
3235 2887 3354 2948 ἔτος
3391 2886 3590 2948 ἕλκων,
3621 2883 3839 2952 ἀνθρω-

2257 2990 2424 3057 πίνης
2481 2989 2749 3056 ἄγευστος
2798 2984 3064 3045 διατελεῖς
3120 2981 3350 3050 τροφῆς.
3412 2976 3613 3046 Δανιὴλ
3667 2976 3838 3044 θηρσὶ

2261 3080 2493 3151 συνῆλθε
2545 3079 2894 3143 θαυμασίως·
2934 3074 3048 3128 ἀλλ’
3089 3073 3292 3141 ὀλίγοις
3317 3072 3379 3140 δή
3414 3088 3547 3135 τισι,
3598 3071 3695 3121 καὶ
3752 3067 3838 3120 ἐπ’

2262 3173 2481 3241 ὀλίγον’
2518 3173 2582 3225 σὺ
2613 3171 2658 3222 δ’
2692 3170 2787 3222 ἐπὶ
2825 3168 2957 3221 πολύ
3001 3182 3081 3232 τε,
3119 3165 3215 3218 καὶ
3268 3164 3507 3225 πολλοῖς,
3541 3163 3603 3214 Ei
3642 3161 3697 3213 δὲ
3748 3160 3845 3212 καὶ

2261 3265 2357 3319 τοῦ
2393 3263 2514 3317 ’1ὼό
2540 3260 2811 3331 θαυμάζοι
2836 3278 2920 3324 τις
2944 3261 3044 3328 τὴν
3074 3255 3393 3327 καρτερίαν,
3430 3254 3546 3307 ἀλλ’
3576 3251 3841 3313 ἀκούσιος

2262 3352 2333 3426 ἦν
2371 3353 2644 3423 ἐπιφορά·
2680 3352 2745 3405 σὺ
2785 3350 2829 3403 δ’
2871 3347 3014 3402 ἑκὼν
3045 3348 3161 3410 τοῖς
3197 3346 3433 3408 ἀοίκοις.
3456 3343 3551 3398 ἐπὶ
3582 3343 3843 3395 τοσοῦτον

2266 3443 2669 3517 ἐπιχωριάζων,
2720 3440 3028 3495 πολυειδέσι
3090 3438 3186 3492 καὶ
3234 3435 3632 3504 ποικιλοτέροις
3683 3450 3846 3501 περι-

2267 3537 2484 3589 πίπτων
2533 3533 2893 3603 πειρασμοῖς,
2947 3530 3047 3581 οὑκ
3097 3527 3430 3597 ἀπείρηκας.
3478 3524 3573 3577 Ἐν
3611 3524 3714 3592 ἥδη
3762 3539 3848 3575 σοι

2266 3628 2546 3680 lein-arar
2583 3627 2692 3687 τοῖς
2748 3621 3060 3691 ἀνθρώποις
3120 3619 3543 3687 συγγενόμενον,
3596 3615 3843 3684 βελτίους

2268 3718 2465 3782 αὐτοὺς
2507 3714 2951 3786 ἀπεργάσασθαι,
2984 3712 3078 3764 καὶ
3115 3710 3215 3779 τῆς
3264 3707 3371 3778 γῆς
3420 3707 3844 3765 ἀνασπάσαντα,

2267 3813 2376 3866 τῶν
2418 3809 2664 3881 οὐρανῶν
2697 3806 2975 3869 ἀποδείξαι
3025 3804 3273 3867 πολίτας,
3315 3801 3456 3870 πρὸς
3486 3799 3845 3869 παράδειγμα

2273 3904 2559 3974 βλέποντα,
2590 3897 2719 3967 παρ’
2768 3891 2829 3951 οὗ
2870 3895 2964 3947 καὶ
2991 3894 3152 3956 αὐτος
3199 3893 3400 3962 ἀρτίως
3439 3890 3697 3959 τυγχάνω
3747 3906 3845 3939 κα-

2270 3992 2637 4061 ταπτάμενος,
2672 3986 2934 4057 Χριστὸν,
2957 3986 3015 4047 ὃς
3066 3984 3205 4055 μετά
3235 3982 3332 4052 τὴν
3377 3981 3466 4035 ἐπ’
3501 3980 3665 4048 ὅρους
3705 3980 3846 4032 ὲκεί-

2272 4099 2370 4151 νην
2431 4081 2727 4150 ἐναγώνιον
2787 4077 3114 4148 διατριὸὴν,
3163 4075 3459 4144 ἐπανήκων
3510 4073 3591 4142 τῷ
3649 4071 3848 4141 πλήθει

2273 4171 2382 4224 τῶν
2460 4168 2764 4238 ἀνθρώπων
2838 4167 3177 4233 συνεγένετο,
3245 4164 3448 4233 νόμους
3545 4161 3847 4233 σωτηρίους

2277 4262 2530 4325 ὲκτιθείς.
2565 4263 2627 4314 Et
2660 4261 2704 4314 δ’
2739 4259 3072 4320 ὑποπτεύεις
3129 4274 3231 4327 μου
3267 4255 3366 4326 τὴν
3416 4254 3751 4323 παρουσίαν,
3775 4253 3849 4315 ὡς

2277 4354 2426 4407 ἀθεεὶ
2478 4351 2874 4421 γεγενημένην,
2933 4347 3046 4416 ἐγώ
3113 4362 3197 4400 σοι
3255 4345 3562 4415 τεκμήριον
3620 4344 3850 4413 ἐναργὲς

2278 4443 2531 4507 ἐπιδείξω
2582 4443 2675 4495 τοῦ
2732 4440 3053 4511 πεμφθῆναι
3108 4438 3245 4508 πρὸς
3298 4435 3458 4490 Θεοῦ.
3517 4434 3688 4488 Δαϐὶδ
3754 4434 3855 4504 μὲν

2214 4575 2253 4627 Ι)
2281 4538 2387 4606 γὰρ
2437 4538 2465 4589 ὁ
2518 4536 2625 4588 τῶν
2658 4534 2823 4587 αὑτοῦ
2875 4533 3198 4603 θαυμασίων
3233 4528 3544 4601 ὑφηγητὴς,
3581 4529 3722 4598 πρὶς
3766 4528 3855 4580 τὶν

2280 4628 2412 4681 Θεὸν
2438 4628 2603 4681 αὐτόν
2641 4642 2800 4696 φησι,
2828 4644 2846 4677 ι
2873 4626 2946 4678 Σὺ
2971 4624 3243 4694 ὲξήρανας
3273 4622 3559 4690 ποταμοὺς
3592 4620 3800 4681 'HOav,
3831 4638 3850 4670 ι

2280 4720 2523 4791 δηλονότι
2575 4721 2703 4782 τοὺς
2756 4717 3038 4779 ἀεννάους.
3083 4718 3177 4770 καὶ
3233 4716 3308 4786 μὴ
3363 4712 3699 4784 προσφάτως
3742 4730 3856 4782 χει⁹

2286 4814 2497 4883 paper»
2554 4813 2757 4882 τρόπον
2806 4810 3254 4879 ἀναδεδομένους.
3326 4806 3587 4877 Ἀλλαχοῦ
3643 4806 3702 4858 δέ
3752 4822 3859 4858 πει.»

2284 4906 2392 4957 τῶν
2430 4905 2684 4974 ψαλμῶν,
2721 4923 2740 4955 ι
2779 4904 2973 4957 Ἐθετο
3016 4905 3202 4972 πηγὰς
3260 4901 3469 4955 ὑδάτων
3512 4900 3595 4962 εἰς
3627 4900 3859 4969 ἔρημον,

2286 4998 2380 5048 καὶ
2427 4995 2696 5059 διεξόδους
2745 4996 2954 5048 ὑδάτων
3013 4996 3095 5057 εἰς
3136 4992 3316 5062 δίψαν,
3349 4992 3456 5044 ἀπὸ
3500 4990 3699 5051 κακίας
3749 4988 3863 5040 τῶν

2291 5085 2689 5140 κατοικούντων
2718 5087 2777 5140 ἐν
2828 5087 3036 5147 αὐτοῖς.
3077 5103 3095 5136 ι
3137 5085 3244 5136 Καὶ
3276 5081 3334 5134 σὲ
3370 5080 3572 5140 τοίνυν,
3615 5077 3771 5146 παρὰ
3801 5077 3862 5128 τὸ

2287 5178 2537 5248 θεοφιλὲς
2580 5178 2770 5248 μηκέτ’
2824 5172 2969 5230 εἶναι
3018 5175 3296 5228 κατοικεῖν
3355 5169 3614 5233 ἐνταῦθα,
3648 5169 3709 5221 τὺ
3753 5183 3864 5219 πα-

2292 5272 2520 5342 ραρρέον
2558 5269 2739 5340 ὕδωρ,
2773 5267 2939 5321 αὑτοῦ
2981 5266 3049 5319 δι’
3101 5264 3235 5335 ἐμοῦ
3282 5261 3644 5322 κελεύσαντος
3671 5298 3686 5322 ,
3738 5259 3863 5310 ἀπ-

2286 5361 2644 5414 έλιπε.“ι“οὖτο
2698 5360 2745 5413 δ’
2796 5355 2868 5430 ἦν
2912 5358 2940 5410 ὁ
2979 5354 3236 5425 περιττὸς
3282 5354 3382 5415 τὰς
3431 5350 3693 5411 τοιαύτας
3732 5349 3864 5400 ἑπι-

619 5439 644 5521 t
680 5467 821 5519 rlluit
846 5439 1004 5533 aqua,
1038 5462 1157 5532 ipso
1179 5477 1276 5530 per
1304 5476 1387 5515 me
1410 5459 1635 5528 jnhcnle
1660 5495 1676 5519 ,
1710 5454 1924 5510 defecit.
1952 5452 2156 5508 Curave

2284 5454 2433 5514 νοίας
2475 5448 2956 5520 προαναχαιτίσας,
2988 5446 3161 5515 ἑτέρῳ
3188 5440 3412 5513 πονηρῷ
3454 5439 3755 5509 πνεύματι.

620 5572 706 5618 rat
738 5570 917 5616 autem
971 5558 1165 5615 fertilis
1214 5558 1305 5613 ille
1355 5555 1541 5611 talium
1572 5560 2000 5608 commentorum
2030 5587 2044 5615 ,
2074 5563 2174 5619 per
2201 5548 2365 5603 alium
2398 5562 2626 5619 nequam
2672 5546 2963 5617 spiritum,
3006 5555 3200 5612 aquam
3265 5538 3409 5593 illam
3492 5532 3645 5605 prius
3709 5540 3866 5585 retro

2748 5633 2761 5657 f

622 5674 633 5705 ι
651 5655 905 5723 gcudant.

688 5832 885 5889 3Paai.
915 5847 1108 5899 Lxxttt,
1151 5832 1235 5890 1.3.
1316 5830 1355 5857 ”’
1387 5827 1523 5884 Psai.
1563 5842 1669 5895 ert,
1713 5829 1801 5884 55.
