4074 6322
248 366 396 432 10Ξῖ

1380 373 1558 435 VITA
1600 373 1657 435 S.
1702 364 1933 455 ΡΕΤΠἹ
1968 373 2395 436 ΛΤΠΟΝΙἸἏΕ.

3370 373 3390 437 1
3400 374 3504 437 6‘26

324 485 426 555 ).γ’.
457 484 531 538 Οὐ
576 485 684 556 μὴν
725 485 840 539 ἀλλ’
872 486 920 538 εἰ
968 484 1059 538 καὶ
1096 483 1194 552 τῆς
1245 485 1447 557 ἀρετῆς
1480 486 1627 540 ἄκων
1667 484 1821 537 ἔπαιε

1998 485 2089 541 35.
2123 483 2319 539 Verum
2354 487 2497 540 enim
2533 500 2659 539 vero
2712 487 2922 542 tametsi
2957 487 3223 544 malorum
3280 492 3471 547 artifex
3499 534 3512 557 ,

167 611 174 618 -
242 581 415 650 νέτης
448 573 518 649 ἦν
561 579 590 630 δ
629 578 728 647 τῆς
761 577 960 639 κακίας
999 575 1285 646 σοφιστὴς,
1323 576 1419 628 καὶ
1460 576 1702 639 πιθανῶς
1742 577 1827 628 ὅτι

247 674 497 738 μάλιστα
526 671 737 741 προῆγε
757 669 849 722 τὸν
881 668 1063 736 λόγον,
1097 668 1167 722 ἵν’
1194 667 1371 732 οὕτως
1400 669 1561 730 εἴπω.
1594 668 1732 721 πολὺ
1765 667 1828 721 τὸ

247 763 380 833 μέλι
418 762 499 831 τῷ
548 760 861 832 δηλητηρίῳ
905 761 1279 830 παραμιγνὺς,
1326 761 1419 813 καὶ
1465 763 1693 831 σημεῖον
1746 760 1829 823 εἰς

245 855 443 909 πίστιν
493 854 801 917 ἐπεδείκνυ,
850 853 952 923 τὴν
1006 851 1146 924 πρὸς
1200 852 1263 906 τὸ
1320 852 1395 924 μὴ
1456 853 1516 906 ὃν
1559 850 1826 906 δοκοῦσαν

246 947 571 1018 ἐκχωρῆσαι
630 948 838 1015 πηγήν.
910 944 1052 999 Ἀλλ’
1110 944 1258 1009 ὅστις
1324 941 1418 1015 ἦν,
1473 945 1681 1015 ἣκιστα
1736 944 1827 996 τὸν

248 1038 434 1107 μέγαν
462 1037 787 1102 ἑλάνθανενς
813 1035 1026 1092 Οὔκουν
1045 1052 1059 1067 ⁸
1092 1036 1213 1089 οὐδὲ
1241 1035 1446 1106 χαλκὸς
1479 1034 1829 1104 χρυσοειδοῦς

245 1129 647 1199 περιτακέντος
679 1128 897 1193 ἄνθους,
941 1125 1060 1182 εἶτα
1096 1131 1163 1198 τῇ
1202 1128 1379 1199 Λυδίᾳ
1411 1128 1827 1197 προσαγόμενος

243 1217 455 1286 λήσει·
487 1217 725 1288 βάσανον
771 1217 882 1288 γὰρ
914 1218 941 1270 ὁ
981 1216 1126 1279 θεῖος
1180 1217 1387 1284 Πέτρος
1434 1212 1581 1286 εἶχεν
1621 1215 1826 1284 ἀκριϐῆ

241 1309 311 1361 τὸ
355 1309 456 1377 τῆς
484 1309 663 1379 ψυχῆς
689 1307 867 1378 ὄμμα,
892 1312 959 1379 τῇ
997 1308 1133 1378 πρδς
1167 1306 1302 1360 Θεὸν
1337 1306 1521 1359 νεύσει
1547 1306 1827 1373 κεκαθαρ-

245 1402 443 1471 μένον.
487 1402 599 1455 Καὶ
656 1401 838 1454 τοίνυν
896 1401 1077 1460 συνεὶς
1124 1398 1183 1451 τὸ
1242 1399 1447 1470 δρᾶμα,
1508 1398 1827 1469 μετριότητι

244 1496 346 1547 τὶν
398 1494 710 1565 ἐπηρμένον
758 1494 966 1546 ἐκεῖνον
1012 1492 1207 1545 θᾶττον
1261 1493 1539 1562 καθαιρεῖ,
1583 1491 1679 1546 καὶ
1731 1510 1828 1561 μι-

246 1590 413 1655 κροῖς
473 1587 693 1657 μακρὰν
747 1587 1156 1653 ἁποδιοπομπεῐ
1213 1584 1304 1637 «by
1355 1583 1567 1653 φένακα
1612 1584 1825 1653 λόγοις·

258 1680 434 1747 ’Δνάξ
459 1681 517 1743 ὁς
542 1681 678 1748 εἰμι,
713 1678 909 1744 λέγων,
950 1677 1249 1747 ἀγγελικῆς
1279 1676 1406 1737 θέας
1443 1677 1617 1745 ἔγωγε
1644 1690 1658 1707 ⁶
1710 1677 1831 1740 πῶς

244 1770 296 1822 δ’
330 1769 432 1836 οῦς
475 1771 658 1838 φησὶν.
696 1768 754 1831 δς
787 1767 940 1835 παρὰ
978 1764 1138 1819 τοῦτο
1191 1765 1287 1818 καὶ
1342 1767 1469 1827 τοὺς
1509 1763 1831 1835 ἀνθρώπους

247 1860 463 1929 ἔφυγόν
493 1878 552 1913 τε
593 1859 685 1913 καὶ
704 1845 989 1927 Ξρεύξομαι
1022 1856 1110 1910 διὰ
1138 1856 1352 1920 τέλους,
1389 1855 1611 1922 ἀνάξιον
1653 1856 1829 1923 ἐμαυ-

245 1950 347 2003 τὸν
389 1951 554 2017 γνοὺς
581 1950 681 2016 τῆς
708 1948 828 2016 μετ’
858 1947 1039 2002 αὐτῶν
1082 1947 1391 2018 διατριϐῆς,
1417 1947 1492 2010 ὡς
1520 1946 1831 2000 εὐτελέστε-

245 2061 349 2115 ρον
372 2043 407 2115 ἢ
450 2043 571 2097 κατ’
595 2042 793 2106 αὑτοὶ-ς
821 2041 970 2108 ὄντα,
999 2041 1095 2095 καὶ
1121 2042 1184 2095 τδ
1206 2041 1299 2096 τοῦ
1322 2041 1609 2111 Προφήτου
1638 2041 1829 2108 φάναι,

244 2137 355 2190 οὒκ
387 2136 703 2207 ἄνθρωπον.

314 2315 422 2370 λδ’.
476 2316 536 2368 '0
579 2316 677 2386 μὲν
715 2313 828 2377 οὖν,
884 2311 1179 2366 ίδιαίτατόν
1212 2327 1265 2364 τι
1321 2310 1520 2380 κρῖμα,
1562 2305 1708 2361 κατὰ
1741 2304 1832 2357 τὸν

254 2403 620 2469 ’Δπόστολον,
650 2404 741 2455 τὸν
766 2401 937 2472 τύφον
966 2402 1128 2472 ἔχων,
1159 2401 1261 2471 τὴν
1306 2397 1698 2468 ιναντιοτάτην
1732 2394 1830 2449 τοῦ

242 2499 412 2567 ἁγίου
452 2499 780 2568 μετριότητα
811 2496 1080 2567 μηδαμῶς
1113 2495 1320 2566 φέρων,
1350 2493 1382 2562 ἥ
1413 2493 1613 2562 τάχους
1658 2489 1827 2559 εἶχεν,

239 2589 540 2661 ἠλλοιοῦτο
583 2591 676 2644 καὶ
708 2590 1107 2661 ἀπεδίδρασκε’
1152 2589 1286 2651 Θεὸς
1329 2587 1407 2651 δὲ,
1440 2587 1468 2639 ὀ
1495 2588 1609 2649 τοῖς
1639 2600 1834 2637 ταπει·

243 2687 361 2747 νοῗς
388 2684 569 2744 διδοὺς
604 2681 786 2753 χάριν,
820 2683 1116 2751 ιπιμέτρει
1157 2681 1234 2750 τῷ
1261 2681 1457 2751 Πέτρῳ
1489 2677 1687 2746 δαψιλῆ
1732 2675 1832 2746 τὴν

245 2774 444 2846 χάριν,
481 2774 582 2826 οὐκ
631 2775 688 2827 ὲν
725 2774 803 2842 τῷ
855 2772 1103 2843 μέλλοντι
1142 2772 1306 2841 μόνον
1345 2770 1517 2840 αὐτὴν
1550 2768 1700 2838 αὐτῷ
1735 2783 1832 2819 τα-

250 2868 609 2937 μιευόμενος,
645 2864 783 2918 ἀλλὰ
809 2866 908 2932 τῆς
938 2863 1314 2933 ἀποκειμένης
1341 2861 1608 2930 ἐχέγγυον
1643 2859 1833 2930 ὥσπερ

247 2958 561 3031 ἀρραϐῶνα
608 2956 891 3012 κάνταῦθα
934 2955 1286 3027 προδεικνύς·
1333 2952 1656 3008 τούντεῦθεν
1699 2952 1830 3023 γὰρ,

250 3051 671 3122 ἀνεπηρέαστος
721 3049 951 3114 δικαίως
1003 3051 1032 3103 ὁ
1088 3051 1261 3118 μέγας
1307 3045 1535 3101 διετέλει
1577 3046 1670 3100 τὸν
1718 3045 1833 3116 βίον

1933 577 2017 631 vel
2051 577 2253 631 invitus
2282 576 2445 631 fuerit
2478 577 2726 633 laudator
2760 578 2975 632 virtutis
2997 619 3011 640 ,
3044 588 3096 633 et
3141 595 3303 647 quam
3336 584 3506 652 aptis-

1931 670 2125 723 simam
2157 669 2222 721 ad
2252 669 2690 737 persuadendum
2714 669 3013 723 orationem
3041 670 3348 738 protulerit,
3369 673 3507 724 llllll-

1932 769 2043 814 tam
2075 761 2268 826 mellis,
2300 770 2359 814 ttt
2387 762 2456 814 ita
2487 760 2696 827 loquar,
2729 775 2934 815 veneno
2965 763 3198 817 misc-ns
3224 804 3239 826 ,
3283 764 3506 829 insuper

1930 863 1987 908 et
2017 855 2230 922 signum
2264 854 2329 908 ad
2364 854 2522 909 ﬁdem
2553 853 2854 907 faciendam
2885 854 3155 908 addiderit
3176 894 3190 916 ,
3219 852 3505 909 efﬁciendo

1931 955 1990 1000 ιιι
2040 947 2161 1001 fons
2213 947 2506 1001 evanuisse
2553 946 2625 1000 sit
2675 946 2859 1011 visus;
2892 961 2956 998 an
2993 945 3131 1012 ideo,
3163 947 3286 1016 quis
3335 957 3504 1006 esset,

1932 1055 2186 1110 magnum
2244 1040 2421 1092 virum
2477 1038 2683 1093 latuit?
2742 1037 2959 1091 Minime
3010 1053 3174 1101 vero;
3209 1054 3307 1092 nec
3359 1037 3502 1090 enim

1930 1133 2100 1187 latere
2147 1131 2347 1199 poterit
2380 1147 2494 1189 aes.
2546 1129 2876 1185 circumfuso
2925 1129 3042 1184 auri
3095 1129 3225 1184 ﬂore
3286 1129 3502 1193 illitum,

1930 1235 2285 1293 pnswaquaut
2308 1222 2480 1292 ιγιῑω
2508 1222 2671 1288 lapidi
2722 1220 3194 1281 admotumJuerit
3225 1239 3239 1275 :
3275 1221 3500 1292 Lydium

1932 1332 2165 1384 namque
2197 1315 2424 1381 lapidem
2451 1313 2958 1382 prmstantissimum
2996 1312 3231 1366 habebat
3284 1312 3502 1365 divinus

1931 1405 2125 1460 Petrus
2150 1404 2366 1457 oculum
2400 1403 2616 1458 mentis.
2676 1414 2820 1454 recta
2874 1402 2924 1453 in
2982 1401 3145 1455 Deum
3205 1402 3505 1455 intentione

1931 1503 2240 1564 purgatum.
2269 1492 2527 1546 Fabulam
2554 1493 2734 1559 itaqtte
2759 1492 3088 1559 intelligens,
3108 1493 3370 1546 modestia
3405 1508 3501 1544 sua

1930 1587 2221 1655 superbum
2256 1584 2407 1638 illum
2440 1584 2621 1639 subito
2651 1584 2969 1650 confundit,
3002 1585 3297 1653 paucisque
3328 1585 3508 1639 verbis

1933 1678 2286 1746 impostorem
2315 1676 2499 1745 procul
2554 1676 2811 1730 amandat
2853 1692 2868 1728 :
2902 1674 3156 1745 Indignus
3181 1716 3194 1733 .
3234 1676 3504 1742 inquiens,

1932 1785 2031 1832 ego
2064 1784 2185 1824 sum
2219 1769 2463 1839 angelica
2496 1769 2705 1822 visione
2731 1767 2844 1836 (qui
2875 1766 3018 1821 enim
3048 1767 3205 1819 aliter
3239 1768 3352 1821 ﬁeri
3379 1782 3508 1836 pos-

1930 1860 2190 1930 sit?)ego
2215 1859 2306 1929 qui
2356 1861 2522 1914 etiam
2571 1859 2851 1913 hominum
2906 1868 3256 1926 conspectum
3308 1858 3415 1928 fugi
3450 1868 3503 1912 et

1931 1953 2119 2016 fugere
2150 1966 2424 2021 nunquam
2461 1950 2698 2004 desinam
2741 1966 2755 2003 :
2796 1964 2919 2004 cmn
2976 1963 3065 2003 me
3095 1948 3377 2019 indignum
3411 1965 3506 2003 co-

1931 2057 2187 2111 gnoscant
2222 2040 2639 2095 conversatione
2668 2038 2911 2108 ipsorum
2937 2070 2953 2099 ,
2985 2045 3041 2088 ttt
3086 2046 3210 2102 pote
3259 2037 3505 2091 viliorem

1930 2135 2239 2189 conditione
2270 2134 2530 2193 humana,
2575 2140 2741 2199 atqtte
2775 2128 2857 2201 (ut
2882 2128 3066 2184 verbis
3105 2128 3389 2198 Propheta:
3425 2130 3509 2185 lo-

1931 2240 2067 2295 quar
2090 2221 2165 2293 “)
2199 2237 2303 2277 non
2354 2222 2653 2276 hoiniuem.

2002 2316 2092 2372 54.
2122 2316 2214 2370 llle
2244 2315 2410 2385 igitur
2432 2354 2448 2377 ,
2483 2315 2572 2379 qui
2616 2313 3051 2382 propriissimum
3086 2311 3303 2380 aliquod
3356 2311 3505 2381 judi—

1935 2409 2175 2472 cium,ut
2218 2406 2509 2476 Apostolus
2555 2405 2656 2467 ait,
2698 2404 3007 2474 superbiam
3050 2404 3254 2467 habet,
3289 2416 3510 2460 contra-

1938 2502 2071 2556 riam
2100 2500 2201 2556 sibi
2234 2500 2550 2555 modestiam
2599 2498 2702 2552 viri
2741 2498 2911 2552 sancti
2961 2498 3272 2552 nullatenus
3303 2497 3508 2563 ferens,

1934 2608 2095 2663 quam
2147 2589 2433 2646 celerrime
2484 2589 2681 2657 potuit,
2712 2589 2959 2657 deposita
3015 2589 3160 2642 larva
3208 2591 3386 2658 rugam
3416 2606 3510 2643 ca-

1934 2682 2180 2751 pessivit.
2214 2681 2357 2737 Deus
2410 2692 2590 2736 autem
2620 2721 2636 2745 ,
2677 2681 2767 2750 qui
2810 2681 3108 2736 humilibus
3135 2681 3224 2735 dat
3249 2682 3506 2750 gratiam.

1935 2777 2153 2829 uberem
2185 2772 2302 2843 ejus
2330 2788 2643 2828 mensuram
2678 2772 2839 2826 etiam
2887 2772 3047 2826 Petro
3090 2772 3351 2838 contulit,
3401 2788 3506 2826 nou

1936 2876 2148 2921 tantum
2177 2867 2227 2920 in
2258 2865 2442 2920 futuro
2494 2864 2694 2919 sa-cnlo
2726 2864 3019 2934 repositam
3043 2902 3060 2927 ,
3088 2863 3180 2918 sed
3214 2864 3323 2918 illic
3354 2878 3513 2933 τερη-

1932 2961 2050 3015 sita:
2081 2959 2431 3015 securitatem
2459 2997 2474 3020 ,
2511 2956 2657 3012 velut
2701 2956 3063 3011 arrltabonem
3094 2955 3144 3009 ei
3190 2956 3241 3010 in
3274 2955 3377 3010 hoc
3407 2970 3509 3010 sm-

1933 3053 2053 3107 culo
2089 3059 2375 3119 praestans.
2408 3048 2484 3103 Ex
2522 3048 2614 3103 illo
2645 3062 2875 3118 namque
2900 3057 3143 3118 tempore
3160 3047 3511 3102 contumeliis

246 3145 524 3202 ἅνύττων.
576 3143 665 3205 Ὠς
694 3143 804 3212 γὰρ
831 3144 890 3196 αἱ
921 3142 1035 3195 τῶν
1066 3140 1422 3211 ὑψηλοτάτων
1444 3137 1618 3208 ὀρέων
1660 3154 1829 3208 κορυ-

1932 3143 2213 3199 diabolicis
2243 3141 2383 3197 liber
2409 3183 2425 3208 ,
2458 3141 2602 3211 juste
2634 3139 2978 3212 perfecteque
3025 3141 3112 3194 vir
3149 3155 3374 3210 magnus
3434 3138 3515 3190 vi-

247 3238 354 3305 ιραὶ
388 3234 701 3304 πνεύμασιν
722 3232 888 3305 ἦττον
922 3233 1335 3305 περιπνέονται,
1364 3232 1431 3300 τῇ
1462 3229 1557 3283 τοῦ
1591 3227 1829 3300 οὐρανοῦ

248 3326 538 3396 περιφορᾷ
583 3327 1014 3394 συγκινουμένου
1075 3321 1173 3376 τοῦ
1241 3321 1375 3393 περὶ
1428 3320 1602 3384 αὐτὰς
1643 3320 1827 3391 ἀέρος,

251 3420 288 3488 ἢ
322 3417 488 3486 μέχρι
519 3415 613 3469 καὶ
657 3416 716 3477 ὲς
761 3413 932 3476 αὑτὰς
962 3412 1050 3467 διά
1094 3412 1203 3465 τῶν
1252 3410 1500 3481 συνεχῶν
1538 3410 1832 3465 καθικνου-

257 3507 426 3576 μένη,
461 3505 562 3571 τῆς
609 3503 856 3556 κάτωθεν
892 3502 1002 3555 τῶν
1034 3502 1251 3571 ἀνέμων
1297 3501 1474 3571 ὁρμῆς
1502 3516 1564 3552 τε
1604 3500 1702 3553 καὶ
1737 3515 1831 3568 γε·-

254 3597 464 3657 νέσεως
529 3592 965 3662 ὲκικρατεστέρα
1023 3592 1338 3644 δείκνυται·
1393 3590 1485 3645 τὸν
1546 3589 1713 3645 αὐτὸν
1763 3589 1828 3660 δὴ

250 3688 453 3741 τοῦτον
482 3686 704 3757 τρόπον.
734 3686 826 3738 καὶ
859 3684 952 3737 τοῦ
990 3684 1198 3754 Πέτρου
1242 3684 1336 3736 νῦν
1374 3685 1467 3737 ἐπὶ
1496 3683 1595 3754 τὴν
1624 3682 1830 3737 ἄοπτον

252 3775 452 3844 ὥσπερ
490 3772 727 3828 σκοπιάν
762 3772 943 3842 πάσης
975 3772 1199 3843 ἀρετῆς,
1230 3771 1474 3841 δηλονότι
1506 3773 1609 3842 τὴν
1640 3771 1832 3825 ταπεί-

251 3887 427 3923 νωσιν
479 3865 1011 3937 άναδεδραμηκότος,
1056 3864 1153 3918 καὶ
1196 3864 1290 3918 τοῦ
1345 3866 1624 3920 άνωτάτου
1668 3865 1832 3917 πνεύ-

253 3976 430 4029 ματος
466 3957 883 4029 ἐμπνεουμένου
905 3974 964 4010 τε
999 3958 1095 4013 καὶ
1132 3958 1568 4028 περιπνεομένου
1586 3958 1829 4028 χάρισιν,

248 4052 281 4118 ἡ
338 4048 455 4101 τῶν
505 4045 761 4117 πονηρῶν
831 4047 1166 4116 πνευμάτων
1235 4044 1453 4113 φάλαγξ
1508 4046 1658 4099 κάτω
1726 4062 1831 4096 που

246 4141 519 4209 παρεῖται
571 4136 979 4207 προτηκᾶντως,
1011 4140 1109 4191 καὶ
1169 4136 1531 4207 ἀπελήλαται,
1566 4135 1675 4189 τῶν
1707 4152 1834 4187 πτε-

243 4232 361 4302 ρῶν
393 4231 614 4293 αὐτοῖς,
641 4229 717 4292 ὡς
759 4229 987 4298 τήκεται
1017 4228 1206 4298 κηρὸς,
1232 4227 1338 4281 ὑπὸ
1367 4226 1461 4281 τοῦ
1489 4226 1633 4280 θείου
1653 4227 1835 4279 διαλυ-

240 4322 464 4377 θέντων
496 4320 692 4389 πυρὸς,
733 4318 923 4391 ὥσπερ
965 4320 1100 4390 φασὶ
1128 4322 1226 4374 καὶ
1251 4321 1373 4383 ταῖς
1404 4320 1493 4388 ὑφ’
1524 4317 1678 4389 ἡλίου
1711 4320 1835 4390 θερ-

248 4417 520 4488 μοτέρςιις
551 4413 903 4485 προσϐολαῖς,
923 4416 1021 4487 τὴν
1046 4414 1189 4468 κατὰ
1212 4413 1347 4476 ,τοὺς
1379 4413 1587 4484 μύθους
1613 4413 1830 4484 Ἰκάρου

253 4510 532 4581 μηχακήν.

320 4599 420 4655 λε’.
459 4598 625 4654 Ἀλλὰ
661 4597 769 4669 γάρ
801 4599 834 4670 ἡ
879 4596 973 4652 τοῦ
1005 4596 1151 4651 θείου
1203 4596 1525 4668 Πνεύματος
1554 4600 1830 4666 ὲπῖπνοια,

249 4693 351 4755 τὰς
397 4689 752 4760 κακούργους
804 4690 1147 4761 ἀπωσαμένη
1205 4689 1500 4758 δυνάμεις,
1553 4693 1648 4745 καὶ
1705 4692 1833 4757 τοὺς

252 4782 637 4852 άγαθουργοὺς
686 4782 1043 4851 ἁντεπιφέρει
1100 4783 1479 4853 λειτουργοὺς,
1528 4785 1623 4836 καὶ
1682 4783 1832 4855 ἄρτῳ

251 4877 470 4945 τρέφει,
502 4875 597 4927 τὸν
628 4873 723 4926 ἐπὶ
764 4873 869 4943 γῆς
896 4874 1069 4942 αὐτῆς
1104 4875 1203 4944 οὐχ
1239 4875 1387 4945 ἥττω
1431 4873 1540 4927 τῶν
1573 4874 1685 4929 ἄνω
1716 4874 1831 4928 λει-

252 4966 531 5036 τουργῶν,
581 4967 831 5027 τακταῖς
862 4963 1086 5035 ἡμερῶν
1146 4965 1419 5035 περιόδοις
1461 4966 1531 5020 δι’
1593 4967 1827 5034 ἀγγέλου

254 5056 632 5126 κομιζομένῳ.
674 5057 835 5127 Ἠλίᾳ
868 5055 971 5126 μὲν
1021 5057 1131 5127 γὰρ
1182 5056 1355 5126 κόραξ
1396 5057 1458 5110 rh
1507 5059 1829 5126 μισότεκνον

255 5146 592 5215 ὑπηρετεῖτο
627 5143 786 5209 ζῶον,
820 5143 1092 5213 σύμϐολόν
1122 5162 1256 5212 φασι
1297 5146 1389 5198 τοῦ
1424 5146 1562 5215 πρὸς
1602 5146 1665 5199 τὸ
1700 5147 1831 5216 ὁμό-

256 5238 424 5305 φυὶον
457 5235 814 5305 ἀσυμπαθοῦς
840 5252 854 5266 ο
898 5237 1090 5307 Πέτρῳ
1131 5238 1210 5302 δὲ,
1245 5238 1347 5307 τῆς
1395 5238 1517 5290 κατ’
1562 5238 1828 5305 ἀγγέλους

262 5327 559 5394 πολιτείας,
592 5329 620 5379 δ
651 5327 1007 5399 διακομιστὴς
1038 5328 1291 5397 ἄγγελος,
1330 5329 1561 5397 ἄγγελος
1606 5330 1784 5399 σαφής
1810 5345 1825 5361 ·

257 5417 318 5478 ὓς
350 5418 446 5470 καὶ
475 5418 534 5470 τὸ
566 5419 741 5488 μάννα
765 5419 842 5488 τῷ
871 5420 1105 5490 γενναίῳ
1135 5419 1524 5487 ἐπιδείκνυσιν,
1556 5421 1829 5489 αὐτοφυὲς

257 5504 393 5572 ὀμοῦ
419 5522 476 5559 τε
506 5506 604 5561 καὶ
630 5508 907 5572 πολυειδὲς
932 5508 1087 5579 ὄψον,
1125 5510 1221 5563 ἅτε
1252 5512 1319 5580 τῇ
1348 5508 1442 5563 τοῦ
1473 5509 1826 5579 μεταλαμϐά-

259 5610 438 5658 νοντος
472 5597 675 5670 ὀρέξει,
704 5600 802 5672 τὴν
851 5600 1087 5672 γευστήν
1122 5601 1386 5674 ποιότητα
1434 5601 1822 5674 συμμετεϐάλ-

339 5771 378 5803 “
412 5771 532 5831 Ps‘l
580 5794 688 5844 ut,
722 5780 772 5836 7.

1933 3246 2041 3290 tam
2077 3217 2780 3304 peregit.Quemadmodum
2815 3232 2959 3286 enim
2993 3246 3328 3287 summorum
3354 3245 3512 3284 men-

1930 3329 2060 3384 tittm
2096 3326 2376 3381 cacumina
2426 3325 2606 3379 ventis
2654 3324 2834 3378 minus
2869 3322 3107 3378 obnoxia
3163 3331 3315 3387 sunt,
3364 3322 3508 3391 quod

1930 3434 2024 3473 aer
2048 3416 2154 3469 illis
2181 3413 2552 3469 circumfusus
2582 3426 2687 3466 una
2716 3426 2836 3467 cum
2869 3411 2990 3466 εωιί
3022 3411 3255 3466 circuitu
3288 3428 3507 3466 morea-

1933 3520 2018 3563 tur
2074 3509 2381 3579 (circuitum
2433 3514 2614 3561 autem
2666 3503 2814 3558 illum
2844 3546 2859 3570 ,
2906 3518 3002 3572 per
3034 3504 3504 3559 continuationem

1931 3615 2107 3671 usque.
2146 3601 2211 3655 ad
2246 3600 2358 3667 ipsa
2389 3597 2674 3654 cacumina
2718 3596 3114 3667 pertingentem
3143 3637 3157 3662 ,
3188 3596 3502 3651 validiorem

1930 3707 2071 3754 esse,
2112 3705 2275 3759 quam
2332 3692 2590 3758 impetum
2644 3695 2925 3742 ventorum
2979 3685 3187 3742 inferne
3237 3696 3508 3754 ortornm,

1933 3782 2276 3837 manifestum
2317 3782 2459 3853 est);
2489 3780 2679 3836 eodem
2716 3779 2870 3849 plane
2905 3779 3067 3833 modo
3099 3819 3117 3842 ,
3149 3792 3273 3833 cum
3316 3776 3509 3847 Pen-us

1928 3875 2037 3943 iam
2063 3877 2117 3929 in
2148 3874 2478 3930 invisibilem
2511 3874 2757 3928 omnium
2787 3873 3072 3929 virtutum,
3099 3878 3157 3923 ttt
3189 3871 3261 3923 ita
3298 3869 3506 3936 loquar,

1934 3968 2232 4032 speculam,
2303 3964 2557 4018 videlicet
2624 3962 3011 4024 humilitatem,
3069 3963 3375 4025 evasisset,
3443 3976 3508 4013 ac

1934 4058 2172 4114 caelestis
2203 4056 2429 4123 spiritus
2460 4054 2632 4124 gratia
2682 4053 2899 4106 afﬂatus
2932 4052 3300 4121 pet‘llatusque
3325 4063 3503 4115 esset;

1935 4162 2169 4217 nequam
2231 4145 2523 4214 spirituum
2594 4143 2790 4197 cohor<
2843 4142 3036 4197 merito
3091 4143 3144 4195 itt
3195 4143 3505 4197 interiorem

1935 4241 2223 4310 quemdam
2270 4239 2448 4292 locum
2487 4237 2707 4290 dimissa
2730 4234 3030 4305 abactaque
3060 4245 3164 4299 ρει,
3194 4235 3294 4288 alis
3311 4250 3501 4289 eorum

1935 4333 2215 4390 dissolutis
2235 4331 2302 4383 ab
2326 4331 2449 4397 igne
2468 4329 2673 4391 divino,
2693 4342 2797 4381 non
2817 4342 2975 4383 secus
2992 4344 3055 4382 ac
3074 4344 3195 4382 cera
3217 4328 3505 4397 liquescit;

1936 4432 2009 4486 et,
2044 4432 2097 4474 nt
2132 4419 2327 4473 tabula:
2357 4417 2620 4479 referunt,
2657 4416 2933 4470 dissoluta!
2959 4415 3175 4470 fuerunt
3206 4416 3339 4471 Icari
3373 4431 3508 4486 pca-

1940 4529 2019 4567 nzr
2053 4510 2458 4566 ardentiorib'us
2486 4508 2616 4562 solis
2649 4507 2833 4561 radiis.

2000 4607 2089 4661 '55.
2132 4605 2334 4670 Nempe
2382 4601 2551 4655 divini
2609 4601 2835 4671 spiritus
2866 4600 3039 4668 favos,
3081 4600 3365 4670 spiritibus
3392 4615 3505 4654 ma-

1928 4699 2103 4752 larum
2135 4693 2602 4753 machinatoribus
2640 4693 2872 4762 repulsis
2902 4733 2916 4757 ,
2951 4706 3137 4747 eorum
3176 4691 3296 4745 luco
3329 4691 3495 4745 bene.

1932 4790 2061 4844 ficos
2091 4786 2344 4843 submisit
2372 4826 2391 4853 ,_
2421 4783 2701 4839 ministros
2727 4800 2742 4850 ;
2772 4798 2836 4838 ae
2855 4783 3055 4848 virum,
3089 4782 3252 4837 etiam
3283 4782 3410 4835 dum
3443 4783 3497 4833 iu

1928 4878 2088 4933 terris
2113 4878 2430 4931 versabatur
2464 4875 2732 4929 ministris
2781 4873 3091 4928 cmlestibus
3134 4884 3239 4924 non
3283 4868 3501 4925 inferio-

1930 4984 2039 5021 rem
2076 4968 2243 5021 certis
2288 4966 2495 5020 tlierum
2550 4963 2853 5019 intervallis
2891 4960 3197 5025 euutrivit,
3245 4974 3383 5029 pane
3435 4960 3504 5010 ab

1925 5059 2112 5127 angelo
2163 5058 2363 5113 delato.
2417 5056 2544 5109 Elite
2605 5056 2822 5124 quidem
2886 5051 3215 5106 ministravit
3277 5066 3499 5115 corvus,

1925 5167 2044 5222 qua:
2079 5149 2314 5203 volucris
2360 5148 2537 5216 pullos
2583 5162 2715 5202 suos
2762 5145 2888 5199 odio
2941 5144 3324 5214 prosequitur,
3357 5144 3498 5213 quod

1926 5237 2227 5310 symbolum
2263 5249 2503 5299 notasse,
2536 5236 2711 5303 aiunt,
2762 5235 3246 5290 immisericordem
3287 5234 3407 5303 ejus
3442 5233 3493 5285 in

1929 5330 2263 5384 contribules
2323 5332 2561 5385 animum
2601 5346 2616 5382 :
2654 5325 2816 5381 Petro
2870 5341 3021 5389 vero,
3075 5324 3332 5393 angelica:
3368 5338 3498 5377 con-

1931 5421 2253 5475 versationis
2287 5421 2424 5485 viro,
2460 5417 2711 5473 minister
2752 5417 2975 5484 angelus
3001 5455 3017 5480 ,
3055 5415 3344 5484 etquidem
3379 5427 3496 5464 tua-

1929 5514 2120 5568 nil'este
2154 5513 2397 5583 angelus,
2428 5511 2601 5575 adest,
2631 5508 2719 5580 qui
2745 5509 2820 5563 illi
2851 5511 3015 5563 etiam
3039 5521 3234 5562 manna
3252 5504 3493 5568 exhibet,

1926 5615 2117 5675 sponte
2171 5614 2358 5658 natum
2415 5611 2471 5656 et
2521 5600 2654 5656 varii
2686 5602 2899 5671 saporis
2941 5597 3247 5667 Opsonium,
3308 5601 3495 5661 utpote
