4074 6322
198 369 216 431 l
245 366 333 427 "9.1)

1312 361 1482 421 YlTA
1519 360 1574 419 S.
1607 360 1829 419 l‘ETltl
1873 359 2306 420 ΑΤΗΟΝΙΤιΕ.

3299 344 3435 421 mo

193 481 542 551 ἀνάγραπτον
574 477 966 548 ποιησαμένου,
1010 475 1172 546 μέχρι
1199 476 1292 530 καὶ
1325 477 1462 544 πρὶς
1507 476 1655 546 ἡμᾶς
1700 473 1761 527 εὖ

1867 471 2066 527 litteris
2116 487 2331 543 quoque
2363 473 2635 540 mandata,
2671 488 2776 529 non
2809 473 2930 531 sine
2980 474 3142 530 multa
3206 478 3321 531 utili
3348 491 3438 534 ate

195 574 380 627 ποιοῦν
426 573 527 642 ἤδη
558 572 783 640 φθάνειο
827 572 894 640 τῇ
942 585 1000 621 τε
1055 569 1246 640 μνήμῃ
1290 566 1503 631 νεάζον,
1534 566 1762 635 καὶτῆς

192 665 455 736 όνησίμου
487 665 773 733 δυνάμεως
800 661 898 731 οὐχ
924 660 1230 731 ὑφειμένως
1274 661 1434 730 ἔχων,
1464 659 1600 712 πᾶσι
1631 676 1765 712 παν·-

193 760 283 821 ab;
359 756 563 824 ἀγαθοῦ
634 754 982 822 παράδειγμα
1035 751 1432 823 προκείμενον,
1487 750 1583 804 καὶ
1643 750 1761 819 βίου

193 849 520 920 τοπαράπαν
569 844 844 907 ἀπλανοῦς
891 846 1202 916 ἀρχέτυπος
1238 841 1424 910 εἰκὼν,
1457 842 1551 896 καὶ
1580 842 1765 910 πάσης

193 942 394 1010 ἀρετῆς
426 938 557 1003 ίδέα,
592 938 774 1006 πάσης
802 938 1000 1000 κακίας
1036 937 1261 1006 ἀμιγὴς.

260 1027 361 1097 λη’.
400 1027 539 1080 Ἀλλ’
568 1029 595 1080 ὁ
637 1026 737 1096 μὲν
767 1027 925 1093 λόγος
975 1026 1257 1093 ἐπείγεται
1306 1027 1443 1094 πρὸς
1487 1024 1550 1077 τὸ
1573 1022 1758 1085 τέλος’

187 1120 298 1186 ἐγὼ
328 1120 369 1172 δ’
401 1119 733 1186 αἰσθάνομαι
778 1118 950 1171 πολλά
997 1118 1066 1170 τὰ
1107 1117 1214 1170 τῶν
1265 1117 1582 1183 ἀναγκαίων
1611 1114 1762 1184 εἰρῆ-

189 1210 314 1262 σθαι
343 1206 690 1278 παραλιπὼν,
721 1200 797 1260 ὧν
837 1205 991 1273 ὀλίγα
1022 1206 1301 1274 προσθεὶς,
1338 1205 1429 1257 καὶ
1454 1204 1627 1258 ταῦτα
1652 1205 1761 1258 τῶν

191 1298 330 1366 μετά
392 1300 488 1368 τὴν
544 1299 682 1367 πρὸς
732 1296 869 1349 Θεὸν
926 1294 1199 1365 ἐκδημίαν
1261 1294 1637 1364 ὑπηργμένων
1682 1292 1760 1363 τῷ

188 1390 502 1460 θαυμασίῳ,
551 1391 826 1460 προσῆκον
874 1390 1087 1458 ποιήσω
1133 1388 1211 1456 τῷ
1263 1388 1406 1456 λόγῳ
1449 1386 1622 1449 τέλος.
1656 1387 1762 1441 Μι-

189 1483 323 1551 κρὸν
354 1481 447 1535 οὖν
478 1477 638 1543 αὖθις
687 1480 1046 1547 ἀναληπτέον.
1071 1478 1412 1548 Τεθεαμένος
1464 1480 1572 1549 γὰρ
1598 1482 1626 1532 ό
1653 1496 1756 1532 κυ-

190 1573 426 1642 νηγέτης
476 1576 681 1635 ἐκεῖνος
727 1572 821 1624 τὸν
863 1571 960 1624 τοῦ
1007 1570 1144 1624 Θεοῦ
1191 1570 1502 1640 ἄνθρωπον,
1543 1572 1637 1624 καὶ
1681 1573 1761 1633 εἰς

182 1664 377 1731 λόγους
412 1664 601 1729 ἐλθὼν,
631 1665 726 1717 καὶ
754 1665 918 1731 γνοὺς
947 1663 1076 1715 αὐτὸ
1107 1662 1256 1715 τοῦθ’
1285 1663 1361 1727 ὡς
1387 1660 1601 1732 ἀληθῶς
1631 1661 1760 1714 ὄντα

183 1754 322 1806 Θεοῦ
375 1755 685 1824 ἄνθρωπον,
721 1754 922 1825 μᾶλλον
971 1752 1017 1805 δ’
1064 1753 1205 1823 ὑπὲρ
1259 1755 1408 1822 ἡμᾶς
1440 1754 1627 1822 φάναι,
1665 1753 1759 1804 καὶ

1866 565 1931 618 ad
1962 579 2060 619 nos
2101 580 2273 632 usque
2300 567 2546 633 pervenit
2573 585 2586 632 ;
2617 582 2678 620 ac
2708 566 2966 622 memoria
3010 568 3092 622 sui
3140 582 3395 624 renovata
3418 609 3436 636 ,

1865 672 1972 711 non
2005 672 2194 726 parum
2229 658 2447 713 virtutis
2483 658 2739 729 prolicua:
2764 660 3049 714 continens
3079 700 3093 723 ,
3127 661 3435 730 exemplum

1864 749 2043 804 omnis
2073 750 2197 803 boni
2253 752 2465 805 cunctis
2510 752 2864 821 proponitur.
2902 751 3218 820 principalis
3259 755 3436 823 imago

1867 844 1990 897 vita:
2023 845 2384 913 undeqnaqne
2414 845 2743 908 innovenlis,
2772 845 2947 898 fortna
2971 843 3298 899 omnimodae
3329 845 3439 898 vir-

1869 937 2021 997 tutis,
2055 934 2384 990 omnimodze
2429 935 2566 990 labis
2598 950 2818 1004 expers.

1936 1026 2026 1083 58.
2062 1026 2166 1080 Sed
2211 1025 2386 1080 oratio
2433 1038 2612 1080 nostra
2671 1027 2830 1081 linem
2883 1038 3089 1095 spectat
3128 1043 3142 1081 :
3189 1025 3439 1094 quamvis

1862 1116 2165 1170 existimem
2203 1119 2368 1170 multa
2395 1159 2409 1180 ,
2445 1134 2565 1184 qua:
2606 1118 2714 1170 dici
2746 1118 3029 1178 deberent,
3076 1118 3438 1187 pl'il‘lvl‘tltlssa

1862 1221 2018 1274 esse;
2050 1223 2279 1277 quorum
2313 1225 2506 1279 pauca,
2540 1225 2660 1279 quae
2686 1222 2806 1278 pOSl
2834 1211 3097 1266 mirabilis
3124 1211 3226 1264 viri
3257 1212 3320 1264 ad
3351 1227 3441 1265 sn-

1862 1315 2022 1370 peros
2058 1304 2348 1356 transitum
2376 1303 2743 1371 contigerunt,
2775 1319 2917 1356 nunc
2954 1304 3218 1366 referens,
3248 1313 3433 1372 aptum

1862 1394 2090 1445 orationi
2126 1395 2285 1447 linem
2344 1394 2639 1463 imponant.
2677 1395 3036 1462 Quamobrem
3088 1395 3248 1463 paulo
3276 1397 3439 1451 altius

1866 1484 2148 1550 repetenda
2192 1485 2320 1538 mihi
2374 1488 2549 1540 oratio
2588 1498 2697 1541 cst.
2733 1486 3029 1556 Postquam
3068 1499 3292 1541 venator
3345 1487 3438 1542 ille

1863 1573 2123 1626 famulum
2153 1575 2245 1628 Del
2283 1575 2512 1641 viderat,
2547 1577 2817 1631 allocutus
2852 1576 3052 1637 fuerat,
3091 1591 3155 1631 ac
3185 1592 3309 1631 vere
3343 1592 3437 1631 co-

1862 1675 2143 1732 gum‘el‘al,
2179 1666 2451 1720 hominem
2485 1678 2732 1720 sanetum
2765 1682 2883 1722 esse
2911 1683 2925 1728 ;
2968 1676 3061 1721 aut
3090 1666 3269 1735 potius
3314 1681 3436 1720 ma-

1858 1754 2031 1822 jorem
2064 1757 2394 1816 hominibus.
2456 1758 2704 1826 angelmn
2742 1772 2930 1812 revera
2978 1758 3093 1822 Dei,
3156 1758 3437 1813 caelestem

181 1846 419 1914 ἄγγελον
466 1821 733 1917 ιίιτεχνῶς⁷
762 1845 921 1912 Θεοῦ,
950 1846 1045 1898 καὶ
1101 1821 1312 1915 μύστην
1366 1821 1477 1898 τῶν
1527 1845 1640 1899 ἄνω
1669 1842 1761 1895 καὶ

1863 1847 2301 1913 sacerdotem,ac
2319 1847 2548 1905 Deitatis
2580 1850 3064 1918 contemplatorem
3094 1849 3301 1914 videri;
3330 1864 3438 1904 non

183 1937 395 2008 θεωρόν
419 1955 432 1970 ⁸
458 1939 518 1991 οὐ
549 1938 777 2002 δεκάτας
806 1940 916 1993 ἀπὸ
943 1937 1053 1991 τῶν
1087 1939 1318 1992 ἐνόντων
1360 1936 1556 2001 ἐδίδου,
1584 1936 1760 1990 καθά·
1800 1966 1807 1971 -

185 2046 294 2100 περ
347 2029 598 2101 Ἀϐραὰμ
635 2031 802 2084 πάλαι
848 2029 927 2101 τῷ
964 2032 1301 2101 Μελχισεδὲκ
1349 2029 1621 2101 ἐντυχών·
1651 2028 1761 2083 οὐδ’

182 2123 297 2176 ἀπὸ
327 2122 439 2175 τῶν
492 2122 634 2176 οἴκοι
667 2122 1191 2193 τεθησαυρισμένων
1241 2122 1556 2193 ὑπισχνεῖτο
1598 2120 1763 2190 κομί‹

181 2232 317 2281 σειν,
349 2215 383 2286 ἢ
414 2215 477 2268 τὸ
520 2215 691 2287 ἥμισυ
737 2215 846 2268 τῶν
896 2216 1250 2285 ὑπαρχόντων
1283 2214 1518 2283 πτωχοῖς
1562 2212 1764 2266 διδόναι

178 2308 324 2361 κατὰ
385 2309 686 2378 Ζακχαῖον·
743 2307 862 2360 ἀλλ’
912 2307 1035 2359 ὅλον
1091 2308 1286 2360 ἐαυτὸν
1336 2306 1480 2377 Θεῷ,
1537 2305 1632 2358 καὶ
1683 2303 1763 2374 τῷ

178 2399 323 2452 κατά
354 2399 491 2451 Θεὸν
522 2399 679 2468 ἀνδρὶ
724 2399 987 2470 παρέξειν
1016 2401 1224 2471 ᾑρεῖτο,
1260 2399 1470 2468 ζημίαν
1524 2397 1758 2469 ἡγούμε-

180 2509 270 2554 νος
294 2490 395 2562 τὴν
428 2493 708 2556 ἐπάνοδον,
744 2494 839 2546 καὶ
871 2493 969 2562 τὴν
1000 2493 1094 2547 ἀπ’
1144 2491 1310 2545 αὐτοῦ
1357 2485 1632 2555 διάζευξιν
1660 2493 1761 2545 οῦκ

178 2583 275 2635 ἐπὶ
327 2584 459 2639 νοῦν
506 2583 670 2654 ἔχων.
732 2584 1038 2651 Ἐντεῦθεν,
1083 2583 1288 2654 ταύτην
1317 2584 1638 2653 ἐπαγγέλλω
1679 2601 1761 2636 σοι

177 2676 366 2745 χάριν,
399 2675 580 2743 ἔλεγε,
632 2675 888 2747 θειοτάτη
938 2693 1031 2746 μοι
1077 2676 1318 2747 κορυφὴ,
1350 2674 1761 2747 παραδέξασθαι

180 2785 285 2838 μου
312 2766 417 2839 τὴν
451 2767 752 2833 συνοικίαν,
790 2767 858 2819 ἵν’
904 2766 1010 2820 ὑπὸ
1043 2767 1127 2820 σοὶ
1156 2766 1465 2837 διδασκάλῳ
1494 2768 1762 2837 ταττόμε-

179 2877 292 2924 νος,
321 2860 385 2912 τδ
408 2858 596 2912 λοιπὸν
625 2859 732 2912 ’καὶ
756 2858 918 2921 αὐτὸς
962 2858 1176 2921 ἀσαλῶς
1221 2857 1361 2913 κατά
1391 2858 1523 2911 Θεὸν
1555 2857 1760 2927 βιώσω,

179 2949 439 3019 δυνηθεὶς
473 2949 764 3018 διαδρᾶναι
795 2949 892 3012 τὰς
932 2948 1187 3012 ποικίλας
1214 2948 1323 3001 τῶν
1362 2947 1461 3018 τῆς
1494 2946 1762 3017 πονηρίας

182 3041 520 3112 πνευμάτων
569 3040 813 3110 ἐνέδρας,
843 3039 937 3092 καὶ
981 3037 1119 3105 πρὸς
1156 3038 1319 3092 αὐτὸν
1370 3035 1574 3106 φθάσαι
1604 3035 1758 3100 Θεὸν,

177 3131 280 3200 τὴν
308 3131 502 3202 κοινὴν
555 3130 665 3183 τῶν
703 3130 764 3184 εὖ
790 3130 1132 3200 βεϐιωκότων
1181 3127 1501 3182 ἀνάπαυλαν
1521 3143 1536 3157 ·
1578 3126 1637 3189 ὃς
1667 3126 1760 3180 καὶ

179 3225 561 3294 προσδραμεῖν
602 3223 988 3293 αὖτῷπάντας
1032 3222 1429 3287 διακελεύεται,
1460 3224 1557 3277 καὶ
1589 3239 1761 3294 προσ-

182 3320 371 3379 ιόντας
437 3316 724 3384 προσίεται
778 3315 1134 3385 φιλοφρόνως,
1200 3316 1295 3370 καὶ
1347 3316 1456 3369 τῶν
1503 3316 1766 3387 μειζόνων

180 3408 215 3479 ἢ
250 3405 374 3460 κατ’
423 3406 647 3469 ἐλπίδας
688 3402 850 3472 ἀξιοῖ.
883 3405 1046 3459 Γενοῦ
1103 3406 1284 3460 τοίνυν
1330 3409 1435 3461 κάν
1463 3408 1640 3478 τούτῳ
1676 3425 1764 3478 μι-

185 3499 370 3570 μητὴς
395 3498 490 3553 τοῦ
519 3499 816 3566 Δεσπότου,
850 3500 945 3553 καὶ
989 3499 1093 3571 τὴν
1158 3501 1297 3571 ἐμὴν
1350 3501 1616 3572 μηδαμῶς
1654 3501 1765 3554 ἀπ-

180 3588 431 3658 αξιώσης
480 3588 875 3644 εὐτέλειαν.οὐ
921 3589 1029 3659 γὰρ
1068 3588 1146 3645 ἔτ’
1198 3592 1467 3663 ἀνέχομαί
1521 3609 1613 3645 σου
1667 3593 1766 3664 τῆς

182 3682 316 3746 θέας
347 3680 709 3752 ἀποσχέσθαι,
738 3682 831 3735 τοῦ
878 3681 1015 3736 Θεοῦ
1058 3681 1311 3751 ἄνθρωπε
1340 3701 1356 3716 ο
1408 3684 1504 3739 σοῦ
1558 3686 1664 3756 γὰρ
1714 3686 1765 3738 εἰ

178 3775 501 3846 διασταίην,
553 3775 791 3830 ἀϐίωτον
841 3777 941 3828 οὐκ
987 3777 1294 3840 ἀπεικότως
1343 3777 1557 3831 ἑλκύσω
1613 3779 1762 3847 βίον⁸

179 3868 377 3937 ὥσπερ
410 3870 460 3919 εἰ
487 3867 767 3939 θησαυροῦ
799 3867 1052 3937 μετέχειν
1080 3866 1219 3933 ἐξὸν,
1246 3869 1340 3921 καὶ
1366 3867 1639 3939 θησαυροῦ
1668 3868 1766 3936 τῆς

177 3960 284 4030 γῆς
330 3961 559 4030 ἀπάσης
608 3961 962 4029 τιμιωτέρου,
1002 3955 1100 4012 εἶτ’
1142 3960 1308 4022 αὐτὸς
1354 3959 1496 4014 ἑκὼν
1528 3959 1766 4029 ἐμαυτὸν

177 4055 500 4124 ἀπήγαγον,
531 4058 802 4125 περήσας
831 4055 930 4122 τῆς
962 4054 1480 4123 καλῆςμετουσίας.
1768 4098 1783 4114 .

248 4144 351 4201 λθ’.
399 4144 570 4208 Ἀλλ’,
608 4146 764 4214 Οὐχὶ,
801 4147 968 4214 φησὶν
996 4148 1022 4198 ό
1055 4146 1152 4199 καὶ
1200 4145 1268 4198 τὰ
1315 4146 1510 4215 πόρῤω
1539 4142 1769 4213 προϐλε-

179 4255 299 4290 πων
346 4238 536 4290 οὑτοσὶ
567 4237 775 4305 Πέτρος
799 4252 813 4267 ·
867 4235 993 4307 μηδ’
1025 4237 1218 4303 οὕτως,
1253 4229 1297 4289 ὦ
1330 4229 1507 4299 οὗτος,
1563 4236 1767 4304 ἀρτίως

176 4324 417 4384 διανοοῦ.
447 4328 678 4397 Σοὶηγάρ
705 4329 769 4397 δὴ
809 4330 903 4381 καὶ
944 4327 1179 4396 σύζυγος
1211 4329 1351 4380 οἴκοι
1386 4331 1644 4398 κάθηται,
1674 4328 1766 4380 καὶ

1862 1937 2106 1994 decimas
2146 1956 2331 1996 eorum
2357 1957 2477 2011 qum
2513 1943 2849 2012 possidebat,
2885 1942 2963 1996 uti
2997 1943 3125 1997 olim
3155 1941 3434 1997 Abraham

1862 2029 2251 2087 Melchisedeco
2295 2047 2592 2089 occurrens
2619 2074 2635 2101 ,
2679 2035 2903 2103 largitus
2934 2045 3062 2101 est;
3097 2048 3274 2103 neque
3322 2035 3443 2089 the-

1863 2136 2055 2176 sauros
2107 2122 2251 2177 domi
2304 2125 2615 2193 reconditos
2670 2127 3007 2190 allaturum,
3038 2134 3131 2179 aut
3157 2124 3438 2180 dimidium

1864 2213 2127 2268 bonorum
2152 2229 2397 2281 suorum,
2417 2218 2662 2287 exemplo
2694 2217 2903 2272 Zaclnei
2928 2256 2944 2281 ,
2987 2217 3316 2287 pauperibus
3341 2219 3441 2271 da-

1865 2318 2045 2361 turum
2093 2322 2155 2362 se
2185 2308 2437 2377 promisit
2477 2326 2494 2376 ;
2523 2323 2706 2363 verum
2734 2322 2854 2364 sese
2880 2308 3292 2377 Deodit'inoque
3323 2308 3444 2362 viro

1865 2409 2039 2454 totum
2071 2400 2328 2456 addicere
2361 2401 2590 2468 statuit,
2628 2400 2860 2455 reditum
2906 2401 3175 2471 supplicio
3209 2402 3311 2457 sibi
3346 2405 3446 2454 du-

1862 2501 2085 2553 cens,et
2113 2489 2336 2544 omnino
2366 2491 2614 2560 cogitans
2660 2506 2932 2559 nunquam
2971 2507 3030 2546 se
3054 2494 3121 2546 ab
3153 2493 3246 2547 illo
3272 2493 3443 2546 divel-

1862 2581 2102 2635 lendum.
2132 2580 2249 2648 Qua
2282 2581 2351 2636 de
2383 2597 2547 2637 causa
2576 2583 2717 2638 bane
2741 2599 2773 2637 a
2818 2594 2869 2636 te
2912 2585 3141 2653 gratiam
3188 2594 3331 2654 peto,
3359 2584 3445 2639 in-

1861 2675 2103 2745 qniebat,
2132 2675 2213 2729 vir
2241 2675 2605 2737 sanctissime,
2632 2684 2690 2729 ut
2732 2677 2784 2728 in
2823 2678 3139 2731 societatem
3174 2689 3319 2731 tuam
3347 2694 3436 2732 me

1863 2767 2116 2835 recipias,
2146 2782 2254 2837 quo
2288 2778 2338 2822 te
2368 2769 2624 2838 magistro
2665 2770 2930 2840 reliquum
2967 2769 3090 2822 vita:
3130 2783 3289 2834 meae,
3337 2786 3442 2824 ett--

1862 2872 2044 2912 rarum
2083 2874 2300 2930 expers,
2338 2860 2447 2915 Deo
2472 2861 2778 2931 impendam
2809 2877 2825 2926 ;
2858 2861 3036 2916 varias
3077 2859 3433 2930 malignorum

1863 2949 2150 3016 spirituum
2175 2950 2400 3005 insidias
2423 2966 2677 3017 caveam;
2712 2960 2873 3021 atque
2892 2950 2956 3005 ad
2978 2950 3168 3017 Deum,
3190 2964 3439 3005 commu-

1865 3056 1985 3095 nem
2018 3044 2281 3105 omnium,
2317 3042 2406 3112 qui
2449 3043 2609 3098 beato
2652 3045 2755 3099 line
2784 3043 2951 3097 vitam
2977 3022 3322 3109 clauserunt,
3355 3060 3444 3098 re-

1788 3160 1832 3218 c
1868 3122 2048 3202 quiem
2100 3133 2412 3202 perveniam
2446 3151 2463 3199 ;
2522 3132 2720 3199 Deum,
2749 3133 2991 3202 inqttam,
3025 3133 3119 3204 qtti
3146 3148 3335 3188 Omnes
3372 3136 3442 3188 ad

1867 3241 1925 3280 se
1951 3225 2109 3297 jubet
2142 3227 2346 3288 venire,
2380 3226 2660 3282 venientes
2687 3226 2916 3295 benigne
2950 3225 3156 3294 excipit
3183 3264 3200 3290 ,
3230 3240 3290 3280 ac
3319 3241 3436 3277 ma-

1862 3317 2071 3386 joribus
2124 3332 2284 3388 quam
2345 3312 2696 3387 speraverant
2741 3318 2979 3387 praemiis
3042 3327 3442 3372 remuneratur.

1869 3408 1975 3463 Fac
2008 3410 2171 3479 igitur
2204 3410 2254 3464 in
2282 3409 2385 3464 hoc
2417 3424 2633 3479 quoque
2667 3408 2953 3463 Dominum
2982 3418 3129 3461 tuum
3167 3407 3396 3462 imiteris
3424 3423 3439 3472 ;

1867 3511 2029 3570 atque
2055 3500 2402 3572 exiguitatem
2426 3515 2627 3566 meam,
2659 3509 2863 3569 qumso,
2896 3516 2960 3553 ne
2988 3499 3238 3570 repudies
3267 3514 3282 3555 :
3312 3513 3446 3552 non-

1867 3593 1991 3647 dum
2023 3593 2167 3647 enim
2203 3592 2271 3645 ab
2299 3599 2519 3661 aspectu
2553 3602 2666 3654 tuo,
2701 3592 2783 3644 vir
2815 3590 2904 3645 Dei
2933 3629 2949 3656 ,
3008 3606 3230 3660 possum
3259 3590 3442 3645 avelli.

1867 3683 2020 3752 Quod
2054 3687 2097 3739 si
2134 3686 2291 3740 avelli
2317 3702 2403 3741 me
2430 3684 2649 3740 omnino
2679 3685 2833 3749 velis,
2871 3683 3235 3739 miserabilem
3263 3682 3442 3752 impo-

1868 3787 2097 3842 SIerum,
2134 3793 2232 3832 nec
2261 3779 2482 3848 injuria,
2513 3787 2785 3831 tracturus
2812 3793 2931 3832 sum
2956 3777 3119 3828 vitam
3151 3791 3166 3829 :
3209 3773 3373 3828 veluti
3396 3773 3440 3826 si

1872 3871 2188 3924 thesaurum
2249 3871 2299 3922 in
2337 3878 2603 3936 potestate
2643 3885 2759 3923 mea
2796 3868 3077 3931 haberem,
3114 3876 3167 3920 et
3218 3864 3440 3935 quidem

1869 3961 2129 4016 omnibus
2188 3961 2369 4013 mundi
2414 3960 2615 4013 divitiis
2661 3961 3118 4027 pramantimem,
3154 3958 3307 4027 rnjus
3343 3972 3444 4027 ego

1869 4052 2213 4121 pos~cssione
2249 4065 2331 4104 me
2372 4060 2555 4118 postea
2583 4064 2699 4102 mea
2728 4057 2923 4116 sponte
2952 4062 3228 4101 exuerent.

1941 4141 2163 4199 59.Non
2196 4141 2298 4206 sic,
2334 4141 2509 4209 inquit
2544 4141 2635 4210 qui
2661 4140 2838 4193 futura
2864 4139 3192 4207 prtevidehat
3225 4137 3442 4211 Petrus,

1870 4253 1972 4290 non
2004 4236 2083 4290 sic
2135 4234 2293 4287 modo
2325 4233 2522 4302 cogita,
2563 4233 2701 4301 bone
2738 4232 2839 4285 vir.
2870 4230 3031 4285 Sedet
3062 4246 3293 4299 namque
3348 4230 3445 4285 tibi

1870 4344 2003 4383 uxor
2031 4328 2195 4393 domi,
2221 4336 2274 4381 et
2306 4326 2597 4397 propinqui
2636 4338 2740 4380 tua!
2771 4340 2914 4378 cura:
2964 4324 3239 4377 commissi
3271 4333 3397 4377 sunt
3427 4339 3441 4378 :

179 4423 559 4492 προσήκοντες
606 4421 748 4474 κατά
790 4423 945 4489 γένος
993 4421 1455 4490 ἐπιτετράφαται,
1490 4422 1585 4474 καὶ
1635 4437 1765 4491 προ-

1879 4420 2087 4475 accedit
2110 4419 2252 4489 quod
2276 4433 2360 4473 res
2385 4417 2667 4472 familiaris
2702 4416 2794 4471 tibi
2830 4416 2971 4468 lauta
3016 4427 3285 4485 suppetat,
3324 4429 3445 4480 quae

181 4516 296 4567 σέτι
324 4517 623 4584 πρόσεστιν
647 4514 805 4566 οὐσία
833 4513 1027 4582 πολλὴ,
1048 4515 1259 4568 πολλῶν
1280 4515 1533 4584 πενήτων
1561 4512 1768 4582 ἐμπλῆ-

181 4623 274 4659 σαι
311 4605 594 4676 δυναμένη
628 4606 922 4675 γαστέρας.
958 4607 1095 4674 ’Δγε
1124 4607 1187 4676 δή
1222 4623 1336 4676 μοι,
1367 4605 1520 4674 φίλον
1556 4605 1766 4669 τέκνον,

181 4698 376 4769 βοηθὸς
403 4698 721 4752 ἐπανελθὼν
755 4699 918 4765 γενοῦ
945 4700 1087 4753 κατά
1117 4702 1216 4770 τῆς
1258 4698 1488 4761 ἐνδείας,
1521 4701 1632 4760 τοῖς
1664 4697 1768 4750 ὑπὸ

180 4792 388 4858 ταύτης
428 4789 669 4858 ἀφειδῶς
723 4790 1086 4859 πιεζομένοις,
1117 4792 1210 4844 καὶ
1257 4791 1334 4862 μὴ
1362 4791 1570 4861 ἀνήσῃς
1593 4791 1767 4858 ἐπαρ-

180 4885 298 4936 κεῖν
354 4883 567 4945 αῦτοῖς,
611 4883 739 4952 ἀχρι
776 4883 870 4935 καὶ
923 4883 1117 4937 σαυτὸν
1176 4884 1235 4936 ἐν
1267 4882 1358 4953 ῖσῃ
1408 4883 1768 4944 καταστάσεις

187 4975 377 5044 μοίρᾳ.
412 4974 550 5026 Τότε
589 4972 697 5041 γὰρ
731 4974 860 5034 ἴσως
899 4969 957 5026 εὖ
993 4975 1160 5028 ποιῶν
1200 4976 1290 5029 ἐπὶ
1320 4974 1410 5028 τὸν
1448 4974 1648 5044 αὐχένα
1678 4972 1769 5027 τὸν

184 5064 430 5136 Χριστοῦ
486 5062 648 5128 ζυγόν
701 5064 983 5136 ἀναθήσῃ·
1020 5083 1038 5115 ι
1083 5065 1313 5136 Πτωχοὶη
1341 5065 1470 5135 γὰρ,
1505 5065 1578 5128 ὡς
1608 5065 1769 5127 αὐτὸς

182 5154 379 5219 εἶπεν,
431 5153 913 5222 εὐαγγελίζονται·
952 5174 970 5207 ι
1014 5159 1256 5227 προσέχῃ
1314 5157 1370 5209 δὲ
1432 5157 1644 5224 σαυτῷ,
1674 5158 1770 5209 καί

181 5250 303 5310 ταῖς
329 5247 551 5316 γηῖναις
582 5246 753 5315 ὁπόση
781 5248 1007 5317 δύναμις
1035 5249 1249 5318 ἡδοναῖς
1274 5264 1330 5302 τε
1356 5248 1448 5301 καὶ
1477 5250 1768 5318 μερίμναις

188 5340 637 5405 ἀποταξάμενος,
673 5340 987 5409 παράμενον
1017 5344 1201 5412 τηρεῖν
1241 5343 1297 5394 ἐν
1337 5343 1403 5410 τῇ
1458 5342 1526 5410 σῇ
1573 5339 1770 5411 καρδία

186 5432 285 5500 τὴν
323 5429 422 5482 τοῦ
455 5429 592 5482 Θεοῦ
636 5431 878 5500 μνήμην,
916 5433 1015 5500 τὴν
1047 5432 1134 5485 ἐπ’
1164 5432 1390 5502 ὀνόματι
1436 5431 1624 5483 τούτου
1671 5449 1769 5500 με-

187 5525 372 5594 λέτην,
405 5526 518 5584 τοῖς
575 5525 632 5575 ἐν
693 5525 921 5594 κρυπτῷ
968 5525 1067 5594 τῆς
1120 5526 1297 5595 ψυχῆς
1345 5527 1590 5595 ταμείοις
1642 5524 1770 5578 ἀνάυ

188 5632 437 5685 γραπτον
492 5614 681 5687 ὥσπερ
731 5617 1051 5689 ἐνθέμενος*
1089 5618 1254 5683 θείοις
1303 5635 1361 5671 τε
1422 5619 1623 5688 βίϐλοις
1673 5619 1769 5671 καὶ

267 5795 313 5828 ¹²
338 5796 534 5850 Matth.
566 5812 639 5863 ιι,
672 5795 724 5850 5.

1872 4512 2164 4579 plurimum
2219 4525 2515 4580 egenorum
2577 4510 2840 4562 latrantes
2909 4509 3221 4562 atumat-bos
3274 4509 3446 4576 possit

1870 4604 2082 4660 sedare.
2113 4603 2226 4670 Age
2263 4602 2448 4671 igitur,
2479 4600 2676 4655 dilecte
2712 4599 2809 4664 liii,
2849 4609 3142 4663 revertere,
3178 4609 3231 4653 et
3266 4586 3445 4666 inopia

1868 4696 2104 4765 graviter
2150 4692 2524 4748 laborantibus
2562 4692 2866 4761 opilulare,
2907 4706 3018 4763 nec
3064 4692 3213 4760 prius
3252 4691 3443 4744 desino

1868 4787 1975 4841 illis
2006 4800 2232 4853 erogare
2261 4800 2377 4851 qua:
2415 4784 2604 4842 habes,
2636 4797 2797 4851 quant
2840 4783 2906 4835 ad
2941 4796 3128 4851 parem
3179 4781 3244 4835 iis
3286 4781 3444 4834 reda-

1870 4888 1988 4933 ctus
2019 4878 2187 4930 fueris
2218 4875 2608 4932 εοιιιίίιίοιιθιιι.
2639 4874 2788 4928 Tunc
2829 4875 2974 4927 enim
3022 4871 3257 4926 fortasse
3304 4873 3443 4927 bene

1867 4972 2118 5027 laciettdo
2145 4970 2440 5024 mereberis
2485 4981 2541 5022 ut
2573 4969 2776 5022 Christi
2808 4968 2935 5036 iugo
2968 4969 3166 5022 collum
3201 4968 3441 5021 subdas:

1874 5088 1893 5120 ι
1936 5069 2207 5136 Pauperes
2241 5066 2437 5135 quippe
2462 5105 2476 5129 ,
2514 5075 2569 5116 ut
2601 5065 2713 5131 ipse
2745 5067 2839 5120 ait.
2867 5061 3304 5126 evangelizantur
3340 5063 3467 5119 “.s-

1867 5163 2099 5217 Attende
2133 5176 2259 5214 vero
2294 5160 2388 5212 tibi
2436 5161 2547 5224 ipse
2577 5174 2592 5220 ;
2646 5155 3013 5223 voluptatibus
3039 5155 3294 5221 curisque
3327 5164 3438 5208 lcr-

1867 5253 2015 5307 renis
2050 5253 2297 5305 nuntium
2335 5264 2596 5319 quantum
2648 5249 2763 5301 lieri
2801 5254 2977 5312 potest
3025 5249 3277 5311 remitte;
3324 5259 3450 5313 pcr-

1854 5359 2083 5415 _petuam
2153 5346 2203 5399 itt
2294 5347 2478 5397 animo
2532 5355 2625 5396 tuo
2693 5357 2851 5397 serva
2907 5341 3226 5393 meritoriam
3309 5339 3443 5401 Dei,

1868 5439 2092 5508 ejusque
2125 5454 2319 5491 nomen
2355 5438 2405 5489 in
2438 5449 2648 5490 secreto
2673 5435 2853 5489 cordis
2884 5434 2959 5488 tui
2998 5432 3310 5486 meditando
3347 5443 3446 5482 ve-

1869 5530 1963 5583 luti
1999 5529 2303 5583 inscribens
2325 5567 2339 5589 ,
2370 5542 2554 5581 Sacras
2606 5528 2830 5595 paginas
2863 5535 3025 5596 atque
3053 5525 3264 5592 eloquia
3324 5524 3443 5577 sin-

1869 5620 2006 5692 gulis
2061 5621 2251 5675 diebus
2329 5621 2587 5688 horisque
2654 5620 2880 5692 singulis
2933 5620 3177 5673 studiose
3234 5614 3441 5669 lcetita.
