4146 6308
559 344 692 408 ιυδς

1816 344 2195 403 ῦίὶΕϐΟΠέῐ
2241 345 2565 404 PALAllle

3674 339 3730 400 ἶθ
3766 341 3798 403 5

558 476 743 524 tnuvu,
764 459 940 511 omnis
985 460 1292 515 inordinata
1343 459 1542 514 utentis
1572 458 1755 520 elatio,
1783 456 1960 509 omnis
1988 455 2138 506 audi-

2252 463 2532 531 παριόντα,
2597 463 2703 515 πᾶν
2759 463 2922 525 πάθος
2962 464 3137 533 ψυχῆς
3182 481 3238 515 τε
3287 466 3376 516 καὶ
3411 464 3655 533 σώματος
3692 464 3801 532 βδε-

560 561 666 608 lus.
718 551 863 603 visus
913 561 969 604 et
1025 566 1206 605 sermo
1259 553 1642 603 detrimentum
1688 549 1880 600 anima}
1932 546 2134 599 inferre

561 643 762 696 Valens.
817 641 930 695 Nisi
977 644 1098 710 quis
1148 643 1292 695 enim
1343 642 1454 696 haec
1512 639 1828 693 rescindere
1854 649 1902 690 et
1942 639 2137 690 anima:

560 734 808 786 surculos
853 747 1099 786 resecare
1145 733 1435 800 diligenter
1469 731 1764 793 curaverit,
1804 731 2036 783 fructum
2069 729 2136 782 ad

562 824 723 874 vitam
765 831 1024 875 mtet'naut
1059 837 1332 888 nunquam
1363 821 1618 888 proferet.

631 913 898 968 Possibile
937 923 1113 966 autem
1147 923 1261 974 est,
1299 913 1362 966 iis
1419 914 1582 966 etiam
1624 913 1716 980 qui
1779 911 1829 963 in
1888 911 2138 979 coniugio

564 1008 771 1067 vivunt,
800 1005 939 1056 hanc
967 1005 1250 1072 arquirere
1282 1003 1594 1072 puritatem,
1623 1001 1716 1055 sed
1753 1018 1872 1054 cum
1903 1003 2134 1053 maxima

559 1097 899 1149 ullliCttllale.
952 1095 1078 1148 ideo
1161 1095 1469 1162 quicunque
1529 1108 1559 1145 a
1615 1095 1902 1162 jnrentute
1972 1093 2136 1144 Deum

567 1187 852 1254 propitium
902 1187 1065 1252 nacti,
1093 1187 1289 1239 acriori
1334 1185 1530 1238 mentis
1559 1184 1717 1238 oculo
1766 1184 1908 1235 illaut
1961 1184 2135 1236 intuiti

567 1288 692 1330 sunt
725 1281 988 1339 vitam,et
1025 1278 1287 1330 bonornttt
1350 1277 1470 1345 ejus
1526 1276 1653 1330 lacti
1710 1287 1838 1329 sunt
1887 1275 2136 1341 studiosi,

569 1373 780 1441 nuptias
834 1372 1108 1440 sapienter
1159 1370 1396 1436 fugiunt,
1427 1371 1550 1439 quia
1606 1369 1660 1422 itt
1720 1369 2137 1434 resurrectione,

570 1475 626 1515 ιιι
657 1464 916 1516 Dominus
941 1465 1229 1530 ait,neque
1252 1462 1462 1514 nubunt
1483 1476 1658 1528 neque
1689 1461 1892 1513 dttettnt
1917 1474 2136 1521 uxores.

566 1555 660 1608 sed
709 1556 942 1622 :equaIt-s
989 1555 1194 1622 angelis
1247 1555 1339 1606 Dei
1403 1563 1533 1607 sunt
1572 1555 1636 1606 ".
1665 1551 1923 1619 Quisquis
1973 1550 2140 1621 igitur

569 1648 711 1700 sicut
765 1645 986 1712 angelus
1026 1644 1116 1698 Dei
1172 1645 1285 1696 vult
1321 1660 1463 1706 esse,
1503 1643 1614 1710 jam
1653 1659 1816 1708 nunc,
1848 1652 1905 1697 ut
1939 1645 2014 1698 illi
2047 1659 2136 1698 re-

570 1736 922 1791 surrectionis
955 1735 1072 1801 lilii,
1127 1736 1502 1789 commistione
1556 1750 1844 1804 corporum
1893 1736 2137 1803 superio-

574 1846 686 1881 I't'lll
735 1843 795 1883 se
848 1830 1039 1882 tnerito
1086 1828 1392 1882 constituit.
1444 1827 1789 1894 Caeteroquin
1843 1827 1909 1882 ab
1971 1841 2139 1882 uxore

573 1932 853 1988 peccatum
901 1934 1119 1972 causam
1173 1921 1629 1988 occasionemque
1668 1927 1722 1973 et
1747 1919 2009 1989 originem
2038 1920 2138 1974 ha-

575 2015 709 2066 unit.
737 2012 1164 2066 Dissuadendutn
1199 2011 1361 2080 igitur
1383 2010 1689 2079 conjugiqu
1721 2011 1787 2065 iis
1813 2012 1904 2080 qui
1935 2012 2138 2066 nttllaut

575 2118 816 2171 unquam
871 2104 1184 2156 adversario
1217 2118 1246 2155 a
1283 2103 1476 2170 seipsis
1517 2103 1649 2157 dare
1692 2119 1878 2157 ansam
1927 2105 2136 2159 volunt.

573 2195 729 2260 Quod
770 2195 814 2250 si
853 2196 955 2247 hoc
985 2208 1182 2261 corpus
1214 2193 1432 2247 ditlicile
1483 2195 1808 2262 reprimatur
1835 2206 1887 2250 et
1918 2196 1985 2250 ad
2033 2197 2142 2249 vir-

575 2297 742 2340 tutem
772 2298 1075 2345 revocetur,
1096 2285 1179 2337 vel
1215 2287 1392 2351 potius
1418 2293 1476 2338 ut
1501 2286 1764 2341 naturalis
1794 2288 2142 2342 adversarius

575 2382 730 2436 nobis
762 2381 962 2444 obstat,
1002 2380 1132 2446 quid
1184 2379 1488 2435 faciemus?
1521 2389 1575 2435 ct
1611 2381 1663 2434 itt
1699 2389 1960 2450 quantunt
2005 2381 2142 2436 dilli-

571 2475 821 2528 cultatem
847 2474 914 2527 ad
960 2474 1156 2526 bonum
1188 2473 1530 2541 augebimus,
1559 2471 1740 2525 multis
1772 2481 1826 2526 et
1859 2472 2023 2526 variis
2067 2472 2143 2524 al—

575 2566 721 2631 ligati
750 2564 1110 2633 corporibus?
1145 2566 1421 2633 quomodo
1462 2563 1764 2616 libertatem
1805 2562 2045 2626 habebit,
2075 2565 2140 2616 ad

571 2671 733 2725 quam
793 2656 1051 2710 festinare
1079 2654 1323 2722 jubetur,
1364 2655 1556 2708 mulier
1585 2664 1790 2708 natura:
1821 2654 2045 2708 nexibus
2074 2655 2140 2708 ad

571 2752 768 2811 virum,
807 2748 873 2801 ad
908 2747 1128 2811 liberos,
1164 2749 1228 2798 ad
1261 2747 1694 2813 consanguineos
1729 2761 1919 2800 omnes
1948 2747 2139 2799 devin-

569 2839 700 2896 cta?
752 2839 1026 2907 quomodo
1079 2853 1268 2891 secura
1339 2838 1565 2890 Domino
1605 2837 1886 2902 assidebit,
1922 2853 2040 2906 qua:
2075 2839 2142 2890 de

563 2942 681 2990 tam
739 2930 923 2984 tttttltis
975 2946 1160 2982 curant
1217 2929 1508 2998 suscepit?
1543 2929 1827 2995 Quomodo
1875 2930 1981 2984 erit
2027 2929 2144 2982 sine

556 3021 754 3086 ,tttt'ba,
786 3021 1126 3073 multitudine
1158 3021 1431 3087 implicata
1458 3021 1480 3072 ?

628 3110 933 3181 :Propterea
966 3127 1095 3166 vere
1135 3112 1306 3180 virgo,
1332 3121 1386 3166 et
1437 3111 1632 3165 similis
1675 3109 1897 3180 virgini,
1929 3117 1984 3164 et
2032 3109 2138 3163 vir-
2165 3125 2208 3182 ο

556 3206 709 3276 .ginis
742 3205 851 3258 lilio
893 3206 1196 3258 animarum
1232 3206 1284 3258 in
1317 3205 1632 3274 virginitate
1671 3204 1927 3258 decenter
1952 3203 2136 3257 viven-

569 3301 704 3350 tium
750 3311 970 3366 8pom0,
1024 3313 1129 3351 non
1181 3298 1354 3367 solum
1407 3297 1624 3351 carnale
1682 3296 2014 3366 conjugimn.
2047 3295 2140 3350 sed

585 3391 750 3444 etiam
790 3391 1046 3442 eaet-uiam
1071 3391 1454 3444 commercium
1487 3388 1643 3457 fugit,
1676 3390 1921 3456 cognatis
1969 3389 2143 3442 omni.

559 3484 673 3536 .Jtus
700 3480 1028 3542 valedicens,
1061 3481 1129 3532 ita
1171 3492 1226 3531 ιιι
1265 3479 1792 3548 μοιιείιοοιιίῑιιειιιει·
1825 3496 1945 3533 cum
1985 3479 2143 3532 Petro

572 3577 754 3626 dicere
804 3575 868 3624 ad
925 3572 1243 3626 Christum:
1300 3591 1318 3623 ι
1362 3572 1474 3626 Nos
1512 3572 1825 3637 reliquimus
1853 3572 2056 3637 omnia,
2089 3579 2144 3625 et

561 3665 742 3719 .sccuti
796 3680 984 3718 sumus
1019 3675 1068 3716 te
1101 3664 1167 3714 ⁸³.
1210 3680 1228 3713 ι
1275 3664 1413 3728 Quid
1445 3679 1571 3732 ergo
1607 3663 1801 3716 mirum
1852 3662 2040 3729 faciat,
2073 3665 2141 3726 si,

571 3755 1023 3824 quemadmodum
1070 3763 1283 3806 terrena
1318 3769 1511 3822 sponsa
1560 3765 1766 3824 patrem
1819 3763 1872 3808 et.
1915 3766 2141 3810 matrem

573 3845 896 3914 derelinquit
929 3855 985 3898 nt
1017 3845 1231 3898 mortali
1264 3862 1464 3914 sponso
1491 3848 1787 3910 adhaereat,
1807 3857 1864 3900 ut
1891 3848 1969 3902 ait
1997 3848 2145 3902 Scri-

565 3948 747 4006 plttra,
779 3936 905 3990 item
970 3948 1022 3989 et
1060 3937 1172 4004 ipsa
1228 3953 1358 3991 suos
1411 3953 1506 4006 pro
1554 3939 1764 3993 caelesti
1822 3940 2061 3994 thalamo
2089 3950 2144 3994 cl.

573 4044 769 4098 .-pouso
798 4027 1188 4082 abrenuntiet?
1217 4028 1502 4093 Quomodo
1533 4031 1908 4098 cognationem
1942 4032 2140 4085 habere

563 4121 745 4191 possit
783 4121 832 4172 in
864 4118 1044 4179 terris,
1078 4134 1198 4186 qua:
1244 4119 1716 4172 conversationem
1751 4119 1912 4174 habet
1942 4120 1993 4172 itt
2027 4136 2142 4174 cm-

567 4212 678 4266 las?
711 4210 1014 4275 Quomodo,
1051 4225 1170 4278 qua:
1206 4226 1310 4263 ttott
1338 4221 1419 4264 est
1457 4210 1563 4264 lilia
1609 4213 1816 4274 carnis,
1851 4213 1943 4265 sed
1981 4214 2140 4277 spiri-

573 4315 683 4367 ιιιι,
713 4302 958 4356 carnales
989 4303 1204 4355 habebit
1235 4315 1465 4368 patrem,
1491 4314 1584 4356 aut
1609 4316 1858 4368 matrem,
1883 4311 1974 4356 aut
2004 4320 2140 4358 con-

561 4392 897 4460 sanguineos
925 4393 949 4444 ‘i
974 4391 1279 4457 Quomodo,
1304 4408 1427 4445 cmn
1466 4395 1742 4463 preprittm
1772 4410 1968 4460 corpus
1991 4395 2138 4466 luge-

563 4489 666 4552 .tit,
724 4496 776 4541 et
835 4500 1048 4553 semper
1119 4495 1379 4554 quantum
1456 4498 1632 4556 potest
1699 4487 1893 4555 fugiat,
1959 4500 2143 4558 utpote

561 4578 850 4633 .t-arnalem
875 4579 1152 4646 deponens
1179 4579 1362 4642 vitam,
1399 4578 1566 4633 ullum
1593 4580 1812 4633 habebit
1838 4591 2140 4648 respectum

565 4673 640 4733 ad
675 4685 898 4738 corpora
932 4686 1038 4724 non
1076 4683 1174 4724 sua
1201 4671 1224 4722 ἲ
1249 4670 1404 4736 Quod
1453 4672 1520 4736 si,
1556 4682 1613 4726 ut
1644 4674 1812 4737 aiunt,
1848 4673 2146 4728 similitudo

563 4774 657 4820 ,t-st
689 4761 950 4828 amicitia,
975 4771 1029 4816 et
1072 4762 1352 4831 quodlibet
1396 4762 1557 4817 simili
1605 4765 1921 4830 delectatur,
1949 4765 2144 4819 similis

567 4862 666 4916 lict
723 4856 936 4909 dilectis
993 4854 1166 4924 virgo,
1197 4864 1251 4908 et
1302 4854 1352 4908 in
1408 4856 1657 4910 lnol'btln
1701 4856 1907 4911 recidet
1945 4858 2145 4910 amoris

564 4945 987 5015 szeculizporro
1022 4963 1041 4996 ι
1075 4946 1315 4999 atntcitia
1351 4946 1508 5011 hujus
1555 4949 1738 5000 tnundi
1790 4958 1868 5002 est
1926 4949 2142 5001 inimita

569 5037 688 5102 llei,
727 5053 793 5102 ι,
855 5037 932 5090 ait
993 5034 1188 5090 Paulus
1244 5037 1322 5104 ",
1395 5038 1751 5106 Spiritualium
1839 5040 2142 5108 nuptiarum

569 5129 1006 5206 paranymphus.
1041 5126 1225 5194 Itaque
1258 5143 1362 5182 non
1387 5129 1546 5182 modo
1567 5129 1852 5182 divortium
1881 5130 2147 5191 incurret,

567 5223 662 5277 sed
699 5229 752 5274 et
785 5221 1021 5276 caelestis
1048 5222 1228 5288 sponsi
1265 5221 1620 5275 inimicitiam.

644 5309 828 5379 Neque
880 5311 1093 5370 mireris
1155 5318 1248 5362 aut
1304 5311 1485 5364 doleas
1545 5310 1690 5380 quod
1737 5311 2040 5378 coniugatis
2083 5311 2144 5370 in

566 5402 849 5470 Scriptura
881 5401 1097 5455 crimini
1135 5416 1240 5454 non
1298 5411 1536 5455 vertatur
1571 5416 1747 5455 rerum
1794 5404 2139 5460 saecularium

571 5510 724 5560 t-nra,
753 5493 817 5547 iis
869 5509 997 5548 vero
1031 5510 1148 5562 quae
1203 5495 1564 5563 virginitatem
1612 5494 1718 5548 Deo
1755 5505 2042 5560 voverunt,
2075 5511 2142 5552 ne

566 5587 809 5645 delibare
855 5587 1072 5656 quidem
1101 5587 1376 5640 toreularia
1411 5587 1738 5652 remittatur,
1765 5603 1861 5642 nec
1887 5589 1992 5642 ulla
2017 5590 2141 5644 vita:

652 5742 696 5772 "
727 5743 1071 5809 Luc.xx,3:‘5.
1153 5743 1646 5810 "Matthatxfn.
1727 5741 1769 5776 ”
1797 5741 1910 5799 Jac.
1954 5759 2027 5810 tv,
2071 5743 2122 5797 4.

2248 551 2441 604 λυκτδν
2474 551 2568 604 καὶ
2599 553 2852 622 πονηρὲν,
2893 554 3062 606 πάντα
3095 553 3183 606 τὸν
3219 556 3278 606 ἐν
3323 553 3682 623 μετεωρισμῷ
3711 554 3802 621 τῆς

2247 641 2480 705 διανοίας
2541 643 2826 713 συρφετὸν,
2884 646 2989 697 πᾶν
3038 645 3323 712 ἄκουσμα,
3358 644 3449 696 καὶ
3483 643 3683 710 θέαμα,
3715 643 3804 696 καὶ

2249 733 2425 784 πάντα
2450 731 2627 799 λόγον,
2653 731 2854 801 βλάϐην
2891 732 3254 802 παραπέμψαι
3280 732 3576 801 δυνάμενον
3615 733 3692 795 είς
3711 733 3804 802 τὴν

2247 819 2438 889 ψυχήν.
2487 819 2611 873 Ἐὰν
2644 821 2751 891 γὰρ
2786 821 2858 892 μὴ
2892 821 3060 874 ταῦτά
3087 839 3168 883 τις
3217 821 3504 873 ἐκκόπτειν
3535 823 3625 874 καὶ
3655 839 3806 891 περι-

2249 911 2529 982 καθαίρειν
2585 911 2683 981 τὴν
2735 912 2966 984 βλάστην
3016 913 3112 981 τῆς
3164 911 3387 982 καρδίας
3421 911 3514 975 ,διὰ
3551 912 3806 982 μεγίστης

2250 1005 2471 1073 ποιῆται
2511 1004 2608 1073 τῆς
2658 1003 2912 1072 σπουδῆς,
2962 1002 3171 1075 καρπὸν
3205 1004 3285 1066 είς
3335 1003 3480 1072 ζωὴν
3507 1003 3722 1056 αἰώνιον
3749 1004 3806 1055 οὐ

2251 1094 2458 1163 μήποτε
2497 1093 2718 1164 ἐνέγκῃ.
2751 1095 2982 1146 Δυνατὸν
3020 1095 3117 1164 μὲν
3160 1090 3274 1158 οὖν,
3316 1096 3547 1157 καὶτοῖς
3568 1097 3624 1146 ὲν
3654 1097 3809 1159 συζυ-

2248 1184 2342 1252 γία
2388 1183 2542 1246 ζῶσι,
2591 1185 2689 1254 τῆς
2743 1183 3109 1256 καθαρότητος
3167 1184 3557 1238 ἀντιποιεῖσθαι
3587 1185 3808 1254 ταύτης,

2249 1274 2382 1326 ἀλλά
2410 1277 2546 1344 μετὰ
2570 1275 2828 1347 πλείστης
2857 1277 2984 1346 ὅσης
3011 1277 3312 1340 δυσκολίας.
3351 1277 3449 1330 Διὰ
3484 1277 3640 1330 τοῦτο
3675 1279 3808 1330 πᾶν·

2249 1383 2337 1427 τες
2365 1367 2476 1418 ὅσοι
2531 1368 2595 1419 ἐκ
2651 1368 2898 1437 νεότητος
2946 1369 3074 1422 ἵλεω
3117 1369 3249 1422 Θεοῦ
3276 1369 3546 1439 τυχόντες,
3577 1369 3811 1437 ὀξυτέρῳ

2249 1457 2487 1519 διανοίας
2507 1457 2713 1528 ὄμματι
2770 1459 2902 1528 πρὸς
2960 1460 3174 1530 ἐκείνην
3222 1455 3359 1512 εἶδον
3399 1459 3495 1530 τὴν
3522 1459 3687 1528 ζωὴν,
3723 1459 3811 1511 καὶ

2249 1548 2356 1598 τῶν
2391 1550 2508 1601 κατ’
2539 1548 2753 1619 ἐκείνην
2785 1549 3001 1617 ἀγαθῶν
3047 1551 3271 1620 ἐρασταὶ
3297 1551 3572 1618 γεγόνασι,
3603 1551 3696 1602 καὶ
3727 1550 3810 1601 τὸν

2251 1639 2424 1708 γάμον
2451 1641 2833 1711 προσηκόντως
2871 1639 3181 1708 φεύγουσιν,
3229 1642 3347 1692 ἐπεὶ
3379 1641 3467 1693 καὶ
3492 1641 3549 1692 ὲν
3585 1644 3654 1708 τῇ
3685 1643 3811 1692 ἀνα-

2255 1732 2458 1793 στάσει,
2507 1731 2760 1801 καθάπερ
2810 1733 2837 1785 ὁ
2883 1730 3085 1800 Κύριος
3134 1727 3305 1795 εἶπεν,
3355 1730 3477 1783 οὔτε
3525 1731 3809 1800 γαμοῦσιν,

2250 1819 2372 1873 οὔτε
2412 1821 2823 1892 ὲκγαμίζονται,
2853 1822 2966 1875 ἀλλ’
2997 1823 3071 1885 ὡς
3118 1821 3335 1890 ἄγγελοι
3369 1821 3460 1874 τοῦ
3499 1821 3635 1875 θεοῦ
3659 1825 3810 1875 εἰσιν.

2255 1913 2442 1975 Ὅστις
2481 1913 2571 1966 οὖν
2619 1915 2694 1978 ὡς
2748 1915 2978 1982 ἄγγελος
3023 1910 3160 1966 εἶναι
3205 1914 3454 1984 βούλεται
3483 1914 3641 1977 Θεοῦ,
3691 1917 3808 1967 κάν-

2249 2003 2424 2057 ταῦθα
2462 2005 2602 2058 κατὰ
2661 2006 2787 2068 τοὺς
2842 2008 2990 2069 υἱοὺς
3047 2006 3148 2075 τῆς
3193 2005 3537 2068 ἀναστάσεως
3581 2006 3810 2073 ἐκείνης.

2254 2095 2529 2164 ἐπιμιξίας
2566 2097 2832 2166 σωμάτων
2877 2098 3147 2168 ἀνώτερον
3198 2098 3388 2150 ἑαυτὸν
3429 2097 3654 2159 δικαίως
3692 2098 3812 2148 καθ-

2255 2185 2482 2254 ίστησιν.
2526 2187 2733 2250 Ἄλλως
2780 2206 2838 2241 τε
2896 2191 2987 2242 καὶ
3018 2192 3050 2258 ἡ
3085 2189 3352 2260 πρόφασις
3380 2189 3476 2256 τῆς
3520 2189 3809 2256 ἁμαρτίας,

2251 2277 2316 2328 ὲκ
2353 2277 2449 2344 τῆς
2471 2278 2703 2345 συζύγου
2731 2278 2826 2348 τὴν
2856 2279 3026 2348 λαϐὴν
3072 2279 3193 2348 ἔσχε
3245 2281 3343 2348 τὴν
3371 2279 3565 2347 ἀρχήν.
3611 2282 3810 2348 Παραι-

2252 2367 2442 2434 τητέον
2467 2363 2557 2420 οὖν
2579 2368 2677 2437 τὴν
2711 2369 2988 2436 συζυγίαν,
3020 2373 3129 2432 τοῖς
3160 2370 3505 2439 βουλομένοις
3555 2371 3812 2440 μηδεμίαν

2258 2459 2523 2527 μηδέποτε
2551 2459 2627 2528 τῷ
2660 2462 3020 2530 ἀντικειμένῳ
3050 2465 3349 2532 παρασχεῖν
3387 2463 3595 2516 οἴκοθεν
3626 2463 3810 2532 λαδὴν.

2255 2551 2316 2604 Et
2341 2550 2394 2602 δὲ
2428 2551 2606 2603 καὶτὸ
2630 2551 2786 2618 σῶμα
2817 2551 2970 2603 τοῦτο
3011 2553 3258 2622 δυσήνιον
3292 2554 3385 2606 καὶ
3418 2554 3812 2623 δυσανάκλητον

2252 2656 2387 2725 πρὸς
2428 2656 2646 2728 ἀρετὴν,
2696 2657 2895 2726 μᾶλλον
2945 2657 3002 2711 δὲ
3042 2658 3132 2710 καὶ
3162 2658 3237 2722 ὡς
3267 2658 3499 2728 ἔμφυτον
3541 2659 3811 2713 ἀντίθετον

2252 2749 2622 2818 περιφέρομεν
2665 2750 2814 2814 αὐτὸ,
2864 2751 2914 2803 τί
2953 2753 3068 2803 ποτ’
3100 2751 3206 2818 ἄρα
3255 2751 3575 2819 πεισόμεθα,
3613 2753 3708 2804 καὶ
3735 2753 3812 2819 ἐφ’

2250 2839 2372 2892 ὅσον
2409 2840 2507 2908 τὴν
2543 2839 2678 2909 πρὸς
2733 2840 2930 2910 ἀρετὴν
2979 2840 3295 2910 δυσχέρειαν
3335 2840 3662 2909 αύξήσομεν,
3692 2841 3810 2892 πολ-

2250 2931 2361 2993 λοῖς
2399 2933 2492 2983 καὶ
2519 2931 2797 3001 διαφόροις
2833 2932 3169 2995 συνδεθέντες
3193 2932 3438 3001 σώμασι;
3474 2933 3592 2995 Πῶς
3633 2933 3678 2984 δ’
3711 2933 3813 2996 ἔξει

2251 3021 2348 3089 τὴν
2377 3020 2711 3090 ἐλευθερίαν,
2774 3021 2909 3089 πρὸς
2956 3022 3022 3092 ἢν
3049 3023 3300 3075 σπεύδειν
3335 3024 3750 3090 ἐπαγγέλλεται,
3785 3025 3813 3091 ἡ

2255 3111 2466 3178 φύσεως
2505 3112 2721 3181 δεσμοῖς
2774 3113 2904 3181 πρὸς
2958 3113 3146 3182 ἄνδρα,
3179 3113 3269 3166 καὶ
3309 3114 3522 3176 παῖδας,
3572 3115 3669 3166 καὶ
3700 3114 3814 3175 τοὺς

2253 3200 2374 3255 καθ’
2409 3195 2548 3272 αἷμα
2569 3202 2901 3271 συνδουμένη
2964 3203 3206 3269 πάνταςς
3251 3204 3371 3267 Πῶς
3403 3204 3458 3256 δὲ
3502 3207 3815 3274 ἀμερίμνιιις

2254 3291 2640 3362 προσεδρεύσει
2675 3291 2752 3362 τῷ
2805 3292 3010 3361 Κυρίῳ,
3049 3292 3146 3354 τὰς
3187 3292 3327 3360 ὑπὲρ
3364 3293 3634 3347 τοσούτων
3663 3311 3815 3362 φρον-

2252 3383 2400 3446 τίδας
2437 3383 2843 3453 ἀναδεξαμένης
2899 3385 3022 3446 Πῶς
3048 3385 3090 3436 δ’
3127 3383 3236 3448 ἕξει
3274 3385 3334 3436 τὸ
3377 3385 3666 3454 ἀθόρυϐον,
3693 3387 3816 3454 πλή-

2254 3475 2401 3527 θεσιν
2424 3474 2797 3545 ὲνεσχημένη;
2839 3475 2936 3528 Διά
2953 3475 3118 3528 ’τοῦτο
3143 3478 3176 3546 ή
3204 3475 3370 3538 ὅντως
3405 3477 3695 3546 παρθένος,
3731 3479 3820 3530 καὶ

2253 3567 2656 3638 ἀφωμοιωμένη
2700 3569 2765 3638 τῇ
2826 3569 3078 3637 παρθένῳ
3140 3570 3232 3621 καὶ⁸
3280 3569 3344 3620 ὲκ
3389 3569 3687 3638 παρθένου,
3730 3572 3817 3623 καὶ

2253 3657 2359 3708 τῶν
2393 3659 2450 3711 ὲν
2503 3657 2768 3729 παρθενίᾳ
2797 3659 3024 3720 δεόντως
3056 3659 3334 3728 ζησάντων
3368 3659 3552 3728 ψυχῶν
3576 3663 3817 3730 νυμφίῳ,

2252 3748 2310 3800 οὐ
2353 3747 2454 3818 τὴν
2506 3749 2646 3800 κατὰ
2700 3749 2878 3817 σάρκα
2928 3747 3183 3817 συζυγίαν
3233 3753 3411 3818 μόνον,
3438 3751 3570 3804 ἀλλὰ
3595 3755 3695 3805 καὶ
3730 3753 3820 3820 τὴν

2252 3837 2393 3890 κατὰ
2423 3837 2624 3908 κόσμον
2665 3839 2906 3891 συνοδίαν
2931 3838 3139 3906 φεύγει,
3175 3841 3460 3908 συγγενέσι
3493 3843 3664 3895 πᾶσιν
3692 3845 3819 3895 ἀπο--

2252 3929 2562 4000 ταξαμένη·
2629 3929 2702 3992 ὠς
2763 3929 2827 3982 ἂν
2877 3929 2973 4000 ἔχῃ
3027 3932 3597 4002 πεπαρῤησιασμένως
3645 3933 3818 4001 λέγειν

2261 4024 2398 4091 μετὰ
2452 4025 2656 4096 Πέτρου
2710 4025 2846 4094 προς
2893 4026 3158 4095 Χριστόν·
3217 4043 3234 4076 ι
3287 4025 3474 4093 Ἡμεῖς
3529 4029 3821 4099 ἀφήκαμεν

2257 4118 2431 4168 πάντα
2462 4115 2556 4169 καὶ
2583 4117 3029 4185 ἠκολουθήσαμέν
3079 4134 3180 4168 σοι.
3233 4136 3251 4168 ι
3290 4117 3414 4170 Τίδ⁹
3435 4119 3544 4185 ἄρα
3575 4121 3674 4173 καὶ
3703 4139 3818 4172 και-

2254 4207 2526 4276 νοπρεπὲς
2549 4209 2847 4279 ποιήσειεν,
2877 4211 2924 4260 εἰ
2959 4209 3055 4277 τῆς
3092 4208 3335 4276 ἐπιγείου
3365 4210 3584 4280 νύμφης
3613 4214 3820 4281 πατέρα

2253 4299 2588 4370 καὶμητέρα
2643 4300 2915 4369 ἀφιείσης,
2961 4301 3121 4352 ἕνεκα
3174 4301 3411 4370 φθαρτοῦ
3447 4304 3709 4370 νυμφίου,
3738 4307 3821 4355 καὶ

2257 4390 2745 4460 προσκολλωμένης
2813 4391 3024 4456 ἐκείνῳ,
3075 4393 3215 4445 κατὰ
3248 4392 3344 4461 τὴν
3403 4393 3653 4464 Γραφὴν,
3691 4396 3819 4462 αὑτὴ

2253 4479 2410 4532 τοῦτο
2439 4480 2707 4552 δράσειεν,
2749 4481 3117 4553 ὑπερκοσμίου
3151 4483 3436 4552 νυμφῶνος
3463 4487 3556 4536 καὶ
3587 4489 3818 4553 νυμφίου

2253 4570 2434 4632 ἕνεκα,
2465 4570 2686 4634 τούτους
2709 4572 3079 4641 καταλείψασα
3103 4589 3118 4635 ς
3155 4575 3274 4636 Πῶς
3307 4575 3362 4626 δὲ
3390 4576 3481 4627 καὶ
3501 4578 3820 4642 συγγένειαν

2255 4661 2371 4724 ὲξὺν
2402 4660 2544 4730 ἔχειν
2599 4663 2689 4714 ἐπὶ
2735 4663 2859 4730 γῆς,
2890 4657 2970 4724 οἷς
3000 4661 3089 4733 ξὲι·
3133 4664 3272 4717 (1.1.1.
3300 4659 3390 4734 ἧς]
3423 4668 3480 4716 τὸ
3519 4668 3820 4735 πολίτευμα

2255 4755 2310 4804 ἐν
2335 4755 2578 4824 οὐρανοῖς
2606 4773 2620 4821 ;
2660 4754 2779 4817 Πῶς
2806 4757 2852 4807 δ’
2877 4757 2908 4824 ἡ
2946 4755 3018 4824 μὴ
3053 4757 3252 4826 σαρκὸς
3277 4757 3407 4808 οὖσα
3447 4759 3663 4822 τέκνον,
3693 4760 3820 4812 ἀλλὰ

2256 4829 2582 4913 πνεύματος,
2623 4848 2881 4914 σαρκικὺν
2910 4847 3020 4912 ἕξει
3054 4847 3336 4916 πατέρα,ῆ
3375 4849 3608 4918 μητέρα,
3634 4851 3667 4919 ἦ
3702 4851 3821 4910 τοὺς

2258 4936 2378 4988 καθῗ
2433 4932 2573 5007 αἷμα
2611 4938 3016 5009 προσήκοντας;
3081 4939 3203 5001 Πῶς
3245 4939 3351 5008 δ’ίι
3394 4940 3486 4992 καὶ
3513 4940 3574 4993 τὸ
3623 4942 3820 4994 οίκείον

2259 5026 2416 5096 σῶμα
2441 5026 2708 5095 φυγοῦσα,
2744 5031 2836 5081 καὶ
2871 5030 2956 5081 ἀεὶ
2996 5029 3270 5097 φεύγουσα
3309 5028 3453 5082 κατὰ
3479 5029 3540 5082 τὸ
3567 5029 3820 5091 δυνατὸν,

2266 5117 2327 5180 ὃς
2366 5117 2456 5172 τὸν
2509 5119 2650 5174 κατὰ
2705 5121 2881 5188 σάρκα
2913 5122 3026 5192 βίον
3053 5120 3440 5190 ἀποτιθεμένη,
3471 5121 3660 5191 σχέσιν
3688 5121 3821 5180 ὅλως

2248 5229 2357 5291 ἕξει
2393 5226 2528 5299 πρὸς
2549 5228 2616 5281 τὰ
2656 5247 2730 5297 μη
2757 5229 2932 5280 οἰκεῖα
2984 5228 3244 5295 militum;
3278 5226 3340 5277 El
3363 5223 3420 5278 δὲ
3451 5224 3545 5278 κει.)⁵
3573 5225 3605 5293 ἡ
3634 5221 3818 5294 όμοιό-

2243 5333 2363 5382 της,
2385 5315 2459 5379 ῶς
2487 5333 2636 5384 φασι,
2667 5316 2905 5384 φιλότης,
2941 5315 3029 5368 καὶ
3051 5315 3111 5368 τὸ
3137 5315 3318 5382 ὅμοιον
3349 5314 3653 5376 ἀσπάζεται
3682 5313 3810 5371 πᾶν,

2245 5407 2696 5476 ἐξομοιωθήσεται

2248 5501 2620 5568 περιπεσεῖται
2672 5502 2736 5568 τῇ
2773 5501 2910 5567 νόσῳ
2951 5497 3048 5568 τῆς
3078 5499 3430 5566 φιλοκοσμίας
3465 5493 3616 5557 αὖθις
3639 5509 3654 5522 ·
3690 5495 3724 5561 ἡ
3752 5493 3808 5545 δὲ

2247 5592 2396 5657 φιῖία
2427 5591 2516 5644 τοῦ
2571 5590 2798 5660 κόσμου,
2827 5591 2995 5660 ἔχθρα
3042 5591 3121 5654 εἰς
3149 5589 3302 5654 Θεὸν,
3340 5587 3470 5656 φησὶ
3514 5583 3750 5646 Παῦλος,
3781 5579 3810 5632 δ

2771 5411 2880 5469 τοῖς
2939 5405 3280 5473 φιλουμένοις
3340 5407 3370 5473 ἠ
3411 5405 3683 5474 παρθένος
3720 5401 3816 5454 καὶ
