4146 6308
387 385 518 458 1057

1485 385 1578 451 DE
1625 395 1969 453 MENTAH
2018 395 2542 467 QUlETUDlNE.

3497 397 3635 462 10.38

387 504 752 570 νυμφοστόλος
778 505 870 560 τοῦ
915 508 1282 577 πνευματικοῦ
1318 508 1622 577 νυμφῶνος.
1647 508 1854 561 Οὐκοῦν
1882 509 1927 560 οξ

2060 515 2308 582 remissio
2366 513 2719 568 concedatur.
2781 512 3164 566 Verumtamen
3207 522 3261 567 et
3315 514 3637 585 conjttgatos

383 594 700 661 διαζυγῆναι
757 596 1089 651 κινδυνεύσει
1127 599 1306 666 μόνον,
1328 599 1462 652 ἀλλὰ
1505 601 1598 652 καὶ
1631 602 1710 661 εἰς
1745 599 1945 668 ἔχθραν

383 687 479 738 τοῦ
509 687 878 755 ὑπερκοσμίου
915 687 1146 757 νυμφίου
1179 691 1533 760 καταστῆναι.
1569 692 1676 744 Καὶ
1704 691 1778 761 μὴ
1811 691 1944 742 θαυ-

386 774 585 843 μάσῃς,
616 766 743 844 μηδ”
787 775 1034 848 ἀνιαθῇς,
1077 781 1126 831 εί
1179 782 1298 842 ταῖς
1336 781 1432 849 μὲν
1453 782 1509 832 ὲν
1535 779 1762 847 συζυγίᾳ
1795 778 1944 850 παρὰ

381 862 479 930 τῆς
501 862 722 932 Γραφῆς
749 863 954 934 μέμψις
997 865 1058 918 οὐ
1101 869 1448 938 προσγίνεται
1483 865 1850 938 μεριμνώσαις
1877 867 1945 919 τὰ

379 949 472 1003 τοῦ
515 952 749 1023 κόσμου,
787 954 900 1007 ἀλλ’
930 956 990 1008 οὐ
1036 957 1100 1009 τὰ
1140 957 1232 1010 τοῦ
1281 958 1503 1028 Κυρίου.
1557 960 1687 1020 Ταῖς
1740 957 1796 1010 δὲ
1849 956 1944 1026 τὴν

382 1044 678 1115 παρθενίαν
731 1046 1226 1117 ὲπαγγειλαμέναις
1278 1049 1355 1118 τῷ
1401 1050 1540 1120 Θεῷ,
1593 1049 1688 1102 καὶ
1747 1049 1943 1118 ψαύειν

378 1138 513 1199 ὅλως
565 1137 672 1191 τῶν
725 1139 782 1191 έν
814 1141 1004 1211 κόσμῳ
1035 1143 1427 1212 ἀπηγόρευται,
1458 1144 1551 1195 καὶ
1592 1143 1688 1211 ζῇν
1722 1142 1858 1203 ὅλως
1885 1143 1942 1194 ἐν

377 1228 557 1280 ἀνέσει
580 1227 678 1280 οὐκ
699 1229 932 1298 ἐφεῖται.
973 1231 1162 1284 Καίτοι
1196 1233 1414 1293 καὶτοῖς
1439 1234 1494 1282 ὲν
1526 1230 1754 1302 συζυγὶᾳ
1777 1247 1944 1300 προσ-

378 1319 546 1386 φωνεῖ
579 1313 820 1384 Παῦλος·
867 1339 886 1372 ‹
937 1321 994 1375 Ὀ
1027 1322 1216 1391 καιρὸς
1263 1322 1690 1392 συνεσταλμένος
1733 1313 1793 1374 τό
1829 1320 1941 1373 λοιο

377 1412 476 1464 πόν
505 1413 675 1474 ἐστιν,
706 1411 794 1465 ἵνα
834 1412 928 1466 καὶ
953 1413 1000 1466 oi
1022 1412 1239 1483 ἔχοντες
1274 1414 1558 1482 γυναῖκας,
1583 1413 1656 1476 ὡς
1686 1412 1760 1483 μὴ
1787 1412 1940 1481 ἔχονο

375 1520 465 1566 τες
492 1497 612 1566 ὦσι,
643 1505 736 1556 καὶ
789 1505 839 1556 οί
897 1504 1168 1573 χρώμενοι
1199 1505 1277 1574 τῷ
1312 1505 1500 1575 κόσμῳ
1544 1505 1734 1572 τούτῳ,
1765 1504 1840 1566 ὡς
1867 1503 1940 1574 μὴ

2055 605 2135 660 sic
2163 605 2360 658 aiiatnr
2395 603 2599 660 Paulus
2636 621 2649 660 :
2684 622 2701 655 (
2752 605 2985 672 Tempus
3017 604 3181 657 breve
3206 614 3325 657 est:
3363 606 3634 673 reliquum

2054 705 2159 758 cst,
2189 707 2244 750 ut
2276 708 2332 751 et
2369 691 2471 762 qui
2505 697 2705 751 habent
2740 711 2958 761 uxores,
2993 706 3250 764 tauquam
3286 711 3392 748 non
3432 697 3636 749 haben-

2056 796 2138 842 tes
2170 788 2307 850 sint,
2337 798 2390 842 et
2420 790 2512 859 qui
2549 799 2773 842 utuntur
2820 790 2918 842 hoc
2965 789 3184 850 mundo,
3219 797 3472 855 tanquam
3526 802 3632 841 non

2055 891 2280 934 utantur
2335 883 2398 936 ”.
2443 900 2462 933 ι
2522 879 2676 946 Quod
2719 881 2991 936 dillieilins
3046 897 3145 950 ego
3198 879 3434 933 arbitror
3467 894 3629 947 quam

2053 986 2276 1026 servare
2318 973 2708 1039 virginitatem.
2760 972 2892 1026 Nam
2936 971 3203 1041 jejunium
3264 970 3478 1023 facilius
3511 982 3634 1023 esse

2053 1079 2214 1133 quam
2246 1065 2351 1118 cibi
2398 1074 2663 1136 potusque
2703 1065 3115 1134 temperantiam
3153 1064 3309 1116 docet
3343 1061 3630 1129 experien-

2050 1151 2150 1205 t‘ia.
2197 1150 2399 1205 Forsan
2456 1153 2654 1222 aliquis
2699 1165 2844 1208 recte
2893 1163 2947 1207 et
3000 1167 3126 1206 vere
3174 1151 3394 1214 dixerit,
3424 1150 3470 1204 si
3507 1147 3629 1216 quis

2051 1241 2187 1296 nolit
2216 1242 2435 1307 salvari,
2457 1245 2663 1299 nullum
2690 1259 2788 1299 nos
2805 1245 2871 1299 ad
2905 1244 3050 1297 hunc
3075 1243 3274 1297 habere
3297 1254 3628 1303 sermonem,

2051 1332 2096 1386 si
2131 1334 2214 1386 cui
2249 1348 2377 1388 vero
2403 1351 2532 1389 cura
2569 1347 2650 1390 est
2693 1336 2760 1390 de
2798 1352 2894 1388 sua
2929 1336 3122 1399 salute,
3147 1336 3282 1388 sciat
3313 1333 3397 1386 hic
3428 1340 3628 1384 statum

2050 1423 2378 1494 virginitatis
2407 1427 2672 1496 c0ttjt:g:tli
2722 1428 2888 1481 tttulto
2931 1427 3206 1481 utiliorem
3239 1439 3364 1480 esse
3394 1433 3447 1478 et
3491 1421 3630 1479 faci-

2049 1512 2270 1572 liorem.

377 1584 816 1653 καταχρὼμενοι.
859 1600 878 1634 ›
915 1583 980 1636 Ὀ
1009 1581 1103 1635 τοῦ
1135 1581 1278 1636 κατὰ
1306 1579 1405 1652 τὴν
1438 1579 1748 1651 παρθενίαν
1778 1580 1990 1647 ἀγῶνος
2023 1578 2494 1650 δυσανυστότερον
2538 1581 2649 1648 ἐγω
2673 1581 2902 1652 νομίζω.
2934 1582 3047 1635 Καὶ
3077 1582 3180 1645 τὴν
3208 1586 3460 1650 νηστείαν
3495 1589 3632 1652 γὰρ,

374 1683 471 1750 τῆς
504 1681 632 1751 περὶ
659 1679 870 1750 τρυφὴν
898 1679 992 1732 καὶ
1015 1677 1176 1731 πόσιν
1201 1673 1550 1747 ἐγκρατείας,
1579 1671 1976 1743 εὐχερεστέραν
1996 1672 2276 1726 δείκνυσιν
2303 1672 2336 1743 ἡ
2363 1675 2551 1742 πεῖρα.
2584 1675 2692 1727 Καὶ
2713 1676 2845 1744 φαίη
2875 1675 2942 1729 ἄν
2965 1693 3046 1738 τις
3063 1675 3274 1742 δίκαια,
3308 1679 3398 1729 καὶ
3416 1675 3591 1746 ἀληθῇ
3617 1694 3630 1705 ·

373 1772 445 1835 ὡς
489 1773 539 1824 εί
576 1772 674 1841 μὲν
709 1772 784 1841 μὴ
807 1772 983 1825 ἓλοιτό
1017 1787 1101 1834 τις
1131 1767 1428 1836 σώζεσθαι,
1457 1769 1618 1836 λόγος
1649 1766 1787 1837 πρὸς
1809 1767 1973 1820 αὐτὸν
2005 1768 2136 1840 ἡμῖν
2165 1768 2363 1831 οὐδεῖς.
2403 1769 2464 1820 ΕΞ
2497 1769 2554 1821 δέ
2600 1786 2707 1821 τινι
2752 1770 2905 1838 μέλει
2937 1769 3037 1840 τῆς
3084 1768 3296 1832 οίκείας
3327 1771 3634 1834 σωτηρίας,

376 1866 528 1928 οὗτος
559 1866 694 1921 ίστω
719 1867 811 1919 τὸν
845 1867 906 1919 ὲν
943 1865 1214 1936 παρθενίᾳ
1244 1865 1361 1936 βίον
1387 1863 1565 1932 πολλῷ
1596 1862 1690 1915 τοῦ
1728 1848 1956 1930 μιγὰδος
1987 1863 2403 1932 ἀνυσιμώτερον
2434 1865 2562 1918 ὄντα
2588 1867 2682 1918 καὶ
2707 1865 3072 1932 ἀπονώτερον.

453 1950 610 2003 Ἀλλὰ
635 1952 808 2003 ταῦτα
838 1951 936 2019 μὲν
962 1949 1210 2019 ἀφῶμεν,
1252 1951 1428 2002 ἐκεῖνο
1451 1951 1506 2002 δὲ
1531 1949 1622 2002 ἐπὶ
1649 1949 1773 2002 νοῦν
1800 1948 1932 2003 λάϐε

375 2060 485 2113 μοι,
516 2041 771 2113 παρθένε,
805 2042 990 2111 νύμφη
1030 2041 1288 2111 Χριστοῦ,
1325 2041 1507 2110 κλῆμα
1544 2031 1643 2110 τῆς
1684 2039 1930 2108 ἀμπέλου

369 2137 468 2204 τῆς
488 2132 654 2202 ζωῆς,
675 2133 811 2200 ὅπερ
830 2133 1084 2203 ἀνωτέρω
1104 2130 1337 2202 εἴρηται.
1363 2130 1500 2201 Φησὶ
1522 2131 1630 2200 γὰρ
1659 2131 1687 2182 ὁ
1705 2129 1928 2199 Κύριος·

376 2245 393 2276 ι
441 2225 583 2292 Ἐγὼ
607 2225 722 2294 είμι
747 2225 780 2293 ἡ
810 2223 1074 2293 ἄμπελος,
1110 2224 1266 2292 ὑμεῖς
1290 2222 1359 2276 τὰ
1385 2222 1658 2291 κλήματα,
1686 2221 1714 2272 ὁ
1741 2221 1931 2289 Πατήρ

371 2321 530 2389 μουὸ
555 2318 800 2388 γεωργός
826 2320 961 2370 ἐστι.
991 2317 1106 2370 Πᾶν
1135 2316 1317 2385 κλῆμα
1353 2317 1412 2369 ὲν
1454 2315 1577 2383 ἐμοὶ
1602 2312 1811 2384 καρπὸν
1838 2311 1930 2380 φέ-

370 2427 480 2479 ρον,
540 2408 796 2479 καθαίρει
849 2408 1002 2472 αὐτὸ,
1051 2407 1140 2460 ἵνα
1196 2405 1415 2459 πλείονα
1461 2403 1674 2474 καρπὸν
1709 2404 1867 2475 φέρῃ.
1905 2421 1923 2454 ι

365 2505 574 2573 Δεῖγμα
592 2502 773 2555 τοίνυν
799 2501 950 2553 ποιοῦ
973 2499 1072 2569 τὴν
1106 2499 1232 2568 περὶ
1264 2497 1323 2550 σὲ
1357 2497 1559 2563 ταύτην
1587 2495 1927 2566 ἐπιμέλειαν,

364 2593 459 2647 τοῦ
515 2593 614 2661 τῆς
663 2590 958 2662 παρθενίας
1013 2607 1106 2642 σου
1160 2588 1393 2658 καρποῦ,
1439 2588 1532 2640 καὶ
1575 2586 1666 2640 τοῦ
1712 2587 1847 2656 πρὸς
1871 2587 1930 2639 σὲ

365 2686 586 2755 φίλτρου
617 2685 710 2738 τοῦ
761 2683 1016 2754 νυμφίου.
1051 2682 1160 2735 Καὶ
1190 2683 1346 2750 χαῖρε
1382 2680 1602 2750 μᾶλλον,
1635 2680 1730 2732 καὶ
1777 2679 1928 2732 ἀντι-

363 2777 646 2847 φιλοτιμοῦ
695 2775 794 2846 τὴν
841 2775 976 2846 πρὸς
1015 2773 1175 2826 αὑτὸν
1202 2771 1529 2825 εὐπείθειαν.
1588 2771 1798 2833 Ἀλλως
1825 2787 1887 2822 τε
1912 2785 1925 2798 ·

363 2872 457 2923 καὶ
511 2867 708 2939 χρυσὸς
761 2866 859 2934 μὲν
900 2865 1130 2935 χαλκοῦν
1185 2881 1238 2916 τι
1298 2863 1572 2933 συμμιγὲς
1613 2861 1924 2932 δεξάμενος,

361 2959 612 3029 κίϐδηλος
661 2958 948 3011 καλεῖται·
1012 2956 1210 3026 χαλκὸς
1260 2955 1316 3008 δὲ
1376 2954 1668 3026 περιτακὲν
1731 2953 1926 3024 ψῆγμα

359 3053 648 3122 δεξάμενος
669 3051 894 3123 χρυσοῦ,
918 3050 1296 3121 λαμπρότερος
1345 3049 1542 3102 ἑαυτοῦ
1565 3051 1810 3117 φανεῖται
1835 3051 1928 3101 καὶ

362 3144 736 3214 στιλπνότερος
759 3159 774 3174 ·
815 3141 955 3196 οὕτω
1001 3141 1061 3194 σὲ
1095 3141 1196 3211 μὲν
1228 3141 1324 3194 καὶ
1368 3141 1435 3194 τὰ
1462 3139 1531 3192 σὰ
1574 3139 1760 3192 ποθεῖν
1788 3139 1927 3191 ὲκεί-

361 3254 501 3300 ναις,
554 3229 600 3289 ὦ
651 3233 912 3304 παρθένε,
943 3233 1063 3294 ταῖς
1092 3232 1165 3301 μὴ
1207 3232 1518 3300 παρθένοις,
1553 3230 1710 3294 δόξα·
1755 3232 1836 3283 σοὶ
1871 3231 1926 3283 δὲ

357 3328 581 3399 ἀτιμίαν
627 3327 780 3398 φέρει
817 3325 1006 3378 ποθεῖν
1053 3324 1301 3387 ὲκείνας·
1358 3323 1679 3393 ἐπιστρέφει
1713 3323 1820 3391 γάρ
1865 3340 1923 3373 σε

357 3420 522 3474 πάλιν
553 3421 580 3473 ὁ
609 3418 773 3478 πόθος
800 3419 878 3479 είς
908 3415 1000 3469 τὸν
1032 3415 1265 3485 κόσμον·
1325 3415 1482 3467 τοῦτο
1512 3415 1630 3482 μὲν,
1667 3414 1742 3477 ὡς
1791 3414 1927 3483 πρὸς

357 3509 486 3572 τοὺς
512 3509 569 3562 ὲν
593 3507 782 3576 κόσμῳ
815 3505 1021 3569 ζῶντας
1051 3495 1234 3574 σχέσιν
1271 3502 1517 3572 ἔχουσαν,
1545 3503 1638 3554 καὶ
1676 3503 1925 3566 συζῶσαν

356 3598 588 3661 ἐκείνοις
637 3598 737 3666 τὴν
773 3595 854 3665 τῷ
905 3594 1096 3664 κόσμῳ
1141 3594 1446 3648 θανοῦσαν·
1497 3594 1656 3647 τοῦτο
1702 3594 1796 3658 δὲ,
1849 3595 1925 3658 ὡς

357 3690 637 3759 προσεῖναι
665 3685 874 3748 τούτοις
904 3684 1251 3755 βουλομένην,
1279 3685 1314 3739 ἃ
1339 3685 1429 3737 καὶ
1456 3684 1612 3737 αὐτοὶ
1665 3684 1922 3753 βούλοιντ’

355 3779 444 3845 ἂν,
486 3779 716 3840 ἑαυτοῖς,
754 3777 985 3839 καὶτοῖς
1020 3777 1337 3844 συγγενέσιν
1383 3777 1587 3830 ἑαυτῶν
1612 3793 1623 3807 ·
1669 3777 1924 3846 εὐθηνίαν

356 3870 624 3925 παντοίων
641 3869 752 3922 τῶν
785 3869 925 3921 κατὰ
955 3868 1048 3920 τὸν
1101 3867 1234 3936 βίον,
1266 3866 1516 3930 πλοῦτον,
1540 3869 1916 3937 περιφάνειαν,

352 3961 532 4028 δόξαν,
565 3960 657 4014 καὶ
682 3960 779 4031 τὴν
808 3959 900 4012 ἐπὶ
919 3959 1130 4023 τούτοις
1161 3958 1451 4027 εὐθυμίαν·
1484 3961 1576 4010 καὶ⁵
1613 3957 1754 4012 οὕτω
1783 3975 1921 4028 συμο

353 4048 579 4118 ϐήσεται
605 4064 710 4113 σοι,
739 4046 834 4100 τοῦ
870 4046 1206 4117 βουλήματος
1238 4045 1332 4100 τοῦ
1368 4047 1461 4099 σοῦ
1488 4048 1721 4117 νυμφίου
1752 4049 1920 4103 ἐκπε-

353 4139 488 4190 σεῖν.
514 4137 695 4190 Ταῦτα
725 4135 831 4206 γὰρ
858 4135 1037 4190 πάντα
1083 4135 1294 4205 τρανῶς
1339 4136 1544 4197 ἐκεῖνος
1577 4136 1634 4187 ὲν
1675 4136 1918 4204 Εὐαγγέ-

349 4228 484 4290 λίοις
507 4224 802 4290 ταλανίζει,
829 4225 1004 4294 λέγων
1022 4242 1038 4256 ο
1073 4243 1091 4276 ι
1127 4226 1264 4278 Οὐαὶ
1285 4227 1334 4278 οἱ
1365 4224 1758 4288 πλουτοῦντεςί
1797 4226 1918 4279 οὐαὶ

349 4320 400 4371 οί
421 4318 684 4387 γελῶντες
709 4319 722 4372 l
755 4317 876 4371 οὐαὶ
888 4319 936 4369 οί
960 4316 1407 4386 ἐμπεπλησμένοι
1425 4317 1437 4368 !
1456 4316 1576 4368 οὐαὶ
1595 4317 1723 4369 ὅταν
1741 4316 1917 4378 καλῶς

349 4412 494 4481 ὑμᾶς
516 4413 710 4465 εἴπωσι
732 4412 934 4474 πάντες
980 4411 1029 4462 οί
1081 4409 1390 4478 ἄνθρωποιί
1424 4428 1445 4460 ι
1479 4410 1600 4472 Πῶς
1627 4409 1719 4462 οῦν
1752 4411 1917 4462 ταλα-

348 4504 484 4567 νίζει
517 4503 776 4568 τούτους;
808 4501 920 4572 Οὐχ
966 4501 1041 4564 ὡς
1079 4502 1180 4570 τὴν
1222 4500 1398 4571 ψυχὴν
1442 4502 1915 4571 νενεκρωμένους;

347 4593 446 4656 Τίς
491 4589 585 4646 οὖν
631 4595 700 4664 τῇ
747 4591 931 4664 νύμφῃ
959 4592 1057 4661 τῆς
1089 4591 1234 4660 ζωῆς
1282 4591 1568 4658 συγγένεια
1617 4591 1756 4660 πρὸς
1792 4590 1917 4652 τοὺς

349 4685 574 4754 νεκρούς
601 4702 614 4749 ;
645 4685 728 4748 τίς
758 4685 1022 4752 συνάφεια
1050 4685 1161 4746 τοῖς
1207 4684 1305 4745 τὰς
1337 4683 1584 4742 ἐναντίας
1609 4679 1917 4750 βαδίζουσιν

348 4773 536 4841 book;
569 4775 808 4826 Πλατεῖα
838 4772 945 4840 γὰρ
987 4773 1081 4826 καὶ
1131 4771 1460 4842 εὐρύχωρος,
1501 4771 1566 4823 δι’
1613 4767 1680 4841 ἦς
1721 4774 1917 4825 ἐκεῖνοι

348 4865 772 4936 φέρονται·κᾶν
816 4865 889 4936 μὴ
950 4865 1448 4935 παρακατάσχωσιν
1500 4865 1747 4926 ἑαυτοὺς,
1809 4864 1918 4918 τῶν

349 4955 458 5009 σῶν
483 4971 534 5006 τι
569 4953 842 5023 μίξαντες,
873 4953 1228 5006 ἐκπεσοῦνται
1259 4953 1456 5014 τελέως
1493 4955 1571 5015 εἰς
1600 4951 1874 5005 ἀπώλειαν
1897 4964 1914 4983 ·

360 5049 426 5101 σὺ
451 5049 504 5102 δὲ
535 5049 624 5104 διὰ
665 5052 763 5120 τῆς
813 5052 1003 5121 στενῆς
1051 5055 1143 5105 καὶ¹
1196 5053 1562 5123 τενθλιμμένης
1609 5055 1781 5124 πύλης
1830 5053 1927 5107 καί

355 5136 478 5191 ὁδοῦ
507 5139 641 5206 πρὸς
685 5140 782 5210 τὴν
830 5141 975 5211 ζωὴν
1023 5142 1268 5212 είσέρχῃ.
1308 5143 1406 5195 Διὰ
1436 5143 1629 5212 στενῆς
1661 5143 1718 5195 δὲ
1756 5143 1928 5210 πύλης

358 5229 452 5278 καὶ
483 5228 621 5295 ὁδοῦ,
657 5230 754 5282 οὐκ
780 5230 942 5299 ὄγκον
979 5230 1158 5301 δόξης,
1199 5231 1296 5300 οὐχ
1343 5231 1534 5302 ἡδονῆς
1562 5232 1826 5300 διάχυσιν,
1867 5233 1928 5284 ού

363 5317 560 5384 φόρτον
602 5319 898 5387 χρημάτων
946 5322 1038 5375 καὶ
1094 5321 1392 5391 κτημάτων
1440 5319 1770 5390 ἀναθέμενός
1821 5339 1924 5383 τις,

359 5408 553 5461 διιέναι
605 5409 805 5464 δύναιτ’
857 5412 957 5467 ἄν·
1013 5413 1148 5467 ἀλλὰ
1199 5413 1274 5484 μὴ
1323 5413 1584 5468 πλατεῖαν
1627 5403 1926 5476 ἀκούσασα,

362 5501 582 5569 ἐκείνην
603 5501 700 5572 τὴν
736 5503 852 5559 ὁδὸν
884 5504 978 5558 τοῦ
1029 5505 1173 5576 βίου,
1212 5506 1413 5559 ἄλυπον
1445 5504 1606 5576 ἡγοῦ·
1656 5506 1930 5574 πολυσυμ·

364 5593 653 5661 φ’·ρωτάτη
714 5595 822 5665 γάρ
878 5597 993 5650 ἐστι
1054 5598 1148 5651 καὶ
1187 5598 1750 5668 βαρυσυμφορωτάτη.
1791 5599 1928 5648 Πλα-

434 5745 480 5772 ²⁵
537 5743 552 5794 1
593 5744 718 5797 Cur.
757 5762 872 5811 vnt,
906 5747 996 5812 “29,
1047 5747 1136 5800 5l.

2139 1942 2246 1996 Sed
2291 1943 2407 1997 haec
2463 1948 2855 2014 relinquamus.
2904 1948 3033 2000 llmd
3068 1957 3247 2001 autem
3299 1953 3352 2001 in
3401 1958 3640 2002 mentem

2067 2031 2248 2104 inlige,
2271 2036 2420 2104 virgo
2451 2035 2653 2090 Christi
2683 2053 2903 2106 sprmSa,
2938 2043 3080 2108 quod
3111 2054 3272 2109 supra
3303 2042 3506 2093 dictmn
3531 2052 3636 2096 est.

2063 2127 2154 2180 Ait
2180 2129 2322 2180 enim
2354 2129 2615 2183 Dominus
2648 2146 2662 2184 :
2692 2147 2710 2182 ι
2753 2130 2862 2200 Ego
2896 2147 3015 2184 sum
3051 2133 3196 2205 vitis,
3229 2146 3327 2184 vos
3365 2131 3641 2199 palmites,

2064 2223 2118 2268 ct
2186 2215 2351 2269 Pater
2385 2232 2539 2271 meus
2564 2219 2802 2286 agricola
2840 2230 2945 2274 est.
2981 2219 3211 2274 Omnem
3267 2221 3546 2290 palmitem
3581 2222 3642 2277 itr

2063 2320 2151 2358 me
2206 2307 2466 2361 ferentem
2519 2307 2778 2373 fructum,
2813 2310 3064 2378 purgabit
3111 2327 3258 2374 eum,
3292 2320 3349 2364 ut
3399 2310 3632 2366 fructum

2060 2395 2182 2462 plus
2216 2396 2408 2451 μίτοι-ιιι
2433 2398 2500 2453 ’⁸.
2551 2417 2569 2450 ι
2603 2397 2752 2454 llanc
2791 2406 2856 2453 de
2888 2411 2937 2454 te
2969 2416 3156 2454 curam
3193 2401 3329 2455 habe
3363 2412 3418 2454 ut
3460 2405 3642 2468 speci-

2060 2501 2180 2540 tuen
2215 2487 2426 2542 fructus
2460 2490 2942 2561 tumvirginitatis,
2963 2501 3016 2544 ct
3038 2495 3222 2558 sponsi
3250 2507 3374 2560 erg-t
3404 2502 3452 2546 te
3483 2510 3634 2546 nmo-

2059 2579 2172 2645 ris;
2204 2590 2255 2634 et
2291 2585 2502 2636 exsulta
2565 2586 2755 2652 magis,
2779 2596 2827 2638 et
2860 2586 3093 2638 retrilute
3121 2587 3172 2638 in
3204 2601 3323 2639 eunt
3355 2588 3634 2641 conliden-

2058 2669 2206 2724 tiam.
2250 2671 2406 2724 Aliud
2459 2673 2631 2727 dicant
2661 2690 2676 2730 :
2710 2691 2901 2728 aurum
2945 2675 3162 2744 quidem
3195 2691 3301 2730 aere
3335 2678 3505 2730 ascito
3534 2680 3633 2730 mi-

2063 2770 2235 2828 stum,
2282 2764 2608 2818 adulterium
2689 2779 2956 2833 vocatur;
2998 2781 3071 2822 res
3120 2782 3264 2821 vero-
3303 2767 3629 2822 ('il‘Clltltfttsa

2053 2850 2250 2904 lamina
2291 2853 2649 2920 bracteatutn,
2677 2858 2901 2911 nitidius
2949 2858 3127 2926 seipso
3174 2858 3632 2928 videturetl‘ulgi-

2051 2943 2198 2998 dius.
2229 2945 2320 2999 Sic
2378 2955 2429 3000 te
2476 2948 2717 3016 quidem,
2748 2949 2921 3017 virgo,
2959 2959 3013 3004 et
3047 2960 3134 3004 ttta
3181 2952 3532 3017 desiderare;
3559 2953 3627 3005 iis

2050 3053 2170 3100 quae
2201 3052 2306 3090 non
2349 3048 2475 3092 sunt
2528 3040 2786 3108 virgines.
2818 3043 3110 3111 gloriaest
3141 3059 3156 3109 ;
3189 3047 3292 3097 itas
3323 3059 3453 3098 vero
3488 3045 3629 3097 desi-

2049 3131 2260 3192 derare,
2291 3129 2384 3183 tibi
2423 3131 2661 3187 dedecus
2683 3132 2879 3188 aﬂcrt:
2911 3151 3033 3189 nam
3065 3146 3118 3190 te
3163 3137 3490 3190 desiderium
3543 3152 3632 3188 re-

1971 3220 2013 3277 Ε
2047 3220 2210 3272 trahit
2238 3224 2304 3273 ad
2359 3225 2644 3288 mundum,
2683 3235 2792 3278 tum
2831 3227 2957 3295 quia
2997 3238 3302 3297 respectum
3353 3229 3521 3284 habes
3557 3229 3622 3281 ad

2047 3311 2288 3367 Viventes
2328 3314 2379 3367 in
2441 3317 2663 3381 mundo,
2690 3327 2742 3370 et
2775 3334 2897 3370 cum
2929 3319 3010 3373 eis
3057 3321 3215 3380 vivis,
3250 3321 3374 3374 licet
3425 3323 3631 3374 mundo

2042 3411 2296 3469 mortua;
2331 3413 2440 3457 tum
2474 3404 2597 3473 quia
2636 3407 2826 3459 eadem
2864 3407 2945 3461 eis
2978 3417 3153 3476 Optas,
3182 3423 3300 3476 quae
3345 3410 3444 3475 ipsi
3493 3411 3629 3464 εἱιιί-

2049 3502 2162 3548 met
2214 3497 2434 3566 suisque
2471 3499 2716 3567 cognatis
2751 3509 2960 3569 optant,
3006 3516 3200 3571 nempe
3257 3501 3639 3556 omnimodam

2043 3585 2167 3639 vitae
2200 3590 2639 3656 prosperitatem,
2681 3590 2925 3653 divitias,
2971 3591 3253 3657 honorem,
3293 3592 3540 3661 gloriam,
3573 3605 3642 3646 οιΔ

2042 3676 2096 3729 in
2148 3676 2234 3733 his
2277 3679 2542 3748 laetitiam,
2574 3691 2628 3736 et
2686 3683 2764 3737 sic
2818 3683 2914 3738 tibi
2973 3685 3182 3737 accidet
3234 3695 3292 3738 ut
3350 3686 3642 3739 voluntati!‘

2039 3772 2226 3836 sponsi
2256 3776 2495 3830 excidas.
2523 3773 2646 3830 llam
2681 3779 2824 3840 enim
2866 3778 3051 3831 omnia
3088 3778 3180 3832 ille
3245 3780 3298 3833 in
3334 3780 3641 3850 Evangelii»

2041 3859 2190 3916 clare
2221 3861 2526 3928 infelicitat,
2561 3867 2749 3921 dicens
2783 3882 2798 3922 :
2835 3886 2853 3920 ‹
2894 3867 2984 3922 Va:
3012 3871 3167 3924 vobis
3204 3870 3465 3925 divitibus
3497 3872 3510 3924 l
3547 3887 3626 3925 va:

2041 3950 2204 4006 vobis
2236 3953 2329 4020 qui
2363 3955 2600 4010 videtis!
2640 3975 2716 4011 va:
2746 3958 2901 4012 vobis
2950 3961 3040 4027 qui
3084 3963 3309 4016 saturati
3343 3964 3477 4016 estis
3503 3963 3630 4017 l‘vtc

2041 4057 2163 4097 eum
2185 4041 2556 4100 bene-lixerint
2576 4048 2728 4102 Vobis
2753 4063 2938 4102 omnes
2965 4049 3213 4104 homines
3237 4052 3249 4104 !
3284 4071 3301 4102 ι
3333 4051 3620 4118 Quomodo

2042 4133 2205 4203 igitur
2255 4135 2353 4190 ltos
2406 4137 2535 4190 dicit
2590 4138 2878 4193 infeiices?
2915 4139 3101 4195 Nonne
3143 4153 3397 4210 tanquam
3439 4145 3628 4197 anima

2041 4235 2284 4282 mortuos
2309 4226 2333 4280 ?
2360 4225 2491 4294 Qum
2531 4228 2694 4296 igitur
2721 4245 2931 4296 sponsae
2966 4234 3311 4302 participatio
3351 4235 3471 4287 vita)
3499 4250 3630 4287 cum-

2042 4319 2322 4374 mortuis?
2358 4322 2458 4373 Aut
2501 4336 2620 4389 qua:
2655 4323 2888 4376 societas
2921 4324 2986 4378 ad
3037 4328 3308 4379 contraria
3340 4326 3624 4380 ambulan-

2044 4417 2122 4462 tes
2141 4410 2222 4461 via
2254 4411 2343 4463 ’7?
2377 4410 2508 4464 Nam
2542 4414 2646 4466 lata
2674 4423 2727 4466 et
2755 4416 2990 4482 spatiosa
3022 4418 3110 4472 via
3129 4428 3212 4472 est
3237 4418 3306 4482 ³⁸,
3326 4420 3345 4486 ε
3365 4419 3616 4486 ;uaincc-

1966 4531 2014 4589 Β
2043 4503 2175 4554 dunt
2208 4517 2224 4569 ;
2257 4513 2311 4556 et
2347 4504 2448 4558 nisi
2509 4506 2696 4574 pedem
2730 4506 2952 4572 sistant,
2988 4518 3043 4564 et
3099 4510 3230 4578 quid
3277 4511 3342 4565 dc
3383 4511 3489 4565 tuis
3515 4513 3628 4566 sibi

2044 4594 2400 4660 admisceant,
2431 4598 2668 4653 incident.
2723 4599 2966 4669 proiecto
3019 4600 3071 4654 in
3126 4601 3504 4668 perditionem,
3564 4611 3628 4655 tu

2042 4699 2172 4740 vero
2205 4701 2300 4754 per
2331 4698 2614 4758 angustam
2668 4702 2880 4761 portam
2913 4701 2966 4746 et
2995 4701 3198 4746 arctam
3251 4693 3391 4744 viam
3446 4693 3628 4748 intras

2041 4776 2109 4830 ad
2153 4778 2342 4831 vitam.
2393 4777 2496 4833 Per
2549 4790 2831 4850 angustam
2893 4794 3070 4834 autem
3125 4789 3338 4849 portam
3389 4791 3444 4836 et
3479 4785 3626 4837 viam

2043 4883 2200 4923 nemo
2252 4881 2466 4926 tumens
2505 4873 2696 4942 gloria,
2729 4880 2824 4927 aut
2877 4872 3152 4941 voluptate
3206 4873 3473 4939 dilIluens,
3524 4887 3623 4928 aut

2036 4975 2198 5028 opum
2262 4961 2685 5032 divitiarumqne
2732 4962 2910 5017 ferens
2948 4975 3104 5026 onus,
3128 4963 3362 5016 transire
3401 4978 3611 5032 posset.

2037 5050 2193 5116 Quod
2229 5060 2409 5106 autem
2447 5053 2554 5108 lata
2590 5054 2807 5108 dicatur
2851 5053 2954 5107 ista
3011 5053 3195 5108 mundi
3246 5055 3356 5119 via,
3385 5069 3493 5108 non
3535 5066 3622 5108 ta-

2038 5156 2160 5197 men
2185 5157 2302 5196 eam
2337 5144 2455 5199 sine
2488 5143 2732 5199 molestia
2783 5158 2906 5200 esse
2957 5156 3220 5214 reputes:
3249 5163 3371 5200 nam
3427 5153 3620 5203 amittis

2033 5243 2089 5288 et
2135 5236 2393 5304 gravibus
2440 5237 2596 5306 plena
2658 5248 2742 5293 est
2780 5237 3202 5294 calamitatibus.
3238 5238 3342 5294 Sed
3397 5239 3505 5294 lata
3556 5251 3613 5296 et

2034 5328 2280 5397 spatiosa
2317 5337 2556 5394 vocatur,
2599 5331 2725 5396 quia
2779 5330 2931 5384 multi
2979 5341 3107 5386 sunt
3138 5332 3229 5400 qui
3271 5331 3478 5385 intrant
3517 5347 3612 5401 per

2034 5430 2178 5482 eam,
2206 5427 2260 5470 et
2291 5419 2519 5487 quisque
2548 5419 2760 5474 illorum
2785 5419 2988 5490 ingenti
3022 5429 3248 5475 onustus
3275 5433 3356 5475 est
3385 5422 3606 5477 caduca:

2034 5507 2275 5559 materiae
2308 5522 2524 5561 acervo.
2563 5507 2673 5562 Tua
2708 5519 2911 5574 autem,
2944 5510 3114 5578 virgo,
3149 5509 3455 5562 arctissima
3520 5519 3615 5567 est

2033 5592 2120 5646 via
2151 5610 2165 5646 :
2201 5609 2319 5646 nam
2353 5596 2490 5651 duos
2522 5598 2680 5652 simul
2722 5607 3068 5654 transeuntes
3102 5597 3244 5651 haud
3276 5597 3442 5667 capit.

1215 5747 1260 5778 "
1293 5746 1450 5802 Joan.
1483 5747 1732 5814 ιν,1,2,
1759 5747 1808 5802 5.
1884 5749 1931 5779 ⁸⁷
1958 5749 2000 5803 ll
2032 5749 2156 5805 Cor.
2187 5765 2258 5813 vt,
2297 5752 2373 5805 14.
2454 5753 2497 5782 ’³
2536 5752 2723 5807 Matth.
2751 5771 2846 5820 vtt,
2898 5756 2982 5810 15.
