4074 6322
311 376 460 440 ιοδι

1433 371 1528 429 DE
1575 371 1914 433 MEN'l‘.\LI
1956 372 2083 439 QUI
2103 369 2470 434 laTUDlNE.

3439 375 3455 438 l
3471 375 3576 436 00?.

307 491 421 541 καὶ
454 487 717 557 εὑρήσετε
749 485 1057 538 ἀνάπαυσιν
1092 483 1209 544 ταῖς
1263 483 1464 551 ψυχαῖς
1523 485 1696 552 ὑμῶν.
1741 507 1756 534 ι
1798 489 1887 540 Διὸ
1923 489 2012 538 καὶ
2066 487 2243 537 αὐτῶν
2273 488 2475 554 ἐστινὴ
2508 487 2751 555 βατλεία
2781 486 2909 555 ξτῶν
2953 488 3234 558 οὐρανῶν·
3267 489 3512 558 συγκὶηρ
3552 518 3574 530 -

304 585 476 655 νόμοι
508 584 616 653 γάρ
645 583 754 635 εἰσι
780 578 1043 651 Χριστοῦ.

391 682 696 751 ’τριμεροῦς
726 680 779 731 δὲ
807 679 972 745 οὔσης
1000 681 1095 746 τῆς
1122 677 1321 747 ψυχῆς,
1358 677 1451 729 καὶ
1477 679 1535 729 ἐν
1561 676 1708 747 τρισὶ
1729 676 1884 731 δυνά-

2074 665 2209 721 Cum
2242 680 2417 724 autem
2444 671 2620 726 anima
2655 674 2921 740 tripartlta
2952 675 3025 727 sit
3072 683 3125 729 ct
3174 675 3225 727 in
3278 686 3388 730 tres
3417 677 3585 731 divisa

307 791 450 843 μεσι
481 773 883 842 θεωρουμένης,
929 769 1239 837 λογιστικῷ,
1289 769 1505 838 θυμικῷ
1534 785 1591 821 τε
1637 769 1731 820 καὶ
1760 770 1882 821 ἐπι-

305 861 626 932 θυμητικῷ,
654 860 746 912 καὶ
779 860 1040 927 νοσούσης
1060 858 1201 912 κατὰ
1229 859 1400 911 ταῦτα
1434 856 1629 922 πάντα,
1661 857 1885 920 εἰκότως

301 952 336 1004 ὁ
365 951 572 1020 ταύτην
619 950 845 1018 ἰώμενος
875 948 1107 1019 Χριστὸς
1130 947 1237 1000 ἀπὸ
1263 948 1357 1000 τοῦ
1391 948 1618 1017 ἐσχάτου
1641 950 1738 1017 τῆς
1761 949 1884 1000 ὲπι-

303 1042 519 1112 θυμίας
545 1040 749 1112 ἧρξατο
792 1042 892 1110 τῆς
915 1038 1235 1109 θεραπείας.
1265 1038 1406 1108 ’Ύλη
1444 1038 1541 1107 μὲν
1566 1038 1672 1107 γὰρ
1692 1037 1882 1107 θυμοῦ,

300 1132 586 1203 ἐπιθυμία
634 1132 1090 1200 ἀποτυγχάνουσα
1113 1146 1127 1160 ο
1158 1129 1251 1183 τοῦ
1277 1129 1333 1182 δὲ
1367 1127 1750 1199 μετεωρισμοῦ
1790 1128 1888 1196 τῆς

300 1223 580 1288 διανοίας,
622 1221 789 1292 ἄμφω
830 1222 1004 1275 ταῦτα
1049 1220 1364 1291 διακείμενα
1408 1221 1631 1283 κακῶςο
1667 1221 1758 1272 καὶ
1789 1219 1886 1272 οὐκ

303 1314 382 1367 ἄν
426 1312 544 1365 ποθ’
584 1311 736 1379 ὑγιὲς
763 1310 975 1380 ὀφθείη,
1016 1308 1140 1362 οὔτε
1165 1309 1225 1361 τὸ
1263 1310 1360 1376 τῆς
1388 1307 1559 1378 ψυχῆς
1610 1307 1888 1376 θυμούμε-

303 1423 413 1457 νον
435 1447 449 1469 ,
483 1403 556 1474 μὴ
591 1404 690 1473 τῆς
731 1402 1027 1471 ἐπιθυμίας
1055 1387 1327 1470 π’ροτέρας
1356 1400 1631 1468 ίαθείσηςο
1674 1398 1796 1451 οὒτε
1830 1398 1889 1451 τὲ

305 1496 690 1563 λογιζόμενον,
722 1496 797 1565 μὴ
826 1494 994 1564 ἄμφω
1027 1492 1231 1547 τούτων
1273 1492 1884 1563 προτεθεραπευμένων.

277 1572 302 1663 ξ
390 1588 500 1641 Τοῦ
540 1588 597 1641 δὲ
656 1584 1057 1655 ἐπιθυμητικοῦ
1097 1586 1310 1655 πρῶτον
1344 1584 1578 1654 πονηρὸν
1622 1584 1887 1650 γέννημα.

280 1680 421 1750 ’τὴν
440 1675 910 1748 φιλοκτημοσύνην
938 1677 1197 1740 ἐξετάσας
1222 1675 1403 1744 εὕροις
1420 1674 1504 1727 ἄν.
1527 1674 1592 1726 Ai
1626 1674 1733 1742 γὰρ
1756 1672 1889 1741 πρὸς

272 1756 376 1861 Sco
406 1771 508 1839 ζῇν
554 1767 903 1821 συντελοῦσαι
940 1768 1054 1827 τοῖς
1084 1764 1394 1831 ἀνθρώποις
1447 1762 1751 1831 ἐπιθυμίαι,
1793 1762 1888 1829 οὐχ

307 1858 602 1911 ὑπαίτιοι·
633 1858 712 1909 διὸ
742 1856 833 1908 καὶ
867 1855 924 1919 ἐξ
958 1854 1179 1908 ἁπαλῶν
1210 1853 1417 1923 ὀνύχων
1464 1851 1888 1922 συμπεφύκασι-λ

258 1369 292 1427 τι

304 1951 477 2018 ἡμῖν.
520 1949 580 2000 Ἡ
607 1947 662 2000 δὲ
688 1946 1043 2015 φιλαργυρία,
1080 1945 1272 2014 μικρὸν
1296 1943 1520 2012 ὕστερον
1551 1941 1888 2012 προσφύεται
1922 1984 1968 2043 Β

303 2040 513 2093 παισὶν
536 2038 614 2091 ἔτι
643 2037 810 2089 οὖσιν.
844 2035 1006 2088 Ὅθεν
1035 2035 1306 2102 φαίνεται,
1333 2035 1408 2096 ὡς
1441 2034 1540 2085 οὐκ
1569 2036 1633 2084 ὲκ
1653 2032 1888 2098 φύσεως,

301 2129 437 2182 ἀλλ’
478 2130 541 2181 ὲκ
572 2125 945 2196 προαιρέσεως
978 2124 1089 2193 ἔχει
1132 2124 1228 2193 τὴν
1258 2124 1451 2193 ἀρχήν.
1499 2121 1684 2184 Ῥίζαν
1714 2121 1771 2172 δὲ
1796 2122 1893 2171 αὑ-

302 2224 416 2290 τὴν
453 2223 669 2274 πάντων
703 2217 812 2271 τῶν
848 2218 1032 2271 κακῶν
1083 2216 1305 2278 δικαίως
1335 2213 1614 2283 ὠνόμασεν
1644 2215 1670 2266 ό
1696 2210 1892 2264 θεσπέ-

309 2331 440 2375 σιος
470 2311 702 2373 Παῦλος.
730 2311 810 2362 Τὰ
845 2309 942 2377 μὲν
968 2308 1076 2375 γὰρ
1122 2306 1232 2358 τῶν
1275 2304 1460 2357 κακῶν
1493 2302 1632 2374 αὕτη
1681 2303 1891 2371 πέφυκε

315 2400 557 2470 γεννᾷν·
593 2397 899 2468 φειδωλίας,
942 2395 1264 2464 καπηλείας,
1323 2394 1613 2464 ἁρπαγὰς,
1661 2393 1889 2455 κλοπὰς,

314 2493 418 2544 καὶ
457 2490 643 2552 ἁπλῶς
672 2491 780 2542 πᾶν
811 2485 948 2551 εἶδος
980 2487 1289 2550 πλεονεξίας
1309 2527 1323 2550 ,
1354 2488 1419 2556 ἢν
1449 2485 1710 2556 δευτέραν
1736 2485 1890 2537 sifui-

312 2585 643 2654 λολατρείαν
660 2585 687 2636 ὁ
708 2584 869 2648 αὐτὸς
899 2584 1325 2653 προσηγόρευσε.
1360 2579 1483 2642 Τοῖς
1510 2581 1565 2633 δὲ
1591 2581 1662 2650 μὴ
1691 2580 1893 2647 φυομέ-

314 2695 438 2738 νοις
471 2676 532 2739 ἐξ
573 2676 774 2743 αὐτῆς,
832 2675 1016 2743 σχεδὸν
1059 2676 1192 2726 πᾶσι
1223 2674 1457 2742 χορηγεῖ
1497 2673 1595 2740 τὴν
1628 2670 1760 2738 ὓλην
1793 2670 1893 2740 τῆς

319 2768 662 2829 συστάσεως.
692 2766 876 2819 Ταῦτα
900 2766 955 2819 δὲ
984 2767 1183 2828 πάντα,
1208 2766 1305 2817 ὅσα
1337 2768 1399 2817 ἐκ
1426 2765 1699 2833 φιλοῦλίας
1723 2764 1894 2817 τίκτε-

315 2876 436 2922 ται,
466 2858 646 2927 ψυχῆς
680 2858 785 2909 είσι
817 2858 984 2924 πάθη,
1018 2856 1165 2921 ζέσιν
1194 2858 1293 2909 οὐκ
1332 2855 1558 2925 ἐχούσης
1592 2855 1725 2923 πρ³›ς
1756 2856 1892 2921 ἀγα.

319 2950 604 3020 θοεργίαν.
641 2949 761 3001 Τῶν
787 2950 894 3017 γὰρ
932 2948 1038 3001 ἀπὸ
1069 2948 1283 3016 φύσεως
1323 2948 1556 3016 ἐχόντων
1587 2947 1685 3015 τὴν
1718 2946 1891 3015 ἀρχὴν

318 3040 543 3101 παθῶν,
588 3039 658 3093 τὰ
687 3040 750 3092 ἑκ
785 3032 1154 3109 προαιρέσεως
1201 3037 1711 3107 εὐαπαλλακτότερά
1755 3041 1888 3090 εἱσι·

317 3131 713 3200 δυσαπόόλητα
741 3131 794 3184 δὲ
819 3131 889 3182 τὰ
928 3133 991 3183 ὲκ
1016 3130 1378 3201 φιλαργυρίας
1400 3130 1542 3199 πάθη
1564 3130 1893 3198 κατεργάζεσ

320 3238 418 3273 ται
449 3222 481 3288 ἠ
509 3219 741 3272 ἀπιστία
798 3220 897 3288 τῆς
927 3220 1020 3272 τοῦ
1048 3220 1184 3272 Θεοῦ
1213 3219 1494 3289 προνοίας.
1527 3220 1708 3290 Ταύτῃ
1735 3221 1841 3289 γὰρ
1865 3221 1894 3271 ὀ

2003 757 2308 823 facultates,
2347 776 2537 831 nempe
2580 764 2631 815 itt
2691 765 3094 831 rationabilem,
3167 767 3489 822 irascibiletu
3533 779 3587 822 et

2002 849 2512 916 conenpiseibilem,
2531 867 2759 920 cumque
2782 854 2862 907 his
2879 855 3129 911 omnibus
3156 866 3395 927 δἐι-οισι,
3423 860 3551 912 meri
3569 887 3585 898 -

2011 947 2067 992 to
2107 940 2349 994 medicus
2408 943 2526 1012 ejus
2591 943 2840 999 Christus
2904 946 2972 1000 ab
3023 947 3234 1011 ultima,
3298 963 3493 1018 nempe
3549 966 3575 1000 a

2003 1031 2462 1099 concupiscentia,
2517 1035 2849 1088 curationem
2904 1039 3087 1103 etrapit.
3158 1037 3404 1106 Namque
3487 1041 3584 1092 alit

2006 1121 2454 1188 concupiscentia
2491 1123 2652 1185 iram.
2687 1124 2769 1179 hie
2825 1137 3004 1180 autem
3055 1129 3174 1181 dum
3217 1137 3453 1181 mentem
3489 1144 3583 1181 sn.-

2009 1209 2195 1275 perbia
2229 1210 2521 1266 inliciunt:
2567 1228 2747 1281 neque
2792 1230 3028 1284 unquam
3067 1226 3355 1270 sanaretur
3385 1217 3581 1270 anima:

2009 1299 2112 1364 ira,
2147 1300 2247 1355 nisi
2281 1313 2466 1355 sanata
2507 1304 2659 1371 prius
2691 1309 3180 1375 concupiscentia;
3218 1322 3393 1378 neque
3418 1308 3577 1363 intel-

1998 1401 2177 1456 ectus,
2215 1395 2320 1447 nisi
2351 1395 2619 1450 ambabus
2650 1396 2758 1450 illis
2791 1406 2952 1451 antea
3009 1399 3243 1456 curatis.

2070 1565 2308 1620 Primam
2347 1580 2525 1624 autem
2579 1573 3034 1642 concupiscentiae
3080 1588 3303 1642 pravam
3341 1576 3579 1629 sobole-in

1996 1657 2041 1711 si
2073 1673 2309 1726 quaeras,
2337 1659 2580 1716 invenies
2614 1677 2855 1716 amorem
2908 1677 3032 1719 esse
3073 1663 3408 1718 divitiarum.
3435 1665 3584 1720 Desi-

1998 1748 2145 1802 deria
2177 1750 2243 1802 ad
2273 1749 2568 1803 vivendum
2619 1736 3217 1817 conferentiaivitiosa
3268 1770 3372 1808 non
3434 1769 3579 1818 sum,

1997 1835 2226 1905 ideoque
2251 1851 2280 1888 a
2320 1839 2524 1892 teneris
2582 1841 2855 1909 unguibus
2896 1843 3056 1895 nobis
3096 1855 3224 1898 sunt
3258 1844 3440 1899 insita.
3486 1846 3585 1899 Pe-

1996 1927 2170 1980 cunire
2198 1936 2373 1980 autem
2402 1930 2671 1998 cupiditas
2702 1933 2863 2000 paulo
2884 1943 3004 2002 post
3046 1935 3200 1989 nobis
3246 1936 3419 1989 adhuc
3451 1950 3581 2006 pun-

2007 2018 2082 2071 ris
2141 2018 2443 2072 innascitur
2477 2036 2491 2076 :
2528 2024 2669 2074 nmle
2725 2023 2890 2091 liquet
2943 2040 3061 2078 eam
3092 2027 3236 2079 haud
3276 2042 3303 2077 a
3367 2037 3582 2086 natura,

2006 2108 2099 2161 sed
2134 2125 2162 2159 a
2210 2109 2490 2163 voluntate
2546 2112 2702 2166 oriri.
2743 2115 2906 2183 Atqui
2931 2115 3074 2167 illam
3130 2117 3371 2168 omnium
3410 2118 3580 2169 [Italu-

2008 2214 2123 2251 rum
2191 2201 2429 2253 radicem
2495 2202 2685 2255 merito
2743 2205 3030 2271 appellavit
3088 2200 3245 2260 divus
3283 2206 3478 2261 Paulus
3512 2210 3582 2260 ".

2002 2288 2259 2354 Quaedam
2293 2292 2435 2345 enim
2472 2293 2735 2346 malorum
2796 2294 2907 2363 ipsa
2971 2298 3132 2364 parit,
3190 2287 3587 2365 nempe-parci-

2007 2383 2263 2444 tnoniam,
2313 2384 2688 2451 mangonium,
2750 2385 2986 2452 rapinas,
3045 2385 3208 2451 furta,
3256 2403 3364 2440 uno
3418 2391 3588 2442 verlm

2009 2487 2172 2528 omne
2211 2487 2382 2541 genus
2440 2477 2701 2541 avaritiae,
2757 2491 2877 2545 qua:
2938 2478 3105 2530 altera
3172 2479 3585 2533 simulacrorum

1999 2564 2236 2619 servitus
2268 2566 2336 2619 ah
2370 2568 2558 2620 eodem
2604 2580 2951 2633 nuncupatur
2991 2568 3056 2622 ³⁸.
3099 2568 3163 2620 Et
3187 2586 3301 2637 quae
3362 2585 3466 2625 non
3496 2587 3589 2639 ge-

2000 2666 2175 2722 nerat,
2208 2655 2323 2711 fere
2348 2659 2529 2711 omnia
2565 2658 2738 2712 nutrit
2795 2669 2849 2713 et
2885 2669 3170 2715 sustentat.
3230 2662 3580 2731 Qttmcunqtte

2001 2758 2178 2802 autem
2227 2763 2290 2802 ex
2316 2751 2559 2818 pecuniae
2582 2752 2763 2805 studio
2808 2763 3129 2815 nascuntur,
3157 2764 3277 2807 sunt
3306 2755 3540 2822 passiam
3561 2771 3588 2807 s

1999 2841 2193 2899 animae
2216 2840 2482 2896 fervorem
2529 2859 2637 2898 non
2672 2845 2919 2899 habentis
2952 2847 3016 2897 ad
3049 2847 3184 2898 bona
3224 2861 3411 2914 opera.
3441 2847 3585 2900 Οιιςιι

1997 2930 2143 2983 enim
2167 2947 2195 2984 a
2219 2932 2493 2986 voluntate
2519 2933 2802 3001 passiones
2840 2935 3052 2989 facilius
3108 2935 3398 3005 pelluntur,
3426 2953 3585 3005 quam

2000 3030 2191 3075 natura
2221 3024 2401 3077 insitzn
2441 3040 2455 3088 ;
2489 3024 2586 3078 scd
2620 3023 2841 3079 difﬁcile
2872 3025 3160 3092 ejiciuntur
3186 3027 3316 3078 vitia
3364 3042 3431 3079 ex
3469 3030 3586 3079 auri

1998 3113 2293 3182 cupiditate
2327 3122 2474 3179 nata,
2504 3115 2574 3169 ob
2594 3100 2943 3170 dimdetttiatu
2986 3118 3184 3169 tlitina:
3209 3117 3565 3171 Providentiae

1998 3204 2099 3270 Qui
2127 3205 2268 3258 enim
2322 3203 2447 3259 huic
2479 3220 2582 3259 non
2643 3207 2833 3274 credit,
2869 3209 2920 3262 in
2973 3210 3194 3264 dititias
3242 3210 3486 3264 conlidit.
3525 3211 3589 3261 [il

327 3311 409 3381 μὴ
441 3309 714 3363 πιστεύων
741 3310 834 3361 ἐπὶ
866 3311 1110 3379 χρήμασι
1141 3309 1388 3363 πέποιθε.
1422 3311 1532 3363 Καὶ
1567 3310 1659 3362 τοῦ
1688 3309 1891 3378 Κυρίου

2004 3297 2242 3365 quamvis
2280 3294 2560 3348 Dominum
2598 3297 2781 3349 audiat
2821 3298 3090 3352 dicentem
3129 3315 3145 3354 ι
3177 3318 3196 3350 ι
3227 3298 3462 3354 Facilius
3502 3317 3530 3351 e
3570 3312 3587 3349 t

324 3401 585 3468 λέγοντος
636 3397 868 3460 ἁκούων,
890 3398 965 3459 ὡς
996 3417 1013 3449 ι
1055 3398 1443 3469 Εὐκοπώτερόν
1472 3400 1609 3465 ἐστι,
1650 3398 1893 3469 κάμηλον

324 3490 419 3543 διὰ
442 3488 795 3558 τρυπήματος
825 3487 1047 3557 ῥαφίδος
1071 3488 1350 3554 εἰσελθεῖν,
1371 3489 1403 3558 ἢ
1427 3490 1679 3542 πλούσιον
1698 3492 1776 3551 εἰς
1797 3489 1894 3559 τὴν

328 3576 617 3646 βασιλείαν
647 3575 757 3628 τῶν
778 3574 1045 3645 οὐρανῶν,
1080 3595 1099 3628 ›
1134 3577 1293 3640 αὐτὸς
1324 3581 1457 3648 παρ’
1489 3578 1641 3631 οὐδὲν
1670 3578 1894 3648 θέμενος

328 3667 632 3737 βασιλείαν,
658 3668 752 3720 καὶ
781 3666 1057 3738 βασιλείαν
1088 3669 1356 3739 οὐράνιον,
1389 3671 1484 3723 καὶ
1516 3671 1708 3732 ἀΐδιον,
1743 3671 1898 3723 ποθεῖ

325 3760 580 3822 πλοῦτον,
613 3759 798 3829 γήῖνόν
825 3778 883 3812 τε
917 3760 1009 3814 καὶ
1036 3761 1355 3833 διαρρἐντα
1396 3762 1644 3828 πλοῦτον,
1676 3762 1734 3825 ὃς
1795 3762 1894 3816 κᾶν

327 3852 406 3920 μὴ
440 3852 589 3920 παρῇ
623 3853 735 3913 τοῖς
770 3850 1057 3917 ποθοῦσιν,
1111 3851 1260 3922 αὑτῷ
1289 3852 1367 3922 τῷ
1401 3853 1681 3906 ποθεῖσθαι
1709 3854 1899 3922 ζημιοῖ

324 3941 394 3994 τὰ
428 3941 683 4011 μέγιστα.
735 3941 1097 4011 Ἐμπίτττουσι
1140 3943 1247 4011 γὰρ
1291 3944 1370 4005 είς
1420 3944 1758 4013 πειρασμοὺς
1806 3944 1898 3996 καὶ

325 4032 573 4101 παγίδας
599 4030 693 4085 τοῦ
716 4032 989 4094 διαϐόλου,
1021 4032 1162 4087 καθά
1185 4050 1319 4102 φησι
1358 4033 1588 4096 Παῦλος,
1623 4034 1671 4084 oi
1708 4032 1898 4084 ἐπιθυ-

325 4123 560 4193 μοῦντες
584 4124 856 4178 πλουτεῖν.
906 4124 1063 4178 Ἀλλὰ
1088 4125 1179 4177 καὶ
1208 4125 1648 4194 παραγενόμενος
1668 4123 1896 4188 οἴκοθεν,

318 4213 497 4279 ἔδειξε
523 4215 686 4283 μηδὲν
720 4213 793 4267 ὧν
816 4230 830 4244 °
857 4211 958 4267 εἷθ’
981 4215 1055 4278 ὡς
1084 4214 1175 4286 [ἐν
1195 4215 1337 4268 ἄλλ.
1373 4213 1448 4267 ἔθ’
1470 4212 1567 4284 ὡς]
1604 4213 1679 4282 μὴ
1707 4212 1898 4282 παρὼν

315 4306 649 4376 διψώμενος,
687 4307 789 4359 ὑπὸ
815 4306 924 4359 τῶν
956 4306 1088 4376 μηδὲ
1114 4311 1180 4377 τῇ
1215 4307 1382 4378 πείρᾳ
1419 4305 1541 4358 νοῦν
1575 4304 1895 4372 εἰληφότων.

315 4399 389 4452 Οὐ
433 4398 552 4466 γὰρ
577 4397 636 4462 ἐξ
670 4398 878 4462 ἐνδείας
905 4380 1202 4469 ὀδύσερως
1246 4394 1401 4461 οὗτος
1446 4397 1616 4469 ἔρως·
1662 4395 1798 4468 αὕτη
1838 4395 1895 4449 δὲ

313 4490 374 4555 ἐξ
399 4490 576 4544 αὑτοῦ
610 4490 808 4561 μᾶλλον
828 4506 843 4519 ·
875 4490 934 4555 ἐξ
963 4472 1274 4562 ἀφροσύνης
1296 4486 1341 4544 δ’
1367 4490 1526 4552 αὑτός
1544 4508 1558 4521 ·
1589 4490 1681 4558 ἀφ’
1702 4484 1770 4561 ἦς
1800 4488 1897 4541 καὶ

317 4581 345 4632 ὁ
367 4579 659 4650 καθαιρῶν
676 4580 773 4640 τὰς
794 4580 1077 4651 ἀποθήκας
1097 4581 1322 4645 ἐκεῖνος,
1344 4580 1437 4634 καὶ
1462 4579 1715 4649 μείζονας
1747 4580 1894 4631 οἱκο-

2002 3400 2296 3457 pauperem
2325 3401 2420 3453 ,ει-
2452 3385 2694 3441 foramen
2717 3402 2846 3442 acus
2880 3389 3132 3453 transire,
3160 3405 3318 3457 quam
3369 3391 3586 3442 divitem

2003 3475 2206 3531 intrare
2227 3476 2279 3530 iu
2316 3492 2541 3546 regnum
2570 3478 2827 3531 caelorum
2853 3479 2952 3544 ",t
2977 3480 3090 3546 ipse
3117 3495 3213 3549 pro
3239 3480 3406 3533 nihilo
3431 3494 3590 3548 repu—

2001 3575 2123 3622 tans
2151 3581 2372 3637 regnum
2392 3579 2446 3621 et
2474 3569 2689 3636 quidem
2713 3584 2936 3639 regnum
2958 3571 3178 3625 caeleste
3214 3582 3269 3624 et
3301 3584 3585 3629 atterunt",

2001 3660 2209 3731 appetit
2240 3660 2484 3723 divitias,
2527 3670 2821 3714 terrestres
2850 3673 2903 3714 et
2960 3659 3138 3715 ﬂuxas
3193 3660 3432 3723 divitias,
3470 3676 3589 3726 qua:

2002 3755 2048 3808 si
2071 3768 2177 3806 non
2202 3754 2381 3807 adsint
2414 3753 2878 3820 desiderantibus,
2904 3754 3023 3825 ipso
3055 3754 3328 3808 desiderio
3355 3754 3589 3806 maxime

2005 3857 2221 3899 uocent.
2254 3863 2273 3897 ι
2335 3842 2468 3898 Nam
2525 3847 2618 3914 qui
2673 3849 2854 3900 volunt
2915 3845 3106 3899 divites
3163 3843 3308 3909 fieri,
3344 3845 3589 3899 incidunt

2006 3933 2058 3988 itt
2097 3938 2522 3989 tentationentet
2556 3938 2886 4004 inlaquequ
2943 3938 3162 3998 diaboli,
3212 3945 3267 3989 ut
3317 3937 3393 3988 ait
3450 3935 3589 3989 Pan-

2007 4027 2089 4080 lus
2120 4027 2184 4078 ³⁸.
2218 4044 2236 4075 ι
2280 4023 2389 4078 lmo
2424 4026 2514 4092 qui
2542 4041 2606 4077 ex
2629 4027 2822 4092 seipsis
2846 4025 3061 4078 divitias
3081 4027 3299 4091 hahent,
3331 4035 3586 4094 tanquam

2008 4116 2141 4171 nihil
2172 4116 2431 4170 habentes
2470 4117 2569 4170 sibi
2627 4117 2904 4178 videntur,
2940 4120 3002 4169 a'c
3052 4116 3302 4184 proinde,
3325 4130 3443 4184 qua:
3484 4133 3586 4167 non

2008 4208 2232 4269 habent,
2265 4208 2474 4271 sitiunt,
2530 4220 2597 4259 ne
2652 4206 2985 4274 esperientia
3042 4206 3259 4274 quidem
3316 4206 3587 4274 sapientes

2009 4300 2164 4354 lacti.
2194 4299 2384 4368 Neque
2441 4298 2586 4350 enim
2635 4298 2783 4350 venit
2830 4297 2896 4349 ah
2950 4281 3188 4365 egestate
3249 4296 3586 4349 miserrimus

2009 4393 2111 4445 iste
2145 4406 2317 4452 amor,
2355 4389 2446 4443 sed
2483 4388 2659 4456 potius
2685 4389 2796 4442 haec
2821 4386 2887 4441 ab
2922 4387 3037 4450 illo,
3075 4388 3187 4456 ipse
3219 4402 3346 4441 vero
3380 4402 3447 4441 ex
3507 4388 3586 4439 in-

2007 4485 2179 4547 sania,
2233 4483 2378 4536 unde
2420 4483 2508 4535 ille
2558 4483 2839 4536 destructis
2892 4481 3083 4533 horrea
3118 4490 3327 4541 sua,et
3377 4480 3582 4548 Illajnta

2009 4576 2235 4638 fat-iens,
2289 4575 2485 4628 stultus
2542 4576 2842 4630 rectissime
2879 4589 2907 4625 a
2954 4572 3177 4626 Domino
3221 4582 3410 4625 nosuo
3455 4571 3581 4624 Jesu

322 4671 526 4741 δομῶν,
550 4671 700 4740 παρὰ
724 4671 815 4724 τοῦ
838 4670 1017 4724 κοινοῦ
1035 4671 1305 4724 Δεσπότου
1324 4669 1559 4741 Χριστοῦ
1576 4669 1888 4721 δικαιότατα

2010 4667 2230 4722 Christo
2266 4678 2507 4720 vocatur.
2545 4664 2825 4730 Quomodo
2854 4664 2999 4717 enim
3042 4678 3150 4715 non
3206 4665 3452 4726 insanus,
3487 4679 3575 4730 qui

337 4759 606 4815 καλεῖται.
632 4761 757 4824 Πῶς
784 4760 892 4830 γὰρ
919 4761 1017 4814 οὐκ
1045 4761 1251 4831 ἄφρων,
1280 4760 1337 4823 ὃς
1369 4759 1476 4813 τῶν
1511 4758 1676 4829 μηδὲν
1705 4758 1893 4826 όιῆοαι

328 4861 646 4932 δυναμένων
665 4859 829 4915 ἕνεκα
863 4858 1061 4931 (οὐδενὶ
1101 4861 1211 4931 γὰρ
1239 4864 1303 4916 ὲκ
1328 4862 1420 4916 τοῦ
1453 4862 1714 4932 περισσοῦ
1756 4864 1903 4915 ἐστιν

335 4957 368 5024 ἡ
400 4955 516 5020 ζωὴ
545 4952 694 5022 αὐτῷ
721 4953 786 5004 ἐκ
812 4953 919 5005 τῶν
950 4953 1303 5024 ὑπαρχόντων
1351 4955 1542 5024 αὐτῷ),
1574 4956 1780 5009 τούτων
1812 4952 1905 5008 οὖν

338 5043 518 5114 χάριν,
550 5043 617 5096 τὰ
645 5043 1064 5097 λυσιτελέστατα
1124 5046 1453 5114 προδίδωσι,
1497 5048 1590 5101 καὶ
1631 5049 1693 5101 οὑ
1744 5049 1906 5115 σοφὸς

340 5134 546 5201 γίνεται
581 5132 1031 5203 πραγματευτὴς,
1070 5136 1164 5188 καὶ
1204 5136 1311 5188 τῶν
1353 5138 1664 5203 ἀναγκαίων
1700 5136 1901 5198 αὐτῶν.

343 5227 485 5277 κατὰ
514 5224 574 5278 τὸ
601 5225 824 5280 δυνατὸν
863 5226 1130 5293 ὑφαιρῶν,
1167 5227 1260 5279 καὶ
1287 5227 1597 5296 προστιθεὶς
1625 5227 1701 5295 τῷ
1734 5244 1904 5295 κεφα-

343 5317 474 5387 λαίῳ
499 5319 590 5386 τῆς
610 5318 776 5381 ὅντως
794 5319 1099 5387 πολυφόρου
1124 5320 1215 5371 καὶ
1238 5317 1598 5388 πολυκερδοῦς
1614 5321 1904 5387 ἐμπορίας,

343 5408 374 5478 ἢ
409 5409 713 5476 remp-rius;
757 5410 1052 5478 γεωργίας,
1082 5410 1139 5479 ἢ,
1186 5411 1279 5462 καὶ
1320 5410 1447 5479 πρὶν
1491 5409 1779 5477 ἐφεστάναι
1815 5409 1908 5463 τὸν

346 5497 436 5550 τοῦ
485 5499 697 5567 ἀμητοῦ
738 5502 949 5570 καιρὸν,
1007 5502 1085 5562 εἰς
1133 5500 1328 5553 ἑκατὸν
1381 5499 1804 5564 πολυπλασιάζει
1847 5502 1907 5555 τὸ

349 5588 680 5660 καταϐληθὲν
703 5610 715 5623 ’
746 5586 859 5643 οἷον
886 5590 1243 5661 προδεικνῦσα
1270 5592 1330 5643 τὸ
1361 5590 1549 5660 μέλλον
1574 5592 1783 5662 κέρδος,
1812 5594 1907 5646 καὶ

410 5764 455 5794 ⁸⁵
508 5763 528 5817 Ι
562 5764 702 5821 T.ut.
748 5784 818 5833 τι,
854 5772 931 5825 l0.
1008 5771 1275 5827 8"Cnloss.
1311 5789 1389 5834 ιιι,
1424 5774 1473 5827 5.

1549 5776 1591 5804 ³⁷
1623 5776 1809 5831 Μιῐιὶι.
1834 5791 1944 5842 xtx,
1976 5775 2064 5826 ‘Zl.

2008 4773 2107 4829 pro
2148 4761 2309 4814 rebus
2340 4758 2467 4811 nihil
2522 4758 2777 4825 prodesse
2815 4754 3115 4809 valentibus
3164 4755 3308 4822 (nam
3360 4755 3581 4805 minime

2009 4851 2460 4904 abundantiorem
2489 4850 2649 4904 habet
2708 4849 2871 4903 vitam
2909 4862 2977 4900 ex
3012 4847 3097 4899 his
3142 4863 3257 4914 qua:
3292 4847 3578 4913 pussdet),

2012 4961 2108 5015 pro
2145 4946 2280 5011 istis,
2312 4948 2549 5014 inquam,
2590 4943 2976 5014 pretiosissima
3012 4943 3191 5004 tradit,
3228 4956 3327 4994 nec
3361 4942 3579 5008 sapien-

2014 5046 2120 5091 tem
2182 5038 2428 5092 imitatur
2485 5038 2893 5108 negotiatorem,
2950 5037 3018 5089 ab
3076 5034 3203 5100 ipsis
3260 5032 3583 5087 necessariis

2013 5140 2274 5197 quantuni
2329 5139 2507 5199 potest
2542 5132 2940 5192 detrahentetn,
2975 5128 3117 5196 quod
3157 5127 3318 5179 addat
3359 5142 3580 5178 summa:

2013 5220 2369 5277 lucrosissimi
2425 5222 2858 5288 feracissimique
2917 5231 3187 5274 mercatus
3225 5230 3278 5272 et
3339 5214 3580 5285 pt'wdii?

2010 5312 2199 5381 praedii
2255 5317 2487 5378 scilicet,
2522 5315 2667 5382 quod
2705 5328 2993 5381 antequam
3033 5315 3313 5367 advenerit
3368 5321 3579 5372 tempus

2010 5406 2223 5469 messis,
2276 5407 2571 5460 centesima
2623 5406 2776 5474 t'iuge
2830 5421 3011 5460 semen
3064 5403 3399 5471 multiplicat,
3440 5403 3579 5463 velat

2001 5507 2436 5564 prauuonstraus
2472 5497 2710 5549 futurum
2746 5497 2976 5561 lucrum,
3001 5507 3058 5551 et
3107 5495 3460 5561 colligendam
3520 5496 3571 5544 in

2003 5601 2248 5662 tempore
2273 5590 2429 5644 tritici
2478 5603 2784 5641 mensuram
2818 5588 3135 5643 iueﬂ'abilem
3167 5596 3219 5639 et
3274 5585 3577 5651 incompre-

2143 5771 2403 5825 "lTim.
2463 5786 2531 5835 \‘t,
2584 5770 2636 5823 9.
2704 5844 2719 5857 κ
