4146 6308
562 332 697 396 1031

1820 331 2135 392 GRECOR
2153 332 2203 389 ll
2251 331 2338 390 ΓΑ
2355 333 2501 390 L.-\.\i
2519 333 2578 392 ,Ε

3697 321 3827 386 ιυοι

558 440 908 501 ιιιιιιεὶιιίιριιι,
942 450 997 491 ct
1048 439 1153 493 hoc
1212 441 1701 503 mirabilissimum,
1736 443 1877 512 quod
1937 451 2084 494 tanta
2121 456 2148 493 υ

2273 451 2368 522 τὴν
2402 453 2494 504 ἐπὶ
2538 448 2629 505 τοῦ
2667 451 2859 523 καιροῦ
2905 451 3102 522 φορὰν,
3140 450 3215 515 rb;
3257 450 3622 522 ἀνεκλάλητὸν
3652 470 3711 505 τε
3743 458 3829 507 καὶ

554 535 787 588 tantulis
837 533 1066 604 prodeat
1099 532 1335 588 cellariis
1377 549 1556 604 seges.

628 625 707 681 ita
735 639 806 680 ne
835 625 886 679 in
925 623 1129 681 divitiis
1152 624 1368 693 quidem
1412 625 1664 681 homines
1715 623 1901 680 delirit
1945 626 2151 682 amoris

572 733 736 788 opum
791 732 978 783 causa,
1017 716 1113 772 sed
1147 725 1440 788 cgrstatem
1496 715 1712 784 timent,
1740 717 2148 789 promittentem

553 810 741 866 nuntia
769 811 922 866 hicre
939 810 1242 880 adjicienda
1271 809 1643 879 quaerentibus
1685 825 1910 882 regnum
1936 808 2030 865 Dei
2078 810 2147 876 ³⁸,

562 903 786 959 minime
818 903 1121 966 credentes,
1179 912 1234 957 et
1268 901 1367 957 has
1398 911 1606 956 tantum
1636 902 1971 959 mstimantes
2015 902 2151 956 divi-

566 997 697 1061 tias,
718 994 933 1049 etiamsi
952 993 1205 1048 omnibus
1228 991 1631 1055 circumiiuant.
1658 992 1727 1047 ab
1744 992 1847 1047 ista
1872 992 2149 1048 morbiiica

551 1096 613 1141 et
658 1086 860 1142 exitiali
920 1084 1216 1154 cupiditate
1269 1098 1546 1154 nunquam
1607 1084 1937 1155 resipiscunt
1976 1126 1991 1147 ,
2055 1082 2147 1138 sed

564 1176 784 1247 semper
833 1184 1219 1246 congerentes,
1253 1175 1356 1230 sibi
1396 1176 1681 1246 imponunt
1740 1190 1881 1232 onus
1936 1175 2147 1239 inutile,

556 1269 641 1323 vel
678 1269 859 1338 potius
913 1268 1268 1323 novissimum
1305 1267 1408 1323 sibi
1454 1269 1634 1323 adhuc
1686 1267 1827 1322 vivis
1881 1268 2149 1322 tumulqu

565 1363 1002 1428 circumponunt.
1061 1360 1119 1415 lu
1186 1376 1393 1415 meram
1434 1361 1579 1416 cnim
1638 1368 1838 1417 terram
1899 1360 2152 1416 homines

556 1452 764 1508 mortui
793 1451 1149 1515 infodiuntur,
1171 1452 1223 1506 in
1260 1465 1423 1507 aurea
1470 1461 1651 1507 autem
1711 1453 1900 1517 humo,
1918 1452 2151 1506 viventis

553 1543 711 1598 avari
741 1544 974 1598 animus.
1006 1541 1072 1596 Et
1100 1542 1323 1598 fetidum
1381 1551 1465 1598 est
1494 1544 1597 1598 hoc
1639 1543 1795 1599 istius
1841 1544 2148 1614 sepulcrum

556 1637 627 1690 iis
649 1636 739 1704 qui
766 1649 931 1689 sanos
960 1634 1162 1689 habent
1196 1650 1412 1698 sensus,
1460 1644 1512 1689 et
1545 1643 1698 1689 tanto
1726 1637 1915 1707 magis,
1945 1648 2152 1706 quanto

560 1730 686 1795 plus
713 1727 935 1795 adjiciet
973 1724 1153 1782 terrm}
1188 1725 1435 1796 Namque
1466 1727 1795 1795 mgravescit
1819 1726 2149 1796 sepultorum

2272 544 2590 615 ἀνεννόητον
2610 560 2623 574 ⁸
2656 545 2751 598 καὶ
2773 544 2834 597 τὸ
2860 543 3313 614 παραδοξότατον,
3346 546 3472 599 ὅσον
3499 543 3566 598 ἀν
3593 545 3696 599 ἀπὸ
3721 563 3832 598 στε-

2272 636 2527 708 νωτέρων
2619 635 2861 705 ταμείων
2892 635 2959 690 τὰ
3002 635 3326 705 σπέρματω
3373 633 3548 699 οὑτως
3594 636 3711 689 οὑδέ
3753 637 3828 689 ἐπ’

2272 728 2462 797 ἀγαθῴ
2488 730 2601 791 τοῖς
2641 728 2948 796 ἀνθρώποις
2974 727 3249 797 πρόφασις
3287 727 3527 795 ἐφέσεως
3548 726 3645 780 τοῦ
3675 730 3830 781 πλου-

2270 821 2382 871 τεῖν
2413 818 2825 872 ὑπολέλειπται’
2861 819 2996 871 ἀλλὰ
3025 818 3122 888 τὴν
3161 818 3368 871 ἔνδειαν
3409 819 3736 890 ὑφορῶνται,
3761 820 3832 891 τῷ

2272 911 2603 981 προσθήσειν
2628 913 2840 981 ὑπεσχη
2849 913 2994 980 μένῳ
3012 912 3080 963 τὰ
3105 911 3232 982 τῇδε
3263 911 3458 975 πάντα,
3488 914 3598 975 τοῖς
3620 911 3832 982 ζητοῦσι

2272 1002 2370 1070 τὴν
2418 1001 2513 1055 τοῦ
2553 1000 2689 1055 Θεοῦ
2735 1001 3044 1071 βασιλείαν,
3087 1000 3161 1071 μὴ
3213 1000 3430 1061 πάντως
3470 1002 3831 1066 πιστεύοντες,

2270 1091 2367 1143 καὶ
2390 1089 2600 1159 ταύτην
2632 1091 2800 1161 μόνην
2820 1090 3032 1159 ἔχοντες
3055 1090 3332 1161 ἀφορμὴν,
3362 1090 3463 1144 κᾶν
3485 1091 3664 1145 πάντα
3694 1108 3835 1163 περιο

2271 1180 2597 1245 ϐάλλωνται,
2631 1182 2730 1251 τῆς
2752 1199 2871 1234 νοσε
2882 1183 2981 1252 ρᾶς
3006 1182 3098 1234 καὶ
3126 1181 3511 1252 ἀπολουμένης
3545 1181 3834 1251 ἐπιθυμίας

2267 1272 2525 1326 οὐδέποτε
2556 1273 2915 1343 ἀναφέρουσιν
2936 1290 2949 1303 ο
2974 1273 3090 1327 ἀλλ’
3123 1273 3212 1327 ἀεὶ
3235 1273 3604 1341 συλλέγοντες,
3631 1275 3832 1335 ἐαυτοῑς

2269 1360 2587 1415 ἀνατιθέασι
2639 1361 2835 1432 φόρτον
2875 1361 3154 1431 ἀνόνητον,
3200 1361 3400 1431 μᾶλλον
3435 1363 3491 1415 δὲ
3522 1363 3834 1415 καινότατον

2269 1449 2351 1502 ἔτι
2382 1449 2517 1514 ζῶσι
2542 1450 2710 1519 τάφον
2744 1450 3105 1520 περιτιθέασι.
3148 1452 3226 1521 Τῇ
3259 1450 3360 1520 μὲν
3405 1451 3514 1524 γὰρ
3546 1452 3734 1514 ἀπλῶς
3768 1454 3832 1521 γῇ

2271 1539 2381 1592 τῶν
2410 1538 2712 1609 ἀνθρώπων
2742 1542 2790 1595 οἱ
2813 1539 2996 1610 νεκροὶ
3020 1532 3442 1609 κατο¹ρύττονται
3470 1555 3483 1568 ·
3515 1540 3595 1611 τῷ
3616 1541 3675 1594 δὲ
3702 1542 3833 1594 κατᾶ

2270 1631 2472 1701 χρυσὸν
2500 1631 2603 1702 χοῖ,
2637 1633 2664 1684 6
2688 1630 2780 1685 τοῦ
2801 1631 3003 1696 ζῶντος
3032 1633 3371 1704 φιλαργύρου
3401 1633 3546 1696 νοῦς.
3584 1635 3695 1686 Καὶ
3721 1633 3833 1686 δυσ-

2266 1719 2565 1790 ωδέστερος
2603 1715 2756 1783 οὗτος
2776 1721 2804 1774 ὁ
2832 1723 2998 1790 τάφος
3061 1723 3292 1784 ἐκείνου,
3328 1724 3439 1785 τοῖς
3471 1723 3638 1790 ὑγιῶς
3661 1722 3832 1793 ἔχουσι

556 1791 795 1872 έιιοιηιιπι⁷
833 1817 1127 1872 infelicium
1165 1791 1430 1882 ulcus,-et
1483 1791 1605 1887 eius
1656 1828 1819 1887 putor
1875 1791 2050 1885 usque
2082 1816 2148 1870 ad

2271 1810 2379 1864 τῶν
2423 1811 2761 1880 αἰσθήσεων·
2801 1814 2897 1864 καὶ
2942 1813 3197 1865 τοσοῦτον
3252 1813 3473 1882 μᾶλλον,
3521 1815 3647 1867 ὅσον
3681 1815 3833 1868 πλέον

557 1908 767 1965 coelum
782 1907 977 1975 fertur,
1017 1917 1074 1964 et
1103 1909 1169 1962 ad
1222 1907 1442 1976 angelos
1506 1908 1622 1970 Dei,
1654 1916 1708 1962 et
1743 1905 1810 1961 ad
1862 1905 2052 1961 Deum.
2085 1907 2154 1961 Et

558 2001 640 2057 sic
655 2000 1015 2057 exsecrabiles
1043 1998 1191 2064 facti,
1207 2011 1263 2054 et
1283 1999 1704 2055 abominationis
1726 2013 1853 2054 vere
1878 1998 2151 2062 homines,

565 2092 910 2162 putruerunt,
940 2104 998 2147 ut
1022 2091 1338 2147 Davidicum
1364 2096 1573 2161 loquar,
1599 2106 1629 2146 a
1656 2091 1793 2148 iacio
1825 2091 2153 2161 insipientia:

560 2200 674 2240 sua:
707 2186 779 2239 “.

638 2277 859 2332 Liberat
888 2286 1066 2332 autem
1098 2275 1349 2331 homines
1378 2276 1448 2331 ab
1472 2277 1575 2333 hac
1595 2274 1763 2332 fetida
1787 2275 2154 2346 lethit‘eraque

560 2370 708 2434 tabe,
742 2369 914 2424 electa
945 2368 1254 2424 voluntarie
1282 2377 1338 2422 et
1370 2383 1477 2423 non
1527 2369 1597 2422 ad
1628 2368 1908 2423 hominum
1935 2368 2152 2424 laudem

561 2463 769 2530 inopia,
802 2462 853 2515 id
878 2473 984 2526 est,
1031 2460 1332 2530 spiritualis
1368 2471 1665 2531 paupertas
1694 2475 1856 2530 Quam
1895 2459 2156 2517 Dominus

562 2554 777 2606 beatam
805 2551 1146 2621 prmdieavit.
1411 2604 1424 2615 ,

636 2643 934 2699 Monachus
989 2642 1126 2698 vitio
1179 2642 1268 2697 illo
1328 2642 1600 2711 laborans,
1637 2659 1745 2698 non
1800 2653 1982 2713 potest
2031 2659 2157 2701 esse

571 2737 841 2789 subditus.
875 2734 932 2789 Si
989 2744 1172 2788 autent
1205 2744 1515 2803 perm-reret
1553 2736 1787 2789 maxima
1833 2752 1954 2790 cum
1987 2738 2157 2806 perti-

564 2827 740 2894 nacia,
769 2827 926 2882 νςιιιιθ
974 2828 1268 2882 timendum
1316 2833 1400 2882 est
1435 2840 1507 2882 ne
1553 2826 2040 2884 irre-mediabilibus
2074 2829 2156 2885 vel

567 2917 815 2984 corporis
845 2915 1045 2971 incidat
1086 2916 1261 2971 malis.
1290 2915 1443 2971 Giczi
1469 2925 1526 2973 et
1555 2914 1748 2982 ludas,
1784 2933 1848 2972 ex
1889 2917 2072 2973 Veteri
2101 2928 2157 2973 et

569 3009 720 3063 Novo
746 3007 1119 3073 Testamento,
1156 3017 1279 3079 apta
1310 3018 1437 3064 sunt
1483 3010 1752 3078 exetnpla.
1787 3010 1955 3064 Alteri
2012 3009 2154 3063 enim

566 3101 834 3156 succurrit
886 3100 1059 3169 lepra,
1095 3100 1272 3171 imago
1327 3103 1526 3156 animat
1567 3102 1906 3167 insanabilis,
1939 3102 2074 3154 alter
2103 3104 2153 3153 in

570 3207 704 3264 agro
748 3192 1053 3262 sanguinis,
1083 3207 1148 3246 ex
1210 3190 1402 3261 laqueo
1436 3194 1733 3259 detractus,
1763 3206 2002 3262 praeceps
2032 3208 2154 3249 cre-

569 3288 686 3357 puit
715 3286 946 3354 medius,
978 3293 1032 3342 et
1068 3284 1265 3342 diffusa
1288 3297 1418 3342 sunt
1450 3288 1661 3343 viscera
1687 3286 1803 3357 ejus
1834 3286 1903 3339 “.

646 3566 753 3623 Sed
779 3566 824 3623 si
859 3575 1152 3637 paupertas
1172 3564 1440 3620 antecedit
1470 3564 1861 3625 obedientiam.
1881 3569 2154 3635 quoniqu

573 3668 869 3730 praecurret
915 3656 1262 3712 antecedenti
1311 3656 1695 3725 consequens?
1724 3656 1778 3709 Si
1831 3667 2013 3710 autem
2065 3657 2155 3710 illa

571 3754 695 3807 vita:
735 3749 1071 3805 monachicae
1100 3758 1182 3802 est
1204 3748 1348 3801 velut
1368 3747 1699 3802 elementare
1717 3747 1985 3816 quoddam
2009 3746 2157 3817 priu-

573 3846 802 3914 cipium,
830 3841 1105 3913 quomodo
1124 3840 1356 3910 aliquam
1372 3841 1530 3894 aliam
1557 3840 1822 3896 luctarnm
1849 3841 1969 3894 vitae
1994 3840 2156 3908 hujus

574 3939 712 3992 bene
729 3935 975 4001 sulierat,
1002 3934 1092 4005 qui
1113 3947 1219 3988 nou
1238 3932 1393 4004 prius
1415 3933 1617 3989 divitiis
1655 3930 2157 3988 abrenuntiaverit?

574 4030 716 4097 Quid
748 4030 891 4084 enim
927 4029 950 4083 2
982 4028 1145 4084 etiam
1178 4029 1223 4084 si
1250 4027 1316 4081 ad
1343 4027 1707 4083 obedientiam
1742 4026 1830 4081 ille
1858 4027 1931 4082 sit
1962 4040 2157 4095 repro-

574 4125 699 4191 bus,
741 4130 983 4179 attamen
1039 4123 1345 4191 requiescet
1403 4121 1552 4177 solus
1604 4120 1657 4175 in
1715 4120 1872 4187 cclla,
1908 4133 2153 4175 seorsum

573 4218 862 4287 quiescens
893 4226 947 4270 et
998 4215 1230 4270 orationi
1281 4228 1483 4268 vacans
1513 4214 1537 4267 ?
1568 4215 1635 4267 At
1670 4227 1685 4268 :
1726 4229 1746 4265 ι
1787 4212 1888 4268 Ubi
1922 4219 2007 4265 est
2033 4213 2156 4266 the-

574 4325 771 4363 saurus
806 4318 949 4371 tuus,
985 4307 1063 4361 ait
1093 4305 1381 4370 Dominus,
1425 4305 1498 4360 ibi
1522 4315 1606 4360 est
1638 4313 1692 4360 et
1722 4318 1819 4359 cor
1851 4312 1998 4356 tuum
2028 4303 2098 4357 δ’.
2132 4320 2150 4354 ι

574 4394 858 4461 Quomodo
892 4394 1060 4462 igitur
1089 4393 1401 4447 mentaliter
1446 4393 1748 4448 intuebitur
1774 4393 2054 4447 sedentem
2090 4394 2155 4447 ad

2269 1902 2523 1971 ἐπιθήσει
2552 1905 2644 1955 τὸν
2676 1902 2823 1973 χοῦν.
2864 1904 3009 1974 Νικᾷ
3042 1904 3150 1974 γὰρ
3183 1905 3244 1958 τὸ
3268 1906 3376 1958 τῶν
3412 1907 3830 1976 κατακεχωσμέ-

2269 2010 2376 2045 νων
2411 1994 2636 2047 ἐκείνων
2666 1994 2868 2047 ἀθλίων
2909 1995 3065 2058 ἕλκος
3088 2012 3100 2025 ·
3133 1997 3226 2048 καὶ
3278 1997 3470 2066 μέχρις
3509 1998 3741 2066 ούρανοῦ
3773 1999 3833 2050 τὰ

2268 2080 2367 2150 τῆς
2385 2081 2559 2152 ὀσμῆς
2578 2083 2826 2153 φέρεται,
2853 2083 2945 2137 καὶ
2968 2085 3074 2136 τῶν
3099 2085 3347 2152 ἀγγέλων
3377 2084 3535 2151 Θεοῦ,
3564 2088 3661 2140 καὶ
3682 2087 3828 2139 Θεοῦ.

2273 2171 2384 2225 Καὶ
2418 2171 2900 2251 βδελυκτοὶυταύτῃ
2932 2175 3199 2251 γίνονται,
3233 2175 3450 2245 καὶτῆς
3488 2179 3831 2249 ἀποστροφῆς

2267 2264 2439 2331 ὅντως
2466 2249 2764 2340 ἄνθρωποι,
2817 2249 3122 2333 Δαυῗτικῶς
3164 2271 3357 2335 εἰπεῖν,
3393 2270 3502 2323 ἀπὸ
3549 2273 3830 2341 προσώπου

2268 2358 2366 2427 τῆς
2391 2359 2702 2430 ἀφροσύνης
2732 2360 2911 2413 αὐτῶν
2928 2359 3379 2431 προσοζέσαντες.
3410 2361 3763 2417 Ἀπαλλάττει
3781 2365 3831 2415 δὲ

2267 2447 2394 2510 τοὺς
2422 2447 2766 2518 ἀνθρώπους,
2787 2449 2880 2502 τοῦ
2903 2449 3171 2514 δυσώδους
3192 2451 3288 2503 καὶ
3310 2453 3631 2521 νεκροποιοῦ
3656 2455 3831 2506 τούτου

2272 2539 2509 2604 πάθους,
2542 2540 2575 2608 ή
2628 2541 2702 2608 μὴ
2754 2540 2893 2610 πρὸς
2944 2540 3469 2611 ἀνθρωπαρέσκειαν
3538 2542 3833 2605 ἐθελούσιος

2271 2629 2628 2700 ἀκτημοσύνη
2648 2646 2663 2661 ’
2680 2630 2874 2684 ταυτὸν
2896 2631 2940 2684 δ’
2958 2631 3181 2701 εἰπεῖνή
3200 2633 3257 2684 ἐν
3278 2632 3549 2702 πνεύματι
3577 2633 3829 2703 πτωχεία,

2270 2721 2336 2792 ἢν
2364 2723 2392 2774 6
2434 2720 2634 2790 Κύριος
2696 2722 3024 2792 ἐμακάρισε.
3077 2723 3326 2794 Μοναχὸν
3374 2725 3435 2777 τὺ
3484 2725 3658 2788 πάθος
3697 2727 3831 2777 τοῦτ’

2268 2812 2459 2883 ἔχοντα
2499 2813 2841 2881 ὑποταγῆναι
2871 2814 3152 2868 ἀδύνατον.
3188 2816 3286 2867 "Av
3339 2816 3395 2869 δὲ
3428 2818 3721 2888 παραμένῃ
3747 2834 3831 2869 πε-

2270 2917 2476 2974 ριέπων
2502 2904 2582 2957 ὅτι
2607 2906 2865 2974 μάλιστα,
2894 2905 3028 2958 πολὺ
3044 2906 3105 2958 τὸ
3125 2907 3262 2969 δέος,
3298 2906 3373 2976 μὴ
3405 2908 3497 2961 καὶ
3521 2910 3832 2977 ἀνηκέστοις
3856 2901 3860 2904 ⁴

2271 2994 2411 3046 κατὰ
2443 2993 2604 3065 σῶμα
2636 2997 2911 3069 περιπέσῃ
2942 3000 3152 3059 κακοῖς.
3191 2999 3350 3067 regi,
3377 2999 3472 3050 καὶ
3522 3000 3743 3064 Ἰούδας,
3773 3004 3831 3053 ἐκ

2273 3083 2515 3145 ῐιαλαιᾶς
2554 3085 2647 3137 καὶ
2688 3085 2830 3149 Νέας
2880 3087 3175 3159 Διαθήκης,
3233 3089 3394 3142 ἱκανᾶ
3443 3090 3828 3161 ὑποδείγματα.

2270 3171 2359 3241 Τῷ
2389 3174 2488 3242 μὲν
2510 3174 2619 3245 γὰρ
2648 3176 2822 3245 λέπρα
2856 3175 3141 3247 ἐξήνθησε,
3172 3177 3369 3247 δεῖγμα
3401 3179 3499 3249 τῆς
3529 3181 3830 3250 ἀθεραπεύ-

2267 3280 2363 3315 του
2416 3264 2622 3335 ψυχῆς·
2658 3270 2684 3319 6
2719 3266 2775 3319 δὲ
2821 3269 2879 3321 ἐν
2940 3267 3020 3336 τῷ
3059 3267 3246 3338 χωρίῳ
3311 3266 3404 3319 τοῦ
3464 3268 3735 3338 αἵματος,
3778 3269 3832 3335 ἐξ

2269 3358 2503 3427 ἀγχόνης
2564 3359 2854 3431 χωρισθεὶς
2909 3359 3011 3431 [ἐν
3063 3361 3202 3415 ἄλλ.
3242 3364 3503 3435 χωρήσας
3524 3364 3568 3436 ],
3630 3366 3832 3436 πρηνής

2267 3448 2503 3520 ὲλάκησε
2537 3452 2720 3521 μέσος,
2758 3453 2851 3506 καὶ
2878 3454 3107 3523 ἐξεχύθη
3144 3454 3213 3508 τά
3239 3456 3521 3527 σπλάγχνα
3543 3459 3735 3513 αὑτοῦ.

2250 3568 2278 3586 κ
2340 3539 2402 3592 Ei
2433 3539 2543 3611 δὲή
2580 3541 2832 3612 ἀποταγὴ
2880 3544 3201 3613 προηγεῖται
3232 3545 3330 3615 τῆς
3381 3547 3690 3618 ὑποταγῆς,
3728 3548 3833 3610 πῶς

2268 3628 2421 3684 ἔσται
2452 3631 2559 3702 πρὸ
2582 3632 2675 3686 τοῦ
2709 3633 3013 3703 ἡγουμένου
3037 3635 3098 3687 τέι
3120 3635 3413 3706 ἐπόμενον;
3442 3639 3503 3691 Εἰ
3532 3638 3591 3691 δὲ
3623 3642 3718 3693 καὶ
3740 3639 3833 3709 τῆς

2268 3723 2411 3775 κατὰ
2438 3725 2701 3794 μοναχοὺς
2726 3724 3020 3789 πολιτείας,
3055 3720 3166 3779 οἷόν
3200 3744 3284 3790 τις
3316 3730 3669 3800 στοιχειώδης
3701 3731 3832 3802 ἀρχὴ

2266 3814 2605 3886 καθέστηκεν
2636 3815 2798 3884 αὕτη,
2840 3817 2957 3883 πῶς
2984 3818 3049 3871 ἂν
3082 3820 3265 3891 ἕτερον
3297 3839 3420 3873 τινα
3448 3822 3706 3895 διενέγκῃ
3744 3843 3832 3877 κα-

2265 3904 2374 3968 λῶς
2401 3906 2509 3959 τῶν
2541 3909 2664 3961 κατῒ
2689 3909 2858 3978 αὑτὴν
2885 3908 3133 3977 ἀγώνων,
3159 3913 3184 3963 ὁ
3213 3910 3287 3982 μὴ
3315 3913 3596 3983 χρήμασιν
3634 3917 3834 3969 ἀποτα-

2267 3998 2499 4069 ξάμενος
2534 4000 2832 4073 πρότερον;
2860 4003 2926 4056 Τί
2961 4003 3089 4071 γὰρ,
3121 4005 3168 4055 εἰ
3201 4006 3294 4056 καὶ
3342 4006 3477 4074 πρὸς
3508 4008 3787 4079 ὑποταγὴν
3808 4008 3833 4060 6

2265 4089 2502 4153 τοιοῦτος
2546 4091 2841 4162 ἀδόκιμος,
2891 4093 3006 4146 ἀλλ’
3041 4094 3304 4165 ήσυχὰσει
3353 4096 3481 4149 καθ’
3537 4098 3736 4154 ἑαυτὸν
3762 4097 3824 4168 τιῖ

2265 4181 2483 4252 κελλίῳ,
2518 4185 2831 4254 καταμόνας
2864 4187 3158 4256 σχολάζων,
3195 4190 3289 4240 καὶ
3335 4194 3614 4263 προσευχῇ
3675 4210 3806 4263 προσ

2265 4269 2506 4340 ανέχων’;
2540 4272 2733 4338 Ἀλλ’,ι
2775 4275 2947 4328 Ὅπου
2972 4279 2999 4329 ὁ
3026 4275 3298 4348 θησαυρός
3324 4296 3437 4341 σου,
3467 4283 3640 4350 φησὶν
3675 4286 3703 4336 6
3732 4286 3820 4336 Κυ.

2269 4374 2401 4428 ριος.
2431 4359 2548 4413 ἐκεῖ
2566 4361 2659 4414 καὶ
2688 4363 2856 4427 ὁνοῦς
2888 4381 3002 4418 σου.
3036 4385 3053 4416 ι
3092 4367 3213 4431 Πῶς
3243 4365 3335 4422 οῦν
3367 4373 3567 4440 νοερῶς
3603 4375 3831 4426 ἀτενεσει

576 4488 855 4540 dexteram
891 4481 1191 4549 tiiajestatis
1209 4482 1264 4536 in
1281 4483 1457 4549 ccelis,
1482 4483 1535 4536 in
1569 4491 1712 4537 terra
1743 4482 2154 4540 thesaurizansi

2268 4448 2400 4518 πρὸς
2438 4453 2529 4503 τὸν
2554 4451 2611 4505 ὲν
2639 4452 2785 4525 δεξιᾷ
2812 4455 2913 4524 τῆς
2944 4458 3332 4529 μεγαλωσύνης
3362 4462 3419 4512 ἐν
3449 4458 3679 4532 ὑψηλοῖς
3710 4465 3832 4517 καθ-

575 4579 679 4630 Ant
707 4572 981 4646 quomodo
1036 4589 1259 4644 regnum
1310 4575 1671 4636 haereditahit,
1703 4577 1844 4645 quod
1873 4592 1940 4631 ne
1972 4577 2159 4631 conci-

578 4684 708 4737 pere
738 4668 955 4737 quidem
986 4667 1185 4721 mundo
1227 4668 1391 4723 corde
1419 4668 1601 4737 passio
1629 4668 1934 4738 permittit?
1955 4669 2019 4724 Et
2043 4672 2161 4739 qui-

576 4762 697 4815 dem
733 4771 955 4831 propter
988 4759 1118 4815 illud
1157 4774 1175 4816 :
1216 4778 1236 4811 ι
1296 4759 1446 4815 Beati
1470 4775 1736 4830 pauperes
1766 4761 1987 4831 spiritu,
2017 4776 2158 4831 quo-

575 4854 725 4906 niam
758 4855 996 4922 ipsorum
1020 4862 1104 4908 est
1136 4866 1360 4922 regnum
1384 4852 1667 4908 crelorum.
1711 4872 1729 4906 ι

650 4942 813 4999 Vides
844 4959 1008 5015 quam
1051 4945 1244 4998 multas
1278 4957 1376 5013 per
1406 4958 1568 4998 unam
1625 4943 2016 4999 beatitudinem
2050 4943 2161 4997 cir-

576 5034 838 5089 cumcidit
870 5032 1131 5090 Dominus
1196 5035 1501 5104 passiones.
1556 5035 1696 5101 Quin
1739 5034 1870 5095 imo.
1904 5048 2010 5089 non
2041 5033 2161 5087 illas

577 5129 982 5191 tantummodo,
1025 5141 1151 5182 cum
1218 5129 1520 5185 dixerimus
1567 5128 1881 5183 divitiarum
1918 5140 2158 5180 amorem

577 5233 699 5272 esse
721 5219 954 5287 primum
985 5233 1166 5288 prava;
1184 5220 1642 5290 concupiscentiae
1667 5219 1861 5272 tilium.
1891 5216 1988 5270 Est
2013 5216 2158 5270 enim

579 5312 707 5366 huic
743 5319 803 5365 et
834 5312 1111 5368 secundus
1151 5311 1446 5380 horridior,
1477 5321 1533 5368 et
1583 5312 1775 5366 tertius
1807 5310 1948 5364 hami
1982 5310 2162 5364 minus

579 5420 834 5475 nequam.

654 5497 788 5565 Quis
830 5507 911 5553 est
942 5495 1112 5568 igitur
1143 5497 1416 5551 secttndus
1446 5496 1469 5550 ?
1504 5498 1670 5550 Amor
1705 5493 1931 5564 ,εισι-ξεν.
1998 5492 2164 5546 Nobis

580 5591 724 5641 enim
786 5587 1202 5658 proficientibus
1266 5595 1430 5642 relate
1490 5596 1546 5642 et
1603 5586 1781 5641 adhuc
1843 5588 2160 5656 juvenibus,

2264 4543 2482 4612 ήμενον,
2509 4544 2602 4600 ἐπὶ⁹
2660 4547 2763 4618 γῆς
2794 4546 3176 4620 θησαυρίζωνς
3212 4553 3332 4615 Πῶς
3347 4553 3402 4604 δὲ
3434 4554 3833 4627 κληρονομήσει

2265 4632 2364 4703 τὴν
2400 4635 2701 4704 βασιλείαν,
2733 4638 2800 4709 ἢν
2823 4640 2932 4693 οὐδ’
2954 4642 3047 4693 ἐπὶ
3071 4642 3196 4695 νοῦν
3229 4642 3436 4710 λαϐεῖν,
3469 4646 3577 4699 ὑπὸ
3603 4648 3704 4701 τοῦ
3738 4651 3834 4702 πάι

2266 4722 2393 4789 θους
2413 4728 2670 4798 καθαρῶς
2693 4734 3085 4801 συγχωρεϊται;
3114 4735 3212 4787 Διὰ
3236 4736 3417 4788 τοῦτο’
3446 4756 3463 4787 ι
3488 4738 3769 4809 Μακάριοι
3786 4739 3829 4790 οξ

2268 4820 2476 4887 πτωχοὶ
2497 4819 2575 4889 τῷ
2603 4822 2894 4892 πνεύματι,
2923 4825 3005 4877 ὅτι
3022 4824 3203 4878 αὐτῶν
3226 4828 3374 4879 ἐστιν
3396 4827 3428 4899 ἠ
3449 4827 3705 4896 βασιλεία
3732 4829 3832 4880 τῶν

2266 4915 2534 4983 οὐρανῶν.
2577 4936 2596 4968 ι

2343 5031 2504 5103 Ὁρᾷς
2537 5033 2637 5085 ὅσα
2669 5031 2736 5087 δι’
2766 5031 2883 5094 ἐνὸς
2922 5029 3272 5101 μακαρισμοῦ
3302 5031 3631 5101 περιέκοψεν
3658 5032 3688 5083 6
3714 5029 3824 5085 Κύ-

2264 5140 2378 5193 ριος
2417 5123 2587 5191 πάθη.
2646 5123 2808 5175 ’Λλλά
2840 5125 2948 5191 γὰρ
3006 5124 3067 5175 οὐ
3104 5120 3274 5174 ταῦτα
3329 5123 3510 5191 μόνον,
3562 5124 3688 5177 ἐπεὶ
3737 5122 3827 5173 καὶ

2263 5213 2479 5285 πρῶτον
2508 5214 2752 5283 γέννημα
2787 5215 2883 5281 τῆς
2914 5215 3155 5284 πονηρᾶς
3192 5212 3484 5283 ἐπιθυμίας
3513 5215 3612 5284 τὴν
3645 5213 3830 5280 φιλοῦ-

2262 5305 2382 5358 λίαν
2408 5305 2728 5375 εἰρήκαμεν.
2752 5302 2906 5356 Ἐστι
2935 5305 3042 5374 γὰρ
3062 5305 3196 5374 αὐτῇ
3225 5306 3316 5356 καὶ
3332 5304 3583 5375 δεύτερον
3601 5302 3828 5373 φευκτό-

2263 5413 2442 5466 τερον.
2474 5399 2568 5450 καὶ
2605 5397 2812 5466 τρίτον,
2846 5401 2910 5467 τῇ
2950 5396 3119 5466 κακία
3151 5398 3249 5466 οὑχ
3275 5393 3457 5467 ἧττον.

2337 5488 2496 5542 ῙΙοῐον
2534 5491 2598 5558 δὴ
2624 5490 2684 5543 τὸ
2718 5490 3004 5559 δεύτερον;
3069 5490 3133 5542 Ἦ
3177 5489 3470 5557 φιλοδοξία.
3524 5487 3827 5560 Προϊούσης

2266 5581 2376 5650 γὰρ
2401 5583 2499 5649 τῆς
2536 5581 2768 5650 ἡλικίας,
2800 5581 3063 5651 πρότερον
3092 5581 3191 5650 τῆς
3223 5579 3582 5652 φιλοσαρκίας
3610 5578 3828 5645 ὑπαντᾷ

656 5767 701 5801 ³-³
734 5765 923 5835 Matth.
973 5786 1049 5837 vt,
1099 5770 1190 5825 55.
1267 5770 1310 5803 ⁸ο
1348 5768 1490 5826 Psal.
1526 5779 1732 5832 xxxv",
1763 5766 1812 5821 θ.
1895 5766 1933 5796 ⁸¹
1970 5766 2090 5821 Act.
2126 5777 2154 5831 ι,

2268 5795 2290 5818 ν.
2366 5761 2412 5792 ⁸³
2446 5758 2632 5815 Matth.
2686 5774 2754 5826 γι,
2798 5757 2887 5812 (11.
