4074 6322
202 382 387 448 1063

1344 395 1443 455 DE
1478 397 1848 461 MENTALI.
1876 401 2395 473 QUIETUDINE.

3365 424 3505 491 1066

213 510 410 563 τουτὶ
437 509 498 565 τὸ
523 513 708 580 πάθος,
756 515 832 570 ἔτι
869 516 1007 580 νέοις
1036 516 1188 585 οὖσι,
1237 519 1488 595 καθάπερ
1535 527 1789 597 προοίμιο

1924 526 2055 574 ante
2086 535 2330 578 amorem
2359 526 2636 581 carnalem
2665 527 2908 600 subrepit
2961 532 3104 590 istud
3138 538 3348 607 vitium,
3388 555 3509 599 tan-

217 604 427 657 κακὸν
451 605 683 673 ἐκείνης.
714 606 1017 672 Φιλοδοξίας
1041 608 1098 663 δὲ
1124 606 1283 678 εῐδος,
1307 615 1483 669 ἐκεῖνο
1529 617 1672 686 λέγω
1698 619 1815 685 νῦν,

216 690 256 743 ὃ
294 693 453 765 πρὸς
481 695 893 767 καλλωπισμοὺς
928 698 1118 769 βλέπει
1153 704 1441 775 σωμάτων,
1471 709 1564 762 καὶ
1585 710 1815 765 πολυτε-

158 824 170 838 ,
214 778 405 846 λείας
458 784 802 855 ἐνδυμάτων
853 790 918 857 ἥν
969 790 1064 844 καὶ
1110 796 1380 867 κοσμικὴν
1424 800 1730 867 κενοδοξίαν
1765 807 1815 859 οἱ

215 871 496 943 Πατέρες
521 874 756 943 λέγουσι.
785 879 857 932 Τὸ
881 880 989 951 γὰρ
1008 882 1094 936 ἐτε
1104 901 1194 955 ρον
1216 881 1356 952 εἶδος
1374 894 1472 961 τῆς
1490 894 1813 963 κενοδοξίας,

212 965 358 1025 τοῖς
385 966 551 1036 ἀρετῇ
571 965 663 1038 [ἐν
682 968 822 1023 ἀλλ.
848 972 1073 1047 ἀρετὴν]
1097 976 1461 1047 διενεγκοῦσιν
1486 985 1811 1052 ἐπιτίθεται,

215 1056 689 1125 συνεπαγόμενον
716 1059 893 1131 οίησίν
914 1081 972 1116 τε
1007 1067 1097 1119 καὶ
1123 1067 1429 1140 ὑπόκρισιν,
1455 1074 1522 1128 δι’
1545 1068 1620 1130 ὧν
1651 1078 1814 1148 συλῆ-

213 1159 325 1196 σαι
386 1147 480 1198 καὶ
544 1147 897 1206 διασκεδάσαι
935 1154 1026 1208 τὸν
1085 1164 1455 1230 πνευματικὸν
1521 1166 1751 1222 πλοῦτον
1773 1147 1814 1224 γὸ

209 1233 441 1307 ἐχθρὸς
491 1243 822 1309 μηχανᾶται.
851 1245 1038 1301 Ταῦτα
1068 1247 1124 1301 δὲ
1156 1251 1353 1318 πάντα,
1391 1256 1604 1322 τελείας
1631 1261 1816 1326 τεύξει

207 1340 318 1378 ται
354 1330 463 1398 τῆς
498 1328 793 1399 θεραπείας
813 1336 1062 1407 αἰσθήσει
1092 1356 1151 1393 τε
1181 1343 1275 1396 καὶ
1306 1345 1455 1417 πόθῳ
1475 1349 1577 1417 τῆς
1607 1352 1812 1407 ἄνωθεν

153 1445 156 1450 -
206 1418 430 1486 τιμῆς,
457 1422 596 1489 μετὰ
620 1424 715 1477 τοῦ
735 1427 953 1492 ἀνάξιον
981 1432 1194 1504 ἐκείνης
1217 1437 1416 1510 ἑαυτὴν
1440 1442 1690 1512 ἡγεῖσθαι
1713 1445 1811 1518 τὴν

208 1508 545 1565 ποθοῦσαν·
564 1517 773 1587 καὶτῆς
801 1520 885 1571 ἐπ’
917 1522 1201 1593 άνθρὼπον
1221 1508 1498 1595 εὐτελείας
1518 1508 1808 1608 καρτερία,

211 1601 381 1669 μετὰ
412 1603 503 1657 τοῦ
538 1606 687 1671 ἄξιον
709 1610 878 1681 αὐτῆς
903 1615 1175 1682 ἡγεῖσθαι.
1209 1621 1352 1691 Πρὸς
1381 1624 1458 1688 δὲ,
1484 1628 1575 1680 καὶ

135 1762 139 1765 Ι
204 1691 447 1755 οἰκείας
475 1695 655 1766 δόξης,
688 1704 1086 1772 προτιμοτέραν
1119 1709 1368 1778 ἡγεῖσθαι
1411 1717 1507 1786 τὴν
1532 1691 1685 1784 δόξαν

201 1780 393 1851 Θεοῦ,
423 1788 565 1841 κατὰ
592 1789 683 1843 τὸν
713 1791 939 1860 λέγοντα
959 1812 972 1825 ·
1004 1817 1023 1848 ι
1049 1799 1140 1870 Μὴ
1158 1802 1308 1870 ἡμῖν,
1340 1780 1533 1876 Κύριε,
1555 1780 1629 1881 μη
1650 1812 1802 1881 ἡμῖν,

201 1872 343 1927 ἀλλ’
373 1877 411 1947 ἢ
436 1878 515 1949 τῷ
541 1881 764 1949 ὀνόματί
788 1902 882 1938 σου
908 1886 995 1950 δὸς
1013 1869 1192 1956 δόξαν.
1227 1915 1245 1944 ι
1282 1897 1401 1951 Κᾶν
1432 1869 1485 1953 τι
1512 1869 1804 1958 sitat;
1835 1869 1884 1928 Β

200 1962 405 2019 νετῶν
430 1967 848 2041 ἐξειργασμένον
865 1972 1003 2031 οϊδεν
1027 1980 1236 2047 ἑαυτὸν,
1261 1985 1339 2055 τῷ
1356 1987 1474 2059 Θεῷ
1494 1991 1803 2060 λογίζεσθαι

199 2056 317 2127 τὴν
348 2059 539 2113 αἰτίαν
567 2061 661 2115 τοῦ
696 2068 1118 2139 κατορθώματος
1136 2113 1152 2139 ,
1175 2076 1267 2128 καὶ
1286 2056 1460 2151 τούτω
1487 2056 1684 2154 χρῆναι
1706 2089 1804 2141 καὶ

197 2147 356 2219 ὑπὲρ
378 2150 580 2205 τούτου
604 2154 762 2221 δόξαν
787 2159 1145 2230 εὐγνωμόνως
1172 2147 1537 2241 ἀναπέμπειν,
1566 2147 1681 2229 άλλ’
1702 2180 1802 2249 οὐχ

194 2237 432 2310 ἑαυτῷ.
458 2241 615 2297 Οὕτω
652 2246 760 2317 γὰρ
788 2252 1040 2321 χαιρήσει
1073 2255 1171 2325 μὲν
1192 2258 1269 2322 ὡς
1296 2237 1467 2333 δῶρον
1492 2237 1672 2323 λαϐὼν
1699 2237 1799 2341 τὴν

189 2329 464 2400 ἀρετήν’
485 2334 586 2388 οὐκ
612 2336 984 2410 ἐπαρθήσεται
1008 2342 1081 2410 δέ,
1103 2346 1178 2410 ὡς
1193 2329 1405 2407 οἴκοθεν
1437 2355 1604 2425 μηδὲν
1626 2329 1792 2428 ἔχωνο

192 2421 348 2475 ἀλλὰ
383 2423 492 2477 καὶ
523 2430 1015 2501 ταπεινωθήσεται,
1058 2439 1186 2503 τοὺς
1210 2421 1519 2515 ὀφθαλμοὺς
1549 2421 1795 2519 τῆςυδια-

195 2510 363 2573 νειας
405 2511 552 2582 ἔχων
580 2515 671 2567 ἐπὶ
691 2517 782 2571 τὸν
803 2519 935 2575 Θεὸν
965 2525 1173 2599 ἡμέρας
1199 2510 1292 2584 καὶ
1320 2510 1535 2600 νυλιτδςν
1670 2542 1798 2605 τοὺς

201 2601 544 2672 ὀφθαλμοὺς
572 2607 858 2681 παιδίσκη,
887 2611 1177 2685 ψαλμικῶς
1200 2623 1396 2689 εἰπεῖν,
1433 2628 1527 2681 ἐπὶ
1551 2601 1650 2696 τὰς
1680 2601 1795 2703 xei;

156 2687 164 2699 '
201 2709 314 2763 ρας
372 2693 483 2762 τῆς
534 2697 729 2766 κυρίας
790 2701 995 2773 αὐτῆς
1038 2706 1225 2775 δεδιὼς
1255 2714 1331 2785 μὴ
1362 2687 1457 2769 τοῦ
1508 2687 1798 2789 μόνόυῆκαὶ

200 2782 398 2847 δόντος
431 2785 530 2838 καὶ
551 2787 866 2859 συνέχοντος
887 2795 946 2848 ἐν
970 2797 1048 2867 τῷ
1072 2801 1221 2872 καλῷ
1242 2782 1596 2879 διαζευχθεὶς,
1633 2807 1713 2878 εἷς
1737 2817 1797 2870 τὸ

197 2875 305 2943 τῆς
326 2877 535 2940 κακίας
566 2878 842 2953 βάραθρον
875 2892 1197 2963 κατενεχθῇ.
1231 2896 1404 2952 Τοῦτο
1429 2875 1543 2973 ⁷γὰρ
1598 2875 1795 2977 πάσχει

200 2966 232 3018 ὁ
258 2968 453 3037 οἰήσει
491 2968 756 3028 δουλεύων
785 2974 880 3028 καὶ
917 2982 1215 3055 κενοδοξία.
1267 2966 1532 3060 Συνεργεί
1569 2993 1626 3047 δὲ
1658 2966 1791 3066 πρὸς

198 3055 308 3126 τὴν
335 3058 550 3115 τούτων
568 3061 710 3120 ἴασιν
733 3067 1097 3142 διαφερόντως
1117 3078 1207 3132 καὶ
1230 3080 1263 3151 ἡ
1289 3055 1638 3157 ἀναχώρησις
1655 3104 1668 3117 ·

198 3149 267 3201 τὸ
298 3153 623 3221 καταμόνας
663 3159 1067 3226 πολιτεύεσθαι.
1108 3170 1204 3224 καὶ
1236 3149 1303 3243 τῇ
1336 3149 1503 3247 κὲλλη
1530 3149 1790 3250 παραμέ-

200 3254 360 3291 νειν⁹
429 3239 810 3313 ἐπῃσθημένον
871 3252 1055 3321 μέντοι
1103 3258 1202 3326 τῆς
1265 3239 1639 3336 προαιρέσεως
1689 3239 1789 3336 τὴν

199 3329 425 3382 οἰκείαν
446 3331 752 3404 ἀσθένειαν,
780 3340 876 3393 καὶ
893 3344 992 3413 οὐχ
1022 3348 1201 3401 ἱκανὸν
1220 3329 1566 3425 λογιζόμενον
1593 3329 1787 3417 ἑαυτὸν

206 3423 721 3492 συναναμίγνυσθαι
749 3430 1076 3501 ἀνθρώποις.
1100 3440 1284 3496 Ταῦτα
1304 3445 1359 3499 δὲ
1384 3423 1436 3500 τί
1456 3450 1580 3505 ἄλλο
1610 3452 1781 3521 ἐστὶν,

202 3510 238 3579 ἢ
270 3511 305 3579 ἡ
340 3511 401 3564 ἐν
430 3513 702 3583 πνεύματι
740 3522 1002 3590 πτωχεία,
1035 3526 1101 3594 ἣν
1128 3529 1156 3579 ό
1181 3532 1384 3603 Κύριος
1412 3510 1780 3612 ἐμακάρισεν,

205 3602 308 3654 ’Ἂν
334 3602 394 3655 δέ
423 3619 507 3665 τις
535 3606 629 3659 ἐπὶ
661 3607 784 3662 νοῦν
825 3610 964 3684 λάϐῃ
1003 3618 1099 3671 καὶ
1126 3621 1191 3673 τὰ
1222 3602 1502 3693 πεφυκότα
1554 3602 1784 3704 προσγί-ἰ

201 3690 399 3744 νεσθαι
438 3696 566 3763 παρ’
614 3697 780 3752 αὐτοῦ
805 3701 899 3754 τοῦ
929 3705 1137 3772 πάθους
1167 3710 1353 3785 αίσχη,
1390 3718 1648 3787 φεύξεται
1682 3726 1781 3797 τὴν

199 3781 517 3847 κενοδοξίαν
630 3786 912 3858 δυνάμεως
949 3794 1086 3865 ἔχει.
1139 3779 1329 3857 [Istic-Ilv-
1366 3779 1475 3878 γᾷρ
1508 3779 1622 3881 ’τὴν
1648 3779 1779 3888 παῤ,

195 3871 512 3941 ἀνθρώπων
540 3874 718 3941 δόξαν,
746 3877 805 3943 ἐξ
832 3882 1013 3938 αὐτῶν
1050 3886 1162 3941 τῶν
1204 3890 1344 3964 ὑπὲρ
1373 3871 1545 3968 αὐτῆς
1576 3871 1775 3971 ἐργων,

196 3962 391 4034 ἀδοξίᾳ
421 3969 832 4038 περιτυγχάνει.
863 3973 1035 4047 ’Ὥρας
1059 3978 1169 4049 γὰρ
1203 3962 1779 4059 ἐπιμελούμενος,’καί

196 4055 346 4125 μέγα
376 4055 595 4126 φρονῶν
618 4060 711 4113 ἐπὶ
739 4064 1024 4133 προγόνων
1053 4070 1298 4144 εὐκλείᾳ,
1321 4078 1416 4130 καὶ
1441 4055 1529 4132 ἐπ’
1552 4055 1777 4155 εὐχροίᾳ

195 4142 590 4212 περιϐολαίων,
649 4147 743 4201 καὶ
804 4151 1068 4220 τοιούτοις
1119 4142 1300 4226 ἄλλοις
1352 4142 1770 4241 σεμνυνόμενος,

187 4231 347 4303 δῆλον
383 4234 585 4288 ἑαυτὸν
612 4241 777 4304 ποιεῖ,
805 4243 1109 4324 νηπιὼδους
1135 4249 1214 4303 ἐτι
1246 4231 1602 4327 φρονήματος.
1624 4231 1775 4319 ἐπεί-ί

187 4324 498 4397 λημμένον.
533 4327 645 4382 Καὶ
694 4330 803 4401 γὰρ
836 4334 990 4388 ταῦθ’
1020 4339 1156 4409 ὁμοῦ
1189 4324 1597 4419 πάνταίχοῦςλ
1629 4355 1683 4408 τί
1711 4355 1769 4410 δέ

192 4416 314 4485 χοὸς
359 4418 722 4490 ἀτιμότερονς
758 4421 878 4492 ἠδὲ
924 4428 999 4496 μὴ
1047 4433 1181 4500 πρὸς
1242 4416 1534 4511 neme,”
1573 4444 1768 4516 θάλψιν

196 4509 449 4581 χρωμένη
479 4512 549 4578 τῇ
587 4513 845 4589 περιϐολῇ
880 4516 975 4570 τοῦ
1010 4519 1278 4590 σώματος,
1315 4529 1429 4582 ἀλλ’
1454 4509 1762 4611 ἐπτοημένη

196 4600 331 4669 πρὸς
371 4601 760 4674 μαλακότητάς
791 4623 851 4659 τε
901 4610 995 4663 καὶ⁵
1035 4616 1456 4690 στιλπνότητας,
1505 4627 1566 4679 οὐ
1600 4600 1764 4697 μόνον

197 4688 293 4757 τὴν
329 4689 612 4761 ἀκαρπίαν
637 4693 736 4764 τῆς
762 4694 966 4762 οίκείας
995 4700 1196 4773 ψυχῆς,
1221 4688 1332 4772 τοῖς
1361 4712 1526 4779 ὁρῶσι
1553 4688 1760 4788 καταγ-

198 4778 394 4844 γέλλει,
439 4779 578 4850 πρὸς
603 4780 661 4833 δὲ
693 4783 885 4854 τούτῳ,
929 4791 1024 4842 καὶ
1053 4792 1149 4863 τὴν
1184 4796 1292 4851 τῶν
1335 4778 1757 4876 ἑταιριζομένων

198 4870 583 4942 ἀσχημοσύνην
608 4874 926 4931 ἐπιτίθεται.
966 4881 1167 4949 Παντὸς
1189 4888 1245 4942 δὲ
1278 4870 1477 4960 μᾶλλον
1515 4870 1757 4954 ἀκουέτω

198 4961 288 5013 τοῦ
311 4962 580 5029 λέγοντος,
608 4966 690 5018 ὅτι
718 4986 738 5017 ‹
778 4969 840 5020 Oi
864 4969 931 5022 τὰ
960 4974 1176 5039 μαλακὰ
1206 4983 1519 5053 φοροῦντες,
1547 4990 1606 5042 ἐν
1639 4994 1749 5055 τοῖς

198 5052 362 5115 οἴκοις
388 5053 499 5108 τῶν
539 5053 822 5124 βασιλείων
871 5063 1008 5115 εἰσίν
1029 5081 1044 5096 ·
1088 5070 1119 5137 ἡ
1130 5071 1246 5139 μῶν
1272 5073 1329 5125 δὲ
1358 5075 1417 5128 τὸ
1449 5052 1752 5151 πολίτευμα

205 5145 260 5198 ἐν
284 5145 526 5216 οὐρανοῖς
568 5142 729 5212 εἶναι,
770 5168 789 5200 ι
829 5153 992 5220 φησὶν
1018 5157 1045 5208 ὁ
1079 5157 1362 5229 θεσπέσιος
1393 5168 1621 5234 Παῦλος.
1657 5142 1748 5239 Μὴ

196 5241 288 5298 οὗν
320 5247 408 5302 διὰ
444 5253 537 5323 τὴν
559 5257 617 5309 ἐν
652 5260 908 5333 ἐνδύμασι
952 5270 1231 5344 βλακείαν,
1276 5284 1355 5347 είς

1401 5287 1499 5351 τὰς
1550 5293 1750 5358 σκηνὰς

200 5336 294 5390 ἀπ’
329 5340 553 5411 ούρανοῦ

603 5350 852 5423 ῥιφῶμεν
885 5361 976 5414 τοῦ
1012 5373 1454 5446 κοσμοκράτορος
1497 5380 1590 5434 τοῦ
1625 5386 1752 5437 σκό-

199 5442 319 5493 τους
341 5432 431 5486 τοῦ
462 5437 657 5504 αίῶνος
685 5444 899 5503 τούτου.
935 5453 1094 5510 Τοῦτ’
1123 5460 1252 5515 αὐτὸ
1280 5466 1548 5538 πάσχουσι
1578 5476 1671 5526 καὶ

203 5518 294 5538 ___‘
322 5537 325 5538 ν
384 5521 395 5538 ,
509 5527 536 5538 ,,
606 5532 619 5538 _
671 5532 688 5538 _
756 5535 767 5538 _

202 5518 439 5629 pri'rhv
468 5527 575 5629 sth
596 5532 901 5604 ἀνθρώπων
928 5541 1084 5608 δόξαν
1099 5550 1198 5620 τὴν

201 5606 260 5657 Ol
287 5610 386 5681 γὰρ
413 5613 665 5687 λαχόντες
689 5625 751 5690 τὸ
782 5606 1085 5704 πολίτευμα
1114 5606 1749 5718 ἔχεινιένόύρῄαννοίς,

1924 625 2085 680 quam
2110 615 2311 670 malum
2337 616 2455 686 ejus
2490 618 2835 688 praeludium.
2872 622 2986 679 [loc
3013 625 3137 680 dico
3160 646 3302 684 nunc
3332 648 3503 703 genus

1918 705 2128 777 gloriae,
2156 709 2301 778 quod
2342 711 2803 779 pulchritudinem
2829 718 3140 775 considerat
3186 738 3501 794 corporum,

1925 806 1980 852 et
2019 799 2251 855 vestium
2281 804 2780 872 sumptuositatem,
2811 818 2864 863 et
2899 812 3040 879 quod
3075 828 3269 870 vanam
3317 824 3501 877 mumli

1917 887 2143 952 gloriam
2187 889 2376 947 Patres
2423 908 2769 966 nuncupant.
2819 900 3065 958 Alterum
3103 905 3280 961 inanis
3311 911 3499 978 gloria:

1917 995 2086 1049 genus
2117 981 2321 1037 virtute
2366 986 2700 1044 excellentes
2735 991 2904 1057 subit,
2940 997 3251 1064 superbiant
3298 1016 3494 1071 sugge-

1919 1087 2042 1125 rens
2066 1084 2119 1129 et
2152 1074 2509 1145 hypocrisim,
2574 1082 2772 1149 quibus
2804 1084 3090 1153 subripere
3139 1104 3204 1144 ac
3234 1091 3500 1161 dissipare

1915 1164 2229 1233 spiritualcs
2264 1168 2484 1225 divitias
2512 1170 2770 1228 inimicus
2802 1177 3169 1236 machinatur.

1988 1249 2112 1307 Hmc
2139 1263 2318 1309 autem
2354 1259 2537 1313 omnia
2568 1261 2806 1326 perfecte
2858 1269 3097 1338 sanabit,
3128 1275 3220 1344 qui
3271 1278 3504 1334 restituat

1914 1352 1969 1398 et
1991 1347 2198 1413 appetit
2226 1347 2506 1404 scelestem
2535 1352 2786 1424 gloriam,
2826 1372 2887 1412 ea
2918 1361 3083 1418 simul
3128 1383 3252 1422 cum
3283 1369 3501 1428 deside-

1914 1435 1998 1489 rio
2030 1451 2087 1491 se
2116 1436 2322 1495 habens
2362 1442 2671 1513 indignum,
2711 1457 2766 1502 et
2820 1450 3097 1509 hominum
3145 1459 3338 1516 suffert
3364 1479 3499 1519 con-

1916 1535 2202 1598 temptum,
2220 1532 2294 1586 "eo
2323 1534 2483 1589 simul
2511 1551 2570 1593 se
2592 1540 2810 1606 dignum
2833 1544 3174 1615 existimans,
3199 1562 3252 1606 et
3275 1554 3499 1625 inSUper

1913 1621 2147 1690 propria:
2177 1623 2363 1692 gloria:
2414 1632 2679 1699 praeponit
2735 1634 2959 1705 gloriam
3003 1639 3118 1707 Dei,
3172 1643 3326 1711 juxta
3360 1621 3494 1704 illud

1910 1710 2215 1769 Psalmistm
2250 1731 2267 1773 :
2303 1733 2322 1767 ι
2361 1717 2478 1773 Non
2512 1722 2690 1790 nobis,
2730 1724 2979 1794 Domine,
3035 1747 3143 1787 non
3178 1710 3370 1804 nobis,
3404 1744 3497 1796 scd
3606 1742 3619 1750 '

1911 1804 2120 1858 nomini
2159 1815 2249 1861 tuo
2275 1807 2344 1862 da
2375 1808 2604 1878 gloriam
2636 1814 2708 1868 ".
2769 1834 2790 1868 ι
2831 1818 2899 1873 Ει
2929 1820 2976 1874 si
3030 1823 3185 1891 cujus
3211 1825 3498 1886 laudabilis

1910 1894 2143 1951 actionis
2163 1896 2267 1952 sibi
2296 1909 2384 1954 est
2411 1905 2687 1972 conscius,
2716 1909 2820 1963 scit
2843 1908 3007 1966 Deum
3033 1929 3151 1970 esse
3180 1916 3489 1975 habendum

1909 1996 1964 2039 ut
1991 1994 2288 2079 auctorem
2312 1989 2437 2046 boni
2478 1993 2644 2064 hujus
2676 2000 2881 2068 operis,
2912 2010 2966 2057 et
3006 2006 3072 2061 de
3126 2009 3228 2062 hoc
3261 2010 3336 2064 illi
3373 2013 3492 2081 glo-

1910 2075 2046 2130 riam
2075 2072 2295 2145 merito,
2337 2096 2448 2137 non
2484 2085 2590 2140 sibi
2653 2090 3060 2151 vindicandum.
3099 2097 3193 2153 Sic
3225 2101 3494 2158 iactabitur

1909 2168 2051 2236 quod
2101 2170 2357 2225 virtutem
2412 2174 2559 2230 dono
2588 2184 2883 2248 acceperit,
2938 2186 3033 2240 sed
3072 2204 3181 2245 non
3235 2192 3493 2251 eﬂ‘eretur

1907 2275 2093 2316 cuma
2124 2277 2188 2319 se
2219 2264 2354 2319 nihil
2407 2266 2631 2335 haheat,
2684 2274 2794 2328 imo
2849 2276 3248 2346 humiliabitur,
3303 2288 3491 2343 oculos

1909 2352 2110 2411 mentis
2130 2355 2198 2409 ad
2221 2356 2391 2411 Deum
2425 2358 2616 2417 levans
2647 2362 2735 2418 die
2769 2379 2835 2420 ac
2891 2379 3073 2438 nocte,
3104 2373 3246 2429 sicut
3298 2380 3489 2434 acules

1908 2442 2142 2509 ancillae,
2184 2447 2597 2517 aigpsalmista,
2627 2453 2679 2507 in
2712 2458 2961 2514 manibus
2992 2461 3222 2520 dominae
3251 2481 3366 2522 sua:
3419 2468 3488 2535 ⁸⁸,

1905 2536 2032 2606 quia
2068 2537 2224 2593 timet
2270 2554 2362 2606 ne,
2392 2556 2422 2596 a
2453 2542 2572 2598 solo
2604 2547 2793 2603 datore
2824 2561 2878 2603 et
2912 2566 3300 2615 conservatore
3356 2563 3482 2616 boni

1904 2638 2211 2697 separatus,
2246 2631 2299 2686 in
2340 2633 2468 2688 mali
2524 2624 2785 2709 abyssum
2843 2643 3200 2707 detrudatur;
3261 2656 3405 2723 quod
3435 2660 3484 2710 ci

1904 2721 2106 2777 accidit
2138 2723 2233 2793 qui
2262 2726 2532 2795 superbiae
2562 2730 2790 2788 inservit
2824 2744 2877 2791 et
2913 2737 3063 2795 inani
3092 2721 3303 2812 gloriae.

1974 2812 2055 2867 Ad
2090 2814 2213 2869 illas
2268 2820 2552 2885 passiones
2607 2826 2880 2883 sanandas
2939 2832 3159 2889 confert
3212 2837 3377 2895 etiam
3431 2854 3485 2896 et

1904 2902 2037 2959 utile
2057 2916 2142 2961 est
2173 2909 2404 2964 seorsim
2439 2914 2711 2983 secedere,
2749 2929 2803 2973 et
2835 2919 2892 2974 in
2950 2923 3243 2984 solitudine
3277 2930 3481 2996 vivere,

1901 3002 1956 3048 et
1983 2994 2035 3050 in
2079 2995 2211 3052 cella
2248 3013 2591 3070 permanere,
2650 3009 2941 3068 sentiendo
2998 3023 3180 3074 tamen
3241 2994 3477 3094 propriae

1900 3084 2197 3143 voluntatis
2228 3090 2620 3163 inﬁrmitatem,
2675 3111 2844 3170 seque
2865 3103 3144 3175 indignum
3176 3084 3482 3180 reputando

1899 3182 2316 3238 conversatione
2346 3184 2650 3244 hominum.
2682 3189 2797 3248 Hoc
2826 3204 3009 3250 autem
3058 3200 3189 3269 quid
3216 3204 3364 3260 aliud
3393 3218 3481 3262 est

1818 3248 1865 3309 α
1896 3284 2059 3341 quam
2092 3272 2393 3343 spiritualis
2421 3290 2736 3349 paupertas,
2770 3299 2932 3353 quam
2965 3248 3246 3349 licini—nus“
3261 3248 3474 3352 beatam

1896 3364 2033 3420 dixit
2059 3365 2082 3417 ἲ

1967 3453 2027 3509 Si
2060 3456 2186 3526 quis
2236 3469 2419 3515 autem
2476 3472 2659 3521 mente
2709 3469 2986 3541 concipiat
3039 3475 3363 3544 proﬂuentia
3408 3497 3475 3538 ex

1893 3545 2006 3617 ipsa
2029 3550 2282 3619 passione
2315 3552 2609 3623 dedecora,
2670 3573 2862 3617 vanam
2911 3564 3139 3635 gloriam
3178 3573 3304 3635 totis
3340 3576 3477 3630 viri-

1892 3638 1998 3695 bus
2027 3639 2212 3712 t‘ugiet.
2241 3642 2375 3699 Nam
2402 3661 2654 3716 quarens
2681 3633 2962 3713 hominum
2987 3633 3469 3735 existimationem,

1888 3744 1958 3785 ex
1992 3733 2120 3801 ipsis
2142 3736 2398 3805 operibus
2420 3738 2489 3794 ad
2511 3755 2631 3797 eam
2660 3744 2891 3804 intentis
2913 3749 3065 3808 ducit
3085 3733 3465 3825 ignominiam.

1887 3822 2165 3892 Siquidem
2191 3828 2257 3882 de
2282 3831 2685 3897 pulchritudine
2712 3853 2932 3911 curans,
2961 3854 3017 3900 et
3043 3822 3367 3918 super-biens
3397 3858 3465 3911 dc

1887 3931 2213 3985 proavorum
2245 3924 2544 3992 nobilitate,
2578 3944 2643 3984 ac
2694 3932 2760 3986 de
2791 3932 3016 4004 fulgidis
3055 3943 3289 3999 vestium
3319 3947 3468 4001 colo-

1885 4006 2060 4073 ribus,
2086 4018 2139 4063 et
2172 4012 2238 4065 de
2272 4012 2393 4069 aliis
2454 4017 2766 4095 hujusmodi
2793 4024 3074 4096 glorians;
3139 4038 3378 4092 ostendit
3406 4056 3466 4093 se

1886 4100 2081 4169 puerili
2130 4103 2309 4159 adhuc
2341 4108 2539 4177 spiritu
2601 4111 3111 4177 inﬂatum.Etenim
3170 4126 3285 4183 inec
3338 4133 3464 4186 uni-

1881 4207 2038 4247 versa
2065 4195 2243 4264 pulvis
2272 4208 2423 4262 sunt,
2454 4202 2583 4270 quid
2608 4216 2794 4261 autem
2824 4212 3050 4279 pulvere
3100 4218 3303 4276 vilius?
3331 4222 3465 4291 Qua:

1880 4300 2047 4354 porro
2101 4302 2209 4341 non
2242 4288 2309 4343 ad
2338 4293 2626 4360 tegendum
2670 4297 2752 4351 vel
2787 4299 3214 4363 calefaciendum
3265 4288 3467 4384 corpus

1879 4379 2218 4433 vestimentis
2249 4380 2440 4448 utitur,
2470 4387 2564 4439 sed
2591 4385 2659 4441 ad
2715 4390 2993 4450 mollitiem
3027 4408 3083 4454 et
3113 4379 3460 4469 splendorem

1879 4469 2117 4533 advolat,
2140 4484 2247 4526 uon
2284 4471 2461 4529 solum
2508 4478 2854 4537 sterilitatem
2887 4487 3083 4545 anima!
3131 4508 3244 4551 suae
3272 4499 3462 4554 viden-

1806 4591 1849 4644 η
1880 4560 2023 4615 tibus
2053 4565 2362 4633 annuntiat,
2395 4569 2489 4622 sed
2517 4580 2775 4637 prxterea
2807 4582 3454 4658 meretricumimpuden-

1880 4653 2009 4707 tiam
2045 4656 2421 4723 superinduit.
2473 4660 2613 4717 Ante
2664 4668 2847 4724 omnia
2899 4674 3087 4730 audiat
3129 4653 3396 4737 dicentem
3438 4703 3452 4739 :

1881 4742 2036 4810 «Qui
2100 4746 2356 4803 mollibus
2403 4754 2712 4811 vestiuntur
2751 4797 2766 4825 ,
2848 4762 2901 4816 in
2959 4764 3209 4825 domibus
3270 4786 3456 4843 regum

1875 4843 2002 4888 sunt
2029 4834 2096 4888 ".
2132 4854 2152 4887 ι
2191 4837 2262 4891 At
2295 4849 2538 4897 nostram
2575 4854 3042 4909 conversationem
3065 4872 3185 4914 esse
3208 4862 3265 4915 in
3300 4866 3455 4921 costis

1875 4926 2034 4982 divus
2063 4928 2137 4983 ait
2171 4928 2402 4988 Paulus.
2435 4934 2513 4992 Ne
2537 4938 2702 5009 igitur
2735 4935 3174 5007 indumentorum
3231 4957 3455 5014 mollitie
3545 4968 3551 4975 ‘

1875 5033 1972 5071 nos
2000 5020 2067 5074 de
2101 5022 2241 5077 cmlo
2292 5026 2647 5107 detrudamug
2681 5032 2734 5087 in
2794 5036 3146 5098 tabernacula
3182 5046 3449 5120 principis
3542 5044 3547 5052 ’

1872 5110 2218 5168 tenebrarum
2238 5116 2399 5187 hujus
2421 5123 2624 5176 saeculi.

1938 5201 2085 5259 Idem
2113 5207 2310 5263 accidit
2355 5210 2608 5268 virtutem
2640 5220 2946 5279 colentibus
2992 5239 3216 5300 preptcr
3265 5234 3438 5290 homi-

1867 5309 1995 5350 num
2027 5299 2502 5362 existimationem.
2544 5308 2752 5376 Quibus
2806 5317 2949 5372 enim
2980 5324 3248 5395 obtigerat
3309 5347 3438 5386 con-

1867 5391 2226 5447 versationem
2272 5395 2473 5454 habere
2524 5402 2579 5456 in
2612 5405 2785 5475 caelis,
2845 5391 3140 5482 deducunt,
3194 5418 3298 5472 heu
3333 5420 3347 5474 l
3382 5423 3437 5477 in

1704 5478 1751 5530 οί
1866 5482 2146 5548 pulverem
2169 5501 2322 5542 suam
2343 5490 2593 5560 gloriam,
2610 5494 2923 5557 Davidicam
2942 5504 2990 5537 “
3009 5507 3440 5567 maledictionem

1863 5571 1921 5626 in
1954 5589 2015 5629 se
2045 5580 2343 5635 trahentes.
2384 5582 2519 5638 Nam
2546 5600 2736 5644 eorum
2761 5598 2934 5650 oratio
2969 5613 3077 5652 non
3110 5599 3353 5653 ascendit
3388 5602 3443 5657 in

1866 5664 2086 5733 coelum,
2116 5670 2212 5725 sed
2238 5684 2574 5747 omne’opus
2599 5681 2852 5738 deorsum
2888 5688 3019 5753 ruit,
3057 5702 3163 5744 non
3203 5687 3444 5745 circum-

277 5805 315 5834 ³³
346 5807 473 5862 l’snl.
496 5826 652 5868 cxm.
725 5816 772 5849 “
807 5816 950 5877 Psal.
1001 5838 1163 5886 cxm.
1248 5833 1293 5867 ”
1323 5832 1514 5893 Matth.
1550 5853 1627 5907 XI,
1661 5840 1715 5898 8..

1892 5849 2005 5907 ’sal.
2039 5867 2136 5922 vn,
2168 5856 2222 5912 6.
3258 5829 3289 5863 .

508 5909 783 5973 l’A’fltOL.
832 5917 947 5979 Gn.
1003 5922 1119 5988 CL.

2957 5960 3038 6023 34
