4146 6308
565 381 706 450 1067

1798 394 2193 458 GREGORII
2258 397 2588 462 PALAMxF.

3689 397 3822 464 ιοεε

558 503 746 556 datum
774 503 969 569 pennis
998 503 1198 560 divinae
1247 505 1532 562 cliaritatis
1561 516 1807 564 terrenos
1873 525 2026 568 actus
2054 529 2145 569 uo-

2261 526 2611 580 τασκηνουσι,
2649 504 2785 576 (seu!
2825 506 2901 569 εἰς
2940 505 3067 576 χοῦν
3106 502 3203 573 τὴν
3254 501 3465 556 ἑαυτῶν
3503 500 3685 566 δόξαν,
3735 504 3824 572 τὴν

557 601 702 646 stros
752 608 967 649 sursum
1019 598 1319 666 rapientis:
1353 598 1421 652 ita
1456 607 1515 653 ut
1565 599 1776 655 labores
1819 605 2067 682 subeant,
2095 616 2149 660 et

561 686 871 740 mercedem
916 703 1019 742 non
1064 689 1379 745 lucrentur.
1438 691 1579 757 Quid
1638 694 1783 760 dico,
1843 698 2145 751 mercedem

557 790 668 828 non
706 775 1034 832 lucrantur?
1067 777 1440 833 Lucril‘acinnt
1486 782 1728 850 quidem,
1782 783 1881 839 scd
1916 784 2148 856 ignomi-

558 867 726 931 niam,
754 880 808 922 et
837 870 1223 941 cogitationum
1272 872 1716 941 inconstantiam,
1747 886 1802 931 et
1829 878 1993 931 animi
2024 893 2146 932 ser-

555 944 781 1014 vitutem
848 976 912 1016 ac
960 963 1446 1031 perturbationem.
1497 983 1517 1017 ι
1550 966 1812 1032 Quoniam
1847 968 1988 1024 Deus
2030 970 2145 1025 dis-

556 1049 755 1116 sipavit
782 1066 904 1104 ossa
965 1067 1155 1106 eorum
1215 1055 1305 1123 qui
1359 1054 1672 1112 hominibus
1716 1058 1976 1125 placent:
2014 1076 2146 1116 con-

557 1140 662 1195 fusi
697 1153 843 1206 sntit,
878 1145 1139 1211 quoniam
1168 1145 1313 1201 Dens
1341 1149 1549 1216 sprevit
1574 1166 1672 1203 eos
1707 1151 1751 1182 "

2260 599 2555 669 Δαϐιτικὴν
2607 599 2746 668 ἀρὰν
2776 598 2861 665 ἐφ’
2893 597 3120 658 ἑαυτοὺς
3174 594 3446 656 ἕλκοντες.
3479 591 3617 646 Οὔτε
3650 594 3758 661 γὰρ
3795 594 3823 661 ἠ

2260 689 2535 762 προσευχὴ
2562 688 2740 743 αὐτῶν
2766 687 2942 742 ἄνεισι
2967 688 3103 758 arpi);
3132 686 3385 757 οὐρανὸν,
3416 684 3513 737 καὶ
3535 684 3642 736 πᾶν
3666 684 3824 735 σπού-

2258 783 2441 851 δασμα
2488 782 2642 835 κάτω
2682 782 2893 842 πίπτει,
2930 778 2999 833 τὰ
3032 778 3207 849 πτερὰ
3239 777 3340 847 τῆς
3376 774 3705 847 μεταρσίους
3737 776 3825 839 τὰς

2260 874 2355 928 ἐπὶ
2401 874 2506 943 γῆς
2552 872 2781 947 πράξεις
2828 871 2988 944 ἡμῶν
3008 858 3300 949 ’ποιούσης
3333 868 3487 931 θείας
3522 868 3744 937 ἀγάπης
3772 869 3828 919 οὑ

2260 968 2646 1037 περικείμενον
2665 982 2678 994 ·
2703 965 2846 1020 ὥστε
2865 965 2961 1020 καὶ⁵
2982 965 3179 1028 πόνους
3216 962 3561 1032 ὑφίστανται,
3594 961 3690 1013 καὶ
3712 959 3829 1020 τοὺς

2264 1058 2488 1130 μισθοὺς
2517 1058 2577 1111 ού
2600 1056 2961 1128 καρποῦνται.
2995 1055 3104 1108 Καὶ
3126 1053 3178 1106 τί
3201 1053 3345 1119 λέγω
3367 1054 3466 1123 τὴν
3493 1051 3603 1103 τῶν
3632 1049 3829 1119 μισθῶν

2260 1150 2573 1215 ἀκαρπίαν;
2621 1146 3049 1217 Καρποφοροῦσι
3085 1147 3189 1216 μὲν
3232 1145 3346 1208 οὖν,
3396 1144 3512 1198 ἀλλ’
3557 1142 3829 1210 αἰσχύνην,

562 1232 657 1286 καὶ
693 1228 972 1297 λογισμῶν
1002 1227 1298 1290 ὰστασίαν,
1331 1228 1424 1277 καὶ
1459 1226 1701 1287 διανοίας
1734 1221 2142 1292 αἰχμαλωσίαν,
2174 1223 2269 1273 καὶ
2301 1222 2580 1293 παραχήν.
2617 1237 2638 1273 ι
2675 1222 2880 1293 Κύριος
2913 1227 3044 1295 γὰρ,
3077 1225 3233 1293 φησι,
3264 1222 3654 1292 διεσκόρπισεν
3676 1223 3807 1275 ὀστᾶ

507 1386 519 1393 1
561 1322 1064 1391 ἁνθρωπαρὲσκων.
1099 1321 1592 1389 Κατῃσχύνθησαν,
1627 1318 1710 1373 ὅτι
1744 1317 1773 1368 ό
1810 1315 1943 1381 θεὸς
1971 1319 2328 1382 ὲξουδένωσεν
2350 1314 2575 1381 αὐτούς.

632 1406 820 1459 Passio
862 1405 979 1459 haec
1023 1414 1105 1459 est
1134 1406 1374 1458 omnium
1404 1404 1721 1474 passionum
1750 1403 2133 1459 subtilissima.

554 1496 681 1550 l.leo
712 1497 933 1551 virtutis
972 1497 1172 1550 athleta
1208 1496 1385 1569 debet,
1417 1496 1556 1549 haud
1610 1495 1828 1564 quidem
1881 1494 2141 1548 auxilium

555 1604 803 1653 quaerere
834 1598 927 1641 aut
958 1601 1279 1641 consensum
1305 1585 1516 1657 fugere,
1556 1589 1652 1640 sed
1688 1586 2051 1640 tentationem
2083 1596 2142 1640 ut

558 1695 886 1735 consensum
914 1678 1113 1733 habere
1145 1686 1200 1732 et
1238 1693 1454 1733 cavere.
1495 1675 1592 1731 Vix
1621 1676 1765 1731 enim
1789 1677 1876 1758 vel
1899 1677 1979 1732 sic
2001 1677 2144 1731 cele-

561 1774 773 1825 ritatem
819 1773 1003 1841 lapsus
1052 1782 1374 1840 praecurret,
1424 1779 1480 1826 et
1505 1773 1721 1826 etiamsi
1756 1779 1959 1825 tantam
1987 1772 2154 1825 adbi-.

558 1862 686 1915 beat
710 1863 1045 1926 cautionem,
1079 1863 1309 1916 tentatio
1340 1869 1425 1916 est
1456 1860 1897 1932 compunctionis
1941 1876 2135 1917 causa.

561 1952 621 2006 Si
676 1968 805 2008 vero
857 1968 962 2008 non
1005 1954 1085 2008 sic
1122 1964 1338 2020 agatur,
1383 1955 1654 2023 superbiae
1697 1953 1846 2008 locus
1891 1964 2139 2023 paretur.

560 2045 677 2096 llac
716 2057 898 2097 autem
945 2044 1202 2098 laborans
1237 2043 1455 2099 diliicile
1497 2043 1795 2113 resipiscit,
1836 2044 1923 2098 vel
1958 2047 2144 2114 potius

559 2135 877 2189 insanabilis
899 2146 983 2191 est
1012 2151 1028 2194 ;
1061 2137 1383 2192 diabolicum
1409 2137 1553 2190 enim
1576 2145 1660 2191 est
1683 2144 1991 2207 peccatum.
2037 2137 2142 2191 Sed

556 2226 722 2281 etiam
758 2237 886 2281 ante
920 2227 1047 2294 hoc,
1086 2228 1334 2297 placendi
1367 2229 1681 2284 hominibus
1710 2229 1982 2300 cupiditas
2016 2241 2141 2284 tan-

564 2329 677 2373 tum
716 2319 892 2374 servis
928 2322 1046 2375 suis
1075 2318 1231 2384 aﬂerl
1261 2321 1503 2387 domum,
1541 2330 1599 2375 ut
1649 2321 1735 2376 vel
1771 2322 1934 2377 ‘circa
1985 2324 2142 2378 tidem

559 2409 887 2479 uaufrageut
916 2409 962 2441 ⁴⁸
986 2410 1143 2479 juxta
1174 2424 1297 2464 eum
1330 2412 1423 2478 qui
1454 2411 1586 2464 dicit
1621 2426 1636 2464 :
1665 2428 1685 2462 ι
1715 2410 2001 2476 Quomodo
2046 2427 2144 2467 vos

558 2504 793 2570 potestis
840 2501 1066 2556 credere
1097 2500 1149 2554 in
1182 2517 1290 2564 me,
1323 2505 1412 2569 qui
1455 2503 1683 2572 gloriam
1728 2505 1797 2558 ab
1829 2503 2146 2561 hominibus

561 2588 832 2655 accipitis,
866 2598 921 2644 et
948 2589 1184 2657 gloria‘m
1212 2605 1335 2659 quas
1364 2605 1394 2644 ιι
1416 2591 1533 2646 solo
1566 2592 1677 2646 Deo
1708 2604 1815 2661 est,
1848 2609 1956 2648 non
1992 2611 2146 2665 qum-

564 2679 687 2734 ritis
714 2680 806 2733 "?
842 2697 863 2732 ι
909 2678 1049 2745 Quid
1085 2681 1205 2746 tibi,
1237 2696 1271 2736 ο
1301 2683 1484 2748 bomo,
1516 2695 1570 2738 et
1600 2685 1883 2742 hominum
1935 2692 2141 2758 glorise,

560 2772 643 2826 vel
659 2771 838 2841 potius
864 2787 1004 2828 vano
1026 2773 1213 2845 gloriae
1240 2776 1473 2839 nomini,
1505 2779 1651 2847 quod
1686 2778 1803 2848 ipsa
1829 2795 1889 2836 re
1921 2796 2025 2835 non
2055 2797 2145 2834 ra-

560 2875 647 2917 rct
680 2866 863 2930 modo,
890 2865 984 2920 sed
1020 2874 1078 2921 et
1125 2867 1326 2935 privat,
1391 2876 1450 2921 et
1491 2879 1755 2937 praeterea
1806 2883 2030 2941 gent-rat
2089 2873 2142 2927 in

561 2954 699 3009 alios
734 2944 1019 3022 invidiam,
1048 2955 1310 3011 invidiam
1366 2958 1584 3027 quidem
1609 2960 1767 3015 istam
1791 2963 1952 3019 caedis
1978 2968 2147 3032 magi-

550 3058 756 3113 stram,
787 3054 844 3107 et
874 3062 1098 3105 causam
1133 3049 1296 3119 primi
1331 3050 1636 3117 homicidii,
1668 3051 1777 3109 imo
1807 3066 1999 3124 postea
2033 3060 2145 3111 dei-

563 3140 692 3195 cidii
716 3140 739 3193 τ

633 3231 910 3302 Numquid
965 3246 1032 3287 ao
1066 3243 1321 3290 naturam
1346 3232 1582 3302 confert,
1610 3237 1753 3306 quod
1777 3250 1897 3292 eam
1928 3254 2146 3297 conscr-

562 3333 676 3395 vet,
704 3335 799 3381 aut
830 3325 1129 3388 custodiat,
1168 3335 1265 3382 aut
1296 3326 1505 3397 lapsam
1540 3329 1887 3399 aliquatenus
1921 3335 2147 3389 suscitet

562 3426 731 3485 atque
753 3426 931 3473 sanet.
966 3417 1138 3480 Nemo
1172 3433 1399 3490 prorsus
1435 3422 1614 3476 dicere
1640 3424 1816 3490 possit
1855 3425 1983 3494 quid
2010 3441 2146 3481 con-

563 3507 728 3565 ferat.
762 3511 878 3565 lmo
911 3510 1166 3580 equidem
1194 3514 1441 3567 arbitror
1468 3513 1635 3568 etiam
1668 3514 1775 3568 hoc
1800 3529 1923 3571 esse
1946 3520 2145 3573 malum

560 3601 617 3656 in
685 3616 873 3658 causa.
938 3602 1009 3658 Et
1070 3604 1118 3659 si
1169 3605 1294 3673 quis
1337 3604 1630 3674 diligenter
1681 3605 1943 3676 indagare
1994 3612 2144 3678 velit,

559 3693 805 3748 eamdem
843 3694 1087 3750 inveniet
1115 3695 1388 3751 subtiliter
1418 3712 1639 3751 causam
1674 3699 1996 3770 plerumque
2036 3687 2148 3759 tur-

559 3785 785 3854 pissima
831 3787 1150 3845 suadentem
1191 3797 1246 3842 et
1295 3791 1738 3858 cxprobrantem,
1791 3801 1954 3860 atque
2003 3810 2147 3852 nunc

560 3879 712 3935 larva
760 3893 823 3936 se
864 3880 1208 3950 impudenter
1267 3896 1577 3946 enitentem,
1633 3897 1782 3937 nunc
1823 3883 2148 3946 libidinosus

561 3973 767 4040 pudore
801 3971 1230 4034 sutfundentem.

633 4066 699 4121 Et
748 4068 967 4138 quidem
1016 4066 1249 4124 ethnicm
1310 4071 1576 4126 doctrinae
1634 4075 1881 4143 magistri
1935 4076 2145 4132 nullum

563 4157 682 4212 sine
711 4157 800 4212 illa
834 4172 973 4228 opus
1004 4159 1057 4212 in
1117 4158 1226 4211 vita
1290 4157 1407 4213 ﬁeri
1465 4168 1677 4227 putant.
1712 4157 1853 4215 Proh
1879 4174 2146 4228 errorem,

561 4263 724 4317 quem
780 4263 849 4303 ne
893 4247 1221 4303 erubescunt
1264 4250 1481 4317 quidem
1533 4249 1758 4305 dicere!
1810 4250 1884 4305 At
1917 4268 2017 4309 nos
2065 4255 2148 4311 sic

567 4339 746 4394 edocti
780 4354 986 4405 sumus,
1025 4339 1118 4407 qui
1182 4341 1447 4408 praeclaro
1501 4355 1880 4410 nuncupantur
1928 4347 2147 4403 nomine

563 4432 709 4485 illius
732 4430 830 4500 qui
855 4440 1099 4484 nostram
1134 4440 1388 4485 naturam
1414 4430 1484 4486 de
1515 4432 1698 4502 seipse
1720 4434 2148 4494 misericorditer

564 4524 741 4589 unxit,
760 4523 855 4579 sed
865 4537 986 4578 eum
1001 4522 1178 4592 ipsum
1198 4524 1460 4579 trahemus
1470 4523 1745 4579 actionum
1759 4536 2144 4598 spectatorem,
2182 4526 2224 4581 D

565 4623 632 4673 ed
687 4632 850 4688 quem
878 4612 1250 4682 intendentes,
1281 4630 1377 4684 per
1408 4615 1586 4687 ipsum
1620 4625 1677 4672 et
1707 4630 1929 4689 propter
1961 4623 2142 4693 ipsum

563 4728 726 4769 omne
768 4710 914 4780 quod
960 4713 1045 4766 est
1075 4708 1337 4779 optimum
1376 4719 1691 4778 operantur,
1730 4716 1913 4767 omnia
1945 4715 2014 4769 ad
2050 4715 2148 4770 Dei

567 4803 798 4871 gloriam
834 4802 1124 4864 iacientes,
1155 4810 1213 4855 et
1247 4797 1563 4855 hominibus
1594 4800 1806 4869 placere
1838 4803 2149 4861 nullatenus

563 4896 845 4962 cupientes
881 4909 897 4960 ;
952 4895 1032 4949 vel
1066 4894 1242 4962 potius
1274 4908 1380 4948 nou
1410 4892 1720 4963 placentes,
1779 4904 1837 4952 ut
1874 4898 1953 4952 ait
2006 4898 2150 4954 Pau-

567 4989 671 5051 lus,
719 5003 967 5045 smumus
1016 4989 1284 5055 interpres
1352 4984 1699 5061 legislatoris,
1772 4987 1966 5060 legifer
2032 4993 2150 5063 ipse

567 5089 790 5135 uoster:
822 5097 839 5130 ι
871 5078 926 5133 Si
943 5079 1255 5135 hominibus
1281 5078 1796 5150 placerem,Cbristi
1816 5097 2011 5141 servus
2040 5101 2146 5140 non

566 5187 741 5228 essem
801 5173 870 5227 °°.
940 5190 960 5224 ι
1021 5170 1221 5227 Verum
1277 5171 1561 5228 videamus
1621 5188 1693 5228 an
1735 5176 1929 5232 tertius
1980 5176 2144 5233 etiam

2339 1399 2508 1453 Τοῦτο
2537 1399 2598 1453 τὸ
2624 1400 2797 1464 πάθος
2831 1401 3158 1458 λεπτότατόν
3179 1403 3296 1457 ἐστι
3328 1404 3518 1459 παθῶν
3559 1409 3829 1463 ἁπάντων.

2266 1490 2357 1547 Διὸ
2378 1489 2459 1544 δεῖ
2483 1491 2577 1545 τὸν
2610 1492 3076 1564 προσπαλαίοντα,
3118 1494 3195 1564 μὴ
3218 1494 3311 1548 τὸν
3348 1498 3692 1566 συνδυασμὺν
3721 1500 3823 1552 ἐτά-

2267 1580 2404 1647 ζειν,
2439 1583 2472 1653 ἢ
2513 1583 2614 1654 τὴν
2640 1583 3039 1653 συγκατάθεσιν
3086 1585 3332 1655 φεύγειν,
3381 1586 3492 1645 ἀλλ’
3545 1590 3716 1660 αὐτὴν
3743 1591 3830 1662 τὴν

2266 1673 2598 1745 προσϐολὴν,
2627 1676 2703 1738 ὡς
2743 1675 3145 1744 συγκατάθεσιν
3176 1677 3487 1747 λογίζεσθαί
3517 1698 3573 1741 τε
3605 1683 3699 1734 καὶ
3730 1700 3826 1750 φυ-

2267 1763 2582 1845 λάττεσθαι.
2633 1767 2807 1830 Μόλις
2837 1767 2948 1841 γὰρ
2984 1769 3050 1822 ἂν
3080 1767 3224 1823 οὕτω
3259 1772 3320 1823 τὸ
3352 1772 3518 1841 τάχος
3547 1774 3649 1843 τῆς
3676 1774 3830 1845 ἥττης

2267 1834 2600 1930 παραδράμῃ
2621 1873 2636 1889 ⁸
2673 1859 2777 1913 κᾶν
2804 1834 3079 1930 μεν-οὕτω
3114 1861 3333 1934 πράττῃ
3368 1834 3575 1934 νηφων,

2263 1948 2394 2019 ϐολὴ
2429 1949 2642 2016 γίνεται
2697 1950 3043 2017 κατανύξεως
3098 1955 3382 2024 πρόξενος.
3420 1957 3483 2008 Et
3515 1957 3571 2011 δὲ
3622 1960 3732 2027 μὴ,
3771 1962 3828 2031 τῇ

2263 2038 2614 2110 ὑπερηφανίᾳ
2643 2040 2806 2105 τόπος
2829 2043 3198 2113 ἑτοιμάζεται.
3232 2046 3448 2115 Ταύτην
3468 2047 3526 2101 δὲ
3548 2050 3576 2101 ὁ
3600 2051 3830 2119 προσλα-

2263 2127 2516 2198 ϐόμενος,
2546 2129 2991 2203 δυσανακλήτως,
3026 2135 3229 2205 μᾶλλον
3248 2137 3305 2189 δὲ
3328 2137 3420 2191 καὶ
3442 2139 3680 2202 ἀνιάτως
3705 2141 3827 2211 ἔχει.

2263 2218 2581 2273 Διαϐολικὸν
2603 2221 2714 2292 γάρ
2735 2224 2852 2279 ἐστι
2870 2224 2930 2277 τὸ
2953 2214 3156 2295 πτῶμα
3173 2242 3186 2258 ⁸
3212 2226 3350 2282 ἀλλὰ
3371 2227 3467 2287 καὶ
3495 2231 3603 2299 πρὸ
3624 2231 3828 2296 τούτου,

2259 2308 2443 2378 τὸτῆς
2489 2310 2984 2380 ἀνθρωπαρεσκίας
3031 2315 3222 2378 πάθος,
3274 2316 3543 2385 τοσαύτην
3586 2322 3832 2374 ἐπαντλεῖ

2260 2403 2375 2465 τοῖς
2411 2404 2770 2473 κεκτημένοις
2810 2404 3019 2475 βλάϐην
3046 2445 3061 2470 ,
3102 2406 3178 2469 ὡς
3221 2407 3317 2459 καὶ
3357 2409 3488 2477 περὶ
3529 2411 3701 2478 αὐτὴν
3741 2413 3831 2478 τὴν

2260 2492 2446 2546 πίστιν
2477 2498 2757 2562 ναυαγεῖν,
2808 2497 2951 2551 κατὰ
2983 2499 3076 2551 τὸν
3117 2499 3358 2552 εἰπόντω
3394 2519 3412 2551 ι
3460 2502 3583 2563 ηὼς
3610 2502 3831 2556 δύνασθε

2259 2584 2538 2639 πιστεύειν
2563 2588 2644 2649 είς
2673 2587 2796 2657 ἐμὲ,
2829 2587 2990 2652 δόξαν
3019 2590 3172 2659 παρὰ
3204 2589 3508 2659 ἀνθρώπων
3542 2591 3835 2660 λαμϐάνονο

2255 2692 2370 2741 τες,
2408 2677 2503 2730 καὶ
2534 2677 2633 2749 τὴν
2670 2676 2831 2744 δόξαν
2880 2680 2981 2750 τὴν
3039 2682 3191 2751 παρὰ
3242 2681 3335 2734 τοῦ
3392 2684 3556 2751 μόνου
3609 2686 3745 2738 θεοῦ
3776 2688 3834 2739 ού

2257 2767 2577 2837 ζητοῦντες;
2602 2789 2620 2822 ι
2649 2773 2690 2826 Τ
2697 2771 2714 2823 ί
2741 2770 2807 2841 δὴ
2829 2773 2912 2825 σοὶ
2941 2773 3035 2825 καὶ
3059 2776 3124 2843 τῇ
3145 2773 3254 2826 τῶν
3282 2774 3586 2843 ἀνθρώπων
3618 2778 3765 2850 δόξῃ,
3791 2773 3835 2832 ὦ

2259 2858 2539 2930 ἄνθρωπε,
2576 2860 2777 2930 μᾶλλον
2805 2863 2859 2915 δὲ
2886 2861 2966 2933 τῷ
2989 2862 3133 2935 κενῷ
3164 2868 3264 2935 τῆς
3292 2865 3451 2937 δόξης
3470 2868 3717 2938 ὀνόματι,
3743 2873 3837 2924 καὶ.

2256 2951 2357 3002 οὐκ
2396 2952 2749 3021 ἐστερημένῳ
2803 2953 2999 3022 μόνον,
3059 2954 3197 3008 ἀλλὰ
3244 2958 3336 3009 καὶ
3392 2962 3703 3031 στερητικῷ
3742 2963 3834 3016 τ’ςῦ

2257 3041 2601 3113 πράγματος,
2630 3044 2723 3097 καὶ
2739 3044 2800 3096 οὐ
2823 3044 2983 3100 τοῦτο
3009 3046 3190 3116 μόνον,
3210 3047 3343 3105 ἀλλὰ
3367 3050 3500 3120 πρὸς
3523 3056 3634 3116 sui;
3656 3054 3838 3117 ἄλλοις

2202 3174 2216 3213 ._
2257 3133 2352 3186 καὶ
2383 3134 2685 3204 γεννητικῷ
2716 3134 2810 3189 τοῦ
2845 3136 3039 3206 φθόνου
3063 3154 3078 3203 ;
3101 3137 3320 3207 φθόνου,
3354 3139 3449 3193 τοῦ
3483 3142 3710 3212 δυνάμει
3737 3146 3836 3213 φό-

2257 3241 2369 3287 νου,
2404 3226 2499 3278 καὶ
2526 3227 2787 3297 προξένου
2827 3229 2926 3295 τῆς
2968 3228 3195 3302 πρώτης
3228 3234 3564 3301 μιαιφονίας,
3615 3238 3837 3307 καὶτῆς

2258 3314 2484 3385 ὕστερον
2511 3314 2850 3383 θεοκτονίαςς
2877 3312 3025 3387 Ἆρά
3068 3335 3119 3374 τι
3150 3320 3394 3375 συντελεί
3412 3323 3478 3392 τῇ
3500 3321 3687 3389 φύσει,
3707 3340 3838 3377 συν-

2257 3408 2399 3476 έχον,
2430 3406 2464 3476 ἢ
2492 3406 2837 3480 φυλάττονμῆ
2871 3410 3215 3479 σφάλλουσαν
3239 3412 3623 3483 ἀναλαμϐάνον
3651 3419 3839 3469 ὁπωσ-

2257 3497 2349 3549 οῦν
2378 3498 2550 3568 αὐτὴν
2590 3501 2685 3553 καὶ
2741 3499 3007 3571 ίώμενον;
3042 3502 3268 3566 Πάντως
3330 3505 3433 3557 οὐκ
3478 3504 3547 3558 ἂν
3591 3506 3707 3576 ἔχοι
3751 3525 3839 3572 τις⁵

2258 3590 2434 3643 εἰπεῖν
2461 3590 2566 3645 ὅτι.
2612 3589 2754 3644 Ἀλλ’
2797 3588 2954 3662 οῐμαι
3002 3594 3099 3648 καὶ
3136 3594 3282 3647 τοῦτ’
3331 3590 3596 3650 εἶναικαὶ
3639 3598 3750 3652 τῶν
3779 3602 3838 3652 ὲν

2260 3680 2528 3749 προφάσει
2565 3683 2968 3753 παραχρήσεων
3002 3683 3241 3755 ἔλεγχον.
3269 3686 3333 3739 El
3362 3687 3421 3741 δέ
3458 3703 3542 3751 τις
3585 3689 3835 3758 ἀκριϐῶς

2258 3770 2510 3836 ἐξετάσαι
2554 3770 2793 3844 θελήσει,
2832 3775 2933 3843 τὴν
2974 3775 3145 3844 αὐτὴν
3188 3774 3424 3847 δολερῶς
3470 3778 3699 3849 εὑρήσει
3734 3786 3832 3834 καὶ

2256 3860 2627 3932 προξενοῦσαν
2672 3863 2784 3918 τῶν
2836 3864 3132 3935 αἰσχίστων
3184 3867 3254 3920 τὰ
3297 3868 3554 3934 πλεῖστα,
3591 3871 3691 3923 καὶ
3718 3872 3834 3923 ἀπ-

2256 3954 2588 4025 ιλέγχουσαν
2606 3971 2619 3985 ’
2654 3953 2749 4009 καὶ
2771 3953 2832 4009 τὺ
2860 3959 3202 4024 προσωπεῖον
3240 3958 3474 4023 ἀναιδῶς
3500 3961 3835 4032 ἀποτιθεμέ-

2257 4062 2355 4117 νην
2376 4046 2565 4101 ὲσθότε
2587 4045 2891 4112 κάνταῦθα,
2914 4048 3153 4113 καὶτοὺς
3174 4050 3410 4121 ἐραστὰς
3428 4053 3832 4124 καταισχύνου-

2261 4152 2360 4190 σαν
2381 4154 2395 4167 ·
2420 4136 2524 4191 κᾶν
2548 4140 2598 4191 oi
2619 4139 2728 4193 τῶν
2762 4137 3091 4209 Ἑλληνικῶν
3109 4140 3395 4212 δογμάτων
3425 4143 3829 4217 καθηγεμόνες,

2255 4227 2407 4283 οὐδὲν
2427 4229 2600 4300 αὐτῆς
2624 4229 2754 4296 ἄνευ
2772 4229 2957 4285 τῶνὶν
2980 4230 3058 4302 τῷ
3081 4230 3182 4303 βίῳ
3200 4233 3647 4305 κατορθωμάτων
3669 4238 3831 4291 afutu-

2256 4336 2366 4375 ται.
2395 4320 2500 4374 Φεῦ
2525 4322 2620 4393 τῆς
2647 4320 2879 4392 πλάνης,
2908 4323 2992 4376 ὅτι
3020 4323 3146 4393 μηδ’
3168 4324 3519 4395 αἰσχύνονται
3542 4327 3827 4397 λέγοντεςί

2269 4411 2410 4466 Ἀλλ’
2442 4415 2605 4483 ἡμεῖς
2629 4414 2728 4485 οὐχ
2773 4412 2949 4478 οὕτως
2980 4414 3361 4486 ιδιδάχθημεν,
3392 4418 3445 4470 οί
3486 4421 3832 4492 φερωνύμως

2254 4498 2554 4572 ἐπώνυμοι,
2577 4500 2671 4554 τοῦ
2694 4501 2764 4555 δι’
2794 4500 2992 4557 ἑαυτοῦ
3036 4503 3437 4576 φιλανθρώπως
3462 4508 3529 4569 τὸ
3557 4510 3829 4580 ἡμέτερον

2253 4591 2541 4661 χρίσαντος
2566 4608 2581 4624 ⁶
2630 4592 2744 4647 ἀλλ’
2797 4592 2959 4647 αὑτὸν
3018 4594 3218 4664 ἔχομεν
3267 4595 3377 4649 τῶν
3432 4601 3828 4669 πραττομένων

2254 4683 2529 4753 ὲπόπτην·
2565 4684 2701 4753 πρὸς
2731 4683 2790 4738 όν
2811 4685 2862 4737 οι
2892 4683 3206 4754 βλέποντες,
3244 4685 3315 4740 δι’
3343 4687 3511 4742 αὐτοῦ
3537 4707 3598 4743 τε
3632 4694 3728 4744 καὶ
3762 4690 3826 4743 δι’

2255 4774 2418 4828 αὐτὸν
2436 4777 2542 4829 πᾶν
2557 4775 2584 4828 ὃ
2605 4791 2658 4826 τι
2674 4774 2960 4829 κάλλιστον
2978 4776 3331 4848 κατορθοῦσι,
3361 4778 3543 4835 πάντα
3559 4783 3642 4845 είς
3668 4781 3826 4846 δόξαν

2253 4863 2391 4917 Θεοῦ
2425 4863 2719 4929 ποιοῦντες,
2766 4865 2863 4920 καὶ
2904 4864 3216 4937 ἀνθρώποις
3261 4866 3400 4931 ὅλως
3435 4869 3695 4940 ἀρέσκειν
3724 4871 3825 4923 οὐκ

2253 4954 2534 5023 δφιέμενοι
2556 4970 2569 4985 ο
2605 4954 2802 5024 μᾶλλον
2822 4956 2880 5009 δὲ
2913 4956 3025 5009 οὐδ’
3054 4956 3405 5027 ἀρέσκοντες,
3434 4961 3583 5015 κατὰ
3610 4960 3822 5015 Παῦλον

2255 5046 2347 5099 τὸν
2380 5044 2548 5116 ἀκρον
2601 5045 2812 5117 μύστην
2857 5046 2954 5101 τοῦ
3000 5047 3331 5117 νομοθέτου,
3390 5052 3489 5103 καὶ
3532 5052 3822 5122 νομοῦὁτην

2256 5137 2415 5209 ἡμῶν
2440 5154 2455 5170 ο
2494 5156 2514 5190 ι
2548 5140 2613 5193 Ei
2643 5139 2752 5210 γὰρ
2804 5139 2916 5207 ἔτι,
2955 5140 3141 5209 φησὶν,
3208 5139 3522 5210 ἀνθρώποις
3564 5144 3823 5213 ἤρεσκον,

2241 5224 2483 5292 Χριστοῦ
2544 5226 2727 5290 δοῦλος
2766 5229 2868 5283 οὐκ
2923 5230 2990 5284 ἂν
3042 5233 3210 5304 ἢμην.
3249 5251 3270 5287 ι
3335 5234 3496 5290 Ἀλλὰ
3534 5237 3642 5309 γὰρ
3690 5237 3817 5293 ἴδω-

2246 5330 2368 5383 μεν,
2389 5317 2437 5369 εἰ
2464 5318 2554 5369 καὶ
2574 5318 2634 5370 τὸ
2658 5319 2839 5390 τρίτον
2861 5321 3103 5391 ἔκγονον,
3121 5323 3219 5389 τῆς
3237 5324 3425 5389 κακῶς
3446 5328 3676 5399 ἐχούσης
3688 5331 3816 5383 ἑπι-

2244 5402 2462 5474 θυμίας,
2480 5407 2568 5460 διὰ
2594 5411 2693 5479 τῆς
2723 5413 3166 5484 μακαριζομένης
3184 5414 3489 5485 ἀναιρεῖται
3518 5420 3815 5490 πτωχείας.

2310 5495 2504 5566 Τρίτος
2523 5498 2700 5551 τοίνυν
2729 5501 2907 5564 τόκος,
2935 5503 3057 5556 κατ’
3092 5504 3387 5576 ἐπιθυμίαν
3419 5508 3686 5585 νοσούσης
3709 5510 3815 5579 τῆς

2241 5586 2434 5658 ψυχῆς,
2493 5593 2935 5659 γαστριμαργία·
2990 5596 3123 5667 παρ’
3179 5591 3249 5666 ἧς
3303 5598 3621 5669 ἀκαθαρσία
3661 5604 3813 5659 πᾶσα

565 5280 747 5336 pravae
794 5264 1251 5336 concupiscentia:
1305 5264 1450 5320 [ilius
1498 5265 1807 5322 beatiﬁcata
1843 5268 2146 5337 perimatur

567 5366 908 5428 paupertate.

654 5482 867 5536 Tertius
896 5495 1055 5551 porro
1095 5479 1238 5544 illius
1266 5481 1461 5534 anima:
1494 5480 1933 5553 concupiscentia
1967 5497 2151 5556 aegro-

580 5580 764 5640 tantis,
787 5586 871 5631 est
899 5576 1102 5630 ventris
1124 5576 1380 5642 servitus,
1408 5590 1434 5631 ιι
1459 5590 1564 5644 qua
1593 5575 1772 5654 omnis
1794 5585 1881 5632 est
1911 5578 2152 5634 carnalis

648 5754 692 5787 δ’
733 5755 877 5810 Dsal.
943 5770 1035 5820 ιιι,
1064 5753 1116 5837 li.
1193 5752 1237 5782 ⁸⁸
1276 5751 1295 5805 l
1324 5749 1465 5807 Titn.
1497 5770 1533 5817 ι,
1567 5754 1656 5811 19.
1732 5754 1777 5788 δ’
1809 5753 1971 5811 Joau.
2000 5770 2032 5811 v
2062 5756 2147 5813 44.

2256 5758 2277 5792 ⁸
2304 5757 2484 5815 Galat.
2514 5774 2554 5827 ι,
2610 5761 2693 5815 lO.
