4146 6308
565 451 697 518 ιῡτι

1782 432 2165 497 GREGORII
2207 430 2532 492 PALAME

3664 431 3801 494 1072

561 565 620 621 Si
646 563 770 635 quis
800 558 965 629 igitur
984 553 1145 613 ditari
1179 552 1324 624 cupit
1358 550 1662 614 sanctitate,
1698 548 1816 603 sine
1838 561 1940 617 qua
1975 559 2134 599 nemo

2266 546 2436 600 ιάτων
2475 546 2822 616 ἐγκρατείας,
2855 547 2939 599 ἵνα
2981 550 3053 618 μὴ
3098 548 3345 619 δυσήνιον
3377 545 3430 623 ᾖ,
3468 552 3559 603 καὶ
3598 552 3691 605 τοῦ
3727 555 3812 607 λο-

563 652 765 709 videbit
790 649 1104 712 Demittunt,
1140 654 1420 701 remaneat
1450 642 1500 695 in
1532 656 1626 695 sua
1674 639 1831 705 cella,
1868 638 2130 691 amictans

562 756 617 800 et
647 757 811 799 orans
846 740 901 794 in
943 739 1290 794 humilitate:
1321 734 1447 789 boni
1476 734 1618 788 enim
1653 732 1905 785 monachi
1935 738 2019 784 est
2040 744 2129 782 sa-

564 832 963 905 pientimlimen
990 847 1004 895 ;
1038 829 1130 883 sed
1181 838 1513 896 quaecunque
1574 822 1705 878 foris
1734 831 1882 885 sunt,
1909 836 1973 875 ac
2000 835 2134 889 prae-

563 925 749 982 sertim
786 925 838 978 in
862 921 1054 992 plateis
1077 930 1128 974 et
1161 917 1411 982 canibus,
1432 916 1589 986 plena
1614 925 1739 970 sunt
1761 912 2133 969 fornicationis

567 1017 819 1077 mistura,
871 1027 934 1065 ex
983 1008 1281 1063 immundis
1314 1005 1591 1059 auditibus
1614 1012 1669 1057 et
1701 1002 2013 1072 aspectibus
2042 1014 2135 1054 co-

532 1115 711 1167 .acta,
771 1111 824 1153 et
878 1099 1129 1153 miseram
1184 1093 1556 1165 appropiantis
1594 1091 1846 1146 monachi
1873 1092 2131 1152 animam,

582 1195 955 1260 immergente.
988 1189 1157 1243 Recte
1184 1187 1360 1241 adhuc
1388 1184 1774 1238 assimilaveris
1810 1182 1916 1251 igni
1960 1181 2136 1234 urenti

568 1285 826 1337 mundum
878 1281 1210 1348 iniquitatis,
1244 1277 1339 1346 qui
1370 1280 1420 1328 in
1471 1275 1675 1344 lignum
1718 1282 1876 1328 vorat
1900 1286 2132 1341 congreo

568 1377 804 1441 dientes,
837 1381 890 1426 et
915 1370 1259 1425 omnimodas
1311 1381 1500 1421 eorum
1547 1364 1775 1420 virtutes
1803 1365 1857 1417 in
1897 1364 2137 1418 cinerem

570 1467 750 1521 vertit.
791 1464 861 1518 At
890 1477 998 1517 non
1022 1475 1186 1515 urens
1221 1460 1358 1529 ignis
1402 1458 1454 1512 in
1476 1458 1688 1511 deserto
1721 1456 2014 1510 invenitur.
2058 1453 2139 1506 Tu

570 1571 668 1627 pro
710 1557 926 1610 deserto
948 1551 1154 1607 cellulae
1178 1550 1433 1611 immane,
1456 1556 1512 1601 et
1535 1546 1867 1602 abscondere
1899 1546 2142 1613 aliquan-

572 1649 770 1711 tulum,
797 1648 970 1701 donec
993 1642 1270 1697 transierit
1294 1640 1536 1695 libidinis
1566 1640 1738 1694 hiems
1756 1652 1841 1692 :eo
1866 1636 2141 1701 enimela-

571 1754 689 1809 pso,
708 1741 808 1793 sub
831 1737 919 1791 dio
947 1736 1135 1790 vivere
1162 1747 1272 1787 non
1293 1740 1470 1786 nocet.
1499 1729 1653 1784 Tunc
1675 1743 1799 1782 vere
1816 1742 2022 1797 pauper
2036 1726 2144 1781 eris

573 1830 793 1898 spiritu,
847 1835 900 1880 et
923 1826 1234 1895 passionum
1272 1821 1445 1875 victor
1491 1834 1714 1886 regnum
1746 1817 2067 1887 possidebis,
2092 1825 2148 1870 et

2251 641 2449 708 γισμοῦ
2505 639 2825 724 βιαιότερον.
2867 639 3167 711 Τοιγαροῦν
3221 643 3314 695 καὶ
3362 644 3429 695 τὰ
3472 645 3567 711 τῆς
3614 648 3810 719 σαρκὸς

2251 732 2427 784 πάντα
2462 730 2629 801 πάθη,
2654 729 2807 784 οὐδὲν
2837 731 3025 802 ἕτερον
3055 734 3218 795 ἰᾶται,
3255 734 3288 804 ἢ
3326 736 3665 791 κακοπάθεια
3706 739 3807 791 σῶα

2252 837 2455 890 ματος,
2518 822 2610 875 καὶ
2660 822 2937 893 προσευχὴ
2980 825 3042 875 ὲκ
3078 827 3548 896 τεταπεινωμένης
3590 831 3813 900 καρδίας

2247 915 2611 984 ἐνεργουμένη
2639 929 2654 946 ·
2699 914 2728 967 ὃ
2756 915 2903 966 ἐστιν
2936 918 2969 983 ἡ
3018 916 3076 967 ἐν
3123 916 3392 986 πνεύματι
3431 921 3695 989 πτωχεία,
3749 924 3813 992 ἣν

2248 1006 2584 1076 ἑμακάρισεν
2618 1007 2647 1059 ό
2679 1006 2906 1076 Κύριος.
2966 1006 3030 1058 Εἰ
3082 1006 3213 1075 γοῦν
3278 1009 3538 1080 ἐπιθυμεῖ
3588 1031 3670 1069 τις
3725 1017 3813 1065 τὶν

2250 1097 2521 1166 ἁγιασμόν
2567 1097 2891 1168 πλουτῆσαι,
2944 1092 3005 1153 οὗ
3054 1098 3225 1169 χωρὶς
3274 1101 3450 1163 οὐδεὶς
3503 1101 3691 1171 ὄψεται
3730 1106 3816 1156 τὸν

2251 1186 2475 1258 Κύριον,
2508 1188 2871 1259 παραμενέτω
2891 1191 2956 1259 τῇ
2993 1190 3097 1260 ίδέᾳ
3128 1190 3314 1262 κέλλῃ,
3356 1194 3691 1245 κακοπαθῶν
3724 1196 3816 1247 καὶ

2251 1279 2685 1350 προσευχόμενος
2714 1282 2770 1334 ὲν
2795 1281 3121 1334 ταπεινώσει
3144 1296 3156 1309 ·
3189 1281 3250 1334 τὸ
3273 1284 3381 1352 γάρ
3403 1283 3494 1335 τοῦ
3518 1282 3698 1348 καλῶς
3719 1304 3815 1352 μο-

2249 1371 2501 1435 νάζοντος
2533 1372 2739 1425 κελλίον
2768 1373 2937 1443 λιμήν
2968 1374 3084 1424 ἐστι
3134 1375 3488 1444 σωφροσύνης
3508 1391 3522 1407 ·
3550 1376 3619 1428 τά
3645 1377 3689 1428 δ’
3714 1375 3816 1441 ἔξω

2252 1462 2448 1525 πάντα,
2483 1462 2579 1515 κα)⁵
2608 1462 2840 1527 μάλιστα
2874 1462 2942 1514 τὰ
2963 1463 3082 1515 κατ’
3114 1462 3320 1533 ἀγορὰς
3343 1465 3434 1515 xai.
3460 1466 3814 1534 πανηγύρεις,

2253 1554 2525 1618 κυκεῶνος
2562 1554 2821 1626 πορνικοῦ
2862 1555 3241 1625 πεπλήρωται,
3276 1555 3334 1621 ἐξ
3366 1556 3625 1626 ἀκόσμων
3653 1560 3818 1612 ἀκου-

2254 1647 2566 1715 attritumve
2612 1648 2707 1701 καὶ
2761 1647 3051 1715 θεαμάτων
3108 1647 3683 1717 ὲπεγειρομένου,.καὶ
3720 1651 3817 1719 τὴν

2252 1737 2441 1791 ἀθλίαν
2465 1738 2558 1792 τοῦ
2587 1738 2995 1809 παραϐαλόντος
3017 1738 3251 1807 μοναχοῦ
3278 1739 3454 1809 ψυχὴν
3485 1741 3820 1794 καταδαπτίο

2252 1828 2453 1892 ζοντος.
2524 1829 2687 1882 Ἀλλὰ
2743 1830 2836 1883 καὶ
2892 1830 3002 1899 πῦρ
3052 1831 3118 1883 ἂν
3145 1832 3321 1893 εἴποις
3371 1832 3686 1899 καιόμενον,
3722 1833 3812 1885 τὸν

570 1918 761 1972 beatus
780 1916 928 1970 clare
947 1910 1331 1982 praedicaberis
1348 1923 1377 1960 a
1396 1907 1613 1961 dicente
1639 1922 1685 1963 :r
1713 1905 1863 1958 Beati
1884 1916 2149 1973 pauperes

2266 1919 2456 1982 ιόσμον
2483 1920 2585 1990 τῆς
2631 1922 2852 1984 κακίας,
2892 1921 3024 1991 ὕλην
3052 1921 3375 1991 ποιούμενον
3412 1924 3535 1986 τοὺς
3564 1923 3819 1993 ὁμιλοῦν-

572 2010 788 2076 spiritu,
808 2006 1063 2075 quoniam
1105 2002 1347 2072 ipsorum
1385 2007 1467 2054 est
1492 2010 1716 2066 regnum
1749 1995 2012 2050 caelorum
2031 1991 2097 2046 “.
2126 2010 2145 2043 ι

643 2096 714 2151 Ει
737 2112 833 2150 cur
865 2109 976 2148 non
1010 2091 1150 2148 beati
1197 2088 1391 2144 merito
1437 2087 1769 2150 dicerentur,
1799 2083 1892 2155 qui
1927 2082 2153 2138 minime

575 2191 633 2244 in
650 2188 874 2252 divitiis,
902 2185 997 2241 sed
1026 2188 1078 2239 in
1102 2198 1166 2239 eo
1190 2180 1494 2246 conﬁdunt,
1522 2179 1617 2249 qui
1659 2193 1766 2233 non
1795 2177 1886 2231 alii
1917 2190 2079 2246 quam
2100 2174 2151 2230 ei

578 2282 799 2351 cupiunt
819 2279 1058 2348 placere,
1097 2275 1186 2344 qui
1228 2283 1491 2344 praeterea
1523 2271 1578 2326 in
1622 2269 1929 2324 humilitate
1966 2267 2155 2322 vivunt

579 2372 635 2424 in
689 2376 981 2438 conspectu
1019 2364 1201 2421 illius?
1238 2362 1461 2418 Fiamus
1486 2362 1654 2431 igitur
1680 2369 1735 2415 et
1769 2374 1866 2414 nos
1889 2371 2153 2428 pauperes

581 2473 637 2516 et
664 2462 895 2516 humiles
922 2459 1141 2530 spiritu,
1179 2466 1233 2510 et
1266 2470 1433 2510 carne
1493 2453 1829 2518 mortiﬁcati,
1884 2462 1940 2505 et
1972 2466 2150 2505 rerum

581 2554 707 2609 vita:
736 2556 948 2623 inopes,
984 2558 1042 2604 ut
1067 2557 1314 2603 nostrum
1353 2546 1427 2601 sit
1484 2559 1711 2612 regnum
1763 2542 2048 2608 cmlorum,
2100 2550 2154 2595 et

582 2658 851 2715 Speratam
886 2653 1277 2709 consequamur
1331 2636 1744 2703 beatitudinem,
1785 2634 2015 2689 cceleste
2068 2647 2154 2686 re-

583 2748 745 2805 gnum
797 2730 1201 2787 liwreditantes.

656 2824 933 2894 Tanquam
1012 2818 1369 2876 summarium
1441 2815 1709 2888 quoddam
1740 2814 2152 2888 compendium

586 2917 881 2986 Evangelio
913 2912 1105 2969 salutis
1133 2921 1335 2965 nostra:
1365 2910 1702 2979 praemittens
1730 2905 2015 2970 Dominus,
2047 2922 2153 2959 non

585 3012 760 3065 solum
813 3015 921 3060 tam
1000 3003 1197 3057 multas
1244 3001 1475 3055 virtutes
1534 3012 1640 3053 uno
1675 2997 1856 3063 ,verbo
1906 3008 2156 3061 compre-

588 3101 780 3156 heudit
811 3105 918 3151 tam
972 3094 1248 3162 multaque
1293 3091 1433 3145 mala
1483 3105 1585 3142 una
1631 3086 1967 3142 beatitudine
1995 3100 2153 3154 repu-

589 3194 778 3257 diavit,
826 3200 882 3247 et
907 3191 972 3245 iis
1003 3189 1092 3258 qui
1124 3203 1154 3242 a
1186 3187 1326 3241 malo
1365 3185 1750 3253 resipiscentes
1796 3181 1991 3235 animae
2023 3178 2153 3231 vitia

591 3288 870 3356 sapientes
901 3282 1240 3343 rescindunt,
1267 3276 1567 3340 benedixit,
1589 3289 1775 3330 verum
1802 3272 1964 3327 etiam
1991 3271 2158 3324 multa

594 3381 703 3433 alia
746 3375 1061 3445 complexus
1108 3380 1212 3437 est,
1240 3383 1359 3440 qua
1390 3365 1796 3438 congruentiam
1831 3378 1934 3418 non
1962 3362 2160 3416 habent

593 3486 714 3526 cum
752 3468 1072 3530 rescisione,
1108 3462 1204 3519 sed
1237 3477 1358 3516 cum
1392 3458 1587 3528 frigore
1616 3468 1670 3512 et
1705 3457 1849 3526 gelu,
1879 3470 1999 3509 cum
2040 3454 2162 3507 nive

594 3575 651 3618 et
694 3564 909 3632 pruina,
963 3575 1087 3613 cum
1134 3566 1418 3609 ventorum
1473 3552 1698 3619 impetu,
1750 3559 1803 3602 et
1843 3564 1945 3601 uno
1979 3547 2160 3608 verba,

598 3669 720 3706 cum
771 3653 946 3705 hieme
994 3657 1048 3702 et
1098 3655 1309 3708 a'stule,
1370 3656 1600 3710 quarum
1648 3640 1886 3693 saevitias
1934 3639 2166 3691 subeunt

599 3747 816 3814 plantae,
844 3740 1028 3810 [rigori
1052 3747 1107 3791 et
1134 3734 1305 3790 calori
1334 3733 1610 3795 obnoxiae,
1640 3742 1692 3786 et
1724 3731 1841 3785 sine
1863 3729 2054 3797 quibus
2079 3730 2167 3782 ni-

604 3835 675 3888 hil
701 3834 756 3887 in
790 3842 935 3885 terra
956 3828 1259 3899 plantatum
1305 3825 1517 3878 fructus
1550 3836 1785 3888 unquam
1815 3821 1963 3872 dabit
1996 3830 2169 3871 rnatu-

605 3940 718 3980 ros.
773 3924 1034 3991 Quanam
1097 3918 1264 3988 igitur
1298 3916 1389 3969 illa
1423 3911 1590 3968 sunt?
1642 3910 1783 3965 Varii
1816 3911 2167 3964 tentationum

606 4020 863 4085 impetus,
897 4026 1033 4082 quos
1083 4020 1239 4082 grato
1269 4008 1455 4063 animo
1512 4005 1663 4061 ferre
1720 4005 1900 4071 debet,
1933 4002 2026 4071 qui
2060 4002 2172 4054 vult

609 4114 842 4163 l‘ructum
886 4106 1109 4161 reddere
1137 4102 1440 4156 animarum
1479 4097 1749 4168 agricolae.
1782 4094 1839 4149 Si
1874 4100 1995 4164 quis
2026 4095 2169 4147 enim

609 4212 767 4256 terra:
798 4202 1014 4271 plantas
1066 4194 1413 4250 inclementia
1451 4192 1711 4261 temporis
1759 4196 1981 4243 vuatas
2009 4188 2171 4241 mise-

610 4309 784 4357 ratus,
828 4307 921 4345 eas
969 4289 1142 4343 muris
1171 4287 1584 4352 circumeingat,
1649 4296 1703 4337 et
1749 4289 2057 4351 legumento
2084 4281 2175 4334 de-

610 4388 823 4446 leudat,
859 4395 910 4434 et
963 4380 1099 4433 nihil
1146 4380 1276 4432 saevi
1328 4375 1572 4445 perferre
1619 4374 1897 4443 permittat
1931 4372 2176 4440 quamvis

614 4486 880 4545 amputet,
941 4470 1189 4540 quamvis
1258 4479 1472 4537 purget,
1541 4466 1721 4521 omnia
1771 4465 2179 4532 diligentissune

2251 2027 2372 2073 τας,
2401 2012 2494 2064 καὶ
2528 2012 2637 2067 πᾶν
2672 2009 2811 2075 εἶδος
2843 2011 2943 2082 τῆς
2978 2011 3158 2067 αὐτῶν
3198 2013 3399 2082 ἀρετῆς
3450 2013 3817 2085 ἀποτεφροῦν.

2254 2102 2326 2154 Τὸ
2354 2101 2410 2154 δὲ
2447 2101 2521 2173 μὴ
2552 2104 2704 2155 καῖον
2729 2101 2837 2173 πῦρ
2867 2102 2925 2154 ὲν
2949 2102 3142 2172 ἐρήμῳ
3173 2102 3392 2173 εὑρέθη.
3418 2102 3488 2155 Σὺ
3512 2102 3558 2155 δ’
3584 2104 3706 2156 ἀντὶ
3725 2108 3822 2170 τῆς

2253 2190 2350 2260 ὲρή
2362 2209 2482 2259 μου,
2520 2193 2803 2263 παράμενε
2835 2194 2897 2263 τῇ
2917 2191 3105 2263 κέλλῃ,
3126 2193 3220 2246 καὶ
3250 2192 3598 2264 ἀποκρύϐηθι
3623 2192 3820 2264 μικρὸν

2254 2283 2379 2335 ὅσον
2408 2283 2552 2349 ὅσον,
2579 2284 2685 2347 ἕως
2712 2283 2777 2337 ἄν
2812 2300 2893 2337 σοι
2927 2282 3188 2353 παρέλθοι
3212 2285 3240 2338 ό
3271 2282 3477 2354 χειμὼν
3509 2284 3610 2354 τῆς
3640 2286 3821 2355 ἐμπα-

2257 2371 2441 2437 θείας·
2494 2372 2659 2428 αὐτοῦ
2716 2373 2824 2444 γὰρ
2876 2372 3306 2446 παραρρυέντος,
3354 2374 3387 2443 ὴ
3455 2372 3721 2444 ὕπαιθρος
3763 2374 3821 2427 οὐ

2256 2460 2575 2531 λυμαίνεται
2626 2462 2822 2515 δίαιτα.
2864 2461 2996 2514 Τότε
3026 2461 3133 2531 γάρ
3162 2461 3256 2515 καὶ
3284 2461 3476 2532 πτωχὴ
3505 2461 3578 2523 ὡς
3608 2450 3824 2531 ἀληθῶς

2257 2553 2357 2627 ἔσῃ
2389 2554 2469 2624 τῷ
2488 2553 2779 2624 πνεύματι,
2810 2556 2904 2609 καὶ
2933 2556 3033 2625 τὴν
3061 2553 3203 2608 κατὰ
3240 2554 3431 2606 παθῶν
3459 2556 3638 2627 κτήσῃ
3670 2555 3824 2625 βασις

2258 2644 2429 2707 λείαν,
2467 2645 2561 2699 καὶ⁷
2592 2646 2980 2716 μακαρισθήσῃ
3009 2644 3278 2714 λαμπρῶς
3298 2643 3403 2696 ὐπὸ
3422 2643 3515 2697 τοῦ
3537 2645 3789 2713 λέγοντος
3807 2663 3822 2678 ο

2267 2755 2287 2790 t
2327 2737 2604 2808 Μακάριοι
2626 2739 2675 2791 οί
2705 2737 2917 2807 πτωχοὶ
2944 2736 3021 2807 τῷ
3052 2736 3345 2806 πνεύματι,
3369 2736 3449 2789 ὅτι
3478 2736 3657 2789 αὐτῶν
3680 2739 3826 2790 ἐστιν

2217 2838 2232 2856 ‘
2260 2826 2294 2894 ἠ
2330 2825 2578 2895 βασιλεία
2602 2827 2710 2880 τῶν
2746 2825 3012 2897 οὐρανῶν.
3054 2844 3072 2876 ι
3110 2826 3234 2887 Πῶς
3261 2826 3306 2879 δ’
3339 2825 3399 2877 οὐ
3441 2826 3828 2896 μακαρίζοιντο

2259 2916 2484 2980 δικαίως
2529 2917 2615 2981 ἂν,
2644 2919 2694 2971 οί
2726 2918 2802 2989 μὴ
2833 2916 3156 2978 πεποιθότες
3206 2916 3342 2978 ὅλως
3388 2917 3481 2969 ἐπὶ
3528 2919 3846 2986 χρήμασιν,Δ

2262 3008 2377 3060 ἀλλ’
2427 3007 2512 3061 ἐπ’
2560 3008 2748 3078 αὐτῷ,
2789 3010 2839 3060 oi
2889 3009 2963 3078 μὴ
3008 3006 3302 3070 ποθοῦντες
3360 3008 3622 3077 ἀρέσκειν
3661 3008 3826 3078 ἄλλῳ,

2266 3099 2404 3169 πλὴν
2434 3099 2619 3163 αὐτοῦ,
2647 3101 2696 3151 οἱ
2727 3102 2785 3153 ἐν
2813 3098 3137 3152 ταπεινώσει
3193 3098 3329 3168 μετὰ
3377 3098 3581 3151 τούτων
3630 3100 3828 3163 ζῶντες

2263 3192 2495 3245 ἐνώπιον
2549 3192 2745 3257 αὐτοῦ;
2806 3192 3216 3262 Πτωχεύσωμεν
3261 3186 3355 3245 οὖν
3408 3193 3501 3245 καὶ
3558 3193 3723 3260 ἡμεῖς
3772 3194 3829 3245 τὸ

2266 3284 2483 3355 πνεῦμα
2504 3285 2949 3346 ταπεινωθέντες,
2980 3283 3076 3338 καὶ
3096 3284 3191 3354 τὴν
3214 3283 3390 3353 σάρκα
3408 3285 3829 3353 κακοπαθήσαν-

2266 3395 2379 3443 τες,
2410 3380 2504 3431 καὶ
2538 3377 2629 3431 τὸν
2681 3378 2794 3448 βίον
2841 3378 3346 3447 ἀκτημονήσαντες,
3381 3376 3448 3430 ἵν’
3482 3377 3639 3447 ἡμῶν
3672 3377 3833 3444 γένη-

2267 3487 2359 3523 ται
2393 3472 2426 3539 ἡ
2452 3469 2545 3523 τοῦ
2575 3470 2711 3523 Θεοῦ
2758 3467 3028 3539 βασιλεία,
3056 3470 3150 3522 καὶ
3186 3469 3294 3522 τῶν
3337 3469 3622 3539 μακαρίων
3649 3467 3836 3521 ἐπιτύ-

2270 3578 2454 3631 χωμεν
2485 3560 2733 3622 ἐλπίδων,
2770 3559 2867 3631 τὴν
2898 3560 3005 3612 τῶν
3034 3559 3277 3630 οὐρανῶν
3337 3559 3614 3630 βασιλείαν
3642 3561 3835 3630 κληρο-

2271 3656 2624 3724 νομήσαντες.
2656 3649 2756 3708 Οἷά
2780 3654 2834 3707 δέ
2858 3671 3011 3716 τινας
3034 3652 3223 3721 λόγους
3252 3670 3320 3706 πε
3329 3655 3640 3724 ριεκτικούς
3662 3672 3721 3707 τε
3748 3655 3837 3707 καὶ

2272 3742 2683 3813 κεφαλαιώδεις,
2728 3744 2821 3797 τοῦ
2856 3745 2956 3814 τῆς
3007 3745 3278 3814 σωτηρίας
3314 3745 3474 3815 ἡμῶν
3504 3746 3839 3814 Εὐαγγελίου

2274 3834 2554 3905 προθεὶςό
2595 3836 2818 3902 Κύριος,
2868 3835 2929 3887 οὐ
2959 3834 3225 3899 τοσαύτας
3290 3836 3451 3906 μόνον
3499 3838 3705 3906 ἀρετὰς
3761 3840 3840 3891 ἐνὶ

2274 3925 2418 3995 λόγῳ
2469 3926 2777 3995 περιέλαϐε,
2836 3925 2931 3981 καὶ
2979 3924 3244 3989 τοσαύτας
3273 3927 3473 3989 κακίας
3509 3929 3604 3981 τοῦ
3635 3930 3836 3981 οἰκείου

2277 4015 2498 4080 ἐξέϐαλε
2533 4015 2915 4086 μακαρισμοῦ·
2974 4017 3070 4070 καὶ
3103 4017 3229 4081 τοὺς
3272 4017 3359 4071 διὰ
3399 4019 3688 4087 μετανοίας
3724 4020 3839 4074 κατ’

2278 4105 2447 4170 αὐτὰς
2494 4105 2676 4169 καλῶς
2728 4106 3145 4176 περιτεμόντας,
3178 4107 3239 4159 τὸ
3266 4107 3364 4176 τῆς
3413 4107 3620 4172 οίκείας
3667 4109 3843 4179 ψυχῆς

2280 4197 2600 4263 παθητικὸν,
2630 4197 2951 4268 εὐλόγησεν·
2986 4196 3122 4249 ἀλλὰ
3138 4198 3232 4250 καὶ
3245 4196 3390 4266 ’ἕτερ’
3413 4196 3551 4251 ἄττα
3582 4198 3805 4250 πλεῖστα
3826 4214 3840 4228 ·

2281 4291 2382 4343 οὐκ
2412 4290 2703 4358 ἀναλογίαν
2735 4290 2925 4360 ἔχοντα
2952 4280 3281 4359 ῗπεριτομῆς,
3330 4288 3464 4342 ἀλλὰ
3496 4290 3596 4359 τῆς
3625 4293 3688 4342 ἐκ
3720 4307 3846 4359 κρυ·

2285 4382 2388 4453 μοῦ
2423 4385 2516 4435 καὶ
2548 4382 2807 4449 παγετοῦ,
2858 4381 3033 4450 χιόνος
3054 4398 3113 4433 τε
3141 4382 3236 4434 καὶ
3270 4380 3504 4451 πάχνης,
3537 4384 3632 4435 καὶ
3664 4382 3761 4451 τῆς
3790 4383 3845 4447 ἐξ

2283 4475 2498 4545 ἀνέμων
2527 4475 2674 4545 βίας·
2701 4475 2793 4528 καὶ
2814 4474 3022 4537 ἁπλῶς,
3044 4470 3109 4546 ἧς
3127 4474 3396 4544 χειμῶνός
3419 4492 3479 4526 τε
3509 4475 3605 4527 καὶ¹
3635 4476 3845 4545 θέρους,

617 4572 845 4630 lacteus,
880 4565 1112 4617 fructum
1162 4561 1230 4614 ab
1266 4560 1331 4614 iis
1364 4559 1580 4627 colliget
1607 4556 1846 4622 nullum;
1874 4558 1968 4611 sed
1999 4562 2160 4609 sinert

2282 4568 2602 4635 ὑφίστανται
2652 4566 2719 4620 τὰ
2776 4568 2920 4637 φυτὰ
2983 4567 3379 4636 ταλαιπωρίας,
3433 4568 3731 4637 ἐκκείμενα
3775 4566 3849 4635 τῷ

615 4661 772 4715 debet
803 4657 984 4712 Omnia
1015 4654 1275 4731 sutl‘eraut
1304 4671 1319 4706 :
1355 4652 1433 4706 sic
1448 4651 1615 4716 enim,
1643 4659 1761 4719 post
1795 4649 1989 4703 hiemis
2022 4663 2182 4717 ωερε·

616 4755 853 4817 ritatem,
909 4747 1053 4802 veris
1089 4757 1337 4812 tempore
1390 4751 1686 4811 gemmant,
1738 4739 1933 4794 ﬂorent
1968 4781 1982 4806 ,
2035 4742 2179 4797 loliis

616 4854 973 4906 coronantur,
1016 4850 1074 4894 et
1101 4841 1179 4892 sic
1205 4837 1444 4907 pulchris
1479 4834 1624 4889 aucti
1650 4835 1901 4899 surculis,
1927 4836 2181 4888 emittunt

621 4938 830 4989 l'ructus
884 4930 1163 4990 novellos;
1198 4929 1291 4997 qui
1345 4927 1616 4997 paulisper
1675 4925 1773 4979 loti
1831 4924 2180 4979 calidioribus

621 5026 753 5081 solis
773 5025 958 5088 radiis,
982 5030 1235 5076 crescunt
1262 5030 1314 5074 et
1342 5025 1739 5082 maturescunt,
1764 5024 1821 5072 et
1842 5015 2019 5069 idonei
2047 5014 2184 5069 liunt

625 5120 717 5187 qui
759 5117 1080 5185 colligantur
1102 5124 1156 5167 et
1185 5111 1553 5165 comedantur.
1578 5107 1654 5161 Ita
1676 5108 1767 5177 qui
1796 5106 2180 5177 gravissimum

625 5210 976 5265 tentationum
1010 5206 1221 5274 pondus
1251 5216 1512 5272 generose
1547 5215 1658 5254 non
1692 5198 1907 5262 sulfert,
1936 5213 2184 5267 quamvrs

623 5312 941 5357 caeterarum
970 5298 1234 5350 virtutum
1260 5294 1401 5347 nulla
1433 5293 1669 5355 deﬁciat,
1724 5290 1958 5345 fructum
1990 5290 2189 5345 divinis

627 5390 995 5447 torcularibus
1050 5398 1359 5453 aeternoque
1397 5384 1595 5438 horreo
1646 5381 1870 5451 dignum
1915 5396 2185 5450 nunquam

628 5485 885 5554 proitret.
912 5480 1101 5534 Omnis
1135 5476 1280 5531 enim
1309 5476 1583 5531 studiosus
1613 5475 1889 5544 perﬁcitur
1914 5475 2189 5528 tolerando

628 5574 963 5630 voluntarios
1016 5569 1528 5636 involuntariosqne
1569 5567 1809 5632 labores,
1855 5569 1952 5620 hos
1987 5567 2189 5621 delos-is

631 5668 934 5740 impositos,
969 5666 1091 5721 illos
1117 5665 1330 5720 deintus
1354 5669 1655 5731 susceptos.
1687 5657 1818 5714 Nam
1847 5673 1967 5729 qua:
2022 5669 2187 5715 terre-

705 5853 752 5886 ”
781 5844 971 5907 Matth.
1014 5868 1067 5918 ν,
1097 5839 1152 5907 3.

2286 4657 2449 4728 ψύχει
2483 4659 2578 4711 καὶ
2624 4658 2701 4729 τῷ
2748 4658 3029 4712 καύσωνι·
3068 4650 3161 4721 ὧν,
3196 4657 3365 4726 χωρὶς
3415 4656 3570 4710 οὐδὲν
3603 4656 3850 4727 οὐδαμῶς

2286 4750 2393 4803 τῶν
2424 4751 2514 4802 ἐπὶ
2547 4751 2650 4818 γῆς
2693 4750 2976 4819 φυομένων
3020 4746 3417 4818 τελεσφορῆσαί
3472 4764 3603 4800 ποτε
3630 4748 3851 4818 δυνήσε-

2288 4858 2400 4893 ται.
2435 4841 2569 4893 Τίνα
2587 4840 2650 4909 δὴ
2672 4839 2846 4892 ταῦτά
2862 4840 3038 4902 ἐστινς
3064 4838 3129 4891 Αἱ
3148 4837 3390 4890 ποικίλαι
3410 4836 3519 4888 τῶν
3538 4835 3853 4907 πειρασμῶν

2292 4932 2571 5002 ἐπιφοραὶ,
2603 4931 2667 4990 ἃς
2697 4930 2884 5000 φέρειν
2936 4930 3271 5002 εὐχαρίστως
3305 4927 3541 4998 ἀνάγκη,
3591 4928 3682 4981 τὸν
3724 4929 3850 4996 μὲλ-

2295 5024 2454 5075 λοντα
2503 5021 2711 5092 καρπὸν
2762 5022 2927 5073 οἴσειν
2976 5017 3053 5089 τῷ
3084 5001 3214 5071 τῶθ
3228 5018 3554 5086 πνευμάτων
3606 5015 3849 5087 γεωργῷ.

2297 5114 2565 5183 Καθάπερ
2613 5111 2720 5183 γὰρ
2749 5114 2802 5165 εἴ
2840 5129 2924 5174 τις
2970 5111 3216 5180 ἐλεήσας,
3275 5107 3760 5178 ταλαιπωρούμενα
3787 5108 3857 5157 τὰ

2297 5206 2463 5273 γῆθεν
2518 5203 2781 5273 φυόμενα,
2842 5201 3224 5271 περιτείχισμα
3278 5197 3589 5267 περιθήσει,
3634 5197 3724 5249 καὶ
3751 5195 3858 5247 ὑπὸ

2305 5298 2501 5366 στέγην
2532 5298 2836 5364 ποιήσεται,
2868 5296 2959 5346 καὶ
2992 5293 3065 5362 μὴ
3100 5291 3235 5360 πρὸς
3269 5292 3453 5343 ἐκεῖνα
3486 5289 3858 5359 διακαρτερεῖν

2306 5389 2457 5443 ἐάσει
2490 5387 2557 5441 τά
2599 5386 2769 5452 δεινά,
2820 5384 2925 5438 κᾶν
2966 5385 3289 5455 περιτέμνῃ.
3336 5382 3437 5435 κᾶν
3471 5379 3859 5451 περικαθαίρῃ,

2308 5483 2485 5536 πάντα
2522 5480 2776 5551 πράττων
2807 5475 3079 5546 τημελῶς,
3107 5474 3463 5543 καρπώσεται
3491 5475 3637 5542 παρὰ
3659 5469 3863 5523 τούτων

2306 5574 2488 5627 οὐδέν·
2520 5570 2654 5626 ἀλλὰ
2680 5573 2762 5623 δεῖ
2801 5569 2963 5623 πάνθ’
3000 5568 3317 5635 ὑπενεγκεῖν
3355 5567 3599 5634 ἀφεῖναι·
3633 5562 3719 5615 καὶ
3745 5562 3864 5627 γὰρ

2293 5666 2452 5728 οὕτω,
2488 5664 2623 5735 μετὰ
2656 5667 2752 5735 τὴν
2778 5667 2871 5719 τοῦ
2926 5666 3190 5737 χειμῶνος
3223 5668 3529 5731 δυσκολίαν,
3562 5663 3690 5737 ἦρος
3725 5663 3850 5733 ῶρα
