4146 6308
451 312 588 377 1073

1547 312 1645 370 DE
1686 310 2027 374 MENTALI
2074 310 2600 382 QUIETUDINE.

3554 315 3693 382 1074

457 435 639 488 θάλλει
670 435 763 488 καὶ
804 434 956 488 ἀνθεῖ
1006 437 1100 488 κα)⁸
1133 435 1278 504 κομᾷ
1310 433 1547 502 φύλλοις,
1586 434 1677 487 καὶ
1721 432 2019 504 προϐάλλε-

2131 425 2327 480 strihus
2374 425 2595 493 plantis,
2633 433 2744 478 tum
2796 438 2860 478 ex
2920 432 3134 489 natura,
3175 436 3285 480 tum
3318 442 3383 481 ex
3426 427 3695 484 industria

456 542 544 577 ται
575 524 715 594 μετά
741 523 849 577 τῶν
894 523 1074 577 καλῶν
1122 523 1345 575 ἐκείνων
1385 522 1689 592 τεθηλότων
1749 522 2015 589 βλαστῶν,

456 616 550 667 καὶ
583 616 709 678 τοὺς
733 614 987 683 ὅμφακας
1011 628 1026 644 σ
1053 613 1125 678 οἳ,
1159 614 1301 667 κατά
1341 615 1534 684 μικρὸν
1560 613 1872 683 ὁμιλοῦντες
1903 618 2022 677 ταῖς

456 707 610 777 ἡλίου
641 705 1024 776 σφοδροτέραις
1045 705 1244 775 βολαῖς,
1267 705 1575 776 ἀκμάζουσι
1604 707 1700 758 καὶ
1729 705 2022 758 πεπαίνον-

454 815 567 859 ται,
622 798 716 851 καὶ
768 796 904 865 πρὸς
954 796 1162 867 τροφὴν
1209 798 1503 867 εὐπρεπεῖς
1556 798 2018 853 ἀποκαθίστανται

454 886 550 938 καὶ
589 887 922 957 συγκομιδήν
945 903 960 917 ο
990 887 1163 951 οὑτως
1189 889 1219 941 ὁ
1244 889 1319 959 μὴ
1357 888 1417 942 τὸ
1445 888 1721 943 δύσοιστον
1759 890 1867 943 τῶν
1902 908 2020 943 πει-

456 975 682 1046 ρασμῶν
712 976 876 1046 ἄχθος
917 978 1181 1043 γενναίως
1218 978 1525 1048 ὑποφέρων,
1581 979 1682 1032 κᾶν
1708 981 1815 1032 τῶν
1847 980 2020 1033 ἄλλων

454 1064 680 1119 ἁπασῶν
707 1067 920 1137 ἀρετῶν
954 1068 1224 1138 μηδεμιᾶς
1246 1067 1462 1139 λειφθῇ,
1498 1069 1710 1138 καρπὸν
1737 1069 1897 1122 θείων
1924 1069 2019 1138 λη⁴

453 1156 579 1218 νῶν,
598 1157 695 1210 καὶ
708 1157 994 1229 ἀποθήκης
1021 1157 1247 1222 αίωνίας
1268 1158 1439 1226 ἄξιον,
1458 1160 1518 1212 οὑ
1543 1160 1617 1230 μή
1641 1176 1771 1212 ποτε
1796 1160 2016 1231 ἐνέγκῃ.

452 1248 530 1301 Δι’
561 1250 837 1319 ὑπομονῆς
866 1253 995 1321 γὰρ,
1027 1252 1289 1306 ἑκουσίων
1311 1269 1370 1306 τε
1392 1254 1486 1307 καὶ
1515 1253 1788 1307 ἀκουσίων
1820 1255 2015 1317 πόνων,

455 1339 561 1400 πᾶς
616 1338 902 1402 σπουδαῖος
947 1338 1276 1407 τελειοῦται,
1327 1343 1437 1396 τῶν
1491 1343 1590 1412 μὲν
1627 1343 2019 1413 ἐπιτιθεμένων

453 1428 671 1494 ἔξωθεν,
719 1429 831 1483 τῶν
858 1430 915 1483 δὲ
942 1431 1355 1501 ἐπιφερομένων
1386 1433 1618 1488 οἴκοθεν.
1658 1435 1726 1488 Ἀ
1771 1436 1880 1505 γὰρ
1907 1438 2021 1500 τοῖς

454 1522 549 1588 τῆς
583 1519 688 1588 γῆς
716 1522 905 1589 φυτοῖς
936 1522 1000 1575 ὲκ
1033 1522 1251 1591 φύσεως
1281 1524 1655 1594 προσγίνεται,
1686 1529 2020 1598 γεωργικαῖς

457 1628 518 1664 τε
549 1611 837 1678 ἐπινοίαις,
865 1614 960 1666 καὶ
986 1616 1108 1678 ταῖς
1139 1614 1248 1669 τῶν
1270 1615 1429 1686 ὡρῶν
1457 1621 1835 1687 περιτροπαῖς,
1868 1618 2021 1672 ταῦθ’

452 1704 585 1772 ἡμῖν
612 1706 725 1766 τοῖς
753 1703 990 1773 λογικοῖς
1020 1706 1262 1777 κλήμασι
1283 1708 1544 1777 Χριστοῦ,
1577 1708 1922 1778 πειθομένοις
1943 1710 2022 1780 τῷ

452 1791 562 1843 τῶν
588 1790 777 1862 ψυχῶν
819 1794 994 1865 τούτῳ
1026 1796 1277 1867 γεωργῷ,
1336 1798 1627 1868 πρόσεστιν
1659 1801 1725 1854 ὲκ
1759 1805 2023 1872 προαιρέ-

455 1898 591 1944 σεως
641 1883 1001 1949 αὐτεξουσίως
1058 1886 1226 1950 ζῶσι·
1267 1888 1435 1960 χωρὶς
1471 1889 1530 1942 δὲ
1565 1890 1666 1959 τῆς
1719 1892 2017 1962 ὑπομονῆς,

452 1965 562 2018 τῶν
594 1967 863 2033 ἀκουσίως
893 1971 1027 2041 ἡμῖν
1065 1973 1471 2045 ἐπερχομένων,
1503 1977 1625 2030 οὐδὲ
1656 1979 1725 2032 τὰ
1759 1980 2020 2045 ἑκουσίως

453 2061 815 2127 πεπραγμένα
873 2061 1120 2129 τεύξεται
1168 2065 1266 2134 τῆς
1299 2066 1450 2130 θείας
1501 2068 1773 2137 εὐλογίας.
1819 2071 1884 2124 Ἥ
1912 2074 2021 2144 γὰρ

459 2148 591 2217 πρὸς
631 2148 761 2202 Θεὸν
789 2152 998 2220 ἀγάπη,
1030 2153 1119 2207 διά
1144 2154 1247 2222 τῆς
1271 2156 1382 2208 τῶν
1415 2159 1739 2227 πειρασμῶν
1766 2158 2018 2229 θλίψεως,

456 2241 693 2309 μάλιστα
718 2244 1001 2313 κομίζεται
1030 2245 1092 2299 τὸ
1117 2246 1384 2317 δοκίμιον.
1432 2250 1525 2302 Δεῖ
1556 2251 1740 2321 μέντοι
1778 2268 2022 2322 προκατ-

454 2329 761 2403 ορθωθῆναι
817 2337 883 2406 τῇ
915 2334 1059 2407 ψυχῇ
1093 2338 1162 2390 τὰ
1191 2339 1439 2402 ἑκούσια,
1463 2341 1555 2394 καὶ
1601 2342 1669 2396 δι’
1692 2343 1874 2397 αὐτῶν
1900 2345 2022 2414 ήδοο

457 2423 555 2492 νῆς
588 2426 680 2478 καὶ
723 2426 885 2497 δόξης
930 2428 1240 2494 ἐθισθέντες
1267 2435 1651 2502 καταφρονεῖν,
1702 2435 1901 2505 ῥᾳδίως
1929 2437 2023 2488 καὶ

350 2510 357 2521 ’
456 2515 552 2575 τὰς
599 2514 887 2580 ἀκουσίους
919 2519 1138 2590 οἴσομεν
1187 2520 1472 2592 ἐπιφοράς.
1520 2523 1578 2576 '0
1612 2522 1669 2576 δὲ
1703 2524 1793 2576 διὰ
1834 2524 1930 2596 τὴν
1967 2529 2023 2578 ὲν

460 2603 730 2673 πνεύματι
791 2608 1064 2677 πτωχείαν
1110 2610 1336 2665 ἐκείνων
1380 2629 1442 2664 τε
1490 2613 1873 2684 καταφρονῶν,
1928 2614 2023 2668 καὶ

459 2699 758 2756 ὑπεύθυνον
788 2706 900 2768 τοῖς
943 2705 1398 2781 δραστικωτέροις
1449 2715 1763 2784 φαρμάκοις
1795 2717 1894 2785 τῆς
1924 2732 2022 2786 με·

458 2793 674 2856 τανοίας
710 2796 902 2849 ἑαυτὸν
934 2798 1257 2870 ἡγούμενος,
1309 2804 1672 2889 προσδόκιμον
1703 2807 1813 2876 ἔχει
1843 2809 2022 2879 διηνε-

459 2883 789 2955 κῶς-θλίψιν
842 2886 1096 2944 ἅπασαν
1135 2893 1228 2947 καὶ
1277 2883 1631 2965 καταδέχεται
1680 2897 1860 2950 πάντα
1902 2914 2025 2951 πει-

463 2976 689 3043 ρασμὸν,
717 2975 792 3039 ὡς
822 2978 1024 3032 οίκεῖον
1055 2981 1238 3053 ἑαυτῷ
1288 2985 1632 3054 προσήκοντα
1656 3002 1668 3015 ·
1704 2986 1798 3040 καὶ
1844 2987 2024 3059 χαίρει

2080 518 2095 561 .‘
2117 517 2388 586 agricolae,
2423 527 2535 572 tum
2569 531 2634 571 ex
2673 525 3056 584 tempestatum
3092 516 3565 575 vicissitudinibus
3595 521 3698 574 αθ·

2117 607 2370 673 veniunt,
2405 607 2522 662 haec
2547 607 2701 661 nobis
2732 605 3085 661 rationalibus
3114 606 3318 661 Christi
3360 609 3694 676 palmitibus,

2117 698 2462 753 credentibus
2477 697 2601 752 huic
2625 698 2929 751 animarum
2988 697 3262 766 agricolae,
3287 701 3604 769 contingunt
3629 715 3697 756 ex

2119 785 2274 841 liberi
2293 787 2500 841 arbitrii
2536 802 2648 857 quo
2674 788 2997 857 gaudemus,
3030 787 3318 849 electione.
3343 790 3410 841 At
3441 792 3558 844 sine
3598 807 3697 860 pa-

2120 877 2310 932 tientia
2347 894 2535 933 eorum
2571 894 2691 947 quae
2710 891 2913 948 praeter
2950 880 3281 935 voluntatem
3314 883 3473 937 nobis
3508 897 3702 951 super-

2120 971 2368 1039 veniunt,
2418 988 2486 1027 ne
2521 981 2716 1042 sponte
2777 973 2995 1042 quidem
3047 973 3188 1029 facta
3221 975 3462 1031 divinam
3507 990 3703 1031 conse-

2121 1074 2357 1131 quentur
2388 1063 2847 1119 benedictionem.
2889 1067 3056 1119 Amor
3079 1067 3224 1120 enim
3276 1066 3370 1121 Dei
3398 1067 3699 1137 praesertim

2123 1170 2189 1210 ex
2243 1155 2611 1210 tentationum
2653 1157 3006 1210 tribulatione
3050 1158 3423 1226 probationem
3481 1160 3700 1229 accipit.

2193 1246 2419 1314 Oportet
2453 1256 2634 1303 tamen
2678 1248 2762 1301 vel
2812 1250 3132 1303 voluntariis
3162 1253 3401 1305 animam
3429 1251 3690 1319 operibus

2123 1338 2275 1403 dare,
2317 1349 2373 1393 et
2415 1340 2496 1395 sic
2538 1339 2799 1409 voluptati
2829 1349 2882 1395 et
2936 1340 3121 1411 gloriae
3151 1342 3517 1410 despiciendis
3564 1358 3703 1397 con-

2125 1435 2288 1496 sueti,
2315 1432 2473 1487 facile
2497 1433 2888 1488 involuntarios
2912 1434 3080 1488 etiam
3102 1435 3372 1503 patiemur
3390 1451 3700 1507 aggressus.

2124 1524 2224 1590 Qui
2260 1539 2421 1593 porro
2450 1541 2548 1595 per
2571 1526 2907 1595 spiritualem
2938 1537 3311 1598 paupertatem
3358 1529 3476 1582 illas
3510 1544 3701 1599 asper-

2088 1616 2309 1681 natur,
2371 1625 2426 1671 et
2486 1618 2710 1687 dignum
2768 1617 2978 1673 eﬂicaci
3034 1619 3365 1688 pmuitentia:
3429 1619 3697 1675 medicina

2126 1708 2366 1777 seipsum
2400 1709 2574 1776 ducit,
2605 1721 2973 1779 exspectatam
3007 1724 3222 1778 semper
3256 1709 3418 1765 habet
3445 1718 3700 1765 cunctam

2131 1800 2584 1865 tribulationem,
2666 1818 2995 1873 omnemque
3074 1803 3430 1858 teutationem
3502 1803 3704 1873 accipit

2127 1901 2388 1961 tauquam
2429 1894 2648 1963 proprie
2683 1894 2785 1950 sibi
2819 1895 3093 1960 debitam;
3135 1904 3189 1949 et
3225 1895 3278 1949 in
3309 1909 3426 1948 eam
3455 1895 3703 1949 incidens

2128 1985 2349 2053 gaudet,
2379 1995 2436 2038 ut
2460 1986 2656 2040 anima:
2685 1997 2883 2042 nactus
2905 1989 3278 2058 purgator-ium
3303 2005 3317 2052 ;
3356 1998 3517 2057 atque
3551 1990 3702 2043 illam

2131 2085 2189 2130 ut
2240 2077 2662 2131 instrumentum
2719 2080 2874 2134 ducit
2918 2088 2977 2133 et
3028 2081 3252 2134 adhibet
3293 2094 3404 2150 quo
3433 2080 3499 2134 ad
3535 2080 3704 2137 Deum

2129 2168 2393 2222 ascendat
2444 2168 2729 2224 laboriosis
2783 2180 2838 2224 et
2891 2166 3282 2226 elﬁcaciSsimis
3349 2173 3623 2242 precibus,
3653 2185 3709 2227 et

2131 2272 2238 2327 quo
2290 2259 2622 2329 adipiscatur
2671 2271 2727 2316 et
2777 2272 3070 2317 conservet
3116 2265 3312 2316 anima:
3368 2264 3713 2332 sanitatem;

2133 2363 2233 2402 nec
2275 2358 2482 2403 tantum
2538 2352 2765 2419 injurias
2819 2352 3045 2406 dimittit
3102 2361 3155 2407 et
3210 2353 3578 2419 obliviscitur,
3613 2356 3710 2409 sed

2131 2443 2580 2509 persequentibus
2612 2447 2813 2512 gratias
2840 2446 2947 2513 agit
2977 2459 3040 2498 ac
3077 2459 3173 2512 pro
3202 2444 3284 2499 eis
3334 2445 3480 2499 velut
3539 2445 3709 2500 bene-

2131 2530 2427 2590 factoribus
2466 2545 2738 2605 precatur.
2765 2534 3060 2605 Propterea
3091 2537 3206 2606 ipse
3228 2551 3442 2610 quoque
3465 2552 3570 2592 non
3596 2555 3711 2594 mo-

2131 2624 2198 2679 do
2235 2635 2577 2692 peccatorum
2627 2629 3001 2684 remissionem
3060 2632 3391 2699 promissam
3459 2632 3709 2703 recipit,

2130 2731 2316 2770 verum
2349 2717 2512 2774 etiam
2570 2734 2797 2790 regnum
2854 2723 3115 2776 cmlorum
3155 2731 3209 2777 ct
3271 2723 3510 2777 divinam
3542 2723 3710 2778 bene-

2131 2810 2424 2865 dictionem
2477 2812 2853 2882 consequitur,
2898 2814 3091 2873 beatus
3120 2829 3149 2868 a
3180 2815 3407 2871 Dotniuo
3448 2815 3713 2887 prazdicu-

2135 2913 2239 2967 tns,
2277 2912 2460 2972 utpote
2505 2905 2561 2959 in
2612 2907 2804 2974 Spiritu
2842 2907 3163 2966 humilitatis
3221 2923 3393 2979 usque
3456 2909 3523 2965 ad
3549 2910 3712 2966 linem

2133 2998 2560 3079 persecutionem
2591 3001 2823 3068 patiens.

458 3064 791 3132 περιπεσὼν,
819 3066 894 3131 ὡς
927 3070 1236 3141 περιτυχὼν
1268 3072 1346 3141 τῷ
1371 3074 1472 3142 τῆς
1502 3074 1682 3145 ψυχῆς
1721 3077 2022 3148 καθαρσίῳ·

2210 3066 2321 3145 [Vos
2358 3106 2489 3146 vero
2519 3093 2708 3162 paucis
2737 3110 2910 3165 pauca
2949 3094 3046 3149 fati
3077 3096 3145 3151 de
3172 3096 3442 3167 spirituali
3476 3098 3714 3158 circum-

459 3154 551 3206 καὶ
578 3154 709 3225 ὓλην
736 3157 892 3212 τοῦτο
922 3162 1155 3215 ποιεῖται
1183 3163 1284 3232 τῆς
1307 3164 1444 3235 πρὸς
1473 3164 1607 3218 Θεὸν
1638 3169 2026 3239 πεπονημένης

458 3262 517 3298 τε
547 3249 639 3300 καὶ
665 3250 1083 3322 ἁνυσιμωτάτης
1113 3253 1350 3322 δεήσεως
1369 3295 1384 3319 ,
1417 3256 1510 3308 καὶ
1540 3259 1875 3327 παρεκτικὸν
1904 3259 2023 3327 ἀμα

459 3338 550 3390 καὶ
566 3339 896 3409 φυλακτικὸν
921 3345 1132 3415 ἡγεῖται
1150 3346 1249 3415 τῆς
1277 3347 1421 3401 κατὰ
1446 3348 1623 3420 ψυχὴν
1654 3349 1864 3414 εὐεξίας
1891 3367 1905 3382 ·
1930 3353 2024 3405 καὶ

457 3430 557 3482 οὑκ
587 3430 778 3502 ἀφίησι
813 3433 975 3503 μόνον
1006 3436 1397 3505 ἀμνησικάκως
1429 3437 1592 3508 ἔχων,
1628 3439 1767 3494 ἀλλὰ
1799 3441 1890 3495 καὶ
1923 3442 2026 3510 χά-

462 3536 615 3588 ριτας
643 3522 894 3591 ὁμολογεῖ
916 3527 1025 3588 τοῖς
1044 3527 1389 3596 παράζουσι,
1410 3529 1512 3582 καὶΓ
1530 3529 1606 3592 ὡς
1634 3530 2027 3600 εὐεργετησάν-

460 3630 565 3677 των
596 3614 992 3687 ὑπερεύχεται·
1031 3617 1111 3671 διὸ
1142 3620 1239 3673 καὶ
1269 3620 1433 3684 αὐτὸς
1462 3622 1523 3673 οὑ
1552 3620 1650 3693 τὴν
1684 3624 1793 3675 τῶν
1841 3625 2025 3693 ἡμαρ-

456 3704 709 3773 τημένων
762 3707 922 3773 μόνον
990 3708 1337 3778 συγχώρησιν
1393 3709 1659 3780 λαμϐάνει
1724 3712 1868 3765 κατὰ
1928 3713 2027 3784 τὴν

461 3794 815 3862 ἐπαγγελίαν,
842 3796 977 3851 ἀλλά
1016 3799 1111 3851 καὶ
1140 3802 1239 3870 τῆς
1265 3799 1374 3853 τῶν
1424 3801 1671 3872 οὐρανῶν
1727 3803 2024 3872 βασιλείας,

461 3886 681 3955 καὶτῆς
724 3886 875 3950 θείας
928 3889 1179 3958 εὐλογίας
1229 3894 1608 3963 ἐπιτυγχάνει,
1668 3895 2028 3965 μακαρισθεὶς

461 3972 566 4023 ὑπὸ
602 3973 694 4025 τοῦ
716 3975 951 4045 Κυρίου,
989 3977 1075 4030 διὰ
1105 3980 1204 4047 τὴν
1236 3981 1293 4033 ὲν
1333 3982 1607 4049 πνεύματι
1646 3983 2028 4049 ταπεινώσεως

461 4064 538 4126 εἰς
576 4064 726 4129 τέλος
778 4068 1181 4137 μακροθυμίαν.
1231 4071 1420 4140 Ἡμεῖς
1451 4073 1508 4130 δὲ
1534 4073 1600 4125 δι’
1633 4074 1825 4140 δλίγων
1871 4076 2028 4146 ὀλίγα

461 4157 564 4226 τῆς
590 4165 965 4234 πνευματικῆς
996 4165 1378 4231 ὑποδείξαντες
1423 4171 1751 4239 περιτομῆς,
1789 4171 1881 4224 καί
1907 4189 2028 4225 τινα

463 4250 757 4322 προθῶμεν
803 4257 904 4326 ἤδη
950 4258 1047 4328 τῆς
1087 4258 1174 4312 διὰ
1211 4259 1413 4330 ταύτην
1460 4261 1739 4331 εὑφορίας.
1799 4263 2029 4332 Ἐφεξῆς

460 4342 639 4397 τοίνυν
669 4348 782 4409 τοῖς
808 4348 897 4401 διὰ
924 4348 1023 4419 τὴν
1052 4351 1110 4403 ἐν
1136 4351 1408 4421 πνεύματι
1454 4353 1749 4422 πτωχείαν,
1778 4353 1870 4407 τὸν
1896 4357 2029 4408 ἀνα-

463 4435 716 4505 φαίρετον
773 4438 1005 4493 πλοῦτον
1054 4443 1439 4513 κτησαμένοις,
1470 4445 1499 4496 ὁ
1528 4444 1690 4513 μόνος
1733 4447 2022 4516 μακάριος,
2068 4424 2112 4480 θ

463 4529 585 4593 τοὺς
609 4530 940 4595 πενθοῦντας
978 4536 1264 4598 κοινωνοὺς
1296 4539 1527 4591 ποιεῖται
1558 4539 1657 4607 τῆς
1686 4539 1891 4601 οίκείας
1923 4559 2030 4610 μα·-

462 4624 833 4693 καριότητος,ι
863 4627 1161 4697 Μακάριοι,
1181 4629 1375 4697 λέγων,
1405 4631 1454 4684 oi
1477 4632 1816 4695 πενθοῦντες,
1833 4634 1914 4686 ὅτι
1933 4635 2029 4686 αὑ-

464 4715 547 4765 τοὶ
573 4714 1105 4783 παρακληθήσονται.
1144 4736 1163 4768 ι
1195 4719 1349 4771 Διατί
1378 4720 1433 4772 δὲ
1472 4720 1709 4790 συνῆψεν
1735 4725 1763 4775 ὁ
1794 4724 2029 4793 Χριστὸς

462 4804 525 4854 τὸ
553 4806 744 4867 πένθος
769 4808 834 4876 τῇ
868 4808 1143 4876 πτωχείᾳ;
1180 4811 1367 4880 ἐπειδὴ
1416 4814 1508 4864 καὶ
1554 4814 1728 4885 ταύτῃ
1779 4815 2028 4869 σὺνεστιν

466 4895 570 4949 ἀεί.
589 4895 747 4961 Ἀλλ’,
762 4916 780 4947 ι
803 4897 865 4949 Ἠ
898 4898 995 4966 μὲν
1019 4900 1111 4951 ὲπί
1132 4905 1195 4971 τῇ
1221 4903 1363 4956 κατὰ
1379 4904 1583 4972 κόσμον
1602 4906 1843 4976 πτωχείᾳ
1860 4905 2027 4973 λύπη,

469 4986 696 5039 θάνατον
728 4986 904 5057 ψυχῆς
943 4991 1357 5059 κατεργάζεται,
1373 4993 1582 5063 φησὶνό
1612 4995 1929 5057 Ἀπόστολος
1951 5010 1964 5024 '
1994 4996 2028 5065 ἡ

466 5076 522 5127 δὲ
553 5078 642 5129 ἐπὶ
667 5081 730 5148 τῇ
751 5080 890 5131 κατὰ
904 5080 1035 5133 Θεὸν
1069 5084 1307 5153 πτωχείᾳ
1322 5084 1489 5152 λύπη,
1509 5086 1793 5153 μετάνοιαν
1821 5089 2028 5155 ἀμετα-

472 5166 698 5237 μέλητον
721 5169 802 5232 εἰς
830 5168 1005 5239 ψυχῆς
1032 5171 1324 5241 σωτηρίαν.
1361 5192 1377 5223 ι
1415 5176 1525 5227 Καὶ
1548 5178 1613 5244 τῇ
1646 5176 1745 5243 μὲν
1786 5179 2029 5247 ἀκουσίῳ

466 5258 607 5328 οὔσῃ
629 5260 689 5313 τὸ
716 5261 991 5329 ἀκούσιον,
1014 5266 1078 5331 τῇ
1102 5264 1157 5317 δὲ
1176 5265 1411 5335 ἑκουσίῳ
1435 5267 1497 5319 τὸ
1517 5266 1765 5320 ἑκουσίον
1787 5267 1846 5332 ἐξ
1863 5269 2029 5336 ἀνάγ-

471 5367 572 5418 κης
591 5350 781 5405 ἕπεται
807 5354 1021 5417 πένθος.
1040 5355 1194 5408 Ἐπεὶ
1211 5356 1267 5409 δὲ
1294 5358 1352 5408 τὸ
1380 5359 2029 5428 μακαριζόμενον-πένθος

472 5442 716 5498 ἐνταυθοῖ
752 5448 813 5514 τῇ
853 5446 993 5499 κατά
1053 5448 1183 5499 Θεὸν
1238 5448 1508 5515 συνῆπται
1546 5450 1804 5520 πτωχείᾳ,
1838 5452 1934 5507 καὶ
1961 5452 2028 5504 δι’

469 5537 680 5606 ἐκείνην
697 5537 754 5603 ἐξ
770 5538 1013 5606 ἀνάγκης
1035 5555 1092 5591 τε
1109 5539 1333 5606 γίνεται,
1358 5541 1613 5611 κάκείνης
1631 5544 1705 5606 ὡς
1716 5544 1889 5606 αἰτίας
1911 5545 2031 5599 ὅλον

587 5719 842 5775 "Matth.
880 5736 929 5783 v,
960 5720 1013 5772 ii.
1092 5720 1134 5751 5“
1169 5720 1212 5772 ll
1249 5721 1372 5773 (lor.
1404 5735 1495 5785 vn,
1544 5720 1622 5774 l0.

2135 3184 2367 3249 eisione,
2402 3184 2692 3241 nonnullos
2718 3186 2829 3255 jam
2889 3193 3287 3260 praeloquuntur
3331 3190 3445 3260 eius
3479 3190 3711 3249 fructus.

2142 3272 2269 3327 Post
2300 3285 2631 3330 consecutos
2668 3277 2940 3347 spirituali
2974 3293 3294 3350 paupertate
3325 3283 3714 3339 inamissibiles

2138 3366 2381 3430 divitias,
2407 3367 2561 3422 solus
2590 3369 2780 3426 beatus
2825 3372 3071 3443 lugentes
3104 3374 3239 3429 facit
3270 3389 3384 3431 sua:
3438 3375 3716 3434 felicitatis

2140 3459 2455 3528 participes,
2507 3461 2749 3521 dicens;
2808 3483 2826 3516 ι
2865 3464 3016 3520 Beati
3074 3468 3165 3536 qui
3200 3467 3406 3538 lugent,
3455 3471 3714 3540 quoniam

2142 3552 2244 3622 ipsi
2308 3553 2739 3611 cmisolahuntur
2793 3558 2864 3613 ⁸⁸.
2935 3577 2954 3611 ι
3013 3558 3126 3621 Cur
3182 3575 3362 3616 autent
3435 3565 3718 3634 conjunxit

2139 3643 2389 3700 Christus
2434 3647 2632 3702 luctum
2701 3653 3046 3727 paupertati?
3101 3657 3229 3725 quia
3281 3671 3410 3714 cum
3463 3658 3595 3726 ipsa.
3633 3668 3719 3714 est

2141 3751 2379 3808 semper.
2406 3736 2703 3808 Sed,juxta
2731 3743 3072 3812 Apostolum,
3116 3745 3335 3800 tristitia
3376 3749 3442 3803 de
3481 3764 3715 3819 pauper-

2141 3838 2253 3885 tate
2277 3846 2397 3900 qua:
2426 3843 2509 3887 est
2533 3834 2835 3889 secundum
2863 3838 3144 3904 mundum,
3168 3848 3396 3894 mortem
3419 3829 3711 3911 operatur;

2141 3922 2361 3977 tristitia
2404 3938 2532 3977 vero
2583 3926 2649 3980 de
2698 3936 3015 3996 paupertate
3083 3944 3204 3998 qum
3261 3938 3348 3988 est
3413 3935 3713 3991 secundum

2146 4014 2335 4077 Deum,
2371 4017 2750 4082 paenitentiam
2782 4030 3047 4091 operatur
3076 4021 3125 4073 iu
3160 4023 3358 4077 anima:
3385 4025 3618 4080 salutent
3644 4027 3714 4081 ⁵⁵.

2142 4104 2210 4159 Et
2245 4106 2667 4161 involuutariam
2709 4110 2928 4179 quidem
2995 4123 3370 4179 paupertatem
3407 4116 3718 4172 involunla-

2145 4196 2279 4260 rius,
2310 4196 2670 4250 voluntariam
2714 4214 2844 4253 vero
2875 4202 3211 4257 voluntarius
3234 4205 3481 4273 sequitur
3510 4207 3714 4264 luctus.

2148 4289 2282 4355 Quia
2331 4305 2463 4347 vero
2514 4290 2855 4348 beatiﬁcatus
2884 4295 2972 4349 hic
3004 4295 3179 4350 luctus
3203 4298 3550 4368 conjungitur
3581 4316 3718 4369 pau-

2144 4383 2337 4450 pertati
2396 4398 2513 4449 qua:
2560 4393 2641 4439 est
2689 4388 2988 4441 secundum
3044 4388 3237 4458 Deum,
3296 4392 3519 4462 propter
3574 4394 3715 4450 banc

2143 4476 2451 4528 necessario
2512 4479 2797 4548 contingit,
2855 4495 2921 4534 ex
2975 4497 3147 4551 eaque
3210 4485 3359 4539 velut
3408 4501 3477 4540 ex
3549 4501 3715 4543 causa

2141 4567 2363 4619 onmino
2386 4566 2676 4643 dependet,
2701 4584 2756 4625 et
2776 4574 2991 4627 nonnisi
3018 4591 3122 4628 una
3146 4591 3268 4630 cum
3296 4576 3398 4631 hac
3416 4578 3715 4647 spiritualis

2136 4659 2222 4710 est
2274 4666 2328 4711 et
2374 4663 2700 4720 voluntaria.
2737 4666 2841 4719 Sed
2886 4668 3164 4724 videamus
3217 4674 3491 4738 quomodo
3554 4674 3711 4733 beata
3750 4706 3757 4719 ~

2138 4752 2431 4819 paupertas
2463 4752 2679 4808 beatum
2716 4757 2893 4825 pariat
2932 4758 3168 4817 luctum.
3749 4772 3757 4842 ξ

2213 4843 2346 4894 Cum
2379 4841 2542 4913 igitur
2564 4860 2798 4914 quatuor
2821 4851 3117 4919 spiritualis
3141 4855 3476 4925 paupertatis
3499 4858 3711 4926 speciect

2141 4946 2388 4988 sermone
2417 4936 2576 5001 paulo
2606 4939 2874 5008 superiori
2904 4944 3328 5010 ostenderimus,
3354 4964 3474 5016 qua:
3503 4952 3712 5005 scilicet

2142 5023 2195 5076 in
2252 5027 2579 5097 cogitatione
2637 5041 2742 5096 est,
2781 5048 2904 5100 quae
2941 5035 2992 5088 in
3028 5051 3278 5105 corpore,
3323 5056 3444 5109 qua:
3490 5045 3542 5095 in
3591 5043 3712 5098 vitae

2144 5113 2369 5180 divitiis,
2406 5127 2460 5171 et
2490 5134 2607 5188 qua:
2640 5120 2693 5172 in
2725 5124 3087 5180 exterioribus
3112 5129 3527 5198 tentationibus,
3550 5147 3710 5189 nemo

2137 5207 2361 5262 audiens
2404 5209 2522 5276 :_hus
2578 5213 2749 5268 divise
2801 5228 3180 5286 propoucutes,
3246 5236 3432 5275 earum
3499 5228 3708 5292 praxim

2138 5312 2258 5351 esse
2287 5297 2513 5354 divisam
2566 5303 2861 5359 existimet.
2890 5305 3025 5360 Nam
3058 5324 3163 5362 una
3211 5326 3401 5369 omnes
3430 5312 3706 5369 observari

2139 5393 2336 5456 solum,
2361 5393 2593 5463 ideoque
2619 5412 2723 5453 una
2753 5401 3163 5468 comprehensae
3191 5414 3318 5457 sunt
3353 5404 3705 5468 beatitudine,

2137 5493 2259 5546 qua:
2319 5484 2640 5539 mirabiliter
2697 5488 2859 5545 simul
2910 5493 3149 5546 ostendit
3198 5495 3377 5566 qualis
3437 5495 3509 5548 sit
3564 5497 3711 5551 velut

2141 5575 2295 5626 radix
2337 5587 2389 5632 et
2418 5575 2536 5633 fons
2569 5579 2821 5649 aliorum,
2857 5598 3055 5639 nemue
3098 5585 3325 5659 Spiritus
3364 5600 3566 5645 neSter.
3610 5588 3710 5647 llic
