4146 6308
548 234 685 301 1075

1790 222 2176 288 GREGORII
2212 224 2539 286 PALAMJZ

3631 217 3778 284 1076

541 348 685 401 enim
745 342 1042 414 evangelici
1105 342 1357 411 pracepti
1412 339 1748 410 complexus,
1795 347 1854 392 nt
1909 336 2112 390 dictum

2222 347 2592 416 ἰξῆπται,καὶ
2633 348 2740 402 ἀπὸ
2779 346 2979 414 ταύτης
3023 343 3136 413 εχει
3179 339 3680 409 συνυπακουόμενον
3713 337 3780 393 τὸ

540 448 646 499 est,
677 438 932 506 gratiam,
971 435 1174 490 ﬂumen
1207 431 1541 502 paupertatis
1590 446 1618 482 a
1669 431 1848 497 seipse
1886 425 2106 489 emittit,

543 530 774 598 irrigans
817 527 1123 580 universam
1172 525 1362 577 faciem
1396 531 1554 575 terrae
1627 528 1844 583 nostrae,
1879 514 2112 570 exterio—

543 635 656 674 rem
695 617 950 672 videlicet
998 616 1298 680 hominem,
1336 621 1390 668 et
1425 611 1569 666 hunc
1597 611 1861 666 virtutum
1898 604 2110 660 faciens

543 710 874 778 paradisum.

615 805 857 864 Quatuor
898 799 1064 870 igitur
1111 796 1414 866 specierum
1449 792 1751 858 spiritualis
1781 786 2112 862 paupertatis

546 905 878 962 unaquaeque
920 889 1194 959 proprium
1232 893 1454 954 generat
1505 885 1734 944 luctum,
1787 878 1952 933 simul
1981 891 2106 932 cum

547 997 782 1051 congrua
814 981 1204 1036 consolatione.
1245 976 1319 1030 Ex
1367 974 1668 1029 voluntaria
1717 970 1934 1040 quidem
1985 982 2112 1022 cor-

547 1074 690 1142 poris
715 1080 1030 1140 paupertate
1051 1079 1104 1126 et
1127 1067 1456 1128 humilitate,
1481 1081 1602 1136 quae
1630 1074 1712 1118 est
1740 1061 1934 1126 fames,
1969 1059 2110 1123 sitis,

551 1163 840 1225 insomnia,
892 1170 941 1216 et
1005 1159 1304 1230 generatim
1377 1157 1622 1226 corporis
1703 1151 2008 1208 invaletudo
2059 1157 2114 1203 et

549 1269 809 1320 aerumna,
839 1264 893 1308 et
923 1254 1144 1321 insuper
1184 1251 1439 1306 meditata
1489 1261 1746 1302 sensuum
1795 1240 2061 1312 repressio
2095 1256 2111 1297 :

550 1362 614 1401 ex
637 1347 739 1407 his,
770 1347 1011 1414 inquam,
1035 1359 1142 1398 non
1169 1342 1347 1396 luctus
1377 1338 1733 1402 solummodo,
1762 1335 1854 1389 sed
1881 1343 1936 1388 et
1957 1332 2114 1386 ﬂetus

550 1438 812 1492 nascitur.
876 1434 1029 1489 Sicut
1084 1433 1229 1488 enim
1289 1430 1578 1498 stupiditas
1639 1425 2015 1492 stoliditasque
2060 1430 2116 1476 et

551 1529 782 1584 durities
817 1526 998 1581 cordis
1031 1540 1098 1578 ex
1144 1523 1324 1591 quiete
1363 1521 1743 1589 voluptateque
1796 1531 1858 1569 ac
1906 1514 2116 1570 deliciis

546 1621 677 1676 oriri
725 1618 923 1682 solent,
971 1599 1043 1670 ita
1080 1629 1146 1671 ex
1192 1611 1524 1683 temperante
1582 1621 1638 1667 et
1669 1611 1974 1664 abstinente
2003 1607 2111 1659 vita

2217 432 2582 502 πνευματικὸν
2604 433 2698 486 καὶ
2720 429 2987 486 ἑκούσιον.
3018 431 3181 484 Ἀλλὰ
3209 430 3320 500 γὰρ
3346 429 3546 500 ἴδωμεν
3567 471 3582 495 ,
3599 431 3714 493 πῶς
3745 433 3781 502 ή

2223 522 2538 592 μακαριστὴ
2568 522 2810 592 πτωχεία
2840 521 2903 574 τδ
2939 521 3210 592 μακάριον
3261 521 3534 591 ἁπογεννᾷ
3567 523 3784 583 πένθος.

2285 610 2574 682 Τεττάρων
2609 609 2701 667 οὖν
2731 612 2888 666 είδῶν
2934 614 3034 682 τῆς
3081 611 3461 681 πνευματικῆς
3509 613 3788 681 πτωχείας

2185 701 2318 755 ’πύπδ
2347 700 2440 754 τοῦ
2469 702 2628 770 λόγου
2687 701 2884 773 μικρὸν
2914 700 3170 772 ἀνωτέρω
3219 701 3566 770 πεφηνότων,
3596 704 3696 770 τῆς
3725 707 3787 756 ὲν

2211 792 2292 865 τῷ
2319 794 2650 863 φρονήματι,
2694 794 2793 861 τῆς
2834 793 2894 846 ἐν
2928 791 3006 862 τῷ
3054 791 3286 862 σώματι,
3332 794 3430 862 τῆς
3461 794 3520 845 ὲν
3545 797 3613 866 τῇ
3641 796 3787 848 κατὰ

2211 883 2303 936 τὸν
2330 883 2444 954 βίον
2483 883 2792 954 περιουσίᾳ,
2841 885 2933 936 καὶ
2959 884 3056 952 τῆς
3085 884 3144 936 ἐν
3177 885 3290 946 τοῖς
3318 882 3520 948 ἔξωθεν
3545 887 3782 956 ἐπερχοο

2216 973 2394 1042 μένοις
2448 977 2796 1044 πειρασμοῖς,
2837 973 3025 1046 μηδεὶς
3057 973 3112 1026 δὲ
3148 972 3302 1043 ὑμῶν
3355 973 3570 1026 ἀκούων
3609 991 3786 1044 μεμε-

2211 1063 2482 1136 ρισμένως
2509 1064 2685 1118 ταῦτα
2731 1064 3155 1134 προστιθέντων,
3191 1065 3290 1118 καὶ
3310 1066 3410 1136 την
3439 1068 3578 1120 κατὰ
3611 1069 3786 1120 ταῦτα

2211 1153 2409 1224 πρᾶξιν
2449 1155 2862 1224 μεμερισμένην
2895 1155 3164 1226 ὑπολάϐῃ.
3212 1156 3317 1209 Σὺν
3342 1156 3520 1218 ἄλλοις
3549 1158 3656 1226 γὰρ
3687 1176 3785 1210 πε-

2212 1243 2418 1313 φύκασι
2447 1245 2752 1299 τελεῖσθαι·
2782 1245 2863 1299 διὸ
2888 1247 2980 1299 καὶ
3009 1247 3346 1316 μακαρισμῷ
3370 1247 3783 1317 περιεκλείσθη-

2211 1352 2312 1388 σαν
2339 1336 2442 1400 ἑνὶ,
2474 1337 2591 1405 ἅμα
2608 1336 2927 1407 θαυμασίως
2951 1337 3313 1403 ὕποδείξαντι,
3341 1339 3433 1392 καὶ
3459 1340 3608 1392 ποῖόν
3633 1341 3782 1392 ἐστιν

2207 1422 2412 1479 ὡσανεὶ
2465 1425 2591 1494 ῥίζα
2641 1429 2735 1480 καὶ
2785 1427 3046 1499 πρόξενον
3082 1429 3192 1484 τῶν
3224 1429 3423 1490 ἄλλων,
3475 1429 3675 1499 δηλαδὴ
3721 1429 3783 1480 τὸ

2209 1516 2426 1586 πνεῦμα
2469 1517 2531 1570 τὺ
2558 1517 2848 1589 ἡμέτερον.
2881 1520 3052 1572 Τοῦτο
3091 1521 3198 1590 γὰρ
3226 1519 3324 1588 τὴν
3358 1520 3452 1573 τοῦ
3489 1521 3779 1588 εὐαγγελι-

2212 1611 2311 1664 κοῦ
2335 1611 2692 1681 κηρύγματος
2711 1612 3218 1682 ἑγκολπωσάμενον,
3241 1613 3316 1675 ὠς
3336 1614 3570 1682 εῐρηται,
3598 1612 3778 1682 χάριν,

547 1711 808 1766 contritio
834 1707 1015 1763 cordis
1053 1714 1108 1760 et
1142 1705 1505 1775 compunctio,
1544 1717 1663 1772 qua:
1695 1715 1906 1756 omnem
1937 1695 2112 1752 aufert

2212 1699 2394 1772 πηγὴν
2422 1703 2695 1770 πτωχείας
2729 1703 3049 1757 ἀναδίδωσιν
3077 1703 3170 1771 ἀφ’
3201 1703 3414 1766 ἑαυτοῦ,
3452 1703 3779 1764 ποτίζουσιν

550 1801 1002 1865 amaritudinem,
1065 1807 1120 1852 et
1187 1796 1472 1851 suavitatis
1535 1791 1691 1846 aﬂ‘ert
1759 1790 2109 1844 hilaritatem.

552 1891 760 1944 Etenim
819 1890 1026 1958 absque
1067 1886 1304 1942 contrito
1333 1884 1494 1938 corde
1544 1880 1878 1952 impossibile
1920 1889 2023 1942 est,
2056 1887 2115 1932 ut

548 1982 771 2040 dicitur.
814 1976 1036 2034 liberari
1087 1992 1118 2030 a
1179 1976 1454 2046 nequitia;
1507 1974 1741 2028 conterit
1791 1981 1966 2025 autem
2016 1984 2115 2025 cor

549 2067 739 2136 triplex
789 2067 1147 2135 temperantia
1207 2081 1223 2120 :
1272 2064 1482 2128 somni,
1535 2061 1663 2127 cibi,
1715 2073 1769 2116 et
1815 2060 2116 2130 corporalis

547 2159 770 2228 quietis.
830 2156 1082 2212 Liberata
1135 2171 1298 2225 porro
1359 2157 1539 2210 anima
1592 2170 1687 2226 per
1737 2155 1879 2208 illam
1915 2153 2117 2208 contri-

549 2253 752 2305 tionem
784 2265 812 2303 a
848 2250 1087 2320 nequitia
1140 2259 1194 2303 et
1241 2248 1626 2308 amaritudine,
1672 2246 1893 2302 omnino
1925 2259 2116 2300 conse-

548 2342 734 2410 quitur
779 2341 1120 2411 spiritualem
1156 2339 1507 2403 suavitatem,
1537 2349 1590 2392 et
1633 2340 1744 2392 haac
1793 2346 1877 2392 est
1921 2351 2116 2392 conso-

544 2433 677 2486 latio
699 2442 1096 2502 propterquam
1123 2432 1316 2486 beatos
1342 2431 1473 2484 dicit
1501 2428 1763 2483 Dominus
1795 2429 1885 2496 qui
1911 2429 2112 2497 lugent.

545 2526 636 2577 Ait
669 2524 831 2578 etiam
865 2522 1101 2577 Joannes
1135 2523 1222 2575 ille
1272 2522 1362 2590 qui
1414 2520 1706 2575 Clitnacetn
1741 2520 1898 2574 nobis
1950 2520 2112 2586 spiri-

548 2617 748 2668 tnalem
785 2613 1132 2669 sermonibus
1159 2612 1495 2666 aediﬁcavit:
1535 2628 1553 2662 ι
1599 2611 1732 2664 Sitis
1763 2621 1817 2664 et
1848 2611 2113 2666 insomnia

546 2713 840 2760 conterunt
899 2719 1030 2767 cor,
1083 2703 1250 2758 corde
1309 2714 1492 2757 autem
1581 2702 1814 2756 contrito
1895 2699 2115 2755 eiIluunt

2209 1794 2319 1846 πᾶν
2339 1792 2401 1845 τὸ
2423 1793 2714 1862 πρόσωπον
2768 1793 2866 1862 τῆς
2898 1794 3001 1863 γῆς
3038 1793 3192 1864 ἡμῶν
3217 1809 3231 1822 '
3265 1794 3355 1845 τὸν
3386 1791 3491 1858 ἔξω
3534 1793 3778 1862 δηλονότι

2207 1883 2490 1956 ἄνθρωπον
2511 1900 2524 1914 ·
2554 1885 2648 1937 καὶ
2680 1885 3008 1954 παράδεισον
3038 1884 3250 1956 ἀρετῶν
3285 1884 3566 1937 ἀποτελῶν
3588 1883 3769 1938 αὐτόν.

2208 1975 2500 2047 Τεττάρων
2553 1976 2648 2030 οὖν
2699 1977 2858 2030 είδῶν
2911 1978 3012 2046 τῆς
3073 1977 3451 2048 πνευματικῆς
3507 1977 3779 2045 πτωχείας
3835 1975 3838 1980 ’

2209 2063 2582 2134 ὑπαρχόντων,
2643 2065 2738 2135 ἀφ’
2785 2066 3017 2121 ἑκάστου
3067 2066 3272 2120 τούτων
3335 2067 3396 2118 τὸ
3443 2065 3775 2134 κατάλληλον

2207 2156 2465 2222 γεννᾶται
2491 2156 2708 2221 πένθος,
2755 2157 2896 2227 μετὰ
2932 2158 3030 2226 τῆς
3071 2157 3456 2228 προσηκούσης
3488 2157 3774 2228 παρακλή-

2211 2257 2369 2308 σεως,
2417 2243 2654 2297 αὐτίκα·
2702 2244 2790 2298 διὰ
2843 2246 2943 2315 μὲν
2993 2245 3093 2315 τῆς
3142 2247 3394 2300 ἑκουσίου
3457 2247 3774 2316 σωματικῆς

2211 2333 2487 2404 πτωχείας
2543 2337 2638 2389 καὶ
2686 2335 3090 2403 ταπεινώσεως,
3144 2337 3269 2405 ἥτις
3323 2339 3440 2390 ἐστὶ
3474 2341 3652 2403 πεῖνα,
3683 2339 3776 2390 καὶ

2209 2423 2366 2494 δίψα,
2421 2427 2514 2479 καὶ
2567 2428 2888 2496 ἀγρυπνία,
2939 2431 3034 2482 καὶ
3085 2428 3274 2492 ἁπλῶς
3331 2432 3622 2500 κακουχία,
3683 2432 3774 2483 καὶ

2209 2517 2554 2572 κακοπάθεια
2633 2517 2888 2589 σώματος
2915 2535 2930 2552 ·
2963 2519 3056 2573 καὶ
3124 2519 3260 2590 πρὸς
3307 2520 3524 2583 τούτοις
3583 2523 3616 2591 η
3680 2522 3792 2578 σὺν,

2209 2605 2354 2678 λόγῳ
2413 2607 2643 2679 συστολὴ
2686 2607 2795 2662 τῶν
2846 2609 3188 2682 αἰσθήσεων⁹
3233 2611 3295 2662 ὲκ
3323 2609 3528 2663 τούτων
3574 2610 3771 2672 τοίνυν,

2209 2699 2270 2751 οὐ
2318 2697 2510 2762 πένθος
2558 2699 2743 2762 ἁπλῶς
2776 2702 2934 2770 μόνον
2959 2740 2975 2764 ,
3023 2700 3158 2754 ἀλλὰ
3190 2700 3288 2752 καὶ
3325 2701 3536 2770 δάκρυα
3566 2700 3774 2752 τίκτον-

545 2794 816 2864 lacrymaa.
870 2793 970 2862 Qui
1004 2808 1133 2848 vero
1184 2802 1266 2848 est
1327 2803 1604 2862 expertus,
1661 2794 1712 2848 in
1768 2795 1852 2850 his
1908 2795 2109 2848 videbit

2208 2807 2318 2844 ται.
2366 2778 2638 2863 Καθάπερ
2682 2792 2791 2862 γὰρ
2843 2793 3170 2862 ἀναλγησία,
3211 2792 3308 2845 καὶ
3367 2792 3645 2862 πώρωσις,
3682 2794 3773 2845 καὶ

552 2888 720 2940 risum
742 2883 951 2939 scilicet
975 2887 1218 2949 beatum,
1247 2900 1365 2953 qua
1389 2895 1469 2938 est
1497 2886 1797 2943 consolatio
1828 2902 1860 2939 α
1888 2885 2112 2943 Domino

2210 2881 2515 2954 σκληρότης
2563 2884 2808 2953 καρδίας,
2862 2885 2922 2948 ἐξ
2971 2885 3242 2948 ἀνέσεως,
3283 2885 3376 2936 καὶ
3414 2885 3644 2955 τρυφῆς,
3681 2885 3773 2936 καὶ

543 2977 836 3048 promissa.
877 2994 895 3028 ι
937 2976 1012 3030 Ita
1055 2991 1119 3030 ex
1162 2987 1313 3047 grata
1367 2975 1475 3032 Deo
1509 2979 1752 3046 corporis
1805 2988 2112 3047 paupertate

2210 2974 2505 3038 εὐπαθείας
2557 2975 2837 3030 τίκτεσθαι
2875 2977 3218 3044 πεφύκασιν,
3269 2975 3440 3038 οὕτως
3485 2975 3545 3041 ἐξ
3571 2979 3772 3046 ἐγκρα-

548 3070 701 3120 beata
760 3065 1061 3119 consolatio
1115 3065 1422 3135 lugentibus
1469 3067 1658 3121 oritur.
1693 3066 1769 3120 Ex
1801 3078 2112 3137 paupertate

2209 3063 2336 3126 τοῦς
2365 3066 2461 3118 καὶ
2495 3067 2934 3136 συνεσταλμένης
2963 3067 3196 3140 διαίτης,
3255 3067 3514 3139 συντρισὴ
3549 3068 3772 3138 καρδίας

549 3171 676 3212 vero
700 3157 899 3211 mentis
919 3166 970 3210 et
999 3156 1182 3212 divina
1216 3157 1415 3212 animae
1447 3159 1776 3223 humilitate,
1803 3161 2112 3229 quomodo?

618 3247 987 3306 Humilitatem
1021 3249 1211 3302 animae
1265 3251 1553 3303 comitatur
1607 3265 1821 3318 Semper
1857 3254 1938 3305 sui
1975 3267 2109 3307 con-

549 3340 770 3408 temptio
800 3352 824 3402 :_
853 3339 968 3394 hazc
1014 3349 1200 3395 autem
1262 3339 1331 3394 ab
1383 3341 1539 3394 initio
1567 3343 1617 3394 in
1663 3358 1838 3412 paena:
1869 3345 2114 3399 timorem

548 3431 776 3484 multum
813 3432 1144 3497 extenditur,
1178 3432 1355 3486 oculis
1384 3433 1644 3486 exhibens
1678 3436 2114 3490 adversariorum

549 3521 872 3581 horribilem
904 3523 970 3575 ad
998 3523 1158 3576 unius
1187 3532 1514 3578 tormentum
1549 3526 2033 3592 concertationem,
2060 3536 2116 3586 et

549 3617 726 3668 adhuc
752 3613 1095 3668 formidinem
1127 3629 1328 3683 augens
1347 3631 1410 3670 ex
1437 3631 1500 3668 eo
1536 3617 1677 3685 quod
1714 3619 1849 3672 sciat
1897 3634 2113 3687 poenam

552 3706 700 3760 illam
753 3717 874 3757 esse
910 3702 1238 3756 ineil‘ahilent
1290 3715 1346 3757 et
1397 3705 1543 3760 dicto
1597 3707 2017 3776 terribiliorem;
2060 3719 2116 3766 et

551 3801 773 3865 insuper
800 3793 918 3864 ejus
935 3795 1209 3849 aeternitas
1243 3803 1502 3864 quantum
1532 3799 1681 3852 addit
1705 3800 1820 3868 ejus
1861 3802 2068 3855 horrori
2094 3804 2110 3858 ι

549 3889 709 3941 Calor
739 3888 882 3942 enim
941 3895 998 3941 et
1059 3885 1256 3955 frigus,
1310 3887 1483 3954 caligo
1540 3896 1595 3944 et
1635 3890 1798 3960 ignis,
1849 3905 2024 3948 motus
2061 3904 2113 3949 et

554 3977 739 4040 statio,
798 3976 1007 4030 vincula
1035 3986 1087 4030 ct
1135 3977 1407 4043 terticula,
1457 3988 1512 4033 et
1556 3981 1789 4034 ferarum
1836 3983 2114 4037 immorta-

551 4071 676 4122 lintn
709 4085 946 4137 morsus,
975 4069 1027 4122 in
1068 4085 1234 4126 unum
1274 4082 1541 4142 coguntur
1571 4073 1638 4127 ad
1681 4074 1782 4128 ista
1825 4077 2108 4145 supplicia.

551 4163 616 4215 Et
652 4162 732 4216 sic
772 4176 836 4216 ne
867 4162 1218 4215 adumbratur
1244 4167 1456 4233 quidem
1504 4165 1781 4221 horribilis
1814 4167 1897 4218 illa
1929 4184 2110 4236 poena,

546 4269 704 4314 cum,
757 4263 813 4307 ul.
884 4255 1143 4322 scriptum
1197 4242 1280 4307 est
1319 4257 1385 4318 ⁸⁷,
1429 4275 1446 4306 ι
1480 4256 1589 4309 Nec
1642 4259 1692 4309 in
1739 4275 1832 4310 cor
1883 4260 2112 4313 hominis

2208 3155 2303 3207 καὶ
2357 3155 2683 3222 κατανυξις,
2740 3159 2968 3227 πικρίας
3019 3161 3198 3228 πάσης
3238 3160 3637 3230 ἀποτρεπτικὴ,
3679 3161 3770 3212 καὶ

2210 3245 2467 3314 γλυκείας
2498 3246 2814 3318 ἱλαρότητος
2846 3251 3177 3320 παρεκτική.
3211 3252 3319 3305 Καὶ
3349 3251 3458 3320 γὰρ
3489 3251 3616 3305 ἄνευ
3645 3267 3770 3303 συν-

2207 3339 2450 3409 τριμμοῦ
2500 3340 2727 3410 καρδίας
2780 3340 3079 3406 ἀδύνατον,
3136 3347 3335 3412 φησὶν,
3396 3343 3770 3413 ἀπαλλαγῆναι

2208 3429 2438 3492 κακίας·
2489 3430 2764 3500 συντρίϐει
2809 3431 2868 3486 δὲ
2905 3432 3196 3501 καρδίατή
3243 3433 3514 3504 τριμερὴς
3568 3433 3770 3503 ἐγκρά-

2206 3536 2360 3574 τεια·
2395 3521 2586 3585 ὖπνου,
2631 3521 2724 3572 καὶ
2761 3523 2989 3592 τροφῆς.
3026 3523 3122 3575 καὶ
3155 3524 3474 3592 σωματικῆς
3515 3525 3769 3586 ἀνέσεως.

2220 3610 2619 3678 ’Δπαλλαγεῖσα
2661 3611 2717 3664 δὲ
2763 3611 2911 3683 ψυχὴ
2961 3612 3047 3664 διὰ
3084 3616 3181 3683 τῆς
3233 3614 3526 3683 συντριὸῆς
3572 3613 3771 3683 ταύτης

2207 3702 2402 3763 κακίας
2423 3701 2517 3754 καὶ
2544 3701 2790 3774 πικρίας,
2820 3701 3210 3771 ἁντιλαμϐάνει
3243 3703 3464 3765 πάντως
3484 3704 3583 3774 τὴν
3615 3717 3770 3754 πνευ-

2210 3788 2445 3864 ματικὴν
2481 3792 2746 3863 θυμηδίαν
2771 3809 2785 3822 ·
2813 3797 2905 3846 καὶ
2939 3792 3096 3846 τοῦτό
3139 3795 3288 3846 ἐστιν
3331 3796 3363 3863 ἡ
3399 3793 3765 3863 παράκλησις,

2206 3886 2274 3938 δι’
2302 3885 2368 3957 ἢν
2395 3885 2519 3948 τοὺς
2547 3883 2878 3948 πενθοῦντας
2909 3886 3204 3956 μακαρίζει
3233 3887 3259 3938 ὁ
3291 3885 3518 3956 Κύριος.
3547 3887 3684 3955 Φησὶ
3712 3885 3763 3938 δὲ

2207 3978 2299 4030 καὶ
2355 3976 2607 4046 Ἰωάννης
2643 3979 2672 4030 ὀ
2703 3977 2801 4048 τὴν
2857 3975 2944 4030 διὰ
2993 3977 3166 4045 λόγων
3206 3979 3585 4047 πνευματικὴν
3644 3980 3768 4048 ἡμῖν

2204 4069 2528 4138 δειμάμενος
2561 4068 2851 4138 Κλίμακα·
2884 4067 3023 4136 Δίψα
3049 4069 3142 4120 καὶ
3175 4068 3450 4138 ἀγρυπνία
3489 4068 3767 4138 ἐξέθλιψαν

2206 4160 2435 4229 καρδίαν
2455 4177 2468 4190 ο
2501 4159 2728 4230 καρδίας
2759 4160 2817 4212 δὲ
2842 4158 3138 4229 θλιϐείσης,
3174 4159 3514 4229 ἐξεπήδησαν
3543 4161 3762 4229 δάκρυα.

2215 4253 2274 4305 '0
2305 4252 2362 4305 δὲ
2394 4252 2718 4320 δοκιμάσας,
2789 4253 2942 4321 φησὶ,
3014 4252 3236 4319 γελάσει
3281 4255 3338 4305 ὲν
3373 4252 3586 4315 τούτοις
3617 4293 3631 4318 ,
3681 4254 3765 4305 τὸν

548 4331 790 4396 ascendit
821 4361 840 4394 ι
879 4346 1010 4412 quid
1051 4345 1121 4396 sit
1167 4345 1374 4398 inutilis
1409 4347 1918 4420 inconsolabilisque
1943 4362 1997 4404 et
2026 4353 2105 4403 itt-

2209 4346 2476 4415 μακάριον
2507 4344 2750 4415 δηλονότι
2797 4344 3035 4412 γέλωτα,
3067 4344 3466 4415 παρακληθεὶς,
3495 4345 3572 4408 ὡς
3601 4348 3630 4398 ὁ
3663 4345 3767 4399 Κύα-

546 4435 904 4489 tcrminabilis
931 4435 1018 4488 ille
1043 4435 1241 4494 luctus.
1270 4435 1366 4497 llis
1399 4439 1546 4491 enim
1570 4442 1660 4508 qui
1695 4441 1744 4493 itt
1778 4441 1947 4496 Deum
1983 4458 2110 4512 pec-

547 4537 826 4588 caverunt,
862 4541 932 4581 ex
977 4525 1305 4581 oll'ensarutn
1359 4533 1546 4585 uetitia
1598 4532 1775 4588 luctus
1814 4535 2104 4590 excitatur.

547 4621 660 4675 Illis
690 4619 855 4689 igitur
893 4620 1158 4687 reprobis,
1203 4619 1345 4675 dulci
1381 4636 1476 4690 spe
1507 4624 1684 4679 ablata
1726 4635 1784 4682 et
1827 4627 2110 4698 desperata

547 4714 741 4773 salute,
800 4712 1026 4766 invitum
1081 4727 1349 4782 quemque
1397 4718 1716 4774 retnortlens
1780 4722 2111 4776 conscientia

547 4801 695 4856 luctu
728 4803 970 4868 ingravat
1013 4783 1289 4870 urgentem
1338 4805 1600 4862 dolorem.
1653 4807 1720 4862 Et
1785 4810 1871 4863 hic
1925 4825 2112 4866 rursus

553 4903 612 4948 et
659 4909 875 4962 semper
931 4895 1129 4960 luctus,
1193 4905 1375 4965 utpote
1444 4915 1716 4968 nunquam
1775 4914 2110 4971 cessaturus,

548 4987 670 5041 novi
726 4986 902 5042 luctus
934 4988 988 5040 tit
1035 4988 1211 5056 origo,
1242 5002 1296 5043 et
1328 4991 1434 5048 alia
1495 5001 1628 5046 tetra
1662 4994 1855 5062 Caligo,
1886 5007 1940 5049 et
1963 4997 2110 5052 calor

549 5082 666 5133 sine
697 5080 1000 5147 rclrigerio,
1025 5091 1080 5134 et
1109 5083 1340 5150 abyssus
1385 5084 1777 5153 desperationis
1809 5088 2038 5142 inﬁnita.

515 5187 521 5204 ι
617 5171 772 5224 Nunc
818 5184 946 5224 vero
1001 5172 1178 5226 luctus
1236 5175 1454 5228 maximi
1509 5189 1590 5232 es;
1615 5178 2110 5246 pretiizprOpitius

548 5261 692 5315 enim
727 5262 948 5314 exaudit
977 5260 1134 5325 Deus,
1190 5265 1278 5333 qui
1309 5265 1374 5319 ad
1426 5282 1524 5321 nos
1553 5271 1849 5324 visitandos
1879 5273 2111 5328 descen-

550 5355 648 5419 dit,
683 5363 738 5408 et
765 5357 841 5406 sic
877 5354 1182 5422 lugentibus
1236 5359 1485 5425 promisit
1521 5361 1968 5429 consolationem,
2005 5367 2111 5420 sci-

549 5445 678 5500 licet
700 5447 956 5516 seipsum,
987 5448 1078 5517 qui
1135 5447 1436 5510 Paraclitus
1463 5465 1619 5515 estet
1647 5467 1885 5514 vocatur.
1919 5458 2118 5524 Viduli

626 5628 669 5665 ³⁷
707 5626 884 5688 LCor.
928 5648 984 5699 tt,
1038 5635 1084 5688 9.

2207 4454 2318 4508 ριος
2345 4437 2727 4506 ἐπηγγείλατο.
2764 4436 2876 4490 Καὶ
2904 4437 3013 4492 ἀπὸ
3050 4437 3148 4505 μὲν
3173 4437 3270 4504 τῆς
3301 4438 3359 4488 ἐν
3403 4435 3618 4505 σώματι
3654 4437 3765 4490 θεοσ-

2204 4530 2394 4599 φιλοῦς
2432 4532 2729 4600 πτωχείας,
2761 4530 2822 4582 τὺ
2857 4528 3210 4600 μακαριστῶς
3263 4530 3624 4599 παρακαλοῦν
3650 4530 3766 4590 τοὺς

2204 4622 2577 4693 κεκτημένους
2603 4622 2819 4687 πένθος,
2851 4621 3025 4684 οὓτως
3079 4619 3192 4689 ἔχει
3234 4621 3336 4692 τὴν
3365 4621 3599 4688 γένεσιν.
3646 4621 3765 4674 uno

2203 4715 2261 4768 δὲ
2291 4715 2392 4773 τοῦΔ
2418 4715 2823 4784 κατεπτηχότος
2858 4699 3221 4783 φρονήματος,
3260 4713 3355 4766 καὶ
3387 4713 3484 4782 τῆς
3515 4713 3656 4766 κατὰ
3681 4713 3765 4781 ψυ-

2205 4812 2304 4882 χὴν
2331 4810 2514 4866 ἐνθέου
2537 4808 2938 4874 ταπεινώσεως,
2975 4807 3126 4872 πῶς;
3161 4808 3227 4860 Ἡ
3261 4808 3612 4877 αύτομεμψία
3647 4811 3762 4862 σύν-

2205 4921 2357 4957 εστιν
2401 4903 2491 4956 ἁεὶ
2522 4905 2588 4973 τῇ
2645 4901 2980 4955 ταπεινώσει
3013 4902 3110 4970 τῆς
3155 4900 3368 4973 ψυχῆς·
3419 4899 3560 4969 αὕτη
3603 4901 3658 4954 δὲ
3681 4901 3763 4952 τὸν

2204 4999 2303 5068 τῆς
2353 4999 2622 5060 κολάσεως
2669 4997 2830 5066 φόὸον
2861 4999 2959 5068 τὴν
2993 4996 3170 5067 ἀρχὴν.
3205 4996 3619 5057 ἐπανατείνετκι
3651 5011 3766 5062 σφο-

2205 5092 2379 5162 δρῶς·
2417 5092 2522 5160 πρὸ
2584 5090 2877 5160 ὀφθαλμῶν
2947 5088 3172 5142 ποιοῦσα
3201 5129 3215 5152 ,
3249 5089 3348 5158 τὴν
3405 5090 3462 5154 ἐξ
3517 5088 3764 5140 ἐναντίων

2207 5183 2443 5252 ἐκείνην,
2465 5184 2543 5244 είς
2567 5181 2683 5244 ἑνὸς
2703 5180 3060 5250 κολαστηρίου
3083 5178 3530 5249 φρικωδεστάτην
3554 5177 3763 5246 συνδρο-

2211 5275 2354 5346 μήνο
2408 5275 2501 5327 καὶ
2531 5274 2610 5325 ἔτι
2651 5271 2972 5343 προσθήκην
3018 5269 3112 5323 τοῦ
3145 5269 3299 5331 δέους
3348 5267 3670 5338 ἐμποιοῦσα,
3705 5270 3762 5318 ἐκ

2207 5367 2300 5420 τοῦ
2337 5365 2626 5436 μανθάνειν
2658 5367 2894 5436 ἄρρητον
2928 5364 3147 5430 ἐκείνην
3193 5358 3383 5425 οὖσαν,
3427 5361 3502 5425 ὡς
3540 5361 3632 5413 καὶ
3663 5358 3761 5410 τῶν

2209 5456 2516 5528 εἰρημένων
2567 5456 2910 5524 δεινοτέραν·
2953 5453 3012 5506 τὸ
3040 5452 3098 5505 δὲ
3143 5451 3508 5522 ἀτελεύτητον.
3558 5451 3760 5523 ἐκείνης
