4146 6308
516 237 703 302 1077/

1617 250 1716 311 DE
1756 250 2101 313 MENTALI
2145 252 2634 327 QUIETUDINE
2738 266 2743 271 ’

3619 268 3748 331 10ῗὸ

520 370 698 432 alim,
734 372 831 439 ὅση
864 360 1150 441 προσθήκη
1173 369 1285 430 τοῖς
1309 367 1524 429 δεινοῖςι
1561 367 1798 421 Καύσων
1829 369 1957 438 γὰρ,
1986 366 2061 420 κέ

2183 376 2361 424 ortum
2394 387 2459 427 ex
2491 374 2672 429 anima
2711 375 2993 433 humiliala
3028 378 3253 443 lttrtum,
3299 390 3347 436 et
3388 382 3664 437 suburtam
3695 387 3748 439 ci

517 460 591 529 ψύ
608 478 708 529 (ος,
742 462 835 512 καὶ
864 460 1074 525 σκότος,
1115 460 1209 509 καὶ
1266 457 1399 526 πῦρ,
1427 458 1522 510 καὶ
1549 457 1710 527 φορὰ,
1739 460 1834 511 καὶ
1870 460 2078 525 στάσις,

513 548 693 619 δεσμά
718 566 774 601 τε
804 546 899 602 καὶ
923 547 1175 617 δείματα,
1205 546 1296 598 καὶ
1317 543 1520 614 θηρίων
1540 544 1782 610 ἀειζώων
1802 547 2073 616 δήγματα,

514 675 618 711 κατ
656 659 872 728 ἐκείνην
894 661 973 721 εἰς
995 658 1054 712 ἒν
1081 659 1372 728 συνάγεται
1391 658 1489 729 τὴν
1508 658 1826 729 καταδικην.
1842 655 1953 712 Καὶ
1971 656 2065 712 οῦδ

509 748 685 809 οὕτως
741 744 855 802 οἷον
910 751 1089 804 ἐκεῖνο
1137 750 1199 805 τὸ
1245 750 1418 804 δεινὸν
1448 746 1972 820 παρίστατα“ι,κατὰ
2019 757 2079 803 το

508 836 915 908 γεγραμμένον,
933 839 1028 892 ἐπὶ
1057 839 1182 893 νοῦν
1200 841 1300 894 οὐκ
1325 839 1665 912 ἀναϐεϐηκὸς
1683 838 1781 891 ἀνθ
1791 837 1999 910 ρώπου.
2013 837 2080 890 Τί

510 929 577 997 δὴ
596 927 657 980 τὸ
685 928 945 999 ἀνόνητον
971 930 1066 984 καὶ
1103 931 1492 1002 ἀπαράκλητον
1520 930 1617 985 καὶ
1646 929 1882 999 ἄληκτον
1905 930 2084 983 ὲκείιο

510 1015 743 1083 πένθος;
776 1018 902 1082 Τοῖς
934 1018 1048 1090 γὰρ
1078 1021 1159 1083 είς
1190 1019 1324 1074 Θεὸν
1361 1018 1723 1090 ἁμαρτοῦσιν,
1754 1020 1820 1072 ὲκ
1850 1018 1946 1088 τῆς
1970 1017 2081 1071 τῶν

507 1110 889 1180 ἐπταισμένων
941 1112 1294 1180 ἐπιγνώσεως
1351 1113 1586 1165 κινεῖται
1644 1109 1877 1177 πένθοςς
1936 1110 2082 1163 Ἐκεῖ

504 1200 683 1254 τοίνυν
732 1200 1138 1272 ὲληλεγμένοις,
1189 1200 1416 1272 καὶτῆς
1457 1202 1830 1274 χρηστοτέρας
1862 1200 2076 1265 ἐλπίδος

504 1292 877 1364 ἀνῃρημένης,
904 1293 998 1347 καὶ
1026 1294 1124 1365 τῆς
1153 1293 1424 1365 σωτηρίας
1453 1293 1909 1363 ἀπεγνωσμένης,
1933 1295 1961 1347 ὁ
1982 1292 2077 1346 τοῦ

505 1383 807 1447 συνειδότος
836 1383 945 1437 τότ’
984 1384 1240 1448 ἀκούσιος
1271 1384 1514 1456 ἔλεγχος,
1542 1384 1762 1455 ἑκάστῳ
1790 1384 2075 1438 πολυπλα-

506 1475 682 1538 σιάζει
703 1474 782 1546 τῷ
809 1474 1020 1541 πένθει,
1043 1475 1145 1547 τὴν
1176 1477 1538 1547 ἐπικειμένην
1560 1476 1755 1548 ὀδύνην
1773 1493 1787 1508 ·
1814 1478 1911 1530 καὶ
1930 1476 2076 1530 τοῦτ’

501 1560 658 1626 αὖθις
695 1565 789 1617 καὶ
829 1565 919 1631 ἀεὶ
964 1565 1029 1619 τὸ
1064 1565 1281 1631 πένθος,
1335 1565 1413 1630 ὡς
1454 1566 1654 1638 μηκέτι
1710 1567 2073 1638 παυσόμενον,

502 1656 690 1728 ἑτέρου
739 1652 971 1721 πένθους
1017 1656 1240 1729 ἀφορμὴ
1279 1658 1492 1726 γίνεται
1515 1672 1530 1689 ·
1571 1658 1667 1712 καὶ
1717 1659 1908 1722 σκότος
1946 1658 2076 1713 ἄλλο

500 1744 694 1810 δεινὸν.
733 1747 829 1802 καὶ
868 1747 1088 1803 καύσων
1122 1746 1584 1821 ἀψυχαγώγητος,
1615 1748 1715 1803 καὶ
1741 1749 1912 1820 βυθὸς
1945 1749 2076 1803 ἀθυ-

505 1840 634 1910 μίας
661 1842 963 1913 ἀμήχανος.
1011 1842 1281 1897 Ἐνταῦθα
1312 1842 1378 1915 δὴ
1406 1843 1469 1896 τὸ
1501 1842 1702 1909 πένθος
1727 1844 1894 1898 τοῦτο
1917 1843 2072 1899 λυσι-

500 1932 839 1987 τελέστατον.
874 1932 1057 1996 ’Ίλεως
1088 1932 1201 2005 γάρ
1242 1932 1507 1988 ἐπακούει
1535 1933 1669 1998 Sed;
1690 1950 1706 1966 ο
1740 1935 1817 1998 ὡς
1843 1938 1938 1989 καὶ
1973 1935 2073 2003 μέ-

499 2041 623 2093 χρις
655 2026 686 2095 ἡ
697 2024 811 2094 μῶν
860 2025 1131 2095 κατῆλθεν
1179 2025 1631 2095 ἐπισκεψόμενος,
1665 2026 1758 2080 καὶ
1786 2029 1901 2091 τοῖς
1931 2027 2073 2081 οὕτω

498 2116 790 2169 πενθοῦσιν
817 2116 1186 2186 ἐπηγγείλατο
1212 2115 1312 2194 τὴν
1340 2116 1720 2188 παράκλησιν·
1749 2118 1897 2189 ἥπερ
1924 2119 2071 2173 ἐστὶν

496 2209 657 2272 αὐτὸς
687 2208 1045 2279 Παράκλητός
1074 2225 1133 2261 τε
1163 2206 1239 2262 ὢν
1269 2208 1363 2262 καὶ
1411 2207 1768 2278 καλούμενος.
1795 2205 1949 2273 Εἶδες
1976 2210 2071 2263 καὶ

496 2299 558 2352 τὸ
586 2301 737 2370 παρὰ
785 2300 1266 2370 τεταπεινωμένης
1315 2300 1497 2370 ψυχῆς
1550 2300 1768 2365 πένθος,
1823 2300 1919 2356 καὶ
1970 2302 2071 2371 τὴν

497 2390 886 2461 ὲπιγινομένην
928 2389 1314 2460 παράκλησιν;
1364 2389 1525 2445 Ἀλλὰ
1555 2390 1667 2459 γὰρ
1712 2390 1807 2445 καί¹
1840 2392 1875 2461 ὴ
1911 2392 2071 2445 αῦτυ-

499 2480 710 2551 μεμψία
745 2482 880 2552 μόνη
909 2481 1031 2535 καθ’
1056 2480 1247 2552 αὐτὴν,
1281 2480 1472 2553 ὥσπερ
1502 2499 1554 2535 τι
1582 2480 1750 2554 βάρος
1780 2482 1968 2553 νοητὸν
1990 2480 2069 2554 τῷ

496 2575 833 2646 λογιζομένῳ
867 2578 963 2647 τῆς
995 2575 1175 2647 ψυχῆς
1223 2577 1539 2630 ιπιτεθείσα
1590 2577 1688 2631 καὶ⁸
1744 2577 2064 2646 χρονίσασα,

495 2668 773 2739 συντρίϐει
802 2670 895 2721 καὶ
925 2668 1125 2733 πιέζει,
1155 2668 1251 2735 κα)
1281 2668 1372 2721 τὸν
1398 2662 1540 2721 οίνον
1567 2665 1807 2721 ἐκθλίϐει
1839 2666 1933 2722 τὸν
1956 2685 2067 2721 σω·-

490 2761 701 2833 τήριον.
744 2761 837 2814 τὸν
870 2761 1233 2832 εὐφραίνοντα
1278 2759 1507 2831 καρδίαν
1541 2758 1829 2830 ἀνθρώπου
1857 2797 1876 2825 ,
1904 2776 2064 2813 τουτ-

491 2849 608 2905 έστι
659 2851 750 2904 τὸν
781 2851 931 2914 ἐντὸς
979 2850 1134 2922 ἡμῶν
1181 2850 1488 2920 ἄνθρωπον.
1536 2846 1691 2912 Οἶνος
1720 2849 1777 2902 δὲ
1823 2849 2065 2914 τοιοῦτός

488 2942 637 2994 ἐστιν
662 2943 695 3007 ἢ
729 2941 1020 3008 κατάνυξις
1048 2958 1063 2974 ο
1101 2941 1440 2995 συνεκθλίϐει
1474 2940 1584 3011 γὰρ
1632 2940 1711 3010 τῷ
1753 2939 1939 2994 πένθει
1966 2942 2064 2994 καὶ⁸

2184 463 2633 520 consolationem.
2689 465 2899 520 Etenim
2950 470 3031 522 sui
3082 468 3359 538 despectio
3397 474 3509 527 sola
3541 489 3634 543 per
3663 490 3751 530 sc—

2183 547 2378 617 ipsam,
2413 552 2569 619 quasi
2606 554 2844 608 torcular
2886 557 3171 625 spirituale
3207 562 3502 616 intellectui
3554 564 3750 618 animm

2181 636 2390 694 instans
2435 651 2490 695 et
2519 644 2859 709 incumbens,
2887 648 3119 702 conterit
3145 664 3208 704 ac
3238 653 3452 721 premit,
3487 664 3539 708 et
3566 655 3745 710 vinum

2178 730 2432 796 exprimit
2460 732 2696 789 salutare
2716 737 2857 805 quod
2892 738 3126 794 ltetilicat
3152 757 3247 795 cor
3280 743 3539 808 hominis,
3568 747 3617 798 id
3641 756 3745 812 est,

2181 823 2498 878 interiorem
2546 838 2786 882 nostrum
2849 831 3144 888 hominem.
3195 833 3306 890 Hoc
3341 845 3520 890 autem
3559 839 3741 894 vinum

2176 922 2258 964 est
2309 916 2651 984 compunctio
2676 956 2692 983 ,
2741 932 2862 988 quae
2901 923 3213 991 comprimit
3247 923 3395 980 luclu
3441 928 3743 995 passiones,

2176 1014 2230 1058 et
2271 1006 2508 1061 animam
2570 1008 2760 1064 laetitia
2811 1012 2983 1080 replet
3030 1013 3210 1078 beata,
3243 1017 3362 1069 diro
3386 1018 3743 1086 cupiditatum

2176 1099 2416 1165 pondere
2468 1098 2777 1155 liberatam.
2824 1102 3115 1172 Propterea
3148 1123 3171 1160 ι
3238 1105 3385 1162 Beati
3418 1109 3507 1178 qui
3544 1111 3744 1180 lugent,

2172 1189 2429 1256 quoniam
2462 1189 2561 1259 ipsi
2598 1189 3047 1251 consolabuntur.
3087 1213 3107 1247 ι
3810 1188 3819 1196 ’

2242 1276 2320 1333 Ex
2352 1281 2533 1352 inepia
2560 1296 2714 1350 vero,
2749 1296 2846 1340 seu
2879 1286 3024 1355 quod
3072 1287 3213 1342 idem
3244 1300 3346 1357 est,
3388 1306 3454 1346 ex
3503 1293 3743 1362 pecuniae

2172 1379 2227 1426 et
2277 1373 2701 1430 substantiarum
2753 1388 3109 1448 paupertate,
3165 1397 3285 1449 qua:
3318 1393 3401 1438 est
3452 1385 3744 1453 conjuncta

2173 1464 2476 1530 paupertati
2506 1466 2752 1534 spiritus,
2811 1477 2868 1524 ut
2920 1483 3085 1540 supra
3133 1472 3388 1538 diximus,
3436 1473 3551 1529 iure
3588 1477 3738 1530 enim

2171 1554 2353 1608 omnia
2384 1570 2444 1610 se
2494 1556 2729 1613 invicem
2779 1561 3070 1630 perilciuot
3125 1572 3185 1616 et
3230 1565 3519 1619 absolvunt
3552 1574 3610 1621 ut
3633 1568 3743 1622 siut

2174 1644 2283 1699 Dco
2344 1657 2493 1716 grata
2532 1663 2548 1701 :
2585 1664 2653 1704 ex
2723 1650 2814 1705 illa
2883 1655 3048 1724 igitur
3104 1664 3423 1724 paupertate
3472 1663 3740 1726 quomodo

2171 1736 2330 1791 nobis
2365 1751 2685 1795 mnascatur
2718 1742 2895 1797 luctus
2934 1754 2990 1798 et
3035 1758 3097 1797 ea
3149 1761 3310 1814 quam
3347 1746 3503 1801 alfert
3540 1763 3741 1805 conso-

2168 1826 2322 1894 latio,
2352 1828 2719 1902 iutelligenter
2752 1835 2964 1889 audies.
3013 1834 3226 1891 Etenim
3259 1850 3541 1907 postquam
3579 1842 3741 1895 hamo

2166 1920 2378 1976 cunctis
2410 1924 2527 1977 vale
2574 1924 2743 1989 dicto,
2785 1940 2875 1980 res
2920 1935 2975 1980 et
3002 1942 3132 1998 opes
3165 1932 3566 1990 abrenuntiatas
3590 1934 3741 2001 abje-

2166 2010 2259 2073 cit,
2287 2011 2439 2081 juxta
2493 2027 2851 2085 praeceptum,
2889 2033 3076 2074 curam
3131 2023 3197 2075 de
3237 2021 3357 2078 istis
3389 2038 3738 2094 supergressa

2165 2102 2370 2169 anima,
2402 2118 2723 2161 convertere
2754 2123 2814 2164 se
2838 2111 2906 2164 ad
2940 2126 3092 2165 suam
3129 2113 3297 2181 ipsius
3325 2129 3511 2169 curam
3541 2128 3736 2187 potest,
3844 2152 3851 2160 -

2166 2192 2334 2248 libera
2364 2194 2475 2263 jam
2509 2213 2541 2253 a
2592 2201 2827 2269 negatiis
2877 2201 3051 2271 ipsam
3104 2207 3348 2262 exterius
3393 2209 3740 2266 distrahenti-

2172 2285 2293 2345 bus.
2322 2285 2456 2341 Cum
2489 2298 2669 2344 autem
2699 2293 2844 2345 omni
2894 2310 3046 2348 meus
3085 2296 3328 2351 sensibili
3363 2301 3628 2369 superior,
3660 2302 3738 2358 la-

2166 2375 2371 2432 boriosi
2396 2379 2657 2435 diluvium
2705 2382 2937 2438 turbinis
2970 2385 3220 2456 despicit,
3264 2397 3317 2441 et
3348 2391 3567 2458 respicit
3598 2393 3736 2448 inte-

2165 2469 2363 2523 riorem
2423 2471 2718 2541 hominem,
2771 2476 2947 2544 primo
2992 2479 3207 2546 quidem
3263 2481 3480 2537 intuens
3519 2494 3732 2553 turpem

2164 2559 2369 2613 larvam
2414 2576 2444 2615 ι
2489 2563 2689 2618 misero
2718 2564 2871 2636 lapsu
2908 2566 3010 2621 sibi
3043 2570 3398 2637 applicatam,
3434 2573 3577 2629 luctu
3611 2592 3729 2630 eam

2164 2652 2445 2722 detergere
2503 2656 2707 2720 studet,
2763 2657 2957 2713 deinde
3004 2660 3093 2714 ubi
3138 2661 3342 2718 findunt
3403 2664 3532 2718 illud
3595 2667 3733 2723 eluit

2163 2747 2582 2811 operimentum,
2609 2757 2737 2805 tunc
2760 2749 2873 2819 jam
2912 2766 3017 2807 non
3055 2753 3219 2809 variis
3253 2755 3523 2812 habitilms
3549 2762 3732 2817 anima

2163 2833 2355 2901 ignave
2387 2835 2671 2905 distracta,
2714 2838 2766 2893 in
2801 2844 2973 2909 Ipsum
3019 2845 3294 2913 penetrale
3326 2860 3513 2900 secura
3552 2849 3732 2919 ingre-

2163 2925 2328 2989 ditur,
2352 2936 2407 2981 et
2442 2927 2494 2981 in
2533 2939 2747 2985 secreto
2780 2929 2998 2987 Patrem
3056 2946 3197 2999 orat,
3240 2946 3296 2992 et
3333 2938 3422 2994 hic
3461 2941 3532 2995 illi
3564 2958 3731 3010 capa-

488 3032 558 3086 τὰ
582 3033 758 3103 πάθη·
793 3032 888 3086 καὶ
912 3035 1086 3104 χαρᾶς
1109 3034 1208 3102 τὴν
1241 3032 1415 3104 ψυχὴν
1448 3031 1648 3103 πληροῖ
1693 3032 2061 3102 μακαριστῆς,

2166 3032 2282 3072 cem
2358 3021 2655 3088 gratiarum
2740 3025 3006 3094 gratiam,
3085 3043 3272 3096 pacem
3344 3034 3726 3101 cogitationum

488 3123 582 3176 τοῦ
622 3125 762 3178 κατὰ
818 3123 993 3177 ταῦτα
1048 3124 1220 3179 δεινοῦ
1276 3124 1474 3196 βάρους
1530 3122 1907 3188 ἀπαλλάξασα.
1963 3125 2061 3177 Διὰ

485 3217 645 3267 τοῦτο
679 3234 697 3266 ι
733 3213 1010 3285 Μακάριοι
1031 3217 1079 3268 oi
1114 3213 1456 3281 πενθοῦντες,
1484 3210 1565 3266 ὅτι
1591 3215 1742 3268 αὐτοὶ
1773 3214 2057 3285 παρακλη-

487 3306 757 3376 θήσονται.
800 3326 817 3358 ι
867 3307 1026 3376 Παρὰ
1073 3306 1131 3360 δὲ
1174 3308 1270 3376 τῆς
1301 3306 1722 3378 ,ἁκτημοσύνης,
1775 3308 1974 3360 ταυτὸν
2009 3306 2055 3360 δ’

485 3399 659 3450 εἰπεῖν
697 3397 798 3467 τῆς
847 3397 989 3450 κατὰ
1027 3397 1125 3468 τὴν
1157 3396 1499 3467 περιουσίαν,
1533 3396 1627 3451 καὶ
1655 3395 1725 3449 τὰ
1755 3398 1883 3467 περὶ
1909 3397 2059 3467 ἡμᾶς

487 3490 803 3561 ὑπάρχοντα
834 3489 1108 3559 πτωχείας
1129 3505 1142 3517 ·
1199 3488 1554 3558 συνημμένης
1590 3487 1774 3557 μέντοι
1800 3490 1866 3558 τῇ
1908 3506 2056 3541 πτω-

483 3583 606 3654 χείρ⁵
635 3582 729 3636 τοῦ
763 3582 1092 3652 πνεύματος.
1124 3579 1199 3643 ὡς
1229 3572 1493 3650 ἀνωτέρω
1515 3579 1746 3652 ἔφημεν.
1784 3579 2058 3650 Συναλλή-

482 3671 592 3735 λοις
640 3672 749 3740 γὰρ
793 3670 949 3725 ταῦθ’
1005 3669 1220 3725 ἅπαντα
1274 3670 1572 3740 τελούμενα
1621 3670 1809 3725 τέλειά
1853 3688 1912 3723 τε
1962 3671 2057 3725 καὶ

481 3764 750 3834 εὐάρεστα
776 3763 916 3834 Θεῷ.
948 3762 1102 3833 Παρὰ
1149 3761 1406 3831 τοιαύτης
1434 3762 1724 3834 τοιγαροῦν
1759 3762 2052 3831 πτωχείας,

479 3849 625 3912 ὅπως
653 3852 787 3921 ἡμῖν
838 3850 1112 3917 ἐγγίνεται
1146 3849 1207 3905 τὸ
1244 3850 1462 3915 πένθος,
1495 3852 1588 3903 καὶ
1616 3852 1650 3921 ἠ
1682 3852 1741 3903 ὲν
1768 3850 1917 3919 αὐτῷ
1946 3864 2054 3903 πα-

486 3944 764 4014 ράκλησις,
799 3945 1034 4010 συνετῶς
1065 3946 1281 3999 ἀκούων
1311 3944 1456 4019 εἴσῃ.
1496 3946 1608 3999 Καὶ
1637 3945 1746 4015 γὰρ
1778 3944 1997 3997 ἐπειδᾶν
2025 3945 2054 3997 δ

481 4034 764 4105 ἄνθρωπος
798 4037 933 4093 πᾶσι
972 4036 1186 4106 χαίρειν
1210 4034 1404 4102 εἰπὼν,
1433 4037 1547 4098 τοῖς
1570 4050 1630 4087 τε
1656 4036 1925 4105 χρήμασι,
1956 4034 2053 4093 καὶ

480 4128 593 4189 τοῖς
628 4129 903 4199 κτήμασιν
948 4126 1312 4198 άποτάξηται,
1360 4127 1538 4182 ταῦτα
1573 4128 1736 4200 ῥίψας
1762 4125 1795 4196 ἦ
1824 4125 2051 4195 σκορπί-

482 4234 602 4282 σας,
634 4219 774 4272 κατὰ
799 4218 897 4289 τὴν
926 4218 1176 4289 ἐντολήν
1212 4220 1313 4290 τῆς
1337 4216 1464 4289 περὶ
1492 4217 1631 4271 αὐτὰ
1663 4217 1932 4288 μερίμνης
1953 4217 2050 4286 τὴν

400 4364 410 4373 ,
476 4308 657 4377 ψυχὴν
684 4308 1095 4377 ἀπαναστήσας,
1145 4306 1521 4379 ἐπεστράφθαι
1555 4305 1687 4376 πρὸς
1725 4307 1822 4374 τὴν
1850 4305 2048 4372 ἑαυτῆς

2161 3108 2415 3178 largitur,
2444 3127 2549 3180 qua
2587 3124 2842 3182 matrem,
2900 3119 3274 3188 nutricemque
3307 3125 3484 3180 omnis
3514 3127 3730 3183 virtutis

2162 3200 2524 3257 humilitatem
2554 3206 2786 3272 perlicit,
2813 3222 2918 3261 non
2947 3223 3067 3263 eam
3096 3226 3212 3277 qua:
3243 3213 3495 3270 incilibus
3532 3218 3730 3287 cuique

2160 3290 2362 3343 volenti
2386 3291 2567 3347 verbis
2595 3301 2647 3346 et
2678 3292 2956 3349 habilibus
2991 3307 3223 3365 constat,
3255 3302 3345 3356 sed
3366 3320 3526 3375 quam
3554 3307 3728 3363 bonus

2158 3395 2222 3435 ac
2273 3381 2491 3437 divinus
2539 3390 2774 3439 testatur
2817 3387 3063 3454 spiritus,
3099 3397 3154 3443 et
3202 3408 3364 3460 quam
3396 3398 3538 3463 parit
3583 3401 3723 3455 idem

2156 3472 2380 3540 spiritus
2407 3473 2460 3527 in
2507 3474 2810 3533 visceribus
2861 3477 3149 3536 innovatus
3183 3481 3250 3536 ⁸⁸.
3283 3483 3425 3539 Intra
3478 3487 3575 3543 has
3612 3494 3724 3545 vir-

2155 3573 2322 3630 tutes,
2350 3565 2496 3621 velut
2546 3567 2685 3622 intra
2720 3577 2858 3625 tutos
2887 3571 3120 3638 paradisi
3152 3575 3446 3643 spiritualis
3469 3581 3721 3648 parietes,

2156 3669 2295 3709 verat
2329 3656 2674 3723 perl'eetionis
2706 3664 2866 3715 variae
2914 3662 3176 3731 pullulant
3230 3668 3477 3734 arbores,
3508 3673 3558 3725 in
3604 3675 3721 3743 ipso

2154 3756 2334 3801 autem
2385 3748 2565 3805 medio
2606 3755 2845 3824 assurgit
2891 3771 3046 3812 sacra
3094 3760 3375 3816 charitatis
3422 3765 3587 3835 regia,
3622 3784 3719 3836 pro

2153 3840 2307 3908 cujus
2362 3842 2593 3909 foribus,
2636 3843 2805 3899 futuri
2849 3850 3149 3916 pra-nuntia
3197 3855 3402 3920 saeculi,
3434 3856 3719 3913 inelIabilis

2150 3943 2206 3983 et
2260 3933 2631 3988 inamissibili‘s
2683 3936 2865 3992 lautitia
2915 3939 3093 3996 ﬂoret.
3124 3942 3258 4001 Nam
3315 3946 3493 4017 inopia
3542 3965 3720 4004 mater

2149 4033 2230 4075 est
2262 4024 2603 4090 securitatis,
2633 4029 2898 4084 securitas
2934 4043 3118 4085 autem
3160 4039 3478 4093 attentionis
3517 4052 3569 4093 et
3594 4056 3719 4095 ora-

2154 4113 2350 4177 tionis;
2391 4116 2471 4168 hat
2526 4131 2676 4181 vero,
2723 4118 2903 4174 luctus
2964 4132 3129 4192 atque
3189 4125 3375 4195 ﬂetus;
3407 4140 3458 4183 et
3498 4132 3548 4184 hi
3580 4148 3719 4200 pra:-

2150 4209 2520 4276 sumptionem
2578 4209 2795 4278 delent;
2862 4211 2962 4268 hac
3007 4223 3185 4271 autem
3253 4219 3454 4287 ablata,
3511 4222 3719 4281 facilior

2150 4300 2368 4353 virtutis
2400 4300 2483 4353 via
2512 4299 2767 4366 elﬁcitur,
2829 4304 3081 4360 obicibus
3136 4309 3203 4363 dc
3264 4312 3441 4369 medio
3469 4315 3715 4382 sublatis,

477 4398 780 4469 ἐπισκοπὴν
834 4398 1080 4469 ἐφίησιν,
1138 4398 1430 4468 ἐλευθέραν
1488 4398 1599 4450 τῶν
1650 4394 2047 4464 πραγματικῶς

2161 4400 2208 4446 et
2256 4393 2591 4450 conscientia
2653 4394 3148 4464 irreprelteusibilis
3205 4402 3262 4455 iit
3314 4419 3331 4463 :
3387 4403 3503 4461 hzcc
3550 4423 3713 4475 porro

477 4488 870 4558 περισπώντων
911 4487 1107 4552 ἔξωθεν
1140 4487 1333 4557 αὐτήν.
1396 4485 1669 4556 Ὀπηνίκα
1697 4485 1755 4537 8’.
1779 4483 1847 4537 ἂν
1874 4483 1903 4535 ό
1925 4481 2048 4545 νοῦς

476 4577 737 4648 αἰσθητοῦ
781 4578 983 4641 παντὸς
1029 4579 1337 4645 ἀπαναστῇ,
1389 4576 1486 4629 καὶ
1534 4575 1629 4627 τοῦ
1659 4571 2046 4642 κατακλυσμοῦ

475 4667 576 4736 τῆς
607 4668 736 4738 περὶ
769 4666 943 4720 ταῦτα
988 4667 1193 4738 τύρϐης
1240 4664 1520 4734 ἀνακύψῃ,
1556 4664 1651 4718 καὶ
1695 4663 2045 4734 κατοπτεύσῃ

476 4756 566 4814 τὸν
603 4763 755 4825 ἔντος
804 4760 1110 4831 ἄνθρωπον,
1140 4759 1359 4830 πρῶτον
1389 4758 1488 4827 μὲν
1511 4756 1698 4811 ἐνιδὼν
1727 4755 1786 4810 τὸ
1809 4770 2049 4827 προσγε-

476 4852 776 4922 γενημένον
807 4852 1041 4927 εἰδεχθὲς
1088 4853 1429 4922 προσωπεῖον
1456 4850 1521 4903 ἐκ
1560 4848 1660 4918 τῆς
1689 4847 1841 4903 κάτω
1884 4863 2041 4916 περι-

477 4946 814 5015 πλανήσεως.
837 4944 995 4998 τοῦτο
1020 4943 1109 4999 διὰ
1131 4942 1359 5006 πένθους
1386 4940 1755 5010 ἀπονίψασθαι
1786 4939 2004 4994 σπεύδει
2022 4951 2038 4969 ⁸

477 5036 647 5090 ἔπειτ’
680 5036 901 5089 ἐπειδὰν
935 5036 995 5089 τὸ
1026 5034 1270 5097 δυσειδὲς
1306 5032 1463 5086 τοῦτο
1492 5031 1720 5105 περιέλῃ
1753 5030 2040 5100 κάλυμμα,

474 5129 595 5181 τότε
628 5128 702 5200 μὴ
733 5129 1008 5192 ποικίλαις
1042 5127 1258 5198 σχέσεσι
1299 5128 1397 5197 τῆς
1439 5125 1618 5195 ψυχῆς
1648 5123 1888 5193 ἀγεννῶς
1921 5125 2042 5177 δια-

477 5220 790 5288 σπωμένης,
828 5220 959 5273 εἵσω
980 5219 1088 5272 τῶν
1112 5219 1281 5280 ὅντως
1319 5217 1562 5286 ταμείων
1603 5214 1894 5285 ἀταράχως
1934 5232 2040 5283 χι(-

478 5311 582 5378 ρεῖ.
619 5310 713 5363 καὶ
741 5309 820 5379 τῷ
840 5311 898 5363 ὲν
915 5307 1143 5380 κρυπτῷ
1164 5307 1339 5378 Πατρὶ
1375 5304 1738 5375 προσεύχεται
1768 5320 1782 5333 ·
1806 5303 1866 5367 ὃς
1889 5303 2039 5374 αὐτῷ

475 5402 567 5453 καὶ
598 5400 660 5455 τὸ
685 5403 987 5474 χωρητικὸν
1027 5403 1135 5455 τῶν
1164 5400 1520 5470 χαρισμάτων
1560 5398 1752 5469 δῶρον,
1800 5397 1900 5467 τὴν
1927 5395 2039 5452 τῶν

475 5488 751 5561 λογισμῶν
800 5491 1024 5562 εἰρήνην
1049 5490 1116 5544 τὰ
1151 5489 1343 5562 πρῶτα
1390 5490 1644 5561 χορηγεί’
1694 5486 1812 5558 μεθ’
1839 5484 1909 5560 ἧς
1939 5486 2036 5559 τὴν

594 5656 641 5689 ⁵⁸
685 5658 823 5713 Psal.
871 5674 923 5716 ι..

2150 4484 2457 4539 scaturinot
2520 4484 2764 4541 lzutitiam
2814 4498 2864 4543 et
2928 4489 3146 4547 beatqu
3201 4495 3395 4551 anima:
3427 4499 3614 4556 rismn.
3652 4503 3715 4556 Et

2151 4581 2277 4627 tunc
2319 4574 2567 4645 lacrymac
2614 4578 2815 4634 doloris
2850 4580 2905 4634 in
2956 4585 3275 4640 suavitatem
3331 4596 3625 4656 mutantur,
3659 4604 3716 4648 et

2149 4662 2242 4717 Dci
2283 4664 2494 4733 eloquia
2538 4667 2718 4723 dulcia
2787 4672 2994 4739 gutturi
3043 4690 3207 4743 super
3270 4678 3373 4732 mel
3413 4679 3493 4733 ori
3550 4680 3710 4750 ﬁunt,

2145 4757 2486 4811 etorationis
2511 4758 2827 4830 clliagitatio
2859 4763 2915 4817 in
2946 4765 3243 4831 gratiarum
3273 4771 3542 4825 actionem
3580 4791 3714 4830 con—

2147 4851 2397 4912 vertitur,
2466 4860 2519 4904 et
2570 4852 2851 4909 meditatio
2900 4856 3208 4913 divinorum
3271 4861 3707 4922 tcsumouiormu

2148 4940 2439 4995 exsultatio
2468 4945 2646 4999 cordis
2671 4957 2773 5010 est,
2796 4960 2915 4998 cum
2938 4960 3032 5015 Spe
3050 4964 3169 5017 qua:
3196 4965 3300 5004 non
3333 4953 3616 5012 confundit
3643 4959 3714 5028 ⁸⁵,

2148 5039 2204 5082 ct
2232 5046 2352 5101 qua:
2403 5033 2509 5087 illis
2549 5035 2700 5103 quasi
2760 5038 3020 5106 pratludio
3084 5040 3267 5096 libatis
3314 5052 3368 5097 et
3399 5044 3709 5115 huiusmodi

2147 5124 2480 5186 experientia
2513 5128 2856 5191 praegustatis
2896 5129 3179 5183 adltmrens
3208 5135 3711 5202 superabundantes

2146 5220 2428 5268 sanitatis
2480 5217 2696 5271 divitias
2739 5218 2935 5287 partim
2984 5220 3168 5287 discit,
3212 5225 3351 5277 sicut
3384 5226 3584 5281 dicitur
3607 5229 3652 5260 ⁸⁸
3691 5245 3706 5283 ι

2152 5320 2171 5353 ι
2213 5301 2435 5358 Gustate
2480 5312 2533 5358 et
2567 5307 2744 5362 videte
2771 5311 3025 5378 quoniam
3047 5312 3230 5369 suavis
3256 5329 3340 5373 est
3368 5318 3643 5386 Dominus,
3681 5338 3707 5378 ι

2150 5410 2344 5463 nempe
2374 5399 2637 5453 exultatio
2663 5401 2959 5471 iustorum,
2998 5415 3264 5461 rectorum
3294 5410 3499 5476 la-titia,
3531 5413 3712 5469 humi-

2143 5487 2273 5543 lium
2310 5490 2536 5558 deliciis.
2570 5504 2624 5547 ct
2653 5498 2959 5554 consolatio
3006 5500 3285 5572 humiliter
3312 5502 3633 5574 lugentium.
3675 5551 3689 5565 .
