4146 6308
537 211 676 276 1079

1814 219 1857 279 G.
1877 219 2204 283 REGORII
2259 224 2449 284 PALA
2463 225 2510 282 Μ
2529 222 2580 284 ,Ε

3636 213 3779 277 1080

602 326 741 394 Quid
775 327 983 398 igitur?
1009 327 1149 384 Num
1180 329 1286 384 huc
1317 345 1486 399 usque
1522 340 1728 384 tantum
1764 333 2109 387 consolatio?

2215 324 2537 394 γεννητικὴν
2603 339 2662 375 τε
2743 322 2837 376 καὶ
2909 320 3231 391 συνεκτικὴν
3292 319 3512 389 ἀπάσης
3571 319 3775 388 ἀρετῆς

533 421 771 484 lueccine
803 423 918 476 sola
970 422 1114 476 sacri
1177 423 1270 478 dos
1331 423 1608 491 coniugii?
1642 422 1749 477 Nec
1789 423 2012 493 majoris
2045 441 2105 481 se

535 512 788 579 puritatis
818 515 1062 567 datorem
1102 513 1307 582 prtebet
1346 514 1558 568 illarum
1595 517 1901 568 animarum
1938 530 2106 583 spon-

532 620 624 658 sus
651 605 715 658 iis
753 605 844 672 qui
881 606 1214 660 sunt'beato
1264 607 1407 658 luctu
1458 603 1704 673 perfecti,
1755 605 2108 675 mundatique

531 707 587 750 ct
643 697 936 752 virtutibus
998 705 1056 750 ut
1124 710 1324 766 sponsa
1380 697 1604 750 ornati?
1643 694 1761 750 Non
1808 698 1886 752 sic
1918 709 1933 752 :
1964 711 2109 752 nunc

532 791 678 843 cnim
719 804 818 844 nos
851 790 1025 858 parati
1072 803 1260 842 sumus
1298 792 1364 842 ad
1401 789 1853 858 vituperationem
1915 804 2106 842 eorum

532 882 621 944 qui
672 883 736 934 ad
786 896 883 936 nos
917 880 1104 935 dicmtt
1135 895 1151 934 :
1186 877 1264 934 Ne
1311 881 1604 949 prophetes
1652 880 1706 932 in
1754 881 1971 934 nomine
1998 879 2106 934 Do-

534 975 702 1038 mini;
733 988 912 1036 secus,
957 972 1312 1042 projiciemus
1351 988 1546 1028 nomen
1595 982 1746 1026 tuum
1779 982 1836 1026 ut
1882 973 2107 1041 malum,

2203 417 2403 470 τελειοῖ
2469 415 2792 470 ταπείνωσιν
2826 414 2932 467 ὀὗ
2996 419 3106 478 τοῖς
3186 413 3472 480 ἀνυσίμοις
3535 413 3776 483 εὐχερῶς

2204 510 2280 580 τῷ
2338 509 2646 578 βουλομένῳ
2705 507 2913 577 ῥήμασί
2986 525 3045 558 τε
3111 506 3204 559 καὶ
3287 508 3535 575 σχήμασι
3595 523 3779 558 συνισ-

2204 602 2468 671 ταμένην,
2526 600 2663 653 ἀλλά
2709 600 2807 668 τὴν
2874 597 2979 650 ὑπὸ
3031 599 3124 650 τοῦ
3208 599 3418 665 ἀγαθοῦ
3477 599 3575 651 καὶ
3629 599 3780 651 θείου

2205 693 2524 760 Πνεύματος
2612 689 3073 762 μαρτυρουμένην
3120 706 3135 722 ο
3222 691 3288 759 ἢν
3372 690 3506 744 αὐτὸ
3601 691 3781 754 κτίζει

2202 786 2262 839 τὸ
2317 787 2544 854 Πνεῦμα
2609 786 2721 846 τοῖς
2784 783 3038 851 ἐγκάτοις
3115 783 3586 852 ἐγκαινιζόμενον.
3686 785 3781 834 Ἐν

2201 878 2266 948 δὴ
2319 879 2566 941 ταύταις,
2639 877 2947 946 ὥσπερέν
3010 875 3245 944 ἀσφαλεῖ
3307 875 3783 946 περιτειχίσματι,

2200 969 2293 1024 τοῦ
2368 970 2510 1024 κατά
2583 970 2708 1022 νοῦν
2786 969 3138 1039 παραδείσου,
3219 970 3288 1021 τὰ
3363 970 3462 1039 τῆς
3542 967 3784 1038 ἀληθοῦς

475 1084 506 1092 -
542 1066 886 1119 mendacium
918 1074 973 1119 et
1010 1065 1310 1118 calumnias
1340 1073 1526 1118 contra
1562 1073 1612 1118 te
1647 1072 2030 1133 componentes
2055 1073 2110 1120 et

2215 1063 2405 1132 ξρετῆς
2485 1061 2808 1116 παντοδαπά
2879 1061 3071 1132 δένδρα
3147 1061 3389 1132 φύεται·
3459 1062 3784 1131 μεσαιτάτω

531 1157 941 1226 prophetantes.
2198 1151 2246 1204 δ’
2294 1151 2773 1236 ἀνεγείρεταιφξά
2831 1151 2930 1219 τῆς
3007 1152 3233 1220 ἀγάπης
3293 1151 3417 1221 ίερά
3475 1152 3729 1221 βασίλεια
3764 1168 3780 1185 ο

530 1251 734 1304 τούτων
763 1249 807 1302 δ’
843 1250 900 1301 ἐν
954 1246 1268 1319 προθύροις,
1298 1246 1358 1298 τὸ
1421 1245 1710 1314 προοίμιον
1739 1243 1835 1297 τοῦ
1879 1242 2176 1312 μέλλοντος
2211 1242 2429 1310 αἰῶνος,
2464 1242 2496 1312 ἡ
2553 1237 2918 1310 ἀνεκλάλητός
2967 1254 3026 1292 τε
3081 1237 3176 1292 καὶ
3224 1239 3590 1308 ἀναφαίρετος
3631 1239 3783 1294 ἀνθεῖ

522 1349 714 1419 χαρά·
753 1349 938 1418 μήτηρ
996 1348 1102 1416 γὰρ
1152 1345 1510 1416 ἀκτημοσύνη
1549 1343 1649 1413 μὲν
1684 1343 2022 1412 ἀμεριμνίας
2049 1358 2064 1374 ο
2107 1339 2417 1414 ἀμεριμνία
2445 1339 2502 1393 δὲ
2557 1338 2833 1411 προσοχῆς
2883 1338 2979 1391 καὶ
3031 1335 3378 1406 προσευχῆςο
3413 1336 3468 1389 at
3519 1336 3599 1399 δὲ,
3652 1337 3784 1389 πέν-

529 1445 659 1504 θους
697 1441 790 1493 καὶ
818 1439 1070 1509 δακρύων
1093 1455 1105 1469 ο
1137 1437 1311 1492 ταῦτα
1341 1435 1398 1488 δὲ
1437 1436 1537 1498 τάς
1570 1433 1870 1505 προλήψεις
1917 1433 2216 1503 ἀπαλείφει
2237 1450 2252 1466 ο
2283 1431 2490 1486 τούτων
2521 1431 2578 1486 δὲ
2624 1427 3106 1497 ἀποδεὸλημένων,
3147 1429 3292 1500 ῥᾴων
3339 1429 3372 1497 ἡ
3407 1427 3528 1481 κατ’
3587 1428 3784 1500 ἀρετὴν

531 1538 649 1598 ὁδὸς
682 1537 920 1589 τελεῖται
950 1535 1058 1588 τῶν
1085 1531 1540 1602 προσισταμένων
1569 1532 1632 1582 ἐκ
1664 1531 1832 1600 μέσου
1885 1530 2213 1599 γεγονότων,
2249 1527 2346 1582 καὶ
2379 1527 2621 1588 συνειδὸς
2649 1525 3078 1592 ἀκατάγνωστον
3105 1520 3482 1609 προσγίνξτιι.
3515 1521 3706 1575 Ταῦτα
3736 1523 3785 1574 δέ

534 1634 774 1704 πηγάζει
841 1632 944 1703 τὴν
999 1633 1207 1700 χαρὰν,
1265 1629 1360 1682 καὶ
1421 1629 1512 1681 τὸν
1579 1627 1680 1696 τῆς
1732 1627 1911 1697 ψυχῆς
1983 1626 2255 1698 μακάριον
2313 1624 2543 1694 γέλωτα.
2611 1621 2746 1677 Τότε
2803 1620 2866 1690 δὴ
2925 1621 3021 1674 καὶ
3074 1619 3136 1672 τὸ
3188 1619 3499 1674 κατὼδυνον
3550 1619 3785 1686 δάκρυον

531 1730 612 1790 είς
681 1727 776 1796 ἡδὺ
854 1727 1274 1795 μεταποιεῖται,
1340 1723 1434 1774 καὶ
1512 1723 1582 1774 τά
1643 1722 1802 1788 λόγια
1860 1721 1955 1774 τοῦ
2023 1719 2160 1774 Θεοῦ
2220 1719 2296 1782 ὡς
2363 1719 2572 1787 γλυκέα
2637 1716 2716 1785 τῷ
2779 1715 3056 1786 λάρυγγι,
3125 1714 3222 1768 καὶ
3295 1713 3438 1784 ὑπὲρ
3512 1711 3637 1782 μέλι
3713 1711 3785 1781 τῷ

534 1824 763 1892 στόματι
812 1821 1050 1888 γίνεται,
1109 1821 1201 1871 καὶ
1249 1819 1282 1887 ἡ
1334 1817 1393 1868 ἐν
1440 1817 1718 1887 προσευχῇ
1774 1815 1995 1885 δέησις,
2051 1815 2133 1877 είς
2183 1813 2542 1884 εὐχαριστίαν
2606 1810 3124 1881 μετασκευάζεται,
3178 1811 3273 1863 καὶ
3317 1811 3350 1879 ή
3419 1809 3621 1880 μελέτη
3680 1808 3785 1860 τῶν

532 1919 692 1970 θείων
747 1914 1097 1986 μαρτυρίων,
1155 1912 1505 1984 ἀγγαλλίαμα
1557 1913 1661 1982 τῆς
1720 1911 1946 1981 καρδίας
1997 1910 2141 1975 ἐστὶ,
2195 1907 2314 1978 μετ’
2363 1907 2580 1970 ἐλπίδος
2624 1905 3096 1974 ἀκαταισχύντου,
3156 1903 3252 1955 καὶ
3297 1897 3409 1956 οἷον
3465 1899 3785 1971 ὑφεστώσης

530 2019 589 2067 ὲν
638 2013 927 2084 προοιμίου
978 2011 1184 2083 μοίρᾳ,
1251 2013 1316 2081 τῇ
1369 2011 1464 2081 τοῦ
1515 2011 1795 2080 γεύματος
1852 2007 2026 2077 ταύτῃ
2070 2005 2238 2075 πείρᾳ
2293 2004 2739 2076 προσομιλούσης
2795 2003 3015 2065 αὐτοῖς,
3083 2002 3181 2054 καὶ
3234 1999 3326 2053 τὸν
3376 1996 3785 2068 ὑπερϐάλλοντα

532 2107 767 2159 πλοῦτον
794 2105 896 2174 τῆς
931 2105 1300 2175 χρηστότητος
1335 2101 1719 2170 μανθανούσης
1745 2103 1810 2153 ἐκ
1841 2100 2060 2170 μέρους⁸
2103 2099 2244 2151 κατά
2265 2097 2356 2149 τὸν
2391 2099 2617 2164 λέγοντα
2645 2112 2661 2128 ·
2696 2116 2714 2148 ι
2751 2095 3028 2164 Γεύσασθε
3069 2095 3166 2148 καὶ
3191 2091 3351 2154 ἴδετε,
3381 2092 3462 2144 ὅτι
3492 2091 3726 2160 χρηστὸς
3759 2093 3785 2142 ό

532 2206 737 2274 Κύριος
762 2219 776 2234 ⁶
816 2221 834 2253 ι
870 2202 930 2254 τὸ
973 2200 1292 2268 ἀγαλλίαμα
1341 2197 1450 2250 τῶν
1502 2197 1750 2261 δικαίων,
1783 2199 1814 2266 ἡ
1845 2197 1990 2266 χαρὰ
2043 2195 2152 2247 τῶν
2208 2195 2435 2258 εὐθέων,
2479 2197 2510 2264 ἡ
2540 2193 2780 2264 θυμηδία
2827 2191 2936 2246 τῶν
2969 2187 3487 2258 τεταπεινωμένων,
3517 2186 3550 2256 ἡ
3583 2185 3692 2238 τῶν
3714 2181 3784 2237 δι’

531 2299 698 2353 αὐτὸν
728 2295 1068 2350 πενθούντων
1099 2291 1472 2362 παράκλησις.
1502 2291 1567 2341 Τί
1595 2288 1688 2343 οὖν
1716 2305 1732 2356 ;
1765 2289 1928 2359 μέχρι
1953 2288 2144 2340 τούτου
2185 2288 2256 2340 ea;
2283 2289 2376 2357 τῆς
2413 2289 2838 2357 παρακλήσεως,
2874 2285 2972 2338 καὶ
3004 2283 3177 2336 ταῦτα
3217 2282 3355 2350 μόνα
3383 2279 3452 2331 τά
3490 2279 3588 2347 τῆς
3631 2279 3784 2349 ἱερᾶς

535 2392 828 2463 μνηστείας
860 2391 1030 2460 δῶρα,
1082 2389 1177 2441 καὶ
1237 2387 1620 2457 καθαρώτερον
1655 2386 1863 2438 τούτων
1890 2385 2150 2452 οὐδαμῶς
2193 2384 2483 2454 ἐμφανίζει
2517 2382 2736 2448 ἑαυτὸν,
2796 2385 2912 2443 τοῖς
2942 2379 3032 2433 διὰ
3059 2377 3181 2431 τοῦ
3219 2374 3495 2447 μακαρίου
3551 2372 3779 2435 πένθους

527 2490 901 2560 τελουμένοις,
935 2485 1366 2554 καθηραμένοις,
1391 2484 1486 2535 καὶ
1535 2483 1622 2535 διά
1653 2481 1759 2534 τῶν
1796 2481 2013 2552 ἀρετῶν
2057 2481 2414 2550 ἐσταλμένοις
2445 2477 2754 2554 νυμφικῶς,
2783 2480 2811 2530 ὁ
2839 2477 2950 2530 τῶν
2983 2476 3242 2529 τοιούτων
3294 2470 3482 2540 ψυχῶν
3515 2468 3777 2536 νυμφίος;

531 2587 810 2656 υὺμενοῦν
830 2599 841 2614 ·
878 2583 970 2636 καὶ
1002 2582 1097 2634 νῦν
1129 2582 1236 2649 γὰρ
1267 2580 1430 2648 ἡμεῖς
1455 2577 1564 2630 τῶν
1596 2577 1830 2645 ἑτοίμων
1864 2579 1943 2638 είς
1975 2577 2316 2647 κατηγορίαν
2351 2575 2458 2630 ὑπὸ
2491 2574 2793 2645 βασκανίας
2831 2576 2925 2632 καὶ
2947 2573 3111 2626 οἱονεὶ
3131 2571 3402 2642 λεγόντων
3432 2565 3567 2636 πρὸς
3590 2565 3740 2633 ἡμᾶς
3762 2581 3776 2598 ⁸

531 2680 605 2730 Οὐ
650 2677 724 2748 μὴ
748 2677 987 2748 λαλήσης
1021 2674 1115 2726 ἐπὶ
1146 2672 1222 2740 τῷ
1245 2673 1468 2740 ὀνόματι
1503 2670 1707 2738 Κυρίου
1733 2685 1747 2700 ⁶
1778 2670 1827 2721 εί
1856 2668 1908 2720 δὲ
1947 2671 2044 2740 μὴ,
2076 2668 2420 2738 ἐκδαλοίμέν
2453 2684 2547 2722 σου
2573 2668 2634 2724 τὸ
2665 2668 2839 2739 ὄνομα
2869 2666 2943 2731 ὡς
2968 2666 3229 2736 πονηρὸν,
3285 2658 3656 2730 συκοφαντίας
3684 2656 3780 2708 καὶ

529 2772 899 2846 ψευδηγορίᾳς
930 2770 1071 2831 κατὰ
1103 2768 1195 2824 σοῦ
1230 2765 1572 2828 συντιθέντες
1601 2765 1695 2817 καὶ
1727 2764 2078 2832 φημίζοντες.

608 2878 729 2924 Islls
753 2875 932 2924 autem
960 2880 1104 2918 nunc
1129 2867 1533 2936 praetermissis,
1557 2867 1787 2921 ulterius
1805 2882 2114 2921 sermonem

2285 2863 2503 2932 Τούτων
2562 2876 2764 2939 τοίνυν,
2816 2874 2911 2928 καὶ
2963 2873 3024 2925 τὸ
3081 2873 3180 2928 νῦν
3227 2875 3370 2944 ἔχον,
3421 2875 3787 2944 ἀλογήσαντες

534 2959 924 3030 producamus,
971 2963 1284 3009 sanctorum
1336 2955 1560 3010 Patrum
1611 2955 1770 3010 eﬂata
1809 2959 2116 3020 credentes,

2216 2969 2400 3038 ἡμεῖς,
2458 2966 2767 3035 περαιτέρω
2822 2963 3155 3034 προάγωμεν
3192 2964 3282 3016 τὸν
3341 2964 3520 3032 λόγον,
3567 2965 3638 3016 τά
3677 2966 3785 3018 τῶν

537 3055 805 3114 dicentes,
845 3051 1288 3118 instruentesque
1341 3059 1392 3102 et
1420 3048 1543 3102 aliis
1593 3049 1912 3113 suadentes,
1963 3063 2114 3115 nam,

2216 3063 2389 3127 ἁγίων
2414 3059 2567 3128 ἡμῶν
2625 3058 2887 3128 Πατέρων
2928 3057 3021 3110 καὶ
3060 3058 3428 3124 πιστεύοντες,
3477 3060 3571 3113 καὶ
3599 3059 3784 3127 λέγον-

539 3155 599 3201 υι
641 3143 999 3216 aitprOpheta
1030 3142 1072 3174 ⁸⁸
1107 3159 1120 3196 :
1163 3161 1182 3194 ι
1208 3142 1444 3207 Credidi,
1490 3150 1709 3211 propter
1734 3143 1872 3210 quod
1909 3141 2118 3199 locutus

539 3251 695 3302 sum;
727 3253 744 3284 ι
787 3243 842 3288 et
873 3248 973 3288 nos
1007 3232 1136 3299 quia
1169 3233 1464 3296 credimus,
1505 3233 1625 3286 ideo
1653 3231 1946 3302 loquimur.
1979 3233 2117 3290 Cum

542 3330 688 3382 cnim
725 3336 922 3381 cuncta
958 3324 1132 3393 turpis
1168 3323 1347 3392 passio
1378 3324 1446 3378 ab
1482 3327 1628 3377 intus
1657 3326 1880 3393 expulsa
1916 3336 2018 3390 est,
2063 3333 2120 3380 et

544 3435 719 3484 mens,
753 3428 809 3471 ut
834 3419 1078 3473 anterior
1116 3417 1352 3470 ostendit
1382 3430 1584 3482 sermo,
1616 3419 1680 3470 ad
1723 3432 1782 3475 se
1823 3428 1876 3472 et
1915 3427 2120 3478 semet-

545 3515 714 3581 ipsam
750 3521 804 3564 et
847 3511 983 3563 alias
1011 3509 1207 3562 auium
1241 3510 1514 3578 potentias
1545 3520 1867 3564 convertens
1907 3525 2118 3577 omnes,

544 3603 758 3657 cultura
800 3602 1062 3654 virtutum
1106 3599 1344 3654 animam
1375 3600 1687 3666 decoravit;
1721 3602 1787 3655 ad
1827 3603 2122 3670 perfectius

544 3695 866 3762 procedens,
891 3703 941 3745 et
961 3691 1228 3760 practicas
1246 3692 1422 3746 adhuc
1443 3694 1790 3748 ascensioues
1807 3696 2120 3765 disponens,

545 3786 881 3854 ctamplius,
931 3784 1229 3840 auxiliante
1277 3784 1408 3850 Deo,
1457 3801 1517 3840 se
1565 3788 1776 3854 lavaris,
1810 3805 1915 3842 non
1945 3791 2122 3847 solum

551 3879 674 3932 mali
704 3879 890 3932 sordes
921 3876 1176 3945 detergit,
1207 3877 1304 3932 sed
1326 3893 1489 3934 onme
1521 3880 1877 3936 adventitium
1909 3883 1975 3937 de
2011 3900 2125 3937 nte-

2215 3169 2325 3214 τες,
2364 3153 2457 3203 καὶ
2498 3149 2633 3219 πρὸς
2681 3149 2864 3201 ἐκεῖνα
2919 3146 3229 3217 βλέποντες,
3277 3149 3376 3203 καὶ
3431 3151 3558 3213 τοὺς
3596 3150 3786 3213 ἄλλους

2217 3242 2518 3303 πείθοντες.
2561 3259 2579 3289 ι
2604 3238 2929 3294 Ἐπίστευσα
2979 3237 3109 3307 γὰρ,
3143 3238 3300 3306 φησὶ,
3329 3238 3408 3292 διὸ
3457 3239 3694 3308 ἐλάλησα
3718 3259 3731 3271 ο
3760 3261 3778 3294 ι

2219 3332 2314 3388 καὶ
2345 3334 2502 3402 ἡμεῖς
2531 3330 2881 3399 πιστεύομεν,
2913 3329 2992 3381 διὸ
3023 3329 3116 3381 καὶ
3141 3328 3430 3398 λαλοῦμεν.
3471 3331 3641 3384 Ὅταν
3680 3335 3786 3402 γὰρ

2220 3425 2364 3478 ἆπαν
2409 3420 2632 3491 αἰσχρὸν
2664 3419 2834 3481 πάθος
2880 3421 3086 3474 ἕνοικον
3126 3420 3396 3493 ἀπελαθῇ,
3431 3423 3523 3474 καὶ
3565 3424 3594 3474 ό
3641 3423 3783 3488 νοῦς,

2215 3515 2292 3578 ὡς
2340 3515 2440 3586 ἤδη
2494 3514 2702 3582 φθάσας
2761 3512 3029 3581 ἐδήλωσεν
3059 3513 3086 3564 ό
3140 3512 3317 3580 λόγος,
3350 3513 3513 3576 αὑτός
3552 3531 3612 3568 τε
3656 3517 3787 3584 πρὸς

2220 3607 2433 3670 ἐαυτὸν,
2469 3606 2563 3658 καὶ
2594 3606 2692 3666 τὰς
2722 3603 2884 3667 ἄλλας
2913 3605 3014 3673 τῆς
3045 3603 3220 3675 ψυχῆς
3247 3604 3506 3676 δυνάμεις
3540 3607 3790 3678 ἐπιστρέ-

2221 3701 2324 3770 ψας
2353 3697 2683 3769 ὁλοκλήρως,
2708 3699 2774 3764 τῇ
2796 3695 3039 3766 γεωργίᾳ
3068 3697 3174 3747 τῶν
3205 3696 3417 3766 ἀρετῶν
3455 3698 3787 3770 φιλοκαλήσῃ

2222 3795 2319 3863 τὴν
2341 3791 2519 3862 ψυχὴν
2554 3787 2759 3860 προῖὼν
2793 3789 2884 3840 ἐπὶ
2921 3788 2981 3841 τδ
3025 3787 3366 3858 τελεώτερον,
3418 3790 3513 3842 καὶ
3558 3807 3786 3859 πρακτι-

2225 3885 2324 3949 κάς
2356 3883 2430 3934 ἔτ’
2459 3881 2747 3943 ἀναϐάσεις
2773 3880 3166 3948 διατιθέμενος,
3193 3881 3286 3934 καὶ
3321 3882 3413 3934 ἐπὶ
3452 3879 3634 3942 πλέον,
3656 3877 3785 3931 Θεοῦ

547 3973 637 4029 dio
671 3970 828 4031 tollit,
861 3971 1074 4024 etiamsi
1109 3969 1239 4024 utile
1270 3971 1339 4024 sit
1382 3988 1637 4042 possessu
1676 3990 1738 4027 ac
1764 3976 2022 4044 cogitatu.
2062 3975 2122 4029 Et

2226 3974 2638 4040 συναιρομένου,
2676 3971 2886 4024 πλύνων
2921 3972 3140 4024 ἑαυτόν·
3193 3972 3250 4022 ού
3283 3971 3351 4024 τὰ
3392 3971 3488 4024 τοῦ
3553 3968 3784 4042 πονηροῦ

548 4081 671 4116 cum
710 4063 1066 4134 intelligiltilia
1101 4074 1156 4117 et
1207 4080 1315 4121 nou
1364 4066 1660 4120 invisibiles
1710 4070 1773 4122 de
1805 4072 1888 4122 liis
1923 4073 2122 4138 cogita-

2223 4083 2380 4151 μόνον
2425 4083 2734 4151 αποσμήχει
2795 4081 3098 4151 κόμματος,
3153 4083 3288 4134 ἀλλά
3340 4085 3448 4135 πᾶν
3497 4085 3782 4152 ἐπίκτητον

555 4154 733 4210 tiones
757 4169 1144 4223 supergressus
1170 4156 1386 4212 animus
1407 4196 1420 4219 ,
1455 4165 1511 4213 et
1541 4159 1722 4210 nuntia
1754 4158 2030 4226 deponens
2061 4176 2122 4212 cx

2221 4176 2284 4225 ἐκ
2319 4174 2481 4242 μέσου
2517 4176 2774 4237 ποιεῖται,
2809 4172 2912 4224 κᾶν
2960 4173 3057 4241 τῆς
3109 4173 3476 4243 χρηστοτέρας
3595 4176 3780 4243 μοίρας

552 4245 644 4302 Dei
697 4260 886 4299 umore
934 4256 988 4299 et
1045 4257 1266 4317 propter
1316 4246 1410 4302 Dei
1480 4265 1754 4314 amorem,
1807 4252 2006 4306 surdus
2076 4263 2122 4306 et

2222 4267 2314 4316 καὶ
2346 4264 2588 4324 διανοίας
2613 4279 2626 4294 ·
2657 4263 2820 4333 ήνίκα
2848 4263 2911 4332 δὴ
2945 4263 3173 4329 νοητῶν,
3212 4266 3305 4316 καὶ
3351 4264 3460 4316 τῶν
3489 4267 3589 4318 οὐκ
3616 4268 3784 4335 ἀφαν-

555 4349 758 4400 minus,
800 4348 856 4391 ut
880 4340 1142 4408 scriptum
1180 4349 1283 4402 est,
1332 4339 1444 4394 Deo
1490 4343 1696 4408 astitit;
1732 4354 1857 4397 tunc
1887 4358 1985 4411 pro
2017 4361 2122 4400 tua-

2230 4357 2432 4406 τάστων
2491 4354 2618 4423 περὶ
2674 4353 2848 4406 ταῦτα
2903 4356 3188 4424 νοημάτων
3271 4357 3638 4427 ὑπεραναϐἀς,
3701 4358 3783 4410 καὶ

554 4431 690 4482 tcria
723 4430 975 4490 habetur,
1000 4440 1053 4482 et
1081 4446 1334 4499 supremo
1366 4432 1627 4500 plasmate
1667 4434 2041 4490 conformatur
2074 4440 2122 4492 in

2223 4450 2398 4502 πάντα
2453 4444 2712 4513 θεοφιλῶς
2767 4445 2904 4514 ὁμοῦ
2955 4447 3052 4500 καὶ
3119 4447 3380 4515 φιλοθέως
3431 4448 3783 4518 ἀποθέμενος,

555 4520 702 4574 muni
758 4522 1075 4584 securitate,
1127 4523 1252 4589 quia
1305 4524 1440 4582 nihil
1495 4527 1741 4582 exterius
1789 4529 1857 4584 ad
1903 4529 2122 4599 januatn

2226 4539 2402 4607 κωφός
2444 4553 2502 4588 τε
2545 4536 2640 4588 καλν
2686 4536 2903 4600 ᾶλαλος,
2933 4538 3073 4591 κατά
3119 4539 3179 4589 τὸ
3236 4540 3645 4608 γεγραμμένον,
3683 4557 3782 4591 παο

557 4615 762 4687 pulsat,
793 4613 889 4668 sed
943 4614 1169 4668 interior
1217 4617 1391 4684 gratia
1436 4619 1488 4671 iu
1542 4621 1734 4676 melius
1769 4623 2048 4687 reformat.
2080 4635 2135 4680 ct

559 4705 822 4764 inell‘abili
879 4707 1072 4778 vixque
1137 4711 1386 4762 credibili
1450 4711 1574 4767 luce
1631 4715 1824 4770 intima
1859 4720 2130 4788 illustrat,

558 4810 722 4868 atque
776 4799 1090 4859 interiorem
1147 4804 1359 4872 perlicit
1406 4802 1701 4860 hominem.
1753 4809 1815 4864 Et
1861 4828 1983 4864 cum
2019 4814 2135 4867 dies

557 4891 820 4944 elucescit
850 4902 903 4944 et
933 4891 1129 4946 luciler
1153 4907 1306 4947 ortus
1337 4907 1420 4950 est
1455 4899 1507 4950 in
1532 4902 1785 4954 cordibus
1820 4909 2040 4968 nostris,
2077 4918 2134 4960 ut

557 4984 632 5036 ait
665 4984 918 5052 princeps
963 4987 1332 5052 apostolorum
1390 4989 1460 5056 ⁸³,
1519 4993 1629 5047 exit
1676 5010 1838 5047 verus
1874 4999 2037 5050 homo
2066 5001 2132 5051 ad

561 5092 741 5129 verum
772 5092 906 5144 opus
949 5094 1128 5144 suum,
1160 5090 1218 5134 ut
1265 5083 1447 5150 psallit
1501 5089 1764 5155 propheta
1808 5088 1874 5153 ⁸³,
1913 5101 1968 5143 et
2016 5092 2134 5146 luce

562 5178 716 5220 utens
740 5172 1004 5234 ascendit,
1056 5181 1111 5226 et
1150 5176 1398 5230 educitur
1445 5179 1497 5236 in
1550 5190 1765 5235 montes
1797 5190 2053 5249 aeternos,
2085 5196 2140 5240 et

560 5259 859 5313 (celestiuut
911 5278 1091 5318 rerum
1140 5267 1193 5320 in
1247 5269 1344 5323 hoc
1378 5270 1580 5326 lumine
1606 5272 1659 5336 (ο
1691 5287 1776 5330 res
1814 5277 2138 5349 mirabilis!)

560 5354 868 5419 speculator
900 5354 976 5418 lit,
1007 5372 1111 5411 non
1143 5360 1446 5428 disiunctus
1497 5376 1590 5420 aut
1620 5381 1903 5438 separatus
1946 5391 1971 5424 a
2019 5390 2134 5426 rna-

535 5445 694 5537 dcriu
729 5446 780 5498 in
837 5450 1125 5519 principio,
1189 5455 1254 5506 ad
1324 5470 1487 5512 cnam
1547 5462 1694 5518 ducit
1739 5465 1830 5520 illa
1867 5468 2131 5526 via:nou

2227 4633 2394 4704 ραστῇ
2421 4629 2558 4699 Θεῷ,
2612 4629 2907 4698 τηνικαῦτα
2933 4629 3088 4695 λόγον
3136 4630 3267 4700 ’ύλης
3296 4631 3457 4701 ἴσχει,
3499 4633 3594 4685 καὶ
3626 4630 3786 4684 πλάτ-

2231 4742 2373 4779 τεται
2416 4722 2516 4792 τὴν
2560 4721 2820 4774 ἀνωτάτω
2846 4721 3044 4774 πλάσιν
3083 4723 3175 4774 ἐπὶ
3215 4724 3396 4791 πάσης
3441 4723 3656 4786 ἀδείας·
3689 4723 3777 4775 ἅτε

2231 4820 2459 4888 μηδενὸς
2510 4818 2620 4871 τῶν
2678 4817 2915 4888 θύραθεν
2968 4817 3436 4887 θυροκοποῦντος·
3493 4821 3594 4889 τῆς
3647 4819 3786 4880 ἐντὸς

2216 4913 2437 4980 χάριτος
2485 4910 2578 4962 ἐπὶ
2629 4910 2689 4961 τὸ
2755 4913 2998 4979 κρεῖττον
3055 4908 3644 4980 μεταρρυθμιζούσης,
3702 4903 3788 4962 καὶ

2217 5004 2542 5073 ἀπορρήτῳ,
2579 5003 2640 5054 τὸ
2671 5002 3124 5072 παραδοξότατον,
3159 5002 3298 5068 φωτὶ⁵
3327 4999 3786 5070 καταλαμπούσης

2219 5096 2284 5147 τὰ
2317 5095 2482 5158 ἔνδον,
2516 5095 2608 5147 καὶ
2643 5094 2952 5162 τελειούσης
2989 5093 3080 5145 τὸν
3109 5093 3258 5154 ἐντὸς
3297 5093 3585 5161 ἄνθρωπον
3608 5109 3625 5123 ·
3657 5091 3786 5161 ήμέο

2223 5203 2320 5255 ρας
2346 5184 2400 5237 δὲ
2445 5184 2838 5252 διαυγασάσης,
2887 5185 2979 5236 καὶ
3007 5182 3296 5252 φωσφόρου
3323 5183 3702 5244 ἀνατείλαντος
3733 5181 3785 5232 ἐν

2221 5278 2338 5336 ταῖς
2364 5275 2612 5342 καρδίαις
2647 5276 2825 5344 ἡμῶν,
2858 5275 3000 5331 κατά
3033 5274 3123 5327 τὸν
3181 5273 3238 5326 ἐν
3279 5273 3600 5336 ἀποστόλοις
3628 5288 3784 5342 κορυ-

2224 5369 2401 5434 φαῖον,
2451 5365 2615 5432 ἔξεισι
2647 5366 2789 5418 κατά
2843 5367 2904 5419 τὸ
2952 5367 3291 5436 προφητικὸν
3336 5367 3515 5417 ἐκεῖνο
3543 5360 3786 5432 lenone

2223 5458 2391 5521 ὅντως
2440 5457 2746 5526 ἄνθρωπος,
2803 5459 2898 5511 ἐπὶ
2949 5459 3046 5527 τὴν
3085 5459 3255 5522 ὅντως
3297 5458 3560 5527 ἐργασίαν
3606 5450 3782 5516 αὑτοῦ,

671 5608 710 5636 δ’
753 5606 908 5663 Rom.
969 5629 1020 5676 v,
1080 5615 1131 5668 5.
1207 5616 1248 5644 ‘“
1291 5616 1435 5675 PSul.
1474 5638 1664 5692 xum,
1702 5627 1754 5679 9.
1837 5629 1876 5660 ⁶¹
1924 5631 2067 5688 Ρειιί.
2100 5653 2122 5690 c

2215 5678 2220 5692 .
2301 5638 2344 5674 ε’
2373 5642 2414 5697 ll
2462 5645 2673 5713 Pctr.i,
2712 5643 2790 5702 19.
2873 5645 2917 5678 ⁸³
2957 5644 3099 5705 Psai.
3137 5664 3249 5716 cui,
3284 5649 3373 5706 ‘25.
