4074 6322
185 336 327 399 Ῑ⁰81

1297 325 1396 386 DE
1438 324 1786 385 MENTALI
1839 321 2349 393 QUIETUDINE.

3308 313 3450 388 1082

190 440 299 492 καὶ
339 437 420 508 τῷ
452 438 588 506 φωτὶ
618 438 899 508 χρώμενος
927 439 1032 511 ὁδῷ
1065 435 1290 499 ἄνεισιν,
1396 436 1655 502 ἀνάγεται
1690 433 1779 486 ἐπ’

1903 435 2025 489 .~nim
2076 434 2177 490 alis
2227 435 2471 490 ascendit
2528 433 2781 488 mentalis
2838 432 3284 509 imaginationis,
3329 448 3454 498 qua

180 531 306 602 ὅρη
332 531 546 593 αἰώνια,
573 532 666 583 καὶ
687 528 797 583 τῶν
827 529 1212 600 ὑπερκοσμίων
1241 529 1299 580 ὲν
1332 526 1506 597 τούτῳ
1535 526 1614 596 τῷ
1641 525 1779 595 φωτὶ

194 622 555 692 πραγμάτων
602 620 669 691 (ὣ
722 620 815 673 τοῦ
850 619 1127 689 θαύματος
1154 619 1192 688 l)
1222 619 1470 688 ἐπόπτης
1521 616 1781 670 καθίστα-

198 729 402 777 ταται,
445 712 519 782 μὴ
570 709 1047 781 διαζευγνύμενος,
1095 711 1128 782 ἢ
1185 710 1639 781 διαξευγνύμενος
1682 709 1782 779 τῆς

195 801 311 869 τὴν
340 802 514 871 ἀρχὴν
543 801 1007 870 συμπροηγμένης
1042 799 1198 868 ὕλης,
1249 799 1325 859 ὡς
1366 797 1507 853 οἶδεν
1561 801 1594 869 ὴ
1625 799 1742 860 ὁδός
1763 813 1781 830 ο

198 892 266 942 οὐ
315 890 426 959 γὰρ
479 892 718 956 διανοίας
776 896 1165 962 φανταστικοῖς
1221 892 1395 947 ἄνεισι
1456 894 1695 963 πτεροῖς.
1748 892 1783 963 ἢ

199 981 396 1034 πάντα
447 981 699 1053 καθάπερ
749 983 925 1053 τυφλὴ
976 982 1292 1053 περιπολεῖ,
1360 983 1486 1053 μήτ’
1534 982 1628 1036 ἐπὶ
1678 981 1788 1035 τῶν

200 1071 465 1125 ἀπόντων
498 1072 811 1142 αἰσθητῶν,
849 1074 976 1144 μήτ’
1020 1073 1114 1126 ἐπὶ
1147 1074 1258 1128 τῶν
1308 1072 1788 1144 ὕπεραναϐεϐηκὸο

196 1179 320 1216 των
352 1166 560 1235 νοητῶν
601 1169 701 1237 τῆς
762 1167 1023 1237 ἀκριϐοῦς
1069 1167 1163 1219 καὶ
1206 1165 1581 1221 ἀνενδοιάστου
1615 1180 1789 1218 κατα-

196 1255 429 1324 λήψεως
449 1256 961 1329 ἀντιλαμϐανομένη
983 1275 996 1288 ·
1022 1257 1134 1332 ἀλλ’
1165 1259 1250 1310 ἐπ’
1279 1256 1537 1326 ἀληθείας
1562 1255 1788 1316 ἄνεισιν,

196 1347 441 1418 ἀρρήτῳ
487 1348 802 1419 Πνεύματος
851 1350 1098 1418 δυνάμει,
1153 1350 1249 1404 καὶ
1297 1350 1636 1419 πνευματικῇ
1697 1348 1793 1401 καὶ

198 1439 443 1509 ἀρρήτῳ
468 1440 774 1510 ἀντιλήψει,
804 1440 912 1494 τῶν
941 1442 1196 1512 ἀρρήτων
1223 1439 1486 1511 ῥημάτων
1527 1437 1791 1505 διακούει,

199 1533 303 1583 καὶ
320 1533 426 1602 ὁρᾷ
452 1533 522 1585 τά
547 1531 770 1585 ἀθέατα·
792 1532 885 1585 καὶ
906 1532 1001 1584 τοῦ
1032 1530 1308 1600 θαύματος
1333 1530 1454 1592 ὅλος
1472 1527 1794 1582 τούντεῦθεν

201 1620 331 1675 ἔστι
350 1638 410 1675 τε
438 1623 780 1692 καὶγίνεται,
805 1622 905 1676 κᾶν
923 1622 1129 1675 ἐκεῖθεν
1158 1622 1293 1692 ἀπῇ,
1320 1622 1414 1675 καὶ
1436 1603 1548 1684 τοῖς
1573 1619 1795 1688 ἀκαμά-

198 1729 324 1778 τοις
341 1714 611 1785 ὑμνῳδοῖς
627 1715 944 1786 ἁμιλλᾶται,
961 1714 1189 1782 ἄγγελος
1205 1713 1280 1775 ὡς
1298 1712 1512 1782 ἀληθῶς
1527 1710 1685 1773 ἀλλος
1702 1710 1795 1763 ἐπὶ

194 1803 318 1873 γῆς
350 1804 490 1858 Θεοῦ
516 1805 777 1875 γεγονὼς,
806 1806 903 1858 καὶ
943 1805 1012 1858 δι’
1036 1804 1230 1858 ἑαυτοῦ
1267 1805 1376 1857 πᾶν
1398 1800 1535 1865 εἶδος
1555 1801 1791 1862 ,κτίσεως

198 1895 368 1966 αὐτῷ
406 1897 807 1968 προσαγαγὼν,
843 1896 963 1949 ἐπεὶ
1008 1896 1104 1949 καὶ
1136 1896 1300 1959 αὐτὸς
1340 1897 1399 1948 ὲν
1431 1895 1632 1964 μετοχῇ
1685 1892 1795 1946 τῶν

199 1986 462 2053 πάντων,
514 1986 607 2038 καὶ
660 1985 752 2040 τοῦ
803 1986 943 2057 ὑπὲρ
996 1984 1065 2037 τά
1094 1984 1272 2038 πάντα
1302 1985 1358 2037 δὲ
1392 1982 1793 2054 μεταλαγχάνει

197 2077 325 2139 νῦν,
362 2076 458 2129 ἵνα
508 2077 603 2130 καὶ
647 2075 710 2129 τὸ
749 2077 848 2142 τῆς
880 2077 1088 2137 εἰκόνος
1137 2074 1598 2145 ἀπηκριϐωμένον
1704 2073 1797 2127 Διὸ

196 2185 375 2238 φησιν
417 2170 445 2222 ὁ
499 2166 642 2230 θεῖος
687 2168 902 2232 Νεῖλος,
949 2168 1033 2221 ὅτι
1086 2167 1179 2219 νοῦ
1229 2165 1566 2228 κατάστασίς
1622 2168 1799 2231 ἔστιν,

196 2257 341 2328 ὕψος
376 2258 602 2329 νοητὸν,
650 2258 885 2328 οὐρανίῳ
922 2257 1174 2327 χρώματι
1215 2257 1588 2329 παρεμφερὲς,
1625 2248 1672 2323 ᾧ
1698 2255 1795 2310 καὶ

191 2350 254 2401 τὺ
285 2349 409 2419 τῆς
441 2349 605 2416 ἁγίας
659 2348 886 2419 Τριάδος
918 2351 1060 2404 κατὰ
1112 2348 1205 2403 τὸν
1237 2348 1430 2418 καιρὸν
1475 2348 1575 2417 τῆς
1627 2363 1797 2418 προσ-

195 2440 374 2510 ευχῆς
451 2438 756 2507 ἰπιγίνεται
794 2439 911 2509 φῶς
935 2455 949 2469 ·
982 2442 1079 2494 καὶ.
1103 2440 1270 2493 πάλιν
1295 2456 1311 2472 ·
1343 2439 1413 2492 El
1439 2455 1526 2502 τις
1555 2438 1798 2508 βούλοιτο

204 2531 342 2583 ἰδεῖν
408 2529 511 2599 τὴν
550 2528 645 2583 τοῦ
690 2529 784 2583 νοῦ
837 2530 1192 2595 κατάστασιν,
1242 2529 1561 2600 στερησάτω
1604 2528 1797 2583 ἑαυτὸν

209 2623 445 2677 πάντων
484 2622 594 2674 τῶν
624 2621 933 2692 νοημάτων,
976 2622 1071 2676 καὶ
1097 2622 1216 2675 τότε
1248 2620 1440 2690 ὄψεται
1458 2619 1623 2673 αὑτὸν
1652 2636 1795 2673 σαπ-

210 2716 395 2785 φείρῳ
448 2713 485 2784 ἢ
541 2714 780 2785 οὐρανίῳ
829 2712 1085 2785 χρώματι
1144 2711 1498 2783 παρεμφερῆ.
1528 2710 1701 2764 Τοῦτο
1741 2710 1799 2763 δὲ

212 2807 451 2876 ποιῆσαι
511 2806 640 2861 ἄνευ
706 2805 973 2869 ἀπαθείας
1021 2804 1129 2858 τῶν
1165 2804 1439 2859 ἀδυνάτων
1473 2803 1623 2857 ἐστί·
1663 2802 1798 2857 Θεοῦ

210 2902 327 2968 γὰρ
357 2896 521 2968 χρεία
559 2897 970 2966 συνεργοῦντος,
1021 2898 1116 2951 καὶ
1150 2896 1512 2960 ἀναπνέοντος
1543 2895 1690 2965 αὖτῷ
1739 2895 1800 2950 τὸ

213 2989 488 3056 συγγενὲς
526 2987 660 3055 φῶς.
699 2989 808 3042 Καὶ
849 2990 878 3042 ὁ
918 2989 1076 3057 ἅγιος
1124 2988 1398 3057 Διάδοχος,
1455 2985 1582 3051 Δύο,
1613 2988 1798 3057 φησιν,

1818 1774 1866 1832 Β

1885 526 2066 579 omnia
2096 527 2241 583 velut
2268 542 2402 582 caeca
2432 527 2729 590 circuiens,
2760 538 2860 579 nec
2885 506 2952 578 de
2978 525 3298 580 absentibus
3326 540 3453 580 sen-

1885 618 2156 681 sibilibus,
2184 633 2285 673 nec
2330 620 2396 671 de
2458 617 2829 687 superioribus
2889 615 3324 681 intelligibilibus
3363 632 3458 670 ac-

1887 718 2132 763 curatam
2171 720 2225 765 et
2253 709 2532 764 indubiam
2560 708 2755 777 accipit
2789 706 3226 776 perceptionem;
3260 706 3355 762 sed
3385 706 3456 762 ad

1883 803 2168 856 veritatem
2197 801 2373 855 evolat
2400 799 2659 855 ineffabili
2690 798 2917 868 spiritus
2943 799 3163 860 virtute,
3195 806 3250 852 et
3279 797 3444 867 spiri-

1887 894 2020 949 tuali
2076 909 2142 949 ac
2190 892 2544 948 inenarrabili
2598 890 2959 958 conceptione
3019 898 3230 943 secreta
3290 889 3456 943 verba

1888 988 2057 1055 audit,
2091 997 2145 1041 et
2183 986 2476 1049 invisibilia
2509 985 2679 1049 videt,
2712 999 2774 1038 ac
2811 993 2955 1036 totus
2985 982 3184 1038 abhinc
3225 983 3461 1037 miracu-

1887 1078 1997 1132 lum
2031 1078 2283 1142 eilieitur,
2322 1076 2535 1132 etiamsi
2576 1075 2702 1128 hinc
2732 1074 2968 1137 recedat,
3012 1081 3177 1143 atque
3205 1073 3454 1141 infatiga-

1886 1172 2087 1228 bilibus
2124 1173 2412 1226 aemulatur
2458 1169 2810 1239 hymnicidis,
2856 1168 2993 1221 alius
3030 1166 3315 1221 verissime
3363 1165 3459 1221 Dei

1887 1264 2108 1332 angelus
2139 1263 2194 1318 in
2220 1274 2361 1318 terra
2395 1263 2588 1329 factus,
2618 1271 2791 1330 et'per
2815 1275 2874 1314 se
2895 1274 3056 1313 omne
3076 1268 3459 1313 creaturarum

1887 1371 2060 1426 genus
2086 1356 2154 1411 ad
2177 1370 2298 1409 eum
2329 1353 2584 1417 efferens,
2607 1354 2732 1422 quia
2757 1355 2873 1422 ipse
2897 1351 3135 1405 onmium
3167 1350 3458 1419 particeps,

1887 1459 1942 1504 et
1967 1449 2086 1517 ejus
2110 1448 2199 1516 qui
2230 1457 2314 1502 est
2353 1462 2517 1517 super
2559 1446 2765 1515 omnia,
2797 1458 3030 1501 consors
3055 1451 3160 1508 est,
3188 1451 3250 1497 ut
3281 1441 3461 1512 imago

1890 1538 1982 1595 Dei
2012 1540 2082 1595 sit
2116 1538 2377 1609 perfecta.

1960 1632 2250 1704 Propterea
2278 1632 2431 1686 divus
2471 1631 2547 1686 ait
2576 1630 2773 1685 Nilus:
2812 1648 2834 1682 ι
2887 1627 3084 1683 Mentis
3134 1625 3463 1681 instauratio

1891 1734 1974 1781 est
2022 1724 2301 1793 fastigium
2349 1720 2687 1789 intelligibile
2739 1720 2862 1777 coeli
2931 1718 3100 1773 colori
3153 1716 3353 1780 simile,
3376 1715 3463 1771 cui

1892 1823 2095 1872 sanctae
2127 1812 2409 1868 Trinitatis
2457 1812 2640 1866 lumen
2696 1823 2937 1880 tempore
2980 1810 3244 1865 orationis
3304 1806 3466 1863 πίτυι-

1889 1917 1997 1980 gct.
2042 1927 2060 1960 ι
2096 1907 2162 1961 Et
2191 1919 2419 1959 rursus:
2454 1923 2474 1954 ι
2514 1903 2571 1959 Si
2605 1904 2728 1973 quis
2758 1903 2891 1958 velit
2950 1903 3132 1962 videre
3155 1901 3354 1956 mentis
3381 1915 3466 1956 re-

1890 2001 2304 2057 s'aurationem,
2357 1996 2624 2052 viduet'se
2648 1995 2900 2050 omnibus
2925 1992 3367 2065 cogitationibus,
3411 2001 3469 2048 et

1891 2103 2022 2147 tunc
2053 2090 2256 2145 videbit
2282 2104 2401 2143 eam
2436 2088 2759 2157 sapphirino
2778 2096 2883 2142 seu
2920 2086 3129 2143 ccclein
3174 2086 3345 2141 colori
3389 2084 3463 2140 si-

1892 2182 2174 2239 milem.ld
2198 2189 2373 2235 autem
2399 2178 2516 2233 tleri
2535 2181 2740 2247 absque
2761 2177 3198 2246 impassibilitate
3236 2176 3465 2246 nequit;

1893 2292 2018 2331 nam
2053 2284 2175 2345 eget
2197 2272 2305 2327 Deo
2333 2270 2524 2341 adiuva
2536 2278 2625 2324 nte
2650 2279 2704 2325 et
2734 2283 3090 2338 congenerem
3135 2267 3350 2323 amante
3379 2269 3464 2323 Iu-

1894 2382 2032 2421 cem.
2079 2384 2098 2417 ι
2134 2364 2197 2419 Et
2243 2373 2465 2419 sanctus
2495 2361 2807 2416 Diadochus
2857 2378 2871 2415 :
2917 2378 2937 2412 ι
2997 2360 3134 2423 Duo,
3167 2360 3365 2429 inquit,
3403 2361 3463 2416 in

1895 2459 2054 2515 nabis
2092 2457 2267 2526 gratia
2308 2469 2493 2511 sancta
2531 2470 2625 2524 per
2661 2454 2989 2523 baptismum
3018 2452 3200 2518 cilicii,
3232 2467 3463 2522 quorum

1896 2563 2065 2603 unum
2102 2547 2259 2601 alteri
2295 2546 2506 2602 inﬁnite
2536 2554 2758 2614 praestat
2790 2563 2805 2600 :
2854 2560 2976 2598 nam
3017 2552 3243 2599 renovat
3276 2558 3376 2598 nos
3413 2544 3465 2597 in

1896 2655 2061 2711 aqua,
2093 2649 2147 2696 et
2168 2640 2457 2709 imaginem
2501 2638 2593 2693 Dei
2645 2638 2700 2692 in
2761 2636 2919 2691 nobis
2951 2636 3209 2700 illustrat,
3250 2649 3470 2690 omnem

1896 2732 2106 2804 peccati
2139 2732 2404 2787 maculam
2451 2747 2481 2786 a
2514 2730 2671 2785 nobis
2701 2738 2991 2797 extergens
3018 2744 3034 2794 ;
3069 2727 3302 2781 alterum
3338 2740 3471 2780 vero

1899 2827 2155 2880 virtutem
2190 2825 2352 2880 habet
2380 2821 2976 2892 nobiscumoperandi.
3009 2819 3142 2874 Cum
3168 2819 3332 2887 igitur
3358 2831 3472 2873 cte-

1898 2919 1982 2989 pit
2019 2916 2235 2972 animus
2279 2916 2506 2969 multum
2560 2914 2767 2969 sentire
2810 2926 2875 2967 ac
2903 2921 3120 2981 gustare
3145 2909 3469 2965 suavitatem

1904 3007 2237 3064 sanctissimi
2289 3006 2548 3076 Spiritus,
2582 3016 2730 3067 tunc,
2770 3012 2829 3057 ut
2883 3003 3166 3058 sciendum
3196 3013 3303 3066 est,
3334 3001 3474 3054 inci-

213 3081 355 3150 ἡμῖν
376 3081 413 3180 η
442 3078 602 3153 χάρις
630 3081 665 3150 η
689 3080 819 3147 ἁγία
848 3078 941 3133 διά
958 3079 1056 3133 τοῦ
1090 3079 1465 3149 βαπτίσματος
1496 3082 1799 3150 περιποιεῖ-

1904 3104 1980 3171 pit
2006 3103 2176 3172 gratia
2204 3101 2358 3170 quasi
2396 3100 2619 3170 pingere
2658 3098 2857 3152 divinae
2904 3096 3159 3166 imaginis
3214 3095 3471 3150 similitu-

215 3187 334 3237 ται,
368 3163 450 3223 ὧν
470 3169 531 3222 τὸ
559 3167 616 3222 ἒν
645 3171 892 3240 ἀπείρως
920 3170 1014 3223 τοῦ
1050 3170 1167 3234 ἑνὸς
1196 3170 1548 3241 ὑπερϐάλλει·
1571 3172 1801 3226 ἀνακαι-

220 3264 363 3327 νὶζει
412 3262 524 3331 γὰρ
584 3263 730 3330 ἡμᾶς
766 3264 826 3315 ὲν
866 3261 944 3331 τῷ
998 3261 1175 3327 ὕδατι,
1224 3261 1320 3315 κοιλ¹
1348 3262 1410 3314 τὸ
1458 3265 1580 3317 κατ’
1618 3263 1802 3318 εἰκόνα

220 3352 566 3423 λαμπρύνει,
617 3353 795 3404 πᾶσαν
826 3352 926 3420 τὴν
963 3352 1147 3420 ῥυτίδα
1179 3352 1279 3420 τῆς
1328 3354 1600 3425 ἁμαρτίας
1644 3357 1801 3426 ἡμῶν

224 3445 685 3514 ἀπορῤύπτουσα·
717 3443 776 3495 τὸ
800 3442 858 3495 δὲ
880 3442 1066 3512 ἓτερον
1086 3444 1390 3513 ἐκδέχεται,
1426 3446 1511 3498 ἵνα
1540 3447 1638 3500 σὺν
1670 3450 1803 3518 ἡμῖν

226 3533 556 3603 ἐργάσηται.
602 3533 732 3586 Ὅτε
788 3528 881 3586 οὖν
926 3531 1158 3603 ἄρξηται
1202 3536 1232 3588 ὁ
1256 3535 1377 3599 νοῦς
1418 3537 1476 3588 ὲν
1514 3537 1684 3609 πολλῇ
1713 3541 1802 3591 al-

229 3625 427 3694 σθήσει
475 3623 735 3692 γεύεσθαι
783 3625 883 3694 τῆς
948 3626 1318 3696 χρηστότητος
1386 3622 1483 3681 τοῦ
1515 3629 1800 3698 ,παναγίου

227 3714 578 3786 Ιινεύματος,
624 3716 745 3768 τότε
787 3716 1075 3786 ὀφείλομεν
1124 3717 1343 3784 ειδέναι,
1383 3719 1466 3772 ὅτι
1504 3719 1734 3789 ἄρχεται
1766 3722 1800 3790 ἡ

226 3807 394 3877 χάρις
436 3804 625 3876 ὥσπερ
670 3804 1078 3878 ὲπιζωγραφεϊν
1133 3807 1213 3869 εἰς
1250 3807 1310 3861 τὸ
1343 3826 1364 3860 t
1391 3809 1512 3863 κατ’
1548 3809 1751 3875 εἰκόνα,
1780 3829 1798 3860 ι

226 3900 289 3950 τὸ
322 3896 478 3950 «καθ’
504 3896 816 3967 ὁμοίωσιν.»
851 3897 990 3952 ὥστε
1029 3900 1064 3970 ἡ
1108 3899 1206 3968 μὲν
1240 3899 1488 3971 αἴσθησις
1515 3901 1676 3970 αὕτη,
1711 3902 1806 3970 δηο

228 3990 314 4043 λοϊ
339 3990 493 4059 ἡμᾶς
529 3986 868 4058 μορφοῦσθαι
896 3989 956 4041 τὸ
988 3989 1139 4042 «καθ’
1161 3990 1419 4059 ὁμοίωσιν
1448 4006 1465 4023 ·
1501 4007 1520 4042 ι
1551 3989 1610 4042 τὸ
1632 3989 1687 4042 δὲ
1716 3990 1806 4042 τέ-

229 4079 376 4134 λειον
401 4080 505 4148 τῆς
535 4078 881 4150 ὁμοιώσεως,
914 4082 979 4133 ὲκ
1000 4079 1094 4133 τοῦ
1139 4079 1424 4150 φωτισμοῦ
1456 4080 1802 4152 γνωσόμεθα.

301 4172 418 4225 Καὶ
444 4170 627 4235 πάλιν,
659 4171 758 4239 τὴν
789 4171 1166 4243 πνευματικὴν
1211 4174 1272 4225 οὐ
1304 4171 1525 4225 δύναταί
1558 4189 1642 4235 τις
1667 4172 1806 4239 ἀγά-

230 4282 341 4333 πην
394 4261 722 4332 κτήσασθαι,
773 4263 821 4314 εί
857 4262 932 4333 μὴ
981 4264 1039 4315 ὲν
1082 4264 1235 4335 πάσῃ
1267 4263 1613 4334 πληροφορίᾳ
1640 4280 1805 4332 φωτι-

233 4352 386 4421 σθείη
418 4350 572 4421 παρά
606 4349 700 4402 τοῦ
728 4351 885 4418 ἁγίου
931 4352 1245 4420 Πνεύματος
1270 4369 1285 4382 ·
1336 4352 1432 4404 ὲάν
1459 4353 1565 4422 γὰρ
1608 4352 1682 4423 μὴ
1718 4369 1808 4404 τε-

230 4442 389 4506 λείως
422 4442 484 4495 τὸ
515 4441 666 4494 «καθ’
692 4442 1002 4511 ὁμοίωσιν,ι
1035 4442 1122 4497 διὰ
1154 4443 1258 4496 τοῦ.
1288 4441 1434 4495 θείου
1467 4442 1642 4511 φωτὸς
1670 4443 1807 4495 ἀποο

229 4531 375 4605 λάϐῃ
421 4534 451 4585 ὁ
486 4532 634 4597 νοῦς,
692 4533 872 4595 πάσας
915 4534 1014 4602 μὲν
1063 4534 1161 4597 τὰς
1203 4533 1364 4597 ἄλλας
1414 4533 1613 4599 ἀρετὰς
1662 4533 1809 4602 ἔχειν

232 4625 455 4679 δύναται
483 4667 498 4691 ,
530 4624 629 4693 τῆς
669 4624 724 4676 δὲ
762 4625 975 4690 τελείας
1009 4626 1227 4695 ἀγάπης
1269 4625 1347 4679 ἔτι
1380 4625 1606 4697 ἄμοιρος
1633 4626 1807 4695 μένει.

130 4798 133 4801 Α
244 4719 529 4782 Ὡσαύτως
552 4718 609 4769 δὲ
648 4718 856 4772 καὶτοῦ
888 4720 1047 4787 ἁγίου
1092 4720 1276 4775 Ἰσαὰκ
1317 4720 1588 4790 ἀκούομεν
1625 4720 1808 4787 λέγον-

235 4825 368 4873 τος,
425 4807 571 4862 κατά
620 4807 711 4861 τὸν
765 4810 954 4878 καιρὸν
988 4811 1086 4882 τῆς
1142 4812 1470 4882 προσευχῆς,
1526 4812 1658 4882 ὁρᾷν
1711 4810 1806 4881 τὴν

237 4900 435 4952 ἑαυτοῦ
472 4900 820 4970 καθαρότητα
842 4901 933 4954 τὸν
960 4905 1400 4973 κεχαριτωμένον
1438 4902 1584 4967 νοῦν,
1615 4901 1806 4972 ὁμοίαν

242 4992 309 5060 τῇ
349 4990 661 5060 ἐπουρανίῳ
690 4993 884 5062 χροιᾷ·
920 4993 1067 5063 ἥτις,
1117 4992 1276 5060 Θεοῦ,
1332 4994 1436 5047 ὑπὸ
1475 4996 1575 5063 τῆς
1622 5010 1811 5062 γερου-

254 5096 374 5160 σίας
426 5098 517 5150 τοῦ
563 5098 779 5168 Ἰσραὴλ
826 5099 1165 5169 ὠνόμασται,
1212 5101 1396 5167 τόπος,
1447 5102 1607 5172 ἡνίκα
1653 5100 1813 5173 ὤφθη

252 5187 433 5250 αὐτοῖς
464 5189 521 5240 ὲν
543 5188 620 5257 τῷ
651 5186 769 5258 δρει
794 5204 808 5218 ·
840 5189 932 5241 καὶ
971 5189 1153 5253 πάλιν,
1181 5191 1489 5262 καθαρότης
1523 5193 1639 5245 ἐστὶ
1674 5194 1811 5257 νοὸς,

252 5277 339 5343 ἐφ’
388 5271 737 5350 ᾗδιαυγάζει
786 5281 843 5332 ἐν
884 5279 962 5351 τῷ
1010 5279 1186 5351 καιρῷ
1236 5282 1335 5351 τῆς
1397 5270 1722 5353 προσευχῆς,
1755 5284 1816 5337 τὸ

206 5364 209 5369 ⁴
254 5367 368 5434 φῶς
415 5368 515 5438 τῆς
566 5370 726 5437 ἁγίας
762 5370 1012 5442 Τριάδος.
1060 5372 1199 5425 Ἀλλ’
1226 5374 1254 5426 ὁ
1293 5373 1697 5444 κατηξιωμένος
1720 5376 1816 5430 τοῦ

256 5459 432 5523 φωτὸς
468 5460 678 5517 ἐκείνου
709 5459 853 5526 νοῦς,
890 5462 984 5515 καὶ
1012 5464 1149 5533 πρὸς
1195 5462 1257 5517 τὸ
1287 5465 1628 5533 συνημμένον
1658 5466 1816 5537 σῶμα

256 5548 422 5607 πολλὰ
477 5551 870 5623 διαπορθμεύει
920 5553 1015 5605 τοῦ
1067 5552 1211 5607 θείου
1259 5553 1486 5619 κάλλους
1517 5557 1813 5627 τεκμήρια,

259 5639 435 5706 χάριτί
484 5659 544 5694 τε
599 5644 739 5716 θείᾳ,
793 5645 889 5697 καὶ
924 5644 1126 5716 σαρκὸς
1170 5646 1445 5716 παχύτητι
1494 5649 1814 5717 μεσιτεύων.

263 5729 349 5779 καὶ
392 5728 620 5802 δόναμιν
680 5733 790 5788 τῶν
830 5734 1108 5793 ἀδυνάτων
1158 5736 1408 5801 ἐντιθείς.
1454 5736 1730 5792 Ἑντεῦθ;ν
1780 5740 1812 5810 ἡ

1903 3194 2104 3259 dinem,
2128 3200 2182 3247 et
2209 3192 2290 3246 sic
2319 3201 2509 3259 gustus
2549 3189 2636 3244 ille
2664 3189 2905 3242 ostendit
2934 3202 3031 3243 nos
3066 3188 3131 3241 ad
3163 3186 3477 3256 configura-

1904 3284 2102 3338 tionem
2135 3282 2435 3347 informari,
2460 3290 2514 3335 at
2543 3280 2932 3349 perfectionem
2988 3278 3359 3333 simiiitudinis
3402 3291 3472 3332 ex

1909 3373 2309 3428 illuminatione
2359 3358 2773 3440 coguoScemus‘.
2824 3386 2843 3419 ι
2894 3366 2959 3421 Ει
3009 3368 3203 3421 iterum
3243 3383 3259 3420 :
3295 3383 3315 3417 ι
3352 3365 3478 3434 Spi-

1906 3466 2158 3521 ritualem
2189 3477 2348 3520 nemo
2382 3461 2644 3531 consequi
2702 3470 2882 3530 potest
2933 3460 3280 3523 charitatem,
3342 3458 3474 3526 quin

1904 3559 2208 3613 certissime
2273 3555 2613 3611 illuminetur
2656 3568 2685 3604 a
2746 3562 2939 3607 sancto
3007 3549 3215 3620 Spiritu
3284 3565 3302 3607 :
3368 3548 3475 3602 nisi

1906 3652 2052 3706 enim
2085 3649 2378 3718 perfectam
2414 3644 2825 3701 similitudinem
2856 3643 3038 3697 divina
3061 3642 3178 3695 luce
3207 3638 3483 3707 acceperit

1906 3743 2142 3807 animus,
2168 3718 2357 3795 omnes
2391 3737 2605 3807 quidem
2639 3743 2869 3791 caeteras
2904 3733 3132 3787 virtutes
3166 3730 3364 3785 habere
3387 3743 3485 3800 po-

1909 3845 2034 3900 test,
2056 3832 2306 3904 perfectae
2328 3847 2453 3885 vero
2475 3830 2764 3886 charitatis
2787 3828 2967 3881 adhuc
3009 3826 3183 3894 impos
3207 3835 3411 3878 manet.
3457 3842 3477 3876 ι

1908 3925 2122 3979 Pariter
2157 3933 2399 3978 sanctum
2439 3922 2592 3976 Isaac
2614 3920 2862 3974 audimus
2910 3918 3178 3970 dicentem
3229 3932 3243 3970 :
3276 3933 3293 3966 ι
3320 3914 3484 3969 'l‘em-

1911 4032 2042 4088 pore
2071 4014 2329 4070 orationis
2362 4014 2508 4066 videt
2532 4026 2686 4065 mens
2714 4009 2883 4079 gratia
2917 4007 3066 4060 dives
3100 4022 3251 4060 suam
3278 4008 3485 4074 purita-

1912 4120 2043 4172 tem,
2071 4106 2267 4163 col0ris
2297 4106 2417 4159 caeli
2444 4102 2699 4164 similem,
2727 4116 2845 4169 quae
2877 4116 2907 4153 a
2936 4097 3159 4151 senibus
3206 4097 3366 4152 Israel
3393 4096 3446 4149 ὒν
3470 4096 3487 4150 i

1914 4203 2069 4258 sedes
2117 4210 2305 4252 vocata
2338 4207 2438 4261 est,
2465 4210 2586 4250 eum
2605 4195 2682 4248 eis
2702 4193 2755 4246 in
2784 4201 2964 4245 monte
2986 4188 3205 4245 all‘nlsit.
3240 4208 3257 4241 ι
3284 4188 3345 4242 Ει
3364 4203 3486 4240 rur-

1915 4310 2009 4351 sus
2046 4309 2061 4349 :
2097 4311 2113 4343 ι
2140 4289 2447 4345 Estmentis
2482 4288 2707 4356 puritas,
2735 4285 2789 4339 in
2821 4299 2926 4353 qua
2954 4292 3198 4349 tempore
3223 4279 3490 4337 orationis

1916 4385 2085 4452 fulget
2118 4391 2330 4438 sanctas
2348 4377 2636 4434 Trinitatis
2668 4376 2873 4429 lumen.
2914 4372 3101 4436 Porro:
3131 4373 3305 4425 lucem
3349 4371 3489 4425 hunc

1843 4464 1895 4527 D
1924 4478 2103 4531 videre
2154 4473 2343 4527 merita
2398 4485 2574 4532 mens,
2602 4469 2667 4521 all
2706 4464 3055 4536 coniunctum
3095 4476 3295 4531 corpus
3320 4462 3487 4515 multa

1920 4566 2241 4623 transmittit
2279 4563 2470 4618 divina:
2526 4557 2946 4632 pulchritudinis
2988 4556 3159 4626 signa,
3213 4566 3266 4610 et
3314 4554 3490 4608 media

1918 4656 2262 4714 intercetlens
2281 4654 2504 4724 gratiam
2536 4655 2678 4705 inter
2693 4649 2929 4703 divinam
2954 4656 3008 4702 et
3034 4646 3224 4700 caruis'
3252 4645 3488 4713 adipem,

1920 4749 2061 4803 hanc
2092 4745 2271 4801 reddit
2307 4742 2720 4814 impossibilium
2757 4754 3029 4807 capacem.
3060 4736 3195 4791 lline
3213 4735 3494 4789 deiiorntis

1919 4846 1974 4892 et
1999 4833 2430 4906 superexcellens
2454 4831 2808 4899 Dei_habitus,
2831 4828 2898 4884 ad
2918 4829 3112 4882 malum
3148 4825 3383 4879 maxime
3398 4835 3491 4878 aut

1925 4928 2008 4983 vix
2029 4926 2277 4992 mobilis;
2302 4924 2429 4979 binc
2446 4938 2623 4979 sermo
2642 4922 2882 4977 rationes
2904 4934 3083 4973 rerum
3099 4917 3420 4980 diittcidans,
3440 4923 3495 4969 et

1922 5034 1986 5073 ex
2026 5020 2282 5072 interiore
2310 5015 2568 5069 munditia
2600 5014 2845 5068 revelatis
2879 5022 3085 5065 naturae
3107 5007 3381 5078 mysteria,
3401 5023 3496 5074 per

1924 5126 2044 5180 quae
2059 5124 2128 5164 ex
2156 5107 2399 5177 analogia
2432 5119 2586 5161 meus
2610 5103 2862 5159 dociliter
2891 5100 3223 5155 audientium
3255 5098 3498 5153 elevatur

1926 5204 1989 5255 ad
2011 5198 2503 5269 supernaturalium
2537 5194 2963 5263 conceptionem,
2992 5205 3151 5260 quam
3186 5189 3301 5258 ipse
3334 5186 3496 5243 Verbi

1928 5291 2088 5345 Pater
2113 5288 2569 5344 immaterialibus
2618 5286 2776 5339 unxit
2831 5284 3148 5348 illecebris;
3199 5282 3326 5336 bino
3347 5280 3496 5333 varia

1936 5383 2202 5452 prodigia,
2239 5392 2296 5434 ut
2331 5377 2689 5446 transpicere,
2722 5389 2785 5430 ac
2834 5373 3156 5443 praevidere,
3180 5381 3232 5425 et
3276 5372 3339 5424 dc
3370 5382 3500 5438 pro—

1932 5476 2020 5531 cul
2062 5473 2285 5530 remotis
2313 5482 2566 5540 tanquam
2598 5477 2723 5521 ante
2774 5466 2964 5520 oculos
3016 5463 3275 5530 subjectis
3327 5460 3503 5514 disse-

1935 5582 2078 5623 rere.
2110 5566 2176 5619 Et
2205 5563 2349 5633 quod
2375 5572 2456 5616 est
2504 5559 2824 5620 maximum,
2860 5571 2966 5609 non
3001 5556 3145 5608 hunc
3198 5551 3299 5605 sibi
3338 5550 3499 5603 [luem

1935 5660 2009 5714 illi
2034 5654 2326 5712 beatissimi
2360 5658 2697 5722 proponunt,
2728 5650 2821 5703 Sed
2866 5642 3092 5716 perinde
3154 5657 3216 5695 ac
3264 5639 3308 5693 si
3350 5638 3501 5706 quis,

1936 5752 2168 5807 solaretu
2195 5750 2414 5803 iuturus
2443 5744 2675 5808 radium,
2709 5740 2882 5794 aerias
2919 5736 3217 5806 perciperet
3267 5740 3499 5794 atomos.
