4146 6308
307 292 446 358 1085

1402 296 1496 356 ne
1543 298 1875 357 \iENTALl
1917 281 2422 369 QUaE’rUDINEZ

3329 283 3338 296 '
3413 294 3550 363 me

304 412 405 478 τὴν
434 408 540 462 ύπδ
568 408 777 463 τούτων
809 409 1230 482 καλυπτομένην
1262 411 1540 482 ἁμαρτίαν
1575 412 1850 466 ὲνυπόστα

1980 415 2072 482 qui
2109 415 2252 467 hanc
2295 427 2401 466 non
2436 410 2738 478 repererit,
2775 410 3052 480 quomodo
3083 419 3280 466 cernet
3315 411 3549 468 interius

305 519 414 563 rw,
441 502 564 572 ἥτις
598 503 716 555 ἐστὶ
744 505 955 567 σκότος,
989 508 1082 555 καὶ
1110 504 1304 574 ὁμίχλη
1333 506 1532 573 ψυχῆς,
1559 504 1618 568 ἑξ
1647 504 1872 558 ἐννοιῶν

1979 503 2182 560 Christi
2213 502 2586 555 habitaculum
2609 499 2632 552 ῖ

305 597 581 666 πονηρῶν,
613 598 706 650 καὶ
738 597 932 665 λόγων,
965 599 1058 651 καὶ
1098 600 1350 667 πράξεων
1380 599 1740 668 ὲμπεσοῦσα;
1783 601 1843 653 '0
1868 600 1924 653 δὲ
1973 600 2178 666 ταύτην
2213 595 2289 666 μὴ
2337 597 2678 665 θεασάμενος
2706 597 2806 663 τὴν
2834 593 3198 665 περιεκτικὴν
3242 595 3544 663 ἁμαρτίαν,

301 687 433 739 πότε
470 684 688 755 δεηθεὶς
713 689 846 757 περὶ
869 689 1043 757 αὐτῆς
1073 690 1582 760 καθαρισθήσεται;
1615 694 1642 745 ό
1671 693 1727 744 δὲ
1761 692 1836 762 μὴ
1858 691 2230 762 καταρισθεὶς,
2265 689 2383 751 πῶς
2409 686 2546 757 εὕρῃ
2574 689 2664 740 τὸν
2686 687 2852 740 τόπον
2883 689 2980 758 τῆς
3009 687 3257 756 καθαρᾶς
3290 687 3533 754 φύσεωςς

299 781 327 832 ό
364 777 420 832 δὲ
452 778 642 832 τοῦτον
675 779 750 848 μὴ
789 779 986 848 εὑρὼν,
1023 781 1141 844 πῶς
1180 783 1262 854 ῐδῃ
1302 783 1394 836 τὸν
1421 784 1699 854 ἐνδότερον
1721 780 1868 837 οἷκον
1890 782 1986 835 τοῦ
2016 779 2296 843 Χοιστοῦς

377 868 497 939 Χρὴ
528 868 705 921 τοίνυν
732 867 958 938 κροῦσαι
979 869 1064 921 διὰ
1099 875 1406 942 προσευχῆς
1435 873 1868 940 παραμένοντας,

307 961 401 1014 καὶ
432 960 662 1028 ζητῆσαι
694 959 786 1011 τὸν
820 960 967 1012 οἶκον
999 960 1208 1023 τοῦτον,
1245 961 1306 1012 οὐ
1342 962 1500 1031 μόνον
1543 963 1867 1031 κτήσασθαι,

305 1050 439 1104 ἀλλὰ
472 1049 564 1102 καὶ
615 1049 875 1116 φυλάξαι·
912 1052 1016 1103 etsi.
1046 1053 1153 1122 γὰρ
1179 1054 1225 1105 οί
1256 1053 1350 1106 καὶ
1396 1055 1534 1123 μετὰ
1578 1054 1638 1108 τὸ
1685 1055 1869 1108 λαϐεῖν

304 1141 690 1202 ἀπολέσαντες·
711 1141 873 1210 ψιλὴν
900 1142 1006 1212 γὰρ
1031 1142 1199 1212 αὐτῆς
1227 1144 1447 1210 γνῶσιν,
1479 1145 1867 1215 ἢσυμϐατικὴν

304 1235 523 1303 πεῖραν,
559 1232 686 1294 ἴσως
710 1232 802 1284 καὶ
831 1233 1116 1303 ὀψιμαθεῖς
1149 1237 1240 1287 καὶ
1266 1233 1376 1287 νέοι
1417 1235 1703 1305 κατέχουσι
1727 1252 1741 1266 ⁸
1768 1236 1866 1306 τὴν

299 1325 356 1379 δὲ
383 1324 502 1394 μεθ’
529 1325 802 1392 ὑπομονῆς
852 1326 1164 1394 παράμονον
1210 1326 1492 1395 ἐργασίαν,
1557 1327 1710 1396 μόλις
1756 1329 1866 1380 των

299 1415 567 1486 γερόντων
595 1416 644 1466 οί
687 1414 934 1478 εὐλαϐεῖς
990 1417 1084 1469 καὶ
1113 1415 1462 1485 πολύπειροιο
1494 1415 1702 1478 τούτοις
1735 1416 1864 1484 ὀμό-

297 1507 454 1574 λογος
488 1507 580 1559 καὶ
630 1507 940 1576 Μακάριος,
989 1509 1017 1559 ὁ
1061 1507 1159 1573 τὴν
1206 1506 1408 1573 γνῶσιν
1456 1506 1726 1576 οὐράνιος,
1765 1507 1860 1559 καὶ

298 1599 406 1660 πᾶς
461 1597 490 1649 ό
528 1598 636 1648 τῶν
691 1597 854 1648 ὁσίων
909 1596 1087 1668 χορός.
1137 1596 1274 1649 Ἀλλ’
1325 1596 1514 1668 ὥσπερ
1565 1599 1627 1650 τὸ
1675 1599 1862 1662 σκότος

294 1688 454 1740 τοῦτο
507 1689 572 1738 ἐκ
617 1687 726 1739 τῶν
803 1687 1260 1756 παραπτωμάτων
1324 1686 1539 1740 πάντων
1595 1686 1861 1754 λαμϐάνει

293 1776 392 1849 τὴν
423 1777 674 1849 ὕπαρξιν,
703 1777 844 1831 οὕτω
865 1778 960 1846 τὴν
983 1778 1124 1831 κατὰ
1145 1778 1347 1848 κόσμον
1373 1778 1548 1846 λύπην
1577 1779 1858 1844 ἐξετάσας,

292 1869 550 1940 εὑρήσεις
583 1870 646 1920 ὲκ
673 1868 780 1920 τῶν
814 1868 1001 1921 παθῶν
1045 1871 1284 1930 πάντων,
1335 1870 1429 1922 καὶ
1489 1869 1854 1939 γεννωμένην,

291 1962 387 2014 καὶ
442 1960 868 2032 κρατυνομένην.
921 1960 1130 2013 Οὗκοῦν
1170 1961 1351 2013 εἰκόνα
1380 1960 1556 2029 φέρει,
1608 1961 1702 2013 καὶ
1745 1957 1858 2014 οἷον

290 2051 534 2123 ἀπαρχὴ,
584 2051 676 2102 καὶ
733 2051 1040 2122 προοίμιον,
1103 2053 1198 2103 καὶ
1266 2050 1526 2122 ἀρραϐών
1586 2051 1703 2103 ἐστι
1757 2050 1854 2104 τοῦ

291 2141 760 2214 προσγενήσεσθαι
815 2141 1097 2210 μέλλοντος
1149 2140 1384 2209 ἀλήκτου
1439 2140 1692 2204 πένθους,
1742 2143 1857 2205 τοῖς

289 2236 354 2288 τὸ
385 2233 721 2304 μακαρισθὲν
764 2232 869 2285 ὑπὸ
901 2231 994 2284 τοῦ
1045 2231 1249 2300 Κυρίου
1279 2231 1473 2294 πένθος
1509 2231 1582 2300 μὴ
1627 2231 1857 2301 προελο-

293 2326 511 2396 μένοις·
550 2325 578 2376 ὃ
611 2324 685 2395 μὴ
720 2323 879 2393 μόνον
918 2322 1078 2392 φέρει
1119 2321 1309 2391 κέρδος
1347 2320 1448 2391 τὴν
1488 2321 1853 2390 παράκλησιν,

289 2416 674 2488 καρποφοροῦν
702 2415 793 2468 τὸν
813 2414 1106 2485 ἀρραϐῶνα
1131 2413 1232 2480 τῆς
1255 2412 1471 2466 αἰωνίου
1492 2411 1852 2482 εὐφροσύνης,

2036 867 2266 933 Oportet
2327 864 2496 934 igitur
2541 866 2758 920 domum
2796 866 2938 922 hanc
3010 867 3256 923 oratione
3307 867 3528 938 pulsare
3587 863 3595 870 ’

1961 966 2318 1019 constanter,
2384 968 2612 1024 eamque
2678 957 2867 1012 conari
2948 956 3089 1012 haud
3164 959 3342 1014 solum
3408 961 3528 1014 adi-

1964 1050 2120 1120 pisci,
2172 1050 2262 1103 sed
2308 1058 2363 1102 et
2414 1049 2668 1103 retinere.
2719 1048 2861 1102 Sunt
2917 1049 3063 1102 enim
3110 1049 3200 1117 qui
3257 1060 3526 1118 repertam

1964 1140 2232 1204 amittunt,
2294 1141 2419 1208 quia
2457 1154 2660 1194 meram
2711 1138 2830 1206 ejus
2869 1139 3229 1208 cognitionem
3266 1149 3533 1207 tempora-

1965 1229 2210 1298 riamque
2231 1230 2642 1300 etperientiam,
2667 1229 2824 1298 quasi
2847 1230 2912 1283 ad
2937 1231 3248 1285 discendum
3269 1230 3533 1284 tardiores

1963 1321 2206 1375 simulet
2255 1321 2523 1388 juniores,
2576 1322 2811 1375 habent:
2843 1321 2938 1375 sed
2981 1323 3036 1374 in
3068 1335 3292 1390 operum
3345 1335 3533 1388 perse-

1968 1413 2214 1466 verantia
2251 1426 2569 1480 permanere
2599 1412 2689 1467 vix
2724 1418 2954 1480 possunt
2994 1413 3268 1466 seniorum
3295 1411 3534 1478 pruden-

1966 1502 2162 1558 tissimi
2186 1512 2238 1557 et
2266 1503 2651 1573 expertissimi.
2668 1522 2687 1555 ι
2710 1502 2821 1558 Illis
2841 1501 3076 1557 caelestis
3092 1501 3318 1556 scientia
3358 1499 3538 1555 laca-

1967 1596 2103 1659 rius,
2134 1611 2343 1650 necnon
2373 1597 2654 1651 universus
2693 1605 3007 1650 sanctorum
3025 1593 3266 1649 concinit
3309 1593 3534 1655 chorus.

2035 1698 2101 1753 At
2154 1712 2265 1751 non
2308 1695 2480 1752 solum
2509 1694 2576 1748 ad
2606 1695 2659 1749 id
2708 1693 2914 1749 confert
2939 1695 3119 1749 luctus
3157 1704 3215 1749 ut
3247 1696 3409 1750 homo
3436 1697 3530 1752 iiat

1965 1789 2078 1843 fere
2105 1787 2398 1841 immobilis
2427 1786 2492 1840 ad
2525 1783 2722 1837 malum
2745 1793 2799 1837 et
2823 1785 2890 1837 ad
2913 1784 3094 1854 priora
3119 1796 3338 1854 peccata
3368 1786 3527 1842 inde-

1965 1878 2256 1942 clinabiiis,
2279 1877 2371 1931 sed
2398 1877 2512 1931 haec
2531 1875 2685 1941 quasi
2715 1889 2820 1928 non
2846 1874 2984 1927 facta
3005 1874 3197 1930 reddit.
3217 1875 3351 1931 Cum
3378 1880 3526 1934 enim

1964 1971 2067 2026 ista
2099 1971 2282 2040 lugere
2314 1970 2475 2037 erepit
2525 1969 2709 2033 homo,
2743 1969 2881 2035 apud
2915 1966 3080 2020 Deum
3127 1976 3384 2036 tauquam
3421 1985 3527 2025 non

1965 2064 2130 2117 volita
2166 2071 2516 2131 reputantur;
2543 2069 2592 2114 at
2619 2075 2722 2112 non
2748 2059 2908 2114 volita
2936 2074 3039 2113 non
3063 2067 3186 2112 sunt
3207 2059 3526 2129 culpabilia.

1963 2151 2123 2217 Nam,
2149 2150 2600 2219 quemadmodum
2655 2151 2718 2202 de
2773 2149 2950 2213 inopia
3001 2147 3210 2212 dolens,
3247 2149 3385 2204 hanc
3428 2149 3528 2203 sibi

1967 2252 2162 2314 praeter
2212 2243 2542 2296 voluntatem
2582 2255 2704 2295 esse
2756 2249 3004 2306 testatur,
3037 2255 3102 2294 ac
3147 2241 3374 2309 proinde
3403 2255 3528 2295 cum

1966 2338 2283 2391 divitiarum
2312 2334 2521 2403 cupidis
2562 2341 2655 2386 aut
2683 2330 2943 2386 divitibus
2989 2331 3041 2383 in
3073 2330 3293 2398 laqueos
3331 2330 3529 2385 diaboli

1968 2429 2188 2488 incidet.
2233 2436 2417 2495 atque,
2461 2426 2504 2478 si
2557 2440 2664 2478 non
2725 2424 3051 2491 resipiscens
3121 2422 3359 2493 ell‘ngere
3414 2433 3530 2479 stu-

289 2507 430 2562 ἀλλὰ
467 2509 557 2562 καὶ
589 2504 948 2575 ἁσφαλίζεται
975 2503 1072 2573 τὴν
1093 2492 1344 2571 Ἢλὰρετὴν,
1373 2502 1640 2570 ἄτρεπτον
1668 2501 1762 2553 ἐπὶ
1788 2501 1854 2554 τὰ

1962 2519 2140 2575 duerit
2165 2492 2389 2588 laqueos
2437 2519 2590 2580 istos,
2628 2516 2847 2570 internis
2905 2514 3099 2569 inferni
3129 2492 3302 2582 pinnis
3353 2531 3530 2570 reser-

286 2602 458 2672 χείρω
498 2599 598 2670 τὴν
645 2597 821 2668 ψυχὴν
855 2592 1325 2664 ἀπεργαζόμενον.
1363 2592 1694 2663 Πτωχεύσας
1742 2593 1853 2663 γάρ

284 2711 371 2757 τις
416 2693 509 2746 καὶ
551 2688 931 2750 ταπεινωθεὶς,
983 2686 1204 2755 καὶτῆς
1233 2684 1372 2737 κατὰ
1399 2684 1532 2738 Θεὸν
1576 2684 1851 2746 εὐτελείας

287 2781 795 2851 ἀντιπεποιημένος,
841 2777 907 2830 ἂν
952 2776 1026 2847 μὴ
1074 2773 1354 2844 προκόψας
1409 2771 1501 2825 ἐπὶ
1542 2771 1604 2824 τὸ
1645 2771 1852 2841 βέλτιον

286 2874 702 2943 προσκτήσηται
744 2870 804 2922 τὸ
848 2867 1062 2929 πένθος,
1102 2864 1525 2935 εὐπερίτρεπτός
1571 2865 1708 2927 ἐστι,
1754 2863 1851 2916 καὶ

285 2965 518 3034 εὐχερὴς
548 2962 682 3032 πρὸς
709 2961 746 3016 ἂ
767 2960 1150 3014 καταλέλοιπεν
1185 2957 1495 3012 ἐπανελθεῖν
1543 2959 1608 3026 τῇ
1633 2955 1846 3028 γνώμῃ·

284 3057 470 3112 ποθῶν
529 3055 682 3117 αὖθις
717 3052 754 3106 ἃ
802 3051 1015 3122 παρῆκε
1062 3049 1160 3121 τὴν
1205 3049 1400 3119 ἀρχὴν,
1456 3048 1550 3101 καὶ
1598 3049 1849 3110 συνιστὰς

283 3147 609 3222 παραϐάτην
634 3144 850 3198 ἑαυτόν.
884 3144 983 3195 Ἂν
1008 3140 1065 3193 δὲ
1094 3139 1425 3212 παραμένων
1457 3137 1548 3190 καὶ
1567 3135 1849 3206 προσέχων

281 3244 351 3312 τῇ
379 3240 514 3310 πρὸς
546 3237 644 3306 τὴν
677 3235 1016 3306 μακαριστὴν
1048 3230 1322 3301 πτωχείαν
1347 3228 1602 3290 διαθέσει,
1633 3226 1692 3279 τὸ
1723 3230 1850 3278 πέν-

284 3331 378 3393 θος
406 3329 680 3398 ἐμποιήσῃ
723 3323 920 3392 ἑαυτῷ,
965 3320 1186 3391 ἀκλινὴς
1217 3321 1353 3387 πρὸς
1384 3317 1453 3370 τὰ
1500 3317 1673 3370 ὀπίσω
1702 3316 1848 3383 γίνε-

281 3438 393 3484 ται,
451 3419 524 3489 μὴ
569 3415 948 3488 παλινδρομῶν
995 3412 1204 3475 κακῶς,
1257 3411 1378 3464 ὅθεν
1425 3409 1610 3478 ἔφυγε,
1666 3407 1845 3470 καλῶς

284 3511 474 3564 ποιῶν.
509 3509 572 3560 Ἢ
605 3507 712 3575 γὰρ
734 3505 873 3558 κατὰ
894 3504 1026 3556 Θεὸν
1057 3503 1222 3572 λύπη,
1255 3500 1395 3554 καθά
1425 3516 1586 3567 φησιν
1618 3500 1646 3551 ό
1685 3497 1846 3551 Ἀπό-

284 3597 507 3663 στολος,
559 3595 848 3666 μετάνοιαν
897 3592 1306 3661 ἀμεταμέλητον
1361 3585 1730 3658 ἀπεργάζεται
1775 3589 1841 3656 τῇ

279 3687 426 3756 ψυχῇ
468 3685 602 3755 πρὸς
641 3686 932 3752 σωτηρίαν.
991 3681 1082 3733 Διὸ
1141 3681 1232 3734 καί
1287 3698 1370 3744 τις
1423 3680 1530 3733 τῶν
1585 3680 1841 3750 Πατέρων

281 3774 491 3841 ἔλεγεν,
519 3774 600 3826 ὅτι
651 3773 712 3824 τὸ
755 3771 949 3833 πένθος
979 3769 1268 3840 ἐργάζεται
1308 3770 1399 3823 καὶ
1423 3771 1714 3840 φυλάσσει*
1748 3770 1840 3822 καὶ⁵

279 3865 342 3917 οὐ
375 3863 526 3916 τοῦτο
555 3863 714 3932 μόνον
744 3861 860 3917 ἐστὶ
903 3862 964 3915 τὸ
996 3862 1101 3916 ἀπὸ
1126 3861 1219 3914 τοῦ
1247 3863 1476 3924 πένθους
1510 3863 1722 3932 κέρδος,
1756 3861 1838 3914 ὅτι

279 3963 469 4035 σχεδὸν
497 3963 526 4017 ὁ
550 3963 832 4035 ἄνθρωπος
861 3964 1115 4032 ἀκίνητος
1154 3965 1362 4032 γίνεται
1395 3965 1532 4034 πρὸς
1561 3965 1620 4016 τὸ
1659 3965 1852 4031 κακδν,

278 4054 376 4109 καὶ
412 4053 546 4122 πρὸς
599 4053 668 4106 τὰ
717 4055 1192 4124 προημαρτημένα
1249 4055 1674 4126 ἀπερίτρεπτος,
1721 4053 1859 4108 ἀλλὰ

277 4146 378 4202 καὶ
428 4146 633 4208 ἐκεῖνα,
678 4146 751 4208 ὡς
789 4147 864 4214 μὴ
908 4147 1171 4214 γεγονότα
1216 4144 1555 4218 διατίθησινο
1595 4147 1716 4199 ἐπεὶ
1749 4147 1860 4216 γὰρ

277 4236 349 4292 δι’
385 4238 566 4290 ἐκεῖνα
598 4236 696 4307 τὴν
748 4238 922 4308 ἀρχὴν
953 4237 1142 4290 πενθεῖ
1172 4237 1199 4290 ὁ
1229 4236 1537 4309 ἄνθρωπος,
1588 4237 1660 4302 ὡς
1692 4239 1860 4292 ἀκού-

283 4346 381 4382 σια
435 4329 610 4401 τούτῳ
657 4329 828 4383 ταῦτα
885 4329 1161 4398 λογίζεται
1196 4331 1350 4402 παρὰ
1387 4331 1466 4400 τῷ
1521 4329 1660 4401 Θεῷ,
1705 4330 1774 4386 τὰ
1805 4331 1859 4385 δὲ

1956 2611 2198 2668 vabitur:
2237 2610 2315 2664 sic
2351 2616 2408 2662 et
2467 2608 2556 2675 qui
2596 2607 2839 2676 peccavit
2869 2607 2919 2658 in
2954 2604 3145 2669 Deum,
3177 2605 3223 2659 si
3272 2605 3324 2658 in
3380 2607 3525 2660 luctu

1952 2701 2401 2766 perseveraverit,
2435 2697 2595 2766 quasi
2660 2710 2765 2748 non
2823 2693 2984 2746 volita
3028 2693 3128 2761 ipsi
3187 2695 3383 2747 merito
3444 2711 3526 2749 re-

1961 2795 2285 2863 putabuntur
2317 2798 2557 2859 peeeata,
2593 2796 2644 2840 et
2685 2801 2808 2839 cum
2849 2786 2916 2840 iis
2945 2785 3035 2854 qui
3077 2801 3183 2838 non
3217 2787 3288 2839 ita
3341 2800 3530 2853 pecca-

1961 2896 2176 2946 verunt,
2208 2884 2324 2936 sine
2368 2879 2686 2934 oil'endieuio
2738 2878 3031 2932 ambulabit
3062 2878 3116 2932 in
3153 2878 3238 2932 via
3297 2881 3529 2933 ducente

1961 2978 2026 3032 ad
2056 2976 2220 3029 vitam
2248 2983 2525 3027 aeternam.

2021 3064 2126 3119 Seu
2155 3074 2292 3120 sicut
2309 3065 2412 3120 illa:
2438 3063 2673 3120 tenebra
2695 3064 2766 3118 ab
2789 3062 3042 3119 omnibus
3067 3061 3304 3133 peccatis
3333 3072 3514 3118 ortum

1954 3157 2179 3222 ducunt,
2234 3157 2329 3217 ita,
2381 3155 2561 3209 saeculi
2593 3154 2866 3210 tristitiam
2925 3163 3222 3219 scrutatus,
3277 3153 3520 3223 reperies

1953 3262 2047 3302 eas
2081 3263 2110 3301 τι
2163 3249 2378 3302 cunctis
2427 3245 2778 3315 passionibus
2809 3246 2990 3300 enasci
3029 3255 3085 3301 et
3115 3246 3336 3300 nutriri.
3380 3246 3523 3316 Ergo

1954 3337 2244 3407 imaginem
2271 3335 2378 3391 fert
2417 3347 2470 3390 et
2517 3344 2600 3390 est
2630 3335 2783 3405 quasi
2829 3335 3041 3390 initium
3097 3335 3522 3406 prmludiumque

1955 3438 2006 3483 et
2038 3431 2230 3498 pignus
2275 3427 2442 3483 futuri
2505 3427 2860 3482 iudesinentis
2895 3428 3088 3490 luctus.
3115 3425 3200 3480 bis
3229 3427 3321 3496 qni
3350 3425 3521 3480 beati-

1955 3519 2172 3574 ﬁcatum
2209 3534 2237 3572 a
2270 3503 2736 3573 Dominoluctum
2789 3531 2893 3571 non
2943 3516 3222 3586 elegerint,
3270 3515 3360 3584 qui
3410 3529 3520 3568 non

1954 3613 2129 3668 solum
2161 3611 2438 3665 lucrifacit
2483 3609 2925 3676 consolationem,
2950 3608 3278 3662 l'ructilicans
3306 3615 3525 3661 aeternae

1953 3703 2176 3757 arrham
2223 3700 2452 3762 laetitiae.
2476 3701 2569 3756 sed
2602 3711 2656 3755 et
2684 3701 2938 3756 virtutem
2969 3699 3190 3782 .stabilit
3217 3715 3234 3766 ;
3274 3697 3527 3752 immobi-

1953 3795 2061 3848 lt-m
2097 3794 2163 3848 ad
2202 3793 2474 3848 deteriora
2529 3793 2768 3846 animam
2823 3791 3071 3846 reddens.
3117 3788 3328 3857 Pauper
3375 3789 3525 3843 enim

1954 3885 2241 3954 quisquam
2280 3884 2610 3952 humilisque
2660 3893 2713 3937 et
2763 3893 2888 3938 ante
2935 3882 3102 3936 Deum
3164 3881 3285 3934 vilis
3323 3879 3528 3943 factus,

1956 3976 2056 4028 nisi
2080 3976 2296 4042 insuper
2323 3973 2390 4026 ad
2418 3974 2610 4027 melius
2651 3972 2933 4039 proﬁciens
2957 3971 3271 4038 acquisierit
3297 3969 3528 4034 luctum,L

1955 4069 2130 4121 adhuc
2174 4064 2429 4136 proclivis
2485 4074 2542 4118 et
2579 4078 2784 4133 pronus
2811 4071 2894 4116 est
2924 4061 2992 4115 ad
3022 4063 3111 4114 illa
3137 4077 3256 4130 quae
3284 4061 3525 4115 deseruit

1956 4167 2130 4212 mente
2155 4155 2525 4226 repetendum,
2555 4169 2745 4208 rursus
2775 4152 3086 4208 desiderans
3114 4165 3177 4204 ea
3211 4166 3329 4220 quae
3372 4155 3531 4220 prius.

1957 4249 2188 4318 reiiruit,
2217 4257 2272 4305 et
2316 4249 2555 4318 seipsum
2619 4245 2848 4300 reddens
2901 4243 3389 4313 prevaricatorem.
3460 4241 3529 4298 Si

1958 4356 2086 4395 vero
2140 4343 2437 4396 immanens
2491 4352 2547 4395 et
2590 4340 2796 4393 haerens
2866 4334 3056 4389 aiiectu
3088 4337 3257 4390 beatae
3289 4349 3523 4404 pauper-

281 4417 516 4473 ἀκούσια
571 4419 667 4488 οὐχ
721 4419 1016 4472 ὑπεύθυνα.
1051 4417 1316 4489 Καθάπερ
1365 4418 1524 4488 γὰρὸ
1562 4418 1654 4471 ἐπὶ
1699 4417 1855 4488 πενίᾳ

1963 4433 2081 4497 tati,
2113 4432 2318 4488 luctum
2352 4434 2456 4487 sibi
2498 4429 2776 4494 indiderit,
2816 4427 3206 4481 indeclinabilis
3247 4427 3303 4480 lit
3338 4427 3404 4481 ad
3438 4441 3522 4479 re-

281 4509 518 4574 πενθῶν,
541 4511 638 4580 ούχ
665 4509 914 4566 ἑκούσιον
944 4507 1150 4578 ταύτην
1185 4508 1367 4578 ἑαυτῷ
1419 4511 1856 4580 προσμαρτυρεῖ,

281 4599 364 4653 διὸ
391 4600 483 4653 καὶ
530 4601 668 4670 μετὰ
713 4599 822 4652 τῶν
853 4601 1104 4654 πλουτεῖν
1157 4599 1464 4652 ποθούντων
1495 4599 1526 4668 ἦ
1564 4599 1859 4652 πλουτούν-

1966 4533 2218 4590 trorsnm,
2247 4539 2349 4578 non
2370 4539 2433 4578 eo
2457 4525 2721 4586 resiliens,
2752 4523 2890 4576 unde
2909 4522 3042 4591 fugit
3073 4523 3268 4573 bonum
3297 4518 3518 4572 faciens.

1971 4635 1991 4670 ι
2036 4616 2164 4684 Qua:
2190 4616 2332 4670 enim
2369 4617 2663 4669 St‘ClllldUlll
2693 4615 2857 4667 Deum
2887 4612 3106 4666 tristitia
3130 4620 3229 4671 est,
3262 4610 3526 4678 preuiten-

281 4708 415 4753 των,
447 4694 565 4754 ταῖς
600 4692 694 4743 τοῦ
728 4691 974 4743 διαϐόλου
1007 4693 1228 4759 παγίσιν
1260 4692 1599 4760 ἐμπεσεῖται,
1634 4690 1736 4743 κᾶν
1784 4689 1855 4761 μὴ

1967 4710 2097 4763 tiam
2149 4709 2213 4761 ad
2249 4705 2474 4761 salutem
2515 4705 2756 4759 stabilem
2803 4714 3078 4770 operatur,
3098 4719 3128 4773 Α»
3163 4710 3220 4752 ut
3252 4700 3406 4753 divus
3448 4700 3524 4753 ait

287 4781 606 4850 μεταϐαλὼν
657 4782 942 4852 διαδρᾶναι
984 4780 1198 4851 σπεύσῃ
1231 4781 1331 4843 τὰς
1371 4779 1604 4848 παγίδας
1634 4780 1856 4847 ταύτας,

282 4876 350 4943 τῇ
387 4874 588 4944 αἰωνίῳ
620 4875 836 4928 κολάσει
866 4872 1039 4943 τούτῳ
1070 4875 1739 4944 συμπαραπεμφθήσεται’
1768 4873 1859 4928 οὔ·

1966 4799 2167 4857 Paulus
2194 4795 2260 4851 “.
2289 4794 2356 4849 Et
2405 4804 2706 4865 propterea,
2730 4802 2789 4848 ut
2836 4793 3051 4862 quidam
3099 4790 3320 4845 Patrum
3357 4790 3536 4850 dixit;

1976 4909 1998 4944 ι
2031 4890 2230 4944 Luctus
2259 4895 2514 4955 Operatur
2541 4895 2594 4937 et
2625 4890 2930 4940 conservat.
2977 4899 2996 4931 ι

271 4975 386 5022 τως
419 4961 449 5012 ό
483 4961 746 5032 ἁμαρτὼν
771 4965 850 5026 είς
882 4967 975 5018 τὸν
1007 4967 1162 5032 Θεὸν,
1199 4969 1270 5022 ἂν
1301 4970 1395 5023 ἐπὶ
1416 4972 1529 5034 τοῖς
1562 4971 1928 5039 ἁμαρτήμασι
1951 4969 2168 5040 διατελῇ
2202 4970 2438 5031 πενθῶν.
2466 4969 2540 5028 ὡς
2575 4965 2672 5033 οὐχ
2705 4962 2926 5016 ἑκούσια
2950 4962 3176 5026 δικαίως
3205 4961 3353 5033 αὖτῷ
3388 4963 3544 5029 λογιι

279 5049 548 5118 σθήσεται
573 5055 636 5105 τά
663 5054 1058 5128 ἁμαρτήματα,
1090 5062 1184 5114 καὶ
1229 5063 1369 5132 μετὰ
1403 5063 1512 5116 τῶν
1551 5063 1625 5132 μὴ
1659 5063 1922 5126 ὡσαύτως
1956 5064 2319 5134 ἁμαρτόντων
2348 5057 2721 5130 ἁπροσκόπως
2761 5055 3027 5126 βαδιεῖται
3071 5056 3170 5126 τὴν
3209 5056 3346 5126 πρὸς
3392 5056 3542 5124 ζωὴν

278 5145 454 5214 φέρου
465 5165 564 5202 σαν
604 5170 629 5201 σ
643 5153 840 5209 ἰώνιον.

356 5272 471 5340 Τῆς
504 5273 604 5342 μὲν
629 5274 722 5328 οὖν
765 5277 942 5349 ἀρχῆς
985 5280 1077 5332 τοῦ
1110 5278 1362 5342 πένθους,
1391 5279 1512 5349 ἥτις
1553 5278 1860 5340 κατώδυνός

2033 5279 2240 5335 Luctus
2266 5279 2429 5348 igitur
2465 5279 2707 5339 initium,
2728 5273 2872 5343 quod
2903 5271 3214 5326 dnlorosum
3239 5275 3342 5330 est,
3369 5276 3540 5336 upoie

276 5367 467 5427 ἐστιν,
524 5365 599 5428 ὡς
662 5367 758 5420 καὶ
819 5370 910 5422 τὸν
953 5371 1046 5424 τοῦ
1099 5371 1235 5424 Θεοῦ
1290 5370 1455 5440 φόϐον
1514 5371 1855 5441 συνημμένον

1962 5369 2213 5425 timorem
2258 5371 2349 5424 Dei
2386 5369 2646 5424 comitem
2693 5365 2924 5428 habens,
2964 5362 3098 5416 illud
3142 5369 3405 5430 operatur
3451 5358 3536 5409 lus

281 5454 623 5526 κεκτημένη,
665 5455 825 5511 τοῦτό
875 5460 990 5513 ἐστι
1045 5461 1102 5514 τ’)
1131 5460 1342 5532 κέρδος.
1403 5457 1612 5514 Ποοῐῶν
1651 5460 1732 5524 δὲ,
1794 5463 1855 5531 τῇ

1963 5477 2140 5518 crum.
2181 5462 2545 5532 Progrediens
2591 5466 2807 5525 autem,
2856 5456 2948 5514 Dei
2994 5453 3170 5510 amori
3209 5449 3545 5510 mirabiliter

486 5558 504 5588 κ

384 5691 428 5728 υ
459 5689 502 5750 il
525 5693 650 5748 Cor.
686 5709 801 5757 vin,
842 5693 924 5749 10.
