4146 6308
628 304 779 374 103Τ

1869 293 2252 358 ΟΠΕΟΟΒῘΙ
2297 291 2620 351 ΡΑΙΑᾹΜΞΕ

3737 287 3871 350 1088

625 421 988 488 coniungitur,
1021 419 1075 464 et
1109 411 1323 463 dulcem
1373 422 1436 461 ac
1483 417 1698 458 sacram
1739 400 2031 456 fructifirat
2073 412 2205 450 con-

2316 387 2397 440 ςοῦ
2454 390 2590 443 Θεοῦ
2654 393 2847 467 ἀγάπῃ
2913 394 3247 463 θαυμαστῶς
3329 395 3720 461 συνάππεται,
3785 401 3876 452 καὶ

624 514 942 568 sulatimtem
995 504 1222 573 spiritus
1262 498 1574 559 suavitatis,
1601 511 1764 565 quam
1815 502 1997 563 gustat
2027 492 2204 545 luctus

625 615 871 663 consors,
901 608 956 652 et
1005 611 1126 666 qua;
1163 609 1268 647 non
1305 591 1546 660 expertis
1579 588 1693 642 fere
1739 580 2205 653 incomprehensi-

629 690 750 741 hilis
782 695 888 751 est,
925 692 1107 753 utpote
1163 676 1566 734 inenarrabilis.
1595 674 1728 728 Nam
1762 675 1805 728 si
1855 672 2200 727 dulcedinem

632 779 804 832 mellis
839 771 997 828 nemo
1048 771 1298 825 nuntiare
1343 777 1520 838 potest
1553 769 1636 820 his
1677 765 1768 834 qui
1807 780 1909 818 non
1955 772 2202 832 gustave-

633 882 778 932 rnnt,
835 870 954 938 quis
1007 866 1172 937 igitur
1215 877 1386 917 sacrae
1411 877 1477 915 ex
1521 861 1629 914 Deo
1661 859 1860 912 laetitiae
1910 873 1975 911 ac
2023 855 2207 924 gra'im

629 964 854 1017 delicias
896 975 1000 1012 non
1035 954 1277 1026 expertis
1323 951 1650 1010 enarrabit?
1694 951 1865 1004 Nemo
1913 958 2083 1009 certe,
2113 944 2206 999 sed

633 1057 848 1110 ridetur
902 1050 1114 1105 initium
1154 1049 1331 1102 luctus
1382 1059 1506 1100 esse
1538 1044 1691 1114 quasi
1733 1044 1977 1113 quasdam
2016 1039 2210 1108 petitio

632 1145 867 1216 ronjugii
915 1156 1038 1196 cum
1094 1140 1224 1203 Deo,
1259 1138 1402 1208 quod
1444 1137 1555 1191 fere
1587 1136 1923 1190 inaccessum
1958 1131 2208 1185 habetur.

633 1238 756 1291 lleo
789 1235 944 1304 quasi
973 1232 1267 1286 institricia
1297 1233 1461 1285 verba
1487 1229 1840 1299 proferuntur
1866 1227 1930 1278 ad
1959 1221 2212 1292 conjungi

636 1328 962 1384 nescientem
1017 1338 1298 1393 sponsum,
1322 1321 1388 1376 ab
1422 1321 1488 1375 iis
1517 1321 1606 1389 qui
1643 1320 1711 1373 ob
1759 1316 2093 1372 desiderium
2123 1313 2214 1368 luo

635 1432 782 1492 gent,
839 1419 1158 1488 plangentes
1206 1415 1514 1481 seipsos,et
1557 1426 1682 1466 eum
1720 1409 2019 1479 ploratibus
2060 1407 2217 1460 invo-

636 1526 827 1570 cantes
864 1520 923 1564 ut
976 1525 1080 1564 non
1143 1514 1466 1576 praesentem
1523 1513 1580 1558 et
1641 1516 1916 1571 nunquam
1983 1501 2217 1554 fortasse

639 1608 955 1662 astiturum.
991 1601 1260 1656 PerfeCtio
1323 1600 1555 1666 denique
1609 1596 1785 1649 luctus
1827 1605 1910 1648 est
1960 1607 2218 1646 consum-

2303 491 2404 552 τὴν
2466 489 2740 557 γλυκερὰν
2797 489 2890 540 καὶ
2950 489 3101 558 ἱερὰν
3157 488 3508 559 παράκλησιν
3566 489 3882 559 καρποῦται

2301 581 2403 647 τῆς
2446 579 2543 634 τοῦ
2588 580 2950 650 Παρακλήτου
2985 581 3378 650 χρηστότητος,
3431 583 3731 650 γευομένου
3785 583 3877 636 τοῦ

2303 673 2384 743 τῷ
2440 673 2630 726 πένθει
2676 672 3042 734 ποιωθέντος’
3090 673 3130 741 ’ἢ
3181 676 3293 736 τοῖς
3345 677 3420 743 μὴ
3468 673 3633 744 [πε]
3686 693 3885 744 πειραο

2303 762 2483 830 μένοις
2511 761 2694 830 σχεδὸν
2724 760 3054 828 ἀνήκουστός
3084 763 3249 821 ἐστιν,
3284 763 3356 824 ὡς
3389 765 3645 834 ἄρῤητος.
3680 767 3739 817 El
3763 773 3873 834 γαρ

2300 851 2612 921 γλυκύτητα
2653 849 2865 919 μέλιτος
2919 850 3094 913 οὐδεὶς
3124 852 3415 919 ἀναγγελεῖ
3462 855 3575 916 τοῖς
3628 854 3703 924 μὴ
3741 873 3874 922 γευ.

2303 944 2576 1012 σαμένοις,
2623 943 2740 1006 πῶς
2791 942 2899 1013 ἄρα
2947 941 3046 1010 τῆς
3079 943 3229 1011 ἱεράς
3273 945 3336 995 ὲκ
3363 943 3496 997 Θεοῦ
3547 949 3722 1016 χαρᾶς
3778 949 3878 1000 καὶ

2300 1038 2520 1108 χάριτος
2557 1035 2654 1106 τὴν
2699 1035 2890 1105 ἡδονὴν
2927 1037 3036 1096 τοῖς
3099 1037 3174 1104 μὴ
3211 1037 3638 1110 πεπειραμένοις
3677 1038 3877 1108 διηγῇ-

2305 1127 2454 1180 σεταί
2488 1143 2601 1191 τιςς
2638 1128 2699 1179 οὐ
2732 1125 2858 1195 μὴν,
2901 1125 3018 1178 ἀλλ’
3040 1126 3269 1196 ἑοικενὴ
3307 1127 3407 1194 μὲν
3435 1127 3578 1198 ἀρχὴ
3613 1129 3706 1182 τοῦ
3740 1131 3877 1182 πέν-

2305 1219 2447 1282 θους,
2472 1213 2582 1271 οἷόν
2616 1236 2695 1280 τις
2731 1215 2867 1270 εἶναι
2907 1218 3042 1270 Θεοῦ
3070 1219 3363 1289 μνηστείας
3399 1220 3649 1290 ζήτησις,
3685 1224 3878 1291 σχεδὸν

2303 1311 2562 1381 δοκούσης
2600 1309 2915 1379 ἀνεφίκτου.
2953 1309 3044 1362 Διὸ
3076 1309 3167 1362 καί
3204 1326 3345 1372 τινες
3374 1305 3485 1363 οἷον
3539 1328 3880 1382 προμνηστι-

2305 1402 2392 1456 κοὶ
2430 1401 2702 1456 κινοῦνται
2743 1400 2912 1468 λόγοι,
2957 1403 3109 1474 παρά
3146 1401 3253 1455 τῶν
3289 1402 3377 1456 διά
3419 1404 3517 1472 τὴν
3548 1405 3880 1474 ἐπιπόθησιν

2308 1497 2666 1559 πενθούντων,
2698 1497 2834 1566 πρὸς
2860 1497 2949 1548 τὸν
2965 1496 3330 1551 ἀσυνδύαστον
3360 1500 3613 1568 νυμφίον,
3645 1501 3883 1552 κοπτόν-

2306 1605 2413 1641 των
2461 1590 2708 1652 έαυτοὺς,
2761 1587 2852 1640 καὶ
2889 1589 2985 1641 σὺν
3033 1589 3259 1660 ὀλολυγῇ
3306 1590 3634 1657 καλούντων,
3688 1592 3764 1654 ὼς
3813 1594 3879 1644 οὐ

643 1710 788 1755 inata
814 1698 947 1752 casti
981 1695 1218 1766 conjugii
1255 1692 1468 1761 c0pula.
1493 1691 1677 1758 Itaque
1707 1687 1925 1752 Paulus,
1961 1699 2214 1755 inagnum

2316 1679 2572 1750 παρόντα,
2606 1679 2739 1751 μηδὲ
2771 1681 3144 1751 παρεσόμενον
3163 1682 3311 1744 ίσως.
3351 1683 3423 1734 Τὸ
3451 1683 3506 1736 δὲ
3529 1683 3620 1735 τοῦ
3650 1683 3884 1747 πένθους

645 1800 1044 1848 sacramentum
1101 1799 1303 1840 vocans
1350 1783 1645 1851 conjugqu
1695 1779 1747 1832 in
1802 1793 1962 1830 unam
1999 1789 2219 1828 Carnem

2316 1749 2480 1834 τέλος,
2511 1749 2754 1842 νυμφικῇ
2800 1749 2863 1823 έν
2889 1772 3078 1839 ἁγνείᾳ
3125 1774 3391 1839 συνάφεια
3437 1774 3638 1827 τελεία.
3679 1775 3882 1844 Διόπερ

645 1885 874 1948 coitum,
912 1879 1095 1934 subdit
1119 1878 1167 1910 ⁸⁸
1208 1893 1223 1932 :
1269 1894 1287 1927 ι
1336 1873 1448 1941 Ego
1497 1883 1679 1926 autem
1733 1871 1854 1924 dico
1895 1869 1948 1921 in
2000 1866 2221 1921 Christo

645 1986 698 2030 et
733 1977 786 2028 iu
823 1970 1092 2027 Ecclesia.
1144 1987 1162 2019 ι
1209 1964 1276 2020 Ut
1321 1965 1462 2020 enim
1516 1962 1572 2015 hi
1633 1970 1759 2014 sunt
1811 1974 1916 2012 una
1963 1971 2112 2020 caro,
2141 1956 2223 2012 sic

647 2081 786 2121 unus
816 2080 937 2118 cum
971 2062 1080 2117 Deo
1115 2059 1336 2128 spiritus
1377 2064 1506 2111 sunt
1537 2052 1631 2108 Dei
1662 2052 1936 2122 conjuges,
1961 2048 2225 2117 quemad-

647 2160 865 2212 n.odum
898 2157 1037 2209 idem
1067 2153 1196 2208 alibi
1232 2151 1364 2205 dicit
1392 2148 1438 2179 ⁸⁸
1467 2165 1481 2201 :
1515 2165 1534 2199 ‹
1575 2144 1674 2211 Qui
1703 2144 1945 2198 adhaat'et
1971 2140 2224 2202 Domino,

647 2265 786 2304 unus
815 2257 900 2304 est
932 2246 1174 2316 spiritus.
1201 2263 1220 2295 ι
1263 2243 1364 2299 Ubi
1398 2250 1523 2296 sunt
1549 2238 1713 2309 igitur
1744 2238 1835 2306 qui
1866 2234 2222 2295 contendunt,

647 2352 885 2397 creatam
921 2353 1046 2394 esse
1094 2337 1321 2407 gratiam
1378 2333 1768 2388 inhabitantem
1822 2327 2026 2382 sanctis
2082 2324 2226 2379 Dei?

649 2435 838 2488 Sciant
891 2447 950 2486 se
999 2429 1378 2497 blasphemare
1433 2423 1702 2477 adversus
1734 2421 1911 2488 ipsum
1949 2417 2222 2485 spiritum,

649 2527 806 2592 cujus
836 2522 1128 2594 participes
1162 2529 1288 2574 sunt
1319 2517 1392 2570 illi
1437 2516 1635 2571 sancti.

722 2613 833 2667 Nos
865 2628 996 2666 vero
1029 2608 1295 2679 propositi
1327 2605 1469 2659 aliud
1507 2602 1849 2658 manifestius
1886 2600 2228 2672 proferamus

653 2705 982 2773 exeruplum.
1015 2702 1235 2754 Initium
1291 2700 1489 2768 quippe
1522 2698 1700 2752 luctus
1743 2707 1827 2752 est
1884 2695 2060 2750 simile
2099 2707 2231 2746 con-

653 2799 926 2855 versionis
984 2794 1217 2865 prodigi,
1253 2807 1315 2847 ac
1351 2791 1576 2861 proinde
1624 2805 1747 2844 eum
1795 2790 1885 2859 qui
1923 2788 2005 2842 sic
2060 2787 2227 2855 luget,

655 2892 859 2961 pudore
887 2886 1148 2943 suﬂ’undit
1170 2893 1224 2939 et
1255 2887 1503 2938 hortatur
1531 2883 1595 2936 ad
1618 2882 1780 2937 verba
1815 2882 1929 2935 hac
1959 2877 2186 2934 dicenda
2211 2893 2226 2929 :

660 3003 679 3034 ι
723 2982 903 3048 Pater,
933 2977 1150 3049 peccavi
1177 2978 1228 3031 in
1261 2977 1460 3031 cmlum
1505 2985 1559 3030 et
1600 2989 1784 3030 coram
1843 2985 1915 3036 te,
1957 2972 2068 3042 jam
2122 2984 2231 3023 non

656 3089 776 3128 slum
811 3076 1005 3143 dignus
1053 3070 1236 3124 vocari
1267 3068 1409 3122 filius
1447 3077 1568 3122 tuus
1601 3051 1704 3120 ".3
1747 3064 2015 3120 Perfeetio
2049 3071 2230 3116 autem

658 3169 805 3220 illius
854 3167 983 3219 item
1033 3147 1245 3217 similis
1279 3170 1363 3215 est
1397 3160 1648 3215 occursui
1679 3167 1734 3214 et
1778 3156 1966 3213 osculo
1993 3152 2234 3223 supremi

658 3257 863 3322 Patris,
895 3255 1051 3324 cujus
1082 3251 1374 3307 ineﬂ'abilis
1434 3248 1822 3304 misericordiae
1853 3245 2068 3300 divitias
2103 3255 2234 3296 con-

659 3361 899 3416 secutus,
929 3359 982 3401 et
1041 3355 1260 3414 propter
1292 3345 1432 3398 hanc
1488 3343 1658 3396 multa
1692 3339 1874 3394 laztitia
1929 3347 1984 3391 et
2037 3335 2234 3388 fiducia

662 3444 904 3513 repletus
960 3439 1123 3504 ﬁlius,
1170 3438 1236 3490 ah
1275 3451 1340 3490 eo
1382 3446 1596 3488 amatur
1626 3445 1867 3522 eumque
1893 3428 2160 3491 redamat,
2185 3434 2237 3479 et

662 3553 786 3590 Clllll
817 3549 882 3590 eo
915 3536 1083 3588 intrat
1115 3541 1168 3587 et
1194 3529 1474 3600 epulatur,
1511 3525 1732 3581 cceleste
1767 3521 2084 3578 combibens
2107 3533 2237 3588 gau—

664 3631 829 3682 dium.

739 3719 832 3772 Eia
866 3731 996 3786 ergo
1021 3712 1228 3776 venite,
1251 3721 1304 3765 et
1335 3725 1438 3764 nos
1477 3711 1529 3763 in
1563 3709 1716 3764 beata
1759 3714 2076 3776 paupertate
2108 3718 2235 3773 pro-

664 3813 908 3866 cidamus
930 3818 982 3862 et
1016 3806 1287 3876 ploremus
1317 3818 1499 3857 coram
1533 3800 1758 3854 Domino
1783 3799 1850 3864 ⁸⁸,
1891 3798 1998 3852 Deo
2023 3805 2233 3860 uestro,

671 3914 727 3954 ιιι
766 3909 954 3956 nostra
991 3898 1260 3951 diluamus
1294 3905 1537 3963 peccata,
1563 3902 1616 3947 et
1653 3894 1719 3947 ad
1753 3893 1950 3946 malum
1988 3889 2239 3944 immobi-

669 3997 746 4048 les
797 3993 1012 4064 liamus,
1039 4002 1092 4046 et
1141 3988 1410 4044 Paracleti
1454 3989 1622 4042 simus
1669 3987 1978 4056 participes,
2012 3985 2238 4054 gloriam

666 4089 716 4140 ei
750 4087 962 4151 dantes,
996 4100 1118 4139 cum
1168 4082 1410 4151 ingenito
1453 4081 1706 4152 Patre,et
1741 4077 2030 4147 Unigenilo
2083 4075 2240 4140 Filio,

673 4193 818 4233 uuae
843 4186 899 4232 et
939 4191 1172 4245 semper,
1201 4185 1252 4229 et
1280 4175 1333 4228 in
1375 4172 1568 4226 saecula
1607 4169 1949 4224 saaculorum.
1973 4168 2168 4222 Amen.

2311 1863 2340 1915 ὁ
2372 1861 2596 1928 Παῦλος,
2645 1862 2786 1930 μέγα
2843 1865 3136 1934 μυστήριον
3202 1865 3551 1928 ἀποκαλέσας
3595 1864 3695 1934 τὴν
3742 1867 3881 1936 πρὸς

2317 1955 2442 2024 μίαν
2487 1953 2664 2022 σάρκα
2711 1954 2820 2005 τῶν
2869 1955 3150 2024 όμοζύγων
3199 1955 3536 2026 συνδρομήν·
3595 1957 3779 2025 (Ἐγὼ
3823 1958 3883 2011 δὲ

2313 2045 2468 2098 τοῦτο
2500 2045 2658 2113 λέγω,
2694 2045 2876 2115 φησὶν,
2905 2049 2984 2108 είς
3009 2049 3256 2117 Χριστὸν,
3289 2049 3382 2100 καὶ
3407 2052 3487 2110 είς
3517 2049 3613 2116 τὴν
3651 2051 3884 2120 Ἐκκλη-

2317 2137 2436 2190 σίαν
2463 2153 2476 2164 ·
2517 2155 2535 2187 ›
2569 2136 2642 2199 ὡς
2680 2137 2788 2207 γὰρ
2833 2139 3028 2190 ἐκεῖνοι
3066 2139 3164 2208 μία
3210 2139 3368 2210 σάρξ,
3404 2140 3545 2192 οὕτω
3574 2141 3794 2211 πνεῦμα
3825 2142 3882 2194 ἓν

2320 2228 2457 2295 μετὰ
2492 2227 2586 2280 τοῦ
2609 2227 2742 2280 Θεοῦ
2789 2229 2838 2280 οί
2863 2229 2958 2281 τοῦ
2994 2228 3127 2282 Θεοῦ
3181 2233 3352 2283 εἰσιν·
3392 2231 3468 2294 ὡς
3507 2232 3738 2302 ἀλλαχοῦ
3788 2251 3885 2288 σαι

2317 2320 2432 2386 φῶς
2459 2320 2619 2374 πάλιν
2651 2319 2802 2374 εἷπεν
2835 2323 2863 2374 ὁ
2911 2322 3091 2386 αὐτὸς,
3128 2323 3210 2375 ὅτι
3244 2324 3272 2374 ὁ
3303 2322 3639 2393 κολλώμενος
3669 2325 3746 2396 τῷ
3774 2326 3885 2378 Κυ-

2321 2408 2438 2478 ρίῳ,
2471 2410 2527 2461 ἒν
2553 2410 2767 2480 πνεῦμά
2802 2414 2937 2465 ἐστι.
2976 2412 3084 2464 Ποῦ
3113 2414 3250 2465 είσιν
3290 2415 3338 2466 oi
3373 2414 3620 2482 λέγοντες
3659 2418 3885 2486 κτιστὴν

2318 2501 2478 2570 χάριν
2508 2501 2604 2571 τὴν
2642 2501 2959 2555 ἐνοικοῦσαν
2991 2505 3102 2566 τοῖς
3129 2503 3305 2570 ἁγίοις
3348 2505 3438 2557 τοῦ
3465 2493 3600 2558 Θεοῦ
3628 2508 3885 2573 ;Γνώτω-

2319 2605 2417 2641 σαν
2450 2591 2528 2652 είς
2581 2590 2711 2643 αὐτὸ
2757 2593 2816 2642 τὸ
2869 2592 3083 2662 πνεῦμα
3134 2593 3598 2665 βλασφημοῦντες,
3646 2600 3708 2652 τὸ
3750 2601 3888 2670 μετά

2317 2679 2426 2733 τῶν
2454 2681 2624 2747 ἁγίων
2652 2683 2708 2734 ὲν
2734 2684 2800 2753 τῇ
2839 2685 3122 2752 μεταδόσει
3169 2687 3412 2754 γεγονός.
3465 2687 3656 2758 Ἡμεῖς
3704 2691 3762 2743 δὲ
3795 2692 3886 2744 τοῦ

2319 2775 2676 2845 προκειμένου
2694 2778 2786 2829 καὶ
2801 2777 2887 2830 ἓτε
2896 2794 2984 2848 ρον
2999 2781 3024 2830 ὲ
3031 2779 3257 2852 μφαν[τ]
3266 2781 3422 2834 ικώτε
3431 2800 3520 2854 ρον
3537 2786 3890 2856 παράδειγμα

2321 2867 2647 2938 προθῶμενο
2689 2871 2722 2937 ἡ
2777 2870 2874 2939 μὲν
2913 2870 3020 2940 γάρ
3069 2873 3212 2942 ἀρχὴ
3254 2871 3349 2925 τοῦ
3383 2875 3631 2940 πένθους,
3666 2882 3728 2950 τῇ
3766 2881 3890 2934 snt-

2322 2962 2528 3030 στροφῇ
2555 2959 2648 3012 τοῦ
2677 2960 2888 3014 ἀσώτου
2915 2961 3057 3014 ἔοικε
3080 3000 3096 3027 ,
3127 2963 3208 3016 διὸ
3243 2965 3336 3016 καὶ
3373 2969 3678 3036 κατηφείας
3718 2973 3891 3039 εμπι-

2323 3051 2430 3119 πὶιᾷ
2467 3050 2558 3102 τὸν
2592 3051 2829 3120 ἐργάτην
2857 3053 3074 3120 ἑαυτῆς,
3107 3055 3202 3106 καὶ
3249 3056 3375 3118 τοὺς
3408 3057 3598 3124 λόγους
3646 3060 3893 3123 ἐκείνους

2322 3142 2604 3196 ἀναπείθει
2625 3142 2801 3212 λέγειν
2821 3159 2834 3174 '
2876 3163 2895 3195 ι
2918 3145 3117 3215 Πάτερ,
3151 3147 3397 3216 ἥμαρτον
3432 3152 3510 3214 εἰς
3540 3152 3633 3203 τὸν
3661 3153 3892 3221 οὐρανὸν

2325 3235 2417 3287 καὶ
2441 3235 2670 3289 ἐνώπιόν
2718 3254 2832 3301 σου,
2868 3239 2960 3290 καὶ
3005 3240 3104 3291 οὐκ
3149 3240 3228 3293 ἔτι
3269 3243 3385 3311 είμὶ
3432 3243 3580 3307 ἄξιος
3624 3245 3894 3314 κληθῆναι

2323 3327 2437 3388 υἱός
2460 3343 2604 3379 σου.»
2645 3327 2718 3378 Τὸ
2751 3326 2808 3380 δὲ
2837 3328 2990 3390 τέλος
3035 3325 3192 3393 αὖθις
3224 3331 3366 3385 ἔοικε
3389 3337 3453 3403 τῇ
3497 3335 3589 3387 τοῦ
3629 3337 3894 3390 ἀνωτάτω

2325 3416 2536 3486 Πατρός
2582 3421 2994 3490 προῦπαντὴτει
3035 3438 3094 3473 τε
3162 3424 3255 3476 καὶ
3309 3425 3617 3496 συμπλοκῇ,
3668 3423 3895 3500 ἐνῇτῷ

2327 3512 2540 3582 πλούτῳ
2577 3513 2676 3582 τῆς
2709 3515 3031 3569 ἀνεικάστου
3059 3517 3458 3587 εὐσπλαγχνίας
3505 3521 3768 3590 ἐντυχὼν,
3806 3526 3898 3576 καὶ

2327 3604 2530 3676 πολλῆς
2563 3608 2736 3675 χαρᾶς
2789 3607 2878 3659 καὶ
2920 3609 3227 3678 παρρησίας
3263 3611 3331 3662 δι’
3361 3611 3529 3680 αὐτὴν
3562 3614 3589 3664 ὁ
3633 3614 3754 3675 υἱὸς
3783 3616 3897 3666 ὲπι-

2328 3698 2528 3766 τυχὼν,
2562 3698 2795 3765 ὲφιλεῖτό
2825 3716 2884 3751 τε
2915 3701 3005 3751 καὶ
3047 3700 3342 3768 ἀντεφίλει,
3394 3704 3485 3755 καὶ
3513 3705 3893 3770 συνεισελθὼν,

2332 3793 2669 3844 συνειστιᾶτο
2713 3790 2790 3860 τῷ
2837 3793 3028 3863 Πατρὶ,
3079 3794 3177 3863 τῆς
3225 3794 3476 3863 οὐρανίου
3510 3797 3898 3850 συναπολαύων

2331 3883 2690 3954 εὐφροσύνης.
2731 3885 2892 3938 Ἀλλά
2940 3885 3087 3937 δεῦτε
3137 3887 3233 3938 καὶ
3284 3889 3440 3956 ἡμεῖς
3482 3889 3541 3940 ἐν
3588 3894 3896 3962 μακαριστῇ

2334 3976 2618 4044 πτωχείᾳ,
2665 3974 3082 4044 προσπέσωμεν,
3128 3977 3220 4028 καὶ
3275 3975 3601 4031 κλαύσωμεν
3655 3980 3898 4032 ἐναντίον

2336 4071 2540 4142 Κυρίου
2562 4072 2654 4125 τοῦ
2677 4070 2812 4124 Θεοῦ
2842 4068 3021 4138 ἡμῶν,
3057 4068 3145 4122 ίνα
3183 4067 3277 4120 καὶ
3319 4067 3388 4119 τά
3427 4071 3902 4138 προημαρτημένα

2329 4161 2738 4230 ἀπαλείῲωμεν,
2775 4160 2871 4214 καὶ
2919 4159 3056 4229 πρὸς
3083 4158 3181 4229 τὴν
3211 4158 3408 4211 κακίαν
3453 4159 3751 4226 ἀκινήτους
3777 4162 3900 4213 tau—-

663 4263 789 4323 τοὺς
823 4261 1164 4328 ποιήσωμεν,
1219 4261 1315 4311 καὶ
1345 4256 1438 4310 τοῦ
1471 4256 1828 4324 Παρακλήτου
1858 4251 2227 4322 ἐπιτύχωμεν,
2293 4251 2355 4303 ἐν
2386 4251 2535 4319 αὐτῷ
2567 4246 3078 4319 παρακαλούμενοι,
3128 4244 3219 4298 καὶ
3246 4241 3395 4312 αὑτῷ
3441 4243 3543 4311 τὴν
3589 4244 3753 4310 δόξαν
3793 4244 3913 4297 ἀνα-

667 4358 999 4424 πέμποντες,
1027 4356 1121 4406 σὺν
1149 4352 1225 4422 τῷ
1249 4352 1470 4422 ἀνάρχῳ
1501 4350 1695 4420 Πατρὶ,
1721 4349 1816 4402 καὶ
1845 4348 1922 4418 τῷ
1955 4348 2234 4416 μονογένει
2268 4347 2402 4417 Υεῷ,
2433 4347 2549 4412 νῦν,
2588 4345 2682 4400 καὶ
2711 4347 2834 4408 ἀεὶ,
2868 4345 2960 4398 καὶ
2993 4345 3072 4407 είς
3118 4344 3245 4404 τοὺς
3280 4339 3489 4397 αἰῶνας
3537 4339 3652 4393 τῶν
3694 4341 3916 4393 αἰώνων.

680 4451 871 4518 ’Λμήκη

739 4611 783 4641 ⁸⁵
819 4605 1012 4677 Euhcs.
1077 4617 1150 4668 Vt,
1189 4601 1280 4656 5‘2.
1391 4601 1434 4633 ⁸⁵
1467 4601 1481 4653 Ι
1509 4603 1640 4657 Cor.
1671 4619 1742 4668 Vl,
1781 4603 1860 4654 l7.

1973 4603 2018 4632 ⁸⁷
2058 4600 2191 4656 Luc.
2240 4615 2326 4660 xv,
2362 4599 2450 4650 “2f.

2565 4597 2609 4628 ⁸⁸
2639 4593 2782 4649 Psal.
2821 4609 2955 4646 χειν.
