4146 6308
268 398 406 465 1089

273 557 316 565 ι-ν
329 562 366 566 ρ.-
380 560 582 568 *σι’-
601 559 1043 566 ν-ς--ισςσ-ων-υαι-
1058 560 1180 566 τηις-..-

1273 405 1618 467 DECALOG
1632 406 1724 465 US
1758 403 2244 466 CIIRISTIANHE
2285 405 2528 468 LEGIS.

3385 411 3524 474 1090

1970 564 2306 571 ._....-_____..__-
2327 566 2406 571 η---
2419 566 2428 571 .
2439 566 2536 572 ....-_.
2553 565 2800 571 ...-__.v..__.__
2813 565 2816 567 λ
2829 564 2838 569 -
2849 564 3067 571 -—.—_—.—_..
3081 565 3406 575 _._.__.‘_,
3425 570 3481 584 ν..

545 962 1212 1054 ΔΕΚᾹΛΟΓΟΣ
1269 970 1488 1055 ΤΗΣ
1564 969 1862 1054 ΚΑΤΑ
1928 970 2407 1056 ΧΡΙΣΤΟΝ
2475 970 3231 1061 ΝΟΜΟΘΕΣΙΑΣ.
3328 1061 3334 1072 ,

1469 1313 2345 1472 EJUSDEM

698 1612 962 1726 DEC
990 1613 1535 1727 ALOGUS
1613 1613 2538 1729 CHRISTIANZE
2627 1615 3086 1730 LEGIS.

348 1975 550 2045 Κύριος
588 1975 616 2026 ὁ
640 1975 770 2038 Θεός
817 1994 909 2030 σου
950 1977 1154 2048 Κύριος
1183 1973 1263 2043 εἷς
1297 1981 1465 2046 ἐστιν,
1499 1982 1528 2034 ὁ
1552 1983 1610 2035 ὲν
1637 1979 1846 2052 ﬂat-pl,
1885 1970 1926 2024 Α

275 2069 370 2122 καὶ
404 2068 538 2136 Υίῷ,
590 2069 684 2122 καὶ
734 2070 873 2140 ἁγίῳ
899 2071 1178 2142 Πνεύματι
1207 2075 1604 2144 γνωριζόμενος
1625 2090 1640 2104 ο
1674 2060 1850 2146 Πατρὶ

277 2163 578 2231 άγεννήτῳ,
633 2162 744 2231 Υἱῷ
795 2165 1059 2234 γεννητῷ,
1113 2165 1393 2236 ἀνάρχως,
1443 2168 1536 2220 καὶ
1581 2167 1848 2236 άχρόνως,

280 2258 376 2308 καὶ
429 2253 676 2320 ἀπαθῶς,
706 2257 782 2318 ὡς
831 2256 1026 2324 Λόγῳ·
1058 2259 1116 2320 ὃς
1165 2258 1232 2311 δι’
1275 2259 1466 2313 ἑαυτοῦ
1498 2259 1558 2312 τὸ
1597 2259 1653 2325 ἐξ
1692 2259 1851 2328 ἡμῶν

280 2346 476 2416 χρίσας
534 2347 891 2417 πρόσλημμα,
939 2349 1200 2420 κέκληται
1247 2352 1502 2420 Χριστὸς,
1538 2352 1632 2404 καὶ
1683 2346 1851 2404 Ilvati-

285 2455 418 2508 ματι
445 2438 603 2509 ἁγίῳ,
637 2440 728 2492 καὶ
759 2439 908 2511 αὺτῷ
948 2442 1012 2495 ὲκ
1059 2442 1153 2494 τοῦ
1191 2443 1422 2515 Πατρὸς,
1458 2445 1519 2496 οὐ
1554 2444 1848 2512 γεννητῶς,

278 2533 396 2584 ἁ>λ’
443 2533 790 2602 ἐκπορευτῶς
825 2535 1232 2606 προερχομένῳ.
1279 2533 1447 2600 Οὗτος
1492 2537 1650 2606 μόνος
1696 2537 1850 2600 Θεὸς,

282 2625 380 2676 καὶ
435 2618 586 2687 οὗτος
633 2624 764 2687 Θεὸς
797 2625 1066 2696 ἀληθινὸς,
1101 2629 1130 2680 ὁ
1183 2629 1241 2679 ὲν
1289 2629 1478 2697 Τριάδι
1509 2629 1855 2682 ὑποστάσεων

283 2714 487 2785 Κύριος
517 2711 598 2778 εἷς
621 2735 633 2747 ·
671 2716 852 2786 φύσει,
885 2719 975 2770 καὶ
1009 2718 1193 2789 βουλῇ.
1221 2722 1311 2773 καὶ
1339 2721 1485 2791 δόξῃ,
1537 2721 1761 2790 δυνάμει
1793 2737 1854 2774 τε

283 2803 374 2855 καὶ
420 2803 685 2874 ἐνεργείᾳ,
748 2806 841 2858 καὶ⁸
883 2808 1018 2859 πᾶσι
1079 2811 1190 2871 τοῖς
1235 2809 1334 2878 τῆς
1375 2809 1623 2881 Θεότητος
1658 2812 1857 2882 γνωρί-

286 2903 456 2962 σμασι
498 2894 572 2964 μὴ
593 2896 990 2964 διαιρούμενος.
1009 2899 1179 2951 Αὐτὸν
1203 2900 1362 2968 μόνον
1395 2902 1725 2972 ἀγαπήσεις,
1759 2902 1855 2955 καὶ

283 2981 435 3050 αὑτῷ
482 2982 624 3051 μόνῳ
671 2985 991 3055 λατρεύσεις·
1057 2987 1115 3055 ἐξ
1156 2987 1284 3054 ὅλης
1322 2990 1419 3058 τῆς
1461 2989 1697 3053 διανοίας
1735 3007 1851 3054 σου,

285 3074 382 3124 καὶ
409 3071 468 3135 ἐξ
499 3073 627 3143 ὅλης
671 3075 771 3144 τῆς
817 3077 1064 3146 καρδίας,
1116 3081 1208 3134 καὶ
1260 3079 1321 3144 se
1361 3082 1488 3149 ὅλης
1519 3085 1614 3151 τῆς
1675 3083 1857 3152 ἰσχύος

287 3181 403 3228 σου,
437 3166 528 3218 καὶ
565 3168 716 3221 ἔσται
750 3170 818 3222 τὰ
862 3172 1081 3241 ῥήματα
1125 3175 1290 3228 αὐτοῦ
1336 3179 1428 3228 καὶ
1477 3176 1547 3239 τὰ
1581 3177 1856 3245 προστάγ-

288 3259 620 3326 ματα-αὑτοῦ
647 3263 703 3311 ὲν
729 3264 792 3332 τῇ
832 3263 1028 3333 καρδίᾳ
1073 3282 1184 3330 σου,
1219 3270 1298 3329 εἰς
1325 3268 1385 3319 τὸ
1413 3269 1674 3338 πράττειν
1696 3269 1852 3334 αὐτὰ,

285 3350 382 3401 καὶ
419 3349 668 3420 μελετᾷν,
718 3353 812 3405 καὶ
843 3353 1022 3406 λαλεῖν
1072 3358 1131 3408 ὲν
1187 3358 1391 3424 αὐτοῖς,
1443 3359 1747 3430 καθήμενόν
1795 3375 1856 3411 τε

286 3443 380 3494 καὶ
431 3445 816 3513 πορευόμενον,
869 3449 1272 3518 κοιταζόμενον,
1327 3452 1422 3504 καὶ
1478 3452 1856 3520 ἀνιστάμενον.

288 3534 398 3585 Καὶ
433 3535 718 3609 μνησθήσῃ
746 3537 1036 3602 διαπαντὸς
1087 3541 1289 3608 Κυρίου
1317 3541 1411 3595 τοῦ
1439 3542 1574 3596 Θεοῦ
1612 3559 1728 3607 σου,
1766 3545 1859 3596 καὶ
1903 3611 1906 3613 λ

288 3625 571 3696 φοϐηθήση
635 3628 796 3681 αὐτὸν
859 3631 1019 3698 μόνον
1055 3647 1068 3660 ⁸
1098 3633 1192 3684 καὶ
1247 3634 1345 3686 οὐκ
1386 3634 1620 3707 ἐπιλήσῃ
1668 3631 1859 3703 αὑτοῦ,

287 3716 409 3768 οὐδὲ
442 3716 550 3769 τῶν
574 3718 803 3771 ἐντολῶν
836 3721 1026 3773 αὐτοῦ’
1072 3721 1223 3775 οὕτω
1249 3723 1356 3792 γὰρ
1390 3723 1548 3776 δώσει
1582 3741 1662 3778 σοι
1700 3725 1860 3789 αὐτὸς

292 3807 446 3875 ἰσχὺν
467 3807 559 3860 τοῦ
591 3809 841 3864 ποιεῖντὸ
875 3810 1084 3880 θέλημα
1123 3813 1286 3866 αὑτοῦ
1309 3827 1324 3846 ⁸
1351 3815 1503 3868 οὐδὲν
1527 3815 1635 3885 γὰρ
1675 3815 1862 3886 ἕτερον

289 3898 512 3969 ἐκζητεῐ
527 3901 674 3970 παρᾶ
701 3901 816 3965 σοῦ,
837 3901 950 3955 ἀλλ’
972 3902 1004 3972 ἢ
1023 3904 1302 3971 φοϐεῖσθαι
1319 3907 1411 3958 καὶ
1432 3909 1648 3977 ἀγαπᾷν
1678 3906 1860 3971 αὑτὸν,

289 3992 388 4043 καὶ
437 3991 766 4061 πορεύεσθαι
797 3995 855 4045 ὲν
900 3993 1102 4058 πάσαις
1133 3999 1254 4060 ταῖς
1293 3997 1430 4060 ὁδοῖς
1463 3997 1649 4050 αὐτοῦ.
1690 3990 1864 4064 Οὗτος

291 4082 557 4153 καύχημά
580 4101 692 4148 σου,
735 4085 826 4138 καὶ
861 4079 1016 4149 οὗτος
1047 4086 1179 4150 Θεός
1213 4105 1326 4142 σου.
1360 4089 1451 4160 Μὴ
1480 4089 1720 4162 ἀκούσῃς
1755 4089 1864 4143 τῶν

291 4173 680 4242 ὑπερκοσμίων
728 4175 974 4244 ἀγγέλων
1019 4177 1080 4230 τὸ
1121 4178 1329 4243 ἀπαθὲς
1369 4180 1460 4234 καὶ
1487 4181 1735 4251 ἀόρατον,
1773 4181 1866 4235 καὶ

288 4263 387 4316 τοῦ
435 4264 758 4330 ἐκπεσόντος
788 4267 1000 4321 ἐκεῖθεν
1029 4270 1091 4322 τὺ
1138 4270 1262 4324 λίαν
1309 4273 1563 4343 πονηρὸν,
1590 4274 1684 4326 καὶ
1727 4273 1866 4344 πρὸς

288 4355 392 4424 τὴν
445 4357 654 4427 πλάνην
688 4361 868 4427 σοφὸν,
916 4361 1014 4413 καὶ
1067 4361 1182 4428 ὀξὺ,
1214 4364 1306 4417 καὶ
1338 4365 1728 4436 παμμήχανον,
1771 4366 1865 4420 καὶ

291 4449 554 4518 ὁμότιμον
579 4467 631 4502 τι
660 4451 866 4504 τούτων
903 4452 982 4522 τῷ
1025 4455 1144 4522 Θεῴ
1182 4455 1410 4528 δοξάσῃς
1436 4475 1450 4490 ·
1492 4460 1568 4528 μὴ
1620 4458 1736 4531 ἴδῃς
1769 4459 1864 4513 τοῦ

293 4540 526 4609 οὐρανοῦ
575 4543 634 4594 τὸ
682 4543 936 4612 μέγεθος,
974 4546 1070 4597 καὶ
1118 4547 1180 4600 τὸ
1211 4549 1487 4613 πολυειδὲς
1529 4552 1630 4620 τῆς
1673 4551 1865 4605 τούτου

2035 1989 2053 2020 ι
2097 1967 2358 2025 Dominus
2417 1969 2561 2025 Deus
2618 1980 2742 2027 tuus
2797 1973 3061 2031 Dominus
3107 1991 3248 2031 unus
3277 1986 3377 2043 est,
3419 1996 3438 2029 ι
3476 1979 3528 2032 ῑιι

1957 2059 2119 2117 Patre
2177 2074 2232 2116 et
2285 2064 2336 2116 iu
2405 2063 2540 2117 Filio
2607 2059 2658 2117 et
2708 2066 2762 2118 iu
2830 2065 3037 2134 Spiritu
3088 2078 3278 2124 sancto
3342 2070 3530 2138 cogni-

1958 2165 2093 2212 tus:
2157 2155 2210 2209 in
2259 2157 2421 2212 Patre
2469 2159 2738 2229 ingenito;
2779 2161 2835 2215 in
2871 2159 3010 2216 Filio
3057 2163 3279 2230 genito,
3317 2163 3410 2233 qui
3442 2171 3526 2218 est

1959 2249 2080 2301 sine
2125 2247 2414 2316 principio,
2459 2261 2717 2312 retentus,
2769 2260 2824 2306 et
2876 2251 3246 2320 impassibilis,
3309 2267 3366 2306 ut
3397 2254 3526 2308 Ver-

1959 2340 2108 2404 bum,
2135 2340 2226 2410 qui
2257 2349 2511 2396 naturam
2549 2351 2794 2396 nostram
2845 2343 2913 2397 de
2966 2344 3145 2413 seipso
3187 2347 3364 2408 unxit,
3393 2352 3535 2399 unde

1959 2442 2183 2489 vocatus
2208 2443 2291 2489 est
2322 2433 2599 2502 Christus;
2633 2445 2687 2489 et
2725 2436 2779 2490 in
2812 2433 3017 2505 Spirilu
3066 2446 3274 2504 sancto,
3309 2438 3402 2506 qui
3444 2431 3544 2492 est:

1960 2525 2078 2594 ipse
2099 2525 2166 2580 de
2192 2524 2370 2589 Patre,
2401 2541 2505 2580 nou
2533 2541 2630 2595 per
2659 2527 3001 2593 filiationem,
3021 2530 3113 2584 sed
3156 2545 3252 2600 per
3279 2531 3538 2598 Spiratio-

1963 2633 2082 2672 netn
2119 2619 2385 2686 procedit.
2425 2617 2524 2690 llic
2575 2629 2660 2674 est
2703 2635 2844 2676 unus
2878 2621 3039 2684 Deus.
3071 2631 3127 2676 et
3165 2623 3253 2677 hic
3283 2632 3366 2677 est
3395 2621 3538 2676 Deus

1960 2724 2144 2772 verus,
2170 2719 2229 2765 et
2277 2712 2328 2765 in
2376 2711 2623 2767 trinitate
2657 2725 3011 2781 personarum
3050 2713 3313 2767 Dominus
3353 2728 3538 2770 unus:

1960 2809 2180 2875 natura,
2236 2800 2534 2866 voluntate,
2568 2801 2760 2872 gloria,
2789 2812 3078 2872 potestate,
3113 2803 3452 2873 operatione,
3483 2814 3538 2856 et

1961 2891 2214 2946 omnibus
2257 2892 2555 2948 divinitatis
2618 2895 3046 2963 proprietatibus
3131 2911 3236 2949 non
3302 2894 3534 2949 divisus.

1965 2983 2113 3037 Illum
2149 2984 2321 3038 solum
2345 2984 2558 3054 diliges,
2582 2985 2728 3040 etilli
2763 2987 2861 3041 soli
2886 2989 3093 3041 servies
3113 3003 3176 3041 ex
3209 2995 3318 3041 tota
3358 2997 3537 3041 mente

1964 3083 2147 3138 tua,et
2177 3090 2243 3130 ex
2263 3085 2375 3130 toto
2405 3081 2571 3131 corde
2594 3086 2704 3145 tuo,
2730 3086 2784 3131 et
2809 3093 2872 3132 ex
2905 3089 3014 3132 tota
3049 3077 3367 3133 fortitudine
3402 3092 3486 3130 lla
3520 3093 3537 3142 ;

1965 3178 2237 3238 eruntque
2271 3171 2435 3225 verba
2467 3169 2586 3236 ejus
2614 3179 2664 3224 et
2694 3184 2960 3240 praecepta
2987 3171 3100 3238 ejus
3135 3173 3186 3224 iu
3229 3173 3394 3226 corde
3425 3181 3538 3232 tuo,

1967 3273 2029 3317 ιιι
2056 3262 2225 3317 facias
2262 3277 2347 3325 ea,
2385 3271 2442 3317 et
2475 3262 2757 3316 mediteris
2797 3263 2850 3316 in
2898 3263 2979 3317 eis
3016 3266 3213 3318 sedens
3256 3273 3311 3317 et
3345 3262 3541 3316 ambu-

1970 3355 2107 3418 lans,
2124 3355 2397 3408 dormiens
2419 3363 2578 3424 atque
2599 3369 2937 3422 consurgens
2965 3355 3008 3387 ⁸⁸
3033 3355 3069 3408 ⁸.
3104 3354 3168 3408 Ει
3206 3353 3542 3408 recordabe-

1969 3449 2046 3504 ris
2072 3463 2291 3516 semper
2323 3447 2535 3502 D0mini
2580 3446 2672 3501 Dei
2706 3447 2807 3512 tui,
2836 3455 2890 3500 et
2929 3448 3142 3501 timebis
3192 3461 3314 3500 eum
3344 3445 3539 3508 solum,

1969 3555 2068 3596 nec
2091 3540 2430 3596 Oblivisceris
2456 3538 2573 3608 ejus
2604 3547 2658 3593 et
2684 3531 3064 3592 mandato-mni
3095 3538 3210 3607 ejus
3239 3553 3253 3592 :
3279 3538 3358 3591 sic
3397 3538 3540 3589 enim

1969 3635 2118 3691 dabit
2149 3634 2247 3689 tibi
2300 3633 2407 3688 vim
2466 3631 2698 3687 faciendi
2755 3631 3089 3686 voluntatem
3142 3631 3344 3701 ipsius;
3406 3629 3538 3682 nihil

1971 3730 2116 3782 enim
2151 3727 2288 3796 petit
2320 3740 2349 3780 a
2401 3735 2474 3792 te,
2512 3725 2613 3780 nisi
2664 3735 2722 3778 ut
2757 3724 2948 3778 timeas
2977 3734 3030 3779 et
3081 3723 3272 3793 diligas
3311 3737 3452 3784 eum,
3485 3731 3539 3774 et

1973 3819 2220 3874 ambules
2249 3819 2304 3873 in
2328 3818 2582 3872 omnibus
2614 3817 2716 3873 viis
2746 3815 2865 3882 ejus
2889 3815 2954 3870 °°.
2990 3813 3090 3870 Hic
3115 3825 3199 3869 est
3230 3814 3392 3882 gloria
3431 3821 3540 3876 tua,

1973 3920 2027 3964 et
2060 3911 2149 3963 hic
2173 3910 2314 3963 Deus
2351 3923 2495 3962 tuus.
2524 3909 2602 3962 Ne
2653 3910 2896 3963 a-stimes
2926 3924 3281 3974 supernorum
3319 3908 3540 3976 angelo-

1973 4015 2090 4053 rum
2127 3997 2638 4066 impassibilitatem,
2683 4005 2737 4051 et
2787 3997 2988 4064 delapsi
3019 3996 3166 4051 illinc
3217 3996 3534 4064 nequitiam,

1973 4091 2080 4145 doli
2116 4088 2343 4156 peritam
2365 4087 2726 4156 callidamque
2748 4095 2804 4140 et
2834 4085 3208 4150 artificiosam,
3241 4100 3340 4139 nec
3379 4085 3544 4138 ullum

1973 4197 2161 4237 eorum
2185 4179 2374 4234 eodem
2413 4194 2523 4248 quo
2551 4178 2722 4232 Deum
2750 4178 2957 4232 honore
2983 4175 3266 4244 glorilices.
3297 4175 3375 4230 Ne
3407 4190 3542 4230 con-

1975 4275 2181 4329 sideres
2207 4272 2330 4329 cmli
2379 4270 2830 4339 magnitudinem,
2882 4268 3242 4323 multiformes
3271 4266 3393 4337 ejus
3424 4282 3542 4321 uto-

1975 4378 2084 4433 tus,
2129 4365 2472 4436 splendorem
2509 4365 2659 4426 solis,
2693 4365 2921 4418 nitorem
2983 4363 3144 4427 ldum,
3200 4362 3546 4430 aliorumque

1976 4462 2216 4515 siderum
2243 4456 2525 4526 fulgorem,
2556 4468 2656 4507 nec
2680 4452 2969 4507 utilitatem
3004 4451 3226 4518 aspirati
3253 4450 3416 4513 aeris,
3446 4463 3546 4501 m-c

1979 4552 2147 4606 maris
2195 4563 2260 4603 ac
2313 4558 2470 4602 terra:
2525 4545 2943 4609 fecunditatem,
2983 4559 3081 4598 nec
3121 4542 3325 4610 aliquid
3352 4541 3545 4594 horum

295 4635 584 4704 κινήσεως,
607 4637 667 4688 τὸ
692 4637 1036 4708 περιλαμπὲς
1059 4639 1152 4692 τοῦ
1185 4641 1358 4708 ἡλίου,
1389 4643 1486 4711 τὴν
1517 4643 1616 4714 τῆς
1638 4645 1863 4714 σελήνης

1978 4642 2218 4696 deifices.
2257 4637 2389 4692 Nam
2425 4645 2633 4692 cunctae
2685 4651 2773 4691 res
2816 4637 2977 4690 unius
3027 4635 3120 4689 Dei
3155 4641 3280 4688 sunt
3335 4631 3548 4684 famulate

295 4726 596 4795 φανότητα,
646 4727 755 4779 τῶν
799 4728 974 4781 ἄλλων
1023 4731 1272 4802 ἀστέρων
1301 4733 1361 4786 τὸ
1409 4735 1646 4802 διαυγὲς,
1695 4735 1756 4788 τὸ
1788 4737 1869 4800 εἰς

294 4820 571 4881 ἀναπνοὰς
615 4819 710 4871 τοῦ
750 4821 910 4889 ἀέρος
950 4821 1270 4892 εὔχρηστον,
1317 4826 1416 4897 τῆς
1453 4827 1730 4896 θαλάσσης
1775 4829 1867 4882 καὶ

295 4907 399 4976 τῆς
418 4909 521 4978 γῆς
548 4911 608 4962 τὸ
639 4912 949 4980 πάμφορον,
981 4915 1072 4966 καὶ
1113 4914 1438 4991 θεοποιήσῃς
1471 4936 1521 4972 τι
1549 4920 1656 4973 τῶν
1689 4920 1868 4973 τοιού-

295 5016 426 5054 των.
485 5001 670 5055 Πάντα
719 5006 830 5072 γὰρ
880 5003 974 5056 τοῦ
1031 5006 1192 5074 μόνου
1237 5007 1370 5060 Θεοῦ
1416 5010 1522 5062 είσι
1567 5011 1731 5066 δοῦλα
1771 5014 1868 5068 καὶ

299 5089 599 5159 κτίσματα,
631 5093 707 5162 τῷ
755 5095 899 5164 λόγῳ
945 5095 1107 5148 αὑτοῦ
1153 5098 1216 5149 ὲκ
1264 5099 1339 5167 μὴ
1385 5099 1551 5153 ὄντων
1579 5105 1864 5172 γενόμενα.

304 5183 506 5246 (Αὐτὸς
537 5184 645 5252 γὰρ
685 5181 827 5250 εἷπε,
852 5187 947 5239 καὶ⁹
972 5188 1330 5258 ἐγενήθησανο
1352 5192 1515 5253 αὐτὲς
1546 5194 1867 5264 ἐνετείλατο,

298 5273 395 5324 καὶ
425 5273 806 5342 ἐκτίσθησαν.»
834 5275 1034 5329 Τοῦτον
1062 5274 1154 5331 οὖν
1183 5279 1344 5348 μόνον
1364 5281 1452 5333 τὸν
1477 5282 1752 5352 Δεσπότην
1776 5284 1869 5336 καὶ

299 5364 645 5433 Δημιουργὸν
683 5365 778 5416 τοῦ
810 5369 1010 5430 παντὸς
1039 5369 1114 5433 ὡς
1148 5371 1278 5424 Θεὸν
1309 5373 1574 5438 δοξάσεις,
1609 5377 1703 5429 καὶ
1735 5378 1870 5446 πρὸς

301 5456 468 5509 αὐτὸν
502 5458 571 5510 δι’
618 5459 835 5528 ἀγάπης
870 5461 1178 5535 κολληθήσῃ
1213 5467 1306 5520 καὶ
1337 5469 1483 5539 αὐτῷ
1515 5471 1870 5542 μετανοήσεις

301 5547 518 5616 ἡμέρας
563 5549 658 5600 καὶ
698 5551 910 5614 νυκτὸς,
941 5553 1035 5604 ἐπὶ
1082 5556 1196 5618 τοῖς
1256 5557 1525 5622 ἑκουσίοις
1575 5560 1669 5612 καὶ
1711 5561 1871 5614 ἀκου-

303 5636 442 5698 σίοις
495 5639 934 5708 παραπτώμασιν
961 5660 974 5674 ·
1027 5644 1192 5708 αὐτὸς
1235 5647 1341 5713 γάρ
1380 5649 1526 5701 ἐστιν
1572 5651 1871 5716 οἰκτίρμων

322 5750 498 5876 μσθέὶθσ
525 5751 687 5808 Mare.
721 5771 811 5820 xu,
843 5753 929 5808 19.
1033 5756 1077 5787 ⁸⁵
1100 5756 1254 5815 Deut.
1286 5775 1362 5827 vt,
1384 5761 1502 5817 5.7.

1981 4750 2044 4788 ac
2077 4739 2361 4794 creatum,
2395 4730 2560 4784 verbo
2597 4728 2717 4796 ejus
2747 4745 2776 4784 e
2804 4730 2974 4783 nihilo
3001 4730 3298 4796 productae.
3346 4743 3364 4774 ι
3403 4723 3548 4788 Qun-

1980 4826 2126 4878 niant
2162 4823 2279 4891 ipse
2333 4821 2492 4885 dixit,
2526 4829 2581 4873 et
2627 4819 2771 4875 facta
2804 4828 2967 4884 sunt;
3019 4818 3131 4887 ipse
3167 4815 3461 4874 mandat-it.
3496 4827 3550 4867 et

1975 4928 2160 4971 creata
2209 4925 2331 4970 sunt
2365 4914 2431 4968 ".
2489 4931 2506 4965 ι
2546 4913 2700 4967 llunc
2749 4913 2912 4980 igitur
2949 4910 3122 4964 solum
3179 4909 3461 4959 Dtttt‘iiltllm
3497 4917 3545 4959 et

1978 5010 2292 5066 Creatorem
2327 5009 2709 5061 universorum
2739 5015 2796 5058 ut
2827 5003 2990 5057 Deum
3017 5003 3187 5060 coles.
3221 5003 3376 5069 eique
3414 5002 3546 5054 cha-

1981 5102 2138 5156 ritate
2172 5099 2540 5168 conjungeris,
2575 5107 2630 5151 et
2685 5097 2753 5151 ab
2782 5112 2846 5151 eo
2889 5097 2978 5149 diu
3013 5105 3281 5163 noctuque
3334 5095 3548 5145 Veniam

1979 5205 2130 5259 petes
2188 5193 2514 5246 oﬂ‘ensarum
2567 5198 2759 5259 sponte
2818 5199 2910 5242 aut
2965 5199 3160 5256 praeter
3217 5187 3546 5240 voluntatem

1975 5285 2392 5339 commissarum
2427 5301 2441 5338 :
2477 5285 2590 5352 ipse
2640 5281 2784 5334 enim
2819 5288 2904 5334 est
2963 5280 3251 5332 miseratur
3301 5286 3353 5331 et
3387 5278 3551 5328 IlliSl“

1977 5377 2152 5431 ricors
2178 5377 2244 5441 ⁸⁸,
2281 5377 2494 5444 patiens
2513 5384 2565 5428 et
2594 5373 2777 5427 tnultze
2803 5371 3171 5425 miserationis
3205 5369 3271 5430 °'.
3297 5378 3352 5422 et
3386 5369 3554 5420 bene-

1975 5467 2150 5522 l'actor
2205 5467 2611 5537 sempiternus;
2664 5466 2991 5534 promittens
3021 5473 3075 5516 et
3131 5462 3268 5515 dans
3321 5473 3546 5526 regnum

1978 5558 2203 5614 cmleste
2234 5568 2288 5612 et
2321 5569 2604 5620 aeternum,
2635 5567 2688 5611 et
2719 5557 2884 5609 vitam
2920 5555 3124 5609 doloris
3155 5569 3217 5606 ac
3252 5549 3439 5603 mortis
3464 5547 3552 5600 iu-

1977 5650 2145 5706 sciam
2168 5662 2223 5704 et
2239 5651 2374 5704 lucis
2405 5651 2522 5705 sine
2545 5663 2766 5720 vespera
2788 5647 3212 5719 possessionem,
3237 5639 3549 5697 verentibus

1604 5767 1649 5800 "
1669 5768 1822 5824 Deut.
1861 5783 1863 5819 :

1970 5766 2040 5823 1’2.
2119 5767 2160 5796 θ’
2197 5765 2339 5819 Psal.
2369 5782 2538 5832 χχιιι,
2578 5766 2629 5821 9.
2710 5764 2920 5818 “Psal.
2967 5776 3163 5828 ωιτν,
3195 5759 3279 5814 15.
3351 5753 3544 5812 “lc-tt.
