4146 6308
587 315 713 388 1091

1839 327 2223 389 GREGORII
2265 327 2590 389 ΡΑῙΑΜΕ

3702 329 3839 392 1092

583 440 991 511 (olentibusque
1016 458 1078 496 ac
1102 442 1452 509 diligentibus
1508 448 1681 515 ipsum
1698 491 1712 511 ,
1738 458 1790 504 ct
1813 449 2159 503 servantibus

2268 437 2364 491 καὶ
2384 437 2653 510 ἐλεήμων,
2693 440 3041 511 μακρόθυμος
3062 418 3176 496 Iacet".
3211 443 3519 509 πολυέλεος,
3557 449 3651 500 καὶ
3698 451 3838 516 ἁγα-

583 544 849 598 praecepta
883 537 1071 599 ipsius.
1109 533 1215 590 Sed
1259 538 1397 591 idem
1436 535 1575 592 Dens
1605 549 1687 594 est
1713 541 1874 594 etiam
1921 542 2145 607 Zelotes,

583 633 636 676 et
667 623 838 692 jusms
864 625 1050 693 judex,
1082 639 1137 682 et
1169 632 1489 686 metuendus
1519 632 1678 698 ultor,
1715 633 2020 690 retribuens
2045 651 2149 692 non

585 715 902 772 timentibus
930 734 1008 782 se,
1033 729 1086 774 et
1109 721 1208 774 sibi
1238 736 1340 775 non
1373 722 1769 789 obedientibus,
1796 736 1847 779 et
1868 741 1963 779 sua
1995 743 2149 794 spero

586 810 842 864 nentibus
906 813 1182 868 mandata.
1245 829 1432 882 pmvas
1489 827 1741 880 a-ternas,
1778 819 1952 888 ignem
2000 820 2148 874 inex-

587 901 976 970 stinguibilem.
1011 903 1253 958 dolorem
1289 905 1706 973 indesinentem,
1740 909 2148 966 tribulationem

587 991 702 1045 sine
729 993 944 1053 solatio,
975 996 1347 1048 indumentum
1381 993 1532 1050 teme
1560 999 1830 1065 caliginis,
1866 1002 2145 1070 regionem

589 1083 933 1137 tenebrarum
955 1098 1002 1137 et
1028 1088 1421 1157 oppressionis,
1451 1091 1738 1144 stridorem
1768 1093 2005 1148 dentium
2032 1094 2149 1150 sine

585 1173 694 1226 ulla
726 1175 1096 1241 miseratione,
1144 1179 1412 1235 veneficos
1441 1190 1493 1234 et
1532 1182 1858 1251 irrequietos
1886 1200 2098 1241 vermes
2129 1202 2149 1241 :

587 1279 707 1330 qua?
739 1269 1054 1332 praeparavit
1094 1267 1268 1333 primo
1299 1285 1528 1336 nequam
1565 1283 1848 1340 apostatm,
1885 1285 1941 1331 et
1983 1276 2147 1331 simul

588 1357 844 1409 omnibus
875 1359 938 1409 ab
961 1374 1024 1411 eo
1053 1361 1292 1415 seductis
1324 1366 1480 1430 eique
1506 1367 1883 1431 servientibus,
1923 1383 1972 1422 et
1995 1384 2152 1439 sper-

586 1449 837 1502 nentibus
872 1449 1134 1505 far-torem
1165 1470 1346 1517 suum,
1382 1456 1432 1508 in
1463 1471 1651 1526 opere,
1702 1462 1870 1515 verbo
1913 1473 1966 1517 et
2001 1464 2148 1533 cosi-

585 1537 812 1592 talione.

2269 529 2483 594 θοποιὲς
2519 531 2733 595 αἰώνιος
2759 548 2771 560 ·
2824 533 3202 604 ὑπεσχημένος
3233 535 3327 586 καί
3376 535 3554 598 διδοὺς
3587 539 3838 608 οὐράνιον

2269 621 2566 692 βασιλείαν,
2610 625 2704 678 καὶ
2746 625 3046 696 ἀδιάδυχον,
3099 629 3192 679 καὶ
3239 627 3354 696 βίον
3401 627 3691 695 ἀνώδυνον,
3746 637 3833 684 κατ

2267 714 2412 782 ζωὴν
2447 712 2736 779 ἀθάνατον,
2765 716 2860 768 καί
2892 717 3006 785 φῶς
3055 718 3137 779 εἰς
3184 718 3484 772 ἀπόλαυσιν
3510 721 3853 789 άνέσπερον,’

2264 808 2377 868 τοῖς
2427 806 2742 876 σεϐομένοις
2791 809 2886 861 καὶ
2927 809 3323 876 προσκυνοῦσιν
3357 811 3541 876 αὐτὸν,
3572 814 3669 866 καὶ
3696 816 3840 882 ἁγαο

2225 948 2230 955 ,
2266 897 2430 961 πῶσι,
2465 899 2561 952 καὶ
2589 900 2923 969 φυλάσσουσι
2946 902 3012 953 τὰ
3033 905 3427 974 προστάγματα
3449 905 3636 960 αὐτοῦ.
3678 905 3844 960 Ἀλλὰ

2265 991 2359 1042 καὶ
2393 990 2524 1054 Θεὸς
2559 992 2827 1063 ζηλωτὴς,
2866 995 2959 1046 καὶ
2980 995 3184 1058 δίκαιος
3212 997 3426 1067 κριτὴς,
3479 1000 3570 1050 καὶ
3609 1000 3844 1070 φρικτὸς

2265 1083 2555 1152 ἐκδικητὴς
2607 1085 2771 1147 αὐτός
2821 1089 2989 1150 ἐστιν,
3039 1088 3261 1154 ἐπάγων
3294 1091 3407 1152 τοῖς
3437 1089 3726 1143 ἀσεὸοῦσιν
3753 1095 3838 1155 εἰς

2266 1175 2447 1242 αὑτὸν,
2482 1177 2577 1230 καὶ
2605 1178 2920 1232 ἀπειθοῦσιν
2953 1182 3122 1250 αὐτῷ,
3161 1181 3258 1234 καὶ
3286 1181 3540 1236 ἀθετοῦσι
3573 1185 3641 1237 τὰ
3669 1202 3842 1254 προσ-

2266 1270 2522 1337 τάγματα
2573 1270 2764 1337 αὑτοῦ,
2821 1272 3043 1325 κόλασιν
3077 1275 3315 1341 αἰώνιον,
3371 1275 3482 1346 πῦρ
3546 1277 3834 1340 ἄσϐεστον,

2270 1355 2464 1419 ὀδύνην
2483 1358 2781 1424 ἄπαυστον,
2811 1360 2988 1429 θλίψιν
3026 1363 3477 1434 ἀπαραμύθητον,
3517 1363 3722 1434 ἔνδυμα
3750 1365 3839 1428 ζό-

2259 1458 2360 1509 φου
2409 1443 2708 1512 ἀφεγγοῦς,
2741 1443 2929 1516 χώραν
2958 1451 3240 1519 σκοτεινὴν
3289 1453 3382 1502 καὶ
3430 1450 3822 1522 τεθλιμμένην,

2254 1534 2499 1606 βρυγμὸν
2556 1534 2790 1588 ἐλεεινὸν
2859 1537 3126 1604 ὀδόντων,
3187 1541 3429 1604 ἰοὸόλους
3489 1543 3830 1610 ἀκοιμήτους

586 1629 897 1696 σκώληκας,
925 1625 960 1678 ἃ.
994 1627 1260 1702 ἡτοίμασε
1283 1627 1360 1697 τῷ
1391 1627 1589 1696 πρώτῳ
1623 1632 1910 1704 ἀποστάτῃ
1939 1651 2184 1705 πονηρῳ,
2215 1637 2309 1689 καὶ
2359 1639 2458 1690 σὺν
2487 1636 2638 1707 αὐτῷ
2691 1639 2827 1691 πᾶσι
2883 1639 2996 1698 τοῖς
3033 1634 3482 1705 πεπλανημένοις
3512 1638 3831 1709 ὑπἀὐτοῦ,

583 1729 679 1777 καὶ
720 1725 1151 1790 ἀκολουθήσασιν
1177 1723 1344 1792 αὐτῷ,
1379 1729 1470 1780 καὶ
1506 1731 1810 1798 ἀθετήσασι
1836 1732 1927 1782 τὸν
1959 1735 2192 1803 ποιητὴν
2220 1735 2421 1799 αὐτῶν,
2449 1738 2508 1790 ὲν
2537 1735 2743 1805 ἔργοις,
2766 1734 2864 1792 καὶ
2900 1735 3102 1803 λόγοις.
3141 1736 3236 1788 καὶ
3274 1734 3664 1806 διανοήμασιν.

669 1835 686 1866 ε
716 1816 830 1869 Non
867 1817 1030 1872 facies
1066 1835 1280 1872 omnem
1321 1821 1762 1884 similitudinem,
1815 1838 1935 1888 quae
1970 1833 2052 1876 est
2101 1834 2152 1877 tn

2317 1836 2390 1884 Ου
2433 1835 2681 1902 ποιήσεις
2727 1835 2834 1886 πᾶν
2891 1832 3164 1901 ὁμοίωμα,
3218 1834 3328 1886 ὅσα*
3374 1831 3431 1884 ὲν
3481 1829 3558 1898 τῷ
3607 1826 3824 1899 οὐρανῷ

593 1909 732 1961 οιριο
764 1910 1015 1978 desuper,
1048 1922 1096 1964 et
1130 1929 1247 1980 qute
1279 1914 1330 1966 in
1365 1925 1508 1969 terra
1541 1916 1816 1976 tlemsittn,
1842 1933 1936 1969 nec
1966 1931 2153 1972 eerutn

2265 1923 2380 1990 ἱνω,
2414 1925 2509 1977 καὶ
2559 1925 2661 1977 ὅσα
2707 1925 2803 1977 ὲ.πί
2839 1925 2939 1992 τῆς
2985 1926 3086 1992 γῆς
3113 1924 3284 1986 κάτω,
3343 1923 3437 1976 καὶ
3464 1923 3564 1975 ὅσα
3601 1923 3661 1973 ὲν
3713 1923 3824 1984 τοῖς

592 2014 710 2063 qum
738 2009 863 2054 Sunt
901 2001 950 2054 in
983 2004 1156 2068 aquis,
1198 2007 1260 2054 ad
1295 2005 1631 2059 adorandum
1691 2022 1753 2059 ea
1787 2019 1838 2060 et
1871 2008 2154 2062 colendum

2265 2016 2456 2082 36aatv,
2505 2019 2587 2078 εἰς
2632 2015 2692 2069 τὸ
2755 2014 3035 2086 λατρεύειν
3097 2016 3314 2077 αὐτοῖς,
3355 2015 3388 2081 ἢ
3455 2010 3700 2077 δοξάζειν
3752 2011 3823 2074 ὼς

593 2100 650 2142 ιιι
681 2091 808 2144 deos
842 2092 908 2147 "°.
951 2113 967 2143 ι
1005 2095 1198 2148 Omnia
1230 2097 1373 2152 enim
1405 2109 1531 2152 sunt
1559 2110 1823 2153 creaturas
1847 2101 2006 2157 unius
2041 2101 2156 2165 Dei.

592 2185 682 2249 qui
745 2183 796 2237 in
856 2186 1167 2241 novissimis
1204 2191 1538 2254 temporibus
1587 2206 1654 2246 ex
1706 2193 1953 2260 virginali
2004 2203 2160 2249 utero

595 2289 762 2327 carne
787 2289 1084 2344 assumpta,
1117 2281 1167 2332 itt
1202 2290 1343 2335 terra
1377 2282 1523 2336 visus
1551 2293 1656 2341 est.
1691 2295 1740 2337 et
1770 2300 1893 2338 cum
1925 2285 2160 2340 homini-

596 2367 694 2418 bus
751 2369 1038 2436 habitavit,
1097 2381 1150 2428 et
1200 2390 1298 2441 pro
1333 2374 1508 2429 salute
1544 2375 1822 2432 hominum
1871 2394 2060 2445 passus
2105 2390 2160 2434 et

595 2450 868 2522 mortuus,
906 2466 1232 2527 resurrexit,
1265 2477 1317 2520 et
1370 2467 1420 2520 in
1452 2467 1618 2521 cmlos
1650 2482 1772 2521 cum
1805 2482 2033 2536 corpore
2076 2487 2163 2526 as-

590 2549 793 2612 cendit,
823 2562 874 2605 et
907 2553 1037 2606 sedit
1075 2555 1138 2606 ad
1171 2555 1444 2610 dexteram
1474 2557 1774 2621 maiestatis
1820 2557 1873 2611 in
1902 2560 2159 2625 excelsis,

599 2637 652 2690 in
706 2655 814 2708 quo
848 2656 1078 2710 corpore
1111 2655 1372 2699 venturus
1405 2658 1490 2700 est
1526 2664 1648 2700 cum
1697 2649 1870 2714 glotia
1915 2651 2163 2718 judicare

599 2731 750 2784 vivos
771 2741 822 2784 et
856 2745 1116 2790 mortuos.
1143 2733 1314 2805 Ilujus
1347 2739 1505 2803 igitur
1531 2741 1619 2808 qui
1644 2751 1858 2809 propter
1880 2757 1977 2796 nos
2002 2744 2162 2800 homo

596 2821 778 2875 fac-tus
827 2833 932 2886 est,
971 2825 1257 2891 imaginem
1295 2843 1390 2896 pro
1420 2838 1513 2882 tuo
1544 2845 1667 2897 erga
1699 2846 1821 2885 eum
1849 2811 2031 2886 amore
2063 2831 2161 2886 fat-

597 2912 730 2975 ries,
763 2924 816 2966 et
853 2931 948 2982 per
995 2914 1134 2970 hanc
1170 2917 1316 2971 illius
1361 2919 1756 2981 recordaberis,
1791 2929 1846 2974 et
1881 2935 1976 2988 per
2022 2922 2164 2980 hanc

596 3002 746 3055 illum
809 3006 1084 3071 adorabis,
1117 3016 1169 3060 et
1231 3024 1328 3078 per
1384 3009 1524 3064 hanc
1576 3011 1815 3066 animum
1862 3013 2068 3070 levabis
2096 3015 2163 3070 ad

2251 2103 2408 2168 θεούς
2431 2121 2445 2134 ο
2506 2105 2684 2159 πάντα
2723 2106 2833 2176 γάρ
2871 2106 2978 2157 εἰσι
3017 2104 3294 2171 κτίσματα
3347 2102 3442 2156 τοῦ
3475 2103 3639 2172 μόνου
3665 2101 3823 2166 Θεοῦ,

2253 2195 2313 2258 ὃς
2342 2197 2429 2248 ἐπ’
2456 2197 2700 2266 ἐσχάτων
2739 2196 2851 2249 τῶν
2889 2195 3120 2260 αἰώνων,
3175 2196 3240 2248 ὲκ
3273 2194 3610 2264 παρθενικῆς
3640 2193 3829 2262 νηδύος

2255 2290 2434 2359 σάρκα
2457 2288 2658 2353 λαϐὼν,
2697 2287 2790 2340 ἐπὶ
2821 2287 2922 2354 τῆς
2973 2285 3077 2355 γῆς
3111 2285 3291 2355 ὤφθη,
3325 2286 3418 2339 καὶ
3465 2288 3578 2348 τοῖς
3617 2283 3824 2353 ἀνθρὼ-

2253 2395 2376 2442 ποις
2417 2380 2854 2448 συνανεστράφη,
2900 2377 2994 2431 καὶ
3041 2378 3182 2446 ὑπὲρ
3234 2378 3333 2446 τῆς
3379 2375 3486 2428 τῶν
3525 2375 3828 2446 ἀνθρώπων

2255 2470 2534 2539 σωτηρίας
2583 2467 2793 2534 παθὼν,
2842 2470 2936 2521 καὶ
2971 2467 3168 2532 θανὼν,
3199 2468 3292 2521 καὶ
3346 2467 3608 2530 ἀναστὰς,
3639 2469 3717 2528 εἰς
3747 2467 3832 2518 ού-

2256 2561 2451 2630 ρανοὺς
2500 2561 2638 2630 μετὰ
2678 2560 2931 2628 σώματος
2973 2560 3194 2629 ἀνῆλθε,
3239 2559 3335 2613 καὶ
3373 2559 3626 2612 ἐκάθισεν
3663 2561 3720 2610 ὲν
3748 2557 3832 2609 δε-

2257 2650 2345 2724 ξιᾷ
2368 2652 2466 2722 τῆς
2515 2650 2904 2720 μεγαλωσύνης
2931 2651 2990 2702 ὲν
3028 2648 3254 2720 ὑψηλοῖς
3275 2665 3289 2679 ο
3323 2647 3442 2718 μεθ’
3486 2643 3546 2701 οὗ
3580 2647 3832 2716 σώματος

2255 2742 2418 2796 πάλιν
2451 2741 2732 2794 ἐλεύσεται
2753 2743 2809 2794 ὲν
2831 2740 2981 2810 δόξῃ,
3013 2741 3196 2811 κρῖναι
3223 2737 3431 2803 ζῶντας
3461 2739 3556 2790 καὶ
3584 2735 3833 2807 νεκρούς.

2256 2829 2457 2884 Τούτου
2480 2830 2662 2884 τοίνυν
2697 2830 2792 2883 τοῦ
2819 2831 2886 2882 δι’
2915 2830 3062 2899 ἡμᾶς
3099 2828 3648 2898 ὲνανθρωπήσαντος,
3675 2828 3834 2896 ποιή-

2258 2939 2372 2986 σεις
2416 2922 2514 2993 τὴν
2560 2923 2768 2987 εἰκόνα,
2833 2921 2922 2975 διὰ
2959 2921 3060 2990 τὴν
3108 2922 3188 2985 εἰς
3243 2920 3406 2973 αὑτὸν
3453 2921 3700 2990 ἀγάπην,
3743 2920 3835 2973 καὶ

2263 3013 2549 3084 μνησθήσῃ
2577 3013 2642 3066 δι’
2700 3014 2870 3084 αὐτῆς
2900 3013 3132 3079 ἐκείνου,
3188 3013 3283 3065 καὶ
3326 3014 3730 3079 προσκυνήσεις
3770 3012 3838 3064 δι’

610 3095 737 3146 illud
799 3098 1078 3152 adorabile
1142 3100 1444 3154 Salvatoris
1528 3117 1730 3171 corpus
1816 3107 2012 3159 sedens
2089 3107 2158 3160 al

2265 3104 2432 3172 αὐτῆς
2457 3107 2684 3168 ἐκεῖνον,
2729 3105 2950 3171 ἀνάγων
2983 3103 3074 3157 τὸν
3118 3101 3243 3155 νοῦν
3303 3118 3397 3155 σου
3432 3102 3498 3154 ’δι’
3531 3101 3704 3170 αὐτῆς
3745 3104 3837 3152 ἐπὶ

597 3185 879 3239 «ιοκιυι-οηι
918 3188 1096 3244 Patris
1162 3190 1213 3243 in
1285 3191 1445 3245 caelo.
1500 3191 1630 3246 item
1704 3194 1968 3264 imagines
2032 3213 2166 3250 san-

600 3289 810 3334 ciorum
844 3281 1008 3337 facies
1040 3293 1093 3337 et
1154 3285 1302 3339 coles
1331 3327 1346 3350 ,
1394 3301 1500 3341 non
1556 3297 1613 3340 ut
1670 3288 1824 3352 deos,
1889 3291 2030 3359 quod
2075 3307 2169 3348 ve-

601 3381 765 3434 tatur,
827 3375 922 3429 sed
977 3387 1197 3444 propter
1267 3385 1416 3430 tuum
1477 3394 1604 3446 erga
1669 3394 1767 3434 eos
1854 3392 2162 3451 respectum

601 3461 964 3533 effectumque
1024 3477 1079 3520 et
1123 3467 1377 3520 eximiam
1437 3470 1821 3538 reverentiam,
1876 3487 1970 3540 per
2025 3472 2164 3527 ima-

599 3557 754 3621 giues
801 3568 1033 3612 mentem
1091 3560 1155 3612 ad
1212 3575 1308 3613 eos
1352 3560 1587 3627 erimus,
1650 3563 1793 3616 sicut
1843 3573 1894 3616 et
1951 3562 2167 3633 Moyses

601 3648 726 3700 fecit
757 3647 1021 3714 imagines
1047 3647 1339 3702 Cheruhiut
1393 3651 1534 3704 intra
1595 3650 1794 3705 Sancta
1830 3663 2168 3718 sanctorum,

602 3739 717 3805 ipsa
743 3749 917 3790 autem
939 3749 1124 3794 saneta
1157 3749 1464 3794 sanctorum
1490 3751 1642 3796 erant
1699 3744 2169 3810 supercwlestium

604 3827 798 3893 figura,
857 3839 912 3882 et
941 3841 1212 3892 sanetum.
1249 3833 1338 3885 ubi
1374 3833 1608 3899 populus
1641 3836 1843 3898 stabat,
1881 3836 2170 3906 imaginem

606 3925 824 3988 gerebat
853 3927 1014 3980 totius
1048 3928 1254 3988 mundi,
1285 3936 1338 3981 et
1364 3928 1449 3981 illa
1473 3928 1684 3999 Moyses
1707 3931 1923 3983 vocavit
1953 3942 2168 3997 sancta,

606 4031 713 4068 non
765 4025 1042 4069 creaturas
1077 4015 1377 4078 honoraus,
1411 4017 1504 4070 sed
1558 4032 1654 4084 per
1713 4034 1804 4070 eas
1857 4017 2171 4072 Creatorem

608 4107 794 4161 mundi
828 4108 1015 4161 Deum.
1044 4108 1102 4161 Et
1137 4119 1189 4162 tu
1230 4111 1390 4178 igi-ur
1425 4109 1588 4166 facies
1620 4110 1828 4164 Domini
1861 4109 1987 4166 Jc'su
2011 4111 2173 4166 Chri-

607 4200 676 4252 sti
709 4208 762 4252 et
786 4209 1098 4254 sanctorum
1133 4199 1420 4269 imagines.
1465 4201 1558 4254 sed
1587 4216 1680 4269 per
1710 4215 1804 4254 eas
1845 4200 1991 4255 coles
2021 4201 2172 4256 illum

605 4290 696 4361 qui
717 4292 780 4343 ad
801 4293 1085 4361 imaginem
1119 4305 1267 4342 suam
1293 4292 1442 4359 prius
1462 4289 1588 4346 fecit
1613 4306 1802 4355 nos,ac
1819 4291 2009 4347 deinde
2033 4293 2176 4349 hanc

608 4397 762 4435 suam
809 4383 1121 4452 imaginem,
1155 4397 1247 4444 seu
1288 4391 1532 4436 naturam
1585 4393 1851 4449 nostram,
1883 4383 1954 4438 ob
1983 4384 2174 4439 ineffa-

612 4473 771 4528 bilem
805 4473 1253 4535 misericordiam,
1287 4488 1563 4527 assumere
1583 4473 1835 4540 dignatus
1863 4484 1971 4538 est.
1997 4490 2178 4547 eaque

611 4562 1009 4618 circumst-rihi.
1043 4560 1152 4616 Nec
1201 4571 1415 4618 tantum
1450 4563 1686 4616 divinam
1723 4563 2013 4633 imaginem
2045 4568 2178 4620 ado-

615 4658 785 4720 rabis,
818 4657 913 4711 sed
943 4665 998 4711 et
1048 4655 1220 4726 ipsius
1247 4656 1431 4710 crucis
1457 4655 1683 4725 ﬁgurant
1719 4673 1733 4711 :
1793 4655 2004 4726 signum
2034 4657 2180 4714 enim

615 4763 869 4819 magnum
903 4757 1008 4815 est,
1055 4757 1106 4802 et
1147 4757 1407 4818 tropaeum
1443 4747 1646 4803 Christi
1681 4757 1871 4803 contra
1901 4749 2182 4825 diabolum

609 4850 670 4894 et
702 4841 1008 4894 universam
1039 4839 1477 4896 adversariorum
1534 4840 1832 4896 cohortem.
1871 4841 2058 4911 Itaque
2087 4842 2178 4897 isti

616 4933 853 4986 fremunt
881 4941 933 4986 et
952 4933 1223 5001 fugantur,
1251 4931 1371 5002 ejus
1395 4931 1681 5002 imaginem
1704 4932 1972 4988 videntes.
2000 4931 2180 5003 Imago

618 5025 755 5085 hare,
790 5024 874 5076 vel
906 5036 1194 5091 antequam
1238 5025 1499 5079 existeret
1544 5032 1886 5094 prototypus,
1944 5025 2181 5079 maxime

617 5118 675 5171 in
723 5117 1001 5186 prophetis
1033 5117 1246 5171 laudata
1273 5127 1376 5184 est,
1413 5126 1468 5172 et
1493 5116 1724 5170 maxima
1747 5115 1874 5169 fecit
1898 5115 2180 5183 miracula,

621 5211 730 5262 itno
763 5210 814 5261 in
845 5210 1086 5262 secundo
1111 5213 1342 5262 adventu
1367 5209 1616 5278 suspensi
1643 5208 1695 5260 itt
1720 5222 1778 5262 ea
1805 5207 2016 5261 Domini
2050 5205 2183 5262 Jesu

619 5299 844 5360 (lin-isti.
873 5301 1090 5367 quando
1120 5299 1300 5352 veniet
1330 5300 1577 5367 judicare
1624 5299 1772 5352 vivos
1811 5308 1865 5352 et
1918 5309 2184 5364 mortuos,

622 5392 720 5456 ipsi
749 5389 1021 5460 pramedet
1046 5404 1300 5458 maguum
1327 5389 1458 5444 illud
1489 5400 1543 5444 et
1577 5388 1918 5444 ueniendum
1959 5389 2078 5458 ejus
2108 5389 2188 5445 si-

621 5497 810 5550 gnum,
837 5495 956 5535 eum
987 5481 1189 5534 virtute
1209 5489 1262 5534 et
1292 5481 1574 5546 tnajosmte
1606 5482 1798 5534 multa.
1852 5480 1980 5536 Eant
2020 5483 2185 5548 igitur

624 5589 769 5629 nunc
792 5573 1016 5638 honora,
1048 5578 1106 5625 ιιι
1134 5586 1251 5624 cum
1285 5570 1479 5625 ﬁducia
1503 5580 1627 5627 tunc
1681 5571 1732 5628 iu
1783 5563 1902 5627 eam
1934 5571 2186 5641 aslticias,

701 5748 749 5779 7“
780 5749 948 5804 Exod.
986 5766 1077 5817 XX,
1125 5753 1170 5805 ’t.

2258 3197 2320 3250 τὸ
2354 3198 2725 3268 προσκυνητὸν
2755 3199 2930 3250 ὲκεῖνο
2965 3196 3123 3266 σῶμα
3171 3194 3264 3248 τοῦ
3298 3195 3572 3265 Σωτῆρος,
3604 3194 3666 3246 τὸ
3699 3193 3836 3247 καθ-

2262 3290 2464 3359 ήμενον
2504 3289 2561 3341 ὲν
2609 3287 2756 3358 δεξιᾷ
2795 3287 2889 3340 τοῦ
2924 3287 3132 3356 Harpe;
3182 3288 3240 3340 ὲν
3282 3285 3518 3354 οὐρανῷ.
3565 3283 3838 3345 Ὡσαύτως

2261 3382 2354 3436 καὶ
2381 3381 2488 3434 τῶν
2519 3380 2689 3448 ἀγίων
2721 3380 2846 3441 τοὺς
2895 3379 3103 3442 τύπους
3134 3378 3226 3431 καὶ
3256 3377 3504 3446 ποιήσεις
3537 3377 3630 3428 καὶ
3665 3392 3838 3444 προσ-

2261 3474 2540 3542 κυνήσεις,
2594 3471 2692 3540 οὐχ
2742 3471 2817 3533 ὼς
2865 3469 3020 3534 θεοὺς
3071 3468 3246 3539 (τοῦτο
3274 3467 3382 3538 γὰρ
3415 3465 3838 3536 ἀπηγόρευται),

2262 3563 2398 3617 ἀλλά
2421 3562 2508 3616 διὰ
2537 3550 2635 3630 ιἰὴν
2680 3562 2762 3623 εἰς
2793 3559 3036 3623 ἐκείνους
3091 3559 3275 3628 σχέσιν
3313 3559 3408 3612 καὶ
3439 3556 3704 3621 διάθεσιν,
3745 3557 3840 3608 καὶ

2262 3657 2362 3724 τὴν
2411 3653 2856 3725 ὑπερὸἀλλουσαν
2905 3652 3092 3722 τιμὴν,
3140 3651 3552 3720 ἀναφερομένου
3596 3648 3688 3700 διὰ
3732 3647 3841 3700 τῶν

2265 3744 2488 3798 εἰκόνων
2515 3744 2599 3798 ἐπ’
2621 3743 2814 3806 αὐτοὺς
2849 3741 2942 3794 τοῦ
2975 3741 3066 3794 νοῦ
3091 3757 3105 3770 ·
3139 3741 3390 3808 καθάπερ
3423 3738 3569 3812 καὶὴ
3600 3737 3841 3805 Μωῦσῆς

2264 3837 2488 3906 εποίησε
2522 3839 2618 3899 τὰς
2647 3835 2756 3888 τῶν
2779 3834 3057 3905 Χερουϐὶμ
3088 3831 3302 3895 εἰκόνας
3332 3830 3479 3883 ἔνδον
3513 3828 3622 3882 τῶν
3649 3829 3839 3896 ἁγίων,

2265 3928 2362 3982 καὶ
2385 3928 2523 3981 αὐτὰ
2551 3926 2607 3978 δὲ
2631 3926 2698 3979 τά
2727 3926 2835 3979 τῶν
2873 3925 3043 3993 ἁγίων
3075 3923 3244 3990 ’Ἅγια
3292 3923 3402 3975 τῶν
3430 3920 3842 3992 ὑπερθυρανίων

2266 4020 2433 4082 τύπος
2489 4015 2577 4090 ἦν,
2631 4017 2726 4072 καί⁵
2797 4017 2858 4070 τὸ
2902 4017 3058 4084 ἅγιον
3130 4015 3393 4084 κοσμικδν
3439 4013 3628 4066 εἰκόνα
3681 4013 3840 4079 ἔφερε

2268 4109 2468 4174 παντὸς
2495 4110 2591 4164 τοῦ
2625 4111 2854 4179 κόσμου,
2876 4109 2969 4164 καὶ
3001 4108 3134 4175 ι’ίγιαΔ
3165 4106 3302 4161 αὑτὰ
3333 4104 3594 4159 ἐκάλεσεν
3625 4107 3656 4157 ὁ
3681 4105 3844 4156 Μωῦ-

2270 4201 2388 4272 σῆς,
2416 4201 2478 4253 ού
2524 4200 2594 4254 τὰ
2638 4204 2913 4272 κτίσματα
2962 4197 3221 4263 δοξάζων,
3249 4195 3385 4249 ἀλλὰ
3419 4195 3488 4248 δι’
3525 4195 3708 4248 αὐτῶν
3754 4195 3843 4246 τὸν

2273 4293 2604 4364 κοσμοποιδν
2636 4293 2769 4346 Θεόν
2795 4309 2808 4322 ο
2846 4292 2941 4345 καὶ
2979 4291 3044 4344 σὺ
3078 4290 3254 4344 τοίνυν
3283 4289 3344 4343 οὐ
3377 4287 3718 4356 θεοποιήσεις
3748 4288 3846 4349 τὰς

2271 4385 2486 4447 εἰκόνας
2505 4383 2599 4437 τοῦ
2631 4384 2902 4437 Δεσπότου
2935 4381 3198 4453 Χριστοῦ,
3226 4383 3321 4436 καὶ
3361 4380 3469 4433 τῶν
3496 4380 3692 4448 ἁγίων,
3714 4378 3848 4431 ἀλλὰ

2271 4478 2338 4534 δι’
2390 4475 2570 4530 αὐτῶν
2636 4475 3036 4546 προσκυνήσεις
3085 4471 3175 4531 τὸν
3229 4471 3349 4526 κατ’
3403 4469 3591 4523 εἰκόνα
3643 4467 3848 4522 οἰκείαν

2274 4570 2542 4641 πρότερον
2589 4567 2892 4636 ποιήσαντα
2946 4566 3127 4634 ἡμᾶς,
3185 4564 3281 4617 καὶ
3327 4560 3552 4631 ὕστερον
3590 4559 3691 4630 τὴν
3728 4558 3848 4612 καθ’

2274 4664 2424 4734 mia;
2469 4659 2630 4714 αὑτοῦ
2667 4660 2870 4721 εἰκόνα,
2911 4658 2998 4711 διὰ
3031 4655 3439 4726 φιλανθρωπίαν
3470 4653 3680 4720 ἄφατον
3704 4651 3849 4704 ἁνει-

2275 4753 2502 4824 ληφέναι
2549 4752 2938 4824 εὐδοκήσαντα,
2973 4748 3067 4802 καὶ
3101 4747 3222 4801 κατ’
3259 4747 3428 4816 αὑτήν
3475 4743 3850 4815 περιγραπτὺν

2274 4847 2584 4917 γενόμενον.
2609 4845 2682 4896 Ού
2717 4837 2876 4913 μόνον
2914 4841 2970 4895 δὲ
2997 4841 3097 4912 τὴν
3133 4839 3282 4892 θείαν
3315 4838 3501 4891 εἰκόνα
3534 4837 3847 4907 προσκυνή-

2275 4953 2412 5000 σεις,
2435 4934 2569 4989 ἀλλὰ
2595 4933 2803 4988 καὶτοῦ
2838 4930 3072 5004 σταυροῦ
3089 4930 3254 4986 αὐτοῦ
3285 4929 3374 4982 τὸν
3400 4927 3463 4980 τύ
3475 4942 3591 4980 πον⁶
3626 4929 3848 4997 σημεῖον

2276 5024 2385 5096 γάρ
2416 5026 2531 5077 ἐστι
2565 5024 2843 5093 μέγιστον,
2867 5021 2960 5074 καὶ
3001 5020 3257 5090 τρόπαιον
3284 5015 3546 5087 Χριστοῦ,
3575 5015 3718 5070 κατά
3756 5011 3845 5066 τοῦ

2277 5115 2523 5170 διαϐόλου
2573 5115 2670 5168 καὶ
2728 5113 2908 5185 πάσης
2957 5114 3057 5181 τῆς
3107 5109 3490 5180 ἀντικειμένης
3537 5107 3844 5176 φάλαγγοςο

2277 5209 2359 5262 διδ
2408 5207 2504 5261 καὶ
2528 5207 2809 5278 φρίττουσι
2855 5204 2948 5258 καὶ
2979 5200 3393 5273 φυγαδεύονται,
3438 5199 3624 5252 τοῦτον
3652 5196 3849 5250 τυπού-

2286 5317 2444 5371 μενον
2481 5298 2717 5370 ὁρῶντες
2746 5310 2759 5326 °
2797 5291 2950 5358 οὗτος
2982 5297 3011 5348 ό
3030 5293 3194 5356 τύπος
3231 5291 3324 5345 καὶ
3349 5290 3456 5360 πρὸ
3475 5288 3569 5342 τοῦ
3600 5287 3849 5357 γενέσθαι

2281 5391 2342 5445 τὸ
2368 5391 2722 5461 πρωτότυπον
2745 5427 2761 5452 ,
2802 5385 3052 5456 μεγάλως
3080 5385 3138 5437 ἰν
3181 5387 3294 5445 τοῖς
3336 5381 3637 5452 προφήταις
3670 5378 3848 5442 ἐδοξά-

2285 5483 2409 5554 σθη,
2443 5483 2538 5535 καὶ
2561 5481 2629 5535 τά
2681 5480 2914 5550 μέγιστα
2949 5474 3436 5546 ἔτερατούργησεν,
3475 5471 3610 5524 ἀλλὰ
3637 5471 3732 5523 καὶ
3760 5469 3848 5522 ὲπί

2283 5577 2382 5642 τῆς
2412 5576 2666 5643 δευτέρας
2705 5571 3008 5642 παρουσίας
3040 5569 3132 5623 τοῦ
3164 5566 3566 5640 κρεμασθέντος
3607 5564 3667 5618 ὲν
3702 5561 3849 5628 αὐτῷ
