4074 6322
169 379 356 473 ιοεσ

1194 403 1644 464 DECAl.OGUS
1679 399 2179 464 CllRlSTlAN/E
2221 402 2469 463 LEGIS.

3319 401 3452 465 10θό

172 518 425 590 Κυρίου
473 514 652 586 Ἰησοῦ
681 512 940 585 Χριστοῦ,
986 513 1270 582 μέλλοντος
1304 516 1560 586 ἔρχεσθαι
1606 519 1787 587 κρῖναι

1885 525 2088 572 etcum
2144 530 2207 569 ea
2250 511 2692 584 coztgloriﬁceris.
2725 511 3002 580 Imagines
3058 527 3273 581 quoque
3330 529 3460 568 san-

172 608 428 673 ζῶντας
469 605 562 659 καὶ
592 605 835 676 νεκροὺς,
886 603 1163 656 ἐλεύσεται
1207 605 1516 678 ἔμπροσθεν
1545 607 1700 660 τοῦτο
1728 607 1789 660 τὸ

180 701 366 768 μέγα
399 698 494 751 καὶ
535 696 759 767 φρικτὸν
809 693 972 746 αὐτοῦ
1027 697 1272 763 σημεῖον,
1325 695 1463 764 μετά
1505 696 1787 766 δυνάμεως

179 793 305 845 καὶ
346 789 504 859 δόξης
542 787 760 857 πολλῆς.
803 785 1037 850 Δόξασον
1081 781 1172 839 οὖν
1202 787 1360 839 αὐτὸν
1392 786 1506 852 νῦν,
1547 788 1634 841 ἵνα
1677 806 1788 858 με-

176 883 266 935 τὰ
329 880 644 953 παρρησίας
695 877 1046 950 προσϐλέψῃς
1089 877 1233 942 τότε,
1284 880 1376 931 καὶ
1427 879 1787 950 συνδοξασθῇς

177 977 386 1048 αὐτῷ.
417 975 524 1026 Καὶ
544 973 640 1036 τὰς
663 972 770 1025 τῶν
802 972 974 1040 ἁγίων
999 972 1057 1026 δὲ
1079 973 1314 1039 είκόνας,
1357 973 1432 1036 ὡς
1469 991 1786 1044 συσταυρωο

181 1069 416 1122 Οέντων
447 1065 523 1135 τῷ
553 1065 766 1135 Κυρίῳ,
801 1066 1221 1134 προσκυνήσεις,
1261 1065 1351 1116 τὸν
1393 1065 1625 1134 σταυρὸν
1651 1083 1785 1132 προ-

175 1159 402 1210 τυπῶν
422 1174 514 1210 σου
538 1156 614 1228 τῷ
653 1154 953 1226 προσώπῳ,
987 1157 1079 1209 καὶ
1110 1158 1187 1217 είς
1231 1157 1450 1226 μνήμην
1497 1156 1788 1224 ἐρχόμενος

176 1248 304 1318 τῆς
338 1247 772 1318 ἐνειργασμένης
807 1249 1036 1310 ἐκείνοις
1071 1247 1352 1309 κοινωνίας
1390 1247 1496 1297 τῶν
1530 1247 1791 1318 παθημά-

175 1358 313 1393 ⁴ιιων
340 1341 441 1393 τοῦ
491 1338 724 1410 Χριστοῦ
748 1354 763 1369 ο
789 1338 1050 1400 ὡσαύτως
1077 1339 1170 1391 καὶ
1217 1339 1317 1400 τὰς
1348 1339 1540 1406 σοροὺς
1585 1340 1793 1394 τούτων

186 1431 311 1493 τὰς
382 1431 562 1499 ἁγίας,
598 1429 690 1482 καὶ
716 1428 769 1481 ετ
793 1445 844 1481 τι
889 1428 997 1480 τῶν
1048 1426 1250 1479 ὀστέων
1275 1426 1558 1495 λείψανον·
1587 1428 1648 1482 οὐ
1681 1428 1790 1500 γάρ

181 1522 404 1592 διέστη
438 1520 643 1575 τούτων
690 1523 723 1591 ἡ
766 1519 928 1590 χάρις
973 1518 1067 1571 τοῦ
1119 1517 1276 1584 Θεοῦ,
1308 1517 1496 1586 ὥσπερ
1545 1519 1790 1573 οὐδὲτοῦ

1881 617 2132 674 ctorum,
2175 607 2374 676 quippe
2423 605 2514 673 qui
2581 618 2706 658 eum
2759 601 2979 656 Christo
3031 603 3275 656 crucifixi
3308 616 3454 664 sunt,

1881 699 2047 761 coles,
2109 713 2324 752 cruciant
2361 711 2538 748 rorant
2565 705 2613 747 te
2634 694 2955 760 imaginaris,
2991 703 3040 746 et
3066 693 3117 746 itt
3145 695 3453 747 tuotnoriunt

1881 805 2143 845 revocans
2196 790 2419 842 inditam
2471 787 2580 841 illis
2623 787 3092 854 participationem
3141 786 3452 854 passionum

1879 880 2104 935 CltriSIi.
2133 879 2261 932 ltem
2305 879 2548 946 sepulcra
2590 892 2776 930 eorum
2806 886 3013 940 sancta,
3045 887 3097 930 et
3133 879 3176 930 si
3213 893 3329 942 qna-
3366 893 3453 930 os-

1878 972 2016 1023 sium
2048 969 2286 1036 reliquiae
2314 984 2330 1024 :
2362 985 2468 1020 non
2496 968 2636 1020 cnim
2667 969 2733 1020 ab
2762 970 2844 1021 his
2881 979 3127 1036 separata
3155 977 3236 1020 est
3275 968 3449 1035 gl'.'ll1\

1881 1060 1994 1118 Dei,
2021 1061 2160 1111 sicut
2191 1074 2286 1113 nec
2318 1061 2384 1110 ah
2419 1059 2682 1111 atlorohili
2711 1075 2935 1128 corpore
2959 1059 3162 1111 Christi
3199 1073 3454 1127 separata

1881 1159 1962 1202 est
1984 1150 2237 1203 divinitas
2263 1151 2312 1200 in
2339 1149 2450 1214 ejus
2481 1150 2688 1201 vivilica
2747 1164 2939 1203 morte.
2974 1149 3083 1203 [loc
3124 1150 3348 1207 faciens.
3403 1160 3458 1203 et

1879 1256 1976 1296 eos
2014 1241 2323 1308 gloriﬁcans
2357 1242 2446 1308 qui
2478 1239 2642 1293 llcntn
2679 1242 3103 1293 ltonorilicarnnt
3133 1251 3185 1293 ct
3232 1241 3454 1308 periei-ti

1881 1333 2136 1398 operibus
2167 1331 2264 1385 visi
2297 1343 2420 1384 sunt
2456 1331 2506 1382 in
2561 1348 2745 1384 amore
2786 1330 2903 1393 Dei,
2947 1331 3062 1400 ipse
3093 1348 3120 1384 a
3164 1331 3270 1385 Deo
3323 1348 3453 1385 conn

1882 1423 2294 1490 glorificaheris,
2315 1431 2366 1474 et
2393 1438 2514 1474 cum
2539 1421 2738 1475 Davide
2763 1423 2983 1492 psaltes.
3015 1424 3197 1476 dii-ens
3224 1442 3237 1476 :
3277 1443 3294 1475 ι
3327 1424 3452 1476 Mihi

1882 1515 2042 1568 nimis
2085 1513 2415 1566 honoriﬁmiti
2454 1525 2577 1565 sunt
2610 1513 2764 1566 amici
2803 1515 2903 1576 tui,
2956 1513 3112 1565 Dens.
3152 1532 3169 1562 ι

176 1610 602 1684 προσκυνητοῦ
636 1610 889 1679 σώματος
922 1611 1160 1682 Χριστοῦ
1193 1613 1376 1682 διέστη
1405 1613 1436 1682 ή
1465 1611 1676 1681 θεότης,
1711 1613 1804 1664 ἐπὶ
1834 1610 1927 1664 τοῦ
1956 1609 2226 1675 ζωοποιοῦ
2255 1609 2510 1665 Θανάτου.
2541 1608 2715 1663 Τοῦτο
2761 1611 2817 1664 δὲ
2868 1611 3063 1674 ποιῶν,
3101 1612 3193 1664 καὶ
3229 1610 3469 1676 δοξάζων

175 1710 332 1770 τιὺς
356 1710 455 1762 τὸν
477 1708 608 1762 Θεὸν
637 1708 991 1774 δοξάσαντας,
1029 1707 1106 1766 ὼς
1130 1703 1368 1766 τελείους
1395 1703 1464 1755 δι’
1493 1703 1674 1776 ἔργων
1706 1703 1978 1770 φανέντας
2010 1705 2067 1755 ὲν
2087 1705 2153 1773 τῇ
2205 1704 2396 1775 ἀγάπῃ
2441 1703 2535 1756 τοῦ
2559 1704 2719 1766 Θεοῦ,
2773 1706 2866 1757 καὶ
2917 1704 3327 1776 συκδοξασθήεῃ
3357 1709 3463 1762 ὑπὸ

179 1804 294 1857 τοῦ
329 1803 503 1866 Θεοῦ,
533 1805 628 1854 καὶ
665 1801 804 1870 μετά
828 1799 923 1853 τοῦ
957 1799 1123 1853 Δαὸὶδ
1149 1799 1368 1866 ψαλεῖς,
1397 1815 1415 1848 ι
1459 1797 1636 1866 Ἐμοὶ,
1673 1798 1870 1866 λέγων,
1903 1797 2024 1853 λίαν
2055 1799 2396 1871 ἐτιμήθησαν
2428 1802 2474 1853 oi
2507 1801 2650 1868 φίλοι
2680 1820 2793 1864 σου,
2819 1803 2846 1853 ὀ
2877 1802 3027 1864 Θεὸς.
3067 1820 3085 1853 ›

270 1909 292 1940 σ
335 1891 422 1942 Ού
456 1893 600 1964 λήψῃ
629 1892 689 1943 τὸ
715 1893 885 1961 ὄνομα
911 1891 1114 1960 Κυρίου
1141 1889 1236 1941 τοῦ
1265 1889 1398 1942 Θεοῦ
1435 1907 1528 1942 σου
1561 1889 1656 1943 ἐπὶ
1693 1907 1794 1959 μα-

171 1984 337 2052 ταίῳ
365 2003 390 2035 ι
424 1983 510 2036 διά
542 2001 592 2037 τι
617 1984 722 2035 τῶν
756 1985 979 2053 γηΐνων.
1025 1982 1058 2051 ἢ
1099 1982 1184 2035 διὰ
1222 1981 1386 2050 φόϐον
1428 1980 1790 2052 ἀνθρώπινον,

173 2075 212 2145 ἢ
256 2073 568 2145 αίσχύνην,
620 2074 653 2143 ἦ
700 2074 887 2144 κέρδος
933 2075 1152 2137 οἰκεῖον,
1205 2074 1299 2126 ἐπὶ
1335 2071 1519 2141 ψεύδει
1555 2071 1792 2142 ὀμνύων.

189 2165 519 2236 Ἐπιορκία
553 2165 660 2234 γάρ
704 2163 930 2233 ἄρνησίς
974 2166 1090 2214 ἐστι
1132 2161 1290 2214 Θεοῦ.
1319 2161 1432 2214 ’Διά
1473 2160 1632 2214 τοῦτο
1673 2161 1794 2214 οὺδέ

173 2255 420 2325 ὀμόσῃς
450 2255 609 2317 ὅλως,
635 2254 770 2307 ἀλλά
797 2252 968 2323 φεύξῃ
998 2252 1089 2304 τὸν
1127 2253 1290 2323 ὅρκον
1328 2250 1572 2314 τελείως,
1613 2249 1688 2312 ὡς
1711 2249 1798 2301 διὰ

170 2347 280 2401 τοῦ
319 2348 509 2418 ὅρκου
567 2347 669 2415 τῆς
719 2345 1004 2416 ἐπιορκίας
1057 2345 1379 2416 ἐρχομένης,
1419 2343 1516 2398 καὶ
1561 2343 1799 2397 ἀπαλλο-

178 2439 480 2508 τριούσης
507 2436 602 2490 τοῦ
633 2435 791 2500 Θεοῦ,
816 2435 910 2488 καὶ
939 2438 1051 2497 τοῖς
1069 2436 1290 2504 ἀνόμοις
1316 2434 1798 2504 συγκαταριθμού-

186 2549 299 2602 σης
340 2530 448 2583 τὸν
510 2532 573 2600 τῇ
636 2529 895 2600 ἐπιορκία
951 2527 1253 2598 χρώμενον,
1306 2528 1586 2594 ἀληθεύων
1631 2527 1687 2580 δὲ
1742 2529 1799 2580 ἐν

192 2625 345 2676 πᾶσι
399 2624 516 2686 τοῖς
553 2624 663 2686 σοῖς
697 2621 895 2689 λόγοις,
932 2621 1098 2691 ὅρκου
1143 2620 1466 2689 βεϐαιότητα
1515 2619 1793 2690 παρέξεις.

192 2715 260 2764 Εἰ
285 2713 347 2764 δέ
379 2729 514 2764 ποτε
556 2712 800 2780 συμϐαίη
841 2712 990 2780 ὅρκῳ
1025 2709 1248 2762 σεαυτὸν
1284 2709 1597 2774 ὑποϐαλεῖν,
1633 2709 1661 2761 ὃ
1690 2709 1798 2760 τῶν

193 2803 586 2866 ἁπευκταίων,
632 2804 679 2854 εἰ
710 2802 807 2872 μὲν
841 2801 932 2854 ἐπί
977 2818 1084 2852 τινι
1114 2801 1222 2855 τῶν
1263 2801 1406 2854 κατά
1439 2801 1602 2870 νόμον
1631 2801 1796 2862 θεῖον,

196 2894 448 2962 πράξεις
484 2893 583 2961 μὲν
609 2893 684 2954 ὼς
733 2892 966 2960 νόμιμον
1005 2893 1216 2944 ἐκεῖνο*
1266 2891 1492 2944 σεαυτὸν
1542 2890 1598 2943 δὲ
1634 2891 1798 2943 ἀπαι-

194 2991 402 3051 τήσεις
427 2981 528 3043 τὰς
569 2981 818 3046 εὐθύνας,
858 2983 937 3034 ὅτι
964 2979 1111 3042 ὅλως
1146 2979 1398 3049 ὤμοσας·
1437 2980 1797 3050 ἐλεημοσύνῃ,

1974 1901 1992 1935 ι
2028 1882 2144 1938 Non
2208 1899 2452 1938 assumes
2520 1902 2716 1942 nomen
2791 1889 3003 1942 Domim
3041 1890 3134 1946 Dei
3187 1894 3256 1945 tui
3295 1895 3345 1947 in
3379 1912 3474 1948 va-

1895 1991 2022 2030 num
2057 1977 2122 2043 τι,
2160 1995 2180 2028 ι
2237 1986 2454 2045 propter
2504 1979 2708 2046 aliquid
2771 1988 3052 2045 terrestre,
3110 1995 3202 2037 aut
3249 1997 3468 2054 propter

1896 2068 2144 2122 timorem
2204 2068 2506 2134 hominum,
2578 2081 2668 2123 aut
2742 2073 3025 2139 pudorem,
3093 2086 3187 2128 aut
3257 2075 3463 2130 lucrum

1893 2158 2198 2228 proprium,
2235 2159 2566 2212 mendaciter
2604 2160 2819 2228 jurans.
2872 2161 3177 2232 Perjurium
3212 2164 3353 2220 enim
3384 2178 3466 2221 est

1893 2249 2110 2318 negatio
2140 2247 2252 2302 Dei.
2293 2248 2605 2316 Propterea,
2639 2267 2702 2304 ne
2725 2251 2876 2317 jures
2913 2269 3174 2323 unquam,
3213 2257 3304 2310 sed
3345 2257 3468 2326 fuge

1892 2339 2116 2391 omnino
2146 2349 2567 2406 sacramentum,
2605 2342 2731 2410 quia
2791 2360 2885 2411 per
2920 2345 3290 2411 juramentum
3320 2349 3469 2400 venit

1892 2431 2214 2500 periurium,
2247 2435 2386 2502 quod
2423 2448 2450 2485 ε
2483 2431 2591 2487 Deo
2627 2435 2845 2498 alienat,
2879 2447 2931 2490 et
2991 2437 3130 2491 inter
3175 2439 3470 2494 sceleratos

1891 2523 2155 2578 adscribit
2182 2522 2322 2577 falso
2352 2532 2588 2578 utentem
2625 2541 3008 2595 sacramento;
3058 2530 3151 2583 sed
3189 2545 3377 2584 verum
3413 2531 3464 2584 in

1889 2613 2101 2669 cunctis
2134 2614 2472 2668 sermonibus
2513 2616 2619 2670 tuis
2649 2617 2859 2681 dicens,
2892 2620 3252 2688 jurisjuraudi
3293 2622 3462 2674 [irini-

1891 2717 2052 2761 tatem
2103 2707 2406 2775 praestabis.
2451 2709 2602 2773 Quod
2660 2711 2705 2763 si
2759 2728 2992 2779 unquam
3041 2715 3135 2767 tibi
3177 2715 3465 2780 contigerit

1888 2797 2092 2867 aliquid
2139 2799 2242 2852 sub
2278 2812 2620 2855 sacramento
2660 2801 2901 2870 polliceri
2938 2803 3101 2874 (quod
3134 2815 3216 2858 est
3264 2806 3463 2870 nefas),

1888 2888 1935 2943 si
1963 2890 2280 2958 promissum
2346 2899 2429 2944 est
2477 2892 2677 2959 aliquid
2747 2893 3029 2948 confornie
3083 2897 3187 2966 lrgi
3248 2897 3462 2961 divinae,

1889 2981 2017 3036 illud
2047 2980 2242 3045 facies,
2265 2991 2450 3051 utpote
2508 2983 2739 3049 licitum,
2765 2999 2795 3040 a
2831 2997 2881 3038 te
2912 3002 3039 3039 vero
3091 3002 3277 3054 ρωιιτιε
3309 3005 3466 3055 repe-

198 3078 298 3127 καὶ
335 3074 540 3145 ἱκεσίᾳ,
585 3075 679 3127 καὶ
718 3075 927 3141 πένθει,
986 3076 1081 3128 καὶ
1127 3074 1368 3127 κακώσει
1411 3074 1660 3143 σώματος
1708 3073 1794 3137 ἑξ-

1889 3081 1969 3125 tes
1994 3072 2217 3140 praestiti
2241 3072 2557 3139 juramenti,
2594 3074 2955 3145 cleemosyna,
2987 3079 3257 3144 precibus,
3291 3078 3463 3143 luctu,

202 3167 231 3215 ι’
257 3165 351 3215 εού
365 3180 528 3231 μενος
570 3165 824 3232 Χριστὸν,
854 3165 946 3216 τὸν
980 3166 1227 3229 είπόντα,
1270 3182 1288 3215 ι
1325 3165 1416 3231 Μὴ
1447 3164 1650 3236 ὀμόσῃς
1673 3181 1718 3213 ·ι
1752 3164 1800 3215 εἰ

200 3256 260 3307 δὲ
305 3255 404 3306 ἐπί
450 3272 557 3307 τινι
592 3255 700 3307 τῶν
754 3256 1105 3324 παρανόμων,
1137 3257 1239 3325 ὅρα
1286 3255 1360 3325 μὴ
1390 3255 1476 3309 διά
1520 3256 1612 3309 τὸν
1639 3255 1802 3327 ὅρκον

201 3341 516 3413 πληρώσῃς
547 3343 607 3396 τὸ
651 3345 991 3414 παράνομον,
1023 3345 1108 3397 ἵνα
1144 3345 1217 3416 μὴ
1250 3345 1326 3414 τῷ
1377 3347 1800 3416 προφητοκτόνῳ

216 3435 446 3504 Ἡρώδῃ
477 3435 928 3506 σαναριθμηοῇς·
973 3438 1242 3509 ἀθετήσας
1299 3439 1358 3492 δέ
1412 3439 1502 3492 τὸν
1560 3441 1801 3510 παράνο-

210 3541 318 3590 μον
375 3527 584 3577 ἐκεῖνον
637 3527 820 3596 ὅρκον,
871 3529 994 3596 ὅρον
1048 3527 1137 3592 θὲς
1192 3528 1404 3600 σεαυτῷ
1453 3529 1549 3582 τοῦ
1603 3529 1801 3600 μηκέτι

208 3615 348 3667 ποτὲ
386 3614 610 3685 ὀμόσαι,
666 3617 760 3670 καὶ
797 3617 1001 3682 ἐξιλέου
1041 3619 1252 3690 σεαυτῷ
1283 3620 1380 3676 τὸν
1405 3621 1558 3684 Θεὸν,
1586 3620 1805 3692 χρώμε-

206 3724 302 3770 νος
340 3709 750 3780 ἐπιπονώτερον
792 3711 889 3764 σὺν
939 3711 1169 3780 δάκρυσι
1214 3714 1327 3776 τοῖς
1379 3714 1800 3785 προειρημένοις

209 3799 556 3868 φαρμάκοις.

293 3892 545 3961 Ἡμέραν
578 3893 706 3962 μίαν
745 3895 843 3964 τῆς
874 3895 1188 3966 ἑϐδομάδος,
1242 3897 1363 3967 ἥτις
1401 3899 1496 3952 καὶ
1548 3899 1803 3969 Κυριακὴ

207 3982 486 4041 καλεῖται.
518 3983 606 4037 διὰ
642 3984 705 4036 τὸ
728 3985 1154 4057 ἀνατεθειμὲνην
1177 3981 1418 4056 εἶναιτῷ
1447 3989 1653 4058 Κυρίῳ,
1679 3989 1804 4042 κατ’

204 4075 381 4145 αὐτὴν
443 4076 738 4129 ἀναστάντι
790 4078 854 4130 ἐκ
912 4079 1144 4148 νεκρῶν,
1199 4079 1293 4132 καὶ
1332 4080 1804 4150 προῦποδείξαντι,

207 4164 304 4216 καὶ
361 4167 884 4237 προπιστωσαμένῳ
932 4168 1032 4239 τὴν
1084 4170 1272 4237 κοινὴν
1310 4170 1627 4235 ἀνάστασιν,
1673 4162 1792 4246 ἐνῇ

206 4257 316 4308 πᾶν
358 4258 555 4326 γήϊνον
585 4258 816 4327 ἀργήσει
846 4257 1006 4329 ἔργον
1027 4275 1043 4290 ο
1079 4260 1283 4330 ταύτην
1319 4262 1501 4314 τοίνυν
1541 4261 1639 4332 τὴν
1667 4263 1804 4332 ἡμέ-

211 4364 304 4416 ραν
339 4347 620 4416 ἀγιάσεις,
659 4349 754 4401 καὶ
789 4349 1041 4420 βιωτικόν
1077 4353 1186 4405 πᾶν
1227 4353 1387 4424 ἔργον
1420 4354 1481 4407 ού
1527 4357 1799 4426 ποιήσεις,

212 4440 382 4511 χωρὶς
427 4441 544 4493 τῶν
578 4441 892 4509 ἀναγκαίων
917 4459 930 4473 ·
987 4445 1079 4498 καὶ
1133 4447 1245 4508 τοῖς
1281 4446 1386 4499 ὑπὸ
1435 4446 1493 4499 σὲ
1534 4447 1631 4500 καὶ
1663 4448 1802 4518 μετὰ

222 4531 312 4584 σοῦ
351 4535 524 4586 πᾶσιν
582 4533 770 4587 άνεσιν
813 4535 1092 4606 παρέξεις,
1131 4537 1196 4588 ἶν’
1241 4537 1379 4608 ὀμοῦ
1410 4537 1670 4608 δοξάσητε
1708 4539 1800 4594 τὸν

218 4625 296 4694 τῷ
320 4626 510 4694 οἰκείῳ
548 4624 764 4696 Θανάτῳ
799 4627 1144 4696 κτησάμενον
1179 4629 1345 4699 ἡμᾶς,
1371 4629 1463 4682 καὶ
1493 4633 1800 4685 ἀναστάντα

225 4717 316 4769 καὶ
345 4718 829 4784 συναναστήσαντα
858 4719 957 4789 τὴν
989 4719 1264 4791 ἡμετέραν
1294 4720 1474 4790 φύσιν.
1509 4723 1618 4775 Καὶ
1660 4741 1800 4794 μνη-

228 4809 398 4879 σθήσῃ
432 4807 529 4860 τοῦ
570 4808 855 4878 μέλλοντος
889 4811 1100 4875 αἰῶνος,
1135 4812 1230 4865 καί⁷
1268 4812 1581 4883 μελετήσεις
1607 4815 1664 4867 ἐν
1693 4817 1798 4869 πά-

231 4915 348 4961 σαις
400 4901 521 4959 ταῖς
598 4899 840 4958 ἐντολαῖς
903 4901 995 4952 καὶ
1047 4903 1377 4973 δικαιώμασι
1432 4906 1656 4976 Κυρίου,
1703 4907 1799 4961 καὶ

229 4990 498 5052 ἐξετάσεις
543 4992 787 5055 σεαυτὸν,
836 4994 908 5062 μή
955 5010 1007 5044 τι
1057 4995 1322 5066 παρέϐης,
1369 4997 1402 5069 ἢ
1446 4997 1795 5068 παρέλειψας,

230 5081 324 5131 καὶ
376 5081 689 5150 διορθώσεις
747 5084 976 5137 σεαυτὸν
1009 5086 1066 5136 ἐν
1097 5088 1265 5140 πᾶσι·
1319 5091 1408 5142 καὶ
1450 5107 1798 5162 προσκαρτε-

237 5171 415 5237 ρήσεις
442 5173 498 5222 ἐν
523 5171 658 5241 αὐτῇ
686 5173 762 5242 τῷ
806 5173 897 5226 τοῦ
929 5174 1062 5228 Θεοῦ
1097 5177 1229 5245 ναῷ,
1274 5179 1365 5230 καὶ
1397 5182 1517 5242 ταῖς
1546 5181 1603 5232 ἐν
1646 5178 1796 5250 αύτῷ

236 5260 482 5323 συνάξεσι
530 5266 867 5332 παραμενεῖς
893 5282 907 5295 ο
958 5266 1052 5318 καὶ
1090 5267 1376 5340 μεταλήψῃ
1408 5269 1465 5320 ἐν
1515 5270 1800 5340 εἰλικρινεῖ

238 5351 431 5414 πίστει,
463 5353 556 5405 καὶ
583 5349 932 5423 ἀκατακρίτῳ
966 5357 1227 5410 συνειδότι
1269 5359 1364 5410 τοῦ
1398 5361 1549 5427 ἁγίου
1603 5363 1792 5431 σώμα-

237 5460 322 5506 τος
370 5446 458 5496 καὶ
493 5446 724 5515 αἵματος
751 5448 985 5518 Χριστοῦ
1012 5465 1027 5478 ⁸
1079 5451 1171 5503 καὶ
1200 5451 1374 5523 ἀρχὴν
1403 5452 1792 5525 ἀκριϐεστέρου

243 5537 349 5599 βίου
382 5537 516 5608 ἄρξῃ
541 5556 554 5571 ο
589 5540 684 5592 καὶ
744 5541 1110 5606 ἀνακαινίσεις
1144 5542 1392 5611 σεαυτὸν,
1449 5547 1540 5600 καὶ
1572 5546 1793 5614 ἑτοιμά-

296 5714 520 5772 τιειοά.
546 5733 638 5777 xx.
663 5716 716 5772 7.
744 5717 793 5750 "
834 5716 986 5772 Deut.
1029 5733 1119 5784 xx,
1163 5717 1246 5774 lO.

1881 3175 1937 3220 et
1967 3164 2208 3233 corporis
2227 3164 2576 3219 alllictatione
2599 3164 2822 3233 placatis
2842 3167 3142 3230 Christum,
3173 3171 3260 3239 qui
3287 3169 3462 3222 dixit:

1889 3274 1906 3307 ι
1933 3255 2050 3309 Non
2077 3255 2327 3321 jurabis;
2362 3270 2380 3303 ι
2410 3254 2454 3307 si
2487 3266 2666 3308 autem
2693 3267 2776 3309 est
2808 3256 3006 3326 aliquid
3056 3259 3168 3324 lege
3215 3263 3459 3326 vetitum,

1882 3345 2005 3399 vide
2041 3361 2106 3398 ne
2144 3354 2361 3414 propter
2387 3355 2795 3398 sacrmnentum
2827 3346 2993 3399 facias
3023 3348 3148 3416 quid
3187 3349 3459 3414 illicitum,

1884 3445 1941 3490 ιιι
1971 3452 2075 3492 non
2107 3436 2400 3492 ascribaris
2430 3448 2553 3490 cum
2615 3434 2826 3490 llerode
2885 3439 3164 3508 prephcta:
3197 3441 3460 3504 ot-cisore,

1881 3535 1936 3582 et
1964 3527 2234 3596 abrogans
2269 3525 2496 3594 impium
2529 3525 2658 3579 illud
2691 3526 3094 3596 jusjurandum,
3125 3529 3458 3597 propositum

1885 3618 1975 3672 tibi
2011 3618 2228 3686 impone
2284 3631 2567 3687 nunquam
2627 3619 2856 3686 amplius
2913 3617 3158 3688 jurandi,
3191 3633 3256 3672 ac
3293 3619 3460 3672 Deum

1885 3710 1979 3764 tibi
2007 3709 2258 3780 propitia,
2294 3708 2614 3764 laboriosius
2646 3725 2768 3763 cum
2802 3709 3052 3782 Iacrymis
3085 3718 3239 3765 utens
3272 3711 3464 3780 νηπίσ-

1884 3804 1953 3856 tis
1989 3803 2262 3856 remediis.

1956 3894 2126 3948 lJnam
2163 3895 2517 3948 hebdomadis
2540 3895 2708 3960 diem,
2744 3909 2862 3964 qua:
2904 3893 3179 3949 Dominica
3215 3907 3458 3960 vocatur,

1884 3993 2068 4054 utpote
2100 3985 2326 4038 Domino
2355 3998 2706 4051 reservatam,
2741 3988 2833 4056 qui
2865 3988 2915 4040 in
2949 4001 3012 4042 ea
3046 3992 3366 4048 resurrexit,
3408 3999 3462 4042 ιιι

1881 4077 2344 4145 praemonstravit,
2402 4087 2452 4128 et
2510 4085 2715 4129 certam
2782 4075 3022 4130 reddidit
3094 4079 3456 4131 ttnivetsalent

1885 4166 2359 4230 resurrectionem,
2390 4167 2442 4220 in
2470 4181 2573 4235 qua
2603 4180 2766 4220 omne
2793 4177 3068 4220 terrenum
3103 4170 3460 4222 evacuabitur

1885 4272 2066 4325 Opus:
2105 4256 2264 4320 hanc,
2315 4255 2558 4324 inquam,
2617 4257 2759 4310 diem
2821 4257 3212 4320 sanctiﬁrabis.
3251 4260 3456 4313 nullum

1886 4362 2021 4415 Opus
2052 4347 2115 4402 ad
2151 4347 2353 4400 vietum
2398 4347 2452 4400 in
2487 4361 2549 4400 ca
2589 4347 2751 4400 facies
2777 4347 2845 4412 ν’,
2877 4359 3073 4416 praeter
3127 4349 3455 4416 necessaria,

1886 4449 1940 4494 ct
1987 4439 2237 4492 omnibus
2275 4438 2366 4507 qui
2421 4438 2522 4493 sub
2565 4449 2615 4492 te
2664 4448 2718 4492 et
2769 4449 2944 4493 tecum
3005 4451 3155 4507 sunt,
3216 4442 3454 4510 requiem

1883 4532 2169 4594 euncedes,
2219 4541 2276 4583 ut
2333 4529 2496 4583 simul
2553 4530 2869 4600 glorilicetis
2920 4547 3044 4586 eum
3095 4533 3183 4600 qui
3237 4549 3333 4586 nos
3359 4548 3455 4586 sua

1884 4630 2054 4674 morte
2075 4618 2379 4687 acquisivit,
2411 4627 2476 4690 et_
2515 4635 2806 4688 resurgens
2839 4621 3294 4675 cunresuscituvit
3356 4636 3456 4675 no-

1883 4722 2052 4765 stram
2087 4719 2357 4763 naturam.
2406 4707 2470 4763 Et
2506 4711 2880 4766 recordaberis
2935 4709 3104 4763 luturi
3135 4709 3344 4775 saeculi,
3402 4719 3455 4763 et

1882 4800 2232 4855 tneditabcris
2262 4801 2316 4854 in
2341 4801 2595 4855 omnibus
2651 4801 2923 4855 mandatis
2955 4810 3008 4852 et
3034 4799 3452 4870 juSIilicationi-

1884 4894 1984 4948 bus
2026 4893 2265 4959 Domini,
2297 4903 2350 4947 et
2389 4892 2618 4962 teipsum
2672 4893 3011 4946 examinabis
3057 4893 3124 4945 de
3153 4891 3374 4945 oﬂ‘ensis
3401 4899 3456 4943 et

1883 4985 2210 5046 defectibus,
2243 4991 2298 5038 ct
2323 4993 2374 5036 te
2400 4989 2468 5037 ab
2495 4984 2643 5038 omni
2681 4984 2832 5052 lapsu
2869 4982 3165 5048 relevabis;
3200 4993 3251 5037 et
3291 4985 3456 5037 inhae-

1882 5076 2029 5130 rebis
2056 5076 2156 5144 ipsi
2185 5075 2274 5128 Dei
2309 5073 2525 5142 templo,
2559 5082 2614 5129 et
2649 5075 2700 5126 in
2738 5074 2857 5143 ejus
2887 5074 3122 5128 coetibus
3167 5089 3455 5142 permane-

1885 5169 2008 5241 bis;
2040 5176 2096 5220 et.
2129 5166 2481 5236 participabis
2513 5168 2569 5220 in
2598 5167 2813 5220 sincera
2844 5165 2948 5218 ﬁde
2977 5175 3032 5218 et
3062 5166 3300 5218 innocua
3329 5180 3456 5218 con-

1885 5259 2106 5313 scientia
2132 5267 2406 5327 corpuset
2454 5257 2772 5326 sanguinem
2842 5256 3089 5326 Christi;
3167 5259 3452 5312 etinitimn

1885 5348 2230 5417 perfectionis
2266 5348 2390 5402 vitae
2429 5347 2754 5416 inclmaibis;
2783 5357 2838 5402 et
2879 5353 3165 5405 renovabis
3199 5354 3448 5413 teipsnm,

1883 5451 1944 5496 ct’
1965 5440 2293 5512 praparabis
2316 5439 2382 5494 ad
2413 5439 2821 5507 suscipiendum
2854 5440 3030 5494 futura
3055 5441 3192 5494 bona
3221 5449 3386 5493 uatem
3411 5459 3448 5497 ι,

1883 5544 2102 5604 propter
2131 5546 2251 5604 qua:
2285 5531 2447 5588 rebus
2477 5529 2728 5600 terrenis,
2746 5545 2813 5588 ne
2842 5532 2963 5588 aliis
2996 5531 3211 5602 quidem
3234 5529 3446 5587 dictio,
