4146 6308
572 347 716 415 1095

1814 336 2199 401 GREGORII
2243 334 2576 397 PALAM/E

3675 326 3815 396 1096

570 459 832 522 abuteris,
861 455 1128 511 dominica
1170 464 1350 509 autem
1388 456 1456 509 ab
1486 454 1759 518 omnibus,
1794 453 1859 506 ad
1895 450 2144 506 assiden-

2257 467 2368 513 σεις
2391 454 2522 522 πρὸς
2555 454 2819 524 ὑποοοχὴν
2850 454 2956 507 τῶν
2983 458 3281 526 μελλόντων
3314 468 3548 512 αιωνιων
3580 463 3823 529 ἀγαθῶν,

568 551 697 604 dum
742 550 871 611 Deo,
912 547 1232 611 abstini-bis,
1294 554 1492 616 prmter
1553 546 1861 600 necessaria
1921 553 1972 599 et
2027 544 2145 599 siue

569 641 767 710 quibus
796 640 902 692 vivi
947 639 1156 707 nequit.
1190 637 1283 691 Sic
1316 639 1459 690 enim
1521 636 1687 691 Deum
1721 637 1926 691 habens
1958 636 2146 693 confu-

570 732 737 803 gium,
772 746 875 786 non
930 732 1367 798 transgredieris,
1414 744 1512 783 nec
1542 730 1896 798 cupiditatum
1951 745 2146 787 accen-

570 824 715 878 deris
749 825 888 895 igne,
917 840 1015 878 nec
1044 826 1248 892 peccati
1273 824 1414 878 mole
1441 823 1756 889 gravaberis
1784 838 1798 888 ;
1823 832 1875 877 et
1898 823 1977 877 sic
2002 824 2142 876 diem

571 915 939 969 saltetiﬁcabis
963 916 1329 977 sabbatorum,
1360 915 1701 969 sabbatizans
1723 930 1751 968 a
1771 915 2146 982 ntalisrequie-

571 1008 791 1058 scendo.
837 1007 1127 1059 Dominicze
1190 1019 1366 1058 autem
1408 1022 1633 1073 magnas
1683 1008 2002 1065 festivitates
2030 1010 2145 1077 lege

573 1106 867 1164 praeceptas
925 1097 1207 1168 adiunges,
1247 1100 1434 1154 eadem
1491 1103 1695 1155 iaciens
1745 1112 1801 1156 et
1839 1103 1907 1157 ab
1952 1104 2143 1158 iisdem

573 1188 868 1242 abstinens.

651 1296 670 1329 ι
723 1280 935 1333 Honora
969 1291 1174 1348 patrem
1200 1292 1349 1335 tuum
1380 1290 1430 1336 et
1461 1294 1689 1337 matrem
1721 1294 1867 1338 tuam
1903 1286 1965 1351 ⁷³,
2004 1304 2024 1337 ι
2053 1300 2147 1354 per

576 1371 677 1425 hos
702 1371 845 1423 enim
882 1383 932 1426 te
962 1374 1184 1426 adduxit
1213 1374 1265 1426 in
1300 1375 1463 1428 vitam
1496 1376 1657 1438 lieus,
1691 1388 1742 1431 et
1777 1378 1851 1431 illi
1897 1390 2024 1434 sunt
2051 1380 2144 1434 tibi

576 1474 696 1530 post
738 1463 906 1517 Deum
955 1466 1292 1520 exsistentiae
1323 1479 1592 1524 auetores.
1627 1470 1767 1539 Ergo
1819 1482 1871 1523 et
1922 1482 1997 1531 tu,
2026 1482 2147 1539 post

582 1556 768 1619 Deum,
804 1571 897 1609 eos
939 1556 1236 1611 honorahis
1264 1569 1321 1612 et
1349 1560 1557 1628 diliges,
1604 1561 1648 1613 si
1683 1562 1747 1614 ad
1779 1560 1869 1614 Dei
1905 1578 2143 1618 amorem

578 1661 731 1699 amor
765 1647 975 1701 illorum
1011 1649 1216 1703 confert
1244 1667 1258 1715 ;
1290 1652 1332 1702 si
1363 1666 1491 1704 vero
1538 1668 1643 1705 non
1676 1653 1942 1718 conferat,
1973 1655 2145 1723 fugies

575 1737 645 1790 ab
675 1739 753 1791 eis
774 1740 1056 1794 confestim
1085 1757 1099 1805 ;
1128 1754 1181 1795 et
1211 1743 1257 1796 si
1281 1742 1367 1797 vel
1400 1744 1842 1812 impedimentum
1871 1745 1966 1801 tibi
1993 1748 2142 1811 sinit,

575 1833 874 1898 praesertim
905 1833 968 1885 ad
999 1848 1180 1887 veram
1230 1843 1281 1887 et
1318 1836 1607 1890 salutarem
1647 1836 1831 1901 fidem,
1873 1842 2000 1907 quia
2034 1841 2141 1895 hae-

575 1925 681 1977 resi
708 1926 867 1979 alicui
907 1914 1195 1991 inhaerent,
1228 1945 1331 1983 non
1374 1930 1547 1984 solum
1589 1930 1781 2001 fugies.
1816 1936 1910 1989 sed
1940 1946 1991 1988 et
2018 1935 2144 1991 odio

578 2015 826 2082 habebis,
857 2018 996 2072 haud
1028 2018 1147 2073 illos
1177 2028 1408 2086 tantum,
1436 2031 1484 2074 at
1510 2038 1701 2077 omnes
1732 2025 1896 2079 etiam
1927 2027 2145 2083 aliunde

578 2108 781 2164 amicos
815 2118 870 2165 et
892 2112 1234 2182 coniunctos,
1264 2125 1316 2167 et
1348 2115 1456 2182 ipsa
1508 2124 1596 2168 tua
1630 2118 1891 2184 membra,
1945 2130 2000 2174 et
2052 2121 2148 2175 ho-

579 2214 697 2254 rum
728 2202 972 2269 atfectus,
1003 2204 1288 2274 ipsumque
1322 2214 1499 2259 totum
1523 2221 1720 2275 corpus
1756 2219 1930 2277 tuum,
1960 2221 2012 2266 et
2047 2215 2146 2266 Ιιιι-

573 2292 667 2360 jus
750 2295 1067 2352 libidinosos
1126 2297 1369 2354 habitus.
1400 2299 1533 2354 Nam
1580 2320 1600 2353 ι
1633 2302 1677 2355 si
1726 2303 1847 2371 quis
1891 2319 1997 2358 non
2033 2306 2148 2362 odit

581 2393 788 2453 patrem
820 2401 998 2454 suum,
1035 2396 1090 2443 et
1118 2396 1366 2457 matrem,
1419 2400 1473 2445 et
1504 2408 1749 2459 uxorem,
1804 2405 1858 2450 et
1909 2396 2069 2462 filios,
2093 2407 2148 2454 et

581 2473 797 2540 fratres,
830 2477 1006 2533 adhuc
1043 2489 1221 2533 autem
1258 2490 1313 2535 et
1342 2481 1577 2537 animam
1607 2500 1786 2548 suam,
1817 2496 1871 2541 et
1911 2503 2014 2543 non
2051 2490 2115 2543 ba

577 2565 713 2633 juiat
745 2582 959 2623 crucem
995 2586 1169 2637 suam,
1222 2582 1275 2626 et
1325 2574 1474 2626 venit
1518 2586 1640 2644 post
1672 2591 1773 2642 me,
1810 2592 1915 2631 non
1943 2587 2025 2633 est
2065 2596 2149 2636 me

532 2658 798 2727 ‘dignus,
839 2678 856 2712 ι
902 2662 976 2715 ait
1005 2661 1255 2717 Christus
1285 2664 1353 2717 ⁷⁸.
1386 2664 1449 2719 Ει
1471 2665 1684 2735 quidem
1709 2669 1789 2722 sic
1813 2687 1938 2738 erga
1967 2683 2150 2739 patres

583 2760 635 2803 et
662 2751 867 2805 amicos
891 2762 946 2808 et
980 2752 1175 2808 fratres
1207 2755 1504 2809 secundum
1539 2771 1757 2812 carnem
1784 2777 1801 2823 ;
1831 2761 2150 2832 conjunctos

584 2848 763 2893 autem
795 2840 898 2897 fide
930 2858 1030 2899 nec
1060 2844 1218 2899 saluti
1250 2845 1532 2901 obstantes
1567 2848 1861 2906 houorabis
1910 2864 1964 2907 et
1997 2868 2152 2908 ama-

587 2933 691 2986 his.
714 2932 768 2987 Si
794 2949 953 3002 porro
978 2936 1057 2992 sic
1081 2947 1336 3006 parentes
1362 2941 1660 2996 secundum
1684 2958 1924 3009 carnem,
1948 2956 2151 3015 quanto

586 3025 758 3092 magis
788 3027 1084 3085 honorabis
1116 3044 1179 3085 ac
1224 3031 1418 3101 diliges
1448 3048 1542 3087 eos
1589 3035 1679 3103 qui
1710 3039 2004 3093 secundum
2041 3042 2153 3110 spi-

2251 541 2317 595 δι’
2349 543 2384 596 ἃ
2410 546 2522 606 τοῖς
2573 544 2804 614 γηῖνοις,
2860 546 2979 600 οὐδὲ
3012 550 3130 609 ταῖς
3180 547 3368 611 ἄλλαις
3395 551 3629 623 ἡμέραις
3657 572 3828 610 κατα-

2251 636 2461 708 χρήσῃ·
2510 639 2568 691 έν
2615 637 2671 689 δὲ
2724 640 2786 708 τῇ
2839 640 3089 710 κυριακῇ
3126 642 3363 708 πάντων,
3416 644 3504 698 διὰ
3560 647 3621 700 τὸ
3651 666 3822 719 προσ-

2249 723 2488 795 εδρεύειν
2520 726 2597 796 τῷ
2631 726 2771 794 Θεῷ,
2819 728 3016 800 ἀφέξῃ,
3052 730 3191 802 πλὴν
3212 732 3320 784 τῶν
3357 726 3824 805 ἀναγκαιοτάτων,

2249 820 2344 870 xui
2396 812 2471 871 ὧν
2502 820 2628 873 ἄνευ
2688 820 2787 890 ζῇν
2834 821 3131 878 ⁸άδύνατον.
3191 823 3349 879 Οὕτω
3384 827 3494 898 γάρ
3545 829 3635 882 τὸν
3690 831 3826 885 Θεὸν

2249 907 2389 977 ἔχων
2422 910 2582 963 τόπον
2626 913 2972 982 καταφυγῆς,
3003 914 3064 967 οὐ
3122 916 3440 989 μεταϐήσῃ’
3499 919 3563 973 τό
3609 938 3668 974 τε
3710 923 3824 996 πῦρ

2248 1000 2356 1051 τῶν
2409 1000 2598 1053 παθῶν
2648 1001 2747 1055 οὐκ
2794 1003 3106 1069 ὲκκαύσεις,
3138 1008 3234 1060 xui
3267 1008 3329 1059 τὸ
3380 1008 3676 1079 βάσταγμα
3722 1014 3825 1082 τῆς

2250 1088 2523 1159 ἁμαρτίας
2576 1090 2675 1143 οὐκ
2728 1092 2913 1161 ἀρεῖς·
2951 1094 3046 1146 xui
3103 1093 3246 1146 οὕτω
3297 1095 3395 1166 τὴν
3451 1097 3665 1165 ἡμέραν
3713 1100 3824 1151 τῶν

2250 1180 2543 1234 Σαϐϐάτων
2597 1183 2866 1250 ἀγιάσεις,
2934 1186 3274 1250 σαϐϐατίζων
3334 1186 3432 1254 τὴν
3483 1187 3591 1240 τῶν
3636 1191 3827 1244 κακῶν

2250 1274 2542 1341 ἀπραξίαν.
2576 1276 2653 1345 Τῇ
2682 1278 2929 1347 κυριακῇ
2979 1278 3034 1331 δὲ
3071 1279 3167 1341 τὰς
3224 1267 3618 1350 νενομισμένας
3662 1281 3825 1350 μεγά-

2249 1371 2347 1431 λας
2377 1365 2574 1438 ἑορτάς
2622 1363 2905 1432 συνάψεις,
2951 1364 3021 1417 τὰ
3060 1360 3202 1417 αὐτὰ
3254 1368 3530 1434 πράττων,
3577 1368 3674 1421 xui
3716 1367 3824 1419 ἀπὸ

2253 1462 2360 1515 τῶν
2382 1459 2562 1513 αὐτῶν
2599 1457 2956 1527 ἀπεχόμενος.
2997 1474 3014 1505 ι
3042 1455 3189 1524 Τίμα
3214 1454 3306 1507 τὸν
3347 1457 3560 1525 πατέρα
3590 1474 3710 1521 σου,
3734 1460 3830 1512 xui

2252 1552 2350 1623 τὴν
2385 1550 2605 1621 μητέρα,
2627 1565 2721 1600 σου
2754 1566 2757 1569 λ
2792 1566 2810 1597 ι
2840 1546 2908 1600 δι’
2934 1546 3114 1600 αὐτῶν
3152 1546 3260 1616 γάρ
3304 1563 3362 1598 σε
3389 1548 3702 1618 προήγαγεν
3750 1551 3829 1612 εἰς

2249 1642 2340 1695 τὸν
2366 1642 2479 1712 βῖον
2505 1645 2533 1693 ὁ
2561 1639 2713 1702 Θεδς,
2745 1639 2839 1691 xui
2870 1637 3024 1690 αὐτοί
3069 1655 3149 1690 σοι
3185 1638 3324 1706 μετά
3363 1638 3498 1692 Θεὸν
3526 1638 3693 1693 αἴτιοι
3736 1641 3830 1693 τοῦ

2252 1728 2409 1787 εἶναι.
2440 1731 2651 1785 Οὐκοῦν
2678 1731 2773 1783 xui
2801 1731 2888 1794 σὺ,
2928 1729 3063 1799 μετά
3112 1729 3266 1792 Θεὸν,
3300 1730 3498 1793 αὐτοὺς
3546 1731 3639 1783 xui
3668 1732 3831 1801 τιμή-

2252 1845 2382 1892 σεις,
2441 1824 2537 1878 xui
2593 1823 2939 1891 ἀγαπήσεις⁹
3000 1822 3049 1873 εί
3099 1822 3358 1892 καὶπρὸς
3388 1822 3486 1893 τὴν
3548 1822 3642 1876 τοῦ
3695 1821 3830 1876 Θεοῦ

2249 1917 2472 1986 ἀγάπην
2528 1917 2562 1984 ἡ
2622 1912 2756 1983 πρὸς
2807 1910 3049 1975 ἐκείνους
3105 1913 3389 1982 συνεργεῖ·
3432 1914 3480 1965 εί
3509 1912 3568 1965 δὲ
3607 1914 3683 1984 μὴ
3712 1930 3833 1965 συν-

2251 2014 2425 2083 εργεῖ,
2483 2008 2654 2082 φεύξῃ
2694 2008 2790 2063 ἀπ’
2841 2008 3019 2063 αὐτῶν
3067 2009 3331 2075 άμέσως·
3368 2009 3434 2064 ἂν
3484 2009 3540 2064 δέ
3594 2027 3679 2063 σοι
3739 2012 3829 2063 xui

2253 2104 2510 2173 ἐμπόδιον
2562 2096 2686 2165 ὦσι,
2748 2101 2841 2154 xui
2897 2099 3135 2171 μάλιστα
3180 2100 3316 2170 πρὸς
3369 2100 3465 2171 τὴν
3514 2100 3693 2171 ἀληθῆ
3735 2102 3829 2154 xui

2254 2198 2524 2268 σωτήριον
2552 2194 2755 2268 πίστιν,
2797 2191 3097 2262 ἑτερόδοξοι
3148 2209 3294 2254 τινες
3341 2192 3516 2255 ὄντες,
3555 2194 3618 2246 οὒ
3674 2193 3829 2263 μόνον

2254 2262 2448 2358 φεύξῇ,
2501 2262 2643 2341 ἀλλά
2689 2286 2785 2339 καὶ
2846 2285 3136 2354 μισήσεις·
3195 2283 3296 2336 οὐκ
3343 2283 3585 2346 ἐκείνους
3614 2262 3826 2353 μόνους,

2254 2378 2390 2434 ἀλλὰ
2417 2379 2511 2432 xui
2534 2377 2744 2438 πάντας
2781 2375 2910 2437 τοὺς
2945 2373 3081 2442 πρὸς
3118 2373 3330 2440 γένους,
3378 2371 3475 2425 xui
3515 2374 3644 2435 τοὺς
3693 2374 3829 2425 κατὰ

2256 2467 2435 2520 πᾶσαν
2464 2465 2629 2534 ἄλλην
2681 2463 2866 2533 φιλίαν
2912 2463 3007 2516 xui
3047 2464 3377 2530 συνάφειαν’
3415 2462 3509 2515 καὶ
3539 2461 3679 2515 αὐτά
3738 2479 3829 2515 σου

2253 2554 2321 2608 τὰ
2355 2554 2516 2625 μέλη,
2550 2555 2645 2608 xui
2676 2555 2774 2617 τὰς
2797 2552 3003 2607 τούτων
3032 2552 3261 2624 ὀρέξεις,
3311 2552 3405 2605 xui
3433 2552 3567 2605 αὐτό
3599 2570 3691 2607 σου
3724 2556 3832 2606 πᾶν

2252 2647 2312 2700 τὸ
2346 2647 2508 2717 σῶμα
2535 2663 2548 2677 ·
2582 2646 2678 2699 xui
2710 2645 2811 2715 τὴν
2851 2646 2915 2699 ὲκ
2937 2644 3131 2698 τούτου
3164 2643 3298 2715 πρὸς
3322 2643 3393 2697 τὰ
3422 2644 3568 2715 πάθη
3602 2644 3787 2715 σχέσιν
3815 2661 3831 2676 ο

2258 2754 2278 2787 ι
2319 2735 2387 2789 Ei’
2413 2754 2496 2799 τις
2533 2733 2643 2806 γὰρ
2696 2735 2756 2788 οὐ
2804 2736 2955 2804 μισεῖ
2998 2732 3091 2785 τὸν
3120 2733 3333 2803 πατέρα
3375 2733 3563 2801 αὐτοῦ,
3611 2733 3708 2787 xui
3737 2732 3834 2803 τὴν

2259 2827 2495 2898 μητέρα,
2525 2826 2620 2879 xui
2666 2825 2766 2896 τὴν
2794 2827 3054 2895 γυναῖκα,
3108 2824 3204 2876 xui
3233 2824 3301 2878 τὰ
3347 2825 3534 2889 τέκνα,
3583 2827 3678 2879 xui
3708 2827 3831 2887 τοὺς

2254 2919 2537 2985 ἀδελφοὺς,
2579 2918 2807 2988 προσέτι
2852 2919 2946 2971 xui
3003 2916 3099 2988 τὴν
3148 2917 3344 2970 ἑαυτοῦ
3386 2917 3587 2989 ψυχὴν,
3619 2918 3715 2971 xui
3752 2918 3835 2971 αἴ-

2258 3029 2342 3084 ρει
2393 3011 2482 3064 τὸν
2523 3009 2756 3079 σταυρὸν
2806 3008 2993 3073 αὑτοῦ,
3027 2993 3121 3062 xui
3170 3009 3458 3063 ἀκολουθεί
3504 3010 3683 3063 ὀπίσω
3708 3029 3831 3081 μου,

589 3117 755 3170 ritum
792 3117 915 3173 facti
950 3130 1075 3173 sunt
1108 3120 1203 3175 tibi
1237 3095 1534 3191 patientes?
1566 3095 1655 3194 qui
1698 3135 1747 3181 te
1772 3142 1800 3179 a
1837 3130 1940 3182 vita
1976 3132 2027 3183 in
2052 3095 2157 3187 ibo-

2257 3104 2357 3156 οὐκ
2401 3103 2517 3156 ἐστι
2566 3119 2667 3173 μου
2725 3100 2895 3167 ἀξιος,
2932 3119 2951 3152 ι
2990 3095 3142 3153 εἶπεν
3171 3102 3199 3154 ὁ
3236 3101 3493 3170 Χριστός.
3545 3102 3657 3155 Καὶ
3703 3102 3834 3172 πρὸς

587 3223 713 3263 nam
736 3210 902 3264 vitam
945 3215 1359 3279 transtulerunt,
1396 3226 1448 3270 et
1496 3220 2034 3277 communicaverunt
2062 3225 2158 3282 tibi

587 3296 768 3353 lumen
791 3298 1054 3365 scientiae,
1084 3312 1139 3357 et
1165 3302 1470 3360 docuerunt
1496 3304 1988 3361 manifesmtionem
2018 3312 2162 3366 veri-

590 3389 740 3455 tatis,
768 3400 823 3446 et
858 3406 1322 3463 regeneraverunt
1375 3408 1425 3451 te
1484 3411 1582 3466 per
1628 3397 1902 3454 lavacrum
1935 3415 2164 3458 renova-

590 3482 779 3549 tionis,

590 3574 1038 3641 immortalitatis,
1099 3579 1623 3649 interminabilisque
1660 3584 1807 3652 regni
1877 3591 1934 3637 et
1991 3584 2161 3641 luere-

590 3665 799 3732 ditatis,
835 3676 890 3722 et
937 3668 1183 3724 fecerunt
1220 3680 1275 3725 te
1303 3687 1368 3725 ex
1427 3672 1648 3740 indigno
1678 3673 1894 3742 dignum
1943 3677 2163 3734 mternis

594 3757 772 3820 bonis,
826 3766 882 3812 et
936 3760 1209 3813 caelestem
1255 3775 1317 3813 ex
1376 3764 1643 3826 terrestri,
1689 3773 1743 3818 et
1789 3765 2163 3834 extemporali

594 3858 883 3908 :cternum.
920 3859 973 3903 et
1008 3848 1174 3903 filium
1209 3865 1272 3905 ac
1310 3850 1657 3921 discipulum,
1687 3854 1797 3922 jam
1849 3871 1953 3910 non
1988 3858 2164 3912 bOmi-

597 3938 702 4005 nis,
736 3941 830 3995 sed
888 3940 1254 3996 “culinis-Dei
1310 3942 1436 3999 Jesu
1472 3946 1696 4011 Christi,
1746 3948 1835 4016 qui
1900 3959 1950 4002 te
2012 3948 2164 4005 un'xit

598 4032 905 4101 adoptionis
959 4032 1179 4099 spiritu,
1211 4043 1266 4089 et
1293 4036 1382 4104 qui
1433 4036 1606 4091 dixit:
1671 4056 1689 4089 ι
1726 4037 1938 4094 Patrem
1997 4041 2165 4095 nolite

601 4137 798 4178 vocare
828 4124 980 4179 vobis
1011 4140 1172 4195 super
1215 4136 1436 4190 terram,
1502 4143 1601 4182 nec
1635 4132 1948 4199 magistrum
1977 4148 1992 4188 :
2031 4147 2166 4186 unus

597 4225 682 4271 est
712 4217 851 4271 enim
874 4218 1044 4289 .Pater
1102 4227 1301 4284 vester,
1336 4228 1389 4274 et
1442 4219 1697 4290 Magister
1753 4221 2006 4277 Christus
2037 4223 2100 4279 ⁷⁵.
2140 4241 2159 4274 ι

597 4308 825 4363 Omnem
862 4308 1025 4378 igitur
1058 4308 1319 4363 honorem
1349 4320 1401 4364 et
1440 4327 1677 4366 amorem
1711 4314 1874 4369 debes
1915 4316 2168 4377 spiritua-

601 4400 743 4453 Iibus
793 4402 1058 4468 patribus,
1108 4402 1232 4469 quia
1296 4402 1509 4456 illorum
1566 4403 1741 4457 hooor
1798 4407 2045 4461 ascendit
2096 4409 2163 4463 ad

600 4490 873 4546 Christum
934 4499 987 4545 et
1038 4492 1103 4545 ad
1158 4491 1555 4546 sanctissimum
1622 4493 1904 4562 Spiritum,
1964 4498 2018 4551 in
2060 4514 2168 4568 quo

601 4582 942 4655 adoptionem
977 4582 1252 4651 recepisti,
1277 4591 1332 4635 et
1361 4583 1426 4636 ad
1464 4583 1738 4639 ecelestem
1772 4586 2012 4654 Patrem,
2055 4609 2074 4642 ι
2106 4608 2171 4646 ex

602 4686 710 4742 quo
738 4673 916 4727 omnis
945 4673 1246 4742 paternitas
1278 4672 1332 4726 in
1366 4672 1519 4727 cmlis
1562 4685 1617 4728 et
1653 4674 1703 4729 in
1748 4685 1891 4743 terra
1923 4679 2174 4732 nomina-

603 4774 691 4820 tur
721 4765 765 4797 ⁷⁸
793 4786 842 4823 ,ι
882 4766 1138 4822 Studehis
1173 4777 1352 4822 autem
1403 4782 1500 4837 per
1529 4776 1693 4821 totam
1749 4775 1912 4823 vitam
1964 4779 2169 4839 patrem

603 4858 803 4914 habere
826 4859 1188 4930 Spiritualem,
1218 4870 1269 4916 et
1297 4862 1346 4916 ei
1396 4858 1743 4915 manifestare
1772 4876 1932 4916 omne
1980 4877 2174 4930 pecca-

604 4962 800 5008 tumet
838 4968 1052 5010 omnem
1113 4956 1531 5026 cogitationem,
1593 4955 1745 5010 etab
1800 4970 1865 5009 eo
1926 4956 2173 5024 accipere

606 5045 945 5101 sanationem
978 5055 1033 5102 et
1066 5048 1280 5101 veniam
1309 5064 1324 5102 :
1359 5048 1465 5103 illis
1497 5047 1638 5101 enim
1666 5048 1786 5100 data
1817 5056 1896 5101 est
1933 5056 2170 5115 potestas

608 5137 851 5191 solvendi
875 5148 928 5192 ct
957 5138 1154 5208 ligandi
1187 5140 1413 5203 animus,
1452 5148 1506 5193 et
1544 5157 1562 5191 ι
1601 5153 1957 5208 qnzecmnque
1985 5139 2166 5209 alliga:

607 5225 786 5279 verint
808 5241 972 5294 super
1009 5239 1230 5293 terram,
1275 5240 1436 5283 erunt
1493 5229 1654 5298 ligata
1704 5238 1758 5282 et
1807 5229 1859 5281 in
1916 5228 2078 5294 ctelo,
2122 5239 2167 5284 et

610 5331 964 5385 quacumque
994 5318 1255 5373 solverint
1281 5334 1443 5388 super
1475 5328 1700 5382 terram,
1733 5329 1892 5373 erunt
1920 5320 2093 5372 soluta
2125 5329 2176 5375 et

614 5406 667 5459 iu
705 5405 843 5460 caelo
881 5406 946 5463 ⁷⁷.
983 5425 1002 5459 ι
1041 5406 1187 5460 Hanc
1213 5410 1409 5477 quippe
1442 5409 1668 5478 gratiam
1705 5417 1759 5461 et
1793 5414 2113 5476 potestatem
2148 5422 2176 5459 a

612 5495 834 5551 Christo
872 5507 1233 5567 acceperunt:
1295 5499 1476 5567 itaque
1511 5498 1735 5555 obedies
1782 5499 1907 5564 illis,
1935 5512 2037 5553 nec
2099 5498 2180 5551 cis

616 5590 975 5651 contradices.
1007 5605 1075 5642 ne
1108 5588 1403 5658 perniciem
1436 5588 1628 5645 afferas
1663 5590 1857 5645 animze
1892 5599 2015 5644 tuae.
2045 5586 2178 5641 Nam

617 5676 664 5729 si
712 5662 1091 5733 contradicens
1125 5675 1440 5733 carnalibus
1488 5679 1833 5747 parentibus,
1868 5681 1921 5738 in
1963 5683 2029 5741 iis
2064 5699 2183 5756 quae

860 3495 919 3540 et
983 3488 1300 3544 inseverunt
1355 3489 1449 3543 tibi
1515 3503 1665 3559 spem
1727 3494 2158 3563 resurrectionis,
2212 3528 2222 3535 -

2262 3197 2362 3266 μὲν
2402 3196 2527 3257 τοὺς
2576 3193 2719 3247 κατά
2767 3193 2947 3263 σάρκα
2998 3192 3265 3263 πατέρας,
3320 3193 3416 3246 xui
3484 3193 3695 3261 φίλους,
3744 3196 3835 3247 xui

2260 3284 2538 3354 ἀδελφοὺς,
2566 3284 2743 3337 οὕτω·
2776 3284 2900 3347 τοὺς
2936 3283 2994 3337 δὲ
3044 3285 3281 3348 οἰκείους
3311 3284 3410 3354 τῆς
3446 3284 3707 3352 πίστεως,
3742 3288 3837 3338 xui

2265 3379 2340 3449 μὴ
2372 3377 2762 3447 ἐμποδῖζοντας
2797 3375 2935 3447 πρὸς
2974 3378 3274 3447 σωτηρίαν,
3321 3376 3416 3429 xui
3443 3378 3716 3447 τιμήσεις,
3748 3379 3841 3430 xui

2258 3467 2589 3538 ἀγαπήσεις.
2637 3467 2698 3518 Εἰ
2749 3465 2805 3519 δὲ
2843 3466 2969 3530 τοὺς
3003 3467 3143 3520 κατά
3190 3468 3367 3538 σάρκα
3397 3468 3639 3538 πατέρας
3671 3468 3837 3531 οὕτω,

2260 3561 2413 3632 πόσῳ
2465 3560 2628 3613 πλέον
2673 3560 2930 3631 τιμήσεις
2991 3561 3085 3612 xui
3150 3560 3463 3631 ἀγαπήσεις
3511 3562 3641 3623 τοὺς
3699 3562 3840 3613 κατὰ

2261 3652 2481 3723 πνεῦμά
2512 3670 2595 3705 σοι
2630 3651 2923 3720 γεγονότας
2948 3652 3220 3723 πατέραςς
3249 3654 3304 3706 οἴ
3331 3671 3390 3707 σε
3422 3655 3530 3707 ἀπὸ
3578 3653 3674 3706 τοῦ
3703 3650 3841 3706 εἶναι

2261 3745 2341 3807 εἱς
2375 3744 2437 3796 τὸ
2468 3738 2525 3795 εὖ
2556 3737 2695 3793 εἶναι
2735 3741 3128 3811 μετεποίησαν,
3159 3739 3253 3792 xui
3288 3739 3601 3810 μετέδωκάν
3638 3758 3721 3793 σοι
3751 3740 3840 3793 τοῦ

2262 3833 2542 3904 φωτισμοῦ
2586 3832 2687 3901 τῆς
2730 3829 3009 3900 γνώσεως,
3044 3831 3136 3883 xui
3176 3830 3424 3898 ἐδίδαξαν
3460 3831 3561 3902 τὴν
3593 3834 3842 3903 φανέρω-

2264 3942 2349 3977 σιν
2376 3923 2477 3993 τῆς
2522 3921 2803 3992 ἀληθείας,
2852 3922 2948 3974 xui.
2978 3920 3345 3991 ἀνεγέννησάν
3379 3938 3440 3974 σε
3466 3919 3554 3974 διὰ
3585 3920 3683 3973 τοῦ
3719 3922 3844 3975 λουο

2262 4015 2393 4087 τροῦ
2425 4015 2524 4085 τῆς
2574 4014 3025 4084 παλιγγενεσίας,
3064 4014 3161 4070 xui
3198 4015 3467 4084 ὲνέθηκάν
3500 4032 3583 4068 σοι
3630 4015 3733 4084 τὴν
3760 4018 3843 4068 ἑλ-

2264 4106 2392 4159 πῐδα
2436 4104 2539 4176 τῆς
2582 4106 2955 4169 ἀναστάσεως,
2995 4106 3090 4160 xui
3139 4106 3238 4176 τῆς
3266 4105 3590 4171 ἀθανασίας,
3622 4108 3844 4177 καὶτῆς

2264 4197 2543 4267 ἀδιαδόχου
2584 4195 2861 4267 βασιλείας
2901 4197 2996 4250 xui
3025 4197 3416 4269 κληρονομίας,
3457 4199 3553 4250 xui
3583 4198 3844 4268 ἐποίησάν

2264 4307 2325 4343 σε
2359 4290 2416 4358 ἐξ
2440 4289 2660 4356 ἀναξίου
2690 4288 2840 4353 ἀξιον
2865 4287 2975 4343 τῶν
3001 4290 3235 4342 αἰωνίων
3264 4288 3509 4357 ἀγαθῶν,
3553 4292 3651 4343 xui
3688 4290 3846 4360 οὐρά-

2262 4402 2376 4440 νιον
2437 4382 2552 4436 ἀντ’
2604 4382 2878 4449 ἐπιγείου,
2915 4383 3010 4436 xui
3042 4379 3261 4435 αἰώνιον
3287 4381 3407 4434 ἀντὶ
3456 4383 3834 4452 προσκαίρου,

2196 4464 2359 4530 Dxui
2387 4475 2501 4529 υἱὸν
2552 4475 2646 4528 xui
2700 4474 2970 4541 διδακτὸν,
3015 4474 3199 4527 οὐκέτι
3246 4473 3559 4545 ἀνθρώπου,
3595 4474 3731 4527 ἀλλά
3755 4491 3844 4526 του

2265 4564 2619 4636 θεανθρώπου
2661 4563 2839 4637 Ἰησοῦ
2884 4562 3148 4635 Χριστοῦ,
3199 4561 3293 4616 τοῦ
3346 4563 3725 4634 χαρισαμένου
3770 4579 3848 4615 σοι

2264 4661 2325 4716 τὸ
2376 4659 2593 4730 πνεῦμα
2645 4660 2742 4730 τῆς
2778 4658 3068 4722 υἱοθεσίας,
3092 4657 3151 4721 ὃς
3203 4653 3351 4735 eius:
3392 4676 3410 4709 ι
3441 4656 3532 4728 Μὴ
3581 4657 3845 4729 καλέσητε

2264 4755 2480 4824 πατέρα
2519 4753 2614 4805 ἐπὶ
2669 4755 2767 4820 τῆς
2821 4753 2948 4821 γῆς,
3006 4750 3141 4820 μηδὲ
3194 4749 3548 4821 καθηγητὴν·
3604 4747 3687 4813 εἷς
3740 4751 3844 4820 γάρ

2266 4847 2418 4916 ὑμῶν
2440 4848 2555 4898 ἐστι
2588 4845 2798 4914 Πατὴρ,
2848 4845 2945 4897 xui
2985 4842 3303 4913 καθηγητὴς
3334 4844 3361 4894 ὁ
3394 4842 3651 4912 Χριστός.
3681 4859 3698 4892 ι
3739 4841 3846 4893 Πᾶ-

2266 4954 2366 4990 σαν
2403 4933 2495 4991 οἶν
2526 4937 2689 5008 τιμὴν
2731 4940 2826 4989 xui
2882 4936 3102 5005 ἀγάπην
3136 4934 3369 5002 ὀφείλεις
3397 4934 3511 4997 τοῖς
3550 4949 3843 5003 πνευματι-

2267 5032 2380 5092 κοῖς
2420 5030 2713 5101 πατράσιν,
2747 5029 2822 5091 ὡς
2863 5028 2959 5097 τῆς
3013 5029 3092 5091 εἰς
3137 5028 3337 5090 αὐτοὺς
3374 5025 3544 5096 τιμῆς
3581 5028 3845 5096 ἀναφεροο

2269 5123 2441 5193 μένης
2468 5124 2560 5174 ἐπὶ
2582 5122 2672 5175 τὸν
2702 5121 2956 5192 Χριστὸν,
2988 5121 3082 5174 xui
3106 5122 3166 5173 τὸ
3216 5118 3483 5187 πανάγιον
3516 5118 3763 5187 Πνεῦμα,
3788 5116 3843 5170 ὲν

2264 5208 2310 5282 ᾧ
2333 5215 2430 5283 τὴν
2460 5212 2731 5266 υἱοθεσίαν
2755 5211 2969 5276 ἔλαϐες,
2993 5214 3087 5265 xui
3125 5212 3213 5265 τὸν
3240 5212 3572 5282 ἐπουράνιον
3604 5211 3838 5282 Πατέρα,

2268 5303 2401 5375 παρ’
2418 5296 2477 5356 οὗ
2515 5305 2665 5357 πᾶσα
2695 5302 2899 5374 πατριὰ
2933 5306 2988 5356 ὲν
3023 5302 3239 5374 οὐρανῷ
3288 5303 3379 5355 xui
3400 5302 3495 5355 ἐπὶ
3519 5303 3625 5371 γῆς
3649 5302 3841 5371 ὀνομά-

2269 5395 2445 5460 ζεται.
2473 5395 2733 5458 Σπεύσεις
2760 5396 2815 5447 δὲ
2853 5395 2946 5448 διὰ
2970 5396 3169 5459 παντὸς
3200 5394 3295 5449 τοῦ
3327 5394 3444 5465 βίου
3473 5393 3840 5463 πνευματικὸν

2272 5490 2489 5561 πατέρα
2516 5488 2685 5558 ἔχειν,
2717 5489 2811 5541 xui
2833 5486 3175 5556 ἐξαγγέλλειν
3206 5488 3355 5559 αὺτῷ
3384 5490 3494 5540 πᾶν
3516 5488 3838 5559 ἁμάρτημα,

2270 5580 2369 5637 xui
2406 5581 2585 5635 πάντα
2612 5580 2896 5647 λογισμὸν,
2920 5580 3016 5633 xui
3046 5579 3344 5652 λαμϐάνειν
3378 5582 3508 5633 παρ’
3538 5581 3704 5634 αὑτοῦ
3743 5582 3842 5651 τὴν

2290 5684 2540 5756 ἰατρείαν
2583 5684 2678 5739 xui
2713 5684 2813 5754 τὴν
2859 5681 3090 5750 ἄφεσινο
3135 5676 3322 5739 αὐτοῖς
3368 5673 3478 5743 γάρ
3514 5671 3678 5744 ἐδόθη
3715 5673 3863 5728 ibam

685 5801 733 5831 "
765 5799 932 5856 Exod.
974 5817 1065 5865 xx,
1126 5801 1213 5856 12.
1292 5801 1341 5834 ⁷⁸
1374 5803 1507 5859 Luc.
1569 5819 1681 5866 xw.
1727 5804 1797 5860 26
1830 5803 1922 5858 27.
1999 5806 2045 5838 ”
2079 5805 2157 5860 Ma

2257 5848 2269 5863 .
2314 5824 2467 5870 mu.
2503 5807 2556 5862 9.
2633 5807 2678 5839 "
2708 5805 2910 5874 Epltcs.
2968 5819 3051 5870 ιιι,
3114 5802 3198 5858 15.
3279 5802 3321 5832 ⁷⁷
3349 5798 3538 5853 Matth.
3582 5812 3739 5864 xmt,
3776 5796 3860 5851 18.
