4146 6308
318 332 450 403 1097

327 460 418 516 καὶ
469 460 690 529 δεσμειν
717 457 917 529 ψυχὰς,
951 454 1048 512 καὶ
1100 450 1279 511 πάντα
1312 458 1414 511 ὅσα
1442 458 1511 513 ἂν
1546 459 1781 529 δήσωσιν
1805 459 1898 513 ἐπὶ

326 553 419 623 τῆς
447 552 570 622 γῆς,
602 550 755 604 ἔσται
782 550 1042 621 δεδεμένα
1094 550 1152 602 ἐν
1182 548 1261 619 τῷ
1306 549 1542 621 οὐρανῷ,
1594 552 1691 605 καὶ
1720 551 1899 604 πάντα

327 647 422 697 ὃσα
454 645 520 698 ἂν
566 644 802 697 λύσωσιν
831 644 924 696 ἐπὶ
958 642 1208 713 τῆςγῆς,
1248 644 1400 697 ἔσται
1438 643 1707 715 λελυμένα
1737 645 1921 713 ἐν’τῴν

325 732 575 804 οὐρανῷ·
627 731 833 802 ταύτην
879 732 991 803 γὰρ
1039 734 1136 800 τὴν
1190 734 1349 804 χάριν
1393 734 1487 786 καὶ
1521 733 1621 805 τὴν
1667 733 1898 804 δύναμιν

324 825 511 880 ἔλαϐον
559 824 712 894 παρά
756 823 995 894 Χριστοῦ
1019 840 1033 853 ’
1084 824 1165 877 διὸ
1191 826 1286 878 καὶ
1317 825 1651 889 ὑπακούσεις
1689 825 1895 891 αὐτοῖς,

324 926 415 978 καὶ
471 923 573 976 οὐκ
643 919 942 986 ἀντιλέξεις
996 919 1199 986 αὐτοῖς,
1258 921 1347 974 ἵνα
1404 921 1480 992 μὴ
1557 919 1898 992 προξενήσῃς

322 1014 595 1071 ἀπώλειαν
631 1014 699 1084 τῇ
728 1012 954 1066 σεαυτοῦ
982 1012 1152 1083 ψυχῇ.
1182 1012 1245 1065 Et
1267 1011 1376 1076 γάρ
1407 1012 1435 1064 6
1455 1010 1755 1077 ἀντιλέγων
1783 1014 1897 1073 τοῖς

1324 336 1778 403 DECALOGUS
1816 342 2315 410 CHRISTIAN/E
2355 352 2607 415 LEGIS.

3439 368 3571 438 109E

1987 482 2095 522 non
2153 481 2282 525 sunt
2320 472 2502 528 divina
2556 474 2677 545 lege
2727 462 3257 545 prohibitafmorte
3310 483 3587 551 adicitur,

1980 559 2136 630 juxta
2176 563 2370 634 legem,
2427 567 2697 634 quomodo
2750 573 3135 628 contradiccns
3195 577 3563 645 spiritualibus

1983 652 2230 719 patribus
2263 670 2368 710 non
2401 657 2552 725 ejicit
2575 672 2601 710 a
2631 671 2690 714 se
2714 660 2966 728 spiritum
3016 663 3133 732 Dei,
3163 676 3217 720 et
3253 681 3408 721 suam
3438 684 3564 737 pes-

1983 746 2200 799 sumdat
2233 747 2516 802 animam?
2552 746 2850 818 Pmpterea
2879 755 3109 810 consule
3140 771 3357 827 semper
3382 768 3565 828 patres

1986 843 2109 892 tuos
2167 838 2500 906 spirituales,
2535 851 2591 896 et
2639 843 2720 899 eis
2768 860 2973 900 morem
3023 863 3169 918 gere.
3220 858 3280 904 ut
3328 851 3565 906 salvetur

1984 927 2164 983 anima
2206 939 2316 994 tua,
2354 939 2410 986 et
2440 931 2733 989 hmrcdites
2780 947 2987 993 aeterna
3020 947 3075 993 ct
3129 942 3563 1012 incorruptibilia

1983 1020 2158 1075 bona.

323 1110 462 1164 κατὰ
510 1110 691 1178 σάρκα
715 1108 985 1177 γονεῦσιν,
1024 1107 1105 1170 είς
1132 1105 1172 1161 ἃ
1209 1106 1286 1177 μὴ
1317 1105 1699 1177 ἀπηγόρευται
1728 1102 1808 1174 τῷ
1834 1102 1965 1175 θείῳ
1988 1107 2160 1177 νόμῳ,
2198 1107 2549 1175 θανατοῦται,
2575 1113 2715 1168 κατὰ
2741 1115 2832 1168 τὸν
2870 1115 3055 1184 νόμον,
3089 1115 3208 1181 πῶς
3226 1118 3253 1172 6
3277 1119 3576 1190 ἀντιλέγων

322 1211 435 1271 τοῖς
462 1208 604 1260 κατὰ
636 1206 854 1275 πνεῦμα
885 1204 1180 1275 πατράσιν,
1210 1202 1275 1256 οὒ
1305 1203 1367 1255 τὸ
1393 1199 1622 1271 Πνεῦμα
1653 1198 1748 1254 τοῦ
1781 1199 1919 1253 Θεοῦ
1958 1200 2147 1255 διώκει
2195 1204 2292 1257 ἀπ’
2319 1205 2512 1269 αὑτοῦ,
2548 1210 2643 1261 καὶ
2678 1210 2778 1278 τὴν
2808 1211 3018 1265 οίκείαν
3050 1212 3318 1268 ἀπόλλυσι
3352 1215 3572 1288 ψυχήνς

326 1303 424 1358 Δια
448 1301 606 1355 τοῦτο
632 1300 728 1354 καὶ
767 1296 1175 1369 συμϐούλευσαι
1206 1294 1302 1349 καλ⁵
1340 1293 1653 1347 ἐπάκουσον
1699 1292 1792 1347 διὰ
1828 1290 2019 1358 τέλους
2060 1298 2173 1361 τοῖς
2213 1300 2328 1361 σοῖς
2370 1302 2428 1354 ὲν
2467 1299 2742 1372 πνεύματι
2772 1305 3070 1374 πατράσιν,
3099 1307 3187 1360 ἵνα
3234 1309 3379 1380 σωθῇ
3414 1325 3510 1362 σου
3542 1302 3589 1379 ή’

328 1396 496 1469 ψυχὴ.
526 1395 624 1450 καὶ
657 1392 993 1466 κληρονόμος
1021 1391 1156 1463 γένη
1181 1389 1294 1445 τῶν
1325 1390 1566 1445 αἰωνίων
1602 1393 1698 1446 καὶ
1723 1394 2021 1463 ἀκηράτων
2054 1394 2305 1464 ἀγαθῶν.

399 1484 512 1543 ι’οὺ
538 1487 882 1559 πορνεύσεις,
908 1503 928 1537 ι
952 1485 1040 1540 ἵνα
1070 1485 1146 1557 μὴ
1175 1486 1298 1540 ἀντῖ
1320 1501 1416 1539 του
1447 1481 1588 1539 εἶναι
1622 1484 1782 1557 μέλος
1805 1482 1902 1538 τοῦ

322 1581 584 1653 Χριστοῦ,
623 1579 873 1652 ὑπάρξῃς
902 1579 1109 1650 πόρνης
1165 1578 1349 1648 μέλος,
1384 1579 1481 1631 καὶ
1530 1578 1775 1649 ἐκκοπῇς
1807 1576 1902 1632 τοῦ

326 1674 473 1727 θείου
505 1671 783 1742 σώματος,
811 1670 908 1725 καὶ
930 1673 1092 1741 ριφῇς
1123 1672 1203 1734 είς
1218 1669 1442 1739 γέενναν
1467 1683 1481 1698 ·
1516 1670 1565 1722 εί
1587 1668 1698 1739 γὰρ
1737 1666 1911 1737 θυγάε

324 1783 429 1837 τηρ
446 1765 664 1835 ἱερέως,
692 1764 759 1818 ἂν
785 1761 898 1833 άλῷ
921 1763 1313 1834 πορνευομένη,
1342 1761 1580 1832 ἐννόμως
1611 1761 1906 1815 κατακαίε-

324 1872 437 1919 ται,
461 1856 538 1920 ὡς
573 1854 666 1909 τὸν
694 1854 906 1924 πατέρα
944 1853 1385 1923 καταισχύνουσα
1405 1893 1421 1917 ,
1465 1852 1615 1921 πόσῳ
1650 1851 1851 1920 μᾶλλον
1879 1852 1908 1903 ό

2079 1503 2099 1536 c
2128 1483 2247 1540 Non
2277 1486 2645 1544 mmchaberis
2675 1485 2748 1556 ",
2775 1504 2796 1540 ι
2840 1495 2901 1542 ιιι
2929 1502 3059 1551 non,
3086 1487 3287 1542 nedum
3318 1489 3396 1543 sis
3422 1502 3584 1540 mem-

2002 1576 2161 1631 brum
2183 1573 2411 1640 Christi,
2442 1575 2541 1631 ﬁas
2571 1577 2876 1632 meretricis
2901 1579 3227 1644 membrum,
3258 1585 3313 1632 et
3361 1580 3583 1634 abscin-

2003 1666 2150 1720 daris
2176 1680 2206 1720 a
2232 1666 2417 1723 divino
2448 1681 2697 1735 corpore,
2734 1676 2792 1723 et
2840 1667 3117 1738 dejiciaris
3144 1669 3198 1721 in
3233 1668 3536 1738 gehennam
3568 1687 3584 1724 :

2005 1756 2050 1811 si
2105 1758 2416 1821 enimdilia
2483 1760 2808 1825 sacerdotis,
2868 1759 3206 1828 deprehensa
3264 1760 3317 1814 in
3379 1770 3586 1830 stupro,

2002 1849 2154 1918 juxta
2215 1850 2388 1921 legem
2443 1849 2677 1906 flammis
2735 1854 3008 1907 exurenda
3063 1863 3227 1919 erat,
3269 1861 3328 1907 ut
3382 1854 3592 1908 viclarus

324 1947 403 2017 τῷ
455 1946 695 2017 Χριστοῦ
728 1944 945 2015 σώματι
994 1943 1236 1997 τοιοῦτον
1284 1941 1498 2013 μίασμα
1543 1938 1906 2013 προστρίψας,

2011 1956 2202 1997 nomen
2231 1944 2404 2012 patris
2434 1944 2520 1998 sui
2552 1943 2624 2010 τ’,
2658 1954 2860 2016 quanto
2883 1945 3055 2015 magis
3074 1946 3167 2015 qui
3193 1946 3406 2016 corpori
3429 1946 3590 2002 Chri-

326 2041 578 2102 ὖπόδικος
638 2038 792 2092 ἔσται
848 2037 1123 2101 κολάσεως
1203 2034 1595 2104 αἱωνιζούσης;
1661 2027 1804 2085 Ἀλλ’
1860 2031 1909 2083 εἰ

332 2133 429 2202 μὲν
467 2135 687 2204 χωρεῖς,
719 2131 816 2185 καὶ
870 2128 1172 2203 παρθενίαν
1225 2129 1490 2201 άσκησον,
1545 2127 1638 2180 ἵνα
1672 2122 1911 2196 δυνηθῇς

327 2223 447 2287 ὅλος
477 2221 730 2291 γενέσθαι
756 2221 849 2275 τοῦ
889 2221 1048 2285 Θεοῦ,
1090 2222 1182 2275 καὶ
1219 2220 1286 2274 δι’
1316 2219 1537 2290 ἀγάπης
1570 2216 1781 2277 τελείας
1814 2214 1912 2268 αὐ-

328 2315 406 2386 τῷ
458 2316 951 2388 προσκολληθῆναι,
1001 2315 1151 2385 αὐτῷ
1205 2312 1587 2385 προσεδρεύων
1643 2308 1733 2364 διὰ
1769 2306 1908 2379 βίου,

332 2411 425 2464 καὶ
459 2412 740 2483 μεριμνῶν
767 2411 1194 2480 ἀπερισπάστως
1224 2410 1310 2462 ἀεὶ
1337 2408 1408 2461 τὰ
1434 2406 1529 2461 τοῦ
1556 2403 1784 2475 Κυρίου,
1817 2402 1913 2457 καὶ

333 2502 877 2573 προκαταλαμϐάνων
918 2501 1017 2572 τὴν
1067 2498 1355 2572 μέλλουσιν
1388 2496 1554 2569 ζωὴν,
1580 2497 1675 2550 κοιλ⁸
1702 2494 1780 2557 ὡς
1810 2494 1914 2559 ἄγ-

228 2638 237 2643 .
331 2593 490 2662 γελος
521 2592 658 2649 Θεοῦ
702 2596 796 2648 ἐπὶ
829 2594 931 2664 τῆς
961 2588 1067 2662 γῆς
1112 2590 1527 2661 πολιτευόμενος
1548 2605 1563 2620 ⁸
1594 2588 1775 2643 αὐτῶν
1802 2587 1914 2656 γάρ

337 2688 487 2738 ἐστιν
515 2687 549 2755 ἡ
576 2684 869 2757 παρθενία,
905 2684 996 2737 καὶ
1035 2682 1220 2746 αὐτοῖς
1253 2680 1533 2752 ὁμοιοῦται
1559 2677 1699 2747 μετὰ
1729 2674 1917 2747 σώμα-

334 2795 448 2840 τος.
472 2777 613 2830 κατὰ
655 2778 716 2830 τὸ
745 2777 1048 2847 ἐγχωροῦν,
1080 2778 1110 2830 6
1138 2775 1479 2844 κολλώμενος
1509 2775 1574 2843 τῇ
1612 2768 1913 2842 παρθενίᾳ·

340 2868 539 2938 μᾶλλον
560 2867 618 2921 δὲ
647 2868 754 2939 πρὸ
781 2868 1007 2932 τούτων,
1054 2866 1133 2938 τῷ
1171 2865 1277 2936 πρὸ
1310 2865 1528 2919 πάντων
1561 2861 1671 2916 τῶν
1704 2860 1917 2915 αἰώνων

337 2963 397 3013 ἐν
425 2960 692 3033 παρθενίᾳ
719 2961 1041 3032 γεννήσαντι
1082 2958 1282 3030 Πατρὶ,
1315 2957 1408 3011 καὶ
1434 2957 1513 3027 τῷ
1540 2954 1797 3027 παρθένῳ
1822 2954 1919 3007 καὶ

338 3052 403 3105 ἐκ
440 3051 712 3121 παρθένου
742 3052 955 3123 Πατρδς
989 3053 1046 3105 ὲν
1096 3053 1238 3122 ἀρχῇ
1271 3047 1585 3119 προελθόντι
1620 3045 1915 3116 γεννητῶς,

338 3144 434 3196 καὶ
481 3145 566 3197 ἐπ’
609 3145 851 3215 ἐσχάτων
880 3144 986 3198 τῶν
1018 3145 1228 3197 αἰώνων
1269 3145 1333 3196 ὲκ
1377 3139 1656 3212 Παρθένου
1696 3139 1919 3211 Μητρὸς

2008 2035 2076 2089 sti
2107 2035 2347 2091 dedecus
2379 2036 2600 2101 inussit,
2632 2051 2759 2093 reus
2794 2040 2903 2092 crit
2944 2040 3134 2093 :eterni
3161 2039 3414 2109 supplicii
3443 2039 3467 2093 ?
3499 2039 3592 2100 Et,

2009 2128 2054 2181 si
2084 2127 2283 2193 valeas,
2314 2128 2683 2196 virginitatem
2737 2145 2917 2196 serva,
2951 2141 3010 2185 ut
3064 2132 3244 2201 possis
3295 2139 3442 2186 totus
3472 2147 3595 2186 esse

2011 2218 2126 2280 Dei,
2159 2219 2319 2287 eique
2353 2220 2594 2288 perfecta
2625 2220 2769 2276 uniri
2805 2222 3103 2288 charitate,
3133 2223 3236 2292 ipsi
3301 2232 3411 2278 tcta
3484 2224 3592 2298 vita

2010 2310 2279 2374 assidens,
2313 2320 2369 2364 et
2423 2311 2800 2367 indesinenter
2830 2312 2898 2367 de
2930 2311 3161 2367 Domino
3215 2311 3508 2376 sollicitus,
3539 2325 3595 2367 ct

2011 2413 2349 2474 praegustans
2396 2404 2561 2458 vitam
2594 2417 2881 2470 aeternam,
2919 2416 3085 2474 atque
3141 2405 3195 2459 in
3232 2416 3374 2475 terra
3407 2406 3596 2459 vivens

2012 2498 2156 2551 sicut
2182 2498 2358 2565 angeli
2390 2496 2480 2551 Dei
2505 2511 2522 2554 :
2551 2497 2749 2552 horum
2801 2497 3067 2569 siquidem
3094 2507 3181 2554 est
3218 2498 3599 2570 virginitas,ct
3692 2546 3697 2552 .

2013 2588 2146 2657 ipsis
2166 2590 2330 2644 etiam
2352 2604 2478 2643 cum
2516 2604 2772 2660 corpore,
2814 2591 2991 2660 quoad
3037 2591 3201 2656 valet,
3256 2592 3452 2647 similis
3513 2600 3598 2661 est

2013 2686 2104 2748 qui
2137 2682 2438 2752 virginitati
2488 2681 2750 2747 adhaeret,
2778 2682 2863 2738 vel
2917 2682 3099 2751 potius
3155 2698 3317 2752 quam
3356 2684 3600 2745 illorum,

2014 2774 2207 2830 similis
2235 2783 2320 2830 est
2349 2773 2528 2829 Patris
2554 2775 2649 2845 qui
2675 2783 2809 2830 ante
2844 2775 3028 2828 omnia
3069 2773 3267 2829 saecula
3303 2775 3355 2828 in
3380 2773 3607 2844 virginis.

2016 2876 2128 2923 tate
2162 2869 2463 2938 generavit,
2497 2879 2554 2923 et
2585 2866 2711 2921 Filii
2742 2867 2834 2937 qui
2866 2870 3021 2938 virgo
3075 2882 3142 2921 ex
3179 2865 3389 2936 virgine
3439 2864 3603 2920 Patre

2017 2962 2071 3016 in
2105 2958 2381 3031 principio
2405 2975 2501 3033 per
2548 2960 2955 3030 generationem
3015 2961 3284 3029 processit
3327 2971 3382 3016 et
3413 2959 3469 3015 in
3502 2974 3604 3014 no-

2016 3053 2258 3109 vissimis
2313 3052 2651 3122 temporibus
2690 3067 2755 3108 ex
2816 3052 3031 3123 virgine
3081 3052 3254 3108 Matre
3308 3052 3607 3107 carnaliter

2016 3145 2234 3214 genitus
2255 3153 2361 3208 est,
2394 3152 2449 3199 et
2490 3144 2733 3214 Spiritus
2761 3144 2851 3216 qui
2886 3159 2953 3198 ex
2977 3143 3092 3199 solo
3137 3142 3327 3209 Patre,
3364 3159 3474 3199 nou
3510 3160 3606 3214 per

340 3236 508 3305 σαρκὶ
554 3235 959 3307 γεγεννημένῳ,
1014 3234 1110 3288 καὶ
1155 3234 1235 3306 τῷ
1274 3235 1339 3287 ὲκ
1380 3232 1540 3303 μόνου
1592 3231 1827 3301 Πατρδς,
1857 3229 1918 3282 οὐ

2018 3237 2448 3308 generationem,
2489 3235 2587 3291 sed
2640 3250 2738 3303 per
2796 3235 3203 3305 processionem
3258 3236 3607 3291 ineﬂ'abilitcr

341 3331 649 3399 γεννητῶς,
704 3330 819 3383 ἀλλ’
881 3328 1234 3401 ἐκπορευτῶς
1289 3327 1531 3399 προῖόντι
1592 3326 1918 3396 ἀπορρήτως

2013 3331 2166 3395 exit:
2201 3330 2287 3386 cui
2316 3329 2426 3385 Dee
2457 3328 2811 3399 assimilatur,
2839 3340 2895 3385 et
2933 3330 3335 3399 incorruptibili
3357 3332 3607 3402 jungitur

343 3423 654 3492 Πνεύματι·
690 3417 735 3491 ᾧ
776 3422 896 3493 Θεῷ
925 3421 1288 3493 ἐξομοιοῦται,
1314 3424 1411 3475 καὶ
1439 3424 1498 3476 ὲν
1534 3419 1798 3492 ἀφθάρτῳ
1824 3418 1918 3488 γά-

2016 3429 2268 3500 conjngio
2303 3427 2393 3482 ille
2441 3427 2533 3497 qui
2591 3441 2776 3481 veram
2814 3428 2974 3499 elegit
3020 3427 3416 3498 virginitatem,
3453 3430 3608 3500 virgo

348 3531 435 3585 μῳ
483 3515 905 3584 συναρμόζεται,
933 3516 963 3567 ὁ
1010 3512 1186 3583 ἀληθῆ
1231 3512 1534 3583 παρθενίαν
1568 3510 1918 3581 ὲϊιανῃρημέ⁴

2017 3524 2197 3577 anima
2224 3531 2281 3576 et
2309 3534 2560 3590 corpore,
2593 3530 2648 3577 et
2667 3528 2897 3577 cunctos
2943 3535 3155 3587 sensus,
3217 3534 3606 3587 sermonesque

343 3622 455 3670 νος,
490 3606 586 3659 καὶ
609 3606 787 3675 ψυχὴν
827 3604 921 3658 καὶ
969 3604 1130 3674 σῶμα
1164 3602 1539 3675 παρθενεύων,
1590 3602 1843 3672 αἴσθησίν
1865 3619 1918 3653 τε

2018 3626 2069 3670 et
2095 3614 2452 3686 cogitationes
2481 3615 2678 3669 decore
2699 3613 3033 3683 virginitatis
3053 3627 3349 3668 exornans.
3379 3610 3438 3667 Si
3472 3628 3607 3667 vero

345 3698 550 3758 πᾶσαν,
592 3698 686 3750 καὶ
721 3695 900 3765 λόγον,
938 3694 1033 3749 καὶ
1063 3695 1323 3759 διάνοιαν,
1356 3698 1471 3758 τοῖς
1511 3695 1610 3767 τῆς
1632 3693 1918 3766 παρθενίας

2023 3722 2129 3761 non
2162 3707 2333 3776 eligas
2363 3705 2754 3777 virginitatem,
2821 3719 3000 3775 neque
3034 3706 3176 3760 hanc
3204 3703 3317 3761 Deo
3370 3706 3609 3776 despon-

347 3789 602 3843 κάλλεσιν
668 3788 1087 3860 ὡραῖζόμενος*
1165 3787 1216 3840 εί
1294 3788 1352 3841 δὲ
1429 3787 1505 3857 μὴ
1573 3785 1918 3856 παρθενεύειν

2022 3802 2174 3863 deas.
2205 3800 2331 3855 licet
2363 3801 2462 3857 tibi
2503 3815 2673 3855 unam
2734 3814 2962 3856 uxorem
2990 3794 3155 3867 jnxta'
3197 3799 3346 3869 leges
3410 3799 3466 3853 in
3497 3799 3610 3853 Do-

349 3885 614 3953 προαιρῇ,
670 3880 806 3952 μηδὲ
839 3879 1308 3950 καθωμολόγησας
1355 3879 1514 3932 τοῦτο
1546 3878 1623 3948 τῷ
1654 3880 1795 3947 Θεῷ,
1840 3876 1918 3941 ἔξ-

2025 3894 2175 3948 mino
2205 3893 2428 3957 ducere,
2451 3892 2613 3962 eique
2645 3891 2745 3947 soli
2780 3891 3120 3955 cohabitare,
3149 3898 3203 3944 et
3233 3900 3289 3945 ut
3331 3890 3608 3960 proprium

348 3974 465 4027 εστί
495 3991 577 4027 σοι
624 3973 754 4041 μίαν
800 3974 1036 4039 γυναῖκα
1069 3971 1217 4029 κατὰ
1238 3971 1439 4041 νόμους
1485 3971 1543 4022 ἐν
1568 3968 1759 4039 Κυρίῳ
1791 3969 1918 4035 ἀγα-

2027 3985 2262 4039 tihivas
2325 3985 2374 4035 iu
2426 3985 2716 4037 sanctitate
2762 3981 3065 4050 possidere,
3127 3979 3196 4034 ab
3254 3981 3448 4035 alienis
3504 3991 3612 4037 tota

350 4064 568 4134 γέσθαι,
615 4063 712 4117 καὶ
741 4061 918 4134 ταύτῃ
954 4062 1097 4137 μόνῃ
1128 4062 1420 4126 συνοικεῖν,
1446 4061 1543 4114 καὶ
1572 4059 1648 4122 ὡς
1688 4058 1818 4111 ἴδιόν
1848 4073 1918 4110 σοι

2026 4077 2229 4129 virtute
2271 4073 2578 4128 abstinens.
2627 4062 2842 4126 Poteris
2893 4081 3076 4125 autem
3137 4070 3203 4125 ab
3253 4071 3337 4126 his
3369 4071 3610 4140 perfecte

339 4154 549 4218 σκεῦος
587 4153 818 4208 κτᾶσθαι
870 4155 929 4206 ὲν
961 4152 1244 4225 ἁγιασμῷ,
1284 4152 1394 4205 τῶν
1437 4151 1736 4221 ἀλλοτρίων
1781 4148 1918 4219 πάσι

2030 4169 2333 4232 abstinere,
2362 4166 2406 4221 si
2432 4178 2632 4221 caveas
2661 4163 3075 4230 intempestivos
3096 4177 3219 4218 cum
3254 4162 3333 4219 eis
3357 4177 3614 4231 congres-

348 4246 580 4315 δυνάμει
610 4244 968 4314 ἀπεχόμενος.
999 4245 1214 4315 Δυνήσῃ
1242 4243 1301 4297 δὲ
1325 4242 1531 4296 τούτων
1560 4240 1761 4304 τελέως
1796 4242 1918 4294 ἀπο·

2029 4276 2144 4325 sus,
2171 4269 2226 4315 et
2258 4258 2434 4330 turpia
2467 4257 2653 4312 dicere
2683 4254 2771 4309 vel
2800 4255 2993 4309 audire
3033 4270 3140 4310 non
3173 4271 3347 4323 ames,
3379 4266 3433 4311 et
3464 4257 3610 4328 ipsos

351 4336 603 4407 σχέσθαι,
630 4336 725 4389 ἐὰν
763 4336 975 4407 φυλάξῃ
1014 4337 1114 4398 τὰς
1145 4335 1286 4406 πρὸς
1317 4334 1488 4398 αὐτὰς
1518 4333 1784 4405 ἀκαίρους
1811 4349 1918 4385 συν⁴

2030 4354 2278 4425 corporis
2306 4362 2359 4407 et
2391 4351 2589 4406 anima:
2623 4348 2811 4405 oculos
2844 4349 2911 4402 ah
2938 4349 3031 4413 eis
3071 4359 3311 4413 avertas,
3344 4362 3608 4420 quantum

347 4429 565 4498 τυχίας,
624 4428 719 4482 καὶ
750 4430 861 4491 τοῖς
918 4430 1200 4499 πορνικοῖς
1247 4427 1428 4496 λόγοις
1482 4426 1577 4481 καὶ
1624 4425 1914 4495 ἀκούσμασ

2033 4446 2257 4517 poteris,
2290 4452 2343 4499 et
2378 4456 2667 4498 assuescas
2698 4458 2808 4497 non
2845 4441 3065 4497 curiose
3087 4442 3334 4497 vultuum
3373 4444 3610 4511 pulchri-

356 4521 433 4589 μὴ
487 4520 763 4591 ὲπιτέρπῃ
784 4535 799 4550 ·
845 4520 941 4572 καὶ
978 4519 1148 4590 αὐτὴν
1189 4520 1290 4589 τὴν
1326 4520 1426 4589 σὴν
1456 4518 1577 4588 ὄψιν
1610 4516 1705 4572 τοῦ
1736 4535 1795 4570 τε
1828 4517 1918 4569 σώ-

2036 4516 2280 4594 tudiuem
2307 4535 2589 4605 aspicere:
2636 4550 2760 4590 nam
2799 4553 2819 4586 ι
2847 4520 2940 4605 (ιῖιί
2999 4535 3194 4590 viderit
3231 4536 3509 4591 mulierem
3546 4539 3617 4592 ad
3718 4566 3721 4569 -

357 4629 525 4680 ματος
554 4615 649 4666 καὶ
693 4615 792 4682 τῆς
836 4612 1016 4683 ψυχῆς
1064 4612 1415 4682 ἀποστρέῴῃς
1450 4612 1546 4665 ἀπ’
1598 4610 1801 4690 αὐτῶν,
1852 4610 1918 4677 ἐφ

2035 4631 2530 4701 concupiscendum
2578 4629 2858 4699 cam,jam
2923 4629 3230 4684 moechatus
3290 4638 3373 4683 est
3409 4644 3527 4683 eam
3562 4630 3620 4684 iu

354 4707 477 4758 ὅσον
505 4705 731 4759 δυνατόν
756 4722 771 4737 ⁸
813 4705 906 4757 καὶ
934 4705 1223 4777 συνεθίσῃς
1252 4703 1328 4774 μὴ
1358 4702 1665 4773 περιέργως
1696 4700 1775 4772 τῷ
1802 4701 1935 4754 κάλ-

356 4804 436 4849 λει
480 4799 588 4851 τῶν
629 4796 941 4869 προσώπων
974 4798 1189 4868 ένορᾷν.
1245 4817 1262 4849 ι
1286 4797 1345 4848 'tl
1394 4782 1505 4867 γὰρ
1536 4792 1813 4867 ἐμϐλέψας
1840 4810 1938 4863 γυ-

357 4890 529 4952 ναικὶ,
558 4891 697 4960 πρὸς
747 4892 809 4944 τὸ
839 4890 1181 4961 ἐπιθυμῆσαι
1229 4890 1422 4959 αὐτὴν,
1469 4888 1573 4958 ἥδη
1621 4886 1940 4957 ἐμοίχευσεν

1956 4761 1970 4778 .
2031 4724 2196 4785 corde
2225 4737 2324 4777 suo
2347 4720 2425 4789 ⁸ο,
2459 4740 2478 4772 ι
2510 4729 2563 4775 et
2592 4729 2816 4791 propter
2844 4721 2946 4775 hoc
2970 4720 3281 4775 immundus
3313 4728 3399 4773 est
3431 4735 3623 4775 coram

2035 4817 2357 4888 inspiciente
2418 4815 2583 4870 corda
2640 4813 2883 4876 Christo,
2949 4822 3004 4868 ct
3065 4815 3117 4867 in
3186 4814 3433 4883 corporis
3511 4824 3623 4868 tur-

2037 4912 2339 4983 pitudinem
2375 4907 2567 4963 infelix
2595 4906 2848 4961 discedit.
2886 4903 2952 4958 Et
3006 4919 3106 4959 cur
3139 4904 3319 4959 refero
3385 4904 3626 4958 fornica-

360 4981 530 5053 αὐτὴν
567 4984 627 5036 ὲν
670 4984 736 5054 τῇ
767 4982 963 5053 καρδίᾳ
993 4981 1194 5035 αὐτοῦ’
1235 5000 1254 5033 ι
1314 4984 1410 5034 καὶ
1438 4981 1579 5034 κατὰ
1623 4980 1779 5032 τοῦτο
1841 4978 1918 5047 μὲι

2038 4978 2221 5060 tiones
2257 5011 2313 5057 et
2364 5000 2652 5062 adulteria,
2708 5007 2764 5051 et
2801 5012 3162 5067 qua-cumque
3216 5005 3344 5051 sunt
3394 4995 3447 5049 in
3502 4997 3622 5066 ipsa

351 5073 668 5144 ἀκάθαρτὸς
697 5074 817 5126 ἐστι
848 5074 926 5144 τῷ
969 5074 1050 5138 εἰς
1095 5063 1325 5144 καρδίαν
1380 5071 1631 5142 βλέποντι
1676 5069 1935 5141 Χριστῷ*

362 5165 469 5219 ἀπὸ
493 5170 685 5219 τούτου
712 5166 768 5218 δὲ
828 5165 923 5218 καὶ
965 5166 1059 5219 ἐπὶ
1091 5163 1192 5235 τὴν
1244 5164 1334 5217 διὰ
1370 5163 1620 5233 σώματος
1652 5166 1944 5234 αἰσχρουρ-

355 5259 489 5324 γίαν
520 5257 764 5327 καταντᾷ
796 5257 826 5308 6
863 5256 1115 5319 δείλαιος.
1158 5255 1267 5309 Καὶ
1298 5254 1352 5306 τί
1390 5253 1533 5322 λέγω
1562 5254 1815 5322 πορνείας
1847 5251 1944 5305 καὶ

368 5351 633 5422 μοιχείας,
677 5352 774 5404 καὶ
829 5352 1009 5404 πάντα
1037 5351 1106 5403 τὰ
1160 5351 1218 5403 έν
1264 5348 1402 5420 αὐτῇ
1444 5350 1509 5419 τῇ
1545 5347 1705 5415 φύσει
1759 5346 1939 5417 μύσης

364 5444 594 5514 καὶγὰρ
633 5444 730 5496 καὶ
766 5445 846 5506 εἰς
886 5443 984 5507 τὰς
1018 5444 1170 5514 παρὰ
1209 5443 1392 5496 πᾶσαν
1437 5441 1600 5510 φύσιν
1630 5440 1939 5507 ἀσελγείας,

364 5535 478 5591 ἀπὸ
525 5533 621 5587 τοῦ
651 5535 962 5606 περιέργως
1006 5536 1198 5607 ὲνορᾷν
1234 5537 1347 5598 τοῖς
1376 5533 1486 5587 τῶν
1520 5532 1790 5603 σωμάτων
1818 5531 1946 5585 κάλ-

362 5632 538 5689 λεσιν,
573 5628 887 5691 ἀκολάστως
919 5627 1287 5695 κατασύρεται
1319 5629 1348 5679 6
1384 5626 1695 5696 ἄνθρωπος.
1730 5626 1802 5677 Σὺ
1832 5624 1945 5677 τοί-

2044 5104 2237 5151 natura
2275 5089 2764 5147 abominationes?
2800 5086 2934 5140 Nam
2974 5097 3029 5144 et
3061 5092 3114 5144 in
3142 5090 3473 5145 contrariam
3525 5106 3624 5143 na-

2046 5198 2181 5244 tura
2242 5187 2510 5241 luxuriam
2585 5185 2809 5239 curioso
2876 5184 3174 5239 formarum
3253 5186 3621 5254 corporalium

2048 5292 2269 5353 aspectu
2305 5282 2540 5335 trahitur
2573 5278 2757 5332 homo.
2789 5277 2870 5330 Tu
2915 5276 3079 5346 igitur
3134 5290 3350 5331 amaros
3386 5293 3417 5330 ιι
3455 5286 3510 5330 te
3541 5290 3625 5330 re-

2046 5390 2240 5430 secans
2275 5374 2509 5436 radices,
2547 5368 2857 5425 mortiferos
2912 5385 3017 5423 non
3051 5369 3193 5426 feres
3253 5371 3488 5433 fructus,
3530 5373 3625 5423 sed

2049 5460 2408 5522 fructificabis
2455 5465 2771 5535 puritatem,
2835 5472 2889 5517 et
2923 5465 3040 5532 ejus
3101 5463 3472 5526 sanctitatem,
3508 5463 3626 5516 sine

2049 5574 2155 5628 qua
2197 5571 2359 5612 nemo
2388 5555 2680 5612 Dominum
2724 5555 2947 5610 videbit.

370 5727 469 5761 νυν
497 5711 592 5772 τὰς
623 5708 827 5779 πικρὰς
880 5709 1166 5764 ἐκκόπτων
1213 5709 1368 5778 ῥίζας
1406 5709 1517 5763 ἀπὸ
1574 5709 1825 5771 σεαυτοῦ,
1891 5701 2308 5777 θανατηφόρους
2342 5709 2443 5761 οὐκ
2499 5709 2666 5771 οἴσεις
2716 5707 2964 5776 καρπούς
2990 5723 3003 5737 ο
3043 5709 3176 5760 ἀλλὰ
3217 5713 3490 5783 καρπώσῃ
3521 5712 3617 5779 τὴν

373 5800 620 5866 ἁγνείαν,
642 5803 736 5856 καὶ
762 5804 852 5857 τὸν
885 5805 943 5857 ὲν
975 5802 1112 5872 αὐτῇ
1141 5803 1416 5871 ἁγιασμόν
1442 5817 1455 5830 °
1492 5796 1552 5856 οὗ
1575 5803 1745 5873 χωρὶς
1775 5802 1951 5864 οὐδεὶς
1988 5802 2182 5868 ὄψεται
2224 5800 2316 5854 τὸν
2348 5801 2576 5872 Κύριον.

450 5886 494 5918 ⁷⁸
526 5888 699 5942 Exod.
730 5906 822 5954 xx,
856 5892 943 5946 H.
1056 5890 1100 5921 ⁷⁵
1136 5889 1305 5945 Levit.
1342 5904 1473 5954 xxv,
1511 5888 1564 5943 9.

667 5986 933 6047 Paxaea.
962 5985 1078 6046 Gn.
1118 5987 1212 6046 CL

1677 5884 1720 5916 ³⁰
1752 5879 1945 5935 Matth.
1979 5895 2032 5943 ν,
2063 5879 2155 5931 28.

3140 5961 3216 6022 33
