4146 6308
363 361 494 424 1101

1644 364 1742 423 DE
1781 363 2322 425 HESYCHASTIS.

3464 365 3612 430 1102

357 476 570 540 γένοιτο
605 472 814 534 πάντας
848 473 995 544 ἡμᾶς
1033 474 1332 543 ἐπιτυχεῖν,
1369 475 1555 547 χάριτι
1596 476 1693 530 καὶ
1738 477 1930 546 φιλαν-

2043 485 2090 532 et
2121 477 2320 541 honor,
2351 484 2407 531 et
2436 475 2705 538 adoratio,
2747 492 2871 532 cum
2907 478 3148 548 ingenito
3187 478 3306 549 ejus
3335 478 3513 544 Patre,
3552 492 3608 536 et

357 564 580 634 θρωπίᾳ
623 564 718 618 τοῦ
763 565 995 635 Κυρίου,
1026 567 1120 620 καὶ
1154 566 1291 619 Θεοῦ
1340 568 1435 620 καὶ⁵
1484 566 1736 636 Σωτῆρος
1767 567 1926 637 ἡμῶν

369 655 548 723 Ἰησοῦ
569 656 828 726 Χριστοῦ,
848 651 892 725 ᾧ
913 659 1114 728 πρέπει
1136 661 1287 714 πάσα
1304 661 1450 726 δόξα,
1468 659 1629 730 τιμὴ,
1648 661 1744 714 καὶ
1757 677 1926 730 προσ·

2037 567 2405 634 sanctissimo,
2441 569 2649 637 optimo
2681 578 2735 624 et
2772 570 2992 625 viviﬂco
3045 569 3288 640 Spiritu,
3323 567 3512 633 nunc.
3549 580 3608 626 et

2033 675 2276 730 semper,
2308 669 2361 714 et
2402 661 2454 714 in
2493 661 2689 715 saecula
2711 662 3059 716 saeculorum.
3096 663 3292 717 Amen.

365 748 614 820 κύνησις,
647 753 744 806 σὺν
774 753 851 822 τῷ
876 754 1098 825 ἁνάρχῳ
1123 755 1292 811 αὑτοῦ
1321 757 1521 826 Πατρὶ,
1557 757 1652 810 καὶ
1699 755 1776 825 τῷ
1805 757 2060 826 παναγίῳ
2102 757 2196 810 καὶ
2230 757 2420 825 ἀγαθῷ
2470 759 2570 810 καὶ
2603 757 2856 829 ζωοποιῷ
2880 760 3182 830 Πνεύματι,
3214 761 3332 828 νῦν,
3355 760 3448 815 καὶ
3480 759 3590 825 ἀεὶ,

366 843 464 895 καὶ
496 845 578 906 εἰς
601 845 728 908 τοὺς
760 846 960 908 αἰῶνας
989 847 1100 900 τῶν
1130 847 1362 902 αἰώνων.
1409 849 1602 919 Ἀμήν.

389 977 654 1004 m

643 971 3606 1020 mw

1853 1113 1946 1167 ΕΚ
1999 1113 2137 1166 ΤΩΝ

1224 1279 1452 1366 ΤΟΥ
1524 1277 1900 1364 ΑΥΤΟΥ
1981 1276 2318 1362 ΑΓΙΟΥ
2394 1275 2767 1360 ΑΟΓΩΝ

1945 1479 2060 1518 mn

961 1631 1259 1744 ΤΩΝ
1352 1626 1780 1741 ΙΕΡΩΣ
1852 1622 3026 1740 ΗΣΥΧΑΖΟΝΤΩΝ.

1047 1998 1238 2112 EX
1313 1991 1947 2110 EJUSDEM
2037 1989 2943 2106 SERMONIBUS

1900 2216 1966 2259 DE
2012 2215 2082 2256 IIS

812 2375 1023 2481 QUI
1098 2369 1496 2461 SACRIE
1573 2363 2282 2456 INDULGENT
2373 2365 3160 2467 QUIETUDINI.

792 2687 1110 2754 Ἔρωτησις
1137 2685 1288 2751 πρὸς
1309 2685 1516 2739 αὐτόν.

442 2821 634 2885 Καλῶς
653 2819 934 2891 ἐποίησας,
967 2821 1172 2890 Πάτερ,
1199 2820 1294 2873 καὶ¹
1317 2821 1444 2884 τοὺς
1480 2819 1589 2872 τῶν
1612 2819 1780 2888 ἁγίων
1808 2821 1938 2891 περὶ

373 2917 465 2970 τοῦ
514 2916 822 2985 ζητήματός
876 2929 965 2984 μοι
1015 2912 1206 2980 λόγους
1263 2912 1616 2984 προθέμενος.
1675 2913 1776 2965 Σοῦ
1828 2915 1937 2982 γὰρ

371 3008 582 3062 ἁκούων
601 3005 814 3070 λύοντός
849 3022 938 3074 μοι
967 3003 1038 3057 τὰ
1067 3004 1465 3075 διηπορημένα,
1503 3003 1813 3074 ἐθαύμαζον
1843 3005 1941 3074 μὲν

376 3101 474 3168 τῆς
505 3098 763 3168 ἀληθείας
818 3097 878 3149 τὸ
912 3097 1150 3165 ἐμφανές
1182 3113 1196 3126 ·
1230 3098 1408 3150 ἐκεῖνο
1434 3096 1492 3150 δέ
1534 3114 1637 3167 μου
1687 3098 1940 3170 ὑπεισῄει

378 3189 446 3256 τῇ
476 3185 702 3254 διανοίᾳ,
735 3185 808 3248 ῶς,
832 3184 1061 3254 ἐπείπερ
1082 3185 1222 3255 λόγῳ
1255 3184 1472 3238 παλαίει
1504 3185 1611 3246 πᾶς
1641 3183 1796 3253 λόγος
1825 3203 1840 3216 ο
1866 3186 1942 3248 ὡς

379 3276 473 3328 καὶ
499 3275 657 3337 αὐτὸς
681 3274 910 3345 εἴρηκας
931 3289 948 3307 ⁶
976 3273 1050 3344 μὴ
1072 3275 1165 3326 καὶ
1191 3277 1307 3337 τοῖς
1338 3274 1444 3327 ὑπὸ
1473 3275 1568 3326 σοῦ
1598 3274 1936 3344 λεγομένοις,

364 3363 528 3429 αὖθις
549 3367 633 3436 εἴη
664 3385 746 3428 τις
796 3367 1077 3434 ἀντιλογία
1103 3383 1117 3398 ο
1149 3369 1275 3419 ἐπεὶ
1313 3367 1371 3420 δὲ
1398 3367 1496 3437 τὴν
1518 3366 1608 3420 διὰ
1631 3368 1738 3420 τῶν
1765 3367 1943 3438 ἔργων

376 3456 677 3526 μαρτυρίαν
731 3457 900 3527 μόνην
949 3458 1120 3525 ἔγνων
1169 3457 1334 3510 οὖσαν
1367 3459 1789 3528 ἀναμφίλεκτον,
1848 3457 1944 3512 καὶ

372 3545 497 3607 τοὺς
519 3545 707 3614 ἁγίους
734 3547 803 3600 τὰ
829 3547 968 3600 αὐτά
1007 3563 1090 3601 σοι
1121 3547 1378 3615 λέγοντας
1407 3549 1640 3618 ἀκήκοα,
1666 3549 1816 3600 οὐδὲν
1841 3566 1944 3600 τοι·

379 3636 536 3688 οῦτον
587 3637 669 3689 ἔτι
721 3637 933 3690 δέδοικα
959 3654 974 3670 ⁸
1009 3640 1037 3691 ὁ
1091 3642 1198 3709 γὰρ
1225 3640 1433 3703 τούτοις
1487 3641 1560 3710 μὴ
1600 3640 1939 3710 πειθόμενος.

379 3727 495 3788 πῶς
531 3727 595 3780 ἂν
627 3728 788 3792 αὐτὸς
813 3727 1123 3793 ἀξιόπιστος
1158 3732 1240 3800 εἴη
1264 3747 1278 3794 ;
1305 3731 1420 3794 πῶς
1444 3730 1487 3783 δ’
1521 3731 1620 3783 οὐκ
1639 3730 1705 3784 ἂν
1725 3730 1938 3798 ἁϐετοίη

373 3819 464 3870 τὸν
487 3819 594 3872 τῶν
616 3819 788 3888 ἁγίων
817 3821 983 3884 Θεόν;
1010 3820 1184 3874 Αὑτοῦ
1211 3823 1320 3891 γάρ
1348 3824 1462 3876 ἐστι
1481 3823 1637 3890 λόγος
1660 3821 1795 3893 πρὸς
1818 3825 1944 3885 τοὺς

378 3910 730 3975 ἀποστόλους,
767 3912 862 3963 καὶ
923 3911 990 3964 δι’
1023 3911 1203 3964 αὐτῶν
1239 3911 1375 3980 πρὸς
1427 3912 1552 3974 τοὺς
1582 3911 1698 3981 μετ’
1747 3911 1944 3974 αὐτοὺς

376 4001 563 4066 ἁγίους
617 4001 924 4071 εἰρημένος,
974 4001 1053 4054 ὅτι
1090 4021 1109 4052 ε
1163 4003 1221 4054 '0
1248 4002 1456 4054 ἀθετῶν
1497 4003 1661 4086 ὑμᾶς,
1694 4001 1793 4072 ἐμὲ
1822 4005 1918 4055 ἁΘε
1961 4037 2009 4100 C

378 4095 463 4144 τεῖ
504 4110 516 4122 ·
553 4111 570 4142 ι
606 4093 807 4145 ταυτὸν
860 4093 905 4145 δ’
938 4095 1129 4158 εἰπεῖν,
1159 4095 1328 4164 αὐτὴν
1356 4093 1453 4164 τὴν
1508 4083 1784 4163 ἀλήθειαν.
1819 4095 1940 4158 Πῶς

374 4183 469 4237 οῦν
492 4185 810 4256 ἀποδεχοείη
839 4186 989 4255 παρὰ
1028 4185 1134 4238 τῶν
1178 4186 1482 4256 ζητούντων
1505 4186 1603 4256 τὴν
1631 4185 1886 4257 ἀλήθειαν
1916 4190 1942 4238 ὁ

375 4274 752 4343 ἀντικείμενος
783 4279 846 4346 τῇ
883 4276 1142 4346 ἀληθείᾳ;
1166 4277 1256 4328 Διὸ
1287 4276 1593 4346 παρακαλῶ
1624 4293 1705 4339 σε,
1740 4277 1939 4346 Πάτερ,

375 4367 605 4421 ἀκοῦσαί
652 4385 753 4437 μου
787 4370 880 4421 καὶ
927 4365 1036 4420 τῶν
1066 4367 1241 4422 ἄλλων
1278 4367 1508 4421 ἕκαστον
1536 4367 1842 4434 διεξιόντος,
1869 4361 1944 4421 ὧν

375 4459 525 4530 παρὰ
545 4457 653 4512 τῶν
680 4459 770 4512 διὰ
797 4457 911 4528 βίου
944 4459 1051 4528 τὴν
1084 4459 1399 4528 Ἑλληνικὴν
1428 4458 1679 4513 παιδείαν
1731 4459 1943 4529 μετιόν-

375 4569 482 4604 των
533 4552 766 4622 ἀνδρῶν,
807 4551 1021 4620 ἀκήκοα
1070 4551 1314 4618 ἐκείνων,
1363 4554 1458 4606 καὶ
1494 4553 1669 4605 εἰπεῖν
1717 4554 1815 4622 μέν
1853 4569 1941 4622 μοι

375 4643 469 4695 καί
513 4661 566 4696 τι
617 4644 724 4696 τῶν
765 4643 1065 4697 δοκούντων
1097 4644 1245 4712 παρὰ
1272 4644 1499 4696 σεαυτοῦ
1532 4645 1670 4714 πρὸς
1720 4645 1894 4697 ταῦτα
1924 4660 1938 4674 ·

376 4736 688 4805 προσθεῖναι
717 4735 774 4786 δὲ
799 4734 894 4786 καὶ
919 4737 1014 4796 τὰς
1040 4736 1146 4788 τῶν
1173 4734 1344 4803 ἁγίων
1375 4736 1504 4805 περὶ
1528 4735 1732 4789 τούτων
1762 4736 1939 4800 δόξας.

377 4826 605 4892 Λέγουσι
629 4826 738 4894 γὰρ
758 4827 904 4896 ἡμᾶς
933 4827 1117 4888 κακῶς
1147 4829 1344 4888 ποιεῖν,
1371 4826 1519 4884 ἔνδον
1559 4827 1653 4880 τοῦ
1692 4827 1944 4896 σώματος

379 4917 725 4980 σπεύδοντας,
764 4917 856 4970 τὸν
884 4917 1152 4987 ἡμέτερον
1186 4917 1594 4990 ἐμπερικλείειν
1639 4917 1762 4970 νοῦν
1789 4935 1801 4948 ο
1838 4918 1944 4984 ἔξω

377 5009 484 5077 γὰρ
518 5009 612 5061 τοῦ
637 5009 912 5079 σώματος,
941 5010 1093 5077 φασὶ,
1124 5009 1324 5079 μᾶλλον
1345 5010 1562 5079 χρῆναι,
1582 5009 1945 5082 παντὶτρόπῳ

378 5099 564 5152 τοῦτον
605 5099 824 5164 ἐξωθεῖν
862 5117 876 5131 ’
935 5099 1016 5152 διὸ
1046 5101 1138 5151 καὶ
1163 5099 1478 5172 διασύρουσι
1513 5101 1747 5170 ισφόδρα
1793 5102 1944 5164 τινὰς

377 5191 486 5243 τῶν
504 5192 816 5262 ῄμέτερων,
851 5191 970 5245 κατ’
999 5190 1180 5243 αὐτῶν
1218 5190 1548 5260 γράφοντες,
1576 5191 1650 5253 ὡς
1677 5193 1788 5254 τοῖς
1844 5193 1943 5260 ἁρ-

379 5279 587 5351 χαρίοις
625 5279 1023 5352 παραινοῦντας
1082 5281 1167 5346 ἐφ’
1199 5280 1426 5340 ἑαυτοὺς
1476 5274 1714 5348 βλέπειν,
1742 5280 1837 5332 καὶ
1855 5279 1944 5333 διὰ

1967 2694 2018 2757 Β

2553 2695 2786 2760 Quaestio
2819 2695 2888 2749 ad
2921 2694 3093 2750 illum.

2114 2785 2473 2854 Benefecisti,
2497 2785 2678 2850 Pater,
2716 2797 3028 2842 sanctorum
3059 2787 3320 2856 quaerenti
3353 2788 3482 2844 mihi
3503 2803 3614 2847 ser-

2043 2894 2236 2934 mones
2278 2893 2615 2953 proponens.
2652 2878 2786 2932 Nam
2823 2889 2874 2934 te
2907 2878 3133 2934 audiens
3168 2893 3285 2934 mea
3332 2879 3494 2934 dubia
3527 2897 3616 2936 re-

2041 2974 2339 3027 solventem
2363 3011 2378 3036 ,
2412 2971 2654 3026 mirabar
2701 2972 2949 3027 veritatis
2987 2973 3339 3027 evidentiam.
3381 2972 3509 3026 Mihi
3539 2983 3617 3027 ta-

2043 3080 2166 3120 men
2203 3065 2368 3118 timor
2391 3063 2628 3117 animum
2659 3063 2899 3117 subierat
2923 3077 3010 3128 ne,
3033 3066 3158 3134 quia
3197 3065 3361 3119 verbo
3387 3065 3612 3119 verbum

2042 3173 2258 3226 semper
2279 3157 2594 3227 apponitur,
2642 3164 2700 3209 ut
2736 3156 2848 3224 ipse
2892 3157 3175 3212 confessus
3201 3157 3309 3221 'es,
3343 3161 3616 3213 sermoni-

2043 3251 2142 3304 bus
2162 3249 2270 3303 tuis
2292 3247 2496 3316 aliquid
2517 3261 2712 3301 rursus
2724 3247 3206 3301 contradiceretur.
3231 3248 3336 3301 Sed
3357 3250 3610 3316 quoniam

2041 3343 2217 3396 solum
2254 3356 2319 3395 ex
2346 3339 2606 3409 operibus
2630 3339 3005 3394 testimonium
3027 3339 3142 3394 scio
3167 3339 3446 3393 indubium
3470 3355 3609 3405 esse,

2041 3443 2098 3490 et
2131 3441 2347 3486 sanctos
2379 3430 2569 3486 eadem
2619 3445 2682 3485 ac
2714 3440 2766 3486 te
2809 3430 3054 3484 dicentes
3102 3429 3306 3494 audivi,
3334 3431 3444 3501 jam
3478 3434 3610 3486 nihil

2043 3522 2349 3591 huiusmodi
2368 3519 2686 3588 metuo.Qni
2705 3520 2845 3575 enim
2865 3521 2966 3575 hos
2986 3535 3089 3574 non
3128 3521 3320 3586 credit,
3339 3523 3611 3590 quomodo

2043 3616 2159 3686 ipse
2213 3615 2407 3685 dignus
2463 3614 2568 3669 [ide
2636 3613 2814 3669 esset?
2863 3613 3056 3668 Nonne
3117 3616 3328 3682 spernit
3382 3625 3608 3668 sancto-

2042 3719 2164 3764 rum
2202 3708 2401 3763 Deum?
2465 3708 2566 3762 Hic
2629 3708 2773 3762 enim
2827 3708 2892 3761 ad
2943 3708 3238 3772 apostolos,
3293 3716 3348 3762 et
3396 3723 3492 3777 per
3518 3723 3613 3763 eos

2043 3807 2110 3858 ad
2165 3804 2489 3871 posteriores
2538 3803 2616 3857 eis
2654 3810 2874 3855 sanctos
2898 3800 3068 3856 dixit:
3110 3819 3126 3851 ι
3159 3800 3256 3867 Qui
3282 3815 3380 3854 vos
3405 3802 3611 3870 spernit

2044 3911 2131 3951 me
2175 3897 2380 3965 spernit
2403 3895 2505 3959 ³⁸⁸,
2545 3912 2564 3945 ι
2623 3893 2729 3958 vel,
2765 3893 2904 3961 quod
2940 3894 3078 3946 idem
3121 3903 3224 3958 est,
3289 3895 3459 3962 ipsam
3517 3908 3608 3948 ve-

2047 3992 2282 4043 ritatem.
2343 3987 2629 4053 Quomodo
2684 4001 2810 4052 ergo
2864 3985 3196 4052 reciperetur
3241 4001 3268 4038 a
3326 3986 3608 4039 veritatem

2041 4081 2407 4151 quaerentibus
2467 4078 2558 4146 qui
2617 4077 2941 4130 contradicit
2998 4076 3265 4128 veritati?
3334 4077 3456 4130 Ideo
3493 4093 3614 4145 prc-

2043 4190 2140 4230 cor
2203 4183 2275 4236 te,
2346 4170 2545 4235 Pater,
2617 4179 2674 4222 ut
2739 4169 2928 4222 audias
2986 4183 3071 4221 me
3128 4169 3340 4238 singula
3387 4179 3610 4236 percur-

2043 4275 2250 4320 rentem
2295 4264 2393 4316 alia
2465 4278 2582 4332 qua:
2631 4263 2811 4317 audivi
2869 4277 2895 4315 a
2948 4261 3078 4316 viris
3111 4261 3214 4316 illis
3241 4262 3329 4330 qui
3361 4262 3523 4315 vitam
3555 4265 3608 4314 in

2041 4358 2258 4414 ethnica
2294 4355 2573 4422 disciplina
2605 4363 2894 4423 peragunt,
2940 4364 3104 4422 utque
3131 4353 3260 4407 mihi
3293 4355 3444 4409 dicas
3482 4356 3608 4423 quid

2046 4449 2147 4502 ista
2177 4448 2460 4501 videantur
2482 4453 2532 4496 et
2559 4445 2726 4498 addas
2745 4452 3058 4497 sanctorum
3085 4443 3152 4498 de
3175 4444 3258 4498 his
3284 4445 3608 4507 sententias.

2044 4538 2176 4593 Nam
2201 4537 2388 4591 dicunt
2415 4547 2513 4588 nos
2547 4533 2686 4587 male
2718 4532 2896 4587 facere
2943 4534 3085 4587 intra
3120 4549 3316 4602 corpus
3345 4535 3610 4589 sttnlendn

2046 4641 2285 4685 nostram
2312 4625 2584 4682 includere
2605 4634 2840 4680 mentem
2871 4641 2886 4678 :
2911 4623 3178 4694 siquidem
3205 4635 3354 4678 extra
3386 4639 3607 4692 corpus,

2045 4719 2316 4788 inquiunt,
2346 4717 2526 4784 potius
2553 4724 2768 4785 oportet
2794 4729 2914 4768 eam
2941 4715 3088 4767 omni
3124 4715 3284 4766 modo
3314 4716 3608 4779 expellere.

2046 4813 2234 4879 Itaque
2287 4808 2545 4877 quosdam
2605 4817 2914 4860 nostrorum
2973 4805 3172 4858 acriter
3214 4805 3512 4859 dilacerant
3556 4817 3611 4857 et

2044 4905 2260 4973 scriptis
2293 4909 2526 4970 arguunt
2556 4901 2785 4953 suadere
2808 4897 3190 4966 incipientibus
3224 4906 3282 4949 ut
3320 4897 3370 4950 in
3403 4899 3610 4965 seipsos

2047 4995 2356 5064 inSpiciant,
2385 5001 2440 5046 et
2475 5006 2570 5060 per
2603 4989 3014 5058 respirationem
3055 4989 3420 5043 intromittant
3453 5004 3606 5042 suam

2045 5097 2304 5151 mentem,
2347 5086 2590 5138 dicentes
2631 5097 2734 5135 non
2773 5090 3078 5148 separatam
3115 5094 3237 5132 esse
3273 5091 3505 5134 mentem
3536 5084 3604 5135 ab

2045 5179 2221 5232 anima
2256 5193 2271 5234 :
2316 5191 2419 5230 non
2451 5182 2750 5241 separatam
2785 5173 2968 5240 igitur,
3001 5171 3093 5225 sed
3129 5173 3443 5236 adunatam,
3479 5189 3612 5240 quo-

2049 5271 2209 5324 modo
2231 5270 2350 5338 quis
2375 5270 2514 5321 intro
2547 5266 2827 5321 mitteret?
2870 5265 2975 5318 Eos
3006 5267 3169 5318 etiam
3199 5275 3458 5319 accusant
3489 5276 3610 5318 tan-

378 5371 478 5437 τῆς
497 5371 772 5438 ἀναπνοῆς
806 5371 936 5423 εἴσω
989 5371 1230 5438 πέμπειν
1271 5368 1361 5421 τὸν
1417 5369 1614 5420 οἰκεῖον
1658 5369 1803 5435 νοῦν,
1837 5370 1942 5439 φά-

2047 5377 2208 5432 quam
2225 5361 2472 5415 dicentes
2497 5358 2735 5412 divinam
2755 5359 2983 5427 gratiam
3007 5374 3102 5427 per
3119 5373 3280 5412 nares
3313 5357 3605 5411 introduci.

383 5474 604 5519 σκοντες
630 5457 704 5528 μὴ
735 5459 1136 5530 κεχωρισμένον
1175 5453 1312 5510 εἷναι
1341 5457 1438 5528 τῆς
1469 5459 1645 5528 ψυχῆς
1673 5460 1764 5512 τὸν
1795 5461 1938 5514 νοῦν.

381 5547 483 5600 Τὸν
509 5547 600 5600 οὖν
629 5549 702 5618 μὴ
737 5549 1163 5620 κεχωρισμένον,
1196 5549 1310 5602 ἀλλ’
1334 5549 1543 5614 ἐνόντα,
1575 5550 1692 5614 πῶς
1735 5551 1800 5604 ἂν
1841 5551 1940 5606 αὖ·

384 5649 463 5706 οις
497 5643 624 5696 εἵσω
647 5643 858 5712 πέμποι
884 5659 1002 5707 τις;
1036 5642 1170 5693 Φασὶ
1209 5641 1286 5709 δὲ,
1321 5643 1416 5695 καὶ
1466 5642 1563 5712 τὴν
1591 5643 1741 5697 Θείαν
1781 5645 1942 5715 χάριν

453 5787 523 5816 ⁸⁸⁸
556 5784 691 5837 Luc.
726 5780 880 5846 x,16

2047 5454 2152 5509 Sed
2180 5455 2293 5510 scio
2323 5468 2422 5522 ego
2454 5453 2569 5505 hmc
2597 5452 2662 5506 ab
2696 5450 2801 5505 illis
2829 5451 3156 5505 calumniose
3187 5453 3352 5504 asseri
3403 5451 3547 5518 (nam
3580 5467 3610 5504 a

2048 5547 2198 5599 nullo
2230 5553 2536 5599 nostrorum
2567 5544 2748 5598 audivi
2783 5543 2955 5614 talia),
2991 5555 3046 5598 ct
3074 5543 3301 5611 proinde
3332 5543 3446 5596 haec
3480 5557 3614 5608 quo-

2048 5649 2152 5703 que
2173 5634 2295 5689 aliis
2325 5634 2557 5706 maligne
2588 5635 2746 5704 adjici
2777 5652 2790 5688 :
2822 5635 2964 5690 idem
2990 5635 3134 5688 enim
3161 5642 3243 5686 est
3274 5645 3336 5686 ea
3363 5647 3484 5702 quae
3505 5647 3613 5688 non
