4146 6308
540 353 693 421 .1103
1770 350 2123 412 GREGORI

2239 348 2457 413 'ALAM
2470 353 2529 414 ,Ε
2995 348 3007 360 ’
3664 348 3811 417 1101

552 476 683 521 sunt
713 474 902 553 contra
952 466 1202 523 homines
1250 477 1585 540 excogitare,
1633 475 1686 521 ct
1726 482 1788 521 ea
1825 482 1946 535 qnte
1997 477 2123 521 sunt

2239 466 2315 520 Ξιὰ
2339 467 2448 521 τῶν
2474 465 2773 536 μυκτήρων
2797 465 3112 531 είσοικίζειν
3130 467 3334 537 λέγειν.
3353 463 3493 520 Ἀλλ⁶
3515 464 3676 527 εἰδὼς
3697 466 3811 531 ἐγὼ

551 560 789 630 maligne
812 561 1184 632 interpretari.
1212 561 1293 615 Tu
1331 576 1462 615 vero
1495 560 1632 615 doce
1673 577 1781 622 me,
1812 561 1992 623 Pater,
2024 575 2124 615 cur

2239 560 2647 627 συκοφαντικῶς
2678 557 2835 612 τοῦτο
2874 558 3133 627 λέγοντας
3171 559 3370 621 αὐτοὺς
3408 556 3563 627 (παρ’
3595 557 3812 620 οὐδενὸς

552 651 918 708 intromittcre
940 636 1088 709 omni
1126 669 1254 708 cura
1282 653 1626 716 Studeamus,
1661 670 1762 709 nec
1801 655 1997 709 malum
2026 668 2122 709 co—

2239 653 2341 723 γάρ
2362 652 2512 706 τοῦτ’
2532 653 2745 723 ηκουσα
2773 651 2882 705 τῶν
2908 653 3240 722 ἡμετέρων),
3266 655 3332 706 ὲκ
3358 652 3550 706 τούτου
3578 653 3676 706 καὶ
3692 654 3809 715 τοῖς

552 738 791 802 giteinus
821 739 876 793 in
911 754 1144 811 corpore
1180 734 1417 798 mentem
1450 744 1757 799 includere.

2239 745 2416 808 ἄλλοις
2447 746 2730 816 ὑπενόησα
2762 745 3090 813 κακούργως
3137 745 3483 799 ἐπιτίθεσθαι
3504 762 3522 779 ο
3559 746 3672 798 τῶν
3700 746 3814 814 γὰρ

552 828 735 883 αὐτῶν
788 833 925 899 ἐστι,
978 834 1047 888 τά
1076 852 1133 888 τε
1159 834 1235 905 μὴ
1263 834 1390 889 ὄντα
1458 837 1582 889 κατ’
1649 836 1959 907 ἀνθρώπων
2015 836 2302 904 πλάττειν,
2360 839 2459 893 καὶ
2509 838 2579 891 τὰ.
2629 838 2762 891 ὄντα
2819 840 3172 906 κακουργεῖν.
3229 837 3301 891 Σῦ
3354 836 3425 903 δι,
3467 836 3678 902 δίδαξόν
3709 854 3807 905 με,

556 916 760 993 Πάτερ,
801 926 921 990 πῶς
945 927 1079 982 εἵσω
1125 927 1369 999 πέμπειν
1403 929 1607 1000 σπουδῇ
1643 929 1794 1002 πάσῃ
1831 928 2273 1001 προαιρούμεθα,
2345 930 2441 984 καὶ
2494 930 2573 1000 μὴ
2623 930 2793 985 κακὸν
2838 928 3092 1003 οἰόμεθα,
3144 928 3225 1000 τῷ
3281 928 3497 998 σώματι
3548 930 3642 984 τὸν
3681 926 3810 983 νοῦν

554 1009 983 1085 ἑμπερικλείειν.

558 1107 857 1176 Responsio.
924 1105 1221 1160 Volentibus
1254 1108 1414 1177 quieti
1476 1123 1531 1162 se
1581 1108 1886 1177 applicare,
1943 1109 2132 1163 inutile

627 1194 731 1230 non
762 1189 837 1230 est
881 1179 1064 1231 conari
1126 1181 1269 1232 intra
1326 1194 1521 1246 corpus
1579 1180 1850 1233 continere
1899 1187 2130 1249 mentem

625 1264 799 1302 suam.

625 1360 839 1426 Frater,
903 1374 1092 1415 nonne
1138 1412 1141 1413 ν
1185 1360 1347 1414 audis
1422 1358 1740 1428 Apostolum
1801 1358 2069 1413 dicentem
2119 1374 2136 1411 :

560 1470 580 1503 ι
610 1450 849 1507 Membra
883 1464 1073 1505 nostra
1112 1454 1374 1522 templum
1404 1460 1530 1505 sunt
1561 1449 1805 1516 Spiritus
1838 1452 2012 1505 sancti
2043 1449 2132 1517 qui

553 1545 607 1597 in
639 1545 794 1598 nobis
824 1542 1005 1610 est”?
1041 1562 1060 1594 ι
1088 1545 1150 1597 Et
1192 1546 1383 1598 iterum
1421 1560 1437 1599 :
1476 1562 1494 1594 ι
1522 1542 1631 1597 Nos
1654 1558 1843 1596 sumus
1877 1541 2133 1610 templum

557 1637 647 1690 Dei
683 1636 811 1700 vivi,
860 1637 1002 1690 sicut
1036 1636 1170 1690 dicit
1219 1636 1360 1691 Deus
1426 1654 1439 1690 :
1496 1635 1763 1702 Quoniam
1819 1633 2135 1688 inbabitabo

555 1730 608 1783 in
665 1728 793 1795 illis,
843 1738 895 1783 et
940 1728 1295 1784 inambulabo
1353 1729 1499 1783 inter
1554 1742 1692 1792 eos,
1746 1736 1803 1781 et
1860 1741 1953 1779 cro
2017 1725 2133 1778 illo-
2167 1714 2209 1769 Β

556 1832 677 1870 rum
722 1815 867 1872 Deus
891 1817 973 1872 ".
1023 1835 1041 1868 ι
1110 1816 1268 1883 Quod
1323 1830 1453 1888 ergo
1509 1815 1709 1871 domus
1759 1816 1963 1870 meruit
2013 1828 2136 1869 esse

554 1909 670 1974 Dei,
722 1909 847 1980 quis
906 1910 1127 1979 sapiens
1180 1908 1564 1978 dedignabitur
1617 1909 1814 1962 mentis
1864 1921 1978 1961 suae
2029 1906 2133 1960 lia-

553 2002 893 2057 bitaculum?
977 2000 1044 2056 Et
1091 2017 1192 2058 cur
1256 2000 1400 2056 Deus
1464 2000 1518 2054 in
1572 1998 1849 2071 principio
1915 1998 2136 2053 inciusit

555 2110 782 2165 corpore
824 2093 1112 2149 animum?
1174 2094 1323 2164 Ergo
1357 2103 1411 2147 et
1444 2094 1560 2162 ipse
1609 2092 1747 2146 male
1809 2090 1960 2148 fecit.
2026 2090 2137 2144 Hu-

556 2189 785 2254 pismodi
848 2202 1178 2253 sermones,
1266 2187 1477 2249 frater,
1530 2186 1774 2241 assimila
1841 2186 2134 2251 haereticis,

556 2283 644 2351 qui
669 2281 1005 2336 contendunt
1038 2294 1239 2350 corpus
1270 2294 1395 2335 esse
1442 2277 1647 2333 malum
1683 2286 1739 2332 et
1768 2277 1891 2330 ntali
1924 2277 2132 2348 princi-

556 2376 626 2445 pii
659 2389 819 2445 opus.
854 2372 963 2429 an
987 2383 1172 2428 autem
1193 2368 1247 2426 in
1275 2371 1654 2442 corporalibus
1683 2369 1901 2438 quidem
1931 2370 2137 2438 cogita-

556 2471 795 2525 tionibus
848 2470 1031 2524 inesse
1080 2476 1342 2530 mentem,
1404 2464 1607 2519 malum
1659 2464 2025 2519 arbitramur:
2081 2464 2135 2517 in

556 2578 783 2629 corpore
818 2576 951 2615 vero
987 2574 1129 2623 esse,
1166 2573 1271 2611 non
1310 2557 1549 2622 malum,
1608 2555 1735 2624 quia
1781 2569 1882 2609 nec
1937 2570 2135 2624 corpus

556 2654 756 2709 malum
778 2661 885 2706 est.
922 2651 1109 2719 Itaque
1140 2664 1264 2702 eum
1296 2646 1464 2701 David
1513 2647 1891 2716 unusquisque
1938 2662 2134 2701 conse-

549 2746 821 2805 rrantitun
857 2742 967 2800 Deo
1014 2743 1178 2797 vitam
1211 2741 1408 2797 clamat
1443 2740 1509 2793 ad
1535 2740 1704 2794 Deum
1743 2755 1759 2794 :
1789 2756 1809 2790 ι
1844 2738 2029 2793 Sitivit
2080 2740 2131 2792 in

548 2851 607 2894 te
636 2822 815 2893 anima
843 2852 959 2892 mea
987 2851 1185 2906 :quam
1204 2833 1577 2903 multipliciter
1607 2833 1705 2888 tibi
1739 2847 1868 2887 caro
1888 2848 2008 2886 mea
2028 2834 2129 2886 ⁹¹.›

550 2933 622 2987 Et
657 2948 672 2988 :
712 2950 730 2983 ι
764 2931 867 2986 Cor
909 2944 1095 2984 meum
1149 2937 1203 2982 et
1234 2942 1363 2981 caro
1422 2941 1539 2979 mea
1605 2923 2019 2979 essultaverunt
2080 2924 2132 2977 in

552 3025 725 3078 Deum
782 3020 1108 3077 vivum".t
1168 3019 1236 3074 Et
1291 3032 1415 3073 cum
1454 3016 1588 3071 Isaia

556 3114 710 3182 quasi
729 3111 940 3167 citliara
966 3108 1205 3171 sonabit,
1225 3117 1280 3163 et
1305 3108 1511 3163 viscera
1531 3121 1650 3161 mea
1676 3106 1743 3161 ad
1767 3121 1982 3159 murum
2021 3106 2068 3138 “
2104 3125 2121 3157 ο

557 3219 755 3261 att-cum
813 3218 972 3273 quem
1035 3199 1370 3255 iustaurasti.
1425 3198 1488 3252 Et
1529 3215 1545 3253 :
1580 3216 1600 3249 ι
1631 3196 1855 3266 Propter
1879 3197 2134 3252 timorem

557 3307 733 3363 tuum,
769 3297 1013 3359 Domine,
1052 3296 1105 3350 in
1140 3306 1328 3348 ventre
1354 3293 1695 3363 suscepimus
1718 3291 1965 3362 Spiritum
1988 3292 2136 3347 salu-

554 3392 689 3446 taris
717 3390 815 3446 tui.
851 3407 870 3441 ι
910 3388 1010 3443 Cui
1041 3388 1385 3442 conﬁdentes
1428 3402 1538 3440 non
1590 3385 1878 3450 cademus,
1911 3385 2006 3440 sed
2042 3401 2136 3440 ca-

556 3483 684 3538 dent
732 3482 825 3551 qui
875 3481 942 3536 de
990 3490 1138 3535 terra
1190 3478 1514 3548 loquuntur,
1574 3489 1630 3533 et
1681 3477 1965 3533 terrestria
2013 3490 2136 3533 esse

557 3575 898 3628 mentiuntur
951 3571 1198 3627 caelestia
1257 3569 1472 3626 dicendi
1531 3580 1588 3623 ct
1643 3568 1863 3624 vivendi
1908 3583 2138 3638 genera.

557 3664 781 3721 Mortem
823 3663 1041 3735 quidem
1071 3663 1366 3733 Apostolus
1404 3672 1570 3719 vocat
1622 3675 1844 3733 corpus,
1897 3662 2133 3726 dicens,

562 3777 581 3809 ι
624 3756 759 3823 Quis
799 3770 884 3811 me
914 3755 1176 3811 liberabit
1223 3756 1291 3811 de
1331 3770 1562 3825 corpore
1590 3756 1780 3810 mortis
1815 3753 2073 3826 hujus”?
2108 3774 2127 3807 ι

556 3848 626 3901 At
669 3846 908 3917 loquitur
939 3848 1013 3902 de
1068 3845 1336 3902 materiali
1392 3854 1451 3900 et
1477 3845 1748 3915 corporali
1781 3844 2139 3915 cogitatione,

557 3956 677 4011 quae
708 3938 937 3995 formam
965 3939 1213 4010 corporis
1244 3953 1371 3996 vere
1401 3937 1603 4004 habet;
1635 3938 1780 3993 unde
1813 3953 1939 3994 cum
1971 3939 2132 4008 Spiri-

557 4033 687 4087 tuali
708 4040 763 4088 et
791 4032 974 4088 divina
1009 4045 1132 4088 eam
1172 4028 1481 4096 conferens,
1517 4031 1713 4086 merito
1732 4045 1928 4100 corpus
1949 4038 2134 4099 appet-

556 4128 709 4193 lavit,
760 4136 1078 4182 nontamen
1131 4124 1456 4195 simpliciter
1490 4138 1715 4192 corpus,
1774 4124 1869 4179 sed
1903 4132 2133 4177 mortem

554 4219 840 4290 corporis;
904 4217 1067 4287 idque
1105 4217 1268 4287 paulo
1290 4231 1454 4286 supra
1482 4217 1683 4271 clarius
1713 4216 1971 4282 ostendit,
2009 4217 2135 4286 quia

551 4324 662 4364 non
693 4323 911 4363 carnem
936 4309 1170 4372 incusat,
1204 4306 1301 4362 sed
1325 4305 1801 4375 superingressum
1832 4319 1901 4359 ex
1959 4315 2137 4360 trans-

2249 1108 2625 1175 Ἀπόκρισις,
2673 1105 2761 1159 ὅτι
2810 1103 2934 1170 τοῖς
2975 1103 3408 1172 προῃρημένοις
3448 1102 3517 1154 ἐν
3572 1105 3805 1172 ἡσυχίῃ

2312 1178 2635 1229 ποοσέγειν
2683 1175 2938 1229 ἑαυτοῖς.
2978 1179 3088 1227 οὐκ
3122 1172 3455 1229 ἀσυντελὲι·
3493 1173 3674 1225 ἔνδον
3695 1178 3804 1229 τοῦ

2312 1190 2502 1245 προσε
2506 1192 2635 1243 χειν
2683 1190 2938 1240 cavrem,
2978 1190 3088 1227 ουκ
3122 1190 3455 1235 ασυντελες·
3493 1190 3674 1225 ενοον
3695 1192 3804 1230 του

2308 1248 2582 1316 σώματος
2626 1244 2939 1313 πειρᾶσθαι
2962 1242 3237 1310 κατέχειν
3264 1244 3370 1295 τὸν
3394 1242 3614 1296 οἰκεῖον
3631 1245 3805 1300 γοῦν.

2321 1381 2563 1449 Ἀδελφὲ,
2591 1381 2691 1433 οὐκ
2739 1378 2957 1440 ἀκούεις
3015 1377 3110 1429 τοῦ
3155 1376 3479 1431 Ἀποστόλου
3530 1377 3803 1446 λέγοντος,

2240 1476 2321 1529 ὅτι
2366 1494 2384 1526 ι
2447 1475 2528 1527 Τὰ
2589 1471 2815 1541 σώματα
2879 1470 3035 1540 ήμῶν
3089 1471 3211 1532 ναδς
3237 1468 3332 1522 τοῦ
3385 1471 3443 1520 ὲν
3486 1469 3616 1539 ήμῖν
3648 1471 3805 1537 ἁγίου

2249 1565 2566 1636 Πνεύματός
2626 1568 2746 1619 ἐστι
2776 1580 2789 1592 ·
2867 1578 2885 1613 ι
2938 1564 3032 1617 καὶ¹
3080 1561 3265 1621 πάλιν.
3315 1561 3396 1614 ὅτι
3451 1580 3470 1612 ι
3518 1557 3680 1625 Οἶκος
3707 1562 3805 1615 τοῦ

2241 1659 2377 1712 θεοῦ
2424 1657 2580 1729 ἡμῶν
2636 1659 2845 1727 ἐσμεν·
2910 1655 2961 1724 si
2993 1655 3066 1719 ὡς
3118 1654 3211 1708 καὶ
3258 1653 3285 1705 ὁ
3331 1654 3463 1717 Geo;
3509 1652 3681 1721 λέγει,
3723 1655 3807 1707 ὅτι

2253 1768 2270 1799 ι
2329 1748 2627 1816 Ἐνοικήσω
2652 1748 2711 1799 ἐν
2737 1746 2943 1810 αὐτοῖς,
2968 1744 3063 1797 καὶ
3088 1741 3543 1813 ὲμπεριπατήσω,
3571 1743 3668 1795 κα)⁸
3697 1741 3811 1795 ἐσο-

2251 1859 2347 1909 μαι
2406 1840 2585 1894 αὐτῶν
2628 1838 2797 1903 Θεός;
2853 1856 2871 1887 ι
2917 1839 2983 1890 Ὃ
3027 1835 3207 1888 τοίνυν
3257 1836 3568 1904 οἰκητήριον
3598 1833 3809 1903 πέφυκε

2246 1930 2490 1998 γίνεσθαι
2515 1929 2672 1995 Θεοῦ,
2702 1929 2817 1991 πῶς
2847 1927 2912 1981 ἂν
2940 1924 3369 1993 ἁναξιοπαθῆσαί
3391 1940 3473 1987 τις
3494 1923 3620 1977 νοῦν
3649 1922 3807 1994 ἔχων,

2249 2020 2511 2075 ὲνοικίσαι
2539 2020 2631 2074 τδν
2654 2020 2851 2074 οἰκεῖον
2872 2019 2996 2073 νοῦν
3026 2016 3207 2087 αὖτῷς
3238 2016 3361 2080 Πῶς
3399 2017 3455 2070 δὲ
3501 2017 3596 2070 καὶ
3623 2020 3652 2070 ὁ
3680 2017 3810 2079 θεὸς

2250 2111 2347 2181 τὴν
2381 2111 2553 2181 ἀρχὴν
2583 2109 2808 2182 ἐνῴκισε
2830 2109 2907 2181 τῷ
2938 2109 3148 2179 σώματι
3166 2109 3255 2160 τὸν
3281 2105 3430 2171 νοῦν;
3463 2102 3573 2177 ἄρα
3602 2109 3695 2160 καὶ
3715 2108 3811 2159 αὐ·

2252 2203 2342 2265 τος
2383 2202 2570 2265 κακῶς
2608 2202 2861 2272 sucinae;
2890 2202 3014 2263 τοὺς
3054 2192 3324 2260 τοιούτους
3354 2196 3564 2265 λόγους,
3592 2198 3808 2265 ἀδελφὲ.

2258 2292 2371 2354 τοῖς
2402 2290 2696 2361 αίρετικοῖς
2733 2290 2965 2360 ἁρμόσει
2992 2288 3192 2361 λέγεινζ
3231 2286 3280 2339 οἳ
3311 2286 3544 2356 πονηρὸν
3599 2286 3810 2341 καὶτοῦ
3870 2304 3879 2315 ·

2250 2377 2487 2447 πονηροῦ
2511 2376 2740 2447 πλάσμα
2753 2376 2814 2428 τὸ
2838 2374 2996 2446 σῶμα
3012 2360 3284 2443 λέγουσιν.
3321 2374 3514 2447 Ἡμεῖς
3543 2378 3602 2430 δὲ
3624 2380 3684 2432 ὲν
3709 2382 3817 2441 τοῖς

2252 2469 2581 2539 σωματικοῖς
2606 2469 2953 2541 φρονήμασιν
2993 2461 3133 2520 εἶναι
3168 2468 3258 2520 τὸν
3284 2466 3407 2521 νοῦν
3451 2468 3677 2538 οἰόμεθα
3724 2487 3822 2522 κα-

2248 2564 2342 2614 κόν
2369 2578 2382 2592 ·
2417 2563 2474 2614 ὲν
2504 2560 2582 2631 τῷ
2595 2560 2804 2630 σώματι
2831 2559 2885 2613 δὲ
2912 2560 3034 2630 οὐχὶ
3056 2561 3245 2625 κακὸν,
3269 2561 3391 2613 ἐπεὶ
3425 2561 3635 2631 μηδὲτὸ
3666 2560 3823 2630 σῶμα

2194 2700 2197 2701 ,
2250 2651 2505 2721 πονηρόν.
2531 2650 2620 2704 Διὸ
2667 2651 2807 2721 μετὰ
2833 2649 2928 2703 τοῦ
2987 2650 3171 2717 Δαϐὶδ,
3198 2652 3306 2704 τῶν
3344 2651 3430 2705 διὰ
3458 2652 3574 2721 βίου
3598 2652 3676 2723 τῷ
3706 2653 3822 2720 Θεῷ

2247 2743 2690 2814 προσανεχόντων
2713 2742 2941 2805 ἕκαστος
2980 2741 3077 2812 βοᾷ
3104 2743 3238 2813 πρὸς
3286 2743 3377 2795 τὸν
3417 2743 3549 2796 θεόν
3578 2758 3591 2771 ·
3623 2762 3641 2793 ι
3684 2744 3818 2797 Ἐδί-

2245 2835 2387 2905 ψησέ
2418 2852 2477 2887 σε
2511 2837 2543 2903 ὴ
2582 2835 2725 2905 ψυχή
2776 2849 2900 2904 μου*
2954 2834 3243 2897 ποσαπλῶς
3306 2852 3388 2889 σοι
3439 2837 3471 2905 ή
3535 2835 3674 2907 σάρξ
3700 2854 3819 2906 μσυ,

2246 2932 2338 2983 καὶ
2365 2931 2397 3000 ή
2431 2929 2625 3000 καρδία
2663 2945 2786 3000 μου.
2807 2929 2901 2982 καὶ
2924 2929 2958 2999 ή
2987 2928 3123 2996 σάρξ
3160 2944 3261 2997 μου
3299 2926 3701 2996 ὴγαλλιάσαντο
3733 2928 3821 2978 ἐπὶ

1636 3032 1652 3071 :
1691 3033 1711 3067 ι
1741 3013 1943 3069 Venter
1980 3029 2135 3068 meus

2242 3020 2376 3075 Θεὸν
2389 3019 2565 3085 ζῶντα
2587 3023 2600 3076 i
2642 3039 2659 3072 ι
2687 3020 2780 3074 καὶ
2804 3020 2944 3090 μετὰ
2962 3019 3054 3073 τοῦ
3081 3020 3303 3072 Ἡσαΐου
3322 3036 3336 3051 ο
3382 3038 3400 3070 ι
3431 3018 3497 3071 Ἠ
3528 3019 3703 3072 κοιλιά
3722 3014 3845 3088 μου

2243 3115 2436 3185 ὴχήσει
2464 3114 2537 3178 ὼς
2572 3114 2794 3186 κιθάρα,
2815 3113 2989 3169 καὶτὰ
3018 3114 3170 3177 ἐντός
3206 3130 3308 3183 μου
3333 3112 3466 3165 ὡσεὶ
3486 3115 3665 3181 τεῖχος
3695 3110 3820 3181 χαλ-

2243 3206 2398 3271 κοῦν,
2451 3206 2481 3259 ὃ
2534 3207 2877 3271 ὲνεκαίνισας
2909 3223 2921 3237 ο
2963 3228 2980 3259 ι
3031 3208 3146 3271 καὶ,
3207 3228 3224 3259 ι
3263 3206 3360 3260 Διὰ
3391 3208 3482 3260 τὸν
3509 3207 3675 3275 φόϐον
3707 3224 3820 3268 σου.

2241 3295 2437 3367 Κύριε,
2465 3297 2523 3349 ὲν
2544 3298 2743 3367 γαστρὶ
2767 3295 3035 3368 ἐλάϐομεν
3065 3297 3286 3368 πνεῦμα
3317 3296 3595 3368 Σωτηρίςυ
3630 3315 3722 3351 σου
3755 3316 3770 3329 ·
3794 3319 3816 3349 ι

2241 3382 2288 3457 ᾧ
2318 3388 2653 3461 θαρροῦντες
2679 3390 2739 3442 οὐ
2768 3390 3105 3461 πεσούμεθα,
3127 3390 3263 3444 ἀλλὰ
3302 3390 3593 3445 πεσοῦνται
3634 3395 3682 3445 οἱ
3716 3394 3823 3446 ἀπὸ

2239 3480 2341 3551 τῆς
2369 3484 2472 3552 γῆς
2496 3480 2824 3553 φωνοῦντες,
2858 3483 2954 3537 καὶ
2982 3483 3057 3547 ὡς
3084 3485 3288 3553 γηΐνων
3318 3484 3428 3536 τῶν
3479 3485 3821 3555 ἐπουρανίων

2243 3574 2535 3645 ρημάτωνλ
2566 3575 2658 3628 καὶ
2713 3574 3000 3628 πολιτειῶν
3054 3575 3537 3646 καταψευδόμενοι.
3609 3577 3671 3629 Εἰ
3714 3579 3822 3646 γὰρ

2240 3666 2335 3719 καὶ
2370 3667 2400 3719 ὁ
2462 3665 2786 3729 ’Λπόστολος
2831 3666 3061 3720 θάνατον
3110 3665 3172 3719 τὸ
3207 3665 3367 3735 σῶμα
3422 3667 3567 3734 λέγει
3599 3681 3616 3697 ·
3649 3686 3668 3716 ι
3728 3669 3823 3730 Τίς

2239 3755 2349 3827 γάρ
2378 3772 2467 3825 με,
2502 3756 2656 3826 φησὶ,
2685 3755 2910 3826 ῥύσεται
2938 3759 3003 3811 ἐκ
3037 3755 3132 3811 τοῦ
3167 3756 3419 3827 σώματος
3456 3758 3549 3813 τοῦ
3588 3759 3819 3814 θανάτου

2237 3847 2451 3913 τούτου;
2492 3867 2510 3899 ι
2541 3847 2655 3900 ἀλλ’
2683 3848 2758 3911 ὡς
2789 3848 2879 3901 τοῦ
2913 3849 3180 3919 προσύλου
3212 3852 3302 3902 καὶ
3327 3852 3648 3919 σωματικοῦ
3680 3869 3819 3922 ippo-

2239 3940 2498 4009 νήματος,
2554 3940 2949 4009 σωματοειδοῦς
2994 3940 3146 4004 ὄντος
3173 3942 3435 4012 ἀτεχνῶς.
3459 3942 3553 3996 Διὸ
3586 3945 3724 4014 πρὸς
3760 3945 3820 3995 τὸ

2238 4032 2609 4101 πνευματικὸν
2638 4036 2731 4085 καὶ
2760 4032 2902 4085 θεῖον
2928 4033 3295 4102 παραϐάλλων
3323 4035 3508 4098 τοῦτο,
3553 4036 3717 4105 σῶμα
3742 4037 3820 4088 διο

2238 4122 2406 4186 καίως
2432 4124 2659 4178 ἐκάλεσε
2690 4140 2702 4152 ·
2732 4124 2827 4177 καὶ
2853 4124 2951 4194 οὐχ
2976 4124 3163 4188 ἁπλῶς
3191 4125 3369 4193 σῶμα,
3409 4125 3550 4179 ἀλλά
3590 4127 3818 4181 θάνατον

2238 4216 2489 4285 σώματος
2518 4231 2532 4245 ο
2561 4216 2656 4269 καὶ
2675 4214 2831 4269 τοῦτο
2868 4216 3063 4286 μικρὸν
3084 4218 3342 4288 ἀνωτέρω
3379 4217 3712 4289 τρανότερον
3729 4218 3789 4287 δη

2234 4305 2365 4374 λῶν,
2397 4306 2472 4371 ὥς
2508 4308 2630 4377 οὐχὶ
2662 4309 2762 4378 τὴν
2811 4307 2991 4379 σάρκα
3034 4310 3300 4372 αἰτιᾶται,
3334 4307 3471 4361 ἀλλὰ
3500 4307 3603 4379 τήν
3634 4311 3792 4361 ὲττεισ

550 4402 832 4472 grcssione
886 4409 1209 4471 peccatum:
1250 4418 1270 4451 ι
1305 4399 1683 4455 Venmndatus
1734 4414 1852 4453 sum
1887 4438 1902 4462 ,
1937 4400 2133 4470 inquit,

2239 4396 2500 4451 ελθοῦσαν
2559 4400 2949 4471 ἁμαρτητικὴν
3022 4400 3203 4472 ὁρμὴν
3273 4400 3339 4453 ἐκ
3426 4399 3805 4471 παραϐάσεως

555 4495 658 4550 sub
720 4504 947 4564 peccato
995 4492 1088 4561 “;
1130 4508 1153 4543 ι
1215 4491 1310 4561 qui
1369 4505 1535 4560 porro
1592 4492 1950 4545 venumdatus
2031 4505 2136 4557 est,

555 4600 660 4642 non
688 4595 771 4641 est
812 4593 1005 4640 natura
1032 4598 1242 4640 servus.
1269 4583 1337 4639 Et
1364 4584 1564 4639 iterum
1594 4599 1609 4637 :
1648 4601 1667 4635 ι
1711 4583 1837 4638 Scio
1868 4584 1994 4652 quia
2027 4600 2132 4640 non

555 4678 761 4734 habitat
792 4678 847 4733 in
878 4691 988 4744 me,
1019 4677 1122 4733 hoc
1147 4686 1237 4732 est
1265 4675 1317 4730 in
1379 4691 1545 4731 carne
1585 4690 1729 4741 mea,
1781 4675 1979 4731 bonum
1998 4677 2067 4730 ".
2107 4694 2128 4728 ι

558 4769 627 4826 Ut
656 4771 827 4838 vides,
856 4786 963 4827 non
998 4785 1244 4835 carnem,
1268 4770 1362 4825 sed
1398 4769 1543 4838 quod
1582 4769 1796 4825 habitat
1828 4770 1883 4823 in
1914 4784 1976 4824 ea
2003 4770 2136 4826 dicit

554 4865 776 4919 malum.
810 4861 963 4918 Hanc
995 4863 1162 4934 igitur
1189 4862 1361 4933 legem
1383 4875 1505 4931 quae
1532 4871 1616 4916 est
1645 4862 1697 4914 in
1739 4862 2000 4917 membris
2029 4878 2131 4918 no-

554 4961 703 5021 stris,
732 4965 785 5010 et
815 4965 1077 5026 repugnat
1116 4954 1217 5027 legi
1257 4955 1456 5009 mentis
1492 4950 1782 5020 nostra",
1819 4953 2133 5008 inhabitare

556 5064 866 5116 incorpore
917 5058 1127 5113 nostro,
1160 5056 1243 5100 est
1294 5045 1521 5111 malum,
1560 5061 1667 5100 ttuu
1719 5059 1848 5099 vero
1890 5053 2130 5099 mentem

557 5150 823 5193 nostram.
866 5140 1155 5207 I’rOpterea
1235 5153 1336 5193 nos
1386 5148 1695 5209 pugnantes
1756 5137 1900 5191 illam
1954 5136 2127 5204 legem

551 5233 782 5296 peccati,
818 5231 1138 5297 expellimus
1171 5245 1289 5284 eam
1322 5246 1351 5282 ιι
1381 5244 1632 5298 corpore,
1681 5239 1733 5281 et
1780 5229 1904 5282 lmic
1938 5229 2135 5298 praesi-

554 5324 676 5375 dem
716 5322 1020 5375 inducimus
1052 5321 1320 5385 animum,
1371 5337 1467 5391 per
1516 5336 1675 5390 quem
1718 5321 1887 5388 legem
1936 5322 2135 5375 damus

558 5429 754 5481 cuique
806 5418 1004 5468 auinne
1061 5414 1330 5478 facultati,
1370 5422 1453 5477 .ct
1506 5413 1704 5480 cuique
1759 5412 2132 5493 membrorum

559 5508 805 5574 curponis
824 5518 1204 5580 congruentem
1235 5525 1247 5560 :
1275 5507 1343 5560 Et
1369 5507 1584 5576 quidem
1609 5510 1861 5562 scnsibus
1885 5510 2137 5576 prtcscri-

627 5626 673 5655 ”
701 5625 715 5677 Ι
747 5625 869 5678 Cor.
908 5641 978 5687 vt,
1012 5625 1097 5680 ιιι).

562 5708 655 5761 vti,
680 5695 773 5750 26.
848 5697 892 5726 "
953 5697 1089 5750 ibid.
1130 5697 1219 5750 Η.
1294 5696 1339 5727 ’⁷
1396 5699 1527 5755 ibid.
1562 5701 1649 5752 18.
1725 5698 1843 5753 “ib
1869 5698 1923 5751 tl.
1962 5697 2052 5753 25.

550 5818 583 5838 κ

1176 5625 1218 5655 ⁹¹
1256 5625 1295 5679 ll
1332 5625 1456 5679 Cor.
1495 5643 1565 5688 rt,
1598 5627 1681 5681 l6.
1723 5627 1769 5658 θ’
1803 5627 1947 5681 Psak
1980 5642 2105 5694 l-Xll,
2148 5631 2200 5685 2,

2242 4507 2262 4541 ι
2293 4489 2673 4560 Πεπραμένος,
2698 4493 2884 4562 φησιν,
2904 4494 3022 4563 εἰμὶ
3044 4493 3149 4547 ὑπὸ
3175 4492 3276 4562 τὴν
3300 4492 3599 4563 ἁμαρτίαν⁸
3625 4513 3642 4544 ι
3671 4495 3699 4545 ὁ
3721 4511 3814 4544 πε-

2236 4582 2519 4652 πραμένος
2550 4582 2630 4649 δὲ,
2661 4583 2723 4635 οὑ
2769 4583 2928 4651 φύσει
2962 4583 3166 4647 δοῦλος.
3209 4602 3229 4636 ι
3268 4585 3379 4638 Καὶ
3419 4583 3584 4637 πάλιν
3615 4597 3628 4609 ·
3683 4581 3813 4638 Οἶδα

2232 4668 2437 4721 ὅτιούκ
2467 4670 2609 4723 οίκεί
2659 4672 2717 4724 ἐν
2752 4672 2899 4741 ἐμοὶ,
2927 4672 3205 4726 τουτέστιν
3256 4674 3315 4726 ἐν
3348 4675 3415 4746 τῇ
3450 4672 3620 4744 σαρκί
3681 4693 3809 4744 μου,

2233 4758 2458 4827 ἀγαθόν.
2495 4778 2514 4810 ι
2565 4760 2728 4831 Ὁρᾷς
2783 4761 2865 4813 ὅτι
2918 4761 2979 4813 οὐ
3022 4761 3123 4832 τὴν
3164 4765 3369 4834 σάρκα,
3419 4764 3556 4820 ἀλλὰ
3586 4765 3649 4818 τὸ
3679 4768 3815 4819 Eva:-

2233 4849 2364 4903 κοῦν
2396 4851 2533 4919 αὐτῇ
2564 4868 2696 4921 φησι
2754 4853 2924 4905 κακόν
2950 4867 2963 4881 ⁸
3014 4853 3207 4909 τοῦτον
3239 4856 3421 4909 τοίνυν
3455 4857 3548 4910 τὸν
3578 4857 3711 4912 ὄντα
3757 4861 3812 4910 ἐν

2178 4972 2191 4985 -
2232 4940 2343 5001 τοῖς
2388 4940 2605 5009 μέλεσιν
2661 4942 2838 5011 ήμῶν,
2907 4945 3000 4997 καὶ
3051 4945 3130 5016 τῷ
3175 4945 3325 5015 νόμῳ
3362 4945 3458 4999 τοῦ
3503 4949 3620 5011 νοὸς
3662 4950 3810 5000 ἀντι-

2235 5032 2660 5104 στρατευόμενον
2706 5035 2888 5104 νόμον,
2943 5038 3170 5090 ἐνοικεῖν
3225 5037 3302 5107 τῷ
3343 5035 3558 5106 σώματι
3619 5040 3807 5103 κακὸν,

2232 5123 2347 5176 ἀλλ’
2382 5124 2503 5192 οὐχὶ
2533 5124 2622 5177 τὸν
2650 5126 2794 5178 νοῦν.
2829 5127 2926 5196 Διᾲ
2952 5126 3108 5179 τοῦτο
3131 5129 3295 5198 ήμεῖς
3328 5130 3807 5200 ἀντιπαρατατῖόο

2235 5230 2385 5285 μενοι
2440 5215 2616 5285 τούτῳ
2661 5216 2737 5287 τῷ
2776 5218 2926 5288 νόμῳ
2986 5218 3085 5285 τῆς
3119 5220 3419 5290 ἁμαρτίας,
3469 5220 3809 5289 ἐξοικίζομεν

2233 5306 2397 5359 αὑτὸν
2428 5307 2521 5360 τοῦ
2549 5308 2821 5378 σώματος,
2852 5312 2947 5362 καὶ
2991 5313 3331 5380 ἐνοικίζομεν
3365 5314 3466 5381 τὴν
3502 5312 3808 5378 ἐπισκοπὴν

2233 5400 2325 5452 τοῦ
2354 5400 2444 5452 νοῦ
2476 5416 2489 5429 ·
2528 5403 2621 5453 καὶ
2646 5402 3045 5472 νομοθετοῦμεν
3076 5404 3143 5456 δι’
3172 5404 3362 5474 αὐτῆς,
3394 5406 3602 5474 ἑκάστῃ
3629 5420 3686 5455 τε
3712 5403 3806 5454 δν-

2233 5492 2396 5559 νάμει
2426 5494 2525 5561 τῆς
2575 5493 2777 5562 ψυχῆς,
2830 5497 2923 5546 καὶ
2958 5497 3070 5556 τοῖς
3096 5495 3189 5547 τοῦ
3253 5496 3503 5561 σώματος
3564 5497 3805 5562 μέλεσιν,

3565 5640 3610 5671 ’³
3654 5637 3817 5693 Rom.

2305 5633 2351 5666 ’³
2377 5634 2520 5691 Psal.
2557 5650 2786 5704 nutu,
2819 5636 2872 5691 5.
2980 5637 3023 5668 ⁸⁸
3057 5636 3165 5693 lsa.
3221 5653 3331 5702 xw,
3364 5643 3451 5694 ιι.
