  <div class='ocr_page' id='page_1' title='image "/cluster/home/n/w/nwhite01/storage/ocr_20150623/150/mdp.39015078384743/561.png"; bbox 0 0 4146 6308; ppageno 0'>
   <div class='ocr_carea' id='block_1_1' title="bbox 600 471 740 538">
    <p class='ocr_par' dir='ltr' id='par_1_1' title="bbox 600 471 740 538">
     <span class='ocr_line' id='line_1_1' title="bbox 600 471 740 538; baseline -0.036 0"><span class='ocrx_word' id='word_1_1' title='bbox 600 471 740 538; x_wconf 82' lang='grc' dir='ltr'><strong>11οἾ</strong></span> 
     </span>
    </p>
   </div>
   <div class='ocr_carea' id='block_1_2' title="bbox 1839 449 2598 516">
    <p class='ocr_par' dir='ltr' id='par_1_2' title="bbox 1839 449 2598 516">
     <span class='ocr_line' id='line_1_2' title="bbox 1839 449 2598 516; baseline -0.013 0"><span class='ocrx_word' id='word_1_2' title='bbox 1839 452 2225 516; x_wconf 73' lang='lat' dir='ltr'><strong>GREGOIUI</strong></span> <span class='ocrx_word' id='word_1_3' title='bbox 2266 449 2598 513; x_wconf 69' lang='lat' dir='ltr'><strong>PALAM/E</strong></span> 
     </span>
    </p>
   </div>
   <div class='ocr_carea' id='block_1_3' title="bbox 3707 431 3840 496">
    <p class='ocr_par' dir='ltr' id='par_1_3' title="bbox 3707 431 3840 496">
     <span class='ocr_line' id='line_1_3' title="bbox 3707 431 3840 496; baseline -0.008 0"><span class='ocrx_word' id='word_1_4' title='bbox 3707 431 3840 496; x_wconf 77' lang='lat'><strong>1108</strong></span> 
     </span>
    </p>
   </div>
   <div class='ocr_carea' id='block_1_4' title="bbox 601 553 2198 650">
    <p class='ocr_par' dir='ltr' id='par_1_4' title="bbox 601 567 2161 650">
     <span class='ocr_line' id='line_1_4' title="bbox 601 567 2161 650; baseline -0.016 -4"><span class='ocrx_word' id='word_1_5' title='bbox 601 569 782 646; x_wconf 72' lang='lat' dir='ltr'><strong>ritatis</strong></span> <span class='ocrx_word' id='word_1_6' title='bbox 813 587 1030 650; x_wconf 87' lang='lat' dir='ltr'><strong>throno,</strong></span> <span class='ocrx_word' id='word_1_7' title='bbox 1060 583 1147 637; x_wconf 87' lang='lat' dir='ltr'><strong>ubi</strong></span> <span class='ocrx_word' id='word_1_8' title='bbox 1186 581 1494 636; x_wconf 85' lang='lat' dir='ltr'><strong>intellectus</strong></span> <span class='ocrx_word' id='word_1_9' title='bbox 1520 585 1575 637; x_wconf 82' lang='lat' dir='ltr'><strong>et</strong></span> <span class='ocrx_word' id='word_1_10' title='bbox 1596 589 1787 629; x_wconf 87' lang='lat' dir='ltr'><strong>ontncs</strong></span> <span class='ocrx_word' id='word_1_11' title='bbox 1818 580 1947 625; x_wconf 89' lang='lat' dir='ltr'><strong>sunt</strong></span> <span class='ocrx_word' id='word_1_12' title='bbox 1979 567 2161 625; x_wconf 82' lang='lat' dir='ltr'><strong>cordis</strong></span> 
     </span>
    </p>
   </div>
   <div class='ocr_carea' id='block_1_5' title="bbox 2308 553 3855 650">
    <p class='ocr_par' dir='ltr' id='par_1_5' title="bbox 2308 553 3855 639">
     <span class='ocr_line' id='line_1_5' title="bbox 2308 553 3855 639; baseline -0.009 -19"><span class='ocrx_word' id='word_1_13' title='bbox 2308 571 2537 639; x_wconf 70' lang='grc' dir='ltr'>ςαμεῖον;</span> <span class='ocrx_word' id='word_1_14' title='bbox 2593 566 2692 618; x_wconf 68' lang='grc' dir='ltr'><strong>Διὰ</strong></span> <span class='ocrx_word' id='word_1_15' title='bbox 2745 562 2902 615; x_wconf 80' lang='grc' dir='ltr'>τοῦτο</span> <span class='ocrx_word' id='word_1_16' title='bbox 2955 558 3048 612; x_wconf 77' lang='grc' dir='ltr'>κα⁶ι</span> <span class='ocrx_word' id='word_1_17' title='bbox 3100 561 3129 611; x_wconf 86' lang='grc' dir='ltr'>ὁ</span> <span class='ocrx_word' id='word_1_18' title='bbox 3179 553 3519 628; x_wconf 76' lang='grc' dir='ltr'>φερωνύμως</span> <span class='ocrx_word' id='word_1_19' title='bbox 3576 554 3855 623; x_wconf 75' lang='grc' dir='ltr'>Μακάριος</span> 
     </span>
    </p>
   </div>
   <div class='ocr_carea' id='block_1_6' title="bbox 603 670 1571 754">
    <p class='ocr_par' dir='ltr' id='par_1_6' title="bbox 603 670 1571 754">
     <span class='ocr_line' id='line_1_6' title="bbox 603 670 1571 754; baseline -0.017 -15"><span class='ocrx_word' id='word_1_20' title='bbox 603 681 990 754; x_wconf 68' lang='grc' dir='ltr'>εοεὶιοιὶοηεε,</span> <span class='ocrx_word' id='word_1_21' title='bbox 1023 679 1076 731; x_wconf 91' lang='lat' dir='ltr'><strong>in</strong></span> <span class='ocrx_word' id='word_1_22' title='bbox 1103 676 1269 730; x_wconf 88' lang='lat' dir='ltr'><strong>corde</strong></span> <span class='ocrx_word' id='word_1_23' title='bbox 1298 670 1571 727; x_wconf 75' lang='lat' dir='ltr'><strong>videlicet.</strong></span> 
     </span>
    </p>
   </div>
   <div class='ocr_carea' id='block_1_7' title="bbox 670 754 2172 840">
    <p class='ocr_par' dir='ltr' id='par_1_7' title="bbox 670 754 2172 840">
     <span class='ocr_line' id='line_1_7' title="bbox 670 754 2172 840; baseline -0.015 -10"><span class='ocrx_word' id='word_1_24' title='bbox 670 771 863 831; x_wconf 67' lang='lat' dir='ltr'><strong>tiernis</strong></span> <span class='ocrx_word' id='word_1_25' title='bbox 891 766 1165 840; x_wconf 87' lang='lat' dir='ltr'><strong>quomodo</strong></span> <span class='ocrx_word' id='word_1_26' title='bbox 1191 763 1411 835; x_wconf 91' lang='lat' dir='ltr'><strong>penitus</strong></span> <span class='ocrx_word' id='word_1_27' title='bbox 1428 762 1501 817; x_wconf 88' lang='lat' dir='ltr'><strong>sit</strong></span> <span class='ocrx_word' id='word_1_28' title='bbox 1527 772 1753 815; x_wconf 75' lang='lat' dir='ltr'><strong>necesse</strong></span> <span class='ocrx_word' id='word_1_29' title='bbox 1774 765 1831 811; x_wconf 90' lang='lat' dir='ltr'><strong>ut</strong></span> <span class='ocrx_word' id='word_1_30' title='bbox 1861 756 1951 824; x_wconf 90' lang='lat' dir='ltr'><strong>qui</strong></span> <span class='ocrx_word' id='word_1_31' title='bbox 1983 754 2172 809; x_wconf 90' lang='lat' dir='ltr'><strong>volunt</strong></span> 
     </span>
    </p>
   </div>
   <div class='ocr_carea' id='block_1_8' title="bbox 601 847 2175 934">
    <p class='ocr_par' dir='ltr' id='par_1_8' title="bbox 601 847 2175 934">
     <span class='ocr_line' id='line_1_8' title="bbox 601 847 2175 934; baseline -0.015 -12"><span class='ocrx_word' id='word_1_32' title='bbox 601 868 658 923; x_wconf 92' lang='lat' dir='ltr'><strong>in</strong></span> <span class='ocrx_word' id='word_1_33' title='bbox 689 864 875 934; x_wconf 77' lang='lat' dir='ltr'><strong>quiete</strong></span> <span class='ocrx_word' id='word_1_34' title='bbox 902 860 1121 917; x_wconf 78' lang='lat' dir='ltr'><strong>sibimet</strong></span> <span class='ocrx_word' id='word_1_35' title='bbox 1151 855 1456 919; x_wconf 87' lang='lat' dir='ltr'><strong>attendere,</strong></span> <span class='ocrx_word' id='word_1_36' title='bbox 1496 852 1758 908; x_wconf 84' lang='lat' dir='ltr'><strong>reducant</strong></span> <span class='ocrx_word' id='word_1_37' title='bbox 1798 858 1856 904; x_wconf 89' lang='lat' dir='ltr'><strong>et</strong></span> <span class='ocrx_word' id='word_1_38' title='bbox 1890 847 2175 903; x_wconf 74' lang='lat' dir='ltr'><strong>includam</strong></span> 
     </span>
    </p>
   </div>
   <div class='ocr_carea' id='block_1_9' title="bbox 605 938 2175 1023">
    <p class='ocr_par' dir='ltr' id='par_1_9' title="bbox 605 938 2175 1023">
     <span class='ocr_line' id='line_1_9' title="bbox 605 938 2175 1023; baseline -0.015 -10"><span class='ocrx_word' id='word_1_39' title='bbox 605 960 752 1013; x_wconf 88' lang='lat' dir='ltr'><strong>intra</strong></span> <span class='ocrx_word' id='word_1_40' title='bbox 807 969 1003 1023; x_wconf 88' lang='lat' dir='ltr'><strong>corpus</strong></span> <span class='ocrx_word' id='word_1_41' title='bbox 1036 958 1293 1011; x_wconf 78' lang='lat' dir='ltr'><strong>mentem,</strong></span> <span class='ocrx_word' id='word_1_42' title='bbox 1354 962 1419 999; x_wconf 87' lang='lat' dir='ltr'><strong>ac</strong></span> <span class='ocrx_word' id='word_1_43' title='bbox 1483 943 1785 1014; x_wconf 67' lang='lat' dir='ltr'><strong>praesertim</strong></span> <span class='ocrx_word' id='word_1_44' title='bbox 1849 941 1991 994; x_wconf 86' lang='lat' dir='ltr'><strong>intra</strong></span> <span class='ocrx_word' id='word_1_45' title='bbox 2044 938 2175 993; x_wconf 87' lang='lat' dir='ltr'><strong>illud</strong></span> 
     </span>
    </p>
   </div>
   <div class='ocr_carea' id='block_1_10' title="bbox 604 1032 2177 1119">
    <p class='ocr_par' dir='ltr' id='par_1_10' title="bbox 604 1032 2177 1119">
     <span class='ocr_line' id='line_1_10' title="bbox 604 1032 2177 1119; baseline -0.016 -14"><span class='ocrx_word' id='word_1_46' title='bbox 604 1049 748 1119; x_wconf 90' lang='lat' dir='ltr'><strong>quod</strong></span> <span class='ocrx_word' id='word_1_47' title='bbox 779 1056 865 1102; x_wconf 88' lang='lat' dir='ltr'><strong>est</strong></span> <span class='ocrx_word' id='word_1_48' title='bbox 888 1043 1124 1099; x_wconf 78' lang='lat' dir='ltr'><strong>maxime</strong></span> <span class='ocrx_word' id='word_1_49' title='bbox 1149 1040 1404 1095; x_wconf 87' lang='lat' dir='ltr'><strong>intimum</strong></span> <span class='ocrx_word' id='word_1_50' title='bbox 1438 1037 1491 1089; x_wconf 94' lang='lat' dir='ltr'><strong>in</strong></span> <span class='ocrx_word' id='word_1_51' title='bbox 1521 1048 1750 1104; x_wconf 87' lang='lat' dir='ltr'><strong>corpore</strong></span> <span class='ocrx_word' id='word_1_52' title='bbox 1777 1046 1999 1101; x_wconf 82' lang='lat' dir='ltr'><strong>corpus,</strong></span> <span class='ocrx_word' id='word_1_53' title='bbox 2029 1032 2177 1098; x_wconf 84' lang='lat' dir='ltr'><strong>quod</strong></span> 
     </span>
    </p>
   </div>
   <div class='ocr_carea' id='block_1_11' title="bbox 605 1123 2177 1211">
    <p class='ocr_par' dir='ltr' id='par_1_11' title="bbox 605 1123 2177 1211">
     <span class='ocr_line' id='line_1_11' title="bbox 605 1123 2177 1211; baseline -0.016 -12"><span class='ocrx_word' id='word_1_54' title='bbox 605 1155 802 1211; x_wconf 89' lang='lat' dir='ltr'><strong>nempe</strong></span> <span class='ocrx_word' id='word_1_55' title='bbox 828 1153 925 1194; x_wconf 92' lang='lat' dir='ltr'><strong>cor</strong></span> <span class='ocrx_word' id='word_1_56' title='bbox 946 1142 1307 1202; x_wconf 75' lang='lat' dir='ltr'><strong>nuncupatur.</strong></span> <span class='ocrx_word' id='word_1_57' title='bbox 1327 1128 1480 1198; x_wconf 86' lang='lat' dir='ltr'><strong>Quod</strong></span> <span class='ocrx_word' id='word_1_58' title='bbox 1503 1130 1568 1193; x_wconf 87' lang='lat' dir='ltr'><strong>si&#39;,</strong></span> <span class='ocrx_word' id='word_1_59' title='bbox 1587 1127 1736 1198; x_wconf 80' lang='lat' dir='ltr'><strong>juxta</strong></span> <span class='ocrx_word' id='word_1_60' title='bbox 1763 1124 2106 1185; x_wconf 89' lang='lat' dir='ltr'><strong>Psalmistam</strong></span> <span class='ocrx_word' id='word_1_61' title='bbox 2131 1123 2177 1185; x_wconf 81' lang='grc'><strong>³,</strong></span> 
     </span>
    </p>
   </div>
   <div class='ocr_carea' id='block_1_12' title="bbox 611 1216 2178 1301">
    <p class='ocr_par' dir='ltr' id='par_1_12' title="bbox 611 1216 2178 1301">
     <span class='ocr_line' id='line_1_12' title="bbox 611 1216 2178 1301; baseline -0.014 -12"><span class='ocrx_word' id='word_1_62' title='bbox 611 1255 630 1288; x_wconf 77' lang='grc' dir='ltr'><strong>ι</strong></span> <span class='ocrx_word' id='word_1_63' title='bbox 670 1233 862 1289; x_wconf 82' lang='lat' dir='ltr'><strong>Omnis</strong></span> <span class='ocrx_word' id='word_1_64' title='bbox 896 1228 1069 1301; x_wconf 76' lang='lat' dir='ltr'><strong>gloria</strong></span> <span class='ocrx_word' id='word_1_65' title='bbox 1099 1226 1223 1280; x_wconf 65' lang='lat' dir='ltr'><strong>tiliae</strong></span> <span class='ocrx_word' id='word_1_66' title='bbox 1249 1224 1387 1294; x_wconf 75' lang='lat' dir='ltr'><strong>regis</strong></span> <span class='ocrx_word' id='word_1_67' title='bbox 1415 1221 1483 1275; x_wconf 92' lang='lat' dir='ltr'><strong>ab</strong></span> <span class='ocrx_word' id='word_1_68' title='bbox 1509 1222 1674 1283; x_wconf 81' lang='lat' dir='ltr'><strong>intus,</strong></span> <span class='ocrx_word' id='word_1_69' title='bbox 1717 1237 1735 1269; x_wconf 70' lang='grc' dir='ltr'><strong>ι</strong></span> <span class='ocrx_word' id='word_1_70' title='bbox 1777 1216 2050 1286; x_wconf 90' lang='lat' dir='ltr'><strong>quomodo</strong></span> <span class='ocrx_word' id='word_1_71' title='bbox 2077 1229 2178 1269; x_wconf 89' lang='lat' dir='ltr'><strong>nos</strong></span> 
     </span>
    </p>
   </div>
   <div class='ocr_carea' id='block_1_13' title="bbox 603 1306 2175 1388">
    <p class='ocr_par' dir='ltr' id='par_1_13' title="bbox 603 1306 2175 1388">
     <span class='ocr_line' id='line_1_13' title="bbox 603 1306 2175 1388; baseline -0.015 -7"><span class='ocrx_word' id='word_1_72' title='bbox 603 1326 753 1382; x_wconf 81' lang='lat' dir='ltr'><strong>illam</strong></span> <span class='ocrx_word' id='word_1_73' title='bbox 806 1322 942 1377; x_wconf 81' lang='lat' dir='ltr'><strong>foris</strong></span> <span class='ocrx_word' id='word_1_74' title='bbox 976 1331 1281 1388; x_wconf 79' lang='lat' dir='ltr'><strong>quaeramus</strong></span> <span class='ocrx_word' id='word_1_75' title='bbox 1312 1315 1337 1368; x_wconf 87' lang='lat'><strong>?</strong></span> <span class='ocrx_word' id='word_1_76' title='bbox 1370 1312 1435 1367; x_wconf 87' lang='lat' dir='ltr'><strong>Et</strong></span> <span class='ocrx_word' id='word_1_77' title='bbox 1473 1312 1543 1377; x_wconf 92' lang='lat' dir='ltr'><strong>si,</strong></span> <span class='ocrx_word' id='word_1_78' title='bbox 1574 1312 1733 1382; x_wconf 75' lang='lat' dir='ltr'><strong>juxta</strong></span> <span class='ocrx_word' id='word_1_79' title='bbox 1779 1307 2096 1378; x_wconf 84' lang='lat' dir='ltr'><strong>Apostolnm</strong></span> <span class='ocrx_word' id='word_1_80' title='bbox 2134 1306 2175 1370; x_wconf 86' lang='grc'>³,</span> 
     </span>
    </p>
   </div>
   <div class='ocr_carea' id='block_1_14' title="bbox 613 1398 2160 1480">
    <p class='ocr_par' dir='ltr' id='par_1_14' title="bbox 613 1398 2160 1480">
     <span class='ocr_line' id='line_1_14' title="bbox 613 1398 2160 1480; baseline -0.014 -7"><span class='ocrx_word' id='word_1_81' title='bbox 613 1440 633 1473; x_wconf 75' lang='grc' dir='ltr'><strong>ι</strong></span> <span class='ocrx_word' id='word_1_82' title='bbox 667 1417 815 1475; x_wconf 83' lang='lat' dir='ltr'><strong>Misit</strong></span> <span class='ocrx_word' id='word_1_83' title='bbox 872 1414 1017 1468; x_wconf 84' lang='lat' dir='ltr'><strong>Deus</strong></span> <span class='ocrx_word' id='word_1_84' title='bbox 1049 1410 1311 1480; x_wconf 87' lang='lat' dir='ltr'><strong>Spiritum</strong></span> <span class='ocrx_word' id='word_1_85' title='bbox 1346 1422 1506 1464; x_wconf 88' lang='lat' dir='ltr'><strong>suum</strong></span> <span class='ocrx_word' id='word_1_86' title='bbox 1548 1406 1602 1459; x_wconf 94' lang='lat' dir='ltr'><strong>in</strong></span> <span class='ocrx_word' id='word_1_87' title='bbox 1640 1404 1896 1459; x_wconf 85' lang='lat' dir='ltr'><strong>cordibus</strong></span> <span class='ocrx_word' id='word_1_88' title='bbox 1956 1398 2160 1454; x_wconf 88' lang='lat' dir='ltr'><strong>nostris</strong></span> 
     </span>
    </p>
   </div>
   <div class='ocr_carea' id='block_1_15' title="bbox 607 1492 2161 1565">
    <p class='ocr_par' dir='ltr' id='par_1_15' title="bbox 607 1492 2161 1565">
     <span class='ocr_line' id='line_1_15' title="bbox 607 1492 2161 1565; baseline -0.014 -1"><span class='ocrx_word' id='word_1_89' title='bbox 607 1514 935 1565; x_wconf 79' lang='lat' dir='ltr'><strong>clamantem</strong></span> <span class='ocrx_word' id='word_1_90' title='bbox 964 1521 981 1561; x_wconf 85' lang='lat'>:</span> <span class='ocrx_word' id='word_1_91' title='bbox 1012 1502 1184 1565; x_wconf 80' lang='lat' dir='ltr'><strong>Abba,</strong></span> <span class='ocrx_word' id='word_1_92' title='bbox 1213 1502 1399 1563; x_wconf 83' lang='lat' dir='ltr'><strong>Pater,</strong></span> <span class='ocrx_word' id='word_1_93' title='bbox 1441 1514 1460 1548; x_wconf 77' lang='grc' dir='ltr'><strong>ι</strong></span> <span class='ocrx_word' id='word_1_94' title='bbox 1499 1513 1599 1552; x_wconf 92' lang='lat' dir='ltr'><strong>cur</strong></span> <span class='ocrx_word' id='word_1_95' title='bbox 1634 1509 1739 1549; x_wconf 92' lang='lat' dir='ltr'><strong>non</strong></span> <span class='ocrx_word' id='word_1_96' title='bbox 1765 1505 1817 1549; x_wconf 89' lang='lat' dir='ltr'><strong>et</strong></span> <span class='ocrx_word' id='word_1_97' title='bbox 1854 1507 1953 1547; x_wconf 91' lang='lat' dir='ltr'><strong>nos</strong></span> <span class='ocrx_word' id='word_1_98' title='bbox 1979 1492 2034 1546; x_wconf 90' lang='lat' dir='ltr'><strong>in</strong></span> <span class='ocrx_word' id='word_1_99' title='bbox 2062 1504 2161 1545; x_wconf 86' lang='lat' dir='ltr'><strong>eor</strong></span> 
     </span>
    </p>
   </div>
   <div class='ocr_carea' id='block_1_16' title="bbox 611 1579 2185 1658">
    <p class='ocr_par' dir='ltr' id='par_1_16' title="bbox 611 1579 2185 1658">
     <span class='ocr_line' id='line_1_16' title="bbox 611 1579 2185 1658; baseline -0.014 -3"><span class='ocrx_word' id='word_1_100' title='bbox 611 1600 772 1655; x_wconf 88' lang='lat' dir='ltr'><strong>dibus</strong></span> <span class='ocrx_word' id='word_1_101' title='bbox 798 1592 1003 1649; x_wconf 83' lang='lat' dir='ltr'><strong>nostris</strong></span> <span class='ocrx_word' id='word_1_102' title='bbox 1042 1606 1165 1645; x_wconf 90' lang='lat' dir='ltr'><strong>cum</strong></span> <span class='ocrx_word' id='word_1_103' title='bbox 1194 1587 1404 1658; x_wconf 83' lang='lat' dir='ltr'><strong>Spiritu</strong></span> <span class='ocrx_word' id='word_1_104' title='bbox 1442 1584 1792 1654; x_wconf 86' lang='lat' dir='ltr'><strong>prccabimur</strong></span> <span class='ocrx_word' id='word_1_105' title='bbox 1823 1582 1846 1633; x_wconf 64' lang='grc' dir='ltr'><strong>’Β</strong></span> <span class='ocrx_word' id='word_1_106' title='bbox 1878 1579 1936 1634; x_wconf 89' lang='lat' dir='ltr'><strong>Si</strong></span> <span class='ocrx_word' id='word_1_107' title='bbox 1979 1579 2185 1640; x_wconf 84' lang='lat' dir='ltr'><strong>adhuc.</strong></span> 
     </span>
    </p>
   </div>
   <div class='ocr_carea' id='block_1_17' title="bbox 615 1670 2179 1754">
    <p class='ocr_par' dir='ltr' id='par_1_17' title="bbox 615 1670 2179 1754">
     <span class='ocr_line' id='line_1_17' title="bbox 615 1670 2179 1754; baseline -0.014 -9"><span class='ocrx_word' id='word_1_108' title='bbox 615 1702 677 1745; x_wconf 90' lang='lat' dir='ltr'><strong>nt</strong></span> <span class='ocrx_word' id='word_1_109' title='bbox 736 1688 816 1743; x_wconf 86' lang='lat' dir='ltr'><strong>ait</strong></span> <span class='ocrx_word' id='word_1_110' title='bbox 867 1682 1255 1754; x_wconf 79' lang='lat' dir='ltr'><strong>prephetarmn</strong></span> <span class='ocrx_word' id='word_1_111' title='bbox 1322 1689 1376 1734; x_wconf 90' lang='lat' dir='ltr'><strong>et</strong></span> <span class='ocrx_word' id='word_1_112' title='bbox 1410 1676 1776 1753; x_wconf 86' lang='lat' dir='ltr'><strong>apostolorum</strong></span> <span class='ocrx_word' id='word_1_113' title='bbox 1833 1672 2092 1727; x_wconf 86' lang='lat' dir='ltr'><strong>Dominus</strong></span> <span class='ocrx_word' id='word_1_114' title='bbox 2136 1670 2179 1734; x_wconf 68' lang='grc'><strong>³.</strong></span> 
     </span>
    </p>
   </div>
   <div class='ocr_carea' id='block_1_18' title="bbox 618 1769 2187 1849">
    <p class='ocr_par' dir='ltr' id='par_1_18' title="bbox 618 1769 2187 1849">
     <span class='ocr_line' id='line_1_18' title="bbox 618 1769 2187 1849; baseline -0.013 -16"><span class='ocrx_word' id='word_1_115' title='bbox 618 1798 638 1833; x_wconf 73' lang='grc' dir='ltr'><strong>ι</strong></span> <span class='ocrx_word' id='word_1_116' title='bbox 676 1781 921 1849; x_wconf 79' lang='lat' dir='ltr'><strong>Regnum</strong></span> <span class='ocrx_word' id='word_1_117' title='bbox 968 1773 1230 1829; x_wconf 64' lang='lat' dir='ltr'><strong>caelorum</strong></span> <span class='ocrx_word' id='word_1_118' title='bbox 1265 1769 1408 1824; x_wconf 90' lang='lat' dir='ltr'><strong>intra</strong></span> <span class='ocrx_word' id='word_1_119' title='bbox 1450 1781 1551 1822; x_wconf 88' lang='lat' dir='ltr'><strong>nos</strong></span> <span class='ocrx_word' id='word_1_120' title='bbox 1596 1775 1700 1829; x_wconf 91' lang='lat' dir='ltr'><strong>est,</strong></span> <span class='ocrx_word' id='word_1_121' title='bbox 1739 1784 1758 1816; x_wconf 67' lang='grc' dir='ltr'><em>θ</em></span> <span class='ocrx_word' id='word_1_122' title='bbox 1803 1777 1983 1818; x_wconf 86' lang='lat' dir='ltr'><strong>nonne</strong></span> <span class='ocrx_word' id='word_1_123' title='bbox 2036 1773 2187 1815; x_wconf 78' lang='lat' dir='ltr'><strong>extra</strong></span> 
     </span>
    </p>
   </div>
   <div class='ocr_carea' id='block_1_19' title="bbox 2284 644 3855 729">
    <p class='ocr_par' dir='ltr' id='par_1_19' title="bbox 2284 644 3855 729">
     <span class='ocr_line' id='line_1_19' title="bbox 2284 644 3855 729; baseline -0.011 -17"><span class='ocrx_word' id='word_1_124' title='bbox 2284 660 2481 729; x_wconf 71' lang='grc' dir='ltr'>ἐφεξῆς</span> <span class='ocrx_word' id='word_1_125' title='bbox 2509 659 2621 717; x_wconf 89' lang='grc' dir='ltr'>τοῖς</span> <span class='ocrx_word' id='word_1_126' title='bbox 2654 656 2911 723; x_wconf 76' lang='grc' dir='ltr'><strong>ἀνωτέρω</strong></span> <span class='ocrx_word' id='word_1_127' title='bbox 2933 650 3131 721; x_wconf 78' lang='grc' dir='ltr'>μικρὸν</span> <span class='ocrx_word' id='word_1_128' title='bbox 3159 647 3477 718; x_wconf 76' lang='grc' dir='ltr'><strong>εἰρημένοις</strong></span> <span class='ocrx_word' id='word_1_129' title='bbox 3514 645 3644 714; x_wconf 83' lang='grc' dir='ltr'>παρ’</span> <span class='ocrx_word' id='word_1_130' title='bbox 3692 644 3855 697; x_wconf 79' lang='grc' dir='ltr'>αὑτοῦ</span> 
     </span>
    </p>
   </div>
   <div class='ocr_carea' id='block_1_20' title="bbox 2286 735 3855 821">
    <p class='ocr_par' dir='ltr' id='par_1_20' title="bbox 2286 735 3855 821">
     <span class='ocr_line' id='line_1_20' title="bbox 2286 735 3855 821; baseline -0.011 -18"><span class='ocrx_word' id='word_1_131' title='bbox 2286 765 2487 821; x_wconf 64' lang='grc' dir='ltr'>φησιν·</span> <span class='ocrx_word' id='word_1_132' title='bbox 2541 747 2688 800; x_wconf 84' lang='grc' dir='ltr'>Ἐκεῖ</span> <span class='ocrx_word' id='word_1_133' title='bbox 2729 744 2910 797; x_wconf 86' lang='grc' dir='ltr'>τοίνυν</span> <span class='ocrx_word' id='word_1_134' title='bbox 2944 742 3024 794; x_wconf 86' lang='grc' dir='ltr'><strong>δεῖ</strong></span> <span class='ocrx_word' id='word_1_135' title='bbox 3077 741 3321 802; x_wconf 80' lang='grc' dir='ltr'>σκοπεῖν,</span> <span class='ocrx_word' id='word_1_136' title='bbox 3376 738 3425 789; x_wconf 86' lang='grc' dir='ltr'>εἰ</span> <span class='ocrx_word' id='word_1_137' title='bbox 3483 735 3783 806; x_wconf 64' lang='grc' dir='ltr'>ἐνέγραψεν</span> <span class='ocrx_word' id='word_1_138' title='bbox 3823 739 3855 805; x_wconf 73' lang='grc' dir='ltr'>ὴ</span> 
     </span>
    </p>
   </div>
   <div class='ocr_carea' id='block_1_21' title="bbox 2285 825 3859 910">
    <p class='ocr_par' dir='ltr' id='par_1_21' title="bbox 2285 825 3859 910">
     <span class='ocr_line' id='line_1_21' title="bbox 2285 825 3859 910; baseline -0.015 -15"><span class='ocrx_word' id='word_1_139' title='bbox 2285 844 2444 910; x_wconf 74' lang='grc' dir='ltr'>χάρις</span> <span class='ocrx_word' id='word_1_140' title='bbox 2480 839 2607 901; x_wconf 81' lang='grc' dir='ltr'>τοὺς</span> <span class='ocrx_word' id='word_1_141' title='bbox 2651 834 2745 889; x_wconf 89' lang='grc' dir='ltr'><strong>τοῦ</strong></span> <span class='ocrx_word' id='word_1_142' title='bbox 2795 833 3105 903; x_wconf 82' lang='grc' dir='ltr'>πνεύματος</span> <span class='ocrx_word' id='word_1_143' title='bbox 3135 830 3354 899; x_wconf 89' lang='grc' dir='ltr'>νόμους.</span> <span class='ocrx_word' id='word_1_144' title='bbox 3400 827 3569 889; x_wconf 82' lang='grc' dir='ltr'>Ἐκεῖ,</span> <span class='ocrx_word' id='word_1_145' title='bbox 3599 825 3737 891; x_wconf 77' lang='grc' dir='ltr'>ποῦς</span> <span class='ocrx_word' id='word_1_146' title='bbox 3776 827 3859 879; x_wconf 76' lang='grc' dir='ltr'>Ἐν</span> 
     </span>
    </p>
   </div>
   <div class='ocr_carea' id='block_1_22' title="bbox 2286 918 3863 1003">
    <p class='ocr_par' dir='ltr' id='par_1_22' title="bbox 2286 918 3863 1003">
     <span class='ocr_line' id='line_1_22' title="bbox 2286 918 3863 1003; baseline -0.01 -20"><span class='ocrx_word' id='word_1_147' title='bbox 2286 933 2364 1002; x_wconf 79' lang='grc' dir='ltr'><strong>τῷ</strong></span> <span class='ocrx_word' id='word_1_148' title='bbox 2416 927 2729 1003; x_wconf 78' lang='grc' dir='ltr'><strong>ἡγεμονικῷ</strong></span> <span class='ocrx_word' id='word_1_149' title='bbox 2773 927 3019 996; x_wconf 83' lang='grc' dir='ltr'>ὀργάνῳ·</span> <span class='ocrx_word' id='word_1_150' title='bbox 3066 926 3122 976; x_wconf 70' lang='grc' dir='ltr'>ἐν</span> <span class='ocrx_word' id='word_1_151' title='bbox 3165 921 3244 991; x_wconf 83' lang='grc' dir='ltr'>τῷ</span> <span class='ocrx_word' id='word_1_152' title='bbox 3289 922 3388 991; x_wconf 82' lang='grc' dir='ltr'><strong>τῆς</strong></span> <span class='ocrx_word' id='word_1_153' title='bbox 3443 922 3662 988; x_wconf 73' lang='grc' dir='ltr'>χάριτος</span> <span class='ocrx_word' id='word_1_154' title='bbox 3692 918 3863 989; x_wconf 73' lang='grc' dir='ltr'>θρὸνῳ</span> 
     </span>
    </p>
   </div>
   <div class='ocr_carea' id='block_1_23' title="bbox 2287 1010 3865 1087">
    <p class='ocr_par' dir='ltr' id='par_1_23' title="bbox 2287 1010 3865 1087">
     <span class='ocr_line' id='line_1_23' title="bbox 2287 1010 3865 1087; baseline -0.011 -9"><span class='ocrx_word' id='word_1_155' title='bbox 2287 1026 2477 1082; x_wconf 59' lang='lat' dir='ltr'><strong>auom</strong></span> <span class='ocrx_word' id='word_1_156' title='bbox 2506 1022 2629 1085; x_wconf 83' lang='grc' dir='ltr'>νοῦς</span> <span class='ocrx_word' id='word_1_157' title='bbox 2667 1022 2761 1074; x_wconf 57' lang='grc' dir='ltr'><strong>καὶ⁵</strong></span> <span class='ocrx_word' id='word_1_158' title='bbox 2794 1020 2845 1072; x_wconf 81' lang='lat' dir='ltr'><strong>oi.</strong></span> <span class='ocrx_word' id='word_1_159' title='bbox 2892 1017 3143 1087; x_wconf 66' lang='grc' dir='ltr'>λογισμοὶ</span> <span class='ocrx_word' id='word_1_160' title='bbox 3179 1014 3379 1077; x_wconf 84' lang='grc' dir='ltr'>πάντες</span> <span class='ocrx_word' id='word_1_161' title='bbox 3424 1012 3519 1080; x_wconf 83' lang='grc' dir='ltr'>τῆς</span> <span class='ocrx_word' id='word_1_162' title='bbox 3565 1010 3745 1086; x_wconf 67' lang='grc' dir='ltr'>ψυχῆς</span> <span class='ocrx_word' id='word_1_163' title='bbox 3768 1026 3782 1039; x_wconf 76' lang='grc' dir='ltr'><strong>ο</strong></span> <span class='ocrx_word' id='word_1_164' title='bbox 3812 1011 3865 1061; x_wconf 82' lang='grc' dir='ltr'>ἐν</span> 
     </span>
    </p>
   </div>
   <div class='ocr_carea' id='block_1_24' title="bbox 2288 1104 3866 1188">
    <p class='ocr_par' dir='ltr' id='par_1_24' title="bbox 2288 1104 3866 1188">
     <span class='ocr_line' id='line_1_24' title="bbox 2288 1104 3866 1188; baseline -0.01 -18"><span class='ocrx_word' id='word_1_165' title='bbox 2288 1121 2355 1186; x_wconf 79' lang='grc' dir='ltr'>τῇ</span> <span class='ocrx_word' id='word_1_166' title='bbox 2406 1115 2603 1188; x_wconf 75' lang='grc' dir='ltr'>καρδία</span> <span class='ocrx_word' id='word_1_167' title='bbox 2652 1111 2873 1181; x_wconf 83' lang='grc' dir='ltr'>δηλαδή.</span> <span class='ocrx_word' id='word_1_168' title='bbox 2917 1109 3082 1180; x_wconf 82' lang='grc' dir='ltr'>Ὁρᾷς</span> <span class='ocrx_word' id='word_1_169' title='bbox 3135 1106 3252 1168; x_wconf 80' lang='grc' dir='ltr'>πῶς</span> <span class='ocrx_word' id='word_1_170' title='bbox 3285 1104 3714 1173; x_wconf 73' lang='grc' dir='ltr'><strong>ἀναγκαιότατον</strong></span> <span class='ocrx_word' id='word_1_171' title='bbox 3758 1106 3866 1164; x_wconf 87' lang='grc' dir='ltr'>τοῖς</span> 
     </span>
    </p>
   </div>
   <div class='ocr_carea' id='block_1_25' title="bbox 2292 1197 3863 1281">
    <p class='ocr_par' dir='ltr' id='par_1_25' title="bbox 2292 1197 3863 1281">
     <span class='ocr_line' id='line_1_25' title="bbox 2292 1197 3863 1281; baseline -0.01 -18"><span class='ocrx_word' id='word_1_172' title='bbox 2292 1208 2693 1281; x_wconf 72' lang='grc' dir='ltr'><strong>προῃρημένοις</strong></span> <span class='ocrx_word' id='word_1_173' title='bbox 2733 1205 2791 1259; x_wconf 80' lang='grc' dir='ltr'>ὲν</span> <span class='ocrx_word' id='word_1_174' title='bbox 2819 1202 3017 1274; x_wconf 74' lang='grc' dir='ltr'>ἡσυχία</span> <span class='ocrx_word' id='word_1_175' title='bbox 3060 1199 3347 1271; x_wconf 80' lang='grc' dir='ltr'><strong>προσέχειν</strong></span> <span class='ocrx_word' id='word_1_176' title='bbox 3393 1197 3625 1259; x_wconf 79' lang='grc' dir='ltr'><strong>ἑαυτοῖς,</strong></span> <span class='ocrx_word' id='word_1_177' title='bbox 3694 1197 3863 1248; x_wconf 78' lang='grc' dir='ltr'>ἐπανο</span> 
     </span>
    </p>
   </div>
   <div class='ocr_carea' id='block_1_26' title="bbox 2293 1285 3866 1368">
    <p class='ocr_par' dir='ltr' id='par_1_26' title="bbox 2293 1285 3866 1368">
     <span class='ocr_line' id='line_1_26' title="bbox 2293 1285 3866 1368; baseline -0.01 -15"><span class='ocrx_word' id='word_1_178' title='bbox 2293 1302 2443 1368; x_wconf 86' lang='grc' dir='ltr'>ἁγειν</span> <span class='ocrx_word' id='word_1_179' title='bbox 2467 1299 2560 1350; x_wconf 78' lang='grc' dir='ltr'><strong>καὶ</strong></span> <span class='ocrx_word' id='word_1_180' title='bbox 2581 1292 2982 1368; x_wconf 82' lang='grc' dir='ltr'>ἐμπερικλείειν</span> <span class='ocrx_word' id='word_1_181' title='bbox 3011 1290 3090 1361; x_wconf 85' lang='grc' dir='ltr'>τῷ</span> <span class='ocrx_word' id='word_1_182' title='bbox 3112 1290 3323 1360; x_wconf 82' lang='grc' dir='ltr'>σώματι</span> <span class='ocrx_word' id='word_1_183' title='bbox 3352 1288 3442 1340; x_wconf 72' lang='grc' dir='ltr'>τὸν</span> <span class='ocrx_word' id='word_1_184' title='bbox 3463 1286 3609 1349; x_wconf 83' lang='grc' dir='ltr'>νοῦν,</span> <span class='ocrx_word' id='word_1_185' title='bbox 3642 1285 3739 1339; x_wconf 72' lang='grc' dir='ltr'>καὶ</span> <span class='ocrx_word' id='word_1_186' title='bbox 3768 1288 3866 1354; x_wconf 86' lang='grc' dir='ltr'>μά-</span> 
     </span>
    </p>
   </div>
   <div class='ocr_carea' id='block_1_27' title="bbox 2291 1378 3865 1460">
    <p class='ocr_par' dir='ltr' id='par_1_27' title="bbox 2291 1378 3865 1460">
     <span class='ocr_line' id='line_1_27' title="bbox 2291 1378 3865 1460; baseline -0.01 -16"><span class='ocrx_word' id='word_1_187' title='bbox 2291 1393 2447 1445; x_wconf 85' lang='grc' dir='ltr'>λιστα</span> <span class='ocrx_word' id='word_1_188' title='bbox 2472 1391 2550 1460; x_wconf 81' lang='grc' dir='ltr'><strong>τῷ</strong></span> <span class='ocrx_word' id='word_1_189' title='bbox 2576 1392 2632 1443; x_wconf 82' lang='grc' dir='ltr'>ὲν</span> <span class='ocrx_word' id='word_1_190' title='bbox 2652 1389 2730 1455; x_wconf 84' lang='grc' dir='ltr'>τῷ</span> <span class='ocrx_word' id='word_1_191' title='bbox 2763 1384 2974 1454; x_wconf 84' lang='grc' dir='ltr'>σώματι</span> <span class='ocrx_word' id='word_1_192' title='bbox 3013 1384 3278 1453; x_wconf 75' lang='grc' dir='ltr'>ἐνδοτάτω</span> <span class='ocrx_word' id='word_1_193' title='bbox 3313 1381 3550 1450; x_wconf 83' lang='grc' dir='ltr'>σώματι,</span> <span class='ocrx_word' id='word_1_194' title='bbox 3579 1378 3608 1431; x_wconf 81' lang='grc' dir='ltr'><strong>ὃ</strong></span> <span class='ocrx_word' id='word_1_195' title='bbox 3639 1379 3865 1445; x_wconf 80' lang='grc' dir='ltr'>καρδίαν</span> 
     </span>
    </p>
   </div>
   <div class='ocr_carea' id='block_1_28' title="bbox 2292 1470 3867 1553">
    <p class='ocr_par' dir='ltr' id='par_1_28' title="bbox 2292 1470 3867 1553">
     <span class='ocr_line' id='line_1_28' title="bbox 2292 1470 3867 1553; baseline -0.011 -17"><span class='ocrx_word' id='word_1_196' title='bbox 2292 1484 2650 1553; x_wconf 70' lang='grc' dir='ltr'><strong>ὀνομάζομεν.</strong></span> <span class='ocrx_word' id='word_1_197' title='bbox 2680 1481 2741 1532; x_wconf 80' lang='grc' dir='ltr'><strong>Εἰ</strong></span> <span class='ocrx_word' id='word_1_198' title='bbox 2766 1479 2821 1531; x_wconf 87' lang='grc' dir='ltr'>δὲ</span> <span class='ocrx_word' id='word_1_199' title='bbox 2844 1479 2937 1529; x_wconf 76' lang='grc' dir='ltr'><strong>καὶ</strong></span> <span class='ocrx_word' id='word_1_200' title='bbox 2956 1474 3146 1549; x_wconf 79' lang='grc' dir='ltr'>[κατὰ]</span> <span class='ocrx_word' id='word_1_201' title='bbox 3163 1473 3253 1526; x_wconf 84' lang='grc' dir='ltr'><strong>τὸν</strong></span> <span class='ocrx_word' id='word_1_202' title='bbox 3272 1470 3595 1542; x_wconf 78' lang='grc' dir='ltr'>Ψαλμῳδόν·</span> <span class='ocrx_word' id='word_1_203' title='bbox 3620 1488 3639 1521; x_wconf 77' lang='grc' dir='ltr'><strong>ι</strong></span> <span class='ocrx_word' id='word_1_204' title='bbox 3662 1470 3867 1538; x_wconf 75' lang='grc' dir='ltr'>Πᾶσαή</span> 
     </span>
    </p>
   </div>
   <div class='ocr_carea' id='block_1_29' title="bbox 2293 1564 3867 1650">
    <p class='ocr_par' dir='ltr' id='par_1_29' title="bbox 2293 1564 3867 1650">
     <span class='ocr_line' id='line_1_29' title="bbox 2293 1564 3867 1650; baseline -0.016 -13"><span class='ocrx_word' id='word_1_205' title='bbox 2293 1582 2418 1649; x_wconf 79' lang='grc' dir='ltr'>δόξα</span> <span class='ocrx_word' id='word_1_206' title='bbox 2466 1582 2564 1650; x_wconf 80' lang='grc' dir='ltr'><strong>τῆς</strong></span> <span class='ocrx_word' id='word_1_207' title='bbox 2612 1575 2878 1644; x_wconf 71' lang='grc' dir='ltr'>θυγατρὸς</span> <span class='ocrx_word' id='word_1_208' title='bbox 2938 1571 3033 1624; x_wconf 78' lang='grc' dir='ltr'><strong>τοῦ</strong></span> <span class='ocrx_word' id='word_1_209' title='bbox 3101 1569 3367 1641; x_wconf 79' lang='grc' dir='ltr'>βασιλέως</span> <span class='ocrx_word' id='word_1_210' title='bbox 3419 1564 3643 1629; x_wconf 75' lang='grc' dir='ltr'>ἔσωθεν,</span> <span class='ocrx_word' id='word_1_211' title='bbox 3678 1582 3697 1614; x_wconf 73' lang='grc' dir='ltr'><strong>ι</strong></span> <span class='ocrx_word' id='word_1_212' title='bbox 3758 1564 3867 1625; x_wconf 68' lang='grc' dir='ltr'>πῶς</span> 
     </span>
    </p>
   </div>
   <div class='ocr_carea' id='block_1_30' title="bbox 2294 1655 3866 1745">
    <p class='ocr_par' dir='ltr' id='par_1_30' title="bbox 2294 1655 3866 1745">
     <span class='ocr_line' id='line_1_30' title="bbox 2294 1655 3866 1745; baseline -0.013 -20"><span class='ocrx_word' id='word_1_213' title='bbox 2294 1674 2455 1745; x_wconf 72' lang='grc' dir='ltr'>ἡμεῖς</span> <span class='ocrx_word' id='word_1_214' title='bbox 2499 1668 2670 1737; x_wconf 71' lang='grc' dir='ltr'>αὐτὴν</span> <span class='ocrx_word' id='word_1_215' title='bbox 2714 1665 2817 1733; x_wconf 75' lang='grc' dir='ltr'><strong>ἔξω</strong></span> <span class='ocrx_word' id='word_1_216' title='bbox 2850 1680 2952 1715; x_wconf 88' lang='grc' dir='ltr'><strong>που</strong></span> <span class='ocrx_word' id='word_1_217' title='bbox 2983 1662 3350 1731; x_wconf 73' lang='grc' dir='ltr'>ζητήσωμεν;</span> <span class='ocrx_word' id='word_1_218' title='bbox 3390 1658 3453 1711; x_wconf 85' lang='grc' dir='ltr'>Εί</span> <span class='ocrx_word' id='word_1_219' title='bbox 3486 1657 3579 1710; x_wconf 77' lang='grc' dir='ltr'><strong>καὶ</strong></span> <span class='ocrx_word' id='word_1_220' title='bbox 3606 1657 3752 1708; x_wconf 75' lang='grc' dir='ltr'>κατά</span> <span class='ocrx_word' id='word_1_221' title='bbox 3780 1655 3866 1707; x_wconf 69' lang='grc' dir='ltr'>τὸν</span> 
     </span>
    </p>
   </div>
   <div class='ocr_carea' id='block_1_31' title="bbox 2306 1748 3866 1823">
    <p class='ocr_par' dir='ltr' id='par_1_31' title="bbox 2306 1748 3866 1823">
     <span class='ocr_line' id='line_1_31' title="bbox 2306 1748 3866 1823; baseline -0.012 -7"><span class='ocrx_word' id='word_1_222' title='bbox 2306 1762 2645 1823; x_wconf 83' lang='grc' dir='ltr'>Ἀπόστολον,</span> <span class='ocrx_word' id='word_1_223' title='bbox 2686 1777 2703 1808; x_wconf 78' lang='grc' dir='ltr'><strong>ι</strong></span> <span class='ocrx_word' id='word_1_224' title='bbox 2729 1758 2786 1810; x_wconf 87' lang='lat'><strong>&#39;0</strong></span> <span class='ocrx_word' id='word_1_225' title='bbox 2811 1756 2943 1818; x_wconf 85' lang='grc' dir='ltr'>Θεὸς</span> <span class='ocrx_word' id='word_1_226' title='bbox 2964 1753 3163 1811; x_wconf 75' lang='grc' dir='ltr'>ἔδωκεν</span> <span class='ocrx_word' id='word_1_227' title='bbox 3206 1749 3371 1804; x_wconf 82' lang='grc' dir='ltr'>αὑτοῦ</span> <span class='ocrx_word' id='word_1_228' title='bbox 3403 1749 3464 1801; x_wconf 77' lang='grc' dir='ltr'>τὸ</span> <span class='ocrx_word' id='word_1_229' title='bbox 3492 1749 3625 1802; x_wconf 78' lang='grc' dir='ltr'>πνεῧ</span> <span class='ocrx_word' id='word_1_230' title='bbox 3634 1766 3711 1817; x_wconf 87' lang='grc' dir='ltr'><strong>μα</strong></span> <span class='ocrx_word' id='word_1_231' title='bbox 3740 1748 3866 1818; x_wconf 80' lang='grc' dir='ltr'>κρά-</span> 
     </span>
    </p>
   </div>
   <div class='ocr_carea' id='block_1_32' title="bbox 614 1838 2198 1948">
    <p class='ocr_par' dir='ltr' id='par_1_32' title="bbox 614 1855 2191 1942">
     <span class='ocr_line' id='line_1_32' title="bbox 614 1855 2191 1942; baseline -0.015 -14"><span class='ocrx_word' id='word_1_232' title='bbox 614 1883 841 1942; x_wconf 69' lang='lat' dir='ltr'><strong>regnum</strong></span> <span class='ocrx_word' id='word_1_233' title='bbox 871 1866 1142 1923; x_wconf 64' lang='lat' dir='ltr'><strong>caelorum</strong></span> <span class='ocrx_word' id='word_1_234' title='bbox 1180 1870 1262 1917; x_wconf 85' lang='lat' dir='ltr'><strong>est</strong></span> <span class='ocrx_word' id='word_1_235' title='bbox 1294 1861 1387 1929; x_wconf 90' lang='lat' dir='ltr'><strong>qui</strong></span> <span class='ocrx_word' id='word_1_236' title='bbox 1420 1872 1487 1912; x_wconf 81' lang='lat' dir='ltr'><strong>ex</strong></span> <span class='ocrx_word' id='word_1_237' title='bbox 1521 1857 1714 1912; x_wconf 89' lang='lat' dir='ltr'><strong>intima</strong></span> <span class='ocrx_word' id='word_1_238' title='bbox 1764 1857 1844 1911; x_wconf 90' lang='lat' dir='ltr'><strong>sui</strong></span> <span class='ocrx_word' id='word_1_239' title='bbox 1877 1864 2053 1925; x_wconf 58' lang='lat' dir='ltr'><strong>{parte</strong></span> <span class='ocrx_word' id='word_1_240' title='bbox 2107 1855 2191 1907; x_wconf 86' lang='lat' dir='ltr'><strong>in-</strong></span> 
     </span>
    </p>
   </div>
   <div class='ocr_carea' id='block_1_33' title="bbox 2308 1838 3867 1948">
    <p class='ocr_par' dir='ltr' id='par_1_33' title="bbox 2308 1838 3867 1921">
     <span class='ocr_line' id='line_1_33' title="bbox 2308 1838 3867 1921; baseline -0.001 -3"><span class='ocrx_word' id='word_1_241' title='bbox 2308 1858 2384 1921; x_wconf 78' lang='grc' dir='ltr'>ζον</span> <span class='ocrx_word' id='word_1_242' title='bbox 2411 1856 2471 1906; x_wconf 81' lang='grc' dir='ltr'>ὲν</span> <span class='ocrx_word' id='word_1_243' title='bbox 2516 1856 2636 1913; x_wconf 84' lang='grc' dir='ltr'>ταῖς</span> <span class='ocrx_word' id='word_1_244' title='bbox 2679 1848 2930 1919; x_wconf 69' lang='grc' dir='ltr'>καρδίαις</span> <span class='ocrx_word' id='word_1_245' title='bbox 2978 1845 3133 1917; x_wconf 76' lang='grc' dir='ltr'>ἡμῶν</span> <span class='ocrx_word' id='word_1_246' title='bbox 3159 1860 3173 1874; x_wconf 84' lang='grc'><em>’</em></span> <span class='ocrx_word' id='word_1_247' title='bbox 3209 1842 3378 1896; x_wconf 62' lang='grc' dir='ltr'><strong>Ἀδδᾶ</strong></span> <span class='ocrx_word' id='word_1_248' title='bbox 3400 1841 3428 1892; x_wconf 71' lang='grc' dir='ltr'>ὁ</span> <span class='ocrx_word' id='word_1_249' title='bbox 3455 1840 3665 1913; x_wconf 63' lang='grc' dir='ltr'><strong>Πλτὴρν</strong></span> <span class='ocrx_word' id='word_1_250' title='bbox 3694 1858 3715 1890; x_wconf 78' lang='grc'><strong><em>³</em></strong></span> <span class='ocrx_word' id='word_1_251' title='bbox 3755 1838 3867 1899; x_wconf 62' lang='grc' dir='ltr'><strong>πῶς</strong></span> 
     </span>
    </p>
   </div>
   <div class='ocr_carea' id='block_1_34' title="bbox 621 1945 2190 2027">
    <p class='ocr_par' dir='ltr' id='par_1_34' title="bbox 621 1945 2190 2027">
     <span class='ocr_line' id='line_1_34' title="bbox 621 1945 2190 2027; baseline -0.015 -7"><span class='ocrx_word' id='word_1_252' title='bbox 621 1963 893 2021; x_wconf 88' lang='lat' dir='ltr'><strong>tellectum</strong></span> <span class='ocrx_word' id='word_1_253' title='bbox 921 1956 1199 2027; x_wconf 76' lang='lat' dir='ltr'><strong>expellere</strong></span> <span class='ocrx_word' id='word_1_254' title='bbox 1251 1951 1541 2019; x_wconf 84' lang='lat' dir='ltr'><strong>diligenter</strong></span> <span class='ocrx_word' id='word_1_255' title='bbox 1604 1946 1888 2003; x_wconf 73' lang='lat' dir='ltr'><strong>studeth</strong></span> <span class='ocrx_word' id='word_1_256' title='bbox 1927 1945 2034 2000; x_wconf 84' lang='lat' dir='ltr'><strong>Cor</strong></span> <span class='ocrx_word' id='word_1_257' title='bbox 2091 1960 2190 1998; x_wconf 84' lang='lat' dir='ltr'><strong>no-</strong></span> 
     </span>
    </p>
   </div>
   <div class='ocr_carea' id='block_1_35' title="bbox 620 2039 2189 2117">
    <p class='ocr_par' dir='ltr' id='par_1_35' title="bbox 620 2039 2189 2117">
     <span class='ocr_line' id='line_1_35' title="bbox 620 2039 2189 2117; baseline -0.015 -7"><span class='ocrx_word' id='word_1_258' title='bbox 620 2064 819 2117; x_wconf 87' lang='lat' dir='ltr'><strong>strum,</strong></span> <span class='ocrx_word' id='word_1_259' title='bbox 854 2048 932 2103; x_wconf 86' lang='lat' dir='ltr'><strong>ait</strong></span> <span class='ocrx_word' id='word_1_260' title='bbox 986 2045 1245 2100; x_wconf 88' lang='lat' dir='ltr'><strong>Salonton</strong></span> <span class='ocrx_word' id='word_1_261' title='bbox 1275 2044 1297 2075; x_wconf 81' lang='grc'>⁸</span> <span class='ocrx_word' id='word_1_262' title='bbox 1329 2081 1343 2106; x_wconf 85' lang='grc'><strong><em>,</em></strong></span> <span class='ocrx_word' id='word_1_263' title='bbox 1376 2040 1606 2111; x_wconf 86' lang='lat' dir='ltr'><strong>inquirit</strong></span> <span class='ocrx_word' id='word_1_264' title='bbox 1630 2039 1972 2100; x_wconf 64' lang='lat' dir='ltr'><strong>scientiam,»</strong></span> <span class='ocrx_word' id='word_1_265' title='bbox 2020 2051 2189 2104; x_wconf 83' lang='lat' dir='ltr'><strong>quam</strong></span> 
     </span>
    </p>
   </div>
   <div class='ocr_carea' id='block_1_36' title="bbox 618 2126 2192 2208">
    <p class='ocr_par' dir='ltr' id='par_1_36' title="bbox 618 2126 2192 2208">
     <span class='ocr_line' id='line_1_36' title="bbox 618 2126 2192 2208; baseline -0.014 -9"><span class='ocrx_word' id='word_1_266' title='bbox 618 2144 762 2200; x_wconf 87' lang='lat' dir='ltr'><strong>idem</strong></span> <span class='ocrx_word' id='word_1_267' title='bbox 818 2135 1209 2208; x_wconf 77' lang='lat' dir='ltr'><strong>iutelligibilent</strong></span> <span class='ocrx_word' id='word_1_268' title='bbox 1243 2143 1298 2188; x_wconf 85' lang='lat' dir='ltr'><strong>et</strong></span> <span class='ocrx_word' id='word_1_269' title='bbox 1348 2132 1588 2187; x_wconf 79' lang='lat' dir='ltr'><strong>divinam</strong></span> <span class='ocrx_word' id='word_1_270' title='bbox 1647 2126 1956 2199; x_wconf 86' lang='lat' dir='ltr'><strong>appellavit.</strong></span> <span class='ocrx_word' id='word_1_271' title='bbox 2005 2128 2070 2180; x_wconf 84' lang='lat' dir='ltr'><strong>Et</strong></span> <span class='ocrx_word' id='word_1_272' title='bbox 2126 2126 2192 2178; x_wconf 89' lang='lat' dir='ltr'><strong>ad</strong></span> 
     </span>
    </p>
   </div>
   <div class='ocr_carea' id='block_1_37' title="bbox 622 2220 2191 2291">
    <p class='ocr_par' dir='ltr' id='par_1_37' title="bbox 622 2220 2191 2291">
     <span class='ocr_line' id='line_1_37' title="bbox 622 2220 2191 2291; baseline -0.013 -1"><span class='ocrx_word' id='word_1_273' title='bbox 622 2238 766 2291; x_wconf 87' lang='lat' dir='ltr'><strong>hanc</strong></span> <span class='ocrx_word' id='word_1_274' title='bbox 824 2230 1012 2285; x_wconf 84' lang='lat' dir='ltr'><strong>Patres</strong></span> <span class='ocrx_word' id='word_1_275' title='bbox 1067 2232 1295 2281; x_wconf 87' lang='lat' dir='ltr'><strong>cunctos</strong></span> <span class='ocrx_word' id='word_1_276' title='bbox 1347 2222 1704 2279; x_wconf 77' lang='lat' dir='ltr'><strong>exhortantes</strong></span> <span class='ocrx_word' id='word_1_277' title='bbox 1735 2261 1751 2286; x_wconf 95' lang='lat'><strong>,</strong></span> <span class='ocrx_word' id='word_1_278' title='bbox 1790 2239 1809 2271; x_wconf 74' lang='grc' dir='ltr'><strong>ι</strong></span> <span class='ocrx_word' id='word_1_279' title='bbox 1854 2220 2191 2278; x_wconf 84' lang='lat' dir='ltr'><strong>intellectus,</strong></span> 
     </span>
    </p>
   </div>
   <div class='ocr_carea' id='block_1_38' title="bbox 618 2311 2193 2398">
    <p class='ocr_par' dir='ltr' id='par_1_38' title="bbox 618 2311 2193 2398">
     <span class='ocr_line' id='line_1_38' title="bbox 618 2311 2193 2398; baseline -0.013 -15"><span class='ocrx_word' id='word_1_280' title='bbox 618 2327 895 2398; x_wconf 84' lang='lat' dir='ltr'><strong>inquiunt,</strong></span> <span class='ocrx_word' id='word_1_281' title='bbox 955 2319 1201 2392; x_wconf 80' lang='lat' dir='ltr'><strong>perfecte</strong></span> <span class='ocrx_word' id='word_1_282' title='bbox 1254 2314 1553 2387; x_wconf 85' lang='lat' dir='ltr'><strong>spiritualis</strong></span> <span class='ocrx_word' id='word_1_283' title='bbox 1613 2312 1881 2383; x_wconf 86' lang='lat' dir='ltr'><strong>spirituali</strong></span> <span class='ocrx_word' id='word_1_284' title='bbox 1946 2311 2193 2365; x_wconf 84' lang='lat' dir='ltr'><strong>induitur</strong></span> 
     </span>
    </p>
   </div>
   <div class='ocr_carea' id='block_1_39' title="bbox 617 2404 2189 2483">
    <p class='ocr_par' dir='ltr' id='par_1_39' title="bbox 617 2404 2189 2483">
     <span class='ocr_line' id='line_1_39' title="bbox 617 2404 2189 2483; baseline -0.013 -7"><span class='ocrx_word' id='word_1_285' title='bbox 617 2419 891 2482; x_wconf 85' lang='lat' dir='ltr'><strong>scientia;</strong></span> <span class='ocrx_word' id='word_1_286' title='bbox 922 2428 1087 2483; x_wconf 89' lang='lat' dir='ltr'><strong>quam</strong></span> <span class='ocrx_word' id='word_1_287' title='bbox 1144 2412 1199 2464; x_wconf 92' lang='lat' dir='ltr'><strong>in</strong></span> <span class='ocrx_word' id='word_1_288' title='bbox 1255 2408 1434 2472; x_wconf 89' lang='lat' dir='ltr'><strong>nobis,</strong></span> <span class='ocrx_word' id='word_1_289' title='bbox 1469 2405 1593 2461; x_wconf 88' lang='lat' dir='ltr'><strong>licet</strong></span> <span class='ocrx_word' id='word_1_290' title='bbox 1659 2406 1715 2459; x_wconf 91' lang='lat' dir='ltr'><strong>in</strong></span> <span class='ocrx_word' id='word_1_291' title='bbox 1767 2404 1925 2459; x_wconf 86' lang='lat' dir='ltr'><strong>nobis</strong></span> <span class='ocrx_word' id='word_1_292' title='bbox 1956 2419 2061 2459; x_wconf 88' lang='lat' dir='ltr'><strong>non</strong></span> <span class='ocrx_word' id='word_1_293' title='bbox 2099 2404 2189 2468; x_wconf 88' lang='lat' dir='ltr'><strong>sit,</strong></span> 
     </span>
    </p>
   </div>
   <div class='ocr_carea' id='block_1_40' title="bbox 619 2505 1383 2584">
    <p class='ocr_par' dir='ltr' id='par_1_40' title="bbox 619 2505 1383 2584">
     <span class='ocr_line' id='line_1_40' title="bbox 619 2505 1383 2584; baseline -0.021 -16"><span class='ocrx_word' id='word_1_294' title='bbox 619 2523 867 2584; x_wconf 69' lang='lat' dir='ltr'><strong>quaerere</strong></span> <span class='ocrx_word' id='word_1_295' title='bbox 894 2522 963 2562; x_wconf 90' lang='lat' dir='ltr'><strong>ne</strong></span> <span class='ocrx_word' id='word_1_296' title='bbox 983 2505 1318 2560; x_wconf 83' lang='lat' dir='ltr'><strong>desinamus.</strong></span> <span class='ocrx_word' id='word_1_297' title='bbox 1358 2519 1383 2552; x_wconf 77' lang='grc' dir='ltr'>ι.</span> 
     </span>
    </p>
   </div>
   <div class='ocr_carea' id='block_1_41' title="bbox 691 2588 2193 2664">
    <p class='ocr_par' dir='ltr' id='par_1_41' title="bbox 691 2588 2193 2664">
     <span class='ocr_line' id='line_1_41' title="bbox 691 2588 2193 2664; baseline -0.014 -6"><span class='ocrx_word' id='word_1_298' title='bbox 691 2602 883 2664; x_wconf 82' lang='lat' dir='ltr'><strong>Vides,</strong></span> <span class='ocrx_word' id='word_1_299' title='bbox 917 2598 964 2653; x_wconf 91' lang='lat' dir='ltr'><strong>si</strong></span> <span class='ocrx_word' id='word_1_300' title='bbox 996 2597 1120 2664; x_wconf 88' lang='lat' dir='ltr'><strong>quis</strong></span> <span class='ocrx_word' id='word_1_301' title='bbox 1164 2603 1389 2663; x_wconf 83' lang='lat' dir='ltr'><strong>peccato</strong></span> <span class='ocrx_word' id='word_1_302' title='bbox 1424 2592 1684 2646; x_wconf 84' lang='lat' dir='ltr'><strong>resistere</strong></span> <span class='ocrx_word' id='word_1_303' title='bbox 1723 2589 1873 2652; x_wconf 81' lang='lat' dir='ltr'><strong>velit,</strong></span> <span class='ocrx_word' id='word_1_304' title='bbox 1906 2597 1964 2641; x_wconf 82' lang='lat' dir='ltr'><strong>et</strong></span> <span class='ocrx_word' id='word_1_305' title='bbox 2018 2588 2193 2641; x_wconf 57' lang='lat' dir='ltr'><strong>virtu-</strong></span> 
     </span>
    </p>
   </div>
   <div class='ocr_carea' id='block_1_42' title="bbox 622 2679 2193 2759">
    <p class='ocr_par' dir='ltr' id='par_1_42' title="bbox 622 2679 2193 2759">
     <span class='ocr_line' id='line_1_42' title="bbox 622 2679 2193 2759; baseline -0.013 -7"><span class='ocrx_word' id='word_1_306' title='bbox 622 2707 732 2751; x_wconf 89' lang='lat' dir='ltr'><strong>tem</strong></span> <span class='ocrx_word' id='word_1_307' title='bbox 765 2689 1051 2759; x_wconf 82' lang='lat' dir='ltr'><strong>consequi,</strong></span> <span class='ocrx_word' id='word_1_308' title='bbox 1109 2702 1175 2740; x_wconf 87' lang='lat' dir='ltr'><strong>ac</strong></span> <span class='ocrx_word' id='word_1_309' title='bbox 1230 2684 1356 2739; x_wconf 85' lang='lat' dir='ltr'><strong>boni</strong></span> <span class='ocrx_word' id='word_1_310' title='bbox 1410 2681 1727 2739; x_wconf 87' lang='lat' dir='ltr'><strong>certaminis</strong></span> <span class='ocrx_word' id='word_1_311' title='bbox 1784 2681 2052 2743; x_wconf 88' lang='lat' dir='ltr'><strong>bravium,</strong></span> <span class='ocrx_word' id='word_1_312' title='bbox 2109 2679 2193 2732; x_wconf 88' lang='lat' dir='ltr'><strong>vel</strong></span> 
     </span>
    </p>
   </div>
   <div class='ocr_carea' id='block_1_43' title="bbox 624 2772 2195 2856">
    <p class='ocr_par' dir='ltr' id='par_1_43' title="bbox 624 2772 2195 2856">
     <span class='ocr_line' id='line_1_43' title="bbox 624 2772 2195 2856; baseline -0.01 -18"><span class='ocrx_word' id='word_1_313' title='bbox 624 2784 807 2856; x_wconf 83' lang='lat' dir='ltr'><strong>potius</strong></span> <span class='ocrx_word' id='word_1_314' title='bbox 832 2780 1050 2835; x_wconf 86' lang='lat' dir='ltr'><strong>virtutis</strong></span> <span class='ocrx_word' id='word_1_315' title='bbox 1102 2777 1276 2833; x_wconf 86' lang='lat' dir='ltr'><strong>bravii</strong></span> <span class='ocrx_word' id='word_1_316' title='bbox 1311 2775 1527 2844; x_wconf 77' lang='lat' dir='ltr'><strong>pignus,</strong></span> <span class='ocrx_word' id='word_1_317' title='bbox 1579 2787 1775 2841; x_wconf 88' lang='lat' dir='ltr'><strong>nempe</strong></span> <span class='ocrx_word' id='word_1_318' title='bbox 1825 2786 2045 2826; x_wconf 88' lang='lat' dir='ltr'><strong>sensum</strong></span> <span class='ocrx_word' id='word_1_319' title='bbox 2080 2772 2195 2839; x_wconf 80' lang='lat' dir='ltr'><strong>spi-</strong></span> 
     </span>
    </p>
   </div>
   <div class='ocr_carea' id='block_1_44' title="bbox 622 2863 2193 2935">
    <p class='ocr_par' dir='ltr' id='par_1_44' title="bbox 622 2863 2193 2935">
     <span class='ocr_line' id='line_1_44' title="bbox 622 2863 2193 2935; baseline -0.014 -1"><span class='ocrx_word' id='word_1_320' title='bbox 622 2876 872 2934; x_wconf 89' lang='lat' dir='ltr'><strong>ritualem</strong></span> <span class='ocrx_word' id='word_1_321' title='bbox 900 2869 1170 2935; x_wconf 88' lang='lat' dir='ltr'><strong>invenire,</strong></span> <span class='ocrx_word' id='word_1_322' title='bbox 1203 2869 1353 2923; x_wconf 89' lang='lat' dir='ltr'><strong>intra</strong></span> <span class='ocrx_word' id='word_1_323' title='bbox 1379 2880 1540 2921; x_wconf 89' lang='lat' dir='ltr'><strong>suum</strong></span> <span class='ocrx_word' id='word_1_324' title='bbox 1568 2879 1765 2935; x_wconf 88' lang='lat' dir='ltr'><strong>corpus</strong></span> <span class='ocrx_word' id='word_1_325' title='bbox 1793 2870 1847 2918; x_wconf 90' lang='lat' dir='ltr'><strong>et</strong></span> <span class='ocrx_word' id='word_1_326' title='bbox 1870 2863 1925 2917; x_wconf 92' lang='lat' dir='ltr'><strong>in</strong></span> <span class='ocrx_word' id='word_1_327' title='bbox 1953 2863 2193 2932; x_wconf 78' lang='lat' dir='ltr'><strong>seipsum</strong></span> 
     </span>
    </p>
   </div>
   <div class='ocr_carea' id='block_1_45' title="bbox 627 2954 2195 3022">
    <p class='ocr_par' dir='ltr' id='par_1_45' title="bbox 627 2954 2195 3022">
     <span class='ocr_line' id='line_1_45' title="bbox 627 2954 2195 3022; baseline -0.01 0"><span class='ocrx_word' id='word_1_328' title='bbox 627 2976 859 3022; x_wconf 89' lang='lat' dir='ltr'><strong>mentem</strong></span> <span class='ocrx_word' id='word_1_329' title='bbox 917 2961 1144 3018; x_wconf 85' lang='lat' dir='ltr'><strong>reducat</strong></span> <span class='ocrx_word' id='word_1_330' title='bbox 1197 2971 1423 3014; x_wconf 87' lang='lat' dir='ltr'><strong>necesse</strong></span> <span class='ocrx_word' id='word_1_331' title='bbox 1475 2964 1580 3012; x_wconf 87' lang='lat' dir='ltr'><strong>est.</strong></span> <span class='ocrx_word' id='word_1_332' title='bbox 1631 2954 1737 3010; x_wconf 87' lang='lat' dir='ltr'><strong>Sed</strong></span> <span class='ocrx_word' id='word_1_333' title='bbox 1787 2964 2050 3019; x_wconf 88' lang='lat' dir='ltr'><strong>mentem,</strong></span> <span class='ocrx_word' id='word_1_334' title='bbox 2089 2969 2195 3008; x_wconf 92' lang='lat' dir='ltr'><strong>non</strong></span> 
     </span>
    </p>
   </div>
   <div class='ocr_carea' id='block_1_46' title="bbox 624 3045 2193 3120">
    <p class='ocr_par' dir='ltr' id='par_1_46' title="bbox 624 3045 2193 3120">
     <span class='ocr_line' id='line_1_46' title="bbox 624 3045 2193 3120; baseline -0.01 -8"><span class='ocrx_word' id='word_1_335' title='bbox 624 3060 745 3114; x_wconf 83' lang='lat' dir='ltr'><strong>dico</strong></span> <span class='ocrx_word' id='word_1_336' title='bbox 777 3065 930 3111; x_wconf 78' lang='lat' dir='ltr'><strong>extra</strong></span> <span class='ocrx_word' id='word_1_337' title='bbox 957 3064 1250 3120; x_wconf 85' lang='lat' dir='ltr'><strong>corporeas</strong></span> <span class='ocrx_word' id='word_1_338' title='bbox 1280 3049 1663 3119; x_wconf 75' lang='lat' dir='ltr'><strong>cogitationes,</strong></span> <span class='ocrx_word' id='word_1_339' title='bbox 1701 3046 1797 3102; x_wconf 85' lang='lat' dir='ltr'><strong>sed</strong></span> <span class='ocrx_word' id='word_1_340' title='bbox 1832 3053 1990 3101; x_wconf 84' lang='lat' dir='ltr'><strong>extra</strong></span> <span class='ocrx_word' id='word_1_341' title='bbox 2019 3045 2193 3115; x_wconf 86' lang='lat' dir='ltr'><strong>ipsum</strong></span> 
     </span>
    </p>
   </div>
   <div class='ocr_carea' id='block_1_47' title="bbox 628 3138 2198 3218">
    <p class='ocr_par' dir='ltr' id='par_1_47' title="bbox 628 3138 2198 3218">
     <span class='ocr_line' id='line_1_47' title="bbox 628 3138 2198 3218; baseline -0.01 -13"><span class='ocrx_word' id='word_1_342' title='bbox 628 3162 830 3218; x_wconf 85' lang='lat' dir='ltr'><strong>corpus</strong></span> <span class='ocrx_word' id='word_1_343' title='bbox 885 3145 1141 3207; x_wconf 81' lang='lat' dir='ltr'><strong>educere,</strong></span> <span class='ocrx_word' id='word_1_344' title='bbox 1197 3150 1256 3196; x_wconf 90' lang='lat' dir='ltr'><strong>ttt</strong></span> <span class='ocrx_word' id='word_1_345' title='bbox 1284 3141 1396 3197; x_wconf 91' lang='lat' dir='ltr'><strong>illic</strong></span> <span class='ocrx_word' id='word_1_346' title='bbox 1422 3138 1762 3210; x_wconf 76' lang='lat' dir='ltr'><strong>Spiritalibus</strong></span> <span class='ocrx_word' id='word_1_347' title='bbox 1802 3139 2040 3209; x_wconf 78' lang='lat' dir='ltr'><strong>gaudeat</strong></span> <span class='ocrx_word' id='word_1_348' title='bbox 2067 3153 2198 3193; x_wconf 89' lang='lat' dir='ltr'><strong>con-</strong></span> 
     </span>
    </p>
   </div>
   <div class='ocr_carea' id='block_1_48' title="bbox 2296 1929 3865 2017">
    <p class='ocr_par' dir='ltr' id='par_1_48' title="bbox 2296 1929 3865 2017">
     <span class='ocr_line' id='line_1_48' title="bbox 2296 1929 3865 2017; baseline -0.013 -17"><span class='ocrx_word' id='word_1_349' title='bbox 2296 1949 2458 2017; x_wconf 82' lang='grc' dir='ltr'>ἡμεῖς</span> <span class='ocrx_word' id='word_1_350' title='bbox 2485 1946 2587 1999; x_wconf 79' lang='grc' dir='ltr'><strong>οὐκ</strong></span> <span class='ocrx_word' id='word_1_351' title='bbox 2629 1946 2687 1996; x_wconf 80' lang='grc' dir='ltr'>ὲν</span> <span class='ocrx_word' id='word_1_352' title='bbox 2730 1942 2921 2003; x_wconf 66' lang='grc' dir='ltr'>αὐταῖς</span> <span class='ocrx_word' id='word_1_353' title='bbox 2956 1935 3324 2005; x_wconf 84' lang='grc' dir='ltr'>συνευξόμεθα</span> <span class='ocrx_word' id='word_1_354' title='bbox 3354 1932 3432 2007; x_wconf 80' lang='grc' dir='ltr'>τῷ</span> <span class='ocrx_word' id='word_1_355' title='bbox 3465 1933 3784 2001; x_wconf 53' lang='grc' dir='ltr'><strong>Πκιεύματῃ</strong></span> <span class='ocrx_word' id='word_1_356' title='bbox 3811 1929 3865 1984; x_wconf 82' lang='grc' dir='ltr'><strong>ΕΞ</strong></span> 
     </span>
    </p>
   </div>
   <div class='ocr_carea' id='block_1_49' title="bbox 2294 2021 3865 2102">
    <p class='ocr_par' dir='ltr' id='par_1_49' title="bbox 2294 2021 3865 2102">
     <span class='ocr_line' id='line_1_49' title="bbox 2294 2021 3865 2102; baseline -0.013 -11"><span class='ocrx_word' id='word_1_357' title='bbox 2294 2039 2351 2091; x_wconf 83' lang='grc' dir='ltr'>δὲ</span> <span class='ocrx_word' id='word_1_358' title='bbox 2380 2036 2521 2091; x_wconf 87' lang='grc' dir='ltr'><strong>κατά</strong></span> <span class='ocrx_word' id='word_1_359' title='bbox 2564 2035 2657 2087; x_wconf 74' lang='grc' dir='ltr'><strong>τὸν</strong></span> <span class='ocrx_word' id='word_1_360' title='bbox 2709 2029 3005 2102; x_wconf 70' lang='grc' dir='ltr'>προφητῶν</span> <span class='ocrx_word' id='word_1_361' title='bbox 3052 2027 3147 2080; x_wconf 77' lang='grc' dir='ltr'>καὶ</span> <span class='ocrx_word' id='word_1_362' title='bbox 3189 2023 3503 2080; x_wconf 76' lang='grc' dir='ltr'><strong>ἀποστόλων</strong></span> <span class='ocrx_word' id='word_1_363' title='bbox 3562 2021 3789 2092; x_wconf 79' lang='grc' dir='ltr'>Κύριον,</span> <span class='ocrx_word' id='word_1_364' title='bbox 3834 2022 3865 2089; x_wconf 83' lang='grc' dir='ltr'><strong>ἠ</strong></span> 
     </span>
    </p>
   </div>
   <div class='ocr_carea' id='block_1_50' title="bbox 2299 2114 3867 2198">
    <p class='ocr_par' dir='ltr' id='par_1_50' title="bbox 2299 2114 3867 2198">
     <span class='ocr_line' id='line_1_50' title="bbox 2299 2114 3867 2198; baseline -0.011 -17"><span class='ocrx_word' id='word_1_365' title='bbox 2299 2129 2546 2198; x_wconf 57' lang='grc' dir='ltr'>βασιλεία</span> <span class='ocrx_word' id='word_1_366' title='bbox 2580 2127 2687 2178; x_wconf 82' lang='grc' dir='ltr'><strong>τῶν</strong></span> <span class='ocrx_word' id='word_1_367' title='bbox 2738 2123 2981 2193; x_wconf 63' lang='grc' dir='ltr'>οὐρανῶν</span> <span class='ocrx_word' id='word_1_368' title='bbox 3026 2120 3179 2183; x_wconf 72' lang='grc' dir='ltr'>ἐντὸς</span> <span class='ocrx_word' id='word_1_369' title='bbox 3229 2116 3386 2188; x_wconf 79' lang='grc' dir='ltr'>ἡμῶν</span> <span class='ocrx_word' id='word_1_370' title='bbox 3435 2119 3572 2175; x_wconf 75' lang='grc' dir='ltr'>ἐστι,</span> <span class='ocrx_word' id='word_1_371' title='bbox 3621 2114 3740 2175; x_wconf 82' lang='grc' dir='ltr'>πῶς</span> <span class='ocrx_word' id='word_1_372' title='bbox 3774 2114 3867 2165; x_wconf 68' lang='grc' dir='ltr'>οἰκ</span> 
     </span>
    </p>
   </div>
   <div class='ocr_carea' id='block_1_51' title="bbox 2295 2206 3866 2289">
    <p class='ocr_par' dir='ltr' id='par_1_51' title="bbox 2295 2206 3866 2289">
     <span class='ocr_line' id='line_1_51' title="bbox 2295 2206 3866 2289; baseline -0.011 -13"><span class='ocrx_word' id='word_1_373' title='bbox 2295 2225 2400 2287; x_wconf 73' lang='grc' dir='ltr'>ἔξω</span> <span class='ocrx_word' id='word_1_374' title='bbox 2444 2222 2660 2289; x_wconf 74' lang='grc' dir='ltr'>καὶτῆς</span> <span class='ocrx_word' id='word_1_375' title='bbox 2706 2219 2813 2270; x_wconf 83' lang='grc' dir='ltr'><strong>τῶν</strong></span> <span class='ocrx_word' id='word_1_376' title='bbox 2860 2215 3104 2286; x_wconf 80' lang='grc' dir='ltr'>οὐρανῶν</span> <span class='ocrx_word' id='word_1_377' title='bbox 3164 2209 3435 2282; x_wconf 78' lang='grc' dir='ltr'>βασιλείας</span> <span class='ocrx_word' id='word_1_378' title='bbox 3482 2206 3677 2276; x_wconf 76' lang='grc' dir='ltr'>γένοιτ’</span> <span class='ocrx_word' id='word_1_379' title='bbox 3719 2208 3806 2268; x_wconf 78' lang='grc' dir='ltr'><strong>ἂν,</strong></span> <span class='ocrx_word' id='word_1_380' title='bbox 3841 2210 3866 2258; x_wconf 82' lang='grc' dir='ltr'><strong>ὁ</strong></span> 
     </span>
    </p>
   </div>
   <div class='ocr_carea' id='block_1_52' title="bbox 2296 2297 3868 2372">
    <p class='ocr_par' dir='ltr' id='par_1_52' title="bbox 2296 2297 3868 2372">
     <span class='ocr_line' id='line_1_52' title="bbox 2296 2297 3868 2372; baseline -0.013 -7"><span class='ocrx_word' id='word_1_381' title='bbox 2296 2313 2403 2366; x_wconf 86' lang='grc' dir='ltr'><strong>τῶν</strong></span> <span class='ocrx_word' id='word_1_382' title='bbox 2459 2311 2606 2372; x_wconf 71' lang='grc' dir='ltr'>ἐντὸς</span> <span class='ocrx_word' id='word_1_383' title='bbox 2659 2306 2855 2361; x_wconf 78' lang='grc' dir='ltr'>ἑαυτοῦ</span> <span class='ocrx_word' id='word_1_384' title='bbox 2901 2305 2993 2358; x_wconf 79' lang='grc' dir='ltr'><strong>τὸν</strong></span> <span class='ocrx_word' id='word_1_385' title='bbox 3047 2302 3170 2357; x_wconf 83' lang='grc' dir='ltr'>νοῦν</span> <span class='ocrx_word' id='word_1_386' title='bbox 3234 2301 3451 2368; x_wconf 75' lang='grc' dir='ltr'>ἐξάγειν</span> <span class='ocrx_word' id='word_1_387' title='bbox 3487 2298 3573 2351; x_wconf 78' lang='grc' dir='ltr'><strong>διὰ</strong></span> <span class='ocrx_word' id='word_1_388' title='bbox 3636 2297 3868 2365; x_wconf 72' lang='grc' dir='ltr'>σπουδῆς</span> 
     </span>
    </p>
   </div>
   <div class='ocr_carea' id='block_1_53' title="bbox 2299 2388 3869 2472">
    <p class='ocr_par' dir='ltr' id='par_1_53' title="bbox 2299 2388 3869 2472">
     <span class='ocr_line' id='line_1_53' title="bbox 2299 2388 3869 2472; baseline -0.013 -15"><span class='ocrx_word' id='word_1_389' title='bbox 2299 2404 2616 2472; x_wconf 84' lang='grc' dir='ltr'>ποιούμενος</span> <span class='ocrx_word' id='word_1_390' title='bbox 2642 2419 2657 2467; x_wconf 87' lang='grc'>;</span> <span class='ocrx_word' id='word_1_391' title='bbox 2688 2397 2928 2469; x_wconf 82' lang='grc' dir='ltr'>«Καρδία</span> <span class='ocrx_word' id='word_1_392' title='bbox 2954 2394 3111 2467; x_wconf 59' lang='grc' dir='ltr'>ὀρθὴς</span> <span class='ocrx_word' id='word_1_393' title='bbox 3163 2394 3328 2463; x_wconf 52' lang='lat' dir='ltr'><strong>ergo!)</strong></span> <span class='ocrx_word' id='word_1_394' title='bbox 3357 2395 3385 2446; x_wconf 86' lang='grc' dir='ltr'><strong>ό</strong></span> <span class='ocrx_word' id='word_1_395' title='bbox 3410 2389 3677 2460; x_wconf 80' lang='grc' dir='ltr'>Σολομὼν,</span> <span class='ocrx_word' id='word_1_396' title='bbox 3722 2388 3869 2457; x_wconf 66' lang='grc' dir='ltr'><strong>ζητεί</strong></span> 
     </span>
    </p>
   </div>
   <div class='ocr_carea' id='block_1_54' title="bbox 2298 2477 3867 2566">
    <p class='ocr_par' dir='ltr' id='par_1_54' title="bbox 2298 2477 3867 2566">
     <span class='ocr_line' id='line_1_54' title="bbox 2298 2477 3867 2566; baseline -0.015 -16"><span class='ocrx_word' id='word_1_397' title='bbox 2298 2498 2611 2566; x_wconf 58' lang='grc' dir='ltr'>αἴσθησιν»</span> <span class='ocrx_word' id='word_1_398' title='bbox 2655 2494 2723 2565; x_wconf 73' lang='grc' dir='ltr'>ῆν</span> <span class='ocrx_word' id='word_1_399' title='bbox 2774 2494 2804 2544; x_wconf 89' lang='grc' dir='ltr'>ὁ</span> <span class='ocrx_word' id='word_1_400' title='bbox 2855 2490 3020 2553; x_wconf 78' lang='grc' dir='ltr'>αὐτὸς</span> <span class='ocrx_word' id='word_1_401' title='bbox 3064 2489 3259 2561; x_wconf 70' lang='grc' dir='ltr'>νοερέιν</span> <span class='ocrx_word' id='word_1_402' title='bbox 3292 2486 3386 2539; x_wconf 68' lang='grc' dir='ltr'>καὶ</span> <span class='ocrx_word' id='word_1_403' title='bbox 3434 2483 3585 2536; x_wconf 72' lang='grc' dir='ltr'>θείαν</span> <span class='ocrx_word' id='word_1_404' title='bbox 3638 2477 3867 2549; x_wconf 53' lang='grc' dir='ltr'>ἀλλαχοῦ</span> 
     </span>
    </p>
   </div>
   <div class='ocr_carea' id='block_1_55' title="bbox 2299 2571 3866 2658">
    <p class='ocr_par' dir='ltr' id='par_1_55' title="bbox 2299 2571 3866 2658">
     <span class='ocr_line' id='line_1_55' title="bbox 2299 2571 3866 2658; baseline -0.013 -17"><span class='ocrx_word' id='word_1_405' title='bbox 2299 2591 2659 2658; x_wconf 73' lang='grc' dir='ltr'>προσείρηκε·</span> <span class='ocrx_word' id='word_1_406' title='bbox 2707 2585 2843 2655; x_wconf 83' lang='grc' dir='ltr'>πρὸς</span> <span class='ocrx_word' id='word_1_407' title='bbox 2868 2584 2936 2655; x_wconf 78' lang='grc' dir='ltr'>ἣν</span> <span class='ocrx_word' id='word_1_408' title='bbox 2964 2584 3013 2636; x_wconf 84' lang='grc' dir='ltr'>οἱ</span> <span class='ocrx_word' id='word_1_409' title='bbox 3057 2582 3300 2650; x_wconf 78' lang='grc' dir='ltr'>Πατέρες</span> <span class='ocrx_word' id='word_1_410' title='bbox 3330 2577 3538 2639; x_wconf 78' lang='grc' dir='ltr'>πάντας</span> <span class='ocrx_word' id='word_1_411' title='bbox 3566 2571 3866 2644; x_wconf 77' lang='grc' dir='ltr'>προτρεπὸ-</span> 
     </span>
    </p>
   </div>
   <div class='ocr_carea' id='block_1_56' title="bbox 2303 2653 3868 2753">
    <p class='ocr_par' dir='ltr' id='par_1_56' title="bbox 2303 2653 3868 2753">
     <span class='ocr_line' id='line_1_56' title="bbox 2303 2653 3868 2753; baseline -0.013 -19"><span class='ocrx_word' id='word_1_412' title='bbox 2303 2698 2473 2753; x_wconf 83' lang='grc' dir='ltr'>μενοι,</span> <span class='ocrx_word' id='word_1_413' title='bbox 2518 2678 2680 2743; x_wconf 80' lang='grc' dir='ltr'>Νοῦς,</span> <span class='ocrx_word' id='word_1_414' title='bbox 2725 2678 2881 2749; x_wconf 73' lang='grc' dir='ltr'>φασὶ,</span> <span class='ocrx_word' id='word_1_415' title='bbox 2926 2676 3110 2747; x_wconf 80' lang='grc' dir='ltr'>νοερδς</span> <span class='ocrx_word' id='word_1_416' title='bbox 3156 2653 3396 2736; x_wconf 74' lang='grc' dir='ltr'>πάντως,</span> <span class='ocrx_word' id='word_1_417' title='bbox 3431 2670 3524 2723; x_wconf 73' lang='grc' dir='ltr'><strong>καὶ</strong></span> <span class='ocrx_word' id='word_1_418' title='bbox 3554 2666 3745 2736; x_wconf 79' lang='grc' dir='ltr'>νοερὰν</span> <span class='ocrx_word' id='word_1_419' title='bbox 3787 2663 3868 2716; x_wconf 80' lang='grc' dir='ltr'>αῖ-</span> 
     </span>
    </p>
   </div>
   <div class='ocr_carea' id='block_1_57' title="bbox 2303 2755 3865 2842">
    <p class='ocr_par' dir='ltr' id='par_1_57' title="bbox 2303 2755 3865 2842">
     <span class='ocr_line' id='line_1_57' title="bbox 2303 2755 3865 2842; baseline -0.013 -15"><span class='ocrx_word' id='word_1_420' title='bbox 2303 2774 2492 2842; x_wconf 79' lang='grc' dir='ltr'>σθησιν</span> <span class='ocrx_word' id='word_1_421' title='bbox 2522 2770 2907 2841; x_wconf 69' lang='grc' dir='ltr'>περιϐέϐληται</span> <span class='ocrx_word' id='word_1_422' title='bbox 2929 2784 2945 2799; x_wconf 77' lang='grc' dir='ltr'><strong>ο</strong></span> <span class='ocrx_word' id='word_1_423' title='bbox 2990 2766 3058 2838; x_wconf 81' lang='grc' dir='ltr'>ἢν</span> <span class='ocrx_word' id='word_1_424' title='bbox 3107 2768 3166 2818; x_wconf 84' lang='grc' dir='ltr'>ὲν</span> <span class='ocrx_word' id='word_1_425' title='bbox 3198 2766 3350 2835; x_wconf 82' lang='grc' dir='ltr'>ἡμῖν,</span> <span class='ocrx_word' id='word_1_426' title='bbox 3381 2762 3477 2815; x_wconf 71' lang='grc' dir='ltr'><strong>καὶ</strong></span> <span class='ocrx_word' id='word_1_427' title='bbox 3514 2760 3614 2812; x_wconf 80' lang='grc' dir='ltr'><strong>οὐκ</strong></span> <span class='ocrx_word' id='word_1_428' title='bbox 3653 2758 3713 2809; x_wconf 80' lang='grc' dir='ltr'><strong>ἐν</strong></span> <span class='ocrx_word' id='word_1_429' title='bbox 3738 2755 3865 2827; x_wconf 74' lang='grc' dir='ltr'>ἡμῖν</span> 
     </span>
    </p>
   </div>
   <div class='ocr_carea' id='block_1_58' title="bbox 2303 2844 3868 2934">
    <p class='ocr_par' dir='ltr' id='par_1_58' title="bbox 2303 2844 3868 2934">
     <span class='ocr_line' id='line_1_58' title="bbox 2303 2844 3868 2934; baseline -0.012 -16"><span class='ocrx_word' id='word_1_430' title='bbox 2303 2861 2469 2919; x_wconf 75' lang='grc' dir='ltr'>οὖσαν</span> <span class='ocrx_word' id='word_1_431' title='bbox 2510 2862 2865 2934; x_wconf 74' lang='grc' dir='ltr'>ἐκζητοῦντες</span> <span class='ocrx_word' id='word_1_432' title='bbox 2909 2859 2984 2931; x_wconf 79' lang='grc' dir='ltr'>μὴ</span> <span class='ocrx_word' id='word_1_433' title='bbox 3028 2855 3388 2926; x_wconf 82' lang='grc' dir='ltr'>παυσώμεθα.</span> <span class='ocrx_word' id='word_1_434' title='bbox 3435 2852 3597 2923; x_wconf 70' lang='grc' dir='ltr'>Ὁρᾷς</span> <span class='ocrx_word' id='word_1_435' title='bbox 3642 2850 3725 2902; x_wconf 83' lang='grc' dir='ltr'><strong>δτι</strong></span> <span class='ocrx_word' id='word_1_436' title='bbox 3776 2844 3868 2900; x_wconf 70' lang='grc' dir='ltr'><strong>κᾶν</strong></span> 
     </span>
    </p>
   </div>
   <div class='ocr_carea' id='block_1_59' title="bbox 2308 2962 3874 3035">
    <p class='ocr_par' dir='ltr' id='par_1_59' title="bbox 2308 2962 3874 3035">
     <span class='ocr_line' id='line_1_59' title="bbox 2308 2962 3874 3035; baseline -0.003 -18"><span class='ocrx_word' id='word_1_437' title='bbox 2308 2964 2444 3033; x_wconf 82' lang='grc' dir='ltr'>πρὸς</span> <span class='ocrx_word' id='word_1_438' title='bbox 2472 2964 2571 3033; x_wconf 74' lang='grc' dir='ltr'>τὴν</span> <span class='ocrx_word' id='word_1_439' title='bbox 2616 2964 2888 3035; x_wconf 80' lang='grc' dir='ltr'>ἁμαρτίαν</span> <span class='ocrx_word' id='word_1_440' title='bbox 2937 2963 3398 3034; x_wconf 83' lang='grc' dir='ltr'>ἁντικαταστῆναι</span> <span class='ocrx_word' id='word_1_441' title='bbox 3422 2980 3506 3025; x_wconf 88' lang='grc' dir='ltr'><strong>τις</strong></span> <span class='ocrx_word' id='word_1_442' title='bbox 3530 2962 3874 3033; x_wconf 73' lang='grc' dir='ltr'>προθυμηθῇ,</span> 
     </span>
    </p>
   </div>
   <div class='ocr_carea' id='block_1_60' title="bbox 2310 3052 3877 3125">
    <p class='ocr_par' dir='ltr' id='par_1_60' title="bbox 2310 3052 3877 3125">
     <span class='ocr_line' id='line_1_60' title="bbox 2310 3052 3877 3125; baseline -0.004 -15"><span class='ocrx_word' id='word_1_443' title='bbox 2310 3056 2412 3110; x_wconf 77' lang='grc' dir='ltr'>κᾶν</span> <span class='ocrx_word' id='word_1_444' title='bbox 2441 3058 2539 3125; x_wconf 81' lang='grc' dir='ltr'><strong>τὴν</strong></span> <span class='ocrx_word' id='word_1_445' title='bbox 2570 3056 2771 3125; x_wconf 83' lang='grc' dir='ltr'>ἀρετὴν</span> <span class='ocrx_word' id='word_1_446' title='bbox 2823 3055 3292 3124; x_wconf 79' lang='grc' dir='ltr'>προσκτήσασθαι,</span> <span class='ocrx_word' id='word_1_447' title='bbox 3330 3054 3435 3107; x_wconf 83' lang='grc' dir='ltr'>κᾶν</span> <span class='ocrx_word' id='word_1_448' title='bbox 3484 3054 3578 3106; x_wconf 74' lang='grc' dir='ltr'><strong>τοῦ</strong></span> <span class='ocrx_word' id='word_1_449' title='bbox 3609 3052 3732 3105; x_wconf 71' lang='grc' dir='ltr'>κατ’</span> <span class='ocrx_word' id='word_1_450' title='bbox 3761 3053 3877 3119; x_wconf 75' lang='grc' dir='ltr'>ἀρε-</span> 
     </span>
    </p>
   </div>
   <div class='ocr_carea' id='block_1_61' title="bbox 2309 3144 3876 3219">
    <p class='ocr_par' dir='ltr' id='par_1_61' title="bbox 2309 3144 3876 3219">
     <span class='ocr_line' id='line_1_61' title="bbox 2309 3144 3876 3219; baseline -0.004 -17"><span class='ocrx_word' id='word_1_451' title='bbox 2309 3148 2408 3219; x_wconf 79' lang='grc' dir='ltr'>τὴν</span> <span class='ocrx_word' id='word_1_452' title='bbox 2438 3149 2602 3202; x_wconf 78' lang='grc' dir='ltr'>ἄθλου</span> <span class='ocrx_word' id='word_1_453' title='bbox 2629 3149 2688 3200; x_wconf 83' lang='grc' dir='ltr'><strong>τὸ</strong></span> <span class='ocrx_word' id='word_1_454' title='bbox 2719 3147 2993 3218; x_wconf 77' lang='grc' dir='ltr'>βραϐεῖον,</span> <span class='ocrx_word' id='word_1_455' title='bbox 3029 3147 3229 3216; x_wconf 81' lang='grc' dir='ltr'>μᾶλλον</span> <span class='ocrx_word' id='word_1_456' title='bbox 3260 3147 3314 3199; x_wconf 83' lang='grc' dir='ltr'>δὲ</span> <span class='ocrx_word' id='word_1_457' title='bbox 3343 3146 3435 3199; x_wconf 78' lang='grc' dir='ltr'><strong>τὸν</strong></span> <span class='ocrx_word' id='word_1_458' title='bbox 3466 3145 3765 3216; x_wconf 67' lang='grc' dir='ltr'>ἀρραϐῶνα</span> <span class='ocrx_word' id='word_1_459' title='bbox 3792 3144 3876 3195; x_wconf 78' lang='grc' dir='ltr'><strong>τοῦ</strong></span> 
     </span>
    </p>
   </div>
   <div class='ocr_carea' id='block_1_62' title="bbox 622 3227 2198 3311">
    <p class='ocr_par' dir='ltr' id='par_1_62' title="bbox 622 3227 2194 3308">
     <span class='ocr_line' id='line_1_62' title="bbox 622 3227 2194 3308; baseline -0.008 -13"><span class='ocrx_word' id='word_1_460' title='bbox 622 3234 1091 3308; x_wconf 78' lang='lat' dir='ltr'><strong>temptationibus,</strong></span> <span class='ocrx_word' id='word_1_461' title='bbox 1149 3232 1254 3287; x_wconf 89' lang='lat' dir='ltr'><strong>hoc</strong></span> <span class='ocrx_word' id='word_1_462' title='bbox 1288 3237 1372 3285; x_wconf 91' lang='lat' dir='ltr'><strong>est</strong></span> <span class='ocrx_word' id='word_1_463' title='bbox 1413 3243 1692 3285; x_wconf 85' lang='lat' dir='ltr'><strong>summum</strong></span> <span class='ocrx_word' id='word_1_464' title='bbox 1720 3227 1930 3282; x_wconf 88' lang='lat' dir='ltr'><strong>ethnici</strong></span> <span class='ocrx_word' id='word_1_465' title='bbox 1965 3227 2194 3290; x_wconf 87' lang='lat' dir='ltr'><strong>erroris,</strong></span> 
     </span>
    </p>
   </div>
   <div class='ocr_carea' id='block_1_63' title="bbox 2308 3227 3876 3311">
    <p class='ocr_par' dir='ltr' id='par_1_63' title="bbox 2311 3237 3876 3311">
     <span class='ocr_line' id='line_1_63' title="bbox 2311 3237 3876 3311; baseline -0.005 -16"><span class='ocrx_word' id='word_1_466' title='bbox 2311 3242 2433 3295; x_wconf 82' lang='grc' dir='ltr'>κατ’</span> <span class='ocrx_word' id='word_1_467' title='bbox 2451 3239 2653 3311; x_wconf 80' lang='grc' dir='ltr'>ἀρετὴν</span> <span class='ocrx_word' id='word_1_468' title='bbox 2700 3238 2949 3308; x_wconf 77' lang='grc' dir='ltr'>βραϐείου</span> <span class='ocrx_word' id='word_1_469' title='bbox 2977 3238 3074 3309; x_wconf 84' lang='grc' dir='ltr'>τὴν</span> <span class='ocrx_word' id='word_1_470' title='bbox 3116 3237 3369 3308; x_wconf 73' lang='grc' dir='ltr'>αἴσθησιν</span> <span class='ocrx_word' id='word_1_471' title='bbox 3397 3238 3497 3307; x_wconf 84' lang='grc' dir='ltr'>τὴν</span> <span class='ocrx_word' id='word_1_472' title='bbox 3549 3237 3767 3306; x_wconf 82' lang='grc' dir='ltr'>νοεράν,</span> <span class='ocrx_word' id='word_1_473' title='bbox 3797 3237 3876 3287; x_wconf 67' lang='grc' dir='ltr'><strong>εὖ·</strong></span> 
     </span>
    </p>
   </div>
   <div class='ocr_carea' id='block_1_64' title="bbox 623 3320 2172 3390">
    <p class='ocr_par' dir='ltr' id='par_1_64' title="bbox 623 3320 2172 3390">
     <span class='ocr_line' id='line_1_64' title="bbox 623 3320 2172 3390; baseline -0.009 -3"><span class='ocrx_word' id='word_1_474' title='bbox 623 3344 680 3387; x_wconf 89' lang='lat' dir='ltr'><strong>et</strong></span> <span class='ocrx_word' id='word_1_475' title='bbox 708 3328 888 3387; x_wconf 88' lang='lat' dir='ltr'><strong>omnis</strong></span> <span class='ocrx_word' id='word_1_476' title='bbox 929 3325 1086 3381; x_wconf 77' lang='lat' dir='ltr'><strong>mala:</strong></span> <span class='ocrx_word' id='word_1_477' title='bbox 1119 3321 1382 3380; x_wconf 72' lang='lat' dir='ltr'><strong>doctrina:</strong></span> <span class='ocrx_word' id='word_1_478' title='bbox 1414 3320 1540 3377; x_wconf 81' lang='lat' dir='ltr'><strong>fons</strong></span> <span class='ocrx_word' id='word_1_479' title='bbox 1577 3328 1742 3390; x_wconf 86' lang='lat' dir='ltr'><strong>atque</strong></span> <span class='ocrx_word' id='word_1_480' title='bbox 1773 3321 1923 3374; x_wconf 81' lang='lat' dir='ltr'><strong>radix</strong></span> <span class='ocrx_word' id='word_1_481' title='bbox 1950 3361 1965 3384; x_wconf 88' lang='lat'><strong>,</strong></span> <span class='ocrx_word' id='word_1_482' title='bbox 1998 3320 2172 3374; x_wconf 83' lang='lat' dir='ltr'><strong>daemo</strong></span> 
     </span>
    </p>
   </div>
   <div class='ocr_carea' id='block_1_65' title="bbox 627 3414 2195 3485">
    <p class='ocr_par' dir='ltr' id='par_1_65' title="bbox 627 3414 2195 3485">
     <span class='ocr_line' id='line_1_65' title="bbox 627 3414 2195 3485; baseline -0.01 -3"><span class='ocrx_word' id='word_1_483' title='bbox 627 3441 763 3483; x_wconf 85' lang='lat' dir='ltr'><strong>num</strong></span> <span class='ocrx_word' id='word_1_484' title='bbox 798 3424 1073 3479; x_wconf 84' lang='lat' dir='ltr'><strong>inventum</strong></span> <span class='ocrx_word' id='word_1_485' title='bbox 1110 3432 1178 3474; x_wconf 85' lang='lat' dir='ltr'><strong>ac</strong></span> <span class='ocrx_word' id='word_1_486' title='bbox 1208 3418 1619 3481; x_wconf 83' lang='lat' dir='ltr'><strong>documentum,</strong></span> <span class='ocrx_word' id='word_1_487' title='bbox 1658 3414 1981 3485; x_wconf 61' lang='lat' dir='ltr'><strong>ignorantiae</strong></span> <span class='ocrx_word' id='word_1_488' title='bbox 2017 3422 2195 3468; x_wconf 86' lang='lat' dir='ltr'><strong>mater</strong></span> 
     </span>
    </p>
   </div>
   <div class='ocr_carea' id='block_1_66' title="bbox 623 3506 2186 3578">
    <p class='ocr_par' dir='ltr' id='par_1_66' title="bbox 623 3506 2186 3578">
     <span class='ocr_line' id='line_1_66' title="bbox 623 3506 2186 3578; baseline -0.013 -3"><span class='ocrx_word' id='word_1_489' title='bbox 623 3530 682 3575; x_wconf 85' lang='lat' dir='ltr'><strong>et</strong></span> <span class='ocrx_word' id='word_1_490' title='bbox 701 3515 932 3573; x_wconf 70' lang='lat' dir='ltr'><strong>insaniae</strong></span> <span class='ocrx_word' id='word_1_491' title='bbox 961 3511 1096 3566; x_wconf 81' lang='lat' dir='ltr'><strong>ﬁlia.</strong></span> <span class='ocrx_word' id='word_1_492' title='bbox 1125 3509 1254 3564; x_wconf 87' lang='lat' dir='ltr'><strong>Ideo</strong></span> <span class='ocrx_word' id='word_1_493' title='bbox 1300 3507 1393 3578; x_wconf 91' lang='lat' dir='ltr'><strong>qui</strong></span> <span class='ocrx_word' id='word_1_494' title='bbox 1441 3506 1735 3576; x_wconf 87' lang='lat' dir='ltr'><strong>loquuntur</strong></span> <span class='ocrx_word' id='word_1_495' title='bbox 1790 3521 1858 3561; x_wconf 77' lang='lat' dir='ltr'><strong>ex</strong></span> <span class='ocrx_word' id='word_1_496' title='bbox 1886 3506 2186 3560; x_wconf 65' lang='grc' dir='ltr'><strong>⁸(Ιειιειιιοηιηι</strong></span> 
     </span>
    </p>
   </div>
   <div class='ocr_carea' id='block_1_67' title="bbox 624 3595 2200 3673">
    <p class='ocr_par' dir='ltr' id='par_1_67' title="bbox 624 3595 2200 3673">
     <span class='ocr_line' id='line_1_67' title="bbox 624 3595 2200 3673; baseline -0.01 -8"><span class='ocrx_word' id='word_1_497' title='bbox 624 3610 904 3673; x_wconf 89' lang='lat' dir='ltr'><strong>instinctu,</strong></span> <span class='ocrx_word' id='word_1_498' title='bbox 933 3619 1001 3660; x_wconf 80' lang='lat' dir='ltr'><strong>ex</strong></span> <span class='ocrx_word' id='word_1_499' title='bbox 1033 3602 1229 3673; x_wconf 79' lang='lat' dir='ltr'><strong>selpsis</strong></span> <span class='ocrx_word' id='word_1_500' title='bbox 1264 3597 1556 3664; x_wconf 79' lang='lat' dir='ltr'><strong>excedunt,</strong></span> <span class='ocrx_word' id='word_1_501' title='bbox 1590 3613 1659 3654; x_wconf 89' lang='lat' dir='ltr'><strong>tte</strong></span> <span class='ocrx_word' id='word_1_502' title='bbox 1683 3597 1734 3652; x_wconf 91' lang='lat' dir='ltr'><strong>id</strong></span> <span class='ocrx_word' id='word_1_503' title='bbox 1752 3596 1969 3665; x_wconf 85' lang='lat' dir='ltr'><strong>quidem</strong></span> <span class='ocrx_word' id='word_1_504' title='bbox 1993 3595 2200 3652; x_wconf 86' lang='lat' dir='ltr'><strong>intelli-</strong></span> 
     </span>
    </p>
   </div>
   <div class='ocr_carea' id='block_1_68' title="bbox 622 3688 2202 3773">
    <p class='ocr_par' dir='ltr' id='par_1_68' title="bbox 622 3688 2202 3773">
     <span class='ocr_line' id='line_1_68' title="bbox 622 3688 2202 3773; baseline -0.011 -15"><span class='ocrx_word' id='word_1_505' title='bbox 622 3712 813 3773; x_wconf 71' lang='lat' dir='ltr'><strong>gente:</strong></span> <span class='ocrx_word' id='word_1_506' title='bbox 838 3697 979 3769; x_wconf 88' lang='lat' dir='ltr'><strong>quod</strong></span> <span class='ocrx_word' id='word_1_507' title='bbox 1009 3695 1218 3752; x_wconf 89' lang='lat' dir='ltr'><strong>dicunt.</strong></span> <span class='ocrx_word' id='word_1_508' title='bbox 1242 3692 1353 3747; x_wconf 83' lang='lat' dir='ltr'><strong>Nos</strong></span> <span class='ocrx_word' id='word_1_509' title='bbox 1377 3705 1507 3746; x_wconf 87' lang='lat' dir='ltr'><strong>vero</strong></span> <span class='ocrx_word' id='word_1_510' title='bbox 1537 3705 1642 3744; x_wconf 90' lang='lat' dir='ltr'><strong>non</strong></span> <span class='ocrx_word' id='word_1_511' title='bbox 1685 3688 1859 3745; x_wconf 81' lang='lat' dir='ltr'><strong>solum</strong></span> <span class='ocrx_word' id='word_1_512' title='bbox 1891 3688 2031 3743; x_wconf 90' lang='lat' dir='ltr'><strong>intra</strong></span> <span class='ocrx_word' id='word_1_513' title='bbox 2077 3702 2202 3741; x_wconf 84' lang='lat' dir='ltr'><strong>cor-</strong></span> 
     </span>
    </p>
   </div>
   <div class='ocr_carea' id='block_1_69' title="bbox 625 3779 2226 3865">
    <p class='ocr_par' dir='ltr' id='par_1_69' title="bbox 625 3779 2226 3865">
     <span class='ocr_line' id='line_1_69' title="bbox 625 3779 2226 3865; baseline -0.012 -15"><span class='ocrx_word' id='word_1_514' title='bbox 625 3808 730 3865; x_wconf 85' lang='lat' dir='ltr'><strong>pus</strong></span> <span class='ocrx_word' id='word_1_515' title='bbox 756 3798 815 3848; x_wconf 89' lang='lat' dir='ltr'><strong>et</strong></span> <span class='ocrx_word' id='word_1_516' title='bbox 844 3804 959 3853; x_wconf 88' lang='lat' dir='ltr'><strong>cor,</strong></span> <span class='ocrx_word' id='word_1_517' title='bbox 987 3786 1085 3844; x_wconf 88' lang='lat' dir='ltr'><strong>sed</strong></span> <span class='ocrx_word' id='word_1_518' title='bbox 1114 3786 1170 3841; x_wconf 86' lang='lat' dir='ltr'><strong>et</strong></span> <span class='ocrx_word' id='word_1_519' title='bbox 1192 3786 1336 3841; x_wconf 90' lang='lat' dir='ltr'><strong>intra</strong></span> <span class='ocrx_word' id='word_1_520' title='bbox 1363 3783 1595 3851; x_wconf 81' lang='lat' dir='ltr'><strong>seipsatn</strong></span> <span class='ocrx_word' id='word_1_521' title='bbox 1616 3779 1927 3836; x_wconf 87' lang='lat' dir='ltr'><strong>reducimus</strong></span> <span class='ocrx_word' id='word_1_522' title='bbox 1946 3786 2226 3839; x_wconf 78' lang='lat' dir='ltr'><strong>ntentcttt._</strong></span> 
     </span>
    </p>
   </div>
   <div class='ocr_carea' id='block_1_70' title="bbox 701 3873 2206 3954">
    <p class='ocr_par' dir='ltr' id='par_1_70' title="bbox 701 3873 2206 3954">
     <span class='ocr_line' id='line_1_70' title="bbox 701 3873 2206 3954; baseline -0.012 -13"><span class='ocrx_word' id='word_1_523' title='bbox 701 3882 1088 3954; x_wconf 79' lang='lat' dir='ltr'><strong>Respondeant</strong></span> <span class='ocrx_word' id='word_1_524' title='bbox 1141 3877 1309 3948; x_wconf 77' lang='lat' dir='ltr'><strong>igitur</strong></span> <span class='ocrx_word' id='word_1_525' title='bbox 1367 3876 1458 3944; x_wconf 89' lang='lat' dir='ltr'><strong>qui</strong></span> <span class='ocrx_word' id='word_1_526' title='bbox 1482 3874 1670 3928; x_wconf 88' lang='lat' dir='ltr'><strong>dicunt</strong></span> <span class='ocrx_word' id='word_1_527' title='bbox 1719 3873 1860 3926; x_wconf 81' lang='lat' dir='ltr'><strong>hanc</strong></span> <span class='ocrx_word' id='word_1_528' title='bbox 1904 3885 2016 3925; x_wconf 93' lang='lat' dir='ltr'><strong>non</strong></span> <span class='ocrx_word' id='word_1_529' title='bbox 2081 3884 2206 3924; x_wconf 84' lang='lat' dir='ltr'><strong>esse</strong></span> 
     </span>
    </p>
   </div>
   <div class='ocr_carea' id='block_1_71' title="bbox 627 3958 2205 4033">
    <p class='ocr_par' dir='ltr' id='par_1_71' title="bbox 627 3958 2205 4033">
     <span class='ocr_line' id='line_1_71' title="bbox 627 3958 2205 4033; baseline -0.01 -6"><span class='ocrx_word' id='word_1_530' title='bbox 627 3971 965 4033; x_wconf 87' lang='lat' dir='ltr'><strong>distinctam,</strong></span> <span class='ocrx_word' id='word_1_531' title='bbox 988 3965 1083 4022; x_wconf 82' lang='lat' dir='ltr'><strong>sed</strong></span> <span class='ocrx_word' id='word_1_532' title='bbox 1112 3965 1321 4021; x_wconf 89' lang='lat' dir='ltr'><strong>unitam</strong></span> <span class='ocrx_word' id='word_1_533' title='bbox 1357 3962 1575 4027; x_wconf 67' lang='lat' dir='ltr'><strong>animae,</strong></span> <span class='ocrx_word' id='word_1_534' title='bbox 1606 3958 1885 4032; x_wconf 84' lang='lat' dir='ltr'><strong>quomodo</strong></span> <span class='ocrx_word' id='word_1_535' title='bbox 1910 3958 2032 4028; x_wconf 91' lang='lat' dir='ltr'><strong>quis</strong></span> <span class='ocrx_word' id='word_1_536' title='bbox 2060 3958 2205 4014; x_wconf 84' lang='lat' dir='ltr'><strong>intra</strong></span> 
     </span>
    </p>
   </div>
   <div class='ocr_carea' id='block_1_72' title="bbox 627 4050 2203 4123">
    <p class='ocr_par' dir='ltr' id='par_1_72' title="bbox 627 4050 2203 4123">
     <span class='ocr_line' id='line_1_72' title="bbox 627 4050 2203 4123; baseline -0.01 -4"><span class='ocrx_word' id='word_1_537' title='bbox 627 4078 690 4119; x_wconf 84' lang='lat' dir='ltr'><strong>se</strong></span> <span class='ocrx_word' id='word_1_538' title='bbox 737 4069 968 4119; x_wconf 82' lang='lat' dir='ltr'><strong>mentem</strong></span> <span class='ocrx_word' id='word_1_539' title='bbox 1003 4054 1269 4120; x_wconf 77' lang='lat' dir='ltr'><strong>reﬂectat.</strong></span> <span class='ocrx_word' id='word_1_540' title='bbox 1320 4053 1608 4123; x_wconf 80' lang='lat' dir='ltr'><strong>Ignorant,</strong></span> <span class='ocrx_word' id='word_1_541' title='bbox 1642 4059 1706 4107; x_wconf 90' lang='lat' dir='ltr'><strong>ut</strong></span> <span class='ocrx_word' id='word_1_542' title='bbox 1738 4054 1977 4115; x_wconf 87' lang='lat' dir='ltr'><strong>videtur,</strong></span> <span class='ocrx_word' id='word_1_543' title='bbox 2031 4050 2203 4106; x_wconf 90' lang='lat' dir='ltr'><strong>aliam</strong></span> 
     </span>
    </p>
   </div>
   <div class='ocr_carea' id='block_1_73' title="bbox 627 4143 2202 4214">
    <p class='ocr_par' dir='ltr' id='par_1_73' title="bbox 627 4143 2202 4214">
     <span class='ocr_line' id='line_1_73' title="bbox 627 4143 2202 4214; baseline -0.008 -4"><span class='ocrx_word' id='word_1_544' title='bbox 627 4153 973 4211; x_wconf 86' lang='lat' dir='ltr'><strong>essementis</strong></span> <span class='ocrx_word' id='word_1_545' title='bbox 1000 4149 1323 4213; x_wconf 84' lang='lat' dir='ltr'><strong>essentiam,</strong></span> <span class='ocrx_word' id='word_1_546' title='bbox 1361 4158 1415 4200; x_wconf 89' lang='lat' dir='ltr'><strong>et</strong></span> <span class='ocrx_word' id='word_1_547' title='bbox 1440 4146 1599 4201; x_wconf 88' lang='lat' dir='ltr'><strong>aliam</strong></span> <span class='ocrx_word' id='word_1_548' title='bbox 1639 4146 1759 4213; x_wconf 82' lang='lat' dir='ltr'><strong>ejus</strong></span> <span class='ocrx_word' id='word_1_549' title='bbox 1791 4143 2202 4214; x_wconf 85' lang='lat' dir='ltr'><strong>operationem.</strong></span> 
     </span>
    </p>
   </div>
   <div class='ocr_carea' id='block_1_74' title="bbox 631 4235 2210 4314">
    <p class='ocr_par' dir='ltr' id='par_1_74' title="bbox 631 4235 2210 4314">
     <span class='ocr_line' id='line_1_74' title="bbox 631 4235 2210 4314; baseline -0.009 -11"><span class='ocrx_word' id='word_1_550' title='bbox 631 4246 729 4303; x_wconf 80' lang='lat' dir='ltr'><strong>Vel</strong></span> <span class='ocrx_word' id='word_1_551' title='bbox 783 4246 967 4314; x_wconf 86' lang='lat' dir='ltr'><strong>potius</strong></span> <span class='ocrx_word' id='word_1_552' title='bbox 1006 4242 1063 4295; x_wconf 89' lang='lat' dir='ltr'><strong>id</strong></span> <span class='ocrx_word' id='word_1_553' title='bbox 1126 4241 1387 4303; x_wconf 88' lang='lat' dir='ltr'><strong>scientes,</strong></span> <span class='ocrx_word' id='word_1_554' title='bbox 1434 4236 1823 4306; x_wconf 83' lang='lat' dir='ltr'><strong>deceptoribus</strong></span> <span class='ocrx_word' id='word_1_555' title='bbox 1872 4235 2016 4287; x_wconf 92' lang='lat' dir='ltr'><strong>ultro</strong></span> <span class='ocrx_word' id='word_1_556' title='bbox 2078 4249 2210 4288; x_wconf 80' lang='lat' dir='ltr'><strong>sese</strong></span> 
     </span>
    </p>
   </div>
   <div class='ocr_carea' id='block_1_75' title="bbox 630 4325 2209 4402">
    <p class='ocr_par' dir='ltr' id='par_1_75' title="bbox 630 4325 2209 4402">
     <span class='ocr_line' id='line_1_75' title="bbox 630 4325 2209 4402; baseline -0.01 -6"><span class='ocrx_word' id='word_1_557' title='bbox 630 4339 983 4402; x_wconf 87' lang='lat' dir='ltr'><strong>addiderunt,</strong></span> <span class='ocrx_word' id='word_1_558' title='bbox 1040 4349 1071 4390; x_wconf 88' lang='lat' dir='ltr'><strong>e</strong></span> <span class='ocrx_word' id='word_1_559' title='bbox 1120 4333 1408 4388; x_wconf 81' lang='lat' dir='ltr'><strong>verborum</strong></span> <span class='ocrx_word' id='word_1_560' title='bbox 1466 4326 1930 4387; x_wconf 87' lang='lat' dir='ltr'><strong>consitnilitudine</strong></span> <span class='ocrx_word' id='word_1_561' title='bbox 1962 4325 2209 4395; x_wconf 86' lang='lat' dir='ltr'><strong>captiun-</strong></span> 
     </span>
    </p>
   </div>
   <div class='ocr_carea' id='block_1_76' title="bbox 630 4416 2211 4490">
    <p class='ocr_par' dir='ltr' id='par_1_76' title="bbox 630 4416 2211 4490">
     <span class='ocr_line' id='line_1_76' title="bbox 630 4416 2211 4490; baseline -0.011 -4"><span class='ocrx_word' id='word_1_562' title='bbox 630 4434 785 4486; x_wconf 87' lang='lat' dir='ltr'><strong>culas</strong></span> <span class='ocrx_word' id='word_1_563' title='bbox 808 4437 1068 4485; x_wconf 87' lang='lat' dir='ltr'><strong>eruentes</strong></span> <span class='ocrx_word' id='word_1_564' title='bbox 1112 4439 1130 4482; x_wconf 69' lang='grc' dir='ltr'><strong>ι</strong></span> <span class='ocrx_word' id='word_1_565' title='bbox 1170 4422 1263 4490; x_wconf 90' lang='lat' dir='ltr'><strong>qui</strong></span> <span class='ocrx_word' id='word_1_566' title='bbox 1290 4421 1433 4477; x_wconf 90' lang='lat' dir='ltr'><strong>enim</strong></span> <span class='ocrx_word' id='word_1_567' title='bbox 1463 4435 1532 4475; x_wconf 77' lang='lat' dir='ltr'><strong>ex</strong></span> <span class='ocrx_word' id='word_1_568' title='bbox 1566 4417 1851 4473; x_wconf 85' lang='lat' dir='ltr'><strong>dialectica</strong></span> <span class='ocrx_word' id='word_1_569' title='bbox 1884 4416 1951 4469; x_wconf 87' lang='lat' dir='ltr'><strong>ad</strong></span> <span class='ocrx_word' id='word_1_570' title='bbox 1988 4424 2211 4471; x_wconf 51' lang='lat' dir='ltr'><strong>contra..-</strong></span> 
     </span>
    </p>
   </div>
   <div class='ocr_carea' id='block_1_77' title="bbox 634 4507 2211 4579">
    <p class='ocr_par' dir='ltr' id='par_1_77' title="bbox 634 4507 2211 4579">
     <span class='ocr_line' id='line_1_77' title="bbox 634 4507 2211 4579; baseline -0.008 -3"><span class='ocrx_word' id='word_1_571' title='bbox 634 4521 903 4579; x_wconf 86' lang='lat' dir='ltr'><strong>dictiones</strong></span> <span class='ocrx_word' id='word_1_572' title='bbox 929 4522 1296 4577; x_wconf 76' lang='lat' dir='ltr'><strong>exacuuntnr,</strong></span> <span class='ocrx_word' id='word_1_573' title='bbox 1323 4511 1472 4578; x_wconf 77' lang='lat' dir='ltr'><strong>iuxta</strong></span> <span class='ocrx_word' id='word_1_574' title='bbox 1505 4524 1765 4578; x_wconf 79' lang='lat' dir='ltr'><strong>magnum</strong></span> <span class='ocrx_word' id='word_1_575' title='bbox 1816 4507 2097 4573; x_wconf 79' lang='lat' dir='ltr'><strong>Basiliam,</strong></span> <span class='ocrx_word' id='word_1_576' title='bbox 2124 4523 2211 4563; x_wconf 90' lang='lat' dir='ltr'><strong>re-</strong></span> 
     </span>
    </p>
   </div>
   <div class='ocr_carea' id='block_1_78' title="bbox 2314 3329 3879 3404">
    <p class='ocr_par' dir='ltr' id='par_1_78' title="bbox 2314 3329 3879 3404">
     <span class='ocr_line' id='line_1_78' title="bbox 2314 3329 3879 3404; baseline -0.005 -18"><span class='ocrx_word' id='word_1_577' title='bbox 2314 3336 2428 3404; x_wconf 89' lang='grc' dir='ltr'>ρεῖν</span> <span class='ocrx_word' id='word_1_578' title='bbox 2481 3333 2628 3395; x_wconf 72' lang='grc' dir='ltr'>ἐντος</span> <span class='ocrx_word' id='word_1_579' title='bbox 2677 3332 2770 3386; x_wconf 86' lang='grc' dir='ltr'><strong>τοῦ</strong></span> <span class='ocrx_word' id='word_1_580' title='bbox 2815 3348 2875 3383; x_wconf 87' lang='grc' dir='ltr'><strong>τε</strong></span> <span class='ocrx_word' id='word_1_581' title='bbox 2929 3330 3201 3399; x_wconf 87' lang='grc' dir='ltr'>σώματος,</span> <span class='ocrx_word' id='word_1_582' title='bbox 3248 3331 3343 3383; x_wconf 74' lang='grc' dir='ltr'>καὶ</span> <span class='ocrx_word' id='word_1_583' title='bbox 3390 3330 3587 3383; x_wconf 77' lang='grc' dir='ltr'>ἑαυτοῦ</span> <span class='ocrx_word' id='word_1_584' title='bbox 3632 3330 3723 3382; x_wconf 72' lang='grc' dir='ltr'><strong>τὸν</strong></span> <span class='ocrx_word' id='word_1_585' title='bbox 3766 3329 3879 3381; x_wconf 67' lang='grc' dir='ltr'>νοῦν</span> 
     </span>
    </p>
   </div>
   <div class='ocr_carea' id='block_1_79' title="bbox 2314 3418 3880 3490">
    <p class='ocr_par' dir='ltr' id='par_1_79' title="bbox 2314 3418 3880 3490">
     <span class='ocr_line' id='line_1_79' title="bbox 2314 3418 3880 3490; baseline -0.003 -15"><span class='ocrx_word' id='word_1_586' title='bbox 2314 3423 2684 3490; x_wconf 79' lang='grc' dir='ltr'>ἐπαναγαγεῖν</span> <span class='ocrx_word' id='word_1_587' title='bbox 2703 3422 2949 3490; x_wconf 71' lang='grc' dir='ltr'>ἀνάγκης</span> <span class='ocrx_word' id='word_1_588' title='bbox 2969 3420 3044 3473; x_wconf 78' lang='grc' dir='ltr'>Τὸ</span> <span class='ocrx_word' id='word_1_589' title='bbox 3059 3421 3102 3473; x_wconf 86' lang='grc' dir='ltr'>δ’</span> <span class='ocrx_word' id='word_1_590' title='bbox 3121 3420 3226 3485; x_wconf 82' lang='grc' dir='ltr'>ἔξω</span> <span class='ocrx_word' id='word_1_591' title='bbox 3247 3421 3337 3472; x_wconf 73' lang='grc' dir='ltr'><strong>τὸν</strong></span> <span class='ocrx_word' id='word_1_592' title='bbox 3357 3418 3479 3473; x_wconf 84' lang='grc' dir='ltr'>νοῦν</span> <span class='ocrx_word' id='word_1_593' title='bbox 3498 3420 3560 3471; x_wconf 70' lang='grc' dir='ltr'><strong>οὐ</strong></span> <span class='ocrx_word' id='word_1_594' title='bbox 3581 3419 3675 3471; x_wconf 84' lang='grc' dir='ltr'><strong>τοῦ</strong></span> <span class='ocrx_word' id='word_1_595' title='bbox 3702 3436 3880 3487; x_wconf 86' lang='grc' dir='ltr'>σωμα-</span> 
     </span>
    </p>
   </div>
   <div class='ocr_carea' id='block_1_80' title="bbox 2313 3510 3875 3584">
    <p class='ocr_par' dir='ltr' id='par_1_80' title="bbox 2313 3510 3875 3584">
     <span class='ocr_line' id='line_1_80' title="bbox 2313 3510 3875 3584; baseline -0.006 -16"><span class='ocrx_word' id='word_1_596' title='bbox 2313 3513 2465 3568; x_wconf 87' lang='grc' dir='ltr'>τικοῦ</span> <span class='ocrx_word' id='word_1_597' title='bbox 2514 3515 2884 3584; x_wconf 77' lang='grc' dir='ltr'>φρονήματος.</span> <span class='ocrx_word' id='word_1_598' title='bbox 2915 3512 3031 3564; x_wconf 82' lang='grc' dir='ltr'>ἀλλ’</span> <span class='ocrx_word' id='word_1_599' title='bbox 3062 3510 3226 3565; x_wconf 87' lang='grc' dir='ltr'>αὐτοῦ</span> <span class='ocrx_word' id='word_1_600' title='bbox 3268 3512 3362 3563; x_wconf 86' lang='grc' dir='ltr'><strong>τοῦ</strong></span> <span class='ocrx_word' id='word_1_601' title='bbox 3398 3510 3653 3578; x_wconf 79' lang='grc' dir='ltr'>σώματος</span> <span class='ocrx_word' id='word_1_602' title='bbox 3693 3512 3875 3567; x_wconf 82' lang='grc' dir='ltr'>ποιεῖν,</span> 
     </span>
    </p>
   </div>
   <div class='ocr_carea' id='block_1_81' title="bbox 2314 3598 3880 3672">
    <p class='ocr_par' dir='ltr' id='par_1_81' title="bbox 2314 3598 3880 3672">
     <span class='ocr_line' id='line_1_81' title="bbox 2314 3598 3880 3672; baseline -0.004 -16"><span class='ocrx_word' id='word_1_603' title='bbox 2314 3604 2389 3667; x_wconf 84' lang='grc' dir='ltr'>ὡς</span> <span class='ocrx_word' id='word_1_604' title='bbox 2413 3605 2529 3656; x_wconf 81' lang='grc' dir='ltr'>ἐκεῖ</span> <span class='ocrx_word' id='word_1_605' title='bbox 2580 3604 2784 3672; x_wconf 88' lang='grc' dir='ltr'>νοεροῖς</span> <span class='ocrx_word' id='word_1_606' title='bbox 2831 3602 3101 3671; x_wconf 82' lang='grc' dir='ltr'>θεάμασιν</span> <span class='ocrx_word' id='word_1_607' title='bbox 3147 3601 3380 3669; x_wconf 77' lang='grc' dir='ltr'>ἐντύχοι,</span> <span class='ocrx_word' id='word_1_608' title='bbox 3422 3600 3524 3669; x_wconf 80' lang='grc' dir='ltr'>τῆς</span> <span class='ocrx_word' id='word_1_609' title='bbox 3566 3598 3880 3669; x_wconf 70' lang='grc' dir='ltr'>Ἑλληνικῆς</span> 
     </span>
    </p>
   </div>
   <div class='ocr_carea' id='block_1_82' title="bbox 2315 3692 3879 3764">
    <p class='ocr_par' dir='ltr' id='par_1_82' title="bbox 2315 3692 3879 3764">
     <span class='ocr_line' id='line_1_82' title="bbox 2315 3692 3879 3764; baseline -0.004 -17"><span class='ocrx_word' id='word_1_610' title='bbox 2315 3696 2434 3749; x_wconf 79' lang='grc' dir='ltr'>ἐστι</span> <span class='ocrx_word' id='word_1_611' title='bbox 2465 3693 2670 3764; x_wconf 78' lang='grc' dir='ltr'>πλάνης</span> <span class='ocrx_word' id='word_1_612' title='bbox 2708 3692 2840 3746; x_wconf 78' lang='grc' dir='ltr'>αὐτὸ</span> <span class='ocrx_word' id='word_1_613' title='bbox 2888 3692 2949 3751; x_wconf 82' lang='grc' dir='ltr'>τὸ</span> <span class='ocrx_word' id='word_1_614' title='bbox 2986 3693 3299 3763; x_wconf 76' lang='grc' dir='ltr'>κράτιστον,</span> <span class='ocrx_word' id='word_1_615' title='bbox 3329 3693 3424 3745; x_wconf 70' lang='grc' dir='ltr'><strong>καὶ</strong></span> <span class='ocrx_word' id='word_1_616' title='bbox 3455 3692 3639 3760; x_wconf 87' lang='grc' dir='ltr'>πάσης</span> <span class='ocrx_word' id='word_1_617' title='bbox 3666 3692 3879 3743; x_wconf 79' lang='grc' dir='ltr'>κακοδο-</span> 
     </span>
    </p>
   </div>
   <div class='ocr_carea' id='block_1_83' title="bbox 2316 3782 3881 3856">
    <p class='ocr_par' dir='ltr' id='par_1_83' title="bbox 2316 3782 3881 3856">
     <span class='ocr_line' id='line_1_83' title="bbox 2316 3782 3881 3856; baseline -0.003 -18"><span class='ocrx_word' id='word_1_618' title='bbox 2316 3786 2434 3852; x_wconf 83' lang='grc' dir='ltr'>ξίας</span> <span class='ocrx_word' id='word_1_619' title='bbox 2468 3784 2595 3856; x_wconf 78' lang='grc' dir='ltr'>ῥίζα</span> <span class='ocrx_word' id='word_1_620' title='bbox 2616 3787 2707 3838; x_wconf 78' lang='grc' dir='ltr'><strong>καὶ</strong></span> <span class='ocrx_word' id='word_1_621' title='bbox 2733 3786 2884 3855; x_wconf 79' lang='grc' dir='ltr'>πηγή</span> <span class='ocrx_word' id='word_1_622' title='bbox 2912 3801 2923 3813; x_wconf 85' lang='grc'><em>’</em></span> <span class='ocrx_word' id='word_1_623' title='bbox 2950 3783 3220 3855; x_wconf 81' lang='grc' dir='ltr'>δαιμόνων</span> <span class='ocrx_word' id='word_1_624' title='bbox 3243 3782 3465 3854; x_wconf 74' lang='grc' dir='ltr'>εὕρημα</span> <span class='ocrx_word' id='word_1_625' title='bbox 3490 3786 3583 3836; x_wconf 77' lang='grc' dir='ltr'><strong>καὶ</strong></span> <span class='ocrx_word' id='word_1_626' title='bbox 3617 3785 3881 3851; x_wconf 74' lang='grc' dir='ltr'>παίδευμα</span> 
     </span>
    </p>
   </div>
   <div class='ocr_carea' id='block_1_84' title="bbox 2318 3876 3881 3947">
    <p class='ocr_par' dir='ltr' id='par_1_84' title="bbox 2318 3876 3881 3947">
     <span class='ocr_line' id='line_1_84' title="bbox 2318 3876 3881 3947; baseline -0.001 -18"><span class='ocrx_word' id='word_1_627' title='bbox 2318 3877 2636 3946; x_wconf 73' lang='grc' dir='ltr'>γεννητικὸν</span> <span class='ocrx_word' id='word_1_628' title='bbox 2665 3877 2873 3943; x_wconf 75' lang='grc' dir='ltr'><strong>ἀνοίαςι</strong></span> <span class='ocrx_word' id='word_1_629' title='bbox 2908 3878 3002 3930; x_wconf 73' lang='grc' dir='ltr'>καὶ</span> <span class='ocrx_word' id='word_1_630' title='bbox 3050 3876 3297 3947; x_wconf 83' lang='grc' dir='ltr'>γέννημα</span> <span class='ocrx_word' id='word_1_631' title='bbox 3330 3877 3430 3946; x_wconf 82' lang='grc' dir='ltr'>τῆς</span> <span class='ocrx_word' id='word_1_632' title='bbox 3468 3876 3751 3938; x_wconf 87' lang='grc' dir='ltr'>ἀπονοίας.</span> <span class='ocrx_word' id='word_1_633' title='bbox 3799 3877 3881 3927; x_wconf 67' lang='grc' dir='ltr'><strong>Διὸ</strong></span> 
     </span>
    </p>
   </div>
   <div class='ocr_carea' id='block_1_85' title="bbox 2317 3965 3879 4045">
    <p class='ocr_par' dir='ltr' id='par_1_85' title="bbox 2317 3965 3879 4045">
     <span class='ocr_line' id='line_1_85' title="bbox 2317 3965 3879 4045; baseline -0.003 -23"><span class='ocrx_word' id='word_1_634' title='bbox 2317 3969 2425 4045; x_wconf 55' lang='grc' dir='ltr'><strong>καί</strong></span> <span class='ocrx_word' id='word_1_635' title='bbox 2466 3970 2513 4022; x_wconf 82' lang='lat' dir='ltr'><strong>oi</strong></span> <span class='ocrx_word' id='word_1_636' title='bbox 2542 3967 2825 4031; x_wconf 81' lang='grc' dir='ltr'>λαλοῦντες</span> <span class='ocrx_word' id='word_1_637' title='bbox 2872 3968 2936 4020; x_wconf 83' lang='grc' dir='ltr'>ὲκ</span> <span class='ocrx_word' id='word_1_638' title='bbox 2978 3966 3077 4037; x_wconf 82' lang='grc' dir='ltr'>τῆς</span> <span class='ocrx_word' id='word_1_639' title='bbox 3114 3966 3222 4019; x_wconf 83' lang='grc' dir='ltr'>τῶν</span> <span class='ocrx_word' id='word_1_640' title='bbox 3267 3966 3541 4034; x_wconf 83' lang='grc' dir='ltr'>δαιμόνων</span> <span class='ocrx_word' id='word_1_641' title='bbox 3583 3965 3879 4027; x_wconf 73' lang='grc' dir='ltr'>ἐπιπνοίας,</span> 
     </span>
    </p>
   </div>
   <div class='ocr_carea' id='block_1_86' title="bbox 2319 4056 3884 4131">
    <p class='ocr_par' dir='ltr' id='par_1_86' title="bbox 2319 4056 3884 4131">
     <span class='ocr_line' id='line_1_86' title="bbox 2319 4056 3884 4131; baseline -0.003 -17"><span class='ocrx_word' id='word_1_642' title='bbox 2319 4060 2672 4131; x_wconf 76' lang='grc' dir='ltr'>ἐξεστηκότες</span> <span class='ocrx_word' id='word_1_643' title='bbox 2714 4058 2922 4113; x_wconf 80' lang='grc' dir='ltr'>ἑαυτῶν</span> <span class='ocrx_word' id='word_1_644' title='bbox 2954 4059 3060 4121; x_wconf 69' lang='grc' dir='ltr'>εισι</span> <span class='ocrx_word' id='word_1_645' title='bbox 3083 4074 3098 4089; x_wconf 78' lang='lat'><strong><em>°</em></strong></span> <span class='ocrx_word' id='word_1_646' title='bbox 3127 4057 3250 4127; x_wconf 88' lang='grc' dir='ltr'>μηδ’</span> <span class='ocrx_word' id='word_1_647' title='bbox 3280 4056 3413 4110; x_wconf 84' lang='grc' dir='ltr'>αὐτὸ</span> <span class='ocrx_word' id='word_1_648' title='bbox 3435 4057 3593 4110; x_wconf 80' lang='grc' dir='ltr'>τοῦτο</span> <span class='ocrx_word' id='word_1_649' title='bbox 3622 4058 3884 4117; x_wconf 78' lang='grc' dir='ltr'>συνιέντες</span> 
     </span>
    </p>
   </div>
   <div class='ocr_carea' id='block_1_87' title="bbox 2319 4148 3883 4221">
    <p class='ocr_par' dir='ltr' id='par_1_87' title="bbox 2319 4148 3883 4221">
     <span class='ocr_line' id='line_1_87' title="bbox 2319 4148 3883 4221; baseline -0.002 -16"><span class='ocrx_word' id='word_1_650' title='bbox 2319 4153 2348 4205; x_wconf 84' lang='grc' dir='ltr'>ὅ</span> <span class='ocrx_word' id='word_1_651' title='bbox 2372 4170 2427 4206; x_wconf 86' lang='grc' dir='ltr'><strong>τι</strong></span> <span class='ocrx_word' id='word_1_652' title='bbox 2453 4152 2721 4221; x_wconf 81' lang='grc' dir='ltr'>λέγουσιν.</span> <span class='ocrx_word' id='word_1_653' title='bbox 2770 4151 2959 4220; x_wconf 83' lang='grc' dir='ltr'>Ἡμεῖς</span> <span class='ocrx_word' id='word_1_654' title='bbox 2991 4149 3070 4213; x_wconf 85' lang='grc' dir='ltr'><strong>δὲ,</strong></span> <span class='ocrx_word' id='word_1_655' title='bbox 3113 4150 3186 4219; x_wconf 86' lang='grc' dir='ltr'><strong>μὴ</strong></span> <span class='ocrx_word' id='word_1_656' title='bbox 3216 4150 3377 4217; x_wconf 86' lang='grc' dir='ltr'>μόνον</span> <span class='ocrx_word' id='word_1_657' title='bbox 3411 4151 3546 4203; x_wconf 83' lang='grc' dir='ltr'>εῖσω</span> <span class='ocrx_word' id='word_1_658' title='bbox 3575 4148 3673 4203; x_wconf 88' lang='grc' dir='ltr'><strong>τοῦ</strong></span> <span class='ocrx_word' id='word_1_659' title='bbox 3704 4149 3883 4219; x_wconf 80' lang='grc' dir='ltr'>σώμα-</span> 
     </span>
    </p>
   </div>
   <div class='ocr_carea' id='block_1_88' title="bbox 2319 4238 3883 4313">
    <p class='ocr_par' dir='ltr' id='par_1_88' title="bbox 2319 4238 3883 4313">
     <span class='ocr_line' id='line_1_88' title="bbox 2319 4238 3883 4313; baseline -0.003 -16"><span class='ocrx_word' id='word_1_660' title='bbox 2319 4262 2411 4307; x_wconf 89' lang='grc' dir='ltr'><strong>τος</strong></span> <span class='ocrx_word' id='word_1_661' title='bbox 2456 4244 2550 4299; x_wconf 79' lang='grc' dir='ltr'><strong>καὶ</strong></span> <span class='ocrx_word' id='word_1_662' title='bbox 2594 4244 2694 4313; x_wconf 82' lang='grc' dir='ltr'>τῆς</span> <span class='ocrx_word' id='word_1_663' title='bbox 2730 4241 2977 4311; x_wconf 84' lang='grc' dir='ltr'>καρδίας.</span> <span class='ocrx_word' id='word_1_664' title='bbox 3024 4239 3163 4294; x_wconf 85' lang='grc' dir='ltr'>ἀλλὰ</span> <span class='ocrx_word' id='word_1_665' title='bbox 3214 4240 3308 4293; x_wconf 73' lang='grc' dir='ltr'>καὶ</span> <span class='ocrx_word' id='word_1_666' title='bbox 3353 4239 3446 4293; x_wconf 71' lang='grc' dir='ltr'><strong>τὸν</strong></span> <span class='ocrx_word' id='word_1_667' title='bbox 3493 4239 3680 4306; x_wconf 73' lang='grc' dir='ltr'>αὑτὸν,</span> <span class='ocrx_word' id='word_1_668' title='bbox 3727 4238 3883 4300; x_wconf 76' lang='grc' dir='ltr'>αὑτοῦ</span> 
     </span>
    </p>
   </div>
   <div class='ocr_carea' id='block_1_89' title="bbox 2322 4330 3885 4404">
    <p class='ocr_par' dir='ltr' id='par_1_89' title="bbox 2322 4330 3885 4404">
     <span class='ocr_line' id='line_1_89' title="bbox 2322 4330 3885 4404; baseline -0.005 -15"><span class='ocrx_word' id='word_1_669' title='bbox 2322 4334 2487 4395; x_wconf 84' lang='grc' dir='ltr'>πάλιν</span> <span class='ocrx_word' id='word_1_670' title='bbox 2533 4332 2826 4404; x_wconf 70' lang='grc' dir='ltr'>πέμπομεν</span> <span class='ocrx_word' id='word_1_671' title='bbox 2857 4332 2949 4384; x_wconf 84' lang='grc' dir='ltr'><strong>τὸν</strong></span> <span class='ocrx_word' id='word_1_672' title='bbox 2990 4330 3133 4386; x_wconf 82' lang='grc' dir='ltr'>νοῦν.</span> <span class='ocrx_word' id='word_1_673' title='bbox 3163 4331 3664 4401; x_wconf 84' lang='grc' dir='ltr'>Κατηγορείτωσαν</span> <span class='ocrx_word' id='word_1_674' title='bbox 3698 4330 3885 4385; x_wconf 76' lang='grc' dir='ltr'>οὐκοῦν</span> 
     </span>
    </p>
   </div>
   <div class='ocr_carea' id='block_1_90' title="bbox 2322 4421 3885 4495">
    <p class='ocr_par' dir='ltr' id='par_1_90' title="bbox 2322 4421 3885 4495">
     <span class='ocr_line' id='line_1_90' title="bbox 2322 4421 3885 4495; baseline -0.003 -15"><span class='ocrx_word' id='word_1_675' title='bbox 2322 4427 2373 4480; x_wconf 76' lang='lat' dir='ltr'><strong>oi</strong></span> <span class='ocrx_word' id='word_1_676' title='bbox 2406 4425 2657 4493; x_wconf 84' lang='grc' dir='ltr'>λέγοντες</span> <span class='ocrx_word' id='word_1_677' title='bbox 2694 4423 2771 4495; x_wconf 80' lang='grc' dir='ltr'>μὴ</span> <span class='ocrx_word' id='word_1_678' title='bbox 2815 4423 3241 4493; x_wconf 81' lang='grc' dir='ltr'>κεχωρισμένον,</span> <span class='ocrx_word' id='word_1_679' title='bbox 3275 4421 3391 4475; x_wconf 75' lang='grc' dir='ltr'>ἀλλ’</span> <span class='ocrx_word' id='word_1_680' title='bbox 3421 4423 3610 4475; x_wconf 77' lang='grc' dir='ltr'>ἐνόντα</span> <span class='ocrx_word' id='word_1_681' title='bbox 3634 4425 3699 4493; x_wconf 79' lang='grc' dir='ltr'>τῇ</span> <span class='ocrx_word' id='word_1_682' title='bbox 3728 4423 3885 4493; x_wconf 70' lang='grc' dir='ltr'>ψυχῇ,</span> 
     </span>
    </p>
   </div>
   <div class='ocr_carea' id='block_1_91' title="bbox 2322 4511 3886 4586">
    <p class='ocr_par' dir='ltr' id='par_1_91' title="bbox 2322 4511 3886 4586">
     <span class='ocr_line' id='line_1_91' title="bbox 2322 4511 3886 4586; baseline -0.004 -14"><span class='ocrx_word' id='word_1_683' title='bbox 2322 4517 2441 4582; x_wconf 85' lang='grc' dir='ltr'>πῶς</span> <span class='ocrx_word' id='word_1_684' title='bbox 2475 4516 2542 4571; x_wconf 80' lang='grc' dir='ltr'><strong>ἂν</strong></span> <span class='ocrx_word' id='word_1_685' title='bbox 2563 4511 2718 4580; x_wconf 79' lang='grc' dir='ltr'>αὖθις</span> <span class='ocrx_word' id='word_1_686' title='bbox 2760 4515 2893 4570; x_wconf 73' lang='grc' dir='ltr'>εἵσω</span> <span class='ocrx_word' id='word_1_687' title='bbox 2932 4516 3141 4586; x_wconf 78' lang='grc' dir='ltr'>πέμποι</span> <span class='ocrx_word' id='word_1_688' title='bbox 3169 4533 3257 4579; x_wconf 89' lang='grc' dir='ltr'><strong>τις</strong></span> <span class='ocrx_word' id='word_1_689' title='bbox 3284 4515 3379 4569; x_wconf 79' lang='grc' dir='ltr'>τὸν</span> <span class='ocrx_word' id='word_1_690' title='bbox 3414 4516 3573 4581; x_wconf 85' lang='grc' dir='ltr'><strong>νοῦν;</strong></span> <span class='ocrx_word' id='word_1_691' title='bbox 3615 4516 3886 4585; x_wconf 78' lang='grc' dir='ltr'>’Δγνοοῦσι</span> 
     </span>
    </p>
   </div>
   <div class='ocr_carea' id='block_1_92' title="bbox 635 4589 2198 4687">
    <p class='ocr_par' dir='ltr' id='par_1_92' title="bbox 635 4597 2198 4687">
     <span class='ocr_line' id='line_1_92' title="bbox 635 4597 2198 4687; baseline -0.01 -21"><span class='ocrx_word' id='word_1_692' title='bbox 635 4611 836 4687; x_wconf 76' lang='lat' dir='ltr'><strong>jiciunt</strong></span> <span class='ocrx_word' id='word_1_693' title='bbox 869 4603 1172 4680; x_wconf 81' lang='lat' dir='ltr'><strong>spiritualia</strong></span> <span class='ocrx_word' id='word_1_694' title='bbox 1198 4601 1463 4658; x_wconf 72' lang='lat' dir='ltr'><strong>doctrinae</strong></span> <span class='ocrx_word' id='word_1_695' title='bbox 1489 4597 1929 4669; x_wconf 85' lang='lat' dir='ltr'><strong>simplicitatem,</strong></span> <span class='ocrx_word' id='word_1_696' title='bbox 1955 4605 2011 4653; x_wconf 85' lang='lat' dir='ltr'><strong>et</strong></span> <span class='ocrx_word' id='word_1_697' title='bbox 2042 4612 2198 4653; x_wconf 69' lang='lat' dir='ltr'><strong>ever«</strong></span> 
     </span>
    </p>
   </div>
   <div class='ocr_carea' id='block_1_93' title="bbox 2308 4589 3886 4687">
    <p class='ocr_par' dir='ltr' id='par_1_93' title="bbox 2323 4607 3886 4684">
     <span class='ocr_line' id='line_1_93' title="bbox 2323 4607 3886 4684; baseline -0.004 -17"><span class='ocrx_word' id='word_1_698' title='bbox 2323 4611 2555 4684; x_wconf 81' lang='grc' dir='ltr'>γάρ,ὼς</span> <span class='ocrx_word' id='word_1_699' title='bbox 2598 4610 2793 4674; x_wconf 74' lang='grc' dir='ltr'>ἔοικεν,</span> <span class='ocrx_word' id='word_1_700' title='bbox 2840 4611 2924 4662; x_wconf 87' lang='grc' dir='ltr'><strong>δτι</strong></span> <span class='ocrx_word' id='word_1_701' title='bbox 2974 4608 3103 4663; x_wconf 80' lang='grc' dir='ltr'>ἄλλο</span> <span class='ocrx_word' id='word_1_702' title='bbox 3149 4610 3248 4679; x_wconf 85' lang='grc' dir='ltr'>μὲν</span> <span class='ocrx_word' id='word_1_703' title='bbox 3300 4609 3457 4663; x_wconf 78' lang='grc' dir='ltr'>οὐσία</span> <span class='ocrx_word' id='word_1_704' title='bbox 3503 4608 3645 4671; x_wconf 77' lang='grc' dir='ltr'>νοὸς,</span> <span class='ocrx_word' id='word_1_705' title='bbox 3681 4607 3886 4663; x_wconf 79' lang='grc' dir='ltr'>ἄλλοᾶ</span> 
     </span>
    </p>
   </div>
   <div class='ocr_carea' id='block_1_94' title="bbox 641 4686 2208 4762">
    <p class='ocr_par' dir='ltr' id='par_1_94' title="bbox 641 4686 2208 4762">
     <span class='ocr_line' id='line_1_94' title="bbox 641 4686 2208 4762; baseline -0.009 -3"><span class='ocrx_word' id='word_1_706' title='bbox 641 4712 762 4760; x_wconf 89' lang='lat' dir='ltr'><strong>tunt</strong></span> <span class='ocrx_word' id='word_1_707' title='bbox 793 4702 902 4757; x_wconf 90' lang='lat' dir='ltr'><strong>vim</strong></span> <span class='ocrx_word' id='word_1_708' title='bbox 946 4696 1220 4762; x_wconf 85' lang='lat' dir='ltr'><strong>veritatis,</strong></span> <span class='ocrx_word' id='word_1_709' title='bbox 1256 4694 1308 4748; x_wconf 91' lang='lat' dir='ltr'><strong>ei</strong></span> <span class='ocrx_word' id='word_1_710' title='bbox 1336 4692 1664 4762; x_wconf 88' lang='lat' dir='ltr'><strong>opponendo</strong></span> <span class='ocrx_word' id='word_1_711' title='bbox 1692 4686 1889 4746; x_wconf 84' lang='lat' dir='ltr'><strong>falsam</strong></span> <span class='ocrx_word' id='word_1_712' title='bbox 1924 4690 2208 4746; x_wconf 78' lang='lat' dir='ltr'><strong>scientiam</strong></span> 
     </span>
    </p>
   </div>
   <div class='ocr_carea' id='block_1_95' title="bbox 637 4782 2212 4867">
    <p class='ocr_par' dir='ltr' id='par_1_95' title="bbox 637 4782 2212 4867">
     <span class='ocr_line' id='line_1_95' title="bbox 637 4782 2212 4867; baseline -0.011 -13"><span class='ocrx_word' id='word_1_713' title='bbox 637 4806 693 4856; x_wconf 89' lang='lat' dir='ltr'><strong>et</strong></span> <span class='ocrx_word' id='word_1_714' title='bbox 721 4795 1113 4867; x_wconf 83' lang='lat' dir='ltr'><strong>sophismatum</strong></span> <span class='ocrx_word' id='word_1_715' title='bbox 1137 4783 1573 4858; x_wconf 73' lang='lat' dir='ltr'><strong>argutiunculas.</strong></span> <span class='ocrx_word' id='word_1_716' title='bbox 1604 4783 1672 4842; x_wconf 82' lang='lat' dir='ltr'><strong>Et</strong></span> <span class='ocrx_word' id='word_1_717' title='bbox 1693 4782 1774 4839; x_wconf 84' lang='lat' dir='ltr'><strong>sic</strong></span> <span class='ocrx_word' id='word_1_718' title='bbox 1798 4792 1965 4853; x_wconf 77' lang='lat' dir='ltr'><strong>agant</strong></span> <span class='ocrx_word' id='word_1_719' title='bbox 1990 4790 2212 4837; x_wconf 80' lang='lat' dir='ltr'><strong>necesse</strong></span> 
     </span>
    </p>
   </div>
   <div class='ocr_carea' id='block_1_96' title="bbox 638 4875 2212 4958">
    <p class='ocr_par' dir='ltr' id='par_1_96' title="bbox 638 4875 2212 4958">
     <span class='ocr_line' id='line_1_96' title="bbox 638 4875 2212 4958; baseline -0.01 -13"><span class='ocrx_word' id='word_1_720' title='bbox 638 4889 850 4958; x_wconf 86' lang='lat' dir='ltr'><strong>estqui</strong></span> <span class='ocrx_word' id='word_1_721' title='bbox 907 4900 1015 4942; x_wconf 94' lang='lat' dir='ltr'><strong>non</strong></span> <span class='ocrx_word' id='word_1_722' title='bbox 1073 4890 1204 4939; x_wconf 88' lang='lat' dir='ltr'><strong>sunt</strong></span> <span class='ocrx_word' id='word_1_723' title='bbox 1257 4877 1591 4950; x_wconf 84' lang='lat' dir='ltr'><strong>spirituales,</strong></span> <span class='ocrx_word' id='word_1_724' title='bbox 1623 4884 1678 4933; x_wconf 89' lang='lat' dir='ltr'><strong>et</strong></span> <span class='ocrx_word' id='word_1_725' title='bbox 1716 4890 1778 4932; x_wconf 91' lang='lat' dir='ltr'><strong>se</strong></span> <span class='ocrx_word' id='word_1_726' title='bbox 1805 4875 1996 4946; x_wconf 72' lang='lat' dir='ltr'><strong>dignos</strong></span> <span class='ocrx_word' id='word_1_727' title='bbox 2028 4885 2212 4930; x_wconf 88' lang='lat' dir='ltr'><strong>tamen</strong></span> 
     </span>
    </p>
   </div>
   <div class='ocr_carea' id='block_1_97' title="bbox 642 4967 2215 5051">
    <p class='ocr_par' dir='ltr' id='par_1_97' title="bbox 642 4967 2215 5051">
     <span class='ocr_line' id='line_1_97' title="bbox 642 4967 2215 5051; baseline -0.01 -14"><span class='ocrx_word' id='word_1_728' title='bbox 642 4982 851 5037; x_wconf 90' lang='lat' dir='ltr'><strong>ducunt</strong></span> <span class='ocrx_word' id='word_1_729' title='bbox 880 4977 972 5051; x_wconf 88' lang='lat' dir='ltr'><strong>qui</strong></span> <span class='ocrx_word' id='word_1_730' title='bbox 1005 4972 1313 5046; x_wconf 91' lang='lat' dir='ltr'><strong>spiritualia</strong></span> <span class='ocrx_word' id='word_1_731' title='bbox 1343 4968 1592 5040; x_wconf 84' lang='lat' dir='ltr'><strong>judicent</strong></span> <span class='ocrx_word' id='word_1_732' title='bbox 1625 4984 1691 5024; x_wconf 90' lang='lat' dir='ltr'><strong>ac</strong></span> <span class='ocrx_word' id='word_1_733' title='bbox 1744 4970 1997 5024; x_wconf 88' lang='lat' dir='ltr'><strong>doceant.</strong></span> <span class='ocrx_word' id='word_1_734' title='bbox 2026 4967 2215 5037; x_wconf 90' lang='lat' dir='ltr'><strong>Neque</strong></span> 
     </span>
    </p>
   </div>
   <div class='ocr_carea' id='block_1_98' title="bbox 643 5060 2213 5142">
    <p class='ocr_par' dir='ltr' id='par_1_98' title="bbox 643 5060 2213 5142">
     <span class='ocr_line' id='line_1_98' title="bbox 643 5060 2213 5142; baseline -0.008 -15"><span class='ocrx_word' id='word_1_735' title='bbox 643 5072 788 5127; x_wconf 81' lang='lat' dir='ltr'><strong>enim</strong></span> <span class='ocrx_word' id='word_1_736' title='bbox 808 5071 1062 5142; x_wconf 77' lang='lat' dir='ltr'><strong>ignorant</strong></span> <span class='ocrx_word' id='word_1_737' title='bbox 1093 5074 1327 5121; x_wconf 82' lang='lat' dir='ltr'><strong>mentem</strong></span> <span class='ocrx_word' id='word_1_738' title='bbox 1360 5077 1467 5118; x_wconf 88' lang='lat' dir='ltr'><strong>non</strong></span> <span class='ocrx_word' id='word_1_739' title='bbox 1502 5076 1624 5117; x_wconf 85' lang='lat' dir='ltr'><strong>esse</strong></span> <span class='ocrx_word' id='word_1_740' title='bbox 1655 5060 1801 5116; x_wconf 91' lang='lat' dir='ltr'><strong>oculi</strong></span> <span class='ocrx_word' id='word_1_741' title='bbox 1837 5062 2094 5124; x_wconf 84' lang='lat' dir='ltr'><strong>similem,</strong></span> <span class='ocrx_word' id='word_1_742' title='bbox 2122 5062 2213 5130; x_wconf 91' lang='lat' dir='ltr'><strong>qui</strong></span> 
     </span>
    </p>
   </div>
   <div class='ocr_carea' id='block_1_99' title="bbox 645 5148 2215 5225">
    <p class='ocr_par' dir='ltr' id='par_1_99' title="bbox 645 5148 2215 5225">
     <span class='ocr_line' id='line_1_99' title="bbox 645 5148 2215 5225; baseline -0.01 -7"><span class='ocrx_word' id='word_1_743' title='bbox 645 5172 847 5218; x_wconf 83' lang='lat' dir='ltr'><strong>caetera</strong></span> <span class='ocrx_word' id='word_1_744' title='bbox 887 5157 1123 5214; x_wconf 87' lang='lat' dir='ltr'><strong>visibilia</strong></span> <span class='ocrx_word' id='word_1_745' title='bbox 1146 5154 1359 5219; x_wconf 86' lang='lat' dir='ltr'><strong>videns,</strong></span> <span class='ocrx_word' id='word_1_746' title='bbox 1391 5155 1630 5225; x_wconf 85' lang='lat' dir='ltr'><strong>seipsum</strong></span> <span class='ocrx_word' id='word_1_747' title='bbox 1661 5167 1768 5209; x_wconf 84' lang='lat' dir='ltr'><strong>non</strong></span> <span class='ocrx_word' id='word_1_748' title='bbox 1802 5150 1966 5205; x_wconf 87' lang='lat' dir='ltr'><strong>videt.</strong></span> <span class='ocrx_word' id='word_1_749' title='bbox 1999 5148 2105 5206; x_wconf 88' lang='lat' dir='ltr'><strong>Sed</strong></span> <span class='ocrx_word' id='word_1_750' title='bbox 2133 5152 2215 5205; x_wconf 80' lang='lat' dir='ltr'><strong>in-</strong></span> 
     </span>
    </p>
   </div>
   <div class='ocr_carea' id='block_1_100' title="bbox 645 5243 2215 5317">
    <p class='ocr_par' dir='ltr' id='par_1_100' title="bbox 645 5243 2215 5317">
     <span class='ocr_line' id='line_1_100' title="bbox 645 5243 2215 5317; baseline -0.009 -7"><span class='ocrx_word' id='word_1_751' title='bbox 645 5255 897 5311; x_wconf 87' lang='lat' dir='ltr'><strong>tellectus</strong></span> <span class='ocrx_word' id='word_1_752' title='bbox 921 5250 992 5306; x_wconf 89' lang='lat' dir='ltr'><strong>ad</strong></span> <span class='ocrx_word' id='word_1_753' title='bbox 1027 5249 1137 5303; x_wconf 90' lang='lat' dir='ltr'><strong>alia</strong></span> <span class='ocrx_word' id='word_1_754' title='bbox 1175 5247 1396 5317; x_wconf 83' lang='lat' dir='ltr'><strong>quidem</strong></span> <span class='ocrx_word' id='word_1_755' title='bbox 1438 5260 1561 5316; x_wconf 80' lang='lat' dir='ltr'><strong>qua:</strong></span> <span class='ocrx_word' id='word_1_756' title='bbox 1588 5244 1859 5313; x_wconf 85' lang='lat' dir='ltr'><strong>inspicere</strong></span> <span class='ocrx_word' id='word_1_757' title='bbox 1895 5244 2078 5309; x_wconf 90' lang='lat' dir='ltr'><strong>debet,</strong></span> <span class='ocrx_word' id='word_1_758' title='bbox 2132 5243 2215 5297; x_wconf 87' lang='lat' dir='ltr'><strong>di-</strong></span> 
     </span>
    </p>
   </div>
   <div class='ocr_carea' id='block_1_101' title="bbox 645 5334 2212 5405">
    <p class='ocr_par' dir='ltr' id='par_1_101' title="bbox 645 5334 2212 5405">
     <span class='ocr_line' id='line_1_101' title="bbox 645 5334 2212 5405; baseline -0.011 -2"><span class='ocrx_word' id='word_1_759' title='bbox 645 5355 796 5403; x_wconf 86' lang='lat' dir='ltr'><strong>recto</strong></span> <span class='ocrx_word' id='word_1_760' title='bbox 827 5357 890 5401; x_wconf 88' lang='lat' dir='ltr'><strong>se</strong></span> <span class='ocrx_word' id='word_1_761' title='bbox 921 5348 1100 5397; x_wconf 87' lang='lat' dir='ltr'><strong>movet</strong></span> <span class='ocrx_word' id='word_1_762' title='bbox 1126 5345 1299 5405; x_wconf 91' lang='lat' dir='ltr'><strong>motu,</strong></span> <span class='ocrx_word' id='word_1_763' title='bbox 1332 5346 1394 5391; x_wconf 91' lang='lat' dir='ltr'><strong>ut</strong></span> <span class='ocrx_word' id='word_1_764' title='bbox 1427 5339 1506 5392; x_wconf 89' lang='lat' dir='ltr'><strong>ait</strong></span> <span class='ocrx_word' id='word_1_765' title='bbox 1534 5350 1760 5401; x_wconf 64' lang='lat' dir='ltr'><strong>magnus</strong></span> <span class='ocrx_word' id='word_1_766' title='bbox 1798 5334 2085 5405; x_wconf 87' lang='lat' dir='ltr'><strong>Dionysius</strong></span> <span class='ocrx_word' id='word_1_767' title='bbox 2116 5353 2132 5402; x_wconf 87' lang='lat'><strong>;</strong></span> <span class='ocrx_word' id='word_1_768' title='bbox 2159 5338 2212 5391; x_wconf 84' lang='lat' dir='ltr'><strong>in</strong></span> 
     </span>
    </p>
   </div>
   <div class='ocr_carea' id='block_1_102' title="bbox 644 5428 2217 5509">
    <p class='ocr_par' dir='ltr' id='par_1_102' title="bbox 644 5428 2217 5509">
     <span class='ocr_line' id='line_1_102' title="bbox 644 5428 2217 5509; baseline -0.008 -16"><span class='ocrx_word' id='word_1_769' title='bbox 644 5440 884 5509; x_wconf 89' lang='lat' dir='ltr'><strong>seipsam</strong></span> <span class='ocrx_word' id='word_1_770' title='bbox 913 5442 1092 5488; x_wconf 86' lang='lat' dir='ltr'><strong>autem</strong></span> <span class='ocrx_word' id='word_1_771' title='bbox 1125 5429 1442 5493; x_wconf 86' lang='lat' dir='ltr'><strong>revertitur,</strong></span> <span class='ocrx_word' id='word_1_772' title='bbox 1479 5442 1604 5482; x_wconf 89' lang='lat' dir='ltr'><strong>cum</strong></span> <span class='ocrx_word' id='word_1_773' title='bbox 1636 5440 1759 5481; x_wconf 88' lang='lat' dir='ltr'><strong>sese</strong></span> <span class='ocrx_word' id='word_1_774' title='bbox 1791 5441 1946 5481; x_wconf 89' lang='lat' dir='ltr'><strong>mens</strong></span> <span class='ocrx_word' id='word_1_775' title='bbox 1967 5428 2217 5505; x_wconf 81' lang='lat' dir='ltr'><strong>respicit,</strong></span> 
     </span>
    </p>
   </div>
   <div class='ocr_carea' id='block_1_103' title="bbox 642 5518 1937 5601">
    <p class='ocr_par' dir='ltr' id='par_1_103' title="bbox 642 5518 1937 5601">
     <span class='ocr_line' id='line_1_103' title="bbox 642 5518 1937 5601; baseline -0.01 -15"><span class='ocrx_word' id='word_1_776' title='bbox 642 5530 787 5601; x_wconf 90' lang='lat' dir='ltr'><strong>quod</strong></span> <span class='ocrx_word' id='word_1_777' title='bbox 809 5534 1016 5584; x_wconf 88' lang='lat' dir='ltr'><strong>motum</strong></span> <span class='ocrx_word' id='word_1_778' title='bbox 1048 5523 1305 5578; x_wconf 77' lang='lat' dir='ltr'><strong>reﬂexum</strong></span> <span class='ocrx_word' id='word_1_779' title='bbox 1336 5519 1479 5573; x_wconf 84' lang='lat' dir='ltr'><strong>idem</strong></span> <span class='ocrx_word' id='word_1_780' title='bbox 1514 5518 1716 5573; x_wconf 86' lang='lat' dir='ltr'><strong>ibidem</strong></span> <span class='ocrx_word' id='word_1_781' title='bbox 1755 5530 1937 5573; x_wconf 87' lang='lat' dir='ltr'><strong>vocat.</strong></span> 
     </span>
    </p>
   </div>
   <div class='ocr_carea' id='block_1_104' title="bbox 711 5611 2219 5691">
    <p class='ocr_par' dir='ltr' id='par_1_104' title="bbox 711 5611 2219 5691">
     <span class='ocr_line' id='line_1_104' title="bbox 711 5611 2219 5691; baseline -0.009 -13"><span class='ocrx_word' id='word_1_782' title='bbox 711 5621 842 5677; x_wconf 64' lang='lat' dir='ltr'><strong>Hac</strong></span> <span class='ocrx_word' id='word_1_783' title='bbox 889 5633 1053 5691; x_wconf 91' lang='lat' dir='ltr'><strong>porro</strong></span> <span class='ocrx_word' id='word_1_784' title='bbox 1115 5611 1427 5670; x_wconf 87' lang='lat' dir='ltr'><strong>intellectus</strong></span> <span class='ocrx_word' id='word_1_785' title='bbox 1482 5612 1730 5678; x_wconf 87' lang='lat' dir='ltr'><strong>operatio</strong></span> <span class='ocrx_word' id='word_1_786' title='bbox 1772 5612 1964 5666; x_wconf 88' lang='lat' dir='ltr'><strong>melior</strong></span> <span class='ocrx_word' id='word_1_787' title='bbox 2022 5621 2106 5667; x_wconf 91' lang='lat' dir='ltr'><strong>est</strong></span> <span class='ocrx_word' id='word_1_788' title='bbox 2165 5623 2219 5666; x_wconf 92' lang='lat' dir='ltr'><strong>ct</strong></span> 
     </span>
    </p>
   </div>
   <div class='ocr_carea' id='block_1_105' title="bbox 647 5700 2218 5783">
    <p class='ocr_par' dir='ltr' id='par_1_105' title="bbox 647 5700 2218 5783">
     <span class='ocr_line' id='line_1_105' title="bbox 647 5700 2218 5783; baseline -0.006 -17"><span class='ocrx_word' id='word_1_789' title='bbox 647 5714 819 5783; x_wconf 74' lang='lat' dir='ltr'><strong>magis</strong></span> <span class='ocrx_word' id='word_1_790' title='bbox 858 5707 1098 5781; x_wconf 84' lang='lat' dir='ltr'><strong>propria,</strong></span> <span class='ocrx_word' id='word_1_791' title='bbox 1143 5717 1243 5774; x_wconf 87' lang='lat' dir='ltr'><strong>per</strong></span> <span class='ocrx_word' id='word_1_792' title='bbox 1273 5714 1438 5771; x_wconf 86' lang='lat' dir='ltr'><strong>quam</strong></span> <span class='ocrx_word' id='word_1_793' title='bbox 1473 5713 1641 5770; x_wconf 89' lang='lat' dir='ltr'><strong>supra</strong></span> <span class='ocrx_word' id='word_1_794' title='bbox 1664 5700 1901 5770; x_wconf 87' lang='lat' dir='ltr'><strong>scipsum</strong></span> <span class='ocrx_word' id='word_1_795' title='bbox 1925 5701 2218 5772; x_wconf 86' lang='lat' dir='ltr'><strong>aliquando</strong></span> 
     </span>
    </p>
   </div>
   <div class='ocr_carea' id='block_1_106' title="bbox 722 5878 2225 5959">
    <p class='ocr_par' dir='ltr' id='par_1_106' title="bbox 722 5878 2225 5959">
     <span class='ocr_line' id='line_1_106' title="bbox 722 5878 2225 5959; baseline -0.005 -14"><span class='ocrx_word' id='word_1_796' title='bbox 722 5892 741 5921; x_wconf 79' lang='grc'>³</span> <span class='ocrx_word' id='word_1_797' title='bbox 787 5887 927 5945; x_wconf 84' lang='lat' dir='ltr'><strong>Psat.</strong></span> <span class='ocrx_word' id='word_1_798' title='bbox 956 5899 1099 5959; x_wconf 80' lang='lat' dir='ltr'><strong>xuv,</strong></span> <span class='ocrx_word' id='word_1_799' title='bbox 1127 5883 1215 5940; x_wconf 76' lang='grc' dir='ltr'><strong>ιι.</strong></span> <span class='ocrx_word' id='word_1_800' title='bbox 1292 5879 1313 5913; x_wconf 84' lang='grc'>³</span> <span class='ocrx_word' id='word_1_801' title='bbox 1336 5878 1514 5935; x_wconf 79' lang='lat' dir='ltr'><strong>Galat.</strong></span> <span class='ocrx_word' id='word_1_802' title='bbox 1548 5893 1623 5946; x_wconf 87' lang='lat' dir='ltr'><strong>tv,</strong></span> <span class='ocrx_word' id='word_1_803' title='bbox 1653 5878 1704 5934; x_wconf 85' lang='lat'><strong>6.</strong></span> <span class='ocrx_word' id='word_1_804' title='bbox 1783 5880 1955 5938; x_wconf 67' lang='lat' dir='ltr'><strong>‘Luc.</strong></span> <span class='ocrx_word' id='word_1_805' title='bbox 1986 5883 2225 5952; x_wconf 65' lang='lat' dir='ltr'><strong>avn,‘.’l.</strong></span> 
     </span>
    </p>
   </div>
   <div class='ocr_carea' id='block_1_107' title="bbox 2322 4699 3888 4774">
    <p class='ocr_par' dir='ltr' id='par_1_107' title="bbox 2322 4699 3888 4774">
     <span class='ocr_line' id='line_1_107' title="bbox 2322 4699 3888 4774; baseline -0.006 -15"><span class='ocrx_word' id='word_1_806' title='bbox 2322 4705 2594 4774; x_wconf 78' lang='grc' dir='ltr'>ἐνέργεια.</span> <span class='ocrx_word' id='word_1_807' title='bbox 2643 4702 2860 4756; x_wconf 83' lang='grc' dir='ltr'>Μᾶλλον</span> <span class='ocrx_word' id='word_1_808' title='bbox 2903 4700 2959 4753; x_wconf 84' lang='grc' dir='ltr'>δὲ</span> <span class='ocrx_word' id='word_1_809' title='bbox 3006 4699 3228 4763; x_wconf 77' lang='grc' dir='ltr'>εἰδότες,</span> <span class='ocrx_word' id='word_1_810' title='bbox 3260 4702 3374 4762; x_wconf 90' lang='grc' dir='ltr'>τοῖς</span> <span class='ocrx_word' id='word_1_811' title='bbox 3425 4700 3747 4753; x_wconf 86' lang='grc' dir='ltr'>ἁπατεῶσιν</span> <span class='ocrx_word' id='word_1_812' title='bbox 3786 4701 3888 4752; x_wconf 77' lang='grc' dir='ltr'>ἑαν-</span> 
     </span>
    </p>
   </div>
   <div class='ocr_carea' id='block_1_108' title="bbox 2323 4792 3889 4862">
    <p class='ocr_par' dir='ltr' id='par_1_108' title="bbox 2323 4792 3889 4862">
     <span class='ocr_line' id='line_1_108' title="bbox 2323 4792 3889 4862; baseline -0.003 -13"><span class='ocrx_word' id='word_1_813' title='bbox 2323 4796 2449 4859; x_wconf 72' lang='grc' dir='ltr'>τοὺς</span> <span class='ocrx_word' id='word_1_814' title='bbox 2499 4794 2797 4859; x_wconf 81' lang='grc' dir='ltr'>συνέταξαν</span> <span class='ocrx_word' id='word_1_815' title='bbox 2852 4793 3089 4857; x_wconf 78' lang='grc' dir='ltr'>ἑκόντες,</span> <span class='ocrx_word' id='word_1_816' title='bbox 3131 4792 3219 4845; x_wconf 79' lang='grc' dir='ltr'>διὰ</span> <span class='ocrx_word' id='word_1_817' title='bbox 3251 4795 3351 4862; x_wconf 79' lang='grc' dir='ltr'>τῆς</span> <span class='ocrx_word' id='word_1_818' title='bbox 3385 4794 3709 4862; x_wconf 82' lang='grc' dir='ltr'>ὁμωνυμίας</span> <span class='ocrx_word' id='word_1_819' title='bbox 3745 4810 3889 4859; x_wconf 66' lang='grc' dir='ltr'>σοφι-</span> 
     </span>
    </p>
   </div>
   <div class='ocr_carea' id='block_1_109' title="bbox 2323 4883 3888 4957">
    <p class='ocr_par' dir='ltr' id='par_1_109' title="bbox 2323 4883 3888 4957">
     <span class='ocr_line' id='line_1_109' title="bbox 2323 4883 3888 4957; baseline -0.003 -16"><span class='ocrx_word' id='word_1_820' title='bbox 2323 4887 2541 4957; x_wconf 68' lang='grc' dir='ltr'>ζόμενον,</span> <span class='ocrx_word' id='word_1_821' title='bbox 2564 4902 2580 4918; x_wconf 90' lang='grc'><strong>·</strong></span> <span class='ocrx_word' id='word_1_822' title='bbox 2613 4885 2688 4955; x_wconf 84' lang='grc' dir='ltr'>μὴ</span> <span class='ocrx_word' id='word_1_823' title='bbox 2711 4886 3131 4954; x_wconf 86' lang='grc' dir='ltr'>καταδεχόμενοι</span> <span class='ocrx_word' id='word_1_824' title='bbox 3159 4884 3268 4954; x_wconf 76' lang='grc' dir='ltr'><strong>γάρ</strong></span> <span class='ocrx_word' id='word_1_825' title='bbox 3297 4884 3356 4937; x_wconf 82' lang='grc' dir='ltr'><strong>τὸ</strong></span> <span class='ocrx_word' id='word_1_826' title='bbox 3380 4885 3477 4954; x_wconf 82' lang='grc' dir='ltr'>τῆς</span> <span class='ocrx_word' id='word_1_827' title='bbox 3519 4883 3888 4953; x_wconf 77' lang='grc' dir='ltr'>πνευματικῆς</span> 
     </span>
    </p>
   </div>
   <div class='ocr_carea' id='block_1_110' title="bbox 2322 4974 3890 5046">
    <p class='ocr_par' dir='ltr' id='par_1_110' title="bbox 2322 4974 3890 5046">
     <span class='ocr_line' id='line_1_110' title="bbox 2322 4974 3890 5046; baseline -0.001 -15"><span class='ocrx_word' id='word_1_828' title='bbox 2322 4975 2667 5040; x_wconf 79' lang='grc' dir='ltr'>διδασκαλίας</span> <span class='ocrx_word' id='word_1_829' title='bbox 2699 4975 2925 5040; x_wconf 81' lang='grc' dir='ltr'>ἁπλοῦν,</span> <span class='ocrx_word' id='word_1_830' title='bbox 2950 4976 3000 5029; x_wconf 89' lang='grc' dir='ltr'>οἱ</span> <span class='ocrx_word' id='word_1_831' title='bbox 3023 4978 3089 5029; x_wconf 82' lang='grc' dir='ltr'>ὲκ</span> <span class='ocrx_word' id='word_1_832' title='bbox 3108 4976 3208 5043; x_wconf 81' lang='grc' dir='ltr'>τῆς</span> <span class='ocrx_word' id='word_1_833' title='bbox 3232 4974 3580 5044; x_wconf 80' lang='grc' dir='ltr'>διαλεκτικῆς</span> <span class='ocrx_word' id='word_1_834' title='bbox 3617 4978 3760 5046; x_wconf 63' lang='grc' dir='ltr'>πρὸς</span> <span class='ocrx_word' id='word_1_835' title='bbox 3800 4976 3890 5035; x_wconf 73' lang='grc' dir='ltr'>τὰς</span> 
     </span>
    </p>
   </div>
   <div class='ocr_carea' id='block_1_111' title="bbox 2324 5066 3891 5137">
    <p class='ocr_par' dir='ltr' id='par_1_111' title="bbox 2324 5066 3891 5137">
     <span class='ocr_line' id='line_1_111' title="bbox 2324 5066 3891 5137; baseline -0.002 -17"><span class='ocrx_word' id='word_1_836' title='bbox 2324 5066 2631 5134; x_wconf 85' lang='grc' dir='ltr'>ἀντιλογίας</span> <span class='ocrx_word' id='word_1_837' title='bbox 2670 5068 3020 5137; x_wconf 76' lang='grc' dir='ltr'>ἠκονημένοι,</span> <span class='ocrx_word' id='word_1_838' title='bbox 3067 5066 3208 5120; x_wconf 74' lang='grc' dir='ltr'>κατά</span> <span class='ocrx_word' id='word_1_839' title='bbox 3256 5067 3348 5119; x_wconf 78' lang='grc' dir='ltr'><strong>τὸν</strong></span> <span class='ocrx_word' id='word_1_840' title='bbox 3391 5066 3564 5135; x_wconf 82' lang='grc' dir='ltr'>μέγαν</span> <span class='ocrx_word' id='word_1_841' title='bbox 3594 5067 3891 5129; x_wconf 80' lang='grc' dir='ltr'>Βασίλειον,</span> 
     </span>
    </p>
   </div>
   <div class='ocr_carea' id='block_1_112' title="bbox 2325 5157 3931 5228">
    <p class='ocr_par' dir='ltr' id='par_1_112' title="bbox 2325 5157 3931 5228">
     <span class='ocr_line' id='line_1_112' title="bbox 2325 5157 3931 5228; baseline -0.002 -17"><span class='ocrx_word' id='word_1_842' title='bbox 2325 5157 2715 5228; x_wconf 85' lang='grc' dir='ltr'>περιτρέπουσι</span> <span class='ocrx_word' id='word_1_843' title='bbox 2763 5157 2861 5228; x_wconf 82' lang='grc' dir='ltr'><strong>τὴν</strong></span> <span class='ocrx_word' id='word_1_844' title='bbox 2897 5158 3050 5227; x_wconf 75' lang='grc' dir='ltr'>ἰσχὺν</span> <span class='ocrx_word' id='word_1_845' title='bbox 3090 5158 3190 5225; x_wconf 77' lang='grc' dir='ltr'><strong>τῆς</strong></span> <span class='ocrx_word' id='word_1_846' title='bbox 3230 5157 3488 5228; x_wconf 84' lang='grc' dir='ltr'>ἀληθείας</span> <span class='ocrx_word' id='word_1_847' title='bbox 3519 5160 3584 5211; x_wconf 86' lang='grc' dir='ltr'>ὲκ</span> <span class='ocrx_word' id='word_1_848' title='bbox 3618 5158 3728 5209; x_wconf 80' lang='grc' dir='ltr'><strong>τῶν</strong></span> <span class='ocrx_word' id='word_1_849' title='bbox 3754 5160 3931 5211; x_wconf 82' lang='grc' dir='ltr'>ἁντι-.</span> 
     </span>
    </p>
   </div>
   <div class='ocr_carea' id='block_1_113' title="bbox 2324 5246 3899 5318">
    <p class='ocr_par' dir='ltr' id='par_1_113' title="bbox 2324 5246 3899 5318">
     <span class='ocr_line' id='line_1_113' title="bbox 2324 5246 3899 5318; baseline -0.003 -16"><span class='ocrx_word' id='word_1_850' title='bbox 2324 5249 2527 5302; x_wconf 80' lang='grc' dir='ltr'>θέσεων</span> <span class='ocrx_word' id='word_1_851' title='bbox 2554 5247 2654 5318; x_wconf 82' lang='grc' dir='ltr'>τῆς</span> <span class='ocrx_word' id='word_1_852' title='bbox 2705 5247 3060 5318; x_wconf 79' lang='grc' dir='ltr'>ψευδωνύμου</span> <span class='ocrx_word' id='word_1_853' title='bbox 3091 5246 3346 5315; x_wconf 81' lang='grc' dir='ltr'>γνώσεως</span> <span class='ocrx_word' id='word_1_854' title='bbox 3370 5288 3385 5309; x_wconf 91' lang='lat'><strong>,</strong></span> <span class='ocrx_word' id='word_1_855' title='bbox 3421 5250 3487 5315; x_wconf 84' lang='grc' dir='ltr'>τῇ</span> <span class='ocrx_word' id='word_1_856' title='bbox 3548 5248 3899 5317; x_wconf 62' lang='grc' dir='ltr'>πιθανολογίᾳ</span> 
     </span>
    </p>
   </div>
   <div class='ocr_carea' id='block_1_114' title="bbox 2322 5332 3899 5411">
    <p class='ocr_par' dir='ltr' id='par_1_114' title="bbox 2322 5332 3899 5411">
     <span class='ocr_line' id='line_1_114' title="bbox 2322 5332 3899 5411; baseline -0.001 -19"><span class='ocrx_word' id='word_1_857' title='bbox 2322 5339 2430 5392; x_wconf 83' lang='grc' dir='ltr'><strong>τῶν</strong></span> <span class='ocrx_word' id='word_1_858' title='bbox 2465 5340 2834 5411; x_wconf 78' lang='grc' dir='ltr'>σοφισμάτων.</span> <span class='ocrx_word' id='word_1_859' title='bbox 2860 5338 3149 5401; x_wconf 79' lang='grc' dir='ltr'>Τοιούτους</span> <span class='ocrx_word' id='word_1_860' title='bbox 3201 5338 3309 5406; x_wconf 75' lang='grc' dir='ltr'><strong>γάρ</strong></span> <span class='ocrx_word' id='word_1_861' title='bbox 3356 5338 3436 5391; x_wconf 88' lang='grc' dir='ltr'><strong>δεῖ</strong></span> <span class='ocrx_word' id='word_1_862' title='bbox 3482 5332 3626 5391; x_wconf 80' lang='grc' dir='ltr'>εἶναι</span> <span class='ocrx_word' id='word_1_863' title='bbox 3664 5339 3791 5401; x_wconf 79' lang='grc' dir='ltr'>τοὺς</span> <span class='ocrx_word' id='word_1_864' title='bbox 3823 5339 3899 5408; x_wconf 80' lang='grc' dir='ltr'><strong>μὴ</strong></span> 
     </span>
    </p>
   </div>
   <div class='ocr_carea' id='block_1_115' title="bbox 2330 5428 3901 5502">
    <p class='ocr_par' dir='ltr' id='par_1_115' title="bbox 2330 5428 3901 5502">
     <span class='ocr_line' id='line_1_115' title="bbox 2330 5428 3901 5502; baseline -0.003 -16"><span class='ocrx_word' id='word_1_865' title='bbox 2330 5430 2730 5502; x_wconf 84' lang='grc' dir='ltr'>πνευματικούς</span> <span class='ocrx_word' id='word_1_866' title='bbox 2755 5445 2772 5463; x_wconf 75' lang='grc' dir='ltr'><strong><em>ο</em></strong></span> <span class='ocrx_word' id='word_1_867' title='bbox 2807 5431 2904 5484; x_wconf 78' lang='grc' dir='ltr'><strong>καὶ</strong></span> <span class='ocrx_word' id='word_1_868' title='bbox 2944 5430 3013 5483; x_wconf 74' lang='grc' dir='ltr'><strong>τά</strong></span> <span class='ocrx_word' id='word_1_869' title='bbox 3042 5428 3391 5500; x_wconf 87' lang='grc' dir='ltr'>πνευματικά</span> <span class='ocrx_word' id='word_1_870' title='bbox 3428 5430 3636 5500; x_wconf 82' lang='grc' dir='ltr'>κρίνειν</span> <span class='ocrx_word' id='word_1_871' title='bbox 3679 5429 3775 5483; x_wconf 78' lang='grc' dir='ltr'>καὶ</span> <span class='ocrx_word' id='word_1_872' title='bbox 3825 5430 3901 5481; x_wconf 79' lang='grc' dir='ltr'>διο</span> 
     </span>
    </p>
   </div>
   <div class='ocr_carea' id='block_1_116' title="bbox 2325 5525 3900 5598">
    <p class='ocr_par' dir='ltr' id='par_1_116' title="bbox 2325 5525 3900 5598">
     <span class='ocr_line' id='line_1_116' title="bbox 2325 5525 3900 5598; baseline -0.004 -17"><span class='ocrx_word' id='word_1_873' title='bbox 2325 5527 2547 5581; x_wconf 80' lang='grc' dir='ltr'>δάσκειν</span> <span class='ocrx_word' id='word_1_874' title='bbox 2584 5526 2867 5592; x_wconf 73' lang='grc' dir='ltr'>ἀξιοῦντας</span> <span class='ocrx_word' id='word_1_875' title='bbox 2912 5526 3156 5588; x_wconf 80' lang='grc' dir='ltr'>ἑαυτούς.</span> <span class='ocrx_word' id='word_1_876' title='bbox 3209 5526 3285 5579; x_wconf 81' lang='grc' dir='ltr'><strong>Οὐ</strong></span> <span class='ocrx_word' id='word_1_877' title='bbox 3314 5525 3424 5595; x_wconf 80' lang='grc' dir='ltr'><strong>γὰρ</strong></span> <span class='ocrx_word' id='word_1_878' title='bbox 3454 5526 3516 5598; x_wconf 77' lang='grc' dir='ltr'>δὴ</span> <span class='ocrx_word' id='word_1_879' title='bbox 3542 5526 3704 5579; x_wconf 87' lang='grc' dir='ltr'>τοῦτο</span> <span class='ocrx_word' id='word_1_880' title='bbox 3744 5525 3900 5593; x_wconf 70' lang='grc' dir='ltr'>λέλη-</span> 
     </span>
    </p>
   </div>
   <div class='ocr_carea' id='block_1_117' title="bbox 2328 5612 3902 5687">
    <p class='ocr_par' dir='ltr' id='par_1_117' title="bbox 2328 5612 3902 5687">
     <span class='ocr_line' id='line_1_117' title="bbox 2328 5612 3902 5687; baseline -0.002 -17"><span class='ocrx_word' id='word_1_881' title='bbox 2328 5618 2418 5670; x_wconf 86' lang='grc' dir='ltr'><strong>θεν</strong></span> <span class='ocrx_word' id='word_1_882' title='bbox 2448 5617 2662 5682; x_wconf 81' lang='grc' dir='ltr'>αὑτοὺς,</span> <span class='ocrx_word' id='word_1_883' title='bbox 2696 5617 2776 5670; x_wconf 85' lang='grc' dir='ltr'><strong>ὅτι</strong></span> <span class='ocrx_word' id='word_1_884' title='bbox 2819 5616 2917 5686; x_wconf 71' lang='grc' dir='ltr'><strong>οὔχ</strong></span> <span class='ocrx_word' id='word_1_885' title='bbox 2965 5617 3039 5679; x_wconf 84' lang='grc' dir='ltr'><strong>ὡς</strong></span> <span class='ocrx_word' id='word_1_886' title='bbox 3072 5618 3105 5685; x_wconf 83' lang='grc' dir='ltr'>ἡ</span> <span class='ocrx_word' id='word_1_887' title='bbox 3140 5616 3264 5686; x_wconf 77' lang='grc' dir='ltr'>ὄψις</span> <span class='ocrx_word' id='word_1_888' title='bbox 3302 5617 3469 5671; x_wconf 77' lang='grc' dir='ltr'>τᾶλλα</span> <span class='ocrx_word' id='word_1_889' title='bbox 3510 5618 3611 5686; x_wconf 82' lang='grc' dir='ltr'>μὲν</span> <span class='ocrx_word' id='word_1_890' title='bbox 3642 5618 3744 5687; x_wconf 75' lang='grc' dir='ltr'><strong>δρᾷ</strong></span> <span class='ocrx_word' id='word_1_891' title='bbox 3790 5612 3902 5670; x_wconf 82' lang='grc' dir='ltr'><strong>τῶν</strong></span> 
     </span>
    </p>
   </div>
   <div class='ocr_carea' id='block_1_118' title="bbox 2328 5703 3900 5775">
    <p class='ocr_par' dir='ltr' id='par_1_118' title="bbox 2328 5703 3900 5775">
     <span class='ocr_line' id='line_1_118' title="bbox 2328 5703 3900 5775; baseline -0.002 -17"><span class='ocrx_word' id='word_1_892' title='bbox 2328 5704 2555 5775; x_wconf 85' lang='grc' dir='ltr'>ὁρατῶν,</span> <span class='ocrx_word' id='word_1_893' title='bbox 2587 5704 2783 5775; x_wconf 79' lang='grc' dir='ltr'>ἑαυτὴν</span> <span class='ocrx_word' id='word_1_894' title='bbox 2816 5703 2873 5757; x_wconf 79' lang='grc' dir='ltr'>δὲ</span> <span class='ocrx_word' id='word_1_895' title='bbox 2910 5704 3005 5773; x_wconf 81' lang='grc' dir='ltr'><strong>οὐχ</strong></span> <span class='ocrx_word' id='word_1_896' title='bbox 3034 5705 3134 5773; x_wconf 75' lang='grc' dir='ltr'><strong>δρᾷ</strong></span> <span class='ocrx_word' id='word_1_897' title='bbox 3154 5744 3168 5770; x_wconf 85' lang='grc'><strong><em>,</em></strong></span> <span class='ocrx_word' id='word_1_898' title='bbox 3208 5704 3351 5760; x_wconf 72' lang='grc' dir='ltr'>οὕτω</span> <span class='ocrx_word' id='word_1_899' title='bbox 3394 5708 3487 5761; x_wconf 70' lang='grc' dir='ltr'><strong>καὶ</strong></span> <span class='ocrx_word' id='word_1_900' title='bbox 3517 5708 3545 5760; x_wconf 86' lang='grc' dir='ltr'><strong>δ</strong></span> <span class='ocrx_word' id='word_1_901' title='bbox 3573 5709 3719 5771; x_wconf 77' lang='grc' dir='ltr'>νοῦς.</span> <span class='ocrx_word' id='word_1_902' title='bbox 3758 5706 3900 5759; x_wconf 67' lang='grc' dir='ltr'>Ἀλλ’</span> 
     </span>
    </p>
   </div>
   <div class='ocr_carea' id='block_1_119' title="bbox 2341 5879 2860 5949">
    <p class='ocr_par' dir='ltr' id='par_1_119' title="bbox 2341 5879 2860 5949">
     <span class='ocr_line' id='line_1_119' title="bbox 2341 5879 2860 5949; baseline 0 -15"><span class='ocrx_word' id='word_1_903' title='bbox 2341 5879 2539 5936; x_wconf 77' lang='lat' dir='ltr'><strong>&#39;I‘rov.</strong></span> <span class='ocrx_word' id='word_1_904' title='bbox 2572 5882 2741 5949; x_wconf 73' lang='lat' dir='ltr'><strong>nvtt,</strong></span> <span class='ocrx_word' id='word_1_905' title='bbox 2771 5880 2860 5935; x_wconf 70' lang='lat' dir='ltr'><strong>2i.</strong></span> 
     </span>
    </p>
   </div>
  </div>
