4146 6308
415 367 437 428 l
454 366 583 431 L191

1668 336 1761 419 ne
1833 360 2382 421 nesvcnasrts.

3519 358 3576 424 li
3592 361 3673 425 ΗΓ
3722 384 3729 391 ·

393 486 604 553 map-{gi
650 479 746 549 μὲν
779 478 870 531 καὶ
904 477 1068 532 τᾶλλα
1098 471 1171 529 ὧν
1202 475 1268 529 ἂν
1312 475 1483 528 δέοιτο
1512 479 1863 544 περισκοπεῖν
1885 492 1897 505 ·
1934 478 1963 530 ὃ

2086 469 2354 529 elevatus,
2388 480 2508 521 cum
2547 467 2654 519 Deo
2710 466 3081 539 COujuugilnr.
3128 486 3147 519 ί
3183 465 3448 539 Naaque,
3488 480 3544 522 ut
3586 479 3662 522 ait
3750 504 3753 507 -

394 586 529 637 φησι
565 566 683 619 κατ’
735 564 949 618 εὐθεῖαν
1001 565 1213 632 κίνησιν
1246 566 1339 615 τοῦ
1372 563 1463 616 νοῦ
1492 565 1766 628 Διονύσιος
1805 567 1832 619 6
1866 567 1965 635 μέ-

392 676 514 725 γας.
558 659 649 720 Εἰς
690 658 880 709 ἑαυτὸν
924 656 970 708 δ’
1020 656 1285 721 ἐπάνεισι,
1320 658 1410 710 καὶ
1444 660 1658 728 ἐνεργεῖ
1687 660 1808 713 καθ’
1842 662 1965 713 ἑαυο

394 751 505 813 τὸν,
533 750 660 801 ὅταν
694 748 882 801 ἑαυτὸν
918 748 946 799 6
980 746 1099 810 νοῦς
1130 748 1249 820 ὁρᾷ.
1302 748 1472 801 Τοῦτο
1514 750 1558 803 δ’
1593 747 1749 815 αὖθις
1778 755 1966 806 κυκλι-

397 843 497 913 χὴν
535 837 674 895 εἶναι
707 840 920 908 κίνησιν
968 843 996 893 6
1047 831 1207 905 αὐτὸς
1257 840 1421 895 αὐτοῦ
1452 859 1638 911 φησιν.
1688 844 1837 915 Αὕτη
1865 843 1965 915 δ’ή

395 934 491 986 τοῦ
512 932 603 1001 νοῦ
637 934 787 985 ἐστιν
827 932 1096 1001 ἐνέργεια,
1142 931 1406 1002 κρείττων
1434 933 1525 987 καὶ
1561 933 1826 1005 ίδιαιτάτη
1852 947 1867 964 ⁸
1900 934 1963 987 δι’

400 1022 464 1097 ἧς
499 1026 587 1079 καὶ
633 1026 773 1094 ὑπὲρ
821 1025 1010 1077 ἑαυτὸν
1059 1025 1344 1094 γενόμενος
1394 1026 1507 1078 ἐσθ’
1556 1025 1667 1089 ὅτε,
1720 1024 1799 1096 τῷ
1853 1026 1970 1095 Θεῷ

405 1117 741 1186 συγγίνεται.
778 1115 920 1177 Νοῦς
950 1115 1076 1186 γὰρ,
1111 1116 1244 1186 φησὶ
1276 1118 1302 1169 ὁ
1347 1118 1519 1184 μέγας
1552 1116 1848 1185 Βασίλειος,
1896 1119 1973 1190 μὴ

404 1206 828 1286 σκεδμννύμενος
860 1208 953 1259 ἐπὶ
974 1208 1040 1259 τὰ
1062 1205 1166 1270 ἕξω
1205 1206 1355 1276 (ὁρᾷς
1384 1207 1464 1259 ὅτι
1498 1207 1694 1273 ἔξεισιν
1720 1224 1734 1271 ;
1784 1207 1974 1273 Ἐξιὼν

404 1299 520 1366 οὗν,
566 1299 827 1354 ἐπανόδου
882 1300 1073 1352 δεῖται.
1129 1298 1218 1351 Διό
1273 1299 1481 1367 φησιν),
1540 1300 1787 1353 ὲπάνεισι
1840 1301 1974 1373 πρὸς

408 1394 632 1448 ἑαυτόν·
667 1391 732 1445 δι’
771 1389 964 1443 ἑαυτοῦ
1001 1389 1058 1442 δὲ
1100 1389 1236 1460 πρὸς
1260 1389 1353 1442 τὸν
1395 1390 1548 1455 Θεὸν,
1584 1392 1658 1456 ὡς
1704 1392 1773 1446 δι’
1800 1394 1974 1447 ἀπλα-

410 1485 532 1547 νοῦς
568 1482 849 1536 ἁναὸαίνει
893 1481 987 1548 τῆς
1021 1481 1162 1533 ὁδοῦ.
1201 1481 1311 1549 Τὴν
1336 1480 1726 1553 τοιαύτην“γάρ
1765 1484 1978 1555 κίνησιν

407 1577 502 1630 τοῦ
527 1575 642 1640 νοῦ,
674 1574 768 1627 καὶ
797 1575 825 1626 ό
861 1573 968 1625 τῶν
997 1571 1200 1641 νοερῶν
1229 1572 1474 1642 ἀπλανὴς
1497 1574 1739 1645 ἐπόπτης
1772 1577 1978 1639 ἐκεῖνος

409 1670 704 1733 Διονύσιος,
745 1666 1009 1719 ἀδύνατον.
1042 1660 1181 1717 εἶναί
1232 1681 1366 1733 φησι
1399 1664 1574 1737 πλάνῃ
1605 1670 1710 1720 τινὶ
1753 1685 1981 1738 περιπε-

412 1764 546 1816 σεῖν.
578 1760 797 1827 Ταύτης
842 1754 934 1810 οὖν
964 1757 1195 1823 ἁπάγειν
1217 1759 1245 1809 ὁ
1274 1757 1372 1824 τῆς
1405 1755 1611 1827 πλάνης
1654 1760 1834 1830 πατὴρ
1865 1762 1983 1813 ἐπι-

2088 576 2314 629 tnagnus
2347 558 2595 621 Basilius,
2636 560 2942 615 intellectus
2967 560 3032 613 ad
3059 562 3330 615 exteriora
3358 562 3656 630 dispersus,

2084 668 2113 705 a
2156 667 2233 717 se,
2272 661 2330 703 ut
2357 652 2526 716 vides,
2554 652 2686 705 exit.
2716 650 2977 721 Egressus
3002 651 3170 720 igitur
3205 652 3382 704 reditu
3427 653 3657 722 indiget.

2084 746 2230 812 Ideo,
2267 745 2467 814 inquit,
2526 746 2825 798 revertitur
2855 746 2922 799 ad
2972 745 3351 813 semetipsum,
3390 756 3444 797 et
3474 760 3568 811 per
3601 761 3661 798 se

2084 838 2151 891 ad
2214 839 2380 891 Deum
2421 838 2670 891 ascendit
2694 837 2847 905 quasi
2887 838 2969 891 via
3008 853 3113 890 non
3148 837 3407 890 erratica.
3450 855 3467 887 ι
3508 834 3660 889 Hune

2083 931 2228 982 enim
2275 929 2473 983 mentis
2502 941 2706 983 motum
2737 945 2841 982 non
2872 944 3033 999 posse
3065 930 3157 982 ulli
3193 930 3433 983 inridere
3462 931 3658 989 errori,

2085 1020 2215 1073 dicit
2277 1020 2365 1073 ille
2394 1022 2574 1073 adhue
2622 1037 2725 1074 non
2757 1036 3019 1075 erroneus
3050 1020 3412 1089 spiritualium
3471 1036 3664 1087 Specu-

2086 1108 2227 1163 lator
2260 1110 2569 1181 Dionysius.
2607 1113 2689 1166 Ab
2723 1111 2811 1165 illa
2848 1112 3012 1178 igitur
3043 1113 3125 1167 via
3162 1112 3436 1165 hominem
3475 1114 3657 1165 diver-

2087 1214 2202 1258 tere
2234 1214 2388 1273 pater
2408 1204 2616 1259 erroris
2664 1220 2879 1273 semper
2903 1204 3147 1272 cupiens,
3183 1214 3236 1257 et
3299 1204 3556 1258 inducere
3609 1205 3661 1257 in

2088 1301 2226 1349 viam
2258 1297 2536 1351 erroribus
2559 1298 2674 1351 suis
2700 1298 3031 1360 intricatatu,
3080 1312 3351 1366 nunquam
3376 1296 3662 1358 hactenus,

2085 1403 2345 1456 quantum
2387 1405 2485 1443 nos
2513 1392 2718 1445 scimus
2744 1432 2759 1456 ,
2791 1403 3201 1461 conperatoretu
3237 1390 3518 1443 invenerat
3550 1388 3665 1456 pul-

2085 1484 2231 1536 chris
2256 1483 2600 1537 sermonibns
2624 1492 2911 1537 conantem
2932 1485 2983 1535 in
3004 1481 3149 1535 illam
3175 1487 3477 1555 attrahere.
3508 1480 3664 1534 Nune
3691 1499 3694 1503 ’

2086 1589 2212 1627 \ero
2243 1573 2528 1640 adjutores
2561 1576 2787 1644 reperit,
2817 1589 2965 1639 cum,
2996 1582 3054 1627 ttt
3117 1574 3234 1642 ipse
3280 1572 3493 1637 dixisti,
3547 1574 3657 1626 sint

2083 1665 2175 1734 qui
2239 1677 2575 1732 compertum
2634 1679 2915 1719 sermones
2980 1664 3047 1717 ad
3081 1666 3182 1717 hoc
3250 1655 3537 1727 dttt‘Cttics,
3607 1675 3664 1718 et

2090 1755 2419 1809 multitudini
2448 1756 2779 1824 persuadere
2810 1756 3112 1810 moliuntur
3137 1756 3332 1811 melius
3356 1772 3477 1810 esse
3507 1766 3662 1811 extra

414 1851 602 1921 θυμῶν
631 1851 716 1904 ἀεὶ
769 1849 859 1902 τὸν
894 1847 1199 1919 ἄνθρωπον,
1236 1849 1329 1901 καὶ
1380 1849 1517 1918 πρὸς
1566 1848 1665 1918 τὴν
1700 1850 1971 1921 χωροῦσαι

2083 1841 2288 1917 'corpus
2320 1860 2553 1903 mentem
2600 1849 2653 1902 in
2681 1848 2931 1904 oratione
2960 1850 3230 1904 contineri
3257 1852 3324 1905 ab
3354 1851 3441 1904 his
3492 1851 3655 1904 etiam

413 1941 577 1999 αὐτοῦ
604 1942 701 2005 τὰς
734 1940 937 2001 πλάνας
966 1940 1140 2007 ἄγειν,
1170 1938 1382 1991 οὐδέπω
1406 1937 1500 1992 καὶ
1527 1940 1785 2010 τήμερον,
1803 1940 1903 1993 ὅσα
1922 1957 1984 2008 γε

416 2038 576 2103 ἡμεῖς
607 2034 791 2102 ίσμεν,
838 2027 965 2099 εὗρε
1002 2028 1262 2100 συνεργὸν
1301 2030 1389 2083 διὰ
1417 2031 1807 2100 χρηστολογίας
1838 2032 1985 2099 ἀγω-

417 2123 696 2192 νιζόμενον
742 2117 1144 2197 ὲφελκύσασθαι
1189 2117 1325 2187 πρὸς
1372 2121 1598 2190 ταύτην.
1650 2119 1763 2173 Νῦν
1809 2119 1856 2171 δ’
1913 2119 1984 2182 ὡς

419 2218 615 2277 ἔοικεν,
644 2208 770 2282 εὗρε
805 2212 932 2275 τοὺς
975 2210 1540 2281 συλλαμϐανομένους,
1570 2210 1751 2282 εἴπερ,
1791 2212 1865 2275 ὼς
1896 2212 1992 2264 αῦ-

424 2308 516 2371 τδς
544 2303 726 2370 εἶπας,
760 2306 897 2359 εἰσὶν
939 2305 989 2357 οἳ
1035 2303 1130 2357 καὶ
1170 2302 1361 2371 λόγους
1392 2304 1732 2358 συντιθέασιν
1772 2303 1992 2372 ἐνάγον-

410 2424 504 2468 τας
528 2404 661 2474 πρδς
692 2403 862 2458 ταῦτα
884 2420 897 2432 °
926 2405 1019 2457 καὶ
1045 2404 1172 2469 τοὺς
1201 2404 1426 2469 πολλοὺς
1456 2404 1661 2459 πείθειν
1690 2406 1974 2479 ἐγχειροῦ-

411 2515 514 2561 σιν,
554 2498 628 2560 ὡς
661 2497 878 2550 κάλλιον
915 2496 1019 2563 ἔξω
1058 2496 1306 2566 κατέχειν
1340 2497 1433 2550 τοῦ
1478 2497 1727 2566 σώματος
1757 2515 1977 2567 προσευ-

410 2591 634 2660 χόμενον
680 2590 772 2642 τὸν
795 2589 940 2653 νοῦν,
989 2587 1085 2641 κιιλ¹
1118 2586 1312 2651 αὐτοὺς
1352 2588 1479 2651 τοὺς
1515 2587 1608 2640 τὸν
1639 2586 1977 2656 ὑπεραναδε-

411 2683 637 2751 οηκότα,
672 2682 765 2734 καὶ
787 2681 1010 2751 ἡσύχιον
1031 2679 1444 2748 ἀσπαζομένους
1477 2679 1621 2748 βίον·
1657 2678 1779 2748 μηδ’
1803 2678 1979 2731 ἐκεῖνο

412 2774 769 2837 αἰδεσθέντες,
796 2774 935 2841 ὅπερ
974 2773 1225 2842 Ἰωάννης
1268 2772 1297 2824 6
1326 2771 1424 2841 τὴν
1469 2769 1604 2841 πρὸς
1632 2769 1859 2839 οὐρανὸν
1883 2772 1981 2838 φέιν

417 2882 610 2935 ρουσαν
641 2865 882 2935 κλίμακα
910 2864 997 2917 διὰ
1022 2864 1196 2933 λόγων
1243 2861 1644 2932 τεκτηνάμενος
1677 2862 1831 2931 ἡμῖν,
1865 2862 1982 2930 όρι·

416 2955 615 3018 στικῶς
674 2957 766 3009 καὶ
816 2955 1199 3022 ἀπωαντικῶς
1242 2954 1488 3020 ἐξεῖπεν,
1542 2952 1619 3016 ὡς
1665 2952 1978 3022 ἠσυχαστής

401 3070 568 3120 εστιν.
601 3065 629 3116 6
661 3061 722 3115 τὸ
766 3060 1056 3131 ἀσώματον
1095 3062 1155 3116 ἐν
1197 3059 1410 3131 σώματι
1438 3060 1768 3132 περιορίζειν
1799 3060 1959 3113 σπεύ-

400 3154 525 3207 δων.
556 3146 639 3222 ⁷ῼη
677 3152 885 3207 συνωδά
917 3153 1011 3205 καὶ
1052 3153 1101 3205 oi
1133 3150 1496 3222 πνευματικοὶ
1527 3151 1761 3221 πατέρες
1811 3151 1969 3220 ἡμῶν
2008 3170 2050 3228 C

400 3240 644 3307 ἐδίδαξαν
678 3244 823 3313 ἡμᾶς
855 3242 1100 3306 είκότως.
1139 3244 1204 3296 Εί
1229 3245 1337 3312 γὰρ
1376 3243 1450 3312 μὴ
1483 3242 1630 3295 ἔνδον
1657 3242 1752 3295 τοῦ
1783 3242 1969 3311 σώμα-

397 3351 488 3398 τος
524 3336 874 3405 περιορίσειε,
903 3334 1019 3397 πῶς
1050 3335 1117 3387 ἂν
1135 3334 1194 3386 ὲν
1225 3334 1399 3404 ἑαυτῷ
1427 3335 1519 3387 τὸν
1536 3334 1595 3387 τὸ
1621 3334 1778 3404 σῶμα
1802 3336 1968 3401 ἐνημ-

402 3426 585 3496 μένον,
642 3426 736 3479 καὶ
775 3425 850 3488 ὡς
882 3421 1021 3488 εἶδος
1064 3425 1294 3493 φυσικὸν
1324 3425 1412 3477 διὰ
1452 3425 1633 3494 πάσης
1686 3425 1966 3494 χωροῦντα

396 3521 493 3587 τῆς
518 3519 955 3589 μεμορφωμένης
987 3517 1118 3587 ὕλης
1141 3536 1157 3583 ;
1188 3514 1253 3589 ἧς
1275 3518 1335 3572 τδ
1359 3518 1462 3582 ἔξω
1491 3517 1586 3570 καὶ
1610 3518 1965 3587 διωρισμένον

397 3613 496 3664 οὐκ
523 3612 590 3665 ἂν
621 3610 927 3676 ὲπιδέξαιτο
948 3610 1135 3663 οὐσίαν
1163 3610 1277 3674 νοῦ,
1304 3610 1493 3680 μέχρις
1520 3610 1586 3663 ἂν
1614 3610 1795 3678 ἐκείνη
1826 3608 1961 3678 ζῴη,

400 3702 540 3770 ζωῆς
569 3698 708 3764 εἶδος
725 3702 1055 3771 κατάλληλον
1078 3704 1146 3771 τῇ
1180 3702 1439 3770 συναφείᾳ
1466 3701 1679 3754 σπῶσαη.
1715 3699 1963 3763 Βλέπεις,

398 3794 615 3861 ἀδελφέ,
645 3793 762 3855 πῶς
815 3793 877 3848 οὐ
912 3790 1294 3860 πνευματικῶς
1330 3791 1519 3859 μόνον,
1566 3789 1702 3844 ἀλλά
1752 3789 1847 3842 καὶ
1873 3789 1966 3842 ἀν-

398 3887 680 3957 θρωπίνως
706 3883 1070 3949 ἐξετάζουσιν,
1102 3885 1250 3951 ,εἵσω
1284 3883 1378 3935 τοῦ
1425 3881 1673 3951 σώματος
1704 3881 1961 3950 πέμπειν,

396 3985 430 4052 ἢ
468 3985 714 4052 κατέχειν
738 3979 830 4033 τὸν
864 3977 988 4030 νοῦν
1014 3975 1359 4045 ἀναπέφηνεν
1388 3970 1811 4039 ἀναγκαιότατον
1838 3971 1963 4033 τοὺς

396 4075 812 4146 προῃρημένους
873 4069 1081 4125 ἑαυτῶν
1131 4068 1206 4132 ὡς
1255 4065 1470 4137 ἀληθῶς
1526 4064 1798 4134 γενέσθαι,
1867 4061 1965 4116 καλ⁵

396 4166 538 4218 κατὰ
588 4164 679 4217 τὸν
708 4163 817 4217 ἔσω
850 4159 1137 4231 ἄνθρωπον
1174 4154 1527 4227 φερωνύμους
1582 4152 1875 4224 μοναχοὺς,
1901 4150 1961 4205 τδ

395 4244 441 4310 δε
467 4259 546 4321 εἰς
591 4255 815 4318 ἑαυτοὺς
847 4253 1081 4323 μάλιστα
1134 4249 1260 4311 τοὺς
1308 4247 1695 4318 εἰσαγομένους
1746 4244 1962 4315 βλέπειν

396 4348 750 4417 εἰσηγεῖσθαι,
800 4348 895 4400 καὶ
938 4345 1027 4399 διὰ
1074 4343 1174 4406 τῆς
1232 4340 1508 4410 ἀναπνοῆς
1543 4338 1675 4392 εἴσω
1723 4336 1963 4410 πέμπειν

400 4455 488 4505 τὸν
532 4453 730 4505 οἰκεῖον
780 4448 928 4511 νοῦν,
979 4449 1080 4500 οὐκ
1128 4443 1237 4498 ἀπὸ
1267 4444 1491 4514 τρόπου.
1535 4442 1639 4496 Τὸν
1661 4445 1769 4513 γὰρ
1801 4444 1967 4514 μήπω

2088 1944 2177 2006 qui
2229 1942 2501 2012 egregiam
2534 1952 2587 1994 et
2618 1941 2857 2009 quietam
2903 1941 3134 2011 amplexi
3170 1953 3301 1997 sunt
3330 1944 3518 2005 vitatu,
3559 1958 3658 1996 ne-

2087 2051 2191 2104 que
2235 2037 2375 2090 hanc
2410 2047 2673 2091 verentur
2706 2034 3086 2090 definitionem
3126 2052 3192 2088 ac
3229 2035 3663 2089 demonstratio-

2091 2144 2213 2181 nem
2247 2125 2469 2182 Joannis
2522 2127 2666 2182 illius
2692 2127 2783 2196 qui
2816 2128 3035 2182 scalam.
3059 2128 3125 2181 ad
3157 2128 3355 2183 cretum
3387 2126 3654 2181 ferentem

2086 2221 2431 2276 sermonibus
2457 2221 2755 2276 fabricatus
2784 2222 2909 2277 est!
2980 2240 2999 2274 ι
3036 2224 3279 2290 Quietus,
3316 2227 3413 2289 ait,
3452 2224 3538 2276 itle
3582 2236 3668 2277 est

2085 2315 2179 2383 qui
2244 2315 2627 2385 incorporeum
2661 2314 2717 2367 in
2781 2329 3045 2385 corporeo
3079 2315 3363 2370 includere
3394 2325 3596 2371 studet.
3641 2338 3659 2369 ι

2085 2409 2184 2462 Cui
2223 2421 2461 2461 consona
2513 2406 2825 2475 spirituales
2866 2408 3041 2461 nostri
3092 2408 3285 2462 Patres
3322 2413 3519 2463 merito
3560 2427 3659 2464 nos

2087 2499 2411 2552 docuerunt.
2463 2497 2593 2551 Nam
2626 2500 2670 2553 si
2707 2515 2813 2553 nou
2872 2498 3022 2553 intus
3057 2501 3327 2568 corporis,
3391 2504 3663 2569 (μιυηιοιιο

2088 2589 2140 2643 ἱιι
2172 2589 2330 2645 nobis
2352 2590 2754 2646 ineluderernus
2779 2592 3115 2647 intellectum
3148 2608 3380 2661 corpore
3411 2596 3654 2648 indutum

2084 2691 2139 2737 ct
2170 2683 2315 2737 velut
2346 2681 2575 2737 formam
2626 2684 2930 2739 naturalem
2967 2687 3062 2738 toti
3090 2684 3327 2739 infusum
3359 2686 3667 2741 informatae

2078 2774 2369 2867 ptateritc?
2403 2792 2431 2829 a
2463 2791 2569 2845 qua
2623 2776 2885 2845 quidquid
2918 2787 3064 2832 esset
3095 2789 3420 2833 extraneum
3479 2795 3543 2833 ac
3577 2798 3664 2836 se—

2085 2881 2361 2936 paratum,
2427 2884 2533 2923 non
2595 2870 2862 2938 reciperet
2915 2869 3281 2926 substantiam
3331 2873 3662 2936 intellectus,

2083 2960 2327 3026 quandiu
2384 2962 2475 3016 illa
2532 2962 2684 3029 vivit,
2744 2962 2868 3017 vita:
2913 2978 3087 3034 genus
3132 2966 3503 3032 conjunctioni
3534 2981 3664 3019 con-

2083 3050 2258 3104 t'urme
2290 3053 2516 3108 ducens.

2162 3142 2345 3208 Vides,
2377 3145 2567 3207 frater,
2596 3161 2702 3199 non
2731 3148 3088 3216 spiritualiter
3116 3150 3296 3213 modo,
3329 3151 3425 3206 sed
3464 3162 3520 3206 et
3552 3153 3653 3207 hu-
3740 3132 3755 3145 Ν

2087 3252 2246 3291 inane
2299 3236 2691 3307 indagantibus
2754 3241 2909 3296 valde
2957 3245 3326 3298 necessarium
3356 3255 3566 3315 patere,
3599 3258 3657 3300 ut

2084 3329 2159 3382 illi
2203 3330 2344 3381 intra
2390 3344 2593 3396 corpus
2627 3331 2833 3387 ducant
2878 3348 2945 3389 ac
2992 3343 3217 3391 teneant
3267 3348 3531 3406 mentem,
3561 3345 3654 3410 qui

2083 3422 2279 3476 volunt
2308 3439 2434 3477 vere
2471 3425 2555 3478 sui
2596 3439 2721 3479 esse
2755 3434 2809 3479 et
2844 3426 2993 3495 digni
3034 3431 3334 3484 secundum
3382 3431 3654 3485 hominem

2084 3515 2403 3570 interiorem
2436 3518 2709 3571 monachi.
2745 3517 2961 3574 Hortari
3001 3511 3205 3586 autem,
3243 3522 3517 3591 praecipue
3541 3526 3655 3579 ele-

2084 3607 2401 3672 mentarios,
2439 3619 2498 3661 ut
2536 3608 2589 3662 in
2621 3620 2795 3664 semet
2817 3609 3107 3681 inspiciunt
3131 3621 3186 3666 et
3211 3629 3307 3681 per
3340 3615 3656 3682 respiratio-

2083 3713 2205 3752 nem
2252 3699 2397 3752 intro
2460 3701 2681 3756 mittant
2728 3702 3088 3768 intellectum,
3154 3721 3263 3759 non
3329 3717 3414 3761 est
3467 3708 3653 3765 incon.

2083 3804 2300 3859 gruens.
2337 3790 2471 3845 Eum
2522 3794 2666 3848 enim
2706 3798 2800 3864 qui
2840 3798 3080 3851 nondum
3122 3797 3232 3852 sibi
3273 3801 3530 3866 attendit,
3586 3804 3654 3853 ab

2084 3882 2269 3938 animo
2316 3886 2384 3938 ad
2420 3900 2478 3939 se
2528 3886 2854 3955 quibusdam
2913 3890 3122 3945 artibus
3167 3892 3475 3947 reducendo
3535 3910 3657 3961 qun;

2082 3973 2223 4026 bene
2271 3988 2442 4029 sanus
2498 3979 2809 4033 averteret?
2831 3981 2982 4044 Quia.
3015 3982 3181 4050 igitur
3205 3993 3482 4039 certamen
3528 3986 3656 4043 illud

2082 4077 2259 4131 nuper
2286 4064 2570 4134 ingressis,
2604 4082 2758 4124 mens
2788 4071 2874 4125 vel
2904 4072 3194 4127 recollecta
3220 4073 3427 4145 jugiter
3446 4080 3653 4145 exsilit,

2083 4163 2136 4207 et
2157 4155 2360 4226 jugiter
2384 4169 2471 4212 est
2502 4160 2831 4227 revocanda,
2862 4171 2917 4215 et
2948 4164 3188 4219 nondum
3225 4170 3361 4224 bene
3383 4173 3654 4229 exercitus

2081 4245 2223 4302 fatlit
2255 4259 2441 4319 utpote
2482 4249 2799 4307 diﬂieittima
2848 4255 2966 4313 visu
3015 4267 3073 4311 et
3129 4258 3488 4316 mobilissima
3529 4279 3654 4318 oru-

2083 4340 2253 4409 niutn,
2299 4343 2419 4397 ideo
2470 4344 2715 4399 nonnulli
2775 4361 2869 4403 eos
2911 4350 3197 4405 hortantur
3250 4365 3308 4407 ut
3364 4371 3394 4409 a
3450 4358 3649 4413 crebro

2081 4438 2285 4490 emissa
2318 4447 2375 4491 et
2414 4438 2641 4498 reducta
2702 4443 3067 4510 reSpiratione
3128 4458 3378 4515 caveant,
3424 4466 3655 4522 eamque

398 4540 729 4611 θεωρητικὸν
759 4537 972 4599 ἑαυτοῦ.
1008 4537 1275 4608 μηχαναῖς
1317 4552 1425 4588 τισι
1464 4534 1600 4605 πρὸς
1630 4533 1819 4588 ἑαυτὸν
1848 4535 1969 4587 ἐπι-

2084 4528 2423 4596 suspendant
2455 4531 2841 4602 paulisper,'ad
2890 4548 3127 4593 mentem
3151 4556 3275 4595 eum
3306 4557 3369 4596 ea
3404 4543 3654 4601 retinem-

400 4637 651 4711 συνάγειν
697 4633 791 4685 τὸν
838 4628 983 4694 νοῦν,
1023 4629 1122 4681 οὐκ
1151 4626 1476 4697 ἀποτρέψειέ
1522 4644 1606 4689 τις
1640 4625 1700 4677 εὖ
1730 4624 1964 4695 φρονῶν.

408 4726 562 4777 Ἐπεὶ
602 4718 696 4776 οῦν
729 4722 841 4782 τοῖς
863 4720 989 4788 ἄρτι
1031 4717 1167 4789 πρὸς
1198 4716 1288 4769 τὸν
1306 4752 1310 4759 .
1330 4716 1519 4784 ἀγῶνα
1547 4715 1735 4768 τοῦτον
1762 4714 1954 4768 ἀποδυυ

398 4817 675 4885 σαμένοις,
723 4813 818 4867 καὶ
867 4810 1234 4880 συναγόμενος
1286 4808 1524 4878 συνεχῶς
1563 4807 1851 4877 ἀποπηδᾷο
1884 4807 1967 4861 δεῖ

395 4908 451 4959 δὲ
481 4907 577 4958 καὶ
599 4904 839 4973 συνεχῶς
870 4902 1066 4965 αὐτοὺς
1087 4900 1243 4964 αὖθις
1262 4899 1451 4953 τοῦτον
1479 4899 1776 4968 ἐπανάγειν
1798 4915 1813 4930 °
1840 4898 1969 4952 λαν-

324 4998 329 5003 ’
398 4998 550 5052 θάνει
582 4996 627 5050 δ’
677 4993 1054 5066 ἀγυμνάστους
1101 4993 1259 5056 ὂντας
1303 4990 1829 5063 δυσθεωρητότατος,
1870 4989 1964 5043 καὶ

396 5087 808 5157 εὐκινητότατος
836 5087 1090 5139 ἁπάντων
1113 5081 1186 5137 ὥν
1205 5099 1219 5114 ο
1247 5082 1334 5137 διὰ
1365 5083 1521 5136 τοῦτο
1554 5083 1618 5152 τῇ
1648 5078 1962 5134 πυκνὰρδια-

396 5180 628 5251 χεομένῃ
673 5181 767 5232 καὶ
819 5176 1205 5247 ἐπαναγομένῃ
1250 5176 1474 5245 είσπνοῇ
1509 5173 1836 5243 προσέχειν,
1883 5170 1961 5224 εί-

398 5277 483 5327 civ
517 5272 566 5325 οἶ
615 5269 963 5340 παραινοῦσι,
996 5271 1091 5323 καὶ
1136 5268 1353 5339 ἐπέχειν
1388 5285 1441 5321 τι
1487 5265 1702 5337 μικρὸν,
1756 5263 1830 5326 ὡς
1858 5266 1960 5317 κά-

396 5370 574 5420 κεῖνον
625 5363 1000 5434 συνεπίσχοιεν
1025 5362 1319 5436 τηροῦντες
1349 5363 1413 5415 ὲν
1445 5362 1584 5429 αὐτῇ
1604 5376 1619 5390 ⁶
1654 5359 1844 5428 μέχρις
1871 5358 1959 5423 ἂν,

399 5459 497 5511 σὺν
538 5456 680 5526 Θεῷ,
712 5456 804 5508 ἐπὶ
847 5456 908 5508 τὸ
939 5458 1184 5524 κρεῖττον
1217 5452 1518 5523 προϊόντες,
1539 5451 1798 5521 ἀπρόῖτον
1827 5450 1961 5518 πρὸς

397 5548 466 5601 τὰ
497 5548 623 5615 περὶ
653 5546 834 5611 αὐτὸν,
867 5546 958 5598 καὶ
986 5544 1161 5615 ἀμιγῆ
1183 5544 1276 5597 τὸν
1306 5544 1505 5596 οἰκεῖον
1542 5543 1666 5594 νοῦν
1703 5541 1958 5610 ποιήσαν-

398 5656 508 5701 τες,
538 5636 837 5707 δυνηθῶσιν
861 5634 1102 5706 ἁκριόὦς
1151 5634 1231 5698 είς
1277 5632 1481 5701 ὲνοειδῆ
1531 5632 1794 5696 συνέλιξιν
1838 5647 1964 5682 συνκ-

399 5730 646 5795 αγαγεῖν.
687 5725 927 5781 Τοῦτοηδν
958 5725 1058 5780 ἴδοι
1085 5741 1166 5788 τις
1196 5724 1262 5778 ἂν
1284 5716 1377 5777 καὶ
1405 5722 1726 5791 αὐτομάτως
1759 5720 1959 5789 ἑπόμε-

400 5838 487 5874 νον
522 5822 585 5891 τῇ
619 5820 857 5891 προσοχῇ
890 5816 980 5871 τοῦ
1009 5815 1121 5870 νοῦ.
1159 5815 1368 5887 Ἦρέμα
1386 5814 1490 5886 γὰρ
1522 5813 1713 5866 εἴσειτί
1760 5830 1816 5867 τε
1865 5812 1955 5866 καὶ

2079 4619 2229 4685 dam,
2272 4620 2464 4685 donec,
2501 4623 2795 4693 adiuvante
2835 4627 2962 4695 Deo,
2998 4630 3052 4683 in
3105 4633 3298 4687 melius
3354 4639 3650 4704 progressi,

2073 4711 2185 4779 jam
2224 4726 2329 4766 non
2356 4711 2424 4767 ad
2455 4714 2868 4774 circumstantia
2894 4720 3282 4785 discedentem,
3315 4726 3409 4779 sed
3457 4742 3649 4794 puram

2076 4818 2303 4872 prorsus
2350 4805 2551 4862 factam
2591 4821 2825 4866 mentem
2874 4828 3029 4867 suam
3087 4816 3300 4885 possint
3329 4818 3566 4888 perfecte
3595 4830 3647 4875 tn

2079 4912 2246 4951 unum
2296 4899 2515 4970 globum
2562 4902 2841 4959 conferre.
2876 4906 2935 4959 Id
2978 4917 3183 4974 autem,
3218 4920 3276 4963 ut
3320 4911 3505 4968 videre
3541 4926 3645 4982 εει,

2081 4991 2224 5045 ultro
2282 4993 2547 5061 sequitur.
2577 4999 2941 5058 attentionem
2994 5003 3214 5055 mentis.
3257 5001 3391 5057 Nam
3444 5005 3638 5060 leuiter

2077 5084 2248 5140 intrat
2284 5096 2339 5141 et
2361 5088 2474 5142 exit
2499 5088 2589 5142 hic
2609 5090 2850 5157 spiritus,
2883 5092 2936 5147 in
2966 5095 3113 5148 omni
3146 5097 3387 5154 studiosa
3412 5101 3644 5155 medita-

2078 5176 2251 5243 tione,
2276 5185 2331 5232 et
2364 5178 2633 5248 imprimis
2666 5184 2805 5251 apud
2836 5182 3082 5241 fruentes
3108 5190 3354 5257 corporis
3388 5199 3443 5246 ct
3474 5195 3640 5246 animi

2076 5266 2414 5336 quietudtne.
2448 5270 2512 5326 lli
2554 5274 2701 5328 enim
2747 5276 2981 5342 spiritali
3028 5280 3327 5350 gaudentes
3367 5284 3639 5339 sabbatis-

2074 5371 2189 5424 me,
2223 5369 2279 5414 et
2309 5361 2376 5413 ab
2413 5364 2664 5418 erunibus
2689 5367 2806 5422 suis
2837 5369 3076 5435 actibus,
3105 5383 3364 5442 quantum
3392 5390 3639 5446 possunt,

2077 5462 2382 5515 cessantes.
2451 5457 2789 5525 suspendunt
2852 5463 3034 5517 omnia
3084 5463 3394 5522 facultatum
3443 5471 3642 5527 animae

2072 5555 2234 5610 opera
2287 5544 2487 5611 quibus
2538 5547 2583 5601 it
2637 5550 2861 5620 exitque
2908 5562 2963 5609 et
3015 5555 3162 5611 varia
3226 5563 3641 5629 cognoscin,“

2075 5643 2302 5689 cunctas
2350 5652 2607 5694 sensuum
2662 5644 3078 5714 perceptiones,
3124 5658 3287 5720 atque
3324 5653 3634 5712 universam

2076 5740 2301 5794 prorsus
2329 5731 2574 5800 corporis
2617 5739 2989 5803 operationem
3020 5756 3139 5808 quae
3171 5756 3341 5811 penes
3386 5762 3485 5803 nos
3532 5758 3637 5815 est,

2075 5835 2195 5875 eaut
2232 5836 2359 5880 vero
2385 5840 2504 5894 quae
2536 5842 2641 5882 non
2672 5832 2890 5886 omttiuu
2916 5840 2971 5889 a.
2999 5836 3157 5892 nobis
3191 5842 3407 5904 pendet,
3463 5853 3641 5900 utre-
