4146 6308
577 383 706 452 llll

1817 390 2205 451 GREGORI!
2260 392 2588 453 ΡΛῐιΑΜιΕ

3701 396 3847 465 ΗῙΞ

571 501 951 568 spirationcm,
984 497 1183 553 tollunt
1211 508 1483 569 quatenus
1539 505 1640 558 sub
1668 513 1851 558 nostra
1885 514 1971 558 est
2005 513 2125 574 pote

2224 542 2230 562 ι
2266 509 2430 576 ἔξεισι
2458 511 2609 563 τουτὶ
2632 510 2691 562 τὸ
2725 511 2962 580 πνεῦμα,
3005 512 3143 564 κάπὶ
3170 512 3350 582 πάσης
3389 503 3683 582 ἐναγωνίου
3709 522 3840 572 σκέ-

569 606 738 649 ειδιε.

642 685 770 741 llam
803 689 1021 756 quidem
1054 689 1236 743 omnia
1280 687 1347 741 iis
1385 696 1705 756 competunt
1731 692 1821 757 qui
1850 690 1962 757 jam
1996 691 2047 743 in
2085 690 2144 742 il-

570 780 840 834 lalmriosa
863 793 920 834 et
958 798 1066 835 lltm
1108 781 1337 834 sollicita
1373 778 1724 848 profecerunt
1755 782 1933 850 quiete
1971 798 1985 845 ;
2018 799 2139 836 cum

570 873 714 924 enim
749 872 892 927 hanc
923 873 1139 940 penitus
1180 872 1422 940 ingressa
1450 882 1535 925 est
1567 872 1770 934 anima,
1812 872 1903 926 illa
1948 873 2146 927 exinde

568 965 750 1018 omnia
802 965 1108 1019 necessario
1159 966 1310 1032 sequi
1366 964 1700 1034 oportet.At
1759 965 2142 1033 incipientibus

567 1057 708 1110 nihil
742 1057 1182 1126 supradictorum
1217 1058 1339 1111 sine
1369 1056 1555 1112 labore
1596 1056 1913 1125 contingere
1941 1060 2143 1115 videas.

567 1148 829 1214 Quamvis
869 1147 1012 1202 enim
1046 1149 1369 1201 charitatetu
1403 1158 1664 1216 sequatur
1693 1149 1978 1216 patientia,
2007 1150 2141 1202 cha-

578 1245 712 1295 ritas
739 1240 886 1295 enini
910 1241 1121 1305 sullcrl,
1155 1258 1251 1296 nos
1275 1253 1453 1296 tamen
1489 1242 1749 1297 docemur
1776 1244 1827 1296 vi
1859 1243 2141 1312 acquirere

564 1334 913 1405 patientiam,
951 1343 1009 1388 ut
1063 1349 1160 1403 per
1182 1350 1300 1388 eam
1335 1335 1403 1386 ad
1432 1333 1757 1389 charitatem
1816 1349 2135 1402 promovea-

570 1443 714 1482 tnur.
748 1424 881 1480 ltem
912 1425 981 1481 de
1015 1425 1277 1493 praefatis.
1317 1424 1385 1480 Et
1416 1426 1544 1494 quid
1577 1426 1807 1492 amplius
1839 1428 1909 1480 de
1937 1426 2019 1479 his
2052 1423 2139 1478 di-

559 1518 832 1574 cendum?
864 1518 1065 1573 Omnes
1120 1519 1264 1571 enim
1308 1518 1515 1585 experti
1570 1533 1665 1572 eos
1705 1519 1885 1570 vident
1932 1517 2025 1585 qui
2069 1517 2140 1570 ob

561 1610 1018 1679 inexperientiam
1052 1609 1457 1674 contradicunt,
1493 1609 1614 1664 illos
1642 1610 1845 1679 quippe
1884 1625 1988 1662 non
2019 1623 2138 1662 ser-

563 1717 677 1764 tuo,
701 1700 798 1754 sed
845 1701 1000 1755 labor
1031 1710 1086 1753 et
1132 1699 1381 1753 laborum
1417 1699 1750 1768 experientia
1781 1699 1987 1762 docuit,
2018 1713 2138 1768 qua:

2262 601 2446 669 ιζεως·
2503 601 2735 669 μάλιστα
2786 602 2843 654 δὲ
2897 603 3131 656 ἐπὶτῶν
3187 606 3567 674 ἡσυχαζόντων
3617 608 3836 679 σώματι

2261 694 2356 769 καὶ
2383 693 2607 762 διανοίᾳ.
2639 685 2924 763 Οὗτοιγὰρ
2962 697 3345 763 πνευματικῶς
3388 699 3833 767 σαὸϐατίζοντες,

2260 784 2352 834 καὶ
2381 782 2489 834 ἀπὸ
2516 782 2729 835 πάντων
2781 783 2892 835 τῶν
2924 785 3137 837 οἰκείων
3172 785 3350 855 ἔργων
3395 792 3833 859 καταπαύοντες,

2257 876 2334 937 ὠς
2366 876 2608 943 ἐφικτὸν,
2667 878 2775 929 πᾶν
2831 877 2930 943 μὲν
2988 876 3049 930 τὸ
3094 880 3480 948 μεταϐατικὸν,
3539 886 3636 937 καὶ
3690 886 3835 950 διεξ-

2256 965 2454 1033 οδικὺν,
2479 968 2573 1020 καὶ
2600 985 2666 1019 πε
2677 967 3021 1037 ποικιλμένον
3044 971 3172 1039 περὶ
3197 971 3298 1035 τὰς
3331 971 3560 1040 γνώσεις
3581 976 3691 1027 τῶν
3716 978 3831 1046 ψυ-

2257 1058 2428 1127 χικῶν
2500 1059 2817 1129 δυνάμεων,
2883 1061 3258 1130 περιαιροῦσιν
3316 1063 3474 1133 ἔργον
3502 1083 3515 1096 ·
3576 1070 3668 1120 καὶ
3727 1071 3835 1135 τὰς

2234 1151 2584 1221 καίσθητικάς
2635 1153 2818 1215 πάσας
2882 1154 3214 1225 ἀντιλήψεις,
3262 1158 3356 1209 καὶ
3405 1160 3585 1211 πᾶσαν
3638 1162 3831 1225 ἁπλῶς

2254 1241 2506 1311 σώματος
2557 1243 2858 1315 ἐνέργειαν,
2904 1245 3027 1314 ἥτις
3078 1247 3164 1315 ἐφ’
3217 1248 3388 1317 ἡμῖν’
3420 1252 3452 1321 ἡ
3490 1250 3536 1303 δ’
3582 1255 3683 1306 οὐκ
3734 1254 3825 1319 ἐφ’

2248 1335 2384 1404 ἡμῖν
2429 1334 2647 1399 τελέως,
2678 1335 2868 1406 ῶσπερ
2917 1336 3012 1390 καὶ
3057 1339 3119 1390 τὸ
3149 1339 3429 1406 ἀναπνεῖν,
3469 1342 3557 1410 ἐφ’
3581 1343 3705 1397 ὅσον
3734 1346 3824 1415 ἐφ’

2247 1426 2399 1494 ἡμῖν.
2437 1424 2623 1489 Ταῦτα
2648 1426 2707 1478 δέ
2731 1427 2909 1481 πάντα
2935 1431 3048 1491 τοῖς
3075 1431 3383 1501 προκόψασι
3427 1434 3551 1488 καθ’
3589 1438 3825 1507 ἡσυχίαν

2247 1515 2465 1577 ἀπόνως
2509 1519 2603 1570 καὶ
2642 1519 3091 1589 ἀπεριμερίμνως
3138 1520 3368 1583 ἐπεταιτ
3398 1528 3463 1596 τῇ
3496 1526 3605 1598 γὰρ
3641 1528 3824 1600 τελείᾳ

2248 1606 2385 1676 πρὸς
2420 1606 2618 1678 ἑαυτὴν
2635 1609 2825 1680 εἰσόδῳ
2845 1610 2944 1681 τῆς
2973 1609 3173 1682 ψυχῆς,
3194 1612 3477 1684 αὐτόματα
3502 1619 3662 1670 ταυτὶ
3688 1622 3823 1675 πάν-

2244 1713 2315 1749 τα
2346 1697 2685 1764 ἐπιγίνεσθαι
2717 1698 2953 1769 ἀνάγκη.
2994 1701 3120 1763 Τοτς
3151 1701 3197 1755 δ’
3223 1704 3567 1775 ἀρχομένοις,
3599 1707 3704 1780 [sv]
3728 1711 3822 1764 οὐ·

561 1792 721 1847 utiles
755 1792 965 1862 profert
1023 1791 1260 1858 fruetus,
1293 1802 1349 1846 et
1396 1791 1614 1847 steriles
1659 1790 2029 1862 jurgiosorutn
2084 1801 2125 1855 ei

2240 1785 2327 1840 δὲν
2361 1788 2470 1841 τῶν
2489 1789 2791 1860 εἰρημένων
2822 1790 2952 1855 ι’δοις
2983 1790 3049 1844 ἂν
3084 1795 3320 1864 ἀμογητὶ
3359 1799 3773 1869 περιγινόμενον
3796 1815 3819 1836 ⁸

557 1886 893 1956 jactatorum
921 1901 1208 1941 sermones
1239 1885 1523 1940 ablmrret.

627 1976 765 2042 Quia
794 1982 1007 2042 autem,‘
1025 1977 1167 2032 sicut
1191 1976 1408 2046 quidant
1457 1992 1774 2043 magnorum
1845 1976 2137 2031 Doctorum

561 2070 711 2123 circa
743 2068 860 2122 haec
894 2068 1052 2131 dicit,
1090 2067 1285 2123 formis
1327 2069 1688 2127 exterioribus
1716 2068 1942 2122 interior
1977 2069 2143 2122 homr-

559 2158 854 2214 assimilari
905 2159 1044 2213 solet
1095 2167 1217 2227 post
1259 2167 1572 2228 peccatum,
1622 2173 1724 2213 cur
1772 2174 1882 2212 non
1930 2159 2138 2215 homini

556 2254 799 2307 animum
862 2251 916 2306 in
948 2267 1008 2306 se
1056 2262 1401 2317 convertere,
1431 2260 1486 2306 et
1518 2268 1622 2305 nun
1666 2252 1892 2316 directo,
1918 2251 2010 2307 sed
2053 2266 2140 2307 rev

552 2345 697 2397 ﬂexo
725 2353 780 2397 et
813 2342 1125 2397 certissimo
1161 2348 1312 2394 motu
1346 2357 1571 2397 movere
1598 2343 1863 2407 studenti,
1901 2344 2137 2398 multum

557 2431 843 2504 prodesset
878 2431 1093 2485 oettlutn
1136 2430 1278 2484 haud
1328 2434 1431 2487 huc
1465 2432 1703 2502 illucque
1732 2433 2134 2502 circumagere,

556 2526 651 2580 sed
682 2524 839 2595 quasi
895 2524 1071 2578 fulcro
1132 2523 1347 2581 cuidam
1395 2523 1622 2592 inﬁgere
1679 2540 1781 2579 suo
1811 2527 2017 2593 pectori
2049 2526 2136 2581 vel

569 2615 871 2672 umbilico?
907 2616 1045 2670 Nam
1092 2615 1255 2669 simul
1291 2629 1357 2668 ac
1392 2614 1444 2667 in
1476 2615 1739 2670 citculnm
1780 2634 1839 2672 se
1872 2618 2025 2686 quasi
2071 2621 2139 2670 ab

559 2712 907 2764 extrinsecus
929 2721 1027 2776 pro
1064 2706 1268 2759 viribus
1307 2702 1569 2771 reﬂectet,
1604 2704 1797 2761 t-eﬂcxe
1847 2709 2041 2776 paritet
2069 2704 2126 2761 in

553 2801 790 2870 seipsum
842 2799 1069 2852 studens
1097 2812 1319 2851 movere
1375 2807 1635 2863 mentem,
1668 2799 1775 2852 vim
1825 2799 2132 2859 intellecms

551 2896 675 2948 visu
707 2892 944 2947 exterius
996 2890 1247 2951 diil‘usam
1280 2890 1425 2944 intra
1476 2905 1575 2944 cor
1629 2891 1883 2945 refundet
1939 2890 2134 2958 huius!

565 2986 715 3041 modi
750 2985 938 3040 habitu
997 2982 1265 3052 c0rporis.
1294 2979 1450 3049 Quod
1483 2983 1529 3035 sl
1568 2982 1924 3052 iutelligibilis
1946 2983 2136 3036 beilua:

549 3088 794 3150 potestas
826 3076 1026 3131 residet
1060 3077 1114 3138 in
1145 3075 1351 3131 ventris
1381 3075 1657 3136 umbilico.
1695 3075 1823 3143 quia
1866 3077 1956 3129 hic
1991 3077 2135 3144 viget

566 3171 774 3238 peccati
807 3170 892 3223 lex
921 3185 1026 3239 qua
1055 3167 1145 3222 illa
1180 3167 1365 3233 alitur,
1417 3180 1518 3221 cur
1551 3184 1657 3221 non
1705 3166 1797 3223 isti
1830 3182 2133 3237 repugnan—

553 3281 661 3320 tem
698 3263 895 3317 mentis
925 3261 1101 3329 legem
1155 3259 1405 3315 oratione
1442 3268 1710 3314 armatam
1756 3258 2130 3329 oppenamus?

550 3374 622 3411 ne
661 3371 762 3425 per
792 3355 1068 3413 lavacrum
1104 3350 1539 3423 regenerationis
1582 3352 1838 3419 expulsus
1892 3368 2122 3423 nequam

549 3448 801 3519 spiritus,
836 3461 957 3501 cum
990 3454 1196 3514 septem
1239 3443 1526 3512 spiritibus
1560 3443 1915 3511 nequioribus
1941 3444 2126 3512 seipse

550 3541 772 3597 rediens
814 3539 1009 3594 iterum
1044 3536 1338 3602 inhabitet,
1373 3543 1429 3591 et
1455 3537 1587 3590 ﬁant
1616 3535 1911 3589 novissima
1944 3537 2125 3604 pejora

550 3614 827 3706 prioribus
859 3632 905 3686 ‘.

643 3716 927 3773 «Attende
978 3715 1098 3780 tibi,
1129 3732 1150 3766 ›
1207 3716 1282 3768 ait
1302 3713 1564 3786 Moyses;
1601 3713 1805 3769 scilicet
1859 3713 1956 3767 tibi
2005 3726 2127 3775 tott,

549 3814 696 3867 haud
725 3811 817 3865 alii
851 3809 1072 3879 quidem
1100 3808 1173 3862 tui
1205 3809 1368 3879 parti,
1395 3808 1485 3861 alii
1511 3822 1640 3862 vero
1675 3806 1921 3862 nonJ’er
1944 3808 2073 3878 quid
2101 3809 2125 3861 ?

549 3907 656 3960 Per
683 3911 918 3959 mentem
951 3900 1197 3971 profecto
1228 3916 1241 3954 :
1278 3915 1406 3955 nam
1444 3915 1541 3969 per
1585 3900 1720 3955 nihil
1751 3900 1901 3955 aliud
1945 3913 2127 3969 p0tcst

550 3996 678 4067 quis
708 3996 812 4051 sibi
848 3993 942 4048 toti
971 3991 1277 4048 attendere.
1329 3991 1481 4046 lianc
1521 3990 1687 4062 igitur
1732 3994 1955 4047 institue
2002 4009 2125 4047 cor-

567 4088 690 4160 pori
714 4092 777 4143 “et
809 4088 1006 4147 animae
1035 4085 1364 4151 custodiam,
1395 4100 1491 4155 per
1531 4085 1671 4138 hanc
1698 4087 1842 4139 enim
1884 4100 1913 4137 ιι
1945 4086 2126 4152 pravis

550 4183 747 4236 animze
797 4168 851 4235 ei.
889 4179 1139 4248 corporis
1174 4178 1523 4249 passionibus
1571 4178 1728 4237 facile
1778 4178 2120 4234 liberaberis.

551 4271 677 4326 Tibi
714 4286 847 4341 ergo
891 4280 1031 4334 asta,
1076 4269 1170 4323 tibi
1216 4269 1383 4334 insta,
1413 4269 1510 4323 tibi
1543 4268 1788 4338 invigila,
1821 4269 1906 4323 vel
1937 4270 2120 4338 potius

549 4375 604 4419 te
635 4363 875 4426 custodi,
906 4362 1121 4417 intuere
1177 4372 1232 4415 et
1269 4361 1664 4427 examina._Sic
1711 4361 1856 4415 enim
1902 4376 2120 4417 carnem

546 4455 817 4511 rebellem
845 4453 1104 4520 subjicies
1133 4451 1374 4521 spiritui.
1395 4461 1452 4507 et
1476 4451 1708 4507 verbum
1738 4452 2119 4510 absconditum

546 4550 602 4607 in
634 4546 799 4604 corde
831 4553 927 4599 tuo
949 4556 1228 4614 nunquam
1263 4543 1390 4597 erit.

620 4693 639 4723 ι
672 4672 727 4725 Si
755 4672 981 4738 Spiritus
1012 4682 1361 4741 potestate";
1381 4676 1632 4730 habentis
1669 4682 1959 4748 imalorum
2006 4686 2111 4741 sci-

542 4763 669 4817 licet
724 4750 1017 4832 spirituum
1065 4779 1127 4817 ac
1172 4750 1556 4836 cnpidttatum)
1592 4774 1898 4829 ascenderit
1947 4792 2111 4847 super

539 4869 610 4920 te,
643 4856 820 4912 locum
855 4865 1004 4911 tuum
1044 4871 1111 4911 ne
1142 4857 1434 4922 dimiseris,
1462 4878 1481 4911 ι
1520 4861 1654 4917 dicit
1676 4864 2028 4926 Ecclesiastes
2058 4871 2103 4937 ⁷,

540 4949 745 5003 nullam
824 4949 1021 5003 anima:
1097 4958 1355 5017 partem,
1419 4953 1620 5007 nullum
1683 4960 1988 5016 membrum
2030 4964 2105 5017 ἰηο

538 5040 866 5095 custoditum
911 5041 1172 5099 dimittas.
1216 5040 1307 5096 Sic
1357 5045 1501 5098 enim
1550 5048 1833 5115 spiritibus
1890 5056 1959 5108 ab
2010 5057 2104 5109 in-

537 5138 619 5186 lra
672 5132 994 5188 nocentibus
1049 5133 1302 5202 superior
1354 5136 1490 5203 fies,
1534 5148 1587 5193 et
1636 5147 1928 5199 scrutatori
1980 5120 2107 5201 cor-

535 5227 683 5278 dium
739 5232 796 5279 et
841 5239 1061 5290 renum,
1095 5226 1211 5281 lucc
1239 5227 1357 5295 ipse
1406 5242 1813 5299 praescrutatus,
1842 5235 1953 5304 jam
1995 5254 2104 5294 non

534 5314 864 5370 scrutandus
894 5314 1098 5369 astabis
1126 5329 1249 5370 cum
1286 5317 1507 5374 ﬁducia.
1554 5321 1688 5376 Nam
1722 5342 1741 5376 ι
1774 5325 1818 5381 si
1854 5342 2102 5385 uosmet-

533 5424 678 5475 ipsos
728 5406 1117 5475 iudicaremus,
1149 5424 1254 5461 non
1298 5410 1901 5484 utiquejudicarcmur,
1932 5440 1949 5472 ι
1985 5423 2102 5490 ipse

533 5498 732 5554 Paulus
751 5499 885 5554 dicit
912 5499 934 5529 ‘
962 5540 978 5554 .
1002 5497 1070 5553 Et
1104 5500 1288 5553 beatos
1321 5515 1577 5571 expertus
1603 5506 1728 5564 illos
1763 5512 1979 5568 Davidis
2016 5517 2098 5570 al-

531 5592 721 5655 lectus,
747 5591 895 5646 dices
922 5593 942 5620 ”
977 5608 990 5643 :
1028 5609 1046 5641 ι
1079 5589 1341 5645 Tenebra:
1370 5609 1474 5648 non
1511 5594 1994 5660 obscurabuntura
2019 5618 2091 5673 te,

528 5693 582 5730 et
608 5695 717 5734 nox
738 5682 882 5737 sicut
911 5684 1027 5740 dies
1059 5683 1456 5738 illumittabitur
1482 5688 1636 5754 mihi,
1668 5693 1794 5761 quia
1824 5708 1878 5751 tu
1908 5714 2093 5768 νοεδθ-

2169 1854 2216 1914 Β
2239 1878 2315 1940 ὡς
2342 1876 2434 1938 οῦν
2462 1854 2748 1953 τῇίάγάπῃ
2765 1881 2957 1936 ἕπεται
2984 1883 3046 1941 τὸ
3066 1854 3357 1956 ὑπομένειν
3374 1903 3389 1916 ·
3490 1854 3811 1963 γὰρ’ἀγάπη

2240 1969 2419 2021 πάντα
2454 1971 2637 2047 στέγει
2665 1986 2680 2001 ο
2714 1973 2872 2041 ἡμεῖς
2893 1973 2951 2031 δὲ
2989 1974 3354 2046 διδασκόμεθα
3385 1980 3687 2049 κατορθοῦν
3721 1982 3814 2055 βίᾳ

2238 2061 2336 2131 τὴν
2362 2063 2658 2133 ὑπομονὴν,
2693 2063 2770 2126 ὡς
2798 2063 2866 2116 δι’
2892 2065 3064 2136 αὐτῆς
3108 2069 3243 2137 πρὸς
3272 2070 3372 2139 τὴν
3414 2072 3639 2142 ἀγάπην
3670 2074 3811 2143 φθὰς-

2240 2168 2442 2222 σωμεν.
2474 2152 2632 2208 Οὕτω
2680 2156 2821 2209 κάπὶ
2844 2159 3051 2211 τούτων
3096 2158 3246 2231 ἔχει’
3301 2162 3397 2215 καὶ
3443 2165 3493 2216 τί
3530 2164 3612 2219 δεῖ
3638 2167 3807 2221 πλείω

2238 2245 2366 2316 περὶ
2410 2246 2615 2302 τούτων
2668 2248 2882 2319 λέγειν;
2936 2253 3138 2317 πάντες
3181 2256 3290 2326 γὰρ
3334 2259 3383 2311 οί
3412 2262 3806 2332 πεπειραμένοι

2235 2337 2435 2403 γελῶσι
2480 2339 2607 2403 τοὺς
2651 2339 2712 2405 ἐξ
2750 2343 3007 2414 ἀπειρίας
3053 2346 3599 2417 ἀντι-νομοθετοῦντας
3623 2370 3638 2383 ·
3698 2353 3805 2407 τῶν

2232 2427 2347 2496 γὰρ
2395 2427 2670 2495 τοιούτων,
2703 2432 2765 2484 οὐ
2805 2431 2982 2500 λόγος,
3016 2434 3152 2489 ἀλλὰ
3174 2436 3359 2505 πόνος,
3399 2442 3495 2493 καὶ
3524 2442 3559 2510 ή
3586 2440 3674 2495 διὰ
3703 2443 3805 2495 πό-

2233 2531 2339 2568 νων
2359 2519 2523 2586 πείρα
2548 2517 2866 2584 διδάσκαλος
2884 2539 2899 2553 ’
2934 2524 3070 2596 αὐτή
3100 2543 3162 2579 τε
3188 2532 3547 2601 καρπουμένη
3576 2532 3638 2585 τὸ
3665 2551 3801 2605 συμ-

2235 2607 2418 2677 φέρον,
2471 2612 2566 2663 καὶ
2610 2612 2721 2666 τῶν
2777 2616 3096 2683 φιλονείκων
3148 2637 3248 2680 ,τε
3272 2624 3366 2674 καὶ
3419 2624 3799 2690 φιλενδείκτων

2238 2697 2356 2759 τοὺς
2383 2698 2665 2766 ἀκάρπους
2696 2703 3149 2777 ἀποστρεφομένη
3175 2708 3387 2778 λόγους.
3430 2713 3582 2768 Ἐπεὶ
3608 2716 3665 2770 δὲ
3702 2719 3797 2771 καὶ

2231 2786 2481 2876 καθάπερ
2519 2807 2603 2855 τις
2646 2791 2755 2846 τῶν
2813 2797 3065 2865 μεγάλων
3099 2801 3229 2869 περὶ
3269 2802 3444 2858 ταῦτα
3490 2806 3660 2876 λέγει,
3684 2812 3796 2874 τοῖς

2228 2875 2334 2968 ἔξω
2365 2881 2607 2950 σχήμασι
2638 2881 2880 2952 πέφυκεν
2911 2889 2940 2941 ὁ
2973 2888 3081 2943 ἔσω
3103 2889 3391 2963 ἄνθρωπος
3423 2897 3798 2968 συνεξομοιοῦ-
3846 2928 3849 2929 ν

2233 2962 2358 3015 σθαι
2395 2969 2534 3034 μετά
2574 2970 2675 3040 τὴν
2704 2974 3036 3042 παράϐασιν,
3068 2980 3187 3043 πῶς
3210 2962 3326 3036 οὐκ
3368 2985 3435 3038 ἂν
3464 2962 3794 3044 συντελέσειέ

2223 3071 2280 3107 τι
2308 3055 2451 3124 μέγα
2493 3055 2575 3126 τῷ
2613 3056 2898 3113 σπεύδοντι
2929 3065 3249 3133 συστρέφειν
3278 3067 3371 3122 τὸν
3418 3071 3544 3125 νοῦν
3571 3075 3653 3139 είς
3676 3077 3791 3132 ἐαυ-

2224 3146 2336 3239 τὸν,
2369 3147 2448 3211 ὠς
2496 3149 2573 3220 μὴ
2618 3149 2718 3220 τὴν
2764 3153 2885 3205 κατ’
2927 3153 3167 3221 εὐθεῖαν,
3202 3157 3340 3213 ἀλλά
3372 3159 3472 3232 τὴν
3526 3168 3792 3239 κυκλικὴν

2222 3238 2320 3329 καὶ
2347 3239 2563 3310 ἀπλανῆ
2608 3244 2874 3297 κινεῖσθαι
2900 3246 3130 3318 κίνησιν,
3171 3249 3250 3320 τῷ
3281 3253 3356 3323 μὴ
3392 3245 3483 3308 τὸν
3517 3238 3791 3329 ὀφθαλμδν

2220 3325 2320 3382 ὧδε
2352 3331 2576 3384 κάκεῖσε
2602 3334 2910 3404 περιάγειν,
2943 3337 3057 3391 ἀλλ’
3082 3335 3192 3393 οἷον
3213 3343 3501 3412 ἐρείσματι
3530 3325 3637 3402 τινι
3666 3325 3789 3405 τοῦ·

2219 3436 2313 3471 τον
2341 3423 2735 3493 προσερείδειν,
2773 3425 2853 3495 τῷ
2892 3430 3079 3500 οίκείῳ
3113 3432 3319 3502 στήθει,
3348 3434 3381 3503 ἦ
3411 3434 3491 3506 τῷ
3535 3439 3785 3512 ὀμφαλῷ.

2219 3511 2365 3581 Πρὸς
2412 3513 2523 3584 γὰρ
2554 3515 2629 3586 τῷ
2683 3518 2767 3581 εις
2804 3518 3005 3573 κύκλον
3047 3520 3236 3593 ῶσπερ
3292 3524 3492 3591 ἔξωθεν
3535 3531 3623 3599 ἐφ’
3664 3511 3787 3587 ὅσον

2218 3603 2442 3669 ἐφικτὸν
2465 3607 2793 3665 συνελίττειν
2826 3611 3041 3676 ἑαυτὸν,
3084 3615 3481 3685 παραπλησίως
3507 3623 3572 3691 τῇ
3619 3639 3785 3676 σπου-

2217 3692 2487 3767 δαζομένη
2511 3699 2567 3751 ἐν
2595 3699 2742 3768 αὺτῷ
2770 3702 2866 3755 τοῦ
2899 3702 2990 3755 νοῦ
3017 3708 3248 3775 κινήσει,
3282 3708 3379 3761 καὶ
3395 3710 3492 3779 τὴν
3513 3712 3579 3765 δι’
3609 3714 3786 3784 ὅψεως

2216 3785 2322 3851 ἔξω
2371 3790 2636 3860 χεομένην
2667 3790 2896 3862 δύναμιν
2936 3796 3032 3849 τοῦ
3087 3798 3202 3865 νοῦ,
3231 3801 3332 3870 τῆς
3382 3804 3611 3873 καρδίας
3655 3807 3783 3862 εἵσω

2217 3878 2424 3946 πέμψει
2457 3880 2546 3934 διὰ
2573 3881 2668 3935 τοῦ
2697 3887 2941 3941 τοιούτου
2981 3891 3259 3958 σχήματος
3306 3894 3401 3947 τοῦ
3426 3895 3695 3967 σώματος.
3720 3902 3779 3954 Εἰ

2212 3967 2269 4019 δὲ
2314 3971 2407 4023 καὶ
2453 3974 2486 4043 ὴ
2534 3973 2628 4027 τοῦ
2679 3978 2871 4046 νοητοῦ
2912 3979 3077 4049 θηρὸς
3115 3981 3345 4053 δύναμις
3401 3988 3491 4041 ἐπ’
3535 3991 3779 4059 ὀμφαλοῦ

2213 4061 2468 4129 γαστρὸς,
2498 4062 2572 4127 ὡς
2605 4065 2697 4119 τοῦ
2731 4068 2894 4138 νόμου
2918 4071 3016 4140 τῆς
3050 4072 3325 4144 ἁμαρτίας
3354 4078 3472 4130 ἐκεῖ
3497 4079 3555 4132 τὸ
3582 4083 3780 4152 κράτος

2213 4152 2448 4221 ἔχοντος,
2476 4155 2570 4209 καὶ
2598 4158 2768 4228 νομὴν
2796 4161 2944 4231 αὐτῷ
2987 4163 3239 4231 διδόντος,
3265 4168 3407 4222 διατι
3436 4170 3513 4243 μὴ
3553 4173 3645 4228 τὸν
3684 4176 3776 4227 ἀνο

2212 4248 2696 4316 τιστρατευόμενον
2724 4251 2917 4322 ἐκείνῳ
2960 4256 3055 4308 τοῦ
3092 4255 3258 4326 νόμου
3292 4261 3475 4328 νόμον,
3521 4264 3688 4317 αὐτοῦ
3714 4266 3776 4318 δι’

2212 4335 2376 4405 εὐχῆς
2418 4337 2762 4409 ὡπλισμένον
2809 4343 3229 4416 ἐπιστήσωμεν;
3282 4348 3358 4413 ὡς
3398 4352 3466 4405 ἂν
3496 4353 3572 4423 μὴ
3603 4355 3663 4408 τὸ
3689 4355 3780 4409 διὰ

2211 4427 2304 4478 τοῦ
2363 4426 2589 4499 λουτροῦ
2642 4430 2742 4500 τῆς
2795 4433 3215 4503 παλιγγενεσίας
3268 4443 3487 4513 πνεῦμα
3545 4447 3780 4518 πονηρὸν

2209 4518 2496 4583 ἀπελαθὲν,
2541 4521 2662 4607 μεθ’
2708 4524 2794 4576 ἐτέ
2804 4542 2911 4594 ρων
2938 4528 3078 4583 ὲπτά
3107 4535 3489 4606 πονηροτέρων
3533 4541 3778 4608 πνευμά-

2206 4623 2313 4700 των
2359 4611 2715 4681 ἐπιστρέψαν,
2750 4611 2906 4680 αὖθις
2951 4619 3361 4693 ἐγκατοικισθῇ.
3413 4628 3505 4681 καὶ
3554 4631 3778 4700 γένηται

2207 4699 2275 4754 τὰ
2307 4700 2512 4771 ἔσχατα
2554 4705 2772 4776 χείρονα
2807 4707 2916 4760 τῶν
2957 4711 3211 4779 πρώτων.
3256 4716 3497 4787 Πρόσεχε
3543 4724 3775 4790 σεαυτῷ,

2208 4791 2373 4860 φησιν
2400 4795 2429 4846 ὁ
2477 4794 2742 4865 Μωῦσῆς,
2790 4800 2953 4852 παντὶ
2999 4801 3246 4875 δηλαδή·
3291 4807 3352 4860 οὐ
3382 4812 3490 4862 τινὶ
3540 4813 3641 4882 μὲν
3667 4816 3778 4869 τῶν

2208 4881 2338 4948 σῶν,
2371 4885 2476 4937 τινὶ
2500 4884 2556 4937 δ’
2587 4885 2669 4941 οὔ.
2699 4888 2797 4942 Διά
2825 4888 3006 4955 τίνος;
3042 4894 3147 4947 Τοῦ
3178 4895 3269 4949 νοῦ
3294 4899 3509 4965 πάντως
3534 4881 3551 4933 έ
3599 4906 3775 4959 οὐδενὶ

2204 4972 2314 5042 γὰρ
2346 4972 2492 5043 ἄλλῳ
2519 4975 2743 5029 δυνατὸν
2797 4981 3082 5050 προσέχειν
3122 4986 3301 5055 ἐαυτῷ
3333 4992 3521 5046 παντί.
3561 4993 3775 5065 Ταύτην

2202 5066 2297 5159 οὖν
2333 5068 2628 5138 ἐπίστησον
2660 5075 2756 5125 καὶ
2800 5074 2946 5145 ψυχρῇ
2983 5078 3078 5131 καὶ
3125 5078 3337 5150 σώματι
3369 5085 3470 5153 τὴν
3501 5088 3770 5159 φυλακήν·

2205 5158 2273 5210 δι’
2303 5160 2473 5228 αὐτῆς
2501 5161 2611 5232 γὰρ
2635 5165 2728 5218 καὶ
2753 5170 3079 5237 σωματικῶν
3107 5174 3201 5226 καὶ
3238 5174 3489 5245 ψυχικῶν
3518 5182 3771 5251 πονηρῶν

2200 5251 2546 5323 παθημάτων
2598 5257 2959 5333 ἁπαλλαγήσῃ
3017 5264 3236 5333 ῥᾳδίως.
3307 5268 3542 5325 Σεαυτοῦ
3586 5276 3769 5328 τοίνυν

2201 5341 2503 5412 πρόστηθι,
2562 5347 2774 5417 σεαυτῷ
2834 5350 3123 5422 ἐιιιιίσειτηθι⁹
3177 5357 3403 5410 σεαυτὸν
3451 5360 3765 5431 ἐπίσκεψαι,

2204 5434 2404 5501 μᾶλλον
2456 5437 2513 5490 δὲ
2566 5440 2883 5509 προῖστασο,
2913 5444 3007 5496 καὶ
3049 5445 3400 5514 ἐπισκέπτου,
3439 5452 3532 5506 καὶ
3584 5453 3763 5519 ἔταξε.

2200 5525 2312 5580 Καὶ
2339 5527 2448 5597 γὰρ
2478 5527 2620 5583 οὕτω
2655 5531 2753 5601 τὴν
2804 5533 2983 5603 σάρκα
3028 5536 3431 5606 ἀφηνιάζουσαν
3477 5544 3765 5612 ὑποτάξεις

2199 5617 2277 5685 τῷ
2314 5619 2609 5688 πνεύματι,
2651 5623 2745 5675 καὶ
2776 5624 2927 5694 ῥῆμα
2976 5630 3214 5696 κρυπτὸν
3241 5632 3302 5684 ἐν
3340 5635 3405 5704 τῇ
3442 5636 3638 5706 καρδίᾳ
3669 5654 3764 5690 σου

2197 5709 2257 5759 ο)
2293 5710 2502 5777 μήποτε
2553 5712 2791 5785 γένηται.
2840 5735 2857 5769 ι
2883 5717 3007 5773 Ἐὰν
3041 5720 3250 5791 πνεῦμα
3290 5722 3382 5776 τοῦ
3419 5726 3762 5792 ἐξουσιάζον-

596 5855 765 5914 ‘Luc.
788 5877 866 5928 ιι,
893 5865 982 5921 26.
1062 5867 1272 5925 ’Ecclc.
1302 5888 1356 5937 ι,
1381 5873 1434 5931 4.
1512 5876 1531 5907 ⁸
1551 5877 1675 5935 Cor.
1711 5898 1784 5946 ιι,
1816 5886 1902 5942 51.
1982 5890 2000 5922 ⁸
2023 5889 2169 5949 Psal,
2201 5911 2289 5947 πε
2316 5916 2395 5930 --
