4146 6308
374 386 516 465 1113

1643 398 1742 459 DE
1780 399 2330 470 HESYCHASTIS.

3480 406 3622 492 11:4

378 526 489 574 τος,
529 507 639 562 τῶν
671 510 925 580 πονηρῶν
957 512 1159 582 δηλαδὴ
1190 514 1283 566 καὶ
1312 518 1660 586 πνευμάτων,
1693 523 1787 575 καὶ
1837 540 1937 577 πα-

2042 518 2169 576 disti
2205 536 2363 579 renes
2386 537 2556 581 meos.
2581 544 2601 579 ι
2647 526 2768 605 Non
2798 530 2973 585 solum
2998 537 3474 607 concupiscibilem
3501 547 3622 601 aui-

377 601 658 669 οημάτων,
712 603 885 674 ἀναϐῇ
932 605 1023 657 ἐπὶ
1059 604 1140 671 σὲ,
1190 607 1357 675 φησὶν
1405 611 1434 663 ὁ
1487 609 1938 687 Ἐκκλησιαστὴς,

375 696 542 750 τύπον
594 711 689 750 σου
725 696 799 766 μὴ
833 699 1010 767 ἀφῇς·
1039 717 1058 748 ι
1097 700 1342 754 τουτέστι
1399 702 1472 772 μὴ
1523 702 1699 774 ψυχῆς
1754 707 1936 779 μέρος,

379 786 453 856 μὴ
487 786 648 856 μέλος
697 787 949 855 σώματος
997 790 1364 847 ἀνεπίσκοπον
1399 795 1588 869 ἐάσῃς.
1639 799 1795 853 Οὕτω
1835 802 1938 873 γάρ

375 877 471 934 καὶ
498 876 607 930 τῶν
639 877 882 932 κάτωθεν
923 879 1336 949 ἐπηρεαζόντων
1386 886 1710 957 πνευμάτων
1738 891 1939 945 ἀνώτε-

379 986 469 1041 ρος
495 967 793 1041 διαγενήσῃ
821 971 913 1025 καὶ
935 970 1013 1041 τῷ
1040 973 1280 1037 ὲτάζοντι
1311 977 1537 1048 καρδίας
1568 980 1661 1034 καὶ
1690 985 1939 1051 νεφροὺς,

378 1061 451 1124 ὡς
488 1061 649 1125 αὐτὸς
675 1060 850 1115 ταῦτα
882 1063 1210 1133 προετάσας,
1252 1066 1622 1137 ἀνεξετάστως
1660 1078 1944 1148 παραστή·

380 1167 446 1223 σῃ
496 1150 638 1223 μετά
672 1153 1006 1223 παρρησίας.
1062 1157 1154 1208 «Εἰ
1208 1158 1319 1227 γάρ
1353 1161 1580 1227 ἑαυτοὺς
1632 1165 1938 1238 ἐκρίνομεν,

374 1245 475 1296 οὐκ
506 1242 954 1313 ἀνέκρινόμεθα,
985 1263 1004 1296 ι
1039 1245 1250 1311 Παῦλος
1276 1250 1425 1303 ἐστιν
1469 1254 1497 1306 ὸ
1519 1252 1711 1322 λέγων.
1746 1259 1852 1311 Καὶ
1883 1260 1945 1312 τὸ

371 1333 469 1385 τοῦ
501 1333 662 1387 Δαϐὶδ
691 1333 878 1389 παθῶν
906 1338 1173 1406 μακάριον
1202 1341 1378 1394 ἐκεῖνο
1426 1344 1618 1411 πάθος,
1648 1348 1742 1400 καὶ⁵
1782 1350 1944 1414 αὐτὸς

376 1422 514 1493 πρὸς
529 1423 634 1476 -τδν
658 1422 790 1479 Θεδν
837 1424 1005 1494 ἐρεῖς»,
1035 1427 1118 1479 ὅτι
1151 1446 1170 1479 ι
1196 1428 1393 1493 Σκότος
1420 1432 1484 1486 οὐ
1528 1437 1943 1509 σκοτισθήσεται

373 1515 482 1569 ἀπὸ
516 1514 635 1579 σοῦ,
690 1515 786 1570 καὶ
814 1516 909 1582 νὺξ
956 1516 1033 1581 ὡς
1079 1518 1261 1590 ἡμέρα
1288 1522 1689 1589 φωτισθήσεταί
1717 1545 1827 1597 μοι,
1861 1530 1944 1583 ὅτι

375 1620 440 1682 σὺ
469 1608 686 1691 ἐκτήσω
700 1621 827 1683 τοὺς
853 1637 1087 1691 νεφρους
1111 1626 1354 1693 μου.›οὐ
1382 1629 1443 1681 τὺ
1471 1628 1572 1698 τῆς
1598 1630 1757 1700 ἐμῆς,
1785 1634 1937 1703 φησὶ,

373 1712 550 1782 ψυχῆς
582 1711 742 1781 μόνον
779 1713 1173 1782 ἐπιθυμητικὸν
1204 1716 1323 1769 ὅλον
1357 1719 1448 1772 σὺν
1498 1721 1760 1790 εἰργάσω,
1806 1725 1943 1779 ἀλλά

372 1806 464 1857 καί
492 1802 621 1855 εἴτι
646 1804 704 1856 ἐν
759 1802 838 1872 τῷ
874 1803 1087 1873 σώματι
1131 1807 1336 1877 ταύτης
1373 1808 1470 1878 τῆς
1504 1810 1800 1881 ἐπιθυμίας
1835 1812 1959 1877 Cri».

373 1911 565 1965 πυρον,
604 1894 743 1964 πρὸς
769 1894 870 1963 τὴν
899 1894 1233 1964 ἐμποιοῦσαν
1263 1898 1620 1971 ἐπιστρέψαν,
1657 1902 1726 1956 δι’
1770 1904 1941 1975 αὐτῆς

312 2038 329 2053 ,
373 1986 510 2053 πρὸς
537 1985 597 2039 σὲ
631 1985 859 2056 ἀνέπτη,
901 1987 995 2039 καὶ
1045 1986 1141 2040 σοῦ
1171 1987 1486 2062 ἐξήρτηται,
1516 1994 1612 2047 καὶ
1639 1994 1724 2049 σοὶ
1752 1997 1943 2052 κολλᾶ-

354 2068 483 2139 ται.
527 2077 618 2140 Ὠς
646 2078 754 2148 γὰρ
785 2080 899 2142 τοῖς
939 2079 1048 2134 τῶν
1071 2081 1369 2151 αἰσθητῶν,
1404 2085 1498 2142 καὶ
1533 2085 1788 2158 φθαρτῶν
1818 2090 1941 2160 ἠδο-

373 2171 481 2227 νῶν
506 2171 905 2241 ἀντεχομένοις,
931 2172 992 2225 τὸ
1012 2173 1113 2243 τῆς
1147 2174 1325 2245 ψυχῆς
1370 2176 1670 2247 ἐπιθυμοῦν
1699 2180 1820 2234 ὅλον
1845 2198 1939 2235 κε·

375 2263 558 2316 νοῦται
588 2265 724 2333 πρὸς
751 2262 853 2333 τὴν
882 2263 1085 2334 σάρκα,
1116 2265 1213 2319 καὶ
1257 2265 1345 2321 διά
1374 2266 1534 2322 τοῦτο
1582 2269 1694 2323 ὅλοι
1740 2274 1940 2344 σάρκες

373 2352 636 2421 γίνονται,
667 2352 763 2404 καὶ
794 2352 856 2405 τὸ
884 2351 1111 2423 Πνεῦμα
1154 2353 1248 2407 τοῦ
1281 2355 1418 2409 Θεοῦ
1455 2357 1557 2410 οὐκ
1588 2359 1667 2412 ἔνι
1696 2363 1941 2432 καταμέ-

374 2460 485 2500 νειν
522 2444 581 2496 ἐν
610 2444 792 2507 αὐτοῖς
819 2483 835 2507 ,
864 2443 1009 2506 οὕτω
1045 2448 1158 2510 τοῖς
1186 2447 1505 2518 ἀνυψώσασι
1533 2452 1622 2505 τὸν
1650 2452 1775 2505 νοῦν
1808 2455 1944 2525 πρὸς

374 2535 465 2588 τὸν
495 2535 649 2601 Θεὸν,
688 2536 785 2588 καὶ
817 2535 912 2590 τοῦ
940 2536 1085 2592 θείου
1116 2538 1283 2593 πόθου
1304 2541 1405 2611 τὴν
1432 2541 1610 2613 ψυχὴν
1640 2544 1945 2617 ἐξηρτημέ-

2045 626 2145 666 mae
2172 622 2380 681 partem
2407 625 2576 673 totam
2611 627 2760 674 tuam
2787 621 3018 678 el'liciam
3046 641 3062 691 ;
3095 628 3192 682 sed
3234 638 3289 684 et
3322 632 3368 686 si
3400 635 3524 702 quis
3566 638 3621 691 iu

2042 715 2271 769 corpore
2299 708 2863 777 estconeupiscentiae
2914 712 3076 782 hujus
3097 714 3294 783 fomes,
3316 718 3445 776 illuc
3480 726 3622 779 unde

2041 790 2282 858 elicitur,
2309 808 2628 861 conversus,
2662 801 2763 855 hac
2802 807 2870 857 ad
2905 812 2958 859 te
2991 805 3161 870 volat,
3194 819 3249 865 et
3278 810 3375 865 tibi
3420 827 3622 882 appen-

2041 882 2150 948 det,
2173 893 2224 937 et
2248 894 2424 941 tecum
2448 890 2832 960 agglutinatur.
2858 893 3014 952 Sicut
3031 899 3178 955 enim
3227 903 3320 970 qui
3343 906 3618 960 sensibilia

2045 982 2100 1028 et
2131 978 2511 1046 corruptibilia
2550 984 2983 1052 amplectuntur,
3020 997 3191 1043 totum
3241 992 3438 1047 animm
3460 1010 3621 1065 appe-

2043 1066 2202 1121 titmn
2233 1068 2519 1127 effundunt
2562 1074 2631 1130 ad
2657 1090 2900 1142 carnem,
2948 1080 3177 1150 ideoque
3237 1084 3334 1138 ιοιὶ
3372 1086 3621 1142 carnales

2040 1158 2196 1224 liunt,
2222 1167 2278 1212 et
2297 1160 2552 1230 spiritum
2572 1163 2674 1218 Dei
2717 1181 2820 1219 uon
2872 1167 3077 1223 habent
3108 1171 3161 1225 in
3214 1187 3276 1226 se
3313 1174 3619 1231 immanen-

2042 1258 2154 1302 tem
2194 1267 2209 1304 :
2239 1250 2313 1304 ita
2346 1252 2433 1310 his
2463 1255 2555 1323 qui
2595 1268 2828 1327 mentem
2865 1260 3083 1316 elevant
3126 1263 3195 1317 ad
3230 1264 3420 1331 Deum,
3445 1276 3502 1321 et
3530 1268 3618 1322 di-

2038 1341 2167 1395 vino
2196 1345 2367 1398 amori
2390 1347 2626 1400 animam
2666 1348 2997 1419 devinciunt,
3037 1354 3154 1423 ipsa
3186 1370 3317 1411 caro
3346 1365 3622 1413 transmu-

2041 1442 2158 1487 tata
2211 1436 2373 1490 simul
2407 1439 2658 1507 erigitur,
2698 1456 2762 1495 ac
2797 1443 2976 1498 divino
3006 1445 3202 1501 fruitur
3241 1452 3532 1517 consortio,
3562 1459 3619 1506 et

2037 1524 2099 1579 lit
2127 1527 2293 1581 etiam
2327 1543 2412 1583 res
2439 1539 2495 1584 et
2531 1532 2725 1587 domus
2775 1531 3019 1604 Dei,jam
3061 1552 3169 1592 non
3222 1539 3616 1597 inhabitantem

2039 1617 2247 1674 habens
2271 1620 2364 1675 Dei
2392 1621 2761 1691 inimicitiam,
2797 1641 2901 1682 nec
2932 1628 3196 1684 adversus
3213 1631 3463 1700 spiritum
3487 1647 3619 1688 con-

2036 1712 2351 1781 eupisceus.

2109 1804 2242 1860 Utra
2275 1818 2467 1860 autem
2498 1808 2682 1878 aptior
2713 1821 2806 1867 'est
2832 1809 3048 1880 spiritui
3085 1830 3185 1870 nos
3224 1816 3479 1872 deorsum
3530 1818 3615 1873 in-

2036 1897 2301 1952 vadenti?
2345 1914 2549 1954 earone
2608 1916 2678 1956 an
2742 1905 2944 1959 mens?
2988 1922 3167 1963 nonne
3205 1924 3357 1973 caro,
3399 1910 3452 1964 in
3506 1925 3615 1980 qua

2037 1990 2338 2058 Apostolus
2366 1992 2503 2046 nihil
2539 1994 2739 2047 bonum
2773 1996 2908 2051 dicit
2936 1998 3182 2054 habitare
3212 2010 3499 2071 antequam
3538 2004 3617 2056 le-

2036 2095 2156 2149 gem
2186 2082 2309 2137 vita:
2355 2087 2870 2154 conceperitl’Eam
2928 2089 3097 2161 igitur
3154 2092 3338 2160 putius
3398 2104 3617 2164 oportet

2037 2188 2315 2243 nunquam
2364 2174 2569 2230 dimitti
2613 2176 3027 2234 incustoditam.
3064 2180 3234 2237 Sectis
3286 2184 3430 2238 enim
3483 2184 3617 2254 quid

2036 2268 2335 2322 heremus?
2369 2267 2437 2322 Et
2481 2284 2581 2323 cur
2626 2284 2748 2324 eam
2795 2272 3343 2343 derelinqueremus?
3369 2277 3432 2331 Et
3483 2291 3619 2346 quo-

2035 2358 2196 2412 modo
2252 2360 2582 2429 repellamus
2639 2362 2863 2433 maligni
2919 2364 2991 2419 ad
3027 2380 3149 2419 eam
3201 2368 3460 2434 reditum,
3522 2369 3615 2437 qui

2036 2450 2337 2516 praesertim
2374 2466 2685 2521 repugnare
2730 2455 3089 2522 spiritualiter
3117 2467 3315 2513 contra
3355 2460 3615 2528 Spiritua-

2035 2539 2107 2593 lia
2154 2541 2410 2611 nequitiae
2441 2547 2678 2599 nondum
2718 2547 2945 2612 scimus.
2975 2549 3025 2604 si
3067 2564 3172 2604 nou
3215 2550 3472 2605 exteriori
3514 2552 3615 2604 ha-

373 2632 505 2688 νοις,
529 2624 624 2678 καὶ
648 2626 682 2694 ἡ
711 2625 849 2696 σὰρξ
875 2626 1391 2700 μετασκευαζομένη
1431 2633 1827 2700 συνανυψοῦταί
1881 2651 1941 2690 τε

2036 2631 2148 2686 bitu
2200 2635 2621 2707 nobismetipsis
2665 2638 2945 2694 discamus
2975 2640 3302 2709 invigilare?
3330 2641 3440 2697 Nec
3469 2643 3615 2697 solos

375 2717 469 2770 καὶ
506 2717 871 2770 συναπολαύει
922 2717 1024 2787 τῆς
1075 2718 1226 2783 θείας
1273 2722 1588 2785 κοινωνίας·
1635 2725 1730 2777 καὶ⁸
1756 2727 1941 2797 κτῆμα

2036 2722 2156 2778 dico
2202 2734 2449 2781 recenter
2503 2728 2864 2798 incipientes,
2917 2747 3038 2786 cum
3115 2741 3171 2786 et
3227 2732 3614 2811 perfectiorum

377 2807 472 2859 mi.
497 2806 635 2877 αὐτὴ
658 2807 892 2876 γίνεται,
924 2809 1019 2862 καὶ
1045 2810 1254 2880 οἴκημα
1286 2810 1443 2877 Θεοῦ,
1479 2814 1672 2884 μηκέτ’
1704 2817 1941 2870 ἐνοικου-

2036 2815 2304 2880 nonnulli,
2329 2818 2431 2873 hoc
2470 2819 2577 2874 situ
2620 2821 2673 2873 in
2713 2823 2968 2878 oratione
3000 2823 3105 2889 usi,
3135 2806 3379 2879 exauditi
3404 2806 3533 2879 sunt
3582 2840 3612 2878 a

379 2895 574 2968 ροῦσαν
611 2897 811 2969 ἔχουσα
857 2899 956 2970 τὴν
990 2900 1127 2972 πρὸς
1172 2901 1305 2956 Θεὸν
1353 2902 1574 2973 ἔχθραν,
1624 2905 1760 2977 μηδὲ
1802 2909 1941 2964 κατά

2036 2902 2166 2971 Deo,
2201 2922 2310 2972 non
2350 2910 2730 2966 tantummodo
2779 2924 2903 2981 post
2956 2913 3261 2981 Christum,
3296 2917 3392 2970 sed
3450 2917 3613 2972 etiam

372 2989 469 3043 τοῦ
528 2990 838 3060 πνεύματος
873 2991 1236 3061 ἐπιθυμοῦσα.
1290 2994 1385 3059 Τίς
1424 2995 1484 3050 δέ
1535 2998 1631 3051 καὶ
1674 3000 1703 3051 ὁ
1744 2999 1941 3069 μᾶλλον

2036 3010 2158 3055 ante
2188 3000 2310 3071 ejus
2342 3001 2410 3056 ad
2450 3017 2550 3058 nos
2596 3004 2914 3060 adventum.
2942 3007 3062 3076 Ipse
3089 3009 3237 3062 enim
3282 3013 3616 3079 contempla-

379 3080 681 3152 ἐπιτήδειος
707 3081 871 3146 τόπος
897 3081 973 3143 τῶ
993 3083 1237 3139 κάτωθεν
1261 3085 1348 3154 ἐφ’
1382 3087 1531 3156 ἡμᾶς
1558 3088 1760 3143 ἀνιόντι
1785 3090 1941 3144 πνειτο

2036 3089 2180 3145 tione
2201 3091 2635 3159 perfectissimus
2669 3093 2838 3162 Elias,
2868 3110 3076 3165 ponens
3109 3096 3304 3154 facient
3342 3085 3495 3154 suam
3525 3102 3614 3154 iu-

370 3208 501 3261 ματι
560 3191 782 3260 σαρκὸς,
844 3191 939 3245 καὶ
988 3190 1115 3253 νοῦς
1168 3191 1266 3260 οὐχ
1302 3171 1358 3262 ἡ.
1390 3189 1547 3260 σὰρξ,
1599 3185 1719 3263 ενῇ
1763 3194 1858 3244 καὶ
1899 3194 1929 3246 δ

2036 3193 2116 3236 ter
2137 3197 2316 3251 genua
2354 3200 2451 3246 sua
2487 3187 2552 3252 '°,
2592 3196 2648 3241 et
2681 3188 2765 3242 sic
2794 3198 3029 3243 tuentem
3074 3192 3128 3244 in
3160 3206 3219 3247 se
3273 3201 3330 3246 et
3365 3195 3415 3246 iu
3441 3193 3611 3248 Deum

376 3279 699 3343 ’Λπόστολός
726 3296 862 3350 φησι
914 3279 1079 3350 μηδὲν
1115 3280 1340 3348 ἀγαθὸν,
1380 3280 1487 3352 πρὸ
1530 3279 1626 3332 τοῦ
1671 3283 1924 3348 ἐγκατοι-

2039 3272 2356 3345 diligentius
2381 3277 2670 3345 reducens,
2702 3280 2849 3336 illam
2884 3283 3185 3337 multorqu
3217 3299 3485 3340 auuormu
3523 3286 3613 3339 di-

361 3369 614 3440 κισθῆναι
645 3370 738 3423 τὸν
782 3372 948 3439 νόμον
995 3370 1095 3442 τῆς
1128 3370 1294 3441 ζωῆς,
1328 3370 1526 3433 οίκεῐνς
1575 3371 1814 3441 Ταύτηνξ
1837 3372 1928 3423 οὐ·

2037 3363 2139 3419 luit
2164 3366 2488 3422 siccitatem.

360 3459 492 3513 κοῦν
540 3461 634 3514 καὶ
663 3459 867 3530 μᾶλλον
904 3460 987 3514 δεῖ
1032 3460 1292 3532 μηδέποτ’
1330 3460 1584 3529 ἀφεῖσθαι
1630 3462 1924 3531 προσοχῆς.

359 3553 486 3616 Πῶς
540 3554 648 3625 γὰρ
700 3553 857 3624 ήμῶν
898 3552 1025 3623 sin;
1072 3552 1188 3617 πῶς
1238 3554 1284 3607 δ’
1332 3552 1398 3608 ἂν
1426 3554 1656 3623 ἀφῶμεν
1683 3554 1923 3622 ταύτην;

360 3647 483 3710 Πῶς
532 3646 578 3700 δ’
630 3646 697 3702 ἀν
726 3645 1213 3716 ἀποκρουσαίμεθα
1239 3645 1339 3717 τὴν
1368 3646 1506 3716 πρὸς
1551 3644 1721 3717 αὐτὴν
1744 3645 1929 3700 ἀνοδον

357 3737 454 3790 τοῦ
494 3737 774 3809 πονηροῦ,
824 3738 920 3791 καὶ
971 3738 1207 3807 μάλιστα
1250 3740 1298 3790 οἱ
1332 3739 1496 3809 μήπω
1542 3735 1931 3807 πνευματικῶς

361 3826 562 3888 εἰδότες
592 3825 905 3880 ἀντεπιέναι
936 3827 1051 3889 τοῖς
1080 3829 1472 3895 πνευματικοῖς
1506 3828 1603 3897 τῆς
1639 3827 1928 3897 πονηρίας,

363 3919 414 3970 εί
447 3917 521 3989 μὴ
554 3918 649 3971 καὶ
681 3916 773 3971 διὰ
797 3916 891 3971 τοῦ
926 3917 1031 3982 ἔξω
1056 3918 1335 3988 σχήματος
1366 3920 1514 3989 ἡμᾶς
1556 3918 1753 3979 αὐτοὺς
1798 3934 1932 3970 παι-

365 4006 629 4077 δεύσομεν
652 4006 942 4078 προσέχειν
968 4008 1186 4072 ἑαυτοῖς
1209 4024 1223 4072 ;
1256 4007 1364 4062 Καὶ
1396 4007 1447 4060 τί
1483 4007 1630 4076 λέγω
1658 4008 1782 4070 τοὺς
1806 4006 1933 4078 ἀρτι

366 4099 844 4170 ἐπιϐαλλομένους,
882 4100 971 4155 ὅτε
1017 4099 1113 4153 καὶ
1147 4100 1256 4155 τῶν
1288 4100 1632 4170 τελεωτὲρων
1674 4099 1813 4153 εἰσὶν
1855 4098 1930 4164 οἳ,

362 4201 540 4270 τούτῳ
559 4201 889 4271 χρησάμενοι
918 4198 995 4270 τῷ
1026 4200 1264 4270 σχήματι
1291 4199 1431 4252 κατά
1454 4199 1551 4268 τὴν
1600 4198 1929 4269 προσευχὴν,

363 4293 593 4364 εὐήκοον
615 4292 677 4346 τὺ
695 4291 848 4345 Θεῑον
875 4292 1060 4362 ἔσχον·
1092 4290 1153 4343 οὐ
1180 4289 1343 4360 μόνον
1375 4290 1485 4343 τῶν
1509 4290 1647 4360 μετὰ
1674 4289 1932 4359 Χριστὸν,

364 4382 502 4438 ἀλλὰ
530 4381 625 4437 καὶ
661 4381 771 4435 τῶν
802 4382 908 4451 πρὸ
928 4382 1029 4451 τῆς
1070 4381 1235 4435 αὐτοῦ
1275 4380 1413 4451 πρὸς
1439 4381 1582 4450 ὑμᾶς
1619 4379 1932 4449 ἐπιδημίας.

367 4475 477 4529 Καὶ
503 4475 665 4538 αὐτὸς
713 4473 822 4543 γὰρ
871 4474 900 4526 ὁ
936 4473 1035 4544 τὴν
1087 4472 1346 4527 θεοπτίαν
1379 4472 1709 4535 τελεώτατος
1747 4469 1935 4532 Ἠλίας

2108 3457 2198 3514 lsti
2221 3468 2404 3514 autem
2433 3460 2706 3531 aquibus,
2740 3461 2929 3530 frater,
2961 3464 3052 3519 illa
3082 3464 3176 3520 tibi
3219 3464 3411 3521 audita
3443 3467 3615 3524 fuisse

2035 3551 2194 3615 dicis,
2221 3552 2351 3606 mihi
2376 3553 2628 3607 videntur
2646 3567 2909 3625 aegrotare
2953 3556 3354 3612 Pharisaeorum
3387 3559 3604 3626 morbo;

2036 3640 2220 3710 itaque
2248 3640 2395 3711 quod
2438 3651 2527 3696 est
2585 3644 2734 3698 intus
2783 3644 2992 3709 calicis,
3033 3662 3128 3702 cor
3168 3648 3384 3703 scilicet
3428 3664 3612 3714 suum,

2035 3735 2308 3803 inspicere
2336 3744 2392 3789 et
2429 3737 2695 3791 tuuudare
2723 3737 2953 3806 nolunt;
2992 3751 3046 3795 et
3075 3748 3288 3808 patrum
3323 3757 3429 3794 non
3456 3750 3612 3795 stan-

2036 3833 2118 3879 tes
2174 3825 2589 3895 traditionibus,
2629 3838 2817 3884 amant
2858 3846 3020 3899 supra
3056 3847 3244 3888 omnes
3301 3832 3511 3899 sedere,
3551 3843 3613 3888 ut

2035 3915 2159 3968 uovi
2195 3917 2335 3983 legis
2369 3917 2661 3986 doctores;
2700 3929 2759 3974 et
2805 3922 2973 3975 situm
3014 3923 3296 3993 justiﬁcati
3337 3926 3610 3994 publicani

2036 4007 2089 4060 in
2117 4008 2368 4063 oratione
2393 4009 2498 4077 ipsi
2526 4012 2909 4080 dedignantur,
2940 4025 2994 4069 et
3041 4016 3164 4071 aliis
3193 4020 3477 4073 orantibus
3512 4021 3611 4074 ad-

2036 4099 2358 4153 mittendum
2386 4101 2733 4157 dissuadent.
2754 4103 2917 4163 Sicut
2960 4107 3107 4160 enim
3140 4107 3403 4166 Dominus
3431 4113 3564 4166 dicit
3591 4131 3607 4169 :

2041 4205 2060 4238 ι
2088 4188 2182 4243 Ille
2208 4189 2422 4245 nolebat
2452 4208 2555 4248 nec
2577 4197 2762 4250 oculos
2791 4196 2856 4250 ad
2889 4199 3087 4253 caelum
3112 4200 3293 4257 levare
3323 4204 3389 4257 ".
3419 4223 3436 4256 ι
3472 4204 3606 4260 Eum

2034 4295 2197 4350 porro
2237 4282 2541 4349 imitantur,
2569 4286 2663 4354 qui
2712 4287 2764 4339 iu
2808 4289 3020 4357 seipsos
3068 4291 3243 4345 visum
3286 4295 3490 4348 orando
3523 4297 3608 4349 iu-

2034 4372 2306 4439 tendunt;
2358 4376 2450 4444 qui
2501 4391 2633 4453 vero
2689 4392 2784 4432 eos
2845 4390 3044 4434 vocant
3091 4383 3602 4455 amplialopsycltos;

2034 4480 2141 4520 uou
2170 4465 2349 4520 solum
2404 4467 2691 4523 evidenter
2722 4470 3129 4528 calumniantur
3159 4491 3297 4543 quos
3342 4491 3604 4536 accusant

370 4565 463 4636 τὴν
511 4563 755 4633 κεφαλὴν
790 4564 904 4622 τοῖς
954 4563 1175 4630 γόνασιν
1228 4563 1466 4635 ἐρείσας,
1509 4562 1605 4615 καὶ
1657 4559 1799 4613 οὕτω
1843 4560 1936 4611 τὸν

2036 4559 2182 4626 (quis
2205 4559 2351 4612 enim
2409 4559 2604 4614 horum
2641 4562 2696 4615 in
2734 4564 2995 4619 umbilico
3044 4568 3257 4634 reponit
3283 4570 3604 4641 anituatu?),

367 4657 491 4713 νοῦν
548 4659 628 4721 είς
680 4657 872 4710 ἑαυτὸν
906 4656 1002 4709 καὶ
1049 4655 1140 4709 τὸν
1187 4655 1319 4708 Θεὸν
1353 4651 1783 4723 φιλοπονώτερον
1814 4667 1936 4703 συν-

366 4752 611 4820 αγαγὼν,
643 4753 738 4805 τὸν
767 4749 1000 4818 πολυετῆ
1040 4750 1246 4801 ἐκεῖνον
1279 4746 1468 4799 ἔλυσεν
1511 4743 1742 4813 αὐχμόν.
1777 4737 1933 4797 Οὗτοι

367 4844 425 4897 δέ
467 4862 556 4914 μοι
583 4842 851 4907 δοκοῦσιν,
882 4840 1101 4909 ἀδελφέ,
1140 4841 1273 4911 παρ’
1315 4833 1390 4892 ὧν
1440 4837 1735 4905 ἀκηκοέναι
1762 4834 1935 4887 ταῦτα

370 4936 570 5003 λέγεις,
599 4937 775 4987 νοσεῖν
806 4931 905 5004 τὴν
934 4930 1044 4986 τῶν
1072 4930 1380 5000 Φαρισαίων
1410 4929 1565 4981 νόσον
1590 4941 1602 4954 ’
1634 4927 1715 4980 διὸ
1749 4925 1939 5006 aulico

370 5027 571 5080 ἔσωθεν
621 5024 716 5079 τοῦ
752 5023 1036 5093 ποτηρίου,
1076 5021 1276 5092 δηλαδὴ
1315 5019 1414 5091 τὴν
1444 5018 1651 5073 ἐαυτῶν
1685 5017 1936 5088 καρδίαν,

372 5118 797 5173 ἐπισκέπτεσθαι
842 5117 940 5170 καὶ
989 5113 1275 5183 καθαίρειν
1345 5114 1447 5164 οὐκ
1499 5110 1783 5163 ἐθέλουσι·
1845 5108 1939 5161 καὶ

372 5214 493 5275 ταῖς
524 5213 823 5280 πατρικαῖς
872 5208 948 5278 μὴ
988 5205 1327 5276 στοιχοῦντες
1364 5203 1715 5273 παραδόσεσι,
1768 5199 1938 5252 σπεύ-

372 5305 554 5357 δουσιν
592 5304 746 5356 αὐτοὶ
773 5298 1154 5371 προκαθῆσθαι
1196 5297 1435 5357 πάντων,
1472 5294 1545 5357 ὡς
1571 5293 1750 5346 καινοὶ
1775 5308 1937 5359 νομοο

376 5394 722 5449 διδάσκαλοι·
772 5393 832 5445 τό
870 5409 930 5445 τε
971 5391 1156 5461 σχῆμα
1189 5391 1287 5458 τῆς
1315 5385 1742 5454 δεδικαιωμένης
1774 5382 1940 5435 τελω-

377 5488 531 5553 νικῆς
572 5484 738 5554 εὐχῆς
780 5468 1015 5550 ἐκείνης,
1050 5480 1202 5533 αὐτοί
1247 5497 1306 5532 τε
1337 5475 1648 5540 ἀπαξιοῦσι,
1673 5474 1767 5527 καὶ
1813 5473 1940 5536 τοὺς

379 5575 570 5638 ἄλλως
611 5575 719 5627 τῶν
747 5574 1052 5643 εὐχομένων
1107 5569 1428 5640 παραινοῦσι
1468 5569 1542 5637 μὴ
1593 5563 1936 5635 προσίεσθαι.

382 5668 647 5735 Καθάπερ
708 5667 816 5734 γὰρ
885 5668 943 5718 ἐν
1002 5663 1351 5727 Εὐάγγελίοις
1410 5660 1573 5731 φησὶν
1621 5660 1650 5711 ὁ
1699 5656 1940 5728 Κύριος·

2032 4665 2143 4704 non
2196 4652 2396 4716 solum,
2432 4653 2682 4722 inquam,
2733 4657 2868 4711 liuut
2904 4659 3217 4732 .utauilcste
3276 4662 3603 4725 calumniosi

2033 4743 2387 4812 impostores,
2414 4749 2510 4801 sed
2551 4757 2605 4801 et
2642 4752 2939 4805 ostendunt
2984 4752 3194 4821 seipsos
3248 4753 3601 4810 laudabilium

2034 4835 2431 4892 conviciatores
2464 4838 2733 4906 virorum,
2783 4841 2925 4896 haud
2961 4856 3090 4897 vero
3142 4847 3445 4899 errantium
3475 4862 3599 4902 esse

2032 4935 2389 4991 correctores,
2427 4924 2526 4984 nec
2551 4942 2766 5000 propter
2786 4934 3158 5003 quietudinem
3188 4944 3243 4990 et
3275 4937 3589 5006 veritatem,

2032 5026 2087 5076 at
2113 5024 2338 5096 propter
2376 5034 2571 5074 vanam
2603 5021 2830 5089 gloriam
2888 5024 3151 5088 scribere,
3193 5040 3370 5096 neque
3426 5037 3486 5081 ut
3534 5031 3601 5082 ad

2033 5092 2365 5178 vigilantiam
2409 5112 2689 5176 inducant,
2721 5114 2812 5167 sed
2847 5123 2904 5168 ut
2937 5130 2967 5168 a
3001 5092 3298 5186 vigilantia—
3332 5131 3599 5176 avertant.

2031 5201 2208 5269 Ipsum
2245 5206 2390 5258 enim
2422 5206 2554 5260 illud
2603 5221 2761 5275 Opus,
2794 5217 2848 5261 et
2901 5225 3093 5264 omnes
3118 5212 3167 5265 ei
3200 5214 3447 5269 Studiose
3514 5216 3602 5267 in-

2030 5298 2375 5365 cumbentes,
2405 5300 2552 5353 omni
2578 5288 2740 5359 modo
2765 5302 2985 5355 student
3015 5302 3084 5358 ob
3114 5314 3295 5359 actum
3321 5322 3429 5374 quo
3467 5306 3599 5360 illud

2028 5400 2337 5454 exercetur,
2359 5401 2734 5446 contemnere.
2769 5391 2836 5446 Et
2898 5394 2986 5447 isti
3019 5411 3143 5450 eum
3201 5400 3292 5468 qui
3342 5398 3480 5452 dixit
3517 5401 3596 5453 ":

2033 5500 2050 5530 ι
2084 5479 2289 5536 Venter
2353 5498 2507 5536 meus
2549 5484 2705 5551 quasi
2762 5486 2974 5540 cithara
3019 5490 3256 5555 sonabit,
3285 5501 3340 5544 et
3389 5492 3598 5545 viscera

2028 5590 2147 5628 mea
2175 5575 2241 5627 ad
2276 5590 2492 5628 murum
2519 5590 2720 5631 ternum
2761 5592 2923 5648 quem
2954 5581 3293 5647 instauras:i,
3326 5600 3345 5633 ι
3416 5584 3601 5637 aelio-

2030 5670 2259 5739 psycltos
2288 5667 2448 5726 facile
2478 5673 2910 5742 appellarent,et
2944 5674 3105 5730 simul
3146 5674 3429 5732 universos
3450 5676 3602 5732 iucu-

437 5839 566 5929 ’σιω
602 5837 730 5909 Reg.
777 5854 930 5907 mu,
958 5841 1044 5897 42.
1084 5923 1099 5925 ᾉ
1125 5844 1162 5877 ¹¹
1187 5841 1315 5901 Luc.
1352 5848 1616 5915 “111,13.
1698 5845 1855 5901 “Isa.
1886 5861 1994 5914 xvr,
2039 5848 2118 5903 ll.
