4146 6308
573 383 725 449 '115

1825 386 1869 439 (‘-
1886 385 1931 442 [ἶ
1944 384 2206 445 EGORII
2272 387 2360 447 ΡΛ
2376 392 2597 452 [ΑΜΛΞ

3694 394 3835 460 Πιδ

588 511 778 556 sarent
807 490 1117 570 quicunque
1168 501 1446 571 corporeis
1483 499 1810 569 imaginibus
1844 499 2153 568 intelligibi-

2260 520 2279 553 ι
2303 502 2538 562 Ἐκεῖνος
2568 500 2669 553 οὐκ
2712 499 2904 570 ἢθελεν
2941 498 3062 552 οὐδὲ
3106 499 3231 563 τοὺς
3277 499 3590 569 ὀφθαλμοὺς
3626 500 3705 562 εἰς
3733 501 3828 553 τὸν

586 594 657 649 lia
713 595 1005 664 divinaque
1028 606 1082 649 et
1132 594 1436 663 Spiritualia
1480 593 1732 662 ﬁgurant,
1764 600 2078 662 nuncupant
2102 602 2158 646 et

588 687 935 755 investigant.
970 686 1077 742 Sed
1102 687 1184 741 eis
1221 685 1424 740 nullum
1474 683 1677 739 idcirco
1725 682 1961 739 infereut
1985 682 2155 739 detri-

593 786 859 843 mentum,
909 787 965 830 at
1014 778 1196 848 potius
1261 790 1426 831 causa
1484 775 1837 830 beatitudinis
1883 784 2045 830 erunt
2100 784 2157 831 et

590 870 772 937 plures
800 868 1003 923 addent
1037 870 1091 923 in
1148 867 1309 923 emlis
1338 881 1611 932 coronas;
1644 865 1751 936 ipsi
1811 879 1939 920 vero
2002 873 2153 919 extra

583 961 877 1014 sanctuarii
923 960 1099 1014 velum
1149 958 1469 1019 manebunt.
1525 972 1626 1012 nec
1681 957 1856 1027 ipsam
1916 956 2157 1011 veritatis

591 1054 839 1105 umbram
869 1058 1127 1120 poterunt
1150 1050 1348 1104 intueri
1374 1065 1391 1115 ;
1430 1049 1540 1103 imo
1571 1048 1724 1102 valde
1749 1048 2045 1102 timendum
2071 1055 2157 1101 est

584 1159 651 1198 ne
703 1144 785 1199 vel
834 1158 993 1212 poena
1028 1142 1324 1196 multentur
1351 1150 1579 1208 atterna,
1605 1141 1732 1212 quia
1775 1155 1882 1195 non
1925 1139 2098 1195 solum
2122 1154 2154 1194 a

583 1235 789 1290 Sanctis
815 1234 1208 1298 discesserunt,
1237 1232 1334 1288 sed
1388 1234 1555 1288 etiam
1613 1242 1805 1288 contra
1846 1246 1946 1288 eos
1987 1233 2156 1287 verba

582 1327 866 1380 incesseru
877 1334 957 1407 ut.

655 1417 787 1471 Nam
820 1416 1095 1472 Simeouis
1121 1415 1355 1484 juntoris
1388 1417 1620 1485 theologi
1651 1417 1816 1471 vitam
1869 1415 2156 1485 cognoscis

584 1510 695 1572 [ere
725 1511 778 1565 in
800 1510 1050 1565 omnibus
1080 1511 1379 1566 mirabilem
1407 1521 1462 1566 et
1483 1508 1994 1579 supernaturalibus
2042 1508 2150 1561 mi-

585 1602 789 1655 raculis
820 1616 850 1654 a
891 1601 998 1655 Deo
1036 1601 1417 1670 glorilicatam,
1448 1610 1505 1655 et
1541 1601 1745 1669 scripta
1781 1600 1900 1670 ejus
1945 1601 2149 1669 scripta

586 1693 712 1748 vitze
742 1694 928 1748 dicens
965 1693 1161 1762 aliquis
1192 1708 1301 1747 non
1330 1709 1360 1746 a
1394 1703 1542 1749 recto
1588 1702 1827 1749 erraret.
1875 1692 1942 1748 Et
1984 1709 2152 1748 vene-

585 1784 811 1839 randum
864 1785 1016 1840 illunt
1074 1784 1477 1854 Nicephorum,
1524 1785 1614 1855 qui
1668 1785 1857 1839 multis
1905 1784 2067 1840 annis
2096 1786 2150 1838 in

582 1877 873 1932 solitudine
904 1888 960 1932 et
991 1878 1041 1930 in
1072 1879 1256 1946 quiete
1285 1879 1546 1946 peractis,
1578 1877 1774 1931 deinde
1800 1877 1989 1947 magis
2021 1877 2151 1931 soli-

582 1971 750 2025 tarias
776 1970 1075 2041 praeferens
1108 1971 1286 2027 sancti
1312 1970 1509 2025 Montis
1539 1979 1746 2038 partes,
1768 1984 1893 2024 sese
1913 1971 1978 2023 ad
2002 1970 2154 2024 labo-

585 2076 699 2115 rem
734 2062 1001 2127 exercuit,
1041 2072 1098 2118 et
1124 2077 1190 2117 ex
1227 2062 1472 2117 collectis
1500 2061 1754 2117 omnibus
1779 2060 1996 2115 Patrum
2038 2075 2154 2115 ser-

584 2151 835 2206 monibus
865 2164 1073 2207 erutam
1109 2154 1270 2208 nobis
1308 2153 1540 2208 tradidit
1580 2152 1876 2223 vigilantia:
1915 2151 2151 2222 praxim.

583 2240 662 2297 lbi
691 2258 827 2314 ergo
857 2243 987 2299 illud
1016 2246 1160 2314 quod
1187 2261 1217 2300 a
1247 2245 1571 2315 quibusdam
1609 2243 1780 2300 refelli
1815 2244 1975 2309 dicis,
2027 2258 2152 2312 per-

585 2336 837 2391 fectionis
874 2338 1181 2393 amantibus
1208 2337 1357 2392 clare
1390 2337 1641 2393 suadent.

656 2424 725 2481 Et
782 2428 913 2496 quid
960 2427 1199 2483 referant
1255 2439 1470 2484 veteres
1512 2428 1778 2484 sanctos?
1830 2426 1941 2482 Viri
1993 2428 2153 2494 paulo

587 2518 747 2572 nobis
774 2518 1099 2585 anteriores,
1123 2520 1179 2573 in
1210 2520 1410 2587 quibus
1434 2518 1721 2573 manifesta
1749 2519 1945 2573 enituit
1983 2518 2155 2573 virtus

591 2609 832 2679 Spiritus
891 2611 1086 2677 sancti,
1145 2611 1327 2665 omnia
1388 2611 1499 2665 hare
1551 2610 1707 2665 nobis
1770 2610 1992 2680 proprio
2052 2623 2149 2662 ore

585 2699 950 2764 tradiderunt,
997 2712 1053 2754 et
1119 2700 1272 2754 illum
1328 2700 1634 2770 theologum
1691 2715 1812 2755 esse
1868 2698 2153 2754 verissime

588 2791 902 2861 theologum
943 2802 1002 2846 et
1048 2792 1300 2847 veritatis
1346 2792 1726 2863 mysteriorum
1774 2792 1868 2846 Dei
1910 2791 2154 2847 certissi-

585 2898 733 2937 mum
796 2883 1193 2952 speculatorem
1247 2883 1410 2939 nobis
1475 2885 1923 2954 praedicaverunt.
1978 2883 2152 2938 Audis

586 2973 737 3040 illum
770 2973 1131 3045 Theoleptum
1178 2976 1383 3045 optime
1431 2986 1705 3041 vocatum,
1748 2976 1840 3046 qui
1886 2975 2154 3031 Philadel-

586 3064 728 3135 phiae
756 3065 859 3121 fuit
884 3068 1133 3134 antistes,
1157 3082 1254 3123 seu
1283 3069 1461 3136 potius
1475 3083 1540 3122 ex
1564 3082 1626 3122 ea
1662 3066 1806 3122 velut
1837 3083 1901 3121 ex
1930 3067 2148 3122 lacerna

2253 594 2484 663 οὐρανὸν
2516 590 2670 663 ἆραι·
2707 611 2726 643 ι
2759 590 2948 645 τοῦτον
2967 592 3024 644 δὲ
3045 590 3320 661 ζηλοῦσιν,
3338 592 3388 644 οἱ
3418 593 3629 654 ἑαυτοῖς
3663 592 3723 645 ἐν
3746 592 3829 661 τῷ

2255 684 2510 755 εὔχεσθαι
2557 684 2915 755 προσέχοντες
2940 683 3039 754 τὴν
3066 684 3189 753 δψιν
3214 699 3227 711 ⁸
3257 686 3307 738 οἱ
3335 684 3383 737 δ’
3405 683 3827 755 ὀμφαλοψύχους

2254 778 2478 839 τούτους
2506 776 2886 846 ὀνομάζοντες,
2934 777 3070 846 πρὸς
3120 774 3200 846 τῷ
3249 780 3607 844 συκοφαντεῖν
3647 776 3828 845 σοφῶς

2255 862 2332 922 ὧν
2365 867 2729 939 κατηγοροῦσι
2752 884 2767 899 ·
2814 868 2898 931 τίς
2948 869 3057 938 γάρ
3095 884 3227 921 ποτε
3273 867 3478 921 τούτων
3520 869 3610 921 ἐπ’
3641 868 3825 937 ὀμφα-

2254 962 2348 1015 λοῦ
2372 961 2521 1029 λέγει
2549 961 2651 1031 τὴν
2679 960 2858 1029 ψυχήν
2881 976 2898 1025 ;
2934 960 3077 1029 Πρὸς
3103 960 3232 1028 γοῦν
3252 958 3331 1030 τῷ
3349 959 3604 1027 γενέσθαι
3630 959 3831 1030 δήλους

2256 1048 2668 1117 συκοφαντικῶς
2745 1046 3141 1118 ἐπιθεμένους,
3205 1041 3303 1101 καὶ
3356 1048 3656 1116 ύϐριστάς,
3715 1049 3831 1101 τῶν

2253 1140 2659 1209 ἐπαινουμένων
2704 1141 2843 1208 σφᾶς
2872 1139 3071 1201 αὐτοὺς
3119 1139 3326 1204 ἔδειξαν
3366 1140 3545 1206 ὄντας,
3598 1141 3712 1194 ἀλλ’
3759 1142 3826 1195 ού

2254 1230 2550 1302 διορθωτὰς
2592 1230 2703 1284 τῶν
2743 1231 3161 1301 σφαλλομένωνο
3198 1232 3308 1286 οὐδ’
3360 1232 3590 1303 ἡσυχίας
3616 1233 3823 1297 ἕνεκεν,

2255 1324 2351 1376 καὶ
2404 1322 2684 1392 ἀληθείας,
2714 1321 2851 1376 ἀλλά
2903 1321 3210 1390 κενοδοξίας
3265 1325 3424 1392 χάριν
3478 1324 3823 1394 γράφοντας’

2253 1414 2361 1468 οὐδ’
2392 1414 2481 1467 ἵνα
2511 1412 2647 1485 πρὸς
2676 1413 2838 1484 νῆψιν
2872 1413 3161 1480 ὲνάγωσιν,
3192 1413 3310 1468 ἀλλ’
3345 1413 3432 1466 ἵνα
3479 1413 3579 1483 τῆς
3610 1413 3826 1483 νηψεως

2255 1506 2638 1586 ἁπαγάγωσιν.
2684 1505 2827 1559 Αὐτὸ
2873 1505 2982 1574 γὰρ
3014 1506 3077 1559 τὸ
3122 1504 3307 1597 ἔργον,
3341 1506 3435 1559 καὶ
3482 1507 3611 1566 τοὺς
3649 1507 3831 1573 ἔμμε-

2254 1598 2362 1663 λῶς
2392 1599 2831 1670 ὲπειλημμένους
2858 1597 3073 1663 τούτου,
3128 1598 3293 1653 παντὶ
3340 1600 3530 1669 τρόπῳ
3566 1599 3827 1652 σπεύδου-

2257 1707 2341 1743 σιν
2387 1690 2446 1756 ἐξ
2490 1692 2661 1759 αὐτῆς
2688 1692 2788 1759 τῆς
2831 1691 3167 1759 καταλλήλου
3213 1692 3465 1762 πράξεως
3492 1693 3823 1757 ὲξουθενεῖν-

2254 1782 2304 1833 oi
2334 1779 2565 1833 τοιοῦτοι
2589 1781 2646 1834 δὲ
2676 1781 2872 1852 ῥᾳδίως
2902 1782 2995 1835 καὶ
3023 1781 3115 1835 τὸν
3141 1782 3386 1846 εἰπόντα,
3419 1783 3495 1847 ὡς
3520 1803 3538 1834 ι
3580 1784 3639 1837 ’0
3664 1784 3827 1853 νόμος

2255 1872 2349 1924 τοῦ
2373 1871 2508 1924 Θεοῦ
2529 1873 2587 1926 ὲν
2615 1872 2764 1943 μέσῳ
2786 1872 2885 1940 τῆς
2913 1873 3119 1938 κοιλίας
3150 1890 3308 1943 pou,»
3334 1876 3428 1928 καὶ
3452 1875 3545 1928 τὸν
3568 1877 3826 1944 εἰρηκὸτα

2255 1961 2393 2034 πρὸς
2413 1962 2565 2026 θεὸν,
2613 1964 2696 2016 ὃτι
2748 1983 2767 2015 ι
2792 1964 2857 2017 Ἠ
2896 1965 3075 2018 κοιλία
3128 1982 3228 2035 μου
3269 1967 3467 2035 ἠχήσει
3495 1967 3570 2029 ὡς
3602 1968 3818 2037 κιθάρα,

2257 2052 2353 2106 καὶ
2395 2054 2464 2106 τὰ
2512 2053 2661 2117 ἐντός
2705 2071 2807 2123 μου
2852 2054 2984 2108 ὡσεὶ
3016 2057 3193 2124 τεῖχος
3231 2057 3467 2126 χαλκοῦν
3493 2059 3522 2110 ὃ
3563 2059 3826 2111 ἐνεκαίνιο

2258 2159 2379 2206 σας,
2406 2162 2426 2195 ι
2471 2143 2847 2213 κοιλιοψύχους
2894 2145 2960 2199 ἂν
2998 2148 3520 2218 προσαγορεύσειαν,
3550 2153 3645 2202 καὶ
3674 2153 3831 2219 κοινῇ

2259 2235 2465 2298 πάντας
2493 2234 2847 2297 διαϐάλλοιέν,
2882 2238 3009 2300 τοὺς
3037 2238 3123 2290 διὰ
3155 2241 3486 2307 σωματικῶν
3518 2242 3821 2311 συμϐόλων,

2258 2328 2327 2381 τὰ
2346 2330 2527 2397 νοερὰ,
2562 2330 2656 2381 καὶ
2697 2328 2834 2394 θεῖα,
2871 2331 2966 2381 καὶ
3002 2330 3345 2399 πνευματικὰ
3368 2332 3694 2395 τυποῦντες,
3731 2335 3823 2387 καὶ

2257 2419 2589 2485 καλοῦντας,
2618 2420 2712 2472 καὶ
2760 2420 3158 2489 ἀνιχνεύοντας.
3223 2422 3363 2474 Ἀλλ’
3419 2423 3649 2486 ἐκείνοις
3701 2426 3820 2494 μὲν,

2257 2510 2409 2580 παρὰ
2447 2509 2604 2562 τοῦτο
2651 2508 2847 2580 βλάϐος
2891 2512 3200 2566 ὲποίσουσιν
3246 2513 3400 2566 οὐδέν
3425 2530 3438 2543 -
3491 2514 3693 2584 μᾶλλον
3726 2517 3824 2585 μὲν

2256 2600 2350 2654 οὖν
2386 2600 2480 2653 καὶ
2519 2602 2882 2670 μακαρισμῶν
2911 2602 3161 2672 πρόξενοι
3202 2603 3542 2673 γενήσονται,
3581 2607 3677 2658 καὶ
3707 2607 3821 2676 μεί-

2257 2692 2409 2756 ζονος
2455 2693 2770 2761 προσθήκης
2799 2692 2907 2746 τῶν
2948 2695 3007 2747 έν
3051 2695 3299 2765 οὐρανοῖς
3329 2697 3606 2766 στεφάνων
3629 2716 3643 2730 σ
3673 2700 3823 2751 αὐτοὶ

2256 2780 2314 2834 δὲ
2342 2782 2435 2834 καὶ
2467 2780 2576 2835 τῶν
2600 2780 2756 2851 ἱερῶν
2780 2785 3292 2852 παραπετασμάτων
3326 2783 3432 2849 ἔξω
3456 2784 3698 2854 μενοῦσι,
3731 2788 3821 2839 καὶ

2256 2873 2378 2927 οὐδὲ
2407 2872 2544 2943 πρὸς
2572 2871 2672 2935 τὰς
2701 2872 2859 2936 σκιὰς
2887 2872 3098 2938 ἕξουσιν
3123 2875 3388 2940 ἀτενίζειν
3416 2879 3515 2946 τῆς
3543 2877 3817 2947 ἀληθείας·

2257 2961 2391 3015 πολὺ
2423 2961 2481 3014 δὲ
2507 2963 2566 3016 τὸ
2591 2963 2731 3025 δέος,
2766 2961 2843 3032 μὴ
2869 2962 2964 3015 καὶ
2993 2961 3148 3032 δίκην
3183 2963 3428 3015 τίσουσιν
3460 2963 3699 3026 αἰώνιον,
3724 2964 3821 3015 οὐκ

2255 3051 2763 3115 ἀποδιαστείλαντες
2817 3052 2976 3121 μόνον
3021 3053 3247 3114 ἑαυτοὺς
3295 3051 3404 3105 τῶν
3450 3053 3645 3119 ἁγίων,
3686 3054 3820 3105 ἀλλὰ

590 3159 849 3213 nutndum
883 3161 1196 3225 illustravit,
1219 3162 1310 3231 qui
1341 3161 1668 3217 Athanasius
1692 3162 1829 3215 alter
1850 3176 2020 3215 annos
2044 3175 2148 3215 non

2259 3143 2352 3196 καὶ
2378 3142 2499 3196 κατ’
2523 3144 2703 3197 αὐτῶν
2735 3143 2813 3213 τῷ
2838 3144 2980 3213 λόγῳ
3003 3145 3372 3213 χωρήσαντες.
3406 3144 3689 3212 Συμεῶνος
3717 3147 3822 3212 γὰρ

588 3264 793 3320 paucos
851 3252 1272 3321 patriarchalem
1341 3252 1649 3307 nobilitavit
1705 3252 2043 3316 cathedram,
2097 3261 2154 3305 et

2262 3234 2358 3288 τοῦ
2395 3234 2517 3290 νέου
2545 3234 2808 3304 Θεολόγου
2853 3235 2992 3339 τδζ.
2978 3236 3091 3304 βίον
3136 3232 3328 3290 οἷσθαο
3378 3235 3564 3304 θαῦμά
3610 3253 3667 3287 τε
3696 3235 3825 3287 δντα

587 3343 741 3407 cuiius
781 3343 1089 3412 sepulcrum
1144 3342 1289 3398 Deus
1345 3343 1473 3398 fecit
1516 3343 1828 3411 gloriosum.
1880 3342 1942 3396 Et
2000 3343 2149 3396 illum

2262 3339 2443 3396 πάντα
2466 3342 2672 3411 σχεδὸν,
2701 3341 2798 3397 καὶ
2824 3341 2890 3396 δι’
2920 3343 3217 3415 ὑπερφυῶν
3241 3343 3536 3415 θαυμάτων
3560 3347 3666 3401 ὑπὸ
3690 3349 3827 3402 Θεοῦ

590 3437 770 3492 hilum
805 3437 1072 3502 Italicum,
1104 3436 1404 3507 NiliMagni
1434 3436 1710 3501 aemulum,
1740 3444 1795 3491 et
1824 3435 2072 3490 Siliotem
2097 3444 2153 3489 et

2258 3428 2663 3501 δεδοξασμένον,
2693 3433 2763 3488 τά
2787 3451 2848 3487 τε
2883 3435 3295 3506 συγγράμματα
3322 3438 3511 3502 αὐτοῦ,
3546 3441 3836 3509 συγγράμ-

587 3531 782 3598 Eliam,
813 3530 863 3585 ei
898 3530 1124 3585 minime
1147 3531 1424 3594 cedentes,
1453 3538 1506 3582 et
1546 3527 1793 3592 Gabriel,
1820 3537 1875 3582 et
1904 3527 2153 3581 Athana-

2260 3540 2406 3595 ματα
2433 3522 2580 3595 ζωῆς
2602 3523 2771 3579 εἰπών
2798 3543 2900 3593 τις,
2924 3527 3023 3579 οὐκ
3054 3526 3121 3580 ἂν
3145 3528 3382 3600 ἁμάρτοι
3403 3528 3499 3582 τοῦ
3532 3533 3835 3601 προσήκον-

588 3622 755 3685 sium,
798 3621 1098 3691 prophetia!
1126 3622 1271 3675 dono
1292 3621 1509 3675 ditatus.
1530 3620 1656 3675 Illos
1683 3634 1873 3674 omnes
1905 3618 2079 3682 audis,
2101 3625 2155 3672 et

2258 3632 2368 3681 τος,
2404 3617 2497 3669 καὶ
2524 3617 2839 3686 Νικηφόρον
2883 3616 2941 3670 δὲ
2966 3615 3058 3670 τὸν
3079 3619 3224 3671 ὅσιον
3249 3620 3479 3685 ἐκεῖνον,
3510 3621 3571 3684 δς
3601 3624 3834 3693 πολυετῆ

590 3712 793 3765 multos
820 3711 958 3764 alios
985 3712 1067 3765 eis
1095 3711 1427 3776 anteriores,
1462 3722 1557 3764 aut
1586 3726 1821 3773 coaevus,
1854 3718 1945 3764 aut
1976 3719 2161 3779 poste-

591 3806 786 3866 riores,
821 3802 1105 3858 laudantes
1138 3813 1197 3856 et
1223 3804 1673 3859 commendantes
1707 3817 1927 3858 servare
1972 3802 2158 3857 volen-

592 3901 675 3947 tes
706 3892 851 3945 illam
888 3892 1228 3947 traditionem
1273 3908 1434 3962 quam
1502 3893 1624 3948 novi
1645 3894 1894 3949 doctores
1935 3893 2155 3962 quietis,

594 3985 755 4055 huius
782 4000 849 4038 ne
881 3984 1168 4055 vestigium
1201 3985 1419 4054 quidem
1449 3996 1864 4055 cognoscentes,
1904 4001 2007 4041 nec
2035 4001 2159 4053 pro-

593 4088 714 4147 pter
740 4077 1153 4146 experientiam,
1192 4079 1287 4133 sed
1314 4078 1572 4147 ineptiam
1602 4079 1976 4147 vituperantes
2007 4092 2155 4144 eam,

594 4169 812 4224 abolere
865 4184 930 4224 ac
992 4170 1259 4225 dedocere
1310 4179 1366 4224 et
1419 4172 1713 4239 deturpare
1759 4181 2044 4235 conantur,
2091 4168 2158 4222 ad

596 4260 800 4314 nullam
828 4261 1137 4316 auditorum
1177 4261 1488 4315 utilitatem.
1518 4259 1627 4315 Nos
1670 4274 1799 4314 vero
1841 4269 2159 4315 sanctorum

594 4351 814 4408 illorum
848 4353 1137 4406 nonnullos
1168 4353 1308 4406 facie
1332 4353 1398 4406 ad
1437 4354 1631 4408 faciem
1663 4353 1898 4408 vidimus
1935 4361 1995 4408 et
2045 4368 2161 4406 ma-

605 4442 809 4509 gistros
842 4440 1158 4495 habuimus.
1181 4441 1463 4507 Quomodo
1496 4442 1661 4511 igitur
1691 4440 1810 4496 illos
1840 4455 1939 4509 pro
1991 4442 2161 4496 nihilo

2258 3706 2450 3777 χρόνον
2503 3708 2564 3759 έν
2608 3709 2816 3778 ἠρεμίᾳ
2871 3710 2966 3763 καὶ
3013 3710 3213 3781 ἠσυχίᾳ
3279 3711 3595 3778 διενεγκὼν,
3648 3714 3835 3767 ἔπειτα

2259 3801 2371 3863 τοῖς
2414 3798 2845 3871 ὲρημικωτέροις
2895 3800 3085 3872 μέρεσι
3115 3801 3211 3854 τοῦ
3245 3802 3403 3870 ἁγίου
3439 3803 3640 3875 Ὄρους
3670 3807 3834 3872 ἐμφι-

2260 3889 2596 3961 λοχωρήσας,
2626 3891 2721 3945 καὶ
2745 3891 3135 3963 ἀπασχολήσας
3165 3892 3380 3961 ἑαυτὸν,
3410 3898 3476 3948 ὲκ
3506 3897 3698 3949 πασῶν
3730 3898 3837 3949 τῶν

2261 3981 2552 4049 Πατρικῶν
2595 3982 2791 4051 φωνῶν
2842 3983 3186 4055 συνειλοχὼς,
3234 3985 3337 4056 τὴν
3382 3987 3655 4058 νηπτικὴν
3704 3991 3835 4056 ἡμῖν

2260 4076 2443 4131 αὐτῶν
2496 4079 2782 4148 παρέδωκε
2824 4080 3042 4150 πρᾶξιν.
3074 4074 3234 4135 Οὗτοι
3273 4083 3475 4144 τοίνυν,
3506 4083 3657 4138 τοῦθ’
3701 4084 3838 4153 ὅπερ

2260 4169 2586 4238 ἀνατρέπειν
2623 4172 2732 4241 φής
2775 4190 2946 4237 τινας,
2996 4176 3187 4244 σαφῶς
3216 4179 3329 4240 τοῖς
3378 4179 3833 4249 προαιρουμένοις

2261 4260 2630 4328 εἰσηγοῦνται.
2660 4264 2769 4318 Καὶ
2797 4265 2849 4318 τί
2883 4266 3025 4334 λέγω
3052 4269 3183 4332 τοὺς
3201 4268 3466 4332 παλαιοὺς
3492 4271 3605 4324 τῶν
3631 4271 3797 4338 ἁγίων
3820 4290 3831 4329 ;

2262 4353 2452 4422 ἄνδρες
2480 4353 2591 4425 γὰρ
2638 4356 2820 4428 μικρῷ
2851 4357 2959 4428 πρὸ
2986 4358 3143 4428 ἡμῶν
3202 4362 3708 4432 μεμαρτυρημένοι.
3746 4366 3837 4415 καὶ

2263 4443 2702 4515 ἀποδεδειγμένοι
2731 4449 2790 4501 έν
2824 4448 3052 4520 δυνάμει
3084 4452 3400 4523 Πνεύματος
3446 4455 3629 4523 ἀγίου,
3679 4456 3835 4508 πάνθ’

597 4539 912 4600 reputantes
939 4545 1079 4599 quos
1110 4533 1444 4600 experientia
1478 4543 1534 4586 et
1564 4534 1737 4600 gratia
1783 4534 1988 4595 docuit,
2038 4533 2155 4588 istis

2266 4538 2397 4606 ἡμῖν
2416 4536 2506 4590 διὰ
2535 4538 2804 4609 στόματος
2832 4543 3038 4596 οἰκείου
3071 4544 3417 4615 παρέδωκαν,
3452 4548 3546 4600 τόν
3572 4565 3633 4601 τε
3654 4549 3843 4601 85016-

595 4621 687 4689 qui
720 4636 751 4674 a
779 4622 1033 4690 superbia
1059 4630 1114 4675 et
1151 4622 1437 4674 verborum
1498 4622 1910 4676 concertatione
1954 4623 2022 4677 ad
2070 4625 2166 4676 do-

596 4716 831 4769 cendum
866 4716 1190 4783 procedunt,
1218 4715 1577 4770 cederemus?
1615 4712 1732 4769 Non
1766 4717 1871 4771 erit
1907 4718 2031 4782 hoc,
2059 4732 2164 4771 non

596 4806 721 4861 erit.

666 4896 731 4951 Et
757 4907 810 4951 tu
840 4896 1089 4969 igiturab
1113 4897 1229 4953 istis
1255 4899 1510 4964 abhorrc,
1536 4916 1657 4954 cum
1701 4901 1862 4956 David
1881 4901 2162 4969 sapienter

597 4989 1011 5050 tibimetdiccns
1060 5008 1076 5046 :
1116 5008 1135 5042 ι
1165 4991 1419 5055 Benedic.
1449 4994 1625 5047 anima
1655 5009 1795 5058 utea,
1827 4994 2072 5054 Domino,
2105 5005 2160 5048 et

593 5080 776 5134 omnia
806 5097 927 5150 quas
957 5082 1097 5137 intra
1126 5100 1211 5139 me
1237 5094 1387 5148 sunt,
1410 5086 1610 5140 nomini
1632 5096 1824 5141 sancto
1848 5086 1967 5155 ejus
1996 5086 2039 5119 ¹³
2066 5102 2084 5151 ;
2133 5104 2152 5136 ι

2264 4645 2360 4695 γον
2386 4628 2575 4683 τοῦτον
2616 4630 2693 4693 ὡς
2737 4631 2954 4703 ἀληθῶς
2985 4633 3268 4704 Θεολόγον,
3300 4636 3396 4689 καὶ
3438 4638 3539 4706 τῆς
3585 4639 3844 4706 ἀληθείας

2265 4718 2375 4771 τῶν
2404 4721 2568 4775 “Θεοῦ
2622 4726 2939 4795 μυστηρίων
2982 4726 3229 4798 ὲπόπτην
3275 4729 3705 4798 ἀσφαλέστατον,
3761 4732 3841 4795 ἐφ’

2263 4811 2422 4881 ἡμῶν
2449 4814 2833 4885 ἀνεκήρυττον.
2860 4817 2964 4870 Τὸν
3002 4819 3341 4890 φερωνύμως
3363 4821 3672 4892 Θεόληπτον
3699 4827 3842 4876 έκεῖ-

2266 4922 2355 4956 νον
2383 4905 2604 4968 ἀκούεις
2638 4907 2729 4960 τὸν
2769 4908 3152 4978 Φιλαδελφείας
3199 4912 3464 4983 πρόεδρον
3492 4954 3505 4975 ,
3554 4917 3758 4985 μᾶλλον
3798 4917 3843 4967 δ’

2267 4991 2374 5044 άπὸ
2405 4992 2630 5062 ταύτης,
2657 4994 2733 5059 ὼς
2758 4998 2867 5052 ἀπὸ
2896 4996 3121 5069 λυχνίας
3147 5001 3239 5054 τὸν
3273 5002 3479 5072 κόσμον
3510 5006 3841 5071 φωτίσαντα,

2265 5085 2359 5138 τὸν
2410 5087 2725 5142 ’Λθανάσιον
2759 5090 3008 5165 ὲκεῖνονη
3035 5093 3095 5156 ὃς
3139 5096 3226 5147 ἐπ’
3269 5097 3550 5162 ἐνιαυτοὺς
3588 5102 3690 5153 οὐκ
3736 5104 3841 5153 ὀλί-

596 5183 653 5227 ει
688 5184 737 5226 ιε
768 5172 1019 5231 Patribus
1049 5176 1275 5232 docilem
1317 5180 1583 5247 praebens,
1612 5179 1736 5232 audi
1768 5178 2041 5247 quomodo
2092 5176 2155 5231 ad

2268 5194 2399 5243 γους
2449 5179 2539 5231 τὸν
2596 5185 2988 5253 πατριαρχικὸν
3038 5188 3313 5257 ἐκόσμησε
3369 5190 3599 5258 θρόνονο
3656 5188 3716 5244 οὗ
3755 5201 3842 5245 καὶ

600 5263 748 5318 intro
808 5265 1128 5322 mittendam
1159 5283 1377 5337 semper
1404 5270 2031 5324 tuentemexliortentur.

2268 5268 2368 5329 τὴν
2404 5269 2562 5337 σορὸν
2602 5272 2632 5325 ὁ
2678 5273 2812 5339 Θεὸς
2865 5276 3115 5345 ἐτίμησε,
3161 5278 3351 5331 Νεῖλον
3398 5282 3604 5333 ἐκεῖνον
3656 5285 3747 5334 τὸν
3786 5285 3841 5335 ἐξ

610 5351 853 5419 Ἰταλῶν,
914 5356 1007 5410 τὸν
1053 5359 1151 5414 τοῦ
1214 5363 1459 5432 μεγάλου
1509 5362 1762 5435 ζηλωτὴν
1819 5364 2039 5430 Νείλου,
2092 5368 2186 5420 τὸν
2246 5367 2541 5441 Σελιώτην,
2598 5367 2697 5421 καὶ
2747 5366 2843 5420 τὸν
2881 5366 3073 5420 Ἠλίαν
3113 5366 3240 5429 τοὺς
3289 5365 3458 5434 μηδὲν
3507 5364 3840 5424 ἀποδέοντας

598 5442 834 5513 ἐκείνου,
896 5448 1162 5522 Γαϐριὴλ,
1218 5455 1314 5509 καὶ
1355 5455 1702 5522 ’Δθανάσιον,
1757 5457 1884 5519 τοὺς
1948 5458 2046 5511 καὶ
2102 5458 2449 5530 προφητικοῠ
2509 5460 2852 5531 χαρίσματος
2912 5456 3273 5527 ἠξιωμένους.
3331 5454 3568 5518 Τούτους
3631 5455 3845 5516 πάντως

598 5537 840 5608 ἀκούεις,
870 5544 964 5596 καὶ
995 5543 1229 5609 πολλοὺς
1261 5548 1457 5609 ἄλλους
1503 5550 1611 5617 πρὸ
1645 5549 1833 5604 αὐτῶν
1872 5569 1931 5605 τε
1979 5553 2073 5606 καὶ
2130 5553 2227 5607 σὺν
2261 5553 2467 5617 αὐτοῖς,
2524 5553 2617 5607 καὶ
2675 5551 2797 5620 μετ’
2840 5551 3039 5614 αὐτοὺς
3092 5548 3407 5619 γεγονότας,
3453 5548 3841 5609 ἐπαινοῦντας,

596 5632 693 5681 καὶ
725 5634 1128 5701 παραινοῦντας
1173 5637 1428 5707 κατέχειν
1472 5639 1601 5703 τοὺς
1656 5640 2019 5712 βουλομένους
2075 5642 2172 5715 τὴν
2222 5644 2521 5715 παράδοσιν
2574 5645 2805 5716 ταύτην,
2862 5644 2929 5715 ἣν
2961 5644 3008 5696 cl
3046 5645 3155 5696 νέοι
3200 5639 3514 5696 διδάσκαλοι
3565 5641 3664 5712 τῆς
3711 5642 3845 5710 tm”

707 5785 750 5816 “
790 5785 931 5841 Psal.
964 5803 1063 5853 cn,
1102 5789 1148 5843 l.
