  <div class='ocr_page' id='page_1' title='image "/cluster/home/n/w/nwhite01/storage/ocr_20150623/150/mdp.39015078384743/566.png"; bbox 0 0 4074 6322; ppageno 0'>
   <div class='ocr_carea' id='block_1_1' title="bbox 269 362 3547 488">
    <p class='ocr_par' dir='ltr' id='par_1_1' title="bbox 269 362 3547 488">
     <span class='ocr_line' id='line_1_1' title="bbox 269 362 3547 488; baseline 0.003 -14"><span class='ocrx_word' id='word_1_1' title='bbox 269 414 301 474; x_wconf 72' lang='grc'><strong>1</strong></span> <span class='ocrx_word' id='word_1_2' title='bbox 333 413 425 473; x_wconf 74' lang='lat' dir='ltr'><strong>ll&#39;.’</strong></span> <span class='ocrx_word' id='word_1_3' title='bbox 1202 416 1303 479; x_wconf 84' lang='lat' dir='ltr'><strong>DE</strong></span> <span class='ocrx_word' id='word_1_4' title='bbox 1337 418 1738 481; x_wconf 79' lang='lat' dir='ltr'><strong>ORATIONE</strong></span> <span class='ocrx_word' id='word_1_5' title='bbox 1776 420 1871 480; x_wconf 85' lang='lat' dir='ltr'><strong>ET</strong></span> <span class='ocrx_word' id='word_1_6' title='bbox 1904 362 2296 484; x_wconf 65' lang='lat' dir='ltr'><strong>PURI&#39;i‘ATE</strong></span> <span class='ocrx_word' id='word_1_7' title='bbox 2325 420 2632 488; x_wconf 83' lang='lat' dir='ltr'><strong>CORDIS.</strong></span> <span class='ocrx_word' id='word_1_8' title='bbox 3409 426 3547 485; x_wconf 72' lang='grc'><strong>1138</strong></span> 
     </span>
    </p>
   </div>
   <div class='ocr_carea' id='block_1_2' title="bbox 259 532 3539 609">
    <p class='ocr_par' dir='ltr' id='par_1_2' title="bbox 259 532 3539 609">
     <span class='ocr_line' id='line_1_2' title="bbox 259 532 3539 609; baseline 0.001 -24"><span class='ocrx_word' id='word_1_9' title='bbox 259 532 409 600; x_wconf 88' lang='grc' dir='ltr'><strong>χίας</strong></span> <span class='ocrx_word' id='word_1_10' title='bbox 463 533 514 586; x_wconf 77' lang='lat' dir='ltr'><strong>oi</strong></span> <span class='ocrx_word' id='word_1_11' title='bbox 575 534 701 602; x_wconf 80' lang='grc' dir='ltr'><strong>μηδ’</strong></span> <span class='ocrx_word' id='word_1_12' title='bbox 733 532 877 605; x_wconf 82' lang='grc' dir='ltr'><strong>ῑχνος</strong></span> <span class='ocrx_word' id='word_1_13' title='bbox 929 533 1165 605; x_wconf 78' lang='grc' dir='ltr'><strong>ἡσυχίας</strong></span> <span class='ocrx_word' id='word_1_14' title='bbox 1206 536 1450 603; x_wconf 83' lang='grc' dir='ltr'><strong>είδότες,.</strong></span> <span class='ocrx_word' id='word_1_15' title='bbox 1480 537 1607 607; x_wconf 80' lang='grc' dir='ltr'><strong>μηδ’</strong></span> <span class='ocrx_word' id='word_1_16' title='bbox 1654 539 1764 594; x_wconf 81' lang='grc' dir='ltr'><strong>ἀπὸ</strong></span> <span class='ocrx_word' id='word_1_17' title='bbox 1816 535 2037 609; x_wconf 79' lang='grc' dir='ltr'><strong>πείρας,</strong></span> <span class='ocrx_word' id='word_1_18' title='bbox 2084 537 2206 591; x_wconf 78' lang='grc' dir='ltr'><strong>ἀλλ’</strong></span> <span class='ocrx_word' id='word_1_19' title='bbox 2237 537 2350 592; x_wconf 85' lang='grc' dir='ltr'><strong>άπὸ</strong></span> <span class='ocrx_word' id='word_1_20' title='bbox 2409 535 2768 607; x_wconf 80' lang='grc' dir='ltr'><strong>λογολεσχῖας</strong></span> <span class='ocrx_word' id='word_1_21' title='bbox 2823 534 3231 603; x_wconf 79' lang='grc' dir='ltr'><strong>νουθετοῦντες,</strong></span> <span class='ocrx_word' id='word_1_22' title='bbox 3300 537 3539 589; x_wconf 74' lang='grc' dir='ltr'><strong>ἁθετεῖνο</strong></span> 
     </span>
    </p>
   </div>
   <div class='ocr_carea' id='block_1_3' title="bbox 260 624 3541 703">
    <p class='ocr_par' dir='ltr' id='par_1_3' title="bbox 260 624 3541 703">
     <span class='ocr_line' id='line_1_3' title="bbox 260 624 3541 703; baseline 0.001 -28"><span class='ocrx_word' id='word_1_23' title='bbox 260 625 380 676; x_wconf 79' lang='grc' dir='ltr'><strong>καὶ</strong></span> <span class='ocrx_word' id='word_1_24' title='bbox 414 624 850 693; x_wconf 68' lang='grc' dir='ltr'><strong>μεταδιδάσκειν,</strong></span> <span class='ocrx_word' id='word_1_25' title='bbox 884 625 979 679; x_wconf 73' lang='grc' dir='ltr'><strong>καὶ</strong></span> <span class='ocrx_word' id='word_1_26' title='bbox 1020 625 1325 692; x_wconf 81' lang='grc' dir='ltr'><strong>ὲξουθενείν</strong></span> <span class='ocrx_word' id='word_1_27' title='bbox 1358 629 1681 701; x_wconf 88' lang='grc' dir='ltr'><strong>πειρῶνται,</strong></span> <span class='ocrx_word' id='word_1_28' title='bbox 1717 630 1857 700; x_wconf 88' lang='grc' dir='ltr'><strong>πρὸς</strong></span> <span class='ocrx_word' id='word_1_29' title='bbox 1914 629 2072 684; x_wconf 71' lang='grc' dir='ltr'><strong>οὐδὲν</strong></span> <span class='ocrx_word' id='word_1_30' title='bbox 2130 631 2407 703; x_wconf 84' lang='grc' dir='ltr'><strong>χρήσιμον</strong></span> <span class='ocrx_word' id='word_1_31' title='bbox 2444 629 2556 685; x_wconf 86' lang='grc' dir='ltr'><strong>τῶν</strong></span> <span class='ocrx_word' id='word_1_32' title='bbox 2610 630 2922 685; x_wconf 82' lang='grc' dir='ltr'><strong>ἀκουόντων</strong></span> <span class='ocrx_word' id='word_1_33' title='bbox 2949 644 2964 659; x_wconf 83' lang='grc'><em>’</em></span> <span class='ocrx_word' id='word_1_34' title='bbox 2997 631 3162 699; x_wconf 80' lang='grc' dir='ltr'><strong>ἡμεῖς</strong></span> <span class='ocrx_word' id='word_1_35' title='bbox 3201 629 3258 682; x_wconf 83' lang='grc' dir='ltr'><strong>δὲ</strong></span> <span class='ocrx_word' id='word_1_36' title='bbox 3296 630 3387 682; x_wconf 79' lang='grc' dir='ltr'><strong>καὶ</strong></span> <span class='ocrx_word' id='word_1_37' title='bbox 3433 628 3541 679; x_wconf 88' lang='grc' dir='ltr'><strong>τῶν</strong></span> 
     </span>
    </p>
   </div>
   <div class='ocr_carea' id='block_1_4' title="bbox 261 714 3542 797">
    <p class='ocr_par' dir='ltr' id='par_1_4' title="bbox 261 714 3542 797">
     <span class='ocr_line' id='line_1_4' title="bbox 261 714 3542 797; baseline -0.001 -24"><span class='ocrx_word' id='word_1_38' title='bbox 261 718 459 787; x_wconf 81' lang='grc' dir='ltr'><strong>ἁγίων</strong></span> <span class='ocrx_word' id='word_1_39' title='bbox 507 716 736 773; x_wconf 82' lang='grc' dir='ltr'><strong>ἐκείνων</strong></span> <span class='ocrx_word' id='word_1_40' title='bbox 766 718 915 773; x_wconf 79' lang='grc' dir='ltr'><strong>ἔστιν</strong></span> <span class='ocrx_word' id='word_1_41' title='bbox 961 714 1043 786; x_wconf 76' lang='grc' dir='ltr'><strong>οἷς</strong></span> <span class='ocrx_word' id='word_1_42' title='bbox 1096 722 1547 793; x_wconf 82' lang='grc' dir='ltr'><strong>αὐτοπροσὼπως</strong></span> <span class='ocrx_word' id='word_1_43' title='bbox 1599 724 1988 797; x_wconf 68' lang='grc' dir='ltr'><strong>ὡμιλήσαμεν,</strong></span> <span class='ocrx_word' id='word_1_44' title='bbox 2043 725 2137 778; x_wconf 76' lang='grc' dir='ltr'><strong>καὶ</strong></span> <span class='ocrx_word' id='word_1_45' title='bbox 2171 723 2516 785; x_wconf 79' lang='grc' dir='ltr'><strong>διδασκάλοις</strong></span> <span class='ocrx_word' id='word_1_46' title='bbox 2558 720 2941 794; x_wconf 68' lang='grc' dir='ltr'><strong>ἐχρησάμεθα.</strong></span> <span class='ocrx_word' id='word_1_47' title='bbox 2992 721 3120 784; x_wconf 86' lang='grc' dir='ltr'><strong>Πῶς</strong></span> <span class='ocrx_word' id='word_1_48' title='bbox 3171 716 3267 774; x_wconf 74' lang='grc' dir='ltr'><strong>οὖν</strong></span> <span class='ocrx_word' id='word_1_49' title='bbox 3318 720 3542 783; x_wconf 79' lang='grc' dir='ltr'><strong>τούτους</strong></span> 
     </span>
    </p>
   </div>
   <div class='ocr_carea' id='block_1_5' title="bbox 263 813 3540 890">
    <p class='ocr_par' dir='ltr' id='par_1_5' title="bbox 263 813 3540 890">
     <span class='ocr_line' id='line_1_5' title="bbox 263 813 3540 890; baseline 0 -23"><span class='ocrx_word' id='word_1_50' title='bbox 263 815 420 883; x_wconf 84' lang='grc' dir='ltr'><strong>παρ’</strong></span> <span class='ocrx_word' id='word_1_51' title='bbox 447 815 597 868; x_wconf 72' lang='grc' dir='ltr'><strong>οὐδὲν</strong></span> <span class='ocrx_word' id='word_1_52' title='bbox 623 814 864 886; x_wconf 78' lang='grc' dir='ltr'><strong>θέμενοι,</strong></span> <span class='ocrx_word' id='word_1_53' title='bbox 893 813 1021 878; x_wconf 75' lang='grc' dir='ltr'><strong>τοὺς</strong></span> <span class='ocrx_word' id='word_1_54' title='bbox 1081 816 1177 872; x_wconf 66' lang='grc' dir='ltr'><strong>καὶ</strong></span> <span class='ocrx_word' id='word_1_55' title='bbox 1222 817 1413 889; x_wconf 63' lang='grc' dir='ltr'><strong>πείρᾳ..</strong></span> <span class='ocrx_word' id='word_1_56' title='bbox 1446 819 1543 873; x_wconf 76' lang='grc' dir='ltr'><strong>καὶ</strong></span> <span class='ocrx_word' id='word_1_57' title='bbox 1598 820 1786 890; x_wconf 74' lang='grc' dir='ltr'><strong>χάριτι</strong></span> <span class='ocrx_word' id='word_1_58' title='bbox 1820 818 2274 890; x_wconf 80' lang='grc' dir='ltr'><strong>δεδιδαγμένους,</strong></span> <span class='ocrx_word' id='word_1_59' title='bbox 2329 820 2453 881; x_wconf 86' lang='grc' dir='ltr'><strong>τοῖς,</strong></span> <span class='ocrx_word' id='word_1_60' title='bbox 2481 819 2593 874; x_wconf 83' lang='grc' dir='ltr'><strong>ἀπὸ</strong></span> <span class='ocrx_word' id='word_1_61' title='bbox 2624 816 2802 887; x_wconf 80' lang='grc' dir='ltr'><strong>τύφου</strong></span> <span class='ocrx_word' id='word_1_62' title='bbox 2831 817 2927 870; x_wconf 78' lang='grc' dir='ltr'><strong>καὶ</strong></span> <span class='ocrx_word' id='word_1_63' title='bbox 2979 816 3321 887; x_wconf 83' lang='grc' dir='ltr'><strong>λογομαχίας</strong></span> <span class='ocrx_word' id='word_1_64' title='bbox 3346 816 3437 869; x_wconf 76' lang='grc' dir='ltr'><strong>ἐπὶ</strong></span> <span class='ocrx_word' id='word_1_65' title='bbox 3474 816 3540 869; x_wconf 84' lang='grc' dir='ltr'><strong>τὸ</strong></span> 
     </span>
    </p>
   </div>
   <div class='ocr_carea' id='block_1_6' title="bbox 261 907 3528 982">
    <p class='ocr_par' dir='ltr' id='par_1_6' title="bbox 261 907 3528 982">
     <span class='ocr_line' id='line_1_6' title="bbox 261 907 3528 982; baseline 0 -21"><span class='ocrx_word' id='word_1_66' title='bbox 261 907 560 963; x_wconf 79' lang='grc' dir='ltr'><strong>διδάσκειν</strong></span> <span class='ocrx_word' id='word_1_67' title='bbox 590 908 916 980; x_wconf 88' lang='grc' dir='ltr'><strong>χωρήσασιν</strong></span> <span class='ocrx_word' id='word_1_68' title='bbox 947 910 1184 981; x_wconf 79' lang='grc' dir='ltr'><strong>είξωμεν</strong></span> <span class='ocrx_word' id='word_1_69' title='bbox 1210 927 1227 980; x_wconf 87' lang='lat'><strong>;</strong></span> <span class='ocrx_word' id='word_1_70' title='bbox 1258 912 1374 968; x_wconf 89' lang='grc' dir='ltr'><strong>Ούκ</strong></span> <span class='ocrx_word' id='word_1_71' title='bbox 1404 913 1563 968; x_wconf 78' lang='grc' dir='ltr'><strong>ἔσται</strong></span> <span class='ocrx_word' id='word_1_72' title='bbox 1586 913 1768 981; x_wconf 89' lang='grc' dir='ltr'><strong>τοῦτο,</strong></span> <span class='ocrx_word' id='word_1_73' title='bbox 1796 913 1897 968; x_wconf 81' lang='grc' dir='ltr'><strong>οὐκ</strong></span> <span class='ocrx_word' id='word_1_74' title='bbox 1927 913 2105 971; x_wconf 76' lang='grc' dir='ltr'><strong>ἔσται.</strong></span> <span class='ocrx_word' id='word_1_75' title='bbox 2148 913 2265 968; x_wconf 77' lang='grc' dir='ltr'><strong>Καὶ</strong></span> <span class='ocrx_word' id='word_1_76' title='bbox 2294 913 2362 968; x_wconf 81' lang='grc' dir='ltr'><strong>σὺ</strong></span> <span class='ocrx_word' id='word_1_77' title='bbox 2393 913 2577 967; x_wconf 88' lang='grc' dir='ltr'><strong>τοίνυν</strong></span> <span class='ocrx_word' id='word_1_78' title='bbox 2602 912 2732 975; x_wconf 81' lang='grc' dir='ltr'><strong>τοὺς</strong></span> <span class='ocrx_word' id='word_1_79' title='bbox 2767 913 3045 976; x_wconf 79' lang='grc' dir='ltr'><strong>τοιούτους</strong></span> <span class='ocrx_word' id='word_1_80' title='bbox 3074 912 3409 982; x_wconf 79' lang='grc' dir='ltr'><strong>ἀποτρέπου,</strong></span> <span class='ocrx_word' id='word_1_81' title='bbox 3441 926 3528 980; x_wconf 84' lang='grc' dir='ltr'><strong>με·</strong></span> 
     </span>
    </p>
   </div>
   <div class='ocr_carea' id='block_1_7' title="bbox 260 998 3543 1078">
    <p class='ocr_par' dir='ltr' id='par_1_7' title="bbox 260 998 3543 1078">
     <span class='ocr_line' id='line_1_7' title="bbox 260 998 3543 1078; baseline 0.002 -26"><span class='ocrx_word' id='word_1_82' title='bbox 260 1001 352 1053; x_wconf 81' lang='grc' dir='ltr'><strong>τὰ</strong></span> <span class='ocrx_word' id='word_1_83' title='bbox 382 998 475 1053; x_wconf 85' lang='grc' dir='ltr'><strong>τοῦ</strong></span> <span class='ocrx_word' id='word_1_84' title='bbox 506 1000 674 1055; x_wconf 73' lang='grc' dir='ltr'><strong>Δαϐὶδ</strong></span> <span class='ocrx_word' id='word_1_85' title='bbox 702 1002 945 1065; x_wconf 77' lang='grc' dir='ltr'><strong>συνετῶς</strong></span> <span class='ocrx_word' id='word_1_86' title='bbox 977 1003 1193 1074; x_wconf 82' lang='grc' dir='ltr'><strong>σεαυτῷ</strong></span> <span class='ocrx_word' id='word_1_87' title='bbox 1220 1005 1552 1075; x_wconf 81' lang='grc' dir='ltr'><strong>προσλαλῶν</strong></span> <span class='ocrx_word' id='word_1_88' title='bbox 1579 1023 1594 1040; x_wconf 76' lang='grc' dir='ltr'><strong><em>ο</em></strong></span> <span class='ocrx_word' id='word_1_89' title='bbox 1633 1025 1652 1060; x_wconf 83' lang='grc' dir='ltr'><strong>ι</strong></span> <span class='ocrx_word' id='word_1_90' title='bbox 1690 1007 1940 1075; x_wconf 77' lang='grc' dir='ltr'><strong>Εὐλόγει,</strong></span> <span class='ocrx_word' id='word_1_91' title='bbox 1987 1008 2024 1078; x_wconf 78' lang='grc' dir='ltr'><strong>ἠ</strong></span> <span class='ocrx_word' id='word_1_92' title='bbox 2057 1007 2206 1078; x_wconf 79' lang='grc' dir='ltr'><strong>ψυχή</strong></span> <span class='ocrx_word' id='word_1_93' title='bbox 2245 1023 2372 1077; x_wconf 87' lang='grc' dir='ltr'><strong>μου,</strong></span> <span class='ocrx_word' id='word_1_94' title='bbox 2421 1005 2516 1060; x_wconf 80' lang='grc' dir='ltr'><strong>τὸν</strong></span> <span class='ocrx_word' id='word_1_95' title='bbox 2543 1004 2767 1078; x_wconf 78' lang='grc' dir='ltr'><strong>Κύριον,</strong></span> <span class='ocrx_word' id='word_1_96' title='bbox 2798 1004 2897 1060; x_wconf 76' lang='grc' dir='ltr'><strong>καὶ</strong></span> <span class='ocrx_word' id='word_1_97' title='bbox 2944 1005 3124 1060; x_wconf 81' lang='grc' dir='ltr'><strong>πάντα</strong></span> <span class='ocrx_word' id='word_1_98' title='bbox 3156 1005 3225 1060; x_wconf 80' lang='grc' dir='ltr'><strong>τὰ</strong></span> <span class='ocrx_word' id='word_1_99' title='bbox 3254 1007 3406 1070; x_wconf 79' lang='grc' dir='ltr'><strong>ἐντός</strong></span> <span class='ocrx_word' id='word_1_100' title='bbox 3438 1023 3543 1076; x_wconf 91' lang='grc' dir='ltr'><strong>μου</strong></span> 
     </span>
    </p>
   </div>
   <div class='ocr_carea' id='block_1_8' title="bbox 258 1092 3543 1174">
    <p class='ocr_par' dir='ltr' id='par_1_8' title="bbox 258 1092 3543 1174">
     <span class='ocr_line' id='line_1_8' title="bbox 258 1092 3543 1174; baseline 0.001 -27"><span class='ocrx_word' id='word_1_101' title='bbox 258 1092 339 1147; x_wconf 78' lang='grc' dir='ltr'><strong>τὸ</strong></span> <span class='ocrx_word' id='word_1_102' title='bbox 372 1092 545 1164; x_wconf 72' lang='grc' dir='ltr'><strong>θνομα</strong></span> <span class='ocrx_word' id='word_1_103' title='bbox 568 1094 630 1148; x_wconf 88' lang='grc' dir='ltr'><strong>τὸ</strong></span> <span class='ocrx_word' id='word_1_104' title='bbox 662 1094 818 1164; x_wconf 77' lang='grc' dir='ltr'><strong>ἅγιον</strong></span> <span class='ocrx_word' id='word_1_105' title='bbox 840 1094 1034 1167; x_wconf 83' lang='grc' dir='ltr'><strong>αὐτοῦ,</strong></span> <span class='ocrx_word' id='word_1_106' title='bbox 1071 1115 1092 1149; x_wconf 72' lang='grc' dir='ltr'><strong>ι</strong></span> <span class='ocrx_word' id='word_1_107' title='bbox 1130 1098 1332 1156; x_wconf 83' lang='grc' dir='ltr'><strong>σαυτόν</strong></span> <span class='ocrx_word' id='word_1_108' title='bbox 1358 1116 1419 1157; x_wconf 80' lang='grc' dir='ltr'><strong>τε</strong></span> <span class='ocrx_word' id='word_1_109' title='bbox 1470 1100 1752 1165; x_wconf 74' lang='grc' dir='ltr'><strong>πειθήνιον</strong></span> <span class='ocrx_word' id='word_1_110' title='bbox 1798 1101 2060 1174; x_wconf 66' lang='grc' dir='ltr'><strong>παρέχων</strong></span> <span class='ocrx_word' id='word_1_111' title='bbox 2085 1104 2212 1170; x_wconf 50' lang='grc' dir='ltr'><strong>,τοῖς</strong></span> <span class='ocrx_word' id='word_1_112' title='bbox 2245 1098 2545 1170; x_wconf 73' lang='grc' dir='ltr'><strong>ηατράτιν,</strong></span> <span class='ocrx_word' id='word_1_113' title='bbox 2597 1098 2791 1167; x_wconf 77' lang='grc' dir='ltr'><strong>ἄκουε,</strong></span> <span class='ocrx_word' id='word_1_114' title='bbox 2839 1096 2959 1163; x_wconf 89' lang='grc' dir='ltr'><strong>πῶς</strong></span> <span class='ocrx_word' id='word_1_115' title='bbox 2992 1099 3126 1154; x_wconf 80' lang='grc' dir='ltr'><strong>εῐσω</strong></span> <span class='ocrx_word' id='word_1_116' title='bbox 3177 1100 3423 1174; x_wconf 78' lang='grc' dir='ltr'><strong>πέμπειν</strong></span> <span class='ocrx_word' id='word_1_117' title='bbox 3452 1099 3543 1152; x_wconf 75' lang='grc' dir='ltr'><strong>ἀεὶ</strong></span> 
     </span>
    </p>
   </div>
   <div class='ocr_carea' id='block_1_9' title="bbox 252 1185 982 1261">
    <p class='ocr_par' dir='ltr' id='par_1_9' title="bbox 252 1185 982 1261">
     <span class='ocr_line' id='line_1_9' title="bbox 252 1185 982 1261; baseline 0.01 -21"><span class='ocrx_word' id='word_1_118' title='bbox 252 1185 371 1241; x_wconf 79' lang='grc' dir='ltr'><strong>τὸν</strong></span> <span class='ocrx_word' id='word_1_119' title='bbox 399 1187 526 1243; x_wconf 85' lang='grc' dir='ltr'><strong>νοῦν</strong></span> <span class='ocrx_word' id='word_1_120' title='bbox 554 1189 982 1261; x_wconf 73' lang='grc' dir='ltr'><strong>προτρέπονται.</strong></span> 
     </span>
    </p>
   </div>
   <div class='ocr_carea' id='block_1_10' title="bbox 881 1490 2971 1627">
    <p class='ocr_par' dir='ltr' id='par_1_10' title="bbox 881 1490 2971 1627">
     <span class='ocr_line' id='line_1_10' title="bbox 881 1490 2971 1627; baseline 0.002 -8"><span class='ocrx_word' id='word_1_121' title='bbox 881 1490 1228 1623; x_wconf 89' lang='grc' dir='ltr'><strong>ΤΟΥ</strong></span> <span class='ocrx_word' id='word_1_122' title='bbox 1312 1491 1890 1625; x_wconf 87' lang='grc' dir='ltr'>ΑΥΤΟΥ</span> <span class='ocrx_word' id='word_1_123' title='bbox 1991 1493 2971 1627; x_wconf 86' lang='grc' dir='ltr'><strong>ΓΡΗΓΟΡΙΟΥ</strong></span> 
     </span>
    </p>
   </div>
   <div class='ocr_carea' id='block_1_11' title="bbox 1858 1736 1969 1774">
    <p class='ocr_par' dir='ltr' id='par_1_11' title="bbox 1858 1736 1969 1774">
     <span class='ocr_line' id='line_1_11' title="bbox 1858 1736 1969 1774; baseline 0.009 -1"><span class='ocrx_word' id='word_1_124' title='bbox 1858 1736 1969 1774; x_wconf 73' lang='grc' dir='ltr'><strong>ΠΕΡΙ</strong></span> 
     </span>
    </p>
   </div>
   <div class='ocr_carea' id='block_1_12' title="bbox 721 1878 3237 1971">
    <p class='ocr_par' dir='ltr' id='par_1_12' title="bbox 721 1878 3237 1971">
     <span class='ocr_line' id='line_1_12' title="bbox 721 1878 3237 1971; baseline -0 0"><span class='ocrx_word' id='word_1_125' title='bbox 721 1880 1405 1971; x_wconf 83' lang='grc' dir='ltr'><strong>ΠΡΟΣΕΥΧΗΣ</strong></span> <span class='ocrx_word' id='word_1_126' title='bbox 1477 1882 1686 1966; x_wconf 82' lang='grc' dir='ltr'><strong>ΚΑΙ·</strong></span> <span class='ocrx_word' id='word_1_127' title='bbox 1748 1878 2583 1968; x_wconf 87' lang='grc' dir='ltr'><strong>ΚΑΘΑΡΟΤΗΤΟΣ</strong></span> <span class='ocrx_word' id='word_1_128' title='bbox 2658 1880 3134 1970; x_wconf 89' lang='grc' dir='ltr'><strong>ΚΑΡΔΙΑΣ</strong></span> <span class='ocrx_word' id='word_1_129' title='bbox 3226 1929 3237 1951; x_wconf 67' lang='grc' dir='ltr'>κ</span> 
     </span>
    </p>
   </div>
   <div class='ocr_carea' id='block_1_13' title="bbox 1672 2047 2848 2121">
    <p class='ocr_par' dir='ltr' id='par_1_13' title="bbox 1672 2047 2848 2121">
     <span class='ocr_line' id='line_1_13' title="bbox 1672 2047 2848 2121; baseline 0.003 0"><span class='ocrx_word' id='word_1_130' title='bbox 1672 2064 2024 2121; x_wconf 60' lang='lat' dir='ltr'><strong>uernant</strong></span> <span class='ocrx_word' id='word_1_131' title='bbox 2082 2063 2163 2121; x_wconf 75' lang='grc' dir='ltr'><strong>[ν.</strong></span> <span class='ocrx_word' id='word_1_132' title='bbox 2845 2047 2848 2050; x_wconf 80' lang='grc'><strong>’</strong></span> 
     </span>
    </p>
   </div>
   <div class='ocr_carea' id='block_1_14' title="bbox 954 2437 2881 2596">
    <p class='ocr_par' dir='ltr' id='par_1_14' title="bbox 954 2437 2881 2596">
     <span class='ocr_line' id='line_1_14' title="bbox 954 2437 2881 2596; baseline -0.002 -7"><span class='ocrx_word' id='word_1_133' title='bbox 954 2439 1160 2590; x_wconf 83' lang='lat' dir='ltr'><strong>EJ</strong></span> <span class='ocrx_word' id='word_1_134' title='bbox 1187 2438 1830 2596; x_wconf 89' lang='lat' dir='ltr'>USDEM</span> <span class='ocrx_word' id='word_1_135' title='bbox 1948 2437 2881 2595; x_wconf 81' lang='lat' dir='ltr'><strong>GREGORII</strong></span> 
     </span>
    </p>
   </div>
   <div class='ocr_carea' id='block_1_15' title="bbox 777 2682 3054 2814">
    <p class='ocr_par' dir='ltr' id='par_1_15' title="bbox 777 2682 3054 2814">
     <span class='ocr_line' id='line_1_15' title="bbox 777 2682 3054 2814; baseline -0.001 -5"><span class='ocrx_word' id='word_1_136' title='bbox 777 2722 926 2811; x_wconf 89' lang='lat' dir='ltr'><strong>DE</strong></span> <span class='ocrx_word' id='word_1_137' title='bbox 1000 2720 1627 2814; x_wconf 78' lang='lat' dir='ltr'><strong>OBATlONE</strong></span> <span class='ocrx_word' id='word_1_138' title='bbox 1705 2722 1856 2809; x_wconf 82' lang='lat' dir='ltr'>ET</span> <span class='ocrx_word' id='word_1_139' title='bbox 1930 2682 2537 2813; x_wconf 76' lang='lat' dir='ltr'><strong>PUBITATE</strong></span> <span class='ocrx_word' id='word_1_140' title='bbox 2616 2718 3054 2812; x_wconf 79' lang='lat' dir='ltr'><strong>conms</strong></span> 
     </span>
    </p>
   </div>
   <div class='ocr_carea' id='block_1_16' title="bbox 1654 2904 2187 2980">
    <p class='ocr_par' dir='ltr' id='par_1_16' title="bbox 1654 2904 2187 2980">
     <span class='ocr_line' id='line_1_16' title="bbox 1654 2904 2187 2980; baseline 0.004 -2"><span class='ocrx_word' id='word_1_141' title='bbox 1654 2904 1932 2980; x_wconf 72' lang='lat' dir='ltr'><strong>CAPITA</strong></span> <span class='ocrx_word' id='word_1_142' title='bbox 1971 2916 2187 2980; x_wconf 77' lang='lat' dir='ltr'><strong>TRIA.</strong></span> 
     </span>
    </p>
   </div>
   <div class='ocr_carea' id='block_1_17' title="bbox 354 3223 1879 3298">
    <p class='ocr_par' dir='ltr' id='par_1_17' title="bbox 354 3223 1852 3296">
     <span class='ocr_line' id='line_1_17' title="bbox 354 3223 1852 3296; baseline 0.002 -18"><span class='ocrx_word' id='word_1_143' title='bbox 354 3223 405 3278; x_wconf 87' lang='grc' dir='ltr'><strong>α’</strong></span> <span class='ocrx_word' id='word_1_144' title='bbox 451 3224 669 3293; x_wconf 74' lang='grc' dir='ltr'><strong>Ἐπειδὴ</strong></span> <span class='ocrx_word' id='word_1_145' title='bbox 690 3223 750 3276; x_wconf 72' lang='grc' dir='ltr'><strong>τὸ</strong></span> <span class='ocrx_word' id='word_1_146' title='bbox 773 3224 926 3277; x_wconf 81' lang='grc' dir='ltr'><strong>Θεῖον</strong></span> <span class='ocrx_word' id='word_1_147' title='bbox 954 3227 1360 3296; x_wconf 81' lang='grc' dir='ltr'><strong>αὐτοαγαθότης</strong></span> <span class='ocrx_word' id='word_1_148' title='bbox 1386 3228 1522 3292; x_wconf 66' lang='grc' dir='ltr'><strong>ἐστὶ,</strong></span> <span class='ocrx_word' id='word_1_149' title='bbox 1561 3230 1653 3282; x_wconf 72' lang='grc' dir='ltr'><strong>καὶ</strong></span> <span class='ocrx_word' id='word_1_150' title='bbox 1706 3229 1852 3291; x_wconf 75' lang='grc' dir='ltr'><strong>ἔλεος</strong></span> 
     </span>
    </p>
   </div>
   <div class='ocr_carea' id='block_1_18' title="bbox 1980 3223 3541 3298">
    <p class='ocr_par' dir='ltr' id='par_1_18' title="bbox 2043 3224 3541 3298">
     <span class='ocr_line' id='line_1_18' title="bbox 2043 3224 3541 3298; baseline -0.001 -12"><span class='ocrx_word' id='word_1_151' title='bbox 2043 3230 2249 3298; x_wconf 77' lang='lat' dir='ltr'><strong>LQuia</strong></span> <span class='ocrx_word' id='word_1_152' title='bbox 2270 3231 2412 3286; x_wconf 82' lang='lat' dir='ltr'><strong>Deus</strong></span> <span class='ocrx_word' id='word_1_153' title='bbox 2436 3241 2519 3286; x_wconf 92' lang='lat' dir='ltr'><strong>cst</strong></span> <span class='ocrx_word' id='word_1_154' title='bbox 2539 3231 2650 3298; x_wconf 85' lang='lat' dir='ltr'><strong>ipsa</strong></span> <span class='ocrx_word' id='word_1_155' title='bbox 2676 3230 2914 3293; x_wconf 75' lang='lat' dir='ltr'><strong>bonitas,</strong></span> <span class='ocrx_word' id='word_1_156' title='bbox 2935 3241 2987 3281; x_wconf 83' lang='lat' dir='ltr'><strong>et</strong></span> <span class='ocrx_word' id='word_1_157' title='bbox 3003 3232 3121 3298; x_wconf 86' lang='lat' dir='ltr'><strong>ipsa</strong></span> <span class='ocrx_word' id='word_1_158' title='bbox 3146 3224 3541 3295; x_wconf 69' lang='lat' dir='ltr'><strong>iniseriwrdia,</strong></span> 
     </span>
    </p>
   </div>
   <div class='ocr_carea' id='block_1_19' title="bbox 281 3308 1879 3392">
    <p class='ocr_par' dir='ltr' id='par_1_19' title="bbox 281 3314 1862 3389">
     <span class='ocr_line' id='line_1_19' title="bbox 281 3314 1862 3389; baseline 0.005 -23"><span class='ocrx_word' id='word_1_159' title='bbox 281 3314 637 3384; x_wconf 73' lang='grc' dir='ltr'><strong>αὐτόχρημα,</strong></span> <span class='ocrx_word' id='word_1_160' title='bbox 686 3314 779 3366; x_wconf 77' lang='grc' dir='ltr'><strong>καὶ</strong></span> <span class='ocrx_word' id='word_1_161' title='bbox 834 3314 1070 3379; x_wconf 76' lang='grc' dir='ltr'><strong>ἄϐυσσος</strong></span> <span class='ocrx_word' id='word_1_162' title='bbox 1123 3317 1511 3389; x_wconf 83' lang='grc' dir='ltr'><strong>χρηστότητος,</strong></span> <span class='ocrx_word' id='word_1_163' title='bbox 1565 3319 1765 3389; x_wconf 81' lang='grc' dir='ltr'><strong>μᾶλλον</strong></span> <span class='ocrx_word' id='word_1_164' title='bbox 1807 3321 1862 3374; x_wconf 77' lang='grc' dir='ltr'><strong>δὲ</strong></span> 
     </span>
    </p>
   </div>
   <div class='ocr_carea' id='block_1_20' title="bbox 1980 3308 3551 3392">
    <p class='ocr_par' dir='ltr' id='par_1_20' title="bbox 1980 3308 3551 3392">
     <span class='ocr_line' id='line_1_20' title="bbox 1980 3308 3551 3392; baseline -0.003 -13"><span class='ocrx_word' id='word_1_165' title='bbox 1980 3335 2027 3379; x_wconf 79' lang='lat' dir='ltr'><strong>et</strong></span> <span class='ocrx_word' id='word_1_166' title='bbox 2056 3328 2284 3390; x_wconf 72' lang='lat' dir='ltr'><strong>abyssus</strong></span> <span class='ocrx_word' id='word_1_167' title='bbox 2317 3324 2686 3392; x_wconf 77' lang='lat' dir='ltr'><strong>benignitatis,</strong></span> <span class='ocrx_word' id='word_1_168' title='bbox 2713 3323 2795 3375; x_wconf 81' lang='lat' dir='ltr'><strong>vel</strong></span> <span class='ocrx_word' id='word_1_169' title='bbox 2844 3322 3026 3391; x_wconf 77' lang='lat' dir='ltr'><strong>petius</strong></span> <span class='ocrx_word' id='word_1_170' title='bbox 3095 3323 3347 3389; x_wconf 80' lang='lat' dir='ltr'><strong>abyssum</strong></span> <span class='ocrx_word' id='word_1_171' title='bbox 3380 3308 3551 3375; x_wconf 66' lang='lat' dir='ltr'><strong>&quot;hanc</strong></span> 
     </span>
    </p>
   </div>
   <div class='ocr_carea' id='block_1_21' title="bbox 284 3404 1879 3484">
    <p class='ocr_par' dir='ltr' id='par_1_21' title="bbox 284 3404 1863 3481">
     <span class='ocr_line' id='line_1_21' title="bbox 284 3404 1863 3481; baseline 0.004 -22"><span class='ocrx_word' id='word_1_172' title='bbox 284 3406 390 3459; x_wconf 80' lang='grc' dir='ltr'><strong>καὶ</strong></span> <span class='ocrx_word' id='word_1_173' title='bbox 421 3406 519 3474; x_wconf 84' lang='grc' dir='ltr'><strong>τῆς</strong></span> <span class='ocrx_word' id='word_1_174' title='bbox 562 3404 800 3478; x_wconf 72' lang='grc' dir='ltr'><strong>άδύσσου</strong></span> <span class='ocrx_word' id='word_1_175' title='bbox 858 3406 1061 3475; x_wconf 81' lang='grc' dir='ltr'><strong>ταύτης</strong></span> <span class='ocrx_word' id='word_1_176' title='bbox 1100 3409 1518 3479; x_wconf 84' lang='grc' dir='ltr'><strong>περιληπτικὸν,</strong></span> <span class='ocrx_word' id='word_1_177' title='bbox 1558 3410 1631 3474; x_wconf 85' lang='grc' dir='ltr'><strong>ὡς</strong></span> <span class='ocrx_word' id='word_1_178' title='bbox 1663 3411 1863 3481; x_wconf 82' lang='grc' dir='ltr'><strong>ὑπερέ-</strong></span> 
     </span>
    </p>
   </div>
   <div class='ocr_carea' id='block_1_22' title="bbox 1980 3404 3551 3484">
    <p class='ocr_par' dir='ltr' id='par_1_22' title="bbox 1983 3410 3551 3484">
     <span class='ocr_line' id='line_1_22' title="bbox 1983 3410 3551 3484; baseline -0.005 -13"><span class='ocrx_word' id='word_1_179' title='bbox 1983 3414 2420 3484; x_wconf 87' lang='lat' dir='ltr'><strong>contpreltendit,</strong></span> <span class='ocrx_word' id='word_1_180' title='bbox 2450 3415 2573 3481; x_wconf 84' lang='lat' dir='ltr'><strong>quia</strong></span> <span class='ocrx_word' id='word_1_181' title='bbox 2615 3421 2837 3480; x_wconf 77' lang='lat' dir='ltr'><strong>superat</strong></span> <span class='ocrx_word' id='word_1_182' title='bbox 2859 3424 3020 3468; x_wconf 87' lang='lat' dir='ltr'><strong>omne</strong></span> <span class='ocrx_word' id='word_1_183' title='bbox 3050 3425 3246 3464; x_wconf 88' lang='lat' dir='ltr'><strong>nomen</strong></span> <span class='ocrx_word' id='word_1_184' title='bbox 3269 3410 3412 3479; x_wconf 86' lang='lat' dir='ltr'><strong>quod</strong></span> <span class='ocrx_word' id='word_1_185' title='bbox 3446 3423 3509 3464; x_wconf 84' lang='lat' dir='ltr'><strong>nc</strong></span> <span class='ocrx_word' id='word_1_186' title='bbox 3529 3434 3551 3450; x_wconf 83' lang='lat'><strong>-</strong></span> 
     </span>
    </p>
   </div>
   <div class='ocr_carea' id='block_1_23' title="bbox 292 3498 1879 3576">
    <p class='ocr_par' dir='ltr' id='par_1_23' title="bbox 292 3498 1865 3576">
     <span class='ocr_line' id='line_1_23' title="bbox 292 3498 1865 3576; baseline 0.006 -27"><span class='ocrx_word' id='word_1_187' title='bbox 292 3515 395 3569; x_wconf 84' lang='grc' dir='ltr'><strong>χον</strong></span> <span class='ocrx_word' id='word_1_188' title='bbox 423 3498 628 3561; x_wconf 77' lang='grc' dir='ltr'><strong>παντός</strong></span> <span class='ocrx_word' id='word_1_189' title='bbox 669 3514 729 3550; x_wconf 89' lang='grc' dir='ltr'><strong>τε</strong></span> <span class='ocrx_word' id='word_1_190' title='bbox 754 3498 1014 3570; x_wconf 78' lang='grc' dir='ltr'><strong>ὀνόματος</strong></span> <span class='ocrx_word' id='word_1_191' title='bbox 1048 3501 1449 3571; x_wconf 76' lang='grc' dir='ltr'><strong>ὀνομαζομένου</strong></span> <span class='ocrx_word' id='word_1_192' title='bbox 1469 3544 1484 3570; x_wconf 89' lang='grc'><strong>,</strong></span> <span class='ocrx_word' id='word_1_193' title='bbox 1520 3503 1618 3557; x_wconf 74' lang='grc' dir='ltr'><strong>καὶ</strong></span> <span class='ocrx_word' id='word_1_194' title='bbox 1669 3520 1865 3576; x_wconf 80' lang='grc' dir='ltr'><strong>νοουμ-</strong></span> 
     </span>
    </p>
   </div>
   <div class='ocr_carea' id='block_1_24' title="bbox 1980 3498 3550 3576">
    <p class='ocr_par' dir='ltr' id='par_1_24' title="bbox 1980 3500 3550 3573">
     <span class='ocr_line' id='line_1_24' title="bbox 1980 3500 3550 3573; baseline -0.005 -12"><span class='ocrx_word' id='word_1_195' title='bbox 1980 3507 2174 3562; x_wconf 80' lang='lat' dir='ltr'><strong>tniuavi</strong></span> <span class='ocrx_word' id='word_1_196' title='bbox 2224 3515 2279 3561; x_wconf 90' lang='lat' dir='ltr'><strong>et</strong></span> <span class='ocrx_word' id='word_1_197' title='bbox 2327 3519 2546 3561; x_wconf 86' lang='lat' dir='ltr'><strong>onmem</strong></span> <span class='ocrx_word' id='word_1_198' title='bbox 2584 3520 2695 3558; x_wconf 86' lang='lat' dir='ltr'><strong>rem</strong></span> <span class='ocrx_word' id='word_1_199' title='bbox 2743 3518 2864 3573; x_wconf 69' lang='lat' dir='ltr'><strong>quae</strong></span> <span class='ocrx_word' id='word_1_200' title='bbox 2922 3502 3147 3570; x_wconf 75' lang='lat' dir='ltr'><strong>intelligi</strong></span> <span class='ocrx_word' id='word_1_201' title='bbox 3196 3509 3394 3571; x_wconf 85' lang='lat' dir='ltr'><strong>potest,</strong></span> <span class='ocrx_word' id='word_1_202' title='bbox 3436 3500 3550 3554; x_wconf 82' lang='lat' dir='ltr'><strong>sola</strong></span> 
     </span>
    </p>
   </div>
   <div class='ocr_carea' id='block_1_25' title="bbox 288 3591 1866 3668">
    <p class='ocr_par' dir='ltr' id='par_1_25' title="bbox 288 3591 1866 3668">
     <span class='ocr_line' id='line_1_25' title="bbox 288 3591 1866 3668; baseline 0.004 -23"><span class='ocrx_word' id='word_1_203' title='bbox 288 3591 421 3645; x_wconf 81' lang='grc' dir='ltr'><strong>ένου</strong></span> <span class='ocrx_word' id='word_1_204' title='bbox 448 3592 772 3661; x_wconf 74' lang='grc' dir='ltr'><strong>πράγματος</strong></span> <span class='ocrx_word' id='word_1_205' title='bbox 791 3609 805 3623; x_wconf 87' lang='grc'><strong>·</strong></span> <span class='ocrx_word' id='word_1_206' title='bbox 846 3595 913 3664; x_wconf 81' lang='grc' dir='ltr'><strong>τῇ</strong></span> <span class='ocrx_word' id='word_1_207' title='bbox 946 3593 1079 3663; x_wconf 86' lang='grc' dir='ltr'><strong>πρὸς</strong></span> <span class='ocrx_word' id='word_1_208' title='bbox 1110 3594 1240 3646; x_wconf 83' lang='grc' dir='ltr'><strong>αὐτὸ</strong></span> <span class='ocrx_word' id='word_1_209' title='bbox 1260 3594 1449 3649; x_wconf 83' lang='grc' dir='ltr'><strong>ὲνώσει</strong></span> <span class='ocrx_word' id='word_1_210' title='bbox 1508 3595 1667 3668; x_wconf 79' lang='grc' dir='ltr'><strong>μόνῃ,</strong></span> <span class='ocrx_word' id='word_1_211' title='bbox 1714 3597 1866 3668; x_wconf 85' lang='grc' dir='ltr'><strong>τύχοι</strong></span> 
     </span>
    </p>
   </div>
   <div class='ocr_carea' id='block_1_26' title="bbox 289 3679 1865 3759">
    <p class='ocr_par' dir='ltr' id='par_1_26' title="bbox 289 3679 1865 3759">
     <span class='ocr_line' id='line_1_26' title="bbox 289 3679 1865 3759; baseline 0.004 -24"><span class='ocrx_word' id='word_1_212' title='bbox 289 3679 359 3735; x_wconf 83' lang='grc' dir='ltr'><strong>ἄν</strong></span> <span class='ocrx_word' id='word_1_213' title='bbox 387 3698 475 3743; x_wconf 90' lang='grc' dir='ltr'><strong>τις</strong></span> <span class='ocrx_word' id='word_1_214' title='bbox 497 3682 588 3735; x_wconf 87' lang='grc' dir='ltr'><strong>τοῦ</strong></span> <span class='ocrx_word' id='word_1_215' title='bbox 623 3682 833 3747; x_wconf 75' lang='grc' dir='ltr'><strong>ἐλέους·</strong></span> <span class='ocrx_word' id='word_1_216' title='bbox 861 3684 1075 3737; x_wconf 80' lang='grc' dir='ltr'><strong>ἑνοῦται</strong></span> <span class='ocrx_word' id='word_1_217' title='bbox 1101 3684 1255 3749; x_wconf 82' lang='grc' dir='ltr'><strong>δέτις</strong></span> <span class='ocrx_word' id='word_1_218' title='bbox 1283 3687 1477 3757; x_wconf 82' lang='grc' dir='ltr'><strong>τούτῳ,</strong></span> <span class='ocrx_word' id='word_1_219' title='bbox 1500 3690 1566 3757; x_wconf 77' lang='grc' dir='ltr'><strong>τῇ</strong></span> <span class='ocrx_word' id='word_1_220' title='bbox 1590 3689 1865 3759; x_wconf 81' lang='grc' dir='ltr'><strong>κοινωνίᾳ,</strong></span> 
     </span>
    </p>
   </div>
   <div class='ocr_carea' id='block_1_27' title="bbox 291 3772 1869 3848">
    <p class='ocr_par' dir='ltr' id='par_1_27' title="bbox 291 3772 1869 3848">
     <span class='ocr_line' id='line_1_27' title="bbox 291 3772 1869 3848; baseline 0.003 -24"><span class='ocrx_word' id='word_1_221' title='bbox 291 3772 446 3826; x_wconf 82' lang='grc' dir='ltr'><strong>κατὰ</strong></span> <span class='ocrx_word' id='word_1_222' title='bbox 494 3777 557 3828; x_wconf 82' lang='grc' dir='ltr'><strong>τὸ</strong></span> <span class='ocrx_word' id='word_1_223' title='bbox 598 3775 895 3847; x_wconf 73' lang='grc' dir='ltr'><strong>ἐγχωροῦν,</strong></span> <span class='ocrx_word' id='word_1_224' title='bbox 944 3775 1053 3828; x_wconf 86' lang='grc' dir='ltr'><strong>τῶν</strong></span> <span class='ocrx_word' id='word_1_225' title='bbox 1104 3775 1306 3845; x_wconf 83' lang='grc' dir='ltr'><strong>ὁμοίων</strong></span> <span class='ocrx_word' id='word_1_226' title='bbox 1364 3777 1597 3847; x_wconf 83' lang='grc' dir='ltr'><strong>ἀρετῶν,</strong></span> <span class='ocrx_word' id='word_1_227' title='bbox 1654 3780 1752 3830; x_wconf 81' lang='grc' dir='ltr'><strong>καὶ</strong></span> <span class='ocrx_word' id='word_1_228' title='bbox 1800 3779 1869 3848; x_wconf 72' lang='grc' dir='ltr'><strong>τῇ</strong></span> 
     </span>
    </p>
   </div>
   <div class='ocr_carea' id='block_1_28' title="bbox 292 3864 1871 3939">
    <p class='ocr_par' dir='ltr' id='par_1_28' title="bbox 292 3864 1871 3939">
     <span class='ocr_line' id='line_1_28' title="bbox 292 3864 1871 3939; baseline -0.001 -16"><span class='ocrx_word' id='word_1_229' title='bbox 292 3869 558 3938; x_wconf 76' lang='grc' dir='ltr'><strong>κοινωνίᾳ</strong></span> <span class='ocrx_word' id='word_1_230' title='bbox 587 3869 685 3939; x_wconf 83' lang='grc' dir='ltr'><strong>τῆς</strong></span> <span class='ocrx_word' id='word_1_231' title='bbox 722 3872 863 3921; x_wconf 73' lang='grc' dir='ltr'><strong>κατὰ</strong></span> <span class='ocrx_word' id='word_1_232' title='bbox 912 3869 1009 3937; x_wconf 83' lang='grc' dir='ltr'><strong>τὴν</strong></span> <span class='ocrx_word' id='word_1_233' title='bbox 1032 3867 1198 3938; x_wconf 80' lang='grc' dir='ltr'><strong>εὐχὴν</strong></span> <span class='ocrx_word' id='word_1_234' title='bbox 1259 3864 1397 3938; x_wconf 79' lang='grc' dir='ltr'><strong>πρὸς</strong></span> <span class='ocrx_word' id='word_1_235' title='bbox 1430 3869 1521 3921; x_wconf 89' lang='grc' dir='ltr'><strong>τὸν</strong></span> <span class='ocrx_word' id='word_1_236' title='bbox 1550 3867 1686 3921; x_wconf 82' lang='grc' dir='ltr'><strong>Θεὸν</strong></span> <span class='ocrx_word' id='word_1_237' title='bbox 1743 3868 1871 3938; x_wconf 81' lang='grc' dir='ltr'><strong>δεή-</strong></span> 
     </span>
    </p>
   </div>
   <div class='ocr_carea' id='block_1_29' title="bbox 298 3959 1871 4031">
    <p class='ocr_par' dir='ltr' id='par_1_29' title="bbox 298 3959 1871 4031">
     <span class='ocr_line' id='line_1_29' title="bbox 298 3959 1871 4031; baseline -0.003 -17"><span class='ocrx_word' id='word_1_238' title='bbox 298 3960 444 4023; x_wconf 85' lang='grc' dir='ltr'><strong>σεώς</strong></span> <span class='ocrx_word' id='word_1_239' title='bbox 477 3974 537 4014; x_wconf 86' lang='grc' dir='ltr'><strong>τε</strong></span> <span class='ocrx_word' id='word_1_240' title='bbox 581 3961 676 4013; x_wconf 74' lang='grc' dir='ltr'><strong>καὶ</strong></span> <span class='ocrx_word' id='word_1_241' title='bbox 705 3960 971 4023; x_wconf 77' lang='grc' dir='ltr'><strong>ἐνὼσεως.</strong></span> <span class='ocrx_word' id='word_1_242' title='bbox 1019 3960 1163 4014; x_wconf 82' lang='grc' dir='ltr'><strong>Ἀλλ’</strong></span> <span class='ocrx_word' id='word_1_243' title='bbox 1193 3962 1227 4031; x_wconf 82' lang='grc' dir='ltr'>ἡ</span> <span class='ocrx_word' id='word_1_244' title='bbox 1260 3960 1360 4029; x_wconf 78' lang='grc' dir='ltr'><strong>μὲν</strong></span> <span class='ocrx_word' id='word_1_245' title='bbox 1397 3961 1464 4013; x_wconf 89' lang='grc' dir='ltr'><strong>δι’</strong></span> <span class='ocrx_word' id='word_1_246' title='bbox 1500 3959 1709 4030; x_wconf 82' lang='grc' dir='ltr'><strong>ἀρετῶν</strong></span> <span class='ocrx_word' id='word_1_247' title='bbox 1754 3976 1871 4011; x_wconf 73' lang='grc' dir='ltr'><strong>κοιο</strong></span> 
     </span>
    </p>
   </div>
   <div class='ocr_carea' id='block_1_30' title="bbox 296 4050 1874 4123">
    <p class='ocr_par' dir='ltr' id='par_1_30' title="bbox 296 4050 1874 4123">
     <span class='ocr_line' id='line_1_30' title="bbox 296 4050 1874 4123; baseline -0.005 -13"><span class='ocrx_word' id='word_1_248' title='bbox 296 4053 492 4117; x_wconf 87' lang='grc' dir='ltr'><strong>νωνία,</strong></span> <span class='ocrx_word' id='word_1_249' title='bbox 521 4051 588 4107; x_wconf 87' lang='grc' dir='ltr'><strong>δι’</strong></span> <span class='ocrx_word' id='word_1_250' title='bbox 612 4053 927 4123; x_wconf 82' lang='grc' dir='ltr'><strong>ὁμοιότητα,</strong></span> <span class='ocrx_word' id='word_1_251' title='bbox 955 4053 1091 4123; x_wconf 81' lang='grc' dir='ltr'><strong>πρὸς</strong></span> <span class='ocrx_word' id='word_1_252' title='bbox 1120 4053 1383 4123; x_wconf 82' lang='grc' dir='ltr'><strong>ὑποδοχὴν</strong></span> <span class='ocrx_word' id='word_1_253' title='bbox 1408 4050 1502 4104; x_wconf 79' lang='grc' dir='ltr'><strong>τοῦ</strong></span> <span class='ocrx_word' id='word_1_254' title='bbox 1528 4051 1670 4104; x_wconf 81' lang='grc' dir='ltr'><strong>θείου</strong></span> <span class='ocrx_word' id='word_1_255' title='bbox 1686 4051 1874 4120; x_wconf 79' lang='grc' dir='ltr'><strong>ἐπιτή-</strong></span> 
     </span>
    </p>
   </div>
   <div class='ocr_carea' id='block_1_31' title="bbox 298 4134 1873 4213">
    <p class='ocr_par' dir='ltr' id='par_1_31' title="bbox 298 4134 1873 4213">
     <span class='ocr_line' id='line_1_31' title="bbox 298 4134 1873 4213; baseline -0.006 -11"><span class='ocrx_word' id='word_1_256' title='bbox 298 4149 445 4202; x_wconf 86' lang='grc' dir='ltr'><strong>δειον</strong></span> <span class='ocrx_word' id='word_1_257' title='bbox 469 4147 561 4199; x_wconf 87' lang='grc' dir='ltr'><strong>τὸν</strong></span> <span class='ocrx_word' id='word_1_258' title='bbox 589 4145 871 4199; x_wconf 82' lang='grc' dir='ltr'><strong>σπουδαῖον</strong></span> <span class='ocrx_word' id='word_1_259' title='bbox 908 4147 1119 4213; x_wconf 81' lang='grc' dir='ltr'><strong>πέφυκε</strong></span> <span class='ocrx_word' id='word_1_260' title='bbox 1161 4134 1616 4207; x_wconf 77' lang='grc' dir='ltr'><strong>κατασκευάζειν,</strong></span> <span class='ocrx_word' id='word_1_261' title='bbox 1647 4142 1707 4194; x_wconf 75' lang='grc' dir='ltr'><strong>οὐ</strong></span> <span class='ocrx_word' id='word_1_262' title='bbox 1745 4142 1873 4212; x_wconf 81' lang='grc' dir='ltr'><strong>μέν·</strong></span> 
     </span>
    </p>
   </div>
   <div class='ocr_carea' id='block_1_32' title="bbox 297 4229 1874 4308">
    <p class='ocr_par' dir='ltr' id='par_1_32' title="bbox 297 4229 1874 4308">
     <span class='ocr_line' id='line_1_32' title="bbox 297 4229 1874 4308; baseline -0.006 -14"><span class='ocrx_word' id='word_1_263' title='bbox 297 4257 386 4294; x_wconf 78' lang='grc' dir='ltr'><strong>τοι</strong></span> <span class='ocrx_word' id='word_1_264' title='bbox 415 4229 516 4294; x_wconf 70' lang='grc' dir='ltr'><strong>καὶ</strong></span> <span class='ocrx_word' id='word_1_265' title='bbox 546 4237 697 4292; x_wconf 81' lang='grc' dir='ltr'><strong>ἑνοῦν</strong></span> <span class='ocrx_word' id='word_1_266' title='bbox 713 4254 726 4268; x_wconf 75' lang='grc' dir='ltr'><strong><em>ο</em></strong></span> <span class='ocrx_word' id='word_1_267' title='bbox 749 4239 784 4308; x_wconf 79' lang='grc' dir='ltr'><strong>ἡ</strong></span> <span class='ocrx_word' id='word_1_268' title='bbox 810 4237 868 4291; x_wconf 84' lang='grc' dir='ltr'><strong>δὲ</strong></span> <span class='ocrx_word' id='word_1_269' title='bbox 893 4237 993 4306; x_wconf 76' lang='grc' dir='ltr'><strong>τῆς</strong></span> <span class='ocrx_word' id='word_1_270' title='bbox 1008 4236 1173 4306; x_wconf 82' lang='grc' dir='ltr'><strong>εὐχῆς</strong></span> <span class='ocrx_word' id='word_1_271' title='bbox 1189 4235 1435 4305; x_wconf 84' lang='grc' dir='ltr'><strong>δύναμις,</strong></span> <span class='ocrx_word' id='word_1_272' title='bbox 1459 4232 1627 4304; x_wconf 80' lang='grc' dir='ltr'><strong>αὐτὴν</strong></span> <span class='ocrx_word' id='word_1_273' title='bbox 1662 4232 1874 4304; x_wconf 79' lang='grc' dir='ltr'><strong>ἱερουρ-</strong></span> 
     </span>
    </p>
   </div>
   <div class='ocr_carea' id='block_1_33' title="bbox 302 4339 1929 4418">
    <p class='ocr_par' dir='ltr' id='par_1_33' title="bbox 302 4339 1929 4418">
     <span class='ocr_line' id='line_1_33' title="bbox 302 4339 1929 4418; baseline 0.001 -21"><span class='ocrx_word' id='word_1_274' title='bbox 302 4347 414 4411; x_wconf 85' lang='grc' dir='ltr'><strong>γεῖ,</strong></span> <span class='ocrx_word' id='word_1_275' title='bbox 473 4345 570 4399; x_wconf 69' lang='grc' dir='ltr'><strong>καὶ</strong></span> <span class='ocrx_word' id='word_1_276' title='bbox 633 4343 1005 4414; x_wconf 81' lang='grc' dir='ltr'><strong>τελεσιουργεϊ</strong></span> <span class='ocrx_word' id='word_1_277' title='bbox 1049 4348 1150 4414; x_wconf 83' lang='grc' dir='ltr'><strong>τὴν</strong></span> <span class='ocrx_word' id='word_1_278' title='bbox 1187 4346 1281 4400; x_wconf 89' lang='grc' dir='ltr'><strong>τοῦ</strong></span> <span class='ocrx_word' id='word_1_279' title='bbox 1321 4346 1612 4418; x_wconf 82' lang='grc' dir='ltr'><strong>ἀνθρώπου</strong></span> <span class='ocrx_word' id='word_1_280' title='bbox 1642 4346 1780 4418; x_wconf 87' lang='grc' dir='ltr'><strong>πρὸς</strong></span> <span class='ocrx_word' id='word_1_281' title='bbox 1814 4339 1877 4401; x_wconf 82' lang='grc' dir='ltr'><strong>τδ</strong></span> <span class='ocrx_word' id='word_1_282' title='bbox 1928 4396 1929 4399; x_wconf 45' lang='grc' dir='ltr'><strong>η</strong></span> 
     </span>
    </p>
   </div>
   <div class='ocr_carea' id='block_1_34' title="bbox 298 4436 1879 4509">
    <p class='ocr_par' dir='ltr' id='par_1_34' title="bbox 298 4436 1879 4509">
     <span class='ocr_line' id='line_1_34' title="bbox 298 4436 1879 4509; baseline 0.004 -22"><span class='ocrx_word' id='word_1_283' title='bbox 298 4436 461 4490; x_wconf 83' lang='grc' dir='ltr'><strong>θεῖον</strong></span> <span class='ocrx_word' id='word_1_284' title='bbox 513 4436 776 4490; x_wconf 84' lang='grc' dir='ltr'><strong>ἀνάτασίν</strong></span> <span class='ocrx_word' id='word_1_285' title='bbox 821 4456 878 4490; x_wconf 82' lang='grc' dir='ltr'><strong>τε</strong></span> <span class='ocrx_word' id='word_1_286' title='bbox 918 4440 1013 4492; x_wconf 71' lang='grc' dir='ltr'><strong>καὶ</strong></span> <span class='ocrx_word' id='word_1_287' title='bbox 1043 4439 1255 4502; x_wconf 72' lang='grc' dir='ltr'><strong>ἕνωσιν,</strong></span> <span class='ocrx_word' id='word_1_288' title='bbox 1297 4438 1590 4509; x_wconf 83' lang='grc' dir='ltr'><strong>σύνδεσμος</strong></span> <span class='ocrx_word' id='word_1_289' title='bbox 1613 4438 1747 4493; x_wconf 78' lang='grc' dir='ltr'><strong>οὖσα</strong></span> <span class='ocrx_word' id='word_1_290' title='bbox 1770 4439 1879 4495; x_wconf 85' lang='grc' dir='ltr'><strong>τῶν</strong></span> 
     </span>
    </p>
   </div>
   <div class='ocr_carea' id='block_1_35' title="bbox 1972 3593 3545 3663">
    <p class='ocr_par' dir='ltr' id='par_1_35' title="bbox 1972 3593 3545 3663">
     <span class='ocr_line' id='line_1_35' title="bbox 1972 3593 3545 3663; baseline -0.007 -7"><span class='ocrx_word' id='word_1_291' title='bbox 1972 3615 2094 3656; x_wconf 89' lang='lat' dir='ltr'><strong>cum</strong></span> <span class='ocrx_word' id='word_1_292' title='bbox 2121 3614 2187 3654; x_wconf 86' lang='lat' dir='ltr'><strong>eo</strong></span> <span class='ocrx_word' id='word_1_293' title='bbox 2220 3600 2424 3653; x_wconf 89' lang='lat' dir='ltr'><strong>unione</strong></span> <span class='ocrx_word' id='word_1_294' title='bbox 2464 3596 2898 3651; x_wconf 81' lang='lat' dir='ltr'><strong>misericordiam</strong></span> <span class='ocrx_word' id='word_1_295' title='bbox 2931 3594 3128 3663; x_wconf 78' lang='lat' dir='ltr'><strong>aliquis</strong></span> <span class='ocrx_word' id='word_1_296' title='bbox 3159 3593 3545 3660; x_wconf 76' lang='lat' dir='ltr'><strong>consequitur:</strong></span> 
     </span>
    </p>
   </div>
   <div class='ocr_carea' id='block_1_36' title="bbox 1973 3683 3541 3763">
    <p class='ocr_par' dir='ltr' id='par_1_36' title="bbox 1973 3683 3541 3763">
     <span class='ocr_line' id='line_1_36' title="bbox 1973 3683 3541 3763; baseline -0.01 -14"><span class='ocrx_word' id='word_1_297' title='bbox 1973 3692 2329 3763; x_wconf 82' lang='lat' dir='ltr'><strong>conjungitttr</strong></span> <span class='ocrx_word' id='word_1_298' title='bbox 2371 3704 2552 3745; x_wconf 90' lang='lat' dir='ltr'><strong>autem</strong></span> <span class='ocrx_word' id='word_1_299' title='bbox 2586 3704 2708 3743; x_wconf 90' lang='lat' dir='ltr'><strong>cutn</strong></span> <span class='ocrx_word' id='word_1_300' title='bbox 2751 3703 2817 3742; x_wconf 88' lang='lat' dir='ltr'><strong>eo</strong></span> <span class='ocrx_word' id='word_1_301' title='bbox 2847 3687 3046 3756; x_wconf 82' lang='lat' dir='ltr'><strong>aliquis</strong></span> <span class='ocrx_word' id='word_1_302' title='bbox 3072 3683 3333 3740; x_wconf 85' lang='lat' dir='ltr'><strong>similium</strong></span> <span class='ocrx_word' id='word_1_303' title='bbox 3366 3683 3541 3738; x_wconf 81' lang='lat' dir='ltr'><strong>vit-tn-</strong></span> 
     </span>
    </p>
   </div>
   <div class='ocr_carea' id='block_1_37' title="bbox 1974 3774 3558 3851">
    <p class='ocr_par' dir='ltr' id='par_1_37' title="bbox 1974 3774 3558 3851">
     <span class='ocr_line' id='line_1_37' title="bbox 1974 3774 3558 3851; baseline -0.008 -11"><span class='ocrx_word' id='word_1_304' title='bbox 1974 3795 2087 3840; x_wconf 87' lang='lat' dir='ltr'><strong>tum</strong></span> <span class='ocrx_word' id='word_1_305' title='bbox 2121 3784 2419 3846; x_wconf 88' lang='lat' dir='ltr'><strong>consortio,</strong></span> <span class='ocrx_word' id='word_1_306' title='bbox 2455 3791 2714 3851; x_wconf 88' lang='lat' dir='ltr'><strong>quantum</strong></span> <span class='ocrx_word' id='word_1_307' title='bbox 2740 3794 2912 3848; x_wconf 64' lang='lat' dir='ltr'><strong>capax</strong></span> <span class='ocrx_word' id='word_1_308' title='bbox 2935 3787 3044 3841; x_wconf 91' lang='lat' dir='ltr'><strong>est,</strong></span> <span class='ocrx_word' id='word_1_309' title='bbox 3070 3786 3127 3832; x_wconf 91' lang='lat' dir='ltr'><strong>et</strong></span> <span class='ocrx_word' id='word_1_310' title='bbox 3178 3777 3426 3844; x_wconf 81' lang='lat' dir='ltr'><strong>precibus</strong></span> <span class='ocrx_word' id='word_1_311' title='bbox 3472 3774 3558 3829; x_wconf 60' lang='lat' dir='ltr'><strong>di-</strong></span> 
     </span>
    </p>
   </div>
   <div class='ocr_carea' id='block_1_38' title="bbox 1974 3867 3553 3937">
    <p class='ocr_par' dir='ltr' id='par_1_38' title="bbox 1974 3867 3553 3937">
     <span class='ocr_line' id='line_1_38' title="bbox 1974 3867 3553 3937; baseline -0.007 -6"><span class='ocrx_word' id='word_1_312' title='bbox 1974 3878 2154 3931; x_wconf 80' lang='lat' dir='ltr'><strong>vittam</strong></span> <span class='ocrx_word' id='word_1_313' title='bbox 2186 3876 2489 3929; x_wconf 88' lang='lat' dir='ltr'><strong>orationem</strong></span> <span class='ocrx_word' id='word_1_314' title='bbox 2533 3883 2590 3928; x_wconf 83' lang='lat' dir='ltr'><strong>et</strong></span> <span class='ocrx_word' id='word_1_315' title='bbox 2648 3871 3093 3926; x_wconf 67' lang='lat' dir='ltr'><strong>communionem</strong></span> <span class='ocrx_word' id='word_1_316' title='bbox 3159 3867 3553 3937; x_wconf 69' lang='lat' dir='ltr'><strong>participando.</strong></span> 
     </span>
    </p>
   </div>
   <div class='ocr_carea' id='block_1_39' title="bbox 1974 3958 3563 4037">
    <p class='ocr_par' dir='ltr' id='par_1_39' title="bbox 1974 3958 3563 4037">
     <span class='ocr_line' id='line_1_39' title="bbox 1974 3958 3563 4037; baseline -0.006 -14"><span class='ocrx_word' id='word_1_317' title='bbox 1974 3967 2138 4037; x_wconf 85' lang='lat' dir='ltr'><strong>Atqui</strong></span> <span class='ocrx_word' id='word_1_318' title='bbox 2168 3968 2531 4021; x_wconf 70' lang='lat' dir='ltr'><strong>cottimuuitas</strong></span> <span class='ocrx_word' id='word_1_319' title='bbox 2556 3981 2676 4034; x_wconf 67' lang='lat' dir='ltr'><strong>qua:</strong></span> <span class='ocrx_word' id='word_1_320' title='bbox 2702 3976 2786 4017; x_wconf 74' lang='grc' dir='ltr'><strong>εει</strong></span> <span class='ocrx_word' id='word_1_321' title='bbox 2816 3979 2910 4032; x_wconf 84' lang='lat' dir='ltr'><strong>per</strong></span> <span class='ocrx_word' id='word_1_322' title='bbox 2939 3963 3203 4017; x_wconf 86' lang='lat' dir='ltr'><strong>virtutum</strong></span> <span class='ocrx_word' id='word_1_323' title='bbox 3246 3958 3563 4014; x_wconf 82' lang='lat' dir='ltr'><strong>similitudi-</strong></span> 
     </span>
    </p>
   </div>
   <div class='ocr_carea' id='block_1_40' title="bbox 1977 4051 3559 4123">
    <p class='ocr_par' dir='ltr' id='par_1_40' title="bbox 1977 4051 3559 4123">
     <span class='ocr_line' id='line_1_40' title="bbox 1977 4051 3559 4123; baseline -0.006 -9"><span class='ocrx_word' id='word_1_324' title='bbox 1977 4075 2123 4122; x_wconf 85' lang='lat' dir='ltr'><strong>nem,</strong></span> <span class='ocrx_word' id='word_1_325' title='bbox 2175 4065 2400 4112; x_wconf 84' lang='lat' dir='ltr'><strong>asceten</strong></span> <span class='ocrx_word' id='word_1_326' title='bbox 2462 4068 2646 4123; x_wconf 87' lang='lat' dir='ltr'><strong>aptum</strong></span> <span class='ocrx_word' id='word_1_327' title='bbox 2716 4055 2930 4108; x_wconf 86' lang='lat' dir='ltr'><strong>ellicere</strong></span> <span class='ocrx_word' id='word_1_328' title='bbox 2991 4059 3170 4121; x_wconf 82' lang='lat' dir='ltr'><strong>patest</strong></span> <span class='ocrx_word' id='word_1_329' title='bbox 3233 4051 3559 4121; x_wconf 76' lang='lat' dir='ltr'><strong>recipienda:</strong></span> 
     </span>
    </p>
   </div>
   <div class='ocr_carea' id='block_1_41' title="bbox 1977 4142 3558 4211">
    <p class='ocr_par' dir='ltr' id='par_1_41' title="bbox 1977 4142 3558 4211">
     <span class='ocr_line' id='line_1_41' title="bbox 1977 4142 3558 4211; baseline -0.006 -5"><span class='ocrx_word' id='word_1_330' title='bbox 1977 4151 2168 4206; x_wconf 84' lang='lat' dir='ltr'><strong>unioni</strong></span> <span class='ocrx_word' id='word_1_331' title='bbox 2211 4148 2432 4211; x_wconf 64' lang='lat' dir='ltr'><strong>divinae.</strong></span> <span class='ocrx_word' id='word_1_332' title='bbox 2482 4162 2591 4201; x_wconf 91' lang='lat' dir='ltr'><strong>non</strong></span> <span class='ocrx_word' id='word_1_333' title='bbox 2628 4161 2759 4199; x_wconf 76' lang='lat' dir='ltr'><strong>vero</strong></span> <span class='ocrx_word' id='word_1_334' title='bbox 2798 4160 2920 4198; x_wconf 91' lang='lat' dir='ltr'><strong>eum</strong></span> <span class='ocrx_word' id='word_1_335' title='bbox 2968 4144 3162 4209; x_wconf 84' lang='lat' dir='ltr'><strong>nnire;</strong></span> <span class='ocrx_word' id='word_1_336' title='bbox 3210 4151 3265 4196; x_wconf 88' lang='lat' dir='ltr'><strong>at</strong></span> <span class='ocrx_word' id='word_1_337' title='bbox 3293 4142 3558 4196; x_wconf 86' lang='lat' dir='ltr'><strong>orationis</strong></span> 
     </span>
    </p>
   </div>
   <div class='ocr_carea' id='block_1_42' title="bbox 1977 4234 3554 4306">
    <p class='ocr_par' dir='ltr' id='par_1_42' title="bbox 1977 4234 3554 4306">
     <span class='ocr_line' id='line_1_42' title="bbox 1977 4234 3554 4306; baseline -0.008 -8"><span class='ocrx_word' id='word_1_338' title='bbox 1977 4243 2215 4298; x_wconf 82' lang='lat' dir='ltr'><strong>cﬂicacia</strong></span> <span class='ocrx_word' id='word_1_339' title='bbox 2247 4257 2459 4296; x_wconf 85' lang='lat' dir='ltr'><strong>sacram</strong></span> <span class='ocrx_word' id='word_1_340' title='bbox 2491 4250 2546 4293; x_wconf 91' lang='lat' dir='ltr'><strong>et</strong></span> <span class='ocrx_word' id='word_1_341' title='bbox 2574 4237 2871 4306; x_wconf 74' lang='lat' dir='ltr'><strong>perfectam</strong></span> <span class='ocrx_word' id='word_1_342' title='bbox 2905 4246 3169 4305; x_wconf 84' lang='lat' dir='ltr'><strong>operatur</strong></span> <span class='ocrx_word' id='word_1_343' title='bbox 3201 4234 3436 4289; x_wconf 85' lang='lat' dir='ltr'><strong>hominis</strong></span> <span class='ocrx_word' id='word_1_344' title='bbox 3489 4234 3554 4286; x_wconf 84' lang='lat' dir='ltr'><strong>ad</strong></span> 
     </span>
    </p>
   </div>
   <div class='ocr_carea' id='block_1_43' title="bbox 1978 4323 3558 4396">
    <p class='ocr_par' dir='ltr' id='par_1_43' title="bbox 1978 4323 3558 4396">
     <span class='ocr_line' id='line_1_43' title="bbox 1978 4323 3558 4396; baseline -0.008 -10"><span class='ocrx_word' id='word_1_345' title='bbox 1978 4332 2145 4388; x_wconf 84' lang='lat' dir='ltr'><strong>Deum</strong></span> <span class='ocrx_word' id='word_1_346' title='bbox 2174 4330 2535 4387; x_wconf 86' lang='lat' dir='ltr'><strong>elevationem</strong></span> <span class='ocrx_word' id='word_1_347' title='bbox 2567 4339 2738 4396; x_wconf 86' lang='lat' dir='ltr'><strong>atque</strong></span> <span class='ocrx_word' id='word_1_348' title='bbox 2765 4327 3043 4391; x_wconf 87' lang='lat' dir='ltr'><strong>unionem,</strong></span> <span class='ocrx_word' id='word_1_349' title='bbox 3080 4323 3374 4377; x_wconf 79' lang='lat' dir='ltr'><strong>rationales</strong></span> <span class='ocrx_word' id='word_1_350' title='bbox 3403 4337 3558 4376; x_wconf 84' lang='lat' dir='ltr'><strong>crea-</strong></span> 
     </span>
    </p>
   </div>
   <div class='ocr_carea' id='block_1_44' title="bbox 1980 4414 3558 4485">
    <p class='ocr_par' dir='ltr' id='par_1_44' title="bbox 1980 4414 3558 4485">
     <span class='ocr_line' id='line_1_44' title="bbox 1980 4414 3558 4485; baseline -0.008 -6"><span class='ocrx_word' id='word_1_351' title='bbox 1980 4436 2133 4480; x_wconf 88' lang='lat' dir='ltr'><strong>turas</strong></span> <span class='ocrx_word' id='word_1_352' title='bbox 2164 4423 2234 4477; x_wconf 82' lang='lat' dir='ltr'><strong>ad</strong></span> <span class='ocrx_word' id='word_1_353' title='bbox 2257 4421 2576 4476; x_wconf 82' lang='lat' dir='ltr'><strong>Creatorem</strong></span> <span class='ocrx_word' id='word_1_354' title='bbox 2604 4416 2936 4480; x_wconf 79' lang='lat' dir='ltr'><strong>devinciens,</strong></span> <span class='ocrx_word' id='word_1_355' title='bbox 2965 4425 3250 4485; x_wconf 84' lang='lat' dir='ltr'><strong>postquam</strong></span> <span class='ocrx_word' id='word_1_356' title='bbox 3275 4414 3558 4483; x_wconf 85' lang='lat' dir='ltr'><strong>passiones</strong></span> 
     </span>
    </p>
   </div>
   <div class='ocr_carea' id='block_1_45' title="bbox 298 4507 1879 4601">
    <p class='ocr_par' dir='ltr' id='par_1_45' title="bbox 298 4527 1878 4601">
     <span class='ocr_line' id='line_1_45' title="bbox 298 4527 1878 4601; baseline 0.003 -22"><span class='ocrx_word' id='word_1_357' title='bbox 298 4527 542 4595; x_wconf 78' lang='grc' dir='ltr'><strong>λογικῶν</strong></span> <span class='ocrx_word' id='word_1_358' title='bbox 577 4529 712 4596; x_wconf 75' lang='grc' dir='ltr'><strong>πρὸς</strong></span> <span class='ocrx_word' id='word_1_359' title='bbox 755 4529 845 4582; x_wconf 88' lang='grc' dir='ltr'><strong>τὸν</strong></span> <span class='ocrx_word' id='word_1_360' title='bbox 878 4532 1139 4584; x_wconf 77' lang='grc' dir='ltr'><strong>κτίσαντα</strong></span> <span class='ocrx_word' id='word_1_361' title='bbox 1159 4530 1472 4599; x_wconf 82' lang='grc' dir='ltr'><strong>κτισμάτων</strong></span> <span class='ocrx_word' id='word_1_362' title='bbox 1493 4548 1506 4563; x_wconf 82' lang='grc'><em>’</em></span> <span class='ocrx_word' id='word_1_363' title='bbox 1538 4532 1665 4585; x_wconf 87' lang='grc' dir='ltr'><strong>ὅταν</strong></span> <span class='ocrx_word' id='word_1_364' title='bbox 1696 4533 1878 4601; x_wconf 82' lang='grc' dir='ltr'><strong>μέντοι</strong></span> 
     </span>
    </p>
   </div>
   <div class='ocr_carea' id='block_1_46' title="bbox 1980 4507 3556 4601">
    <p class='ocr_par' dir='ltr' id='par_1_46' title="bbox 1982 4507 3556 4586">
     <span class='ocr_line' id='line_1_46' title="bbox 1982 4507 3556 4586; baseline -0.008 -14"><span class='ocrx_word' id='word_1_365' title='bbox 1982 4534 2047 4572; x_wconf 87' lang='lat' dir='ltr'><strong>ac</strong></span> <span class='ocrx_word' id='word_1_366' title='bbox 2079 4515 2440 4586; x_wconf 79' lang='lat' dir='ltr'><strong>cogitationes</strong></span> <span class='ocrx_word' id='word_1_367' title='bbox 2481 4512 2651 4565; x_wconf 88' lang='lat' dir='ltr'><strong>malas</strong></span> <span class='ocrx_word' id='word_1_368' title='bbox 2674 4508 2884 4564; x_wconf 78' lang='lat' dir='ltr'><strong>fervida</strong></span> <span class='ocrx_word' id='word_1_369' title='bbox 2931 4507 3349 4576; x_wconf 86' lang='lat' dir='ltr'><strong>contpunctione</strong></span> <span class='ocrx_word' id='word_1_370' title='bbox 3398 4520 3556 4572; x_wconf 84' lang='lat' dir='ltr'><strong>supe-</strong></span> 
     </span>
    </p>
   </div>
   <div class='ocr_carea' id='block_1_47' title="bbox 301 4576 1879 4692">
    <p class='ocr_par' dir='ltr' id='par_1_47' title="bbox 301 4576 1879 4692">
     <span class='ocr_line' id='line_1_47' title="bbox 302 4576 1878 4601; baseline 0.004 -6"><span class='ocrx_word' id='word_1_371' title='bbox 302 4576 533 4595; x_wconf 64' lang='lat' dir='ltr'><strong>&quot;&#39;o&quot;&quot;&quot;</strong></span> <span class='ocrx_word' id='word_1_372' title='bbox 585 4576 712 4596; x_wconf 71' lang='lat' dir='ltr'><strong>&quot;.&quot;v</strong></span> <span class='ocrx_word' id='word_1_373' title='bbox 766 4576 839 4582; x_wconf 59' lang='grc' dir='ltr'><strong>’τ’</strong></span> <span class='ocrx_word' id='word_1_374' title='bbox 880 4576 1139 4584; x_wconf 68' lang='grc' dir='ltr'><strong>“””ν””*”</strong></span> <span class='ocrx_word' id='word_1_375' title='bbox 1162 4576 1466 4599; x_wconf 75' lang='lat' dir='ltr'><strong>&quot;&quot;&#39;t&quot;&quot;“&quot;</strong></span> <span class='ocrx_word' id='word_1_376' title='bbox 1540 4576 1661 4585; x_wconf 82' lang='lat'><strong>&quot;&quot;&#39;</strong></span> <span class='ocrx_word' id='word_1_377' title='bbox 1696 4576 1878 4601; x_wconf 81' lang='lat' dir='ltr'><strong>r&#39;&quot;&quot;&#39;</strong></span> 
     </span>
     <span class='ocr_line' id='line_1_48' title="bbox 301 4616 1879 4692; baseline 0.004 -22"><span class='ocrx_word' id='word_1_378' title='bbox 301 4619 415 4670; x_wconf 70' lang='grc' dir='ltr'><strong>τῶν</strong></span> <span class='ocrx_word' id='word_1_379' title='bbox 444 4616 636 4670; x_wconf 78' lang='grc' dir='ltr'><strong>παθῶν</strong></span> <span class='ocrx_word' id='word_1_380' title='bbox 680 4619 772 4671; x_wconf 75' lang='grc' dir='ltr'><strong>καὶ</strong></span> <span class='ocrx_word' id='word_1_381' title='bbox 835 4621 1113 4689; x_wconf 83' lang='grc' dir='ltr'><strong>λογισμῶν</strong></span> <span class='ocrx_word' id='word_1_382' title='bbox 1137 4621 1204 4673; x_wconf 88' lang='grc' dir='ltr'><strong>δι’</strong></span> <span class='ocrx_word' id='word_1_383' title='bbox 1246 4621 1492 4692; x_wconf 77' lang='grc' dir='ltr'><strong>ἐμπύρου</strong></span> <span class='ocrx_word' id='word_1_384' title='bbox 1538 4622 1879 4687; x_wconf 78' lang='grc' dir='ltr'><strong>κατανύξεως</strong></span> 
     </span>
    </p>
   </div>
   <div class='ocr_carea' id='block_1_48' title="bbox 1980 4576 3558 4692">
    <p class='ocr_par' dir='ltr' id='par_1_48' title="bbox 1986 4599 3558 4673">
     <span class='ocr_line' id='line_1_49' title="bbox 1986 4599 3558 4673; baseline -0.012 -6"><span class='ocrx_word' id='word_1_385' title='bbox 1986 4610 2130 4667; x_wconf 73' lang='lat' dir='ltr'><strong>tavit</strong></span> <span class='ocrx_word' id='word_1_386' title='bbox 2161 4607 2359 4663; x_wconf 88' lang='lat' dir='ltr'><strong>oratio.</strong></span> <span class='ocrx_word' id='word_1_387' title='bbox 2413 4605 2660 4673; x_wconf 80' lang='lat' dir='ltr'><strong>Namque</strong></span> <span class='ocrx_word' id='word_1_388' title='bbox 2715 4603 2898 4657; x_wconf 84' lang='lat' dir='ltr'><strong>dedito</strong></span> <span class='ocrx_word' id='word_1_389' title='bbox 2939 4599 3332 4669; x_wconf 79' lang='lat' dir='ltr'><strong>cupiditatibus</strong></span> <span class='ocrx_word' id='word_1_390' title='bbox 3375 4600 3558 4652; x_wconf 83' lang='lat' dir='ltr'><strong>animo</strong></span> 
     </span>
    </p>
   </div>
   <div class='ocr_carea' id='block_1_49' title="bbox 304 4707 1881 4783">
    <p class='ocr_par' dir='ltr' id='par_1_49' title="bbox 304 4707 1881 4783">
     <span class='ocr_line' id='line_1_50' title="bbox 304 4707 1881 4783; baseline 0.004 -23"><span class='ocrx_word' id='word_1_391' title='bbox 304 4707 627 4778; x_wconf 78' lang='grc' dir='ltr'><strong>ύπεραναόῇ</strong></span> <span class='ocrx_word' id='word_1_392' title='bbox 695 4710 763 4762; x_wconf 84' lang='grc' dir='ltr'><strong>τὰ</strong></span> <span class='ocrx_word' id='word_1_393' title='bbox 831 4711 930 4781; x_wconf 79' lang='grc' dir='ltr'><strong>τῆς</strong></span> <span class='ocrx_word' id='word_1_394' title='bbox 976 4712 1163 4781; x_wconf 79' lang='grc' dir='ltr'><strong>εύχῆς.</strong></span> <span class='ocrx_word' id='word_1_395' title='bbox 1209 4712 1300 4781; x_wconf 82' lang='grc' dir='ltr'><strong>Τῷ</strong></span> <span class='ocrx_word' id='word_1_396' title='bbox 1353 4714 1464 4781; x_wconf 69' lang='grc' dir='ltr'><strong>γὰρ</strong></span> <span class='ocrx_word' id='word_1_397' title='bbox 1521 4714 1759 4779; x_wconf 72' lang='grc' dir='ltr'><strong>ἐμπαοεῖ</strong></span> <span class='ocrx_word' id='word_1_398' title='bbox 1802 4715 1881 4783; x_wconf 81' lang='grc' dir='ltr'><strong>νῷ</strong></span> 
     </span>
    </p>
   </div>
   <div class='ocr_carea' id='block_1_50' title="bbox 305 4800 1880 4874">
    <p class='ocr_par' dir='ltr' id='par_1_50' title="bbox 305 4800 1880 4874">
     <span class='ocr_line' id='line_1_51' title="bbox 305 4800 1880 4874; baseline 0.004 -22"><span class='ocrx_word' id='word_1_399' title='bbox 305 4800 576 4868; x_wconf 61' lang='grc' dir='ltr'><strong>ξενωθῆναι</strong></span> <span class='ocrx_word' id='word_1_400' title='bbox 608 4800 700 4852; x_wconf 81' lang='grc' dir='ltr'><strong>τὸν</strong></span> <span class='ocrx_word' id='word_1_401' title='bbox 730 4800 883 4865; x_wconf 83' lang='grc' dir='ltr'><strong>Θεὸν,</strong></span> <span class='ocrx_word' id='word_1_402' title='bbox 909 4802 1191 4857; x_wconf 82' lang='grc' dir='ltr'><strong>ἀδύνατον.</strong></span> <span class='ocrx_word' id='word_1_403' title='bbox 1218 4803 1368 4855; x_wconf 78' lang='grc' dir='ltr'><strong>Ὢσθ⁹</strong></span> <span class='ocrx_word' id='word_1_404' title='bbox 1391 4805 1420 4856; x_wconf 84' lang='grc' dir='ltr'><strong>ό</strong></span> <span class='ocrx_word' id='word_1_405' title='bbox 1446 4802 1568 4867; x_wconf 88' lang='grc' dir='ltr'><strong>νοῦς</strong></span> <span class='ocrx_word' id='word_1_406' title='bbox 1601 4804 1793 4874; x_wconf 79' lang='grc' dir='ltr'><strong>μέχρις</strong></span> <span class='ocrx_word' id='word_1_407' title='bbox 1813 4806 1880 4859; x_wconf 81' lang='grc' dir='ltr'><strong>ἂν</strong></span> 
     </span>
    </p>
   </div>
   <div class='ocr_carea' id='block_1_51' title="bbox 306 4884 1881 4963">
    <p class='ocr_par' dir='ltr' id='par_1_51' title="bbox 306 4884 1881 4963">
     <span class='ocr_line' id='line_1_52' title="bbox 306 4884 1881 4963; baseline 0.006 -24"><span class='ocrx_word' id='word_1_408' title='bbox 306 4888 545 4950; x_wconf 80' lang='grc' dir='ltr'><strong>τοιοῦτος</strong></span> <span class='ocrx_word' id='word_1_409' title='bbox 638 4889 949 4960; x_wconf 82' lang='grc' dir='ltr'><strong>εὐχόμενος,</strong></span> <span class='ocrx_word' id='word_1_410' title='bbox 967 4890 1087 4944; x_wconf 77' lang='grc' dir='ltr'><strong>οὐδὲ</strong></span> <span class='ocrx_word' id='word_1_411' title='bbox 1110 4892 1204 4946; x_wconf 88' lang='grc' dir='ltr'><strong>τοῦ</strong></span> <span class='ocrx_word' id='word_1_412' title='bbox 1225 4892 1405 4956; x_wconf 82' lang='grc' dir='ltr'><strong>ὲλέους</strong></span> <span class='ocrx_word' id='word_1_413' title='bbox 1429 4892 1586 4963; x_wconf 73' lang='grc' dir='ltr'><strong>ἔτυχε</strong></span> <span class='ocrx_word' id='word_1_414' title='bbox 1607 4909 1621 4923; x_wconf 88' lang='grc'><strong>·</strong></span> <span class='ocrx_word' id='word_1_415' title='bbox 1649 4894 1881 4948; x_wconf 76' lang='grc' dir='ltr'><strong>καθόσον</strong></span> 
     </span>
    </p>
   </div>
   <div class='ocr_carea' id='block_1_52' title="bbox 309 4982 1882 5054">
    <p class='ocr_par' dir='ltr' id='par_1_52' title="bbox 309 4982 1882 5054">
     <span class='ocr_line' id='line_1_53' title="bbox 309 4982 1882 5054; baseline 0.001 -17"><span class='ocrx_word' id='word_1_416' title='bbox 309 4982 368 5037; x_wconf 73' lang='grc' dir='ltr'><strong>δὲ</strong></span> <span class='ocrx_word' id='word_1_417' title='bbox 392 4984 504 5036; x_wconf 84' lang='grc' dir='ltr'><strong>τῶν</strong></span> <span class='ocrx_word' id='word_1_418' title='bbox 535 4984 811 5054; x_wconf 82' lang='grc' dir='ltr'><strong>λογισμῶν</strong></span> <span class='ocrx_word' id='word_1_419' title='bbox 840 4986 1118 5039; x_wconf 82' lang='grc' dir='ltr'><strong>ἀνανεύειν</strong></span> <span class='ocrx_word' id='word_1_420' title='bbox 1142 4987 1383 5053; x_wconf 87' lang='grc' dir='ltr'><strong>δύναται,</strong></span> <span class='ocrx_word' id='word_1_421' title='bbox 1439 4987 1582 5041; x_wconf 78' lang='grc' dir='ltr'><strong>κατὰ</strong></span> <span class='ocrx_word' id='word_1_422' title='bbox 1630 4987 1882 5039; x_wconf 84' lang='grc' dir='ltr'><strong>τοσοῦτον</strong></span> 
     </span>
    </p>
   </div>
   <div class='ocr_carea' id='block_1_53' title="bbox 311 5073 1879 5148">
    <p class='ocr_par' dir='ltr' id='par_1_53' title="bbox 311 5073 1879 5148">
     <span class='ocr_line' id='line_1_54' title="bbox 311 5073 1879 5148; baseline 0.003 -22"><span class='ocrx_word' id='word_1_423' title='bbox 311 5075 405 5127; x_wconf 60' lang='grc' dir='ltr'><strong>καὶ⁵</strong></span> <span class='ocrx_word' id='word_1_424' title='bbox 438 5073 532 5127; x_wconf 84' lang='grc' dir='ltr'><strong>τοῦ</strong></span> <span class='ocrx_word' id='word_1_425' title='bbox 570 5074 802 5139; x_wconf 84' lang='grc' dir='ltr'><strong>πένθους</strong></span> <span class='ocrx_word' id='word_1_426' title='bbox 852 5078 1082 5145; x_wconf 87' lang='grc' dir='ltr'><strong>γίνεται.</strong></span> <span class='ocrx_word' id='word_1_427' title='bbox 1112 5078 1418 5146; x_wconf 83' lang='grc' dir='ltr'><strong>Ἀναλόγως</strong></span> <span class='ocrx_word' id='word_1_428' title='bbox 1449 5078 1505 5131; x_wconf 73' lang='grc' dir='ltr'><strong>δὲ</strong></span> <span class='ocrx_word' id='word_1_429' title='bbox 1560 5078 1638 5148; x_wconf 81' lang='grc' dir='ltr'><strong>τῷ</strong></span> <span class='ocrx_word' id='word_1_430' title='bbox 1671 5078 1879 5147; x_wconf 82' lang='grc' dir='ltr'><strong>πένθει,</strong></span> 
     </span>
    </p>
   </div>
   <div class='ocr_carea' id='block_1_54' title="bbox 314 5162 1879 5237">
    <p class='ocr_par' dir='ltr' id='par_1_54' title="bbox 314 5162 1879 5237">
     <span class='ocr_line' id='line_1_55' title="bbox 314 5162 1879 5237; baseline 0.002 -22"><span class='ocrx_word' id='word_1_431' title='bbox 314 5162 409 5215; x_wconf 81' lang='grc' dir='ltr'><strong>καὶ</strong></span> <span class='ocrx_word' id='word_1_432' title='bbox 463 5163 557 5216; x_wconf 87' lang='grc' dir='ltr'><strong>τοῦ</strong></span> <span class='ocrx_word' id='word_1_433' title='bbox 618 5164 802 5227; x_wconf 79' lang='grc' dir='ltr'><strong>ἐλέους</strong></span> <span class='ocrx_word' id='word_1_434' title='bbox 858 5165 962 5233; x_wconf 81' lang='grc' dir='ltr'><strong>τῆς</strong></span> <span class='ocrx_word' id='word_1_435' title='bbox 1005 5167 1406 5237; x_wconf 72' lang='grc' dir='ltr'><strong>παρακλήσεως</strong></span> <span class='ocrx_word' id='word_1_436' title='bbox 1460 5166 1879 5236; x_wconf 80' lang='grc' dir='ltr'><strong>μεταλαγχάνειο</strong></span> 
     </span>
    </p>
   </div>
   <div class='ocr_carea' id='block_1_55' title="bbox 315 5251 1885 5326">
    <p class='ocr_par' dir='ltr' id='par_1_55' title="bbox 315 5251 1885 5326">
     <span class='ocr_line' id='line_1_56' title="bbox 315 5251 1885 5326; baseline 0.004 -23"><span class='ocrx_word' id='word_1_437' title='bbox 315 5253 418 5304; x_wconf 69' lang='grc' dir='ltr'><strong>κᾶν</strong></span> <span class='ocrx_word' id='word_1_438' title='bbox 450 5251 661 5316; x_wconf 89' lang='grc' dir='ltr'><strong>τούτοις</strong></span> <span class='ocrx_word' id='word_1_439' title='bbox 720 5255 1043 5325; x_wconf 78' lang='grc' dir='ltr'><strong>ἑγχρονίσας</strong></span> <span class='ocrx_word' id='word_1_440' title='bbox 1085 5256 1223 5326; x_wconf 76' lang='grc' dir='ltr'><strong>μετὰ</strong></span> <span class='ocrx_word' id='word_1_441' title='bbox 1260 5255 1666 5321; x_wconf 84' lang='grc' dir='ltr'><strong>ταπεινώσεως,</strong></span> <span class='ocrx_word' id='word_1_442' title='bbox 1699 5255 1795 5310; x_wconf 75' lang='grc' dir='ltr'><strong>καὶ</strong></span> <span class='ocrx_word' id='word_1_443' title='bbox 1822 5256 1885 5309; x_wconf 82' lang='grc' dir='ltr'><strong>τὸ</strong></span> 
     </span>
    </p>
   </div>
   <div class='ocr_carea' id='block_1_56' title="bbox 316 5342 1566 5419">
    <p class='ocr_par' dir='ltr' id='par_1_56' title="bbox 316 5342 1566 5419">
     <span class='ocr_line' id='line_1_57' title="bbox 316 5342 1566 5419; baseline 0.003 -20"><span class='ocrx_word' id='word_1_444' title='bbox 316 5342 614 5412; x_wconf 77' lang='grc' dir='ltr'><strong>παθητικὸν</strong></span> <span class='ocrx_word' id='word_1_445' title='bbox 641 5343 787 5399; x_wconf 70' lang='grc' dir='ltr'><strong>ἅπαν</strong></span> <span class='ocrx_word' id='word_1_446' title='bbox 813 5347 1210 5416; x_wconf 78' lang='grc' dir='ltr'><strong>μετασκευάζει</strong></span> <span class='ocrx_word' id='word_1_447' title='bbox 1234 5348 1335 5417; x_wconf 83' lang='grc' dir='ltr'><strong>τῆς</strong></span> <span class='ocrx_word' id='word_1_448' title='bbox 1366 5347 1566 5419; x_wconf 75' lang='grc' dir='ltr'><strong>ψυχῆς.</strong></span> 
     </span>
    </p>
   </div>
   <div class='ocr_carea' id='block_1_57' title="bbox 387 5433 1883 5509">
    <p class='ocr_par' dir='ltr' id='par_1_57' title="bbox 387 5433 1883 5509">
     <span class='ocr_line' id='line_1_58' title="bbox 387 5433 1883 5509; baseline 0.003 -21"><span class='ocrx_word' id='word_1_449' title='bbox 387 5433 452 5503; x_wconf 84' lang='grc' dir='ltr'><strong>β’.</strong></span> <span class='ocrx_word' id='word_1_450' title='bbox 490 5434 660 5489; x_wconf 87' lang='grc' dir='ltr'><strong>Ὅταν</strong></span> <span class='ocrx_word' id='word_1_451' title='bbox 690 5436 752 5490; x_wconf 85' lang='grc' dir='ltr'><strong>τὸ</strong></span> <span class='ocrx_word' id='word_1_452' title='bbox 778 5437 979 5491; x_wconf 80' lang='grc' dir='ltr'><strong>ἑνιατον</strong></span> <span class='ocrx_word' id='word_1_453' title='bbox 1013 5437 1108 5492; x_wconf 89' lang='grc' dir='ltr'><strong>τοῦ</strong></span> <span class='ocrx_word' id='word_1_454' title='bbox 1139 5437 1230 5492; x_wconf 88' lang='grc' dir='ltr'><strong>νοῦ</strong></span> <span class='ocrx_word' id='word_1_455' title='bbox 1257 5439 1480 5509; x_wconf 81' lang='grc' dir='ltr'><strong>γένηται</strong></span> <span class='ocrx_word' id='word_1_456' title='bbox 1500 5439 1739 5509; x_wconf 76' lang='grc' dir='ltr'><strong>τρισσὸν,</strong></span> <span class='ocrx_word' id='word_1_457' title='bbox 1784 5439 1883 5507; x_wconf 82' lang='grc' dir='ltr'><strong>μὲ-</strong></span> 
     </span>
    </p>
   </div>
   <div class='ocr_carea' id='block_1_58' title="bbox 320 5529 1883 5608">
    <p class='ocr_par' dir='ltr' id='par_1_58' title="bbox 320 5529 1883 5608">
     <span class='ocr_line' id='line_1_59' title="bbox 320 5529 1883 5608; baseline 0.003 -29"><span class='ocrx_word' id='word_1_458' title='bbox 320 5544 405 5579; x_wconf 88' lang='grc' dir='ltr'><strong>νον</strong></span> <span class='ocrx_word' id='word_1_459' title='bbox 433 5529 651 5590; x_wconf 80' lang='grc' dir='ltr'><strong>ὲνιαῖον,</strong></span> <span class='ocrx_word' id='word_1_460' title='bbox 703 5531 825 5582; x_wconf 84' lang='grc' dir='ltr'><strong>τότε</strong></span> <span class='ocrx_word' id='word_1_461' title='bbox 878 5531 1205 5584; x_wconf 82' lang='grc' dir='ltr'><strong>συνάπτεται</strong></span> <span class='ocrx_word' id='word_1_462' title='bbox 1236 5534 1304 5602; x_wconf 85' lang='grc' dir='ltr'><strong>τῇ</strong></span> <span class='ocrx_word' id='word_1_463' title='bbox 1333 5531 1595 5608; x_wconf 83' lang='grc' dir='ltr'><strong>θεαρχικῇ</strong></span> <span class='ocrx_word' id='word_1_464' title='bbox 1629 5532 1883 5602; x_wconf 77' lang='grc' dir='ltr'><strong>τριαδικῇ</strong></span> 
     </span>
    </p>
   </div>
   <div class='ocr_carea' id='block_1_59' title="bbox 324 5618 1886 5692">
    <p class='ocr_par' dir='ltr' id='par_1_59' title="bbox 324 5618 1886 5692">
     <span class='ocr_line' id='line_1_60' title="bbox 324 5618 1886 5692; baseline 0.004 -25"><span class='ocrx_word' id='word_1_465' title='bbox 324 5618 528 5683; x_wconf 76' lang='grc' dir='ltr'><strong>μονάδι,</strong></span> <span class='ocrx_word' id='word_1_466' title='bbox 568 5620 748 5672; x_wconf 81' lang='grc' dir='ltr'><strong>πᾶσαν</strong></span> <span class='ocrx_word' id='word_1_467' title='bbox 778 5619 1113 5673; x_wconf 84' lang='grc' dir='ltr'><strong>ἀποκλεῖσαν</strong></span> <span class='ocrx_word' id='word_1_468' title='bbox 1136 5619 1345 5690; x_wconf 84' lang='grc' dir='ltr'><strong>πλάνης</strong></span> <span class='ocrx_word' id='word_1_469' title='bbox 1371 5618 1575 5674; x_wconf 73' lang='grc' dir='ltr'><strong>εἴσοδον</strong></span> <span class='ocrx_word' id='word_1_470' title='bbox 1604 5622 1696 5675; x_wconf 75' lang='grc' dir='ltr'><strong>καὶ</strong></span> <span class='ocrx_word' id='word_1_471' title='bbox 1723 5622 1886 5692; x_wconf 81' lang='grc' dir='ltr'><strong>ὑπερ-</strong></span> 
     </span>
    </p>
   </div>
   <div class='ocr_carea' id='block_1_60' title="bbox 325 5706 1885 5781">
    <p class='ocr_par' dir='ltr' id='par_1_60' title="bbox 325 5706 1885 5781">
     <span class='ocr_line' id='line_1_61' title="bbox 325 5706 1885 5781; baseline 0.006 -26"><span class='ocrx_word' id='word_1_472' title='bbox 325 5706 432 5763; x_wconf 77' lang='grc' dir='ltr'><strong>άνω</strong></span> <span class='ocrx_word' id='word_1_473' title='bbox 460 5707 720 5772; x_wconf 82' lang='grc' dir='ltr'><strong>καθεστὸς</strong></span> <span class='ocrx_word' id='word_1_474' title='bbox 752 5708 974 5778; x_wconf 78' lang='grc' dir='ltr'><strong>σαρκὸς,</strong></span> <span class='ocrx_word' id='word_1_475' title='bbox 1004 5709 1099 5762; x_wconf 69' lang='grc' dir='ltr'><strong>καὶ</strong></span> <span class='ocrx_word' id='word_1_476' title='bbox 1132 5710 1358 5780; x_wconf 72' lang='grc' dir='ltr'><strong>κόσμου,</strong></span> <span class='ocrx_word' id='word_1_477' title='bbox 1392 5713 1483 5763; x_wconf 77' lang='grc' dir='ltr'><strong>καὶ</strong></span> <span class='ocrx_word' id='word_1_478' title='bbox 1513 5714 1885 5781; x_wconf 78' lang='grc' dir='ltr'><strong>κοσμοκράτο-</strong></span> 
     </span>
    </p>
   </div>
   <div class='ocr_carea' id='block_1_61' title="bbox 330 5798 1885 5871">
    <p class='ocr_par' dir='ltr' id='par_1_61' title="bbox 330 5798 1885 5871">
     <span class='ocr_line' id='line_1_62' title="bbox 330 5798 1885 5871; baseline 0.005 -22"><span class='ocrx_word' id='word_1_479' title='bbox 330 5809 434 5861; x_wconf 69' lang='lat' dir='ltr'><strong>pag.</strong></span> <span class='ocrx_word' id='word_1_480' title='bbox 469 5798 574 5852; x_wconf 79' lang='grc' dir='ltr'><strong>Καὶ</strong></span> <span class='ocrx_word' id='word_1_481' title='bbox 601 5798 744 5854; x_wconf 71' lang='grc' dir='ltr'><strong>οὓτω</strong></span> <span class='ocrx_word' id='word_1_482' title='bbox 794 5799 893 5865; x_wconf 74' lang='grc' dir='ltr'><strong>τὰς</strong></span> <span class='ocrx_word' id='word_1_483' title='bbox 926 5798 986 5865; x_wconf 79' lang='grc' dir='ltr'>ἐξ</span> <span class='ocrx_word' id='word_1_484' title='bbox 1038 5800 1216 5854; x_wconf 77' lang='grc' dir='ltr'><strong>αὐτῶν</strong></span> <span class='ocrx_word' id='word_1_485' title='bbox 1251 5800 1419 5864; x_wconf 70' lang='grc' dir='ltr'><strong>λαϐὰς</strong></span> <span class='ocrx_word' id='word_1_486' title='bbox 1453 5800 1713 5871; x_wconf 71' lang='grc' dir='ltr'><strong>διαφυγὸν</strong></span> <span class='ocrx_word' id='word_1_487' title='bbox 1746 5820 1885 5857; x_wconf 87' lang='grc' dir='ltr'><strong>παν-</strong></span> 
     </span>
    </p>
   </div>
   <div class='ocr_carea' id='block_1_62' title="bbox 1984 4690 3553 4771">
    <p class='ocr_par' dir='ltr' id='par_1_62' title="bbox 1984 4690 3553 4771">
     <span class='ocr_line' id='line_1_63' title="bbox 1984 4690 3553 4771; baseline -0.009 -15"><span class='ocrx_word' id='word_1_488' title='bbox 1984 4703 2236 4771; x_wconf 76' lang='lat' dir='ltr'><strong>cmtjttugi</strong></span> <span class='ocrx_word' id='word_1_489' title='bbox 2283 4699 2426 4754; x_wconf 88' lang='lat' dir='ltr'><strong>Deus</strong></span> <span class='ocrx_word' id='word_1_490' title='bbox 2474 4697 2684 4765; x_wconf 84' lang='lat' dir='ltr'><strong>nequit.</strong></span> <span class='ocrx_word' id='word_1_491' title='bbox 2735 4695 2924 4763; x_wconf 80' lang='lat' dir='ltr'><strong>Itaque</strong></span> <span class='ocrx_word' id='word_1_492' title='bbox 2968 4690 3396 4746; x_wconf 79' lang='lat' dir='ltr'><strong>misericordiam</strong></span> <span class='ocrx_word' id='word_1_493' title='bbox 3449 4705 3553 4742; x_wconf 82' lang='lat' dir='ltr'><strong>non</strong></span> 
     </span>
    </p>
   </div>
   <div class='ocr_carea' id='block_1_63' title="bbox 1984 4781 3553 4863">
    <p class='ocr_par' dir='ltr' id='par_1_63' title="bbox 1984 4781 3553 4863">
     <span class='ocr_line' id='line_1_64' title="bbox 1984 4781 3553 4863; baseline -0.012 -13"><span class='ocrx_word' id='word_1_494' title='bbox 1984 4794 2336 4863; x_wconf 83' lang='lat' dir='ltr'><strong>consequitur</strong></span> <span class='ocrx_word' id='word_1_495' title='bbox 2379 4806 2553 4855; x_wconf 85' lang='lat' dir='ltr'><strong>tuens,</strong></span> <span class='ocrx_word' id='word_1_496' title='bbox 2597 4788 2728 4857; x_wconf 88' lang='lat' dir='ltr'><strong>quin</strong></span> <span class='ocrx_word' id='word_1_497' title='bbox 2769 4786 2862 4839; x_wconf 91' lang='lat' dir='ltr'><strong>tali</strong></span> <span class='ocrx_word' id='word_1_498' title='bbox 2942 4792 3096 4837; x_wconf 82' lang='lat' dir='ltr'><strong>vacet</strong></span> <span class='ocrx_word' id='word_1_499' title='bbox 3139 4781 3405 4842; x_wconf 85' lang='lat' dir='ltr'><strong>orationi;</strong></span> <span class='ocrx_word' id='word_1_500' title='bbox 3461 4784 3553 4833; x_wconf 76' lang='lat' dir='ltr'><strong>sed</strong></span> 
     </span>
    </p>
   </div>
   <div class='ocr_carea' id='block_1_64' title="bbox 1982 4868 3552 4955">
    <p class='ocr_par' dir='ltr' id='par_1_64' title="bbox 1982 4868 3552 4955">
     <span class='ocr_line' id='line_1_65' title="bbox 1982 4868 3552 4955; baseline -0.012 -17"><span class='ocrx_word' id='word_1_501' title='bbox 1982 4894 2243 4955; x_wconf 88' lang='lat' dir='ltr'><strong>quantum</strong></span> <span class='ocrx_word' id='word_1_502' title='bbox 2276 4882 2554 4952; x_wconf 88' lang='lat' dir='ltr'><strong>passiones</strong></span> <span class='ocrx_word' id='word_1_503' title='bbox 2583 4890 2833 4946; x_wconf 84' lang='lat' dir='ltr'><strong>respuere</strong></span> <span class='ocrx_word' id='word_1_504' title='bbox 2866 4881 3060 4943; x_wconf 79' lang='lat' dir='ltr'><strong>patest,</strong></span> <span class='ocrx_word' id='word_1_505' title='bbox 3090 4880 3300 4924; x_wconf 88' lang='lat' dir='ltr'><strong>tantum</strong></span> <span class='ocrx_word' id='word_1_506' title='bbox 3339 4868 3552 4924; x_wconf 83' lang='lat' dir='ltr'><strong>contri-</strong></span> 
     </span>
    </p>
   </div>
   <div class='ocr_carea' id='block_1_65' title="bbox 1988 4959 3546 5044">
    <p class='ocr_par' dir='ltr' id='par_1_65' title="bbox 1988 4959 3546 5044">
     <span class='ocr_line' id='line_1_66' title="bbox 1988 4959 3546 5044; baseline -0.013 -13"><span class='ocrx_word' id='word_1_507' title='bbox 1988 4978 2194 5033; x_wconf 89' lang='lat' dir='ltr'><strong>tionent</strong></span> <span class='ocrx_word' id='word_1_508' title='bbox 2222 4974 2458 5044; x_wconf 87' lang='lat' dir='ltr'><strong>acquirit</strong></span> <span class='ocrx_word' id='word_1_509' title='bbox 2484 4987 2500 5037; x_wconf 85' lang='lat'><strong>;</strong></span> <span class='ocrx_word' id='word_1_510' title='bbox 2528 4980 2581 5025; x_wconf 88' lang='lat' dir='ltr'><strong>et</strong></span> <span class='ocrx_word' id='word_1_511' title='bbox 2607 4984 2705 5040; x_wconf 88' lang='lat' dir='ltr'><strong>pro</strong></span> <span class='ocrx_word' id='word_1_512' title='bbox 2730 4965 2942 5021; x_wconf 88' lang='lat' dir='ltr'><strong>ratione</strong></span> <span class='ocrx_word' id='word_1_513' title='bbox 2970 4959 3345 5023; x_wconf 90' lang='lat' dir='ltr'><strong>contritionis,</strong></span> <span class='ocrx_word' id='word_1_514' title='bbox 3385 4960 3546 5011; x_wconf 85' lang='lat' dir='ltr'><strong>mise-</strong></span> 
     </span>
    </p>
   </div>
   <div class='ocr_carea' id='block_1_66' title="bbox 1988 5052 3553 5125">
    <p class='ocr_par' dir='ltr' id='par_1_66' title="bbox 1988 5052 3553 5125">
     <span class='ocr_line' id='line_1_67' title="bbox 1988 5052 3553 5125; baseline -0.012 0"><span class='ocrx_word' id='word_1_515' title='bbox 1988 5070 2240 5125; x_wconf 65' lang='lat' dir='ltr'><strong>ricordiae</strong></span> <span class='ocrx_word' id='word_1_516' title='bbox 2268 5069 2498 5123; x_wconf 90' lang='lat' dir='ltr'><strong>sortitur</strong></span> <span class='ocrx_word' id='word_1_517' title='bbox 2534 5063 2814 5125; x_wconf 85' lang='lat' dir='ltr'><strong>solatium,</strong></span> <span class='ocrx_word' id='word_1_518' title='bbox 2847 5068 2903 5113; x_wconf 91' lang='lat' dir='ltr'><strong>et</strong></span> <span class='ocrx_word' id='word_1_519' title='bbox 2934 5055 3152 5112; x_wconf 87' lang='lat' dir='ltr'><strong>nonnisi</strong></span> <span class='ocrx_word' id='word_1_520' title='bbox 3200 5069 3321 5108; x_wconf 77' lang='lat' dir='ltr'><strong>cum</strong></span> <span class='ocrx_word' id='word_1_521' title='bbox 3370 5053 3423 5107; x_wconf 91' lang='lat' dir='ltr'><strong>in</strong></span> <span class='ocrx_word' id='word_1_522' title='bbox 3471 5052 3553 5106; x_wconf 85' lang='lat' dir='ltr'><strong>bis</strong></span> 
     </span>
    </p>
   </div>
   <div class='ocr_carea' id='block_1_67' title="bbox 1987 5147 3550 5230">
    <p class='ocr_par' dir='ltr' id='par_1_67' title="bbox 1987 5147 3550 5230">
     <span class='ocr_line' id='line_1_68' title="bbox 1987 5147 3550 5230; baseline -0.012 -14"><span class='ocrx_word' id='word_1_523' title='bbox 1987 5159 2380 5230; x_wconf 79' lang='lat' dir='ltr'><strong>perseveravit.</strong></span> <span class='ocrx_word' id='word_1_524' title='bbox 2400 5167 2569 5212; x_wconf 89' lang='lat' dir='ltr'><strong>totant</strong></span> <span class='ocrx_word' id='word_1_525' title='bbox 2599 5166 2815 5223; x_wconf 87' lang='lat' dir='ltr'><strong>quoque</strong></span> <span class='ocrx_word' id='word_1_526' title='bbox 2842 5147 3191 5204; x_wconf 76' lang='lat' dir='ltr'><strong>transformat</strong></span> <span class='ocrx_word' id='word_1_527' title='bbox 3207 5147 3398 5201; x_wconf 64' lang='lat' dir='ltr'><strong>animae</strong></span> <span class='ocrx_word' id='word_1_528' title='bbox 3421 5159 3550 5199; x_wconf 79' lang='lat' dir='ltr'><strong>cou-</strong></span> 
     </span>
    </p>
   </div>
   <div class='ocr_carea' id='block_1_68' title="bbox 1987 5252 2398 5322">
    <p class='ocr_par' dir='ltr' id='par_1_68' title="bbox 1987 5252 2398 5322">
     <span class='ocr_line' id='line_1_69' title="bbox 1987 5252 2398 5322; baseline -0.015 -14"><span class='ocrx_word' id='word_1_529' title='bbox 1987 5252 2398 5322; x_wconf 83' lang='lat' dir='ltr'><strong>cupiscentiam.</strong></span> 
     </span>
    </p>
   </div>
   <div class='ocr_carea' id='block_1_69' title="bbox 2050 5415 3550 5487">
    <p class='ocr_par' dir='ltr' id='par_1_69' title="bbox 2050 5415 3550 5487">
     <span class='ocr_line' id='line_1_70' title="bbox 2050 5415 3550 5487; baseline -0.012 -1"><span class='ocrx_word' id='word_1_530' title='bbox 2050 5433 2106 5486; x_wconf 74' lang='lat'><strong>2.</strong></span> <span class='ocrx_word' id='word_1_531' title='bbox 2130 5431 2264 5487; x_wconf 87' lang='lat' dir='ltr'><strong>Cum</strong></span> <span class='ocrx_word' id='word_1_532' title='bbox 2302 5430 2480 5483; x_wconf 88' lang='lat' dir='ltr'><strong>unitas</strong></span> <span class='ocrx_word' id='word_1_533' title='bbox 2518 5425 2711 5478; x_wconf 89' lang='lat' dir='ltr'><strong>mentis</strong></span> <span class='ocrx_word' id='word_1_534' title='bbox 2745 5421 2883 5478; x_wconf 74' lang='lat' dir='ltr'><strong>facta</strong></span> <span class='ocrx_word' id='word_1_535' title='bbox 2911 5431 2993 5476; x_wconf 90' lang='lat' dir='ltr'><strong>est</strong></span> <span class='ocrx_word' id='word_1_536' title='bbox 3021 5421 3187 5484; x_wconf 86' lang='lat' dir='ltr'><strong>trina,</strong></span> <span class='ocrx_word' id='word_1_537' title='bbox 3241 5430 3346 5471; x_wconf 86' lang='lat' dir='ltr'><strong>una</strong></span> <span class='ocrx_word' id='word_1_538' title='bbox 3387 5415 3550 5470; x_wconf 90' lang='lat' dir='ltr'><strong>simul</strong></span> 
     </span>
    </p>
   </div>
   <div class='ocr_carea' id='block_1_70' title="bbox 1987 5506 3553 5587">
    <p class='ocr_par' dir='ltr' id='par_1_70' title="bbox 1987 5506 3553 5587">
     <span class='ocr_line' id='line_1_71' title="bbox 1987 5506 3553 5587; baseline -0.012 -7"><span class='ocrx_word' id='word_1_539' title='bbox 1987 5537 2300 5587; x_wconf 87' lang='lat' dir='ltr'><strong>remanens,</strong></span> <span class='ocrx_word' id='word_1_540' title='bbox 2358 5529 2490 5575; x_wconf 87' lang='lat' dir='ltr'><strong>tunc</strong></span> <span class='ocrx_word' id='word_1_541' title='bbox 2537 5531 2806 5586; x_wconf 64' lang='lat' dir='ltr'><strong>supremae</strong></span> <span class='ocrx_word' id='word_1_542' title='bbox 2853 5511 3203 5580; x_wconf 76' lang='lat' dir='ltr'><strong>conjungitur</strong></span> <span class='ocrx_word' id='word_1_543' title='bbox 3263 5506 3553 5561; x_wconf 86' lang='lat' dir='ltr'><strong>Trinitatis</strong></span> 
     </span>
    </p>
   </div>
   <div class='ocr_carea' id='block_1_71' title="bbox 1987 5597 3550 5680">
    <p class='ocr_par' dir='ltr' id='par_1_71' title="bbox 1987 5597 3550 5680">
     <span class='ocr_line' id='line_1_72' title="bbox 1987 5597 3550 5680; baseline -0.017 -6"><span class='ocrx_word' id='word_1_544' title='bbox 1987 5617 2206 5680; x_wconf 87' lang='lat' dir='ltr'><strong>unitati,</strong></span> <span class='ocrx_word' id='word_1_545' title='bbox 2224 5626 2550 5680; x_wconf 83' lang='lat' dir='ltr'><strong>omnemque</strong></span> <span class='ocrx_word' id='word_1_546' title='bbox 2570 5609 2799 5664; x_wconf 73' lang='lat' dir='ltr'><strong>ret-ludit</strong></span> <span class='ocrx_word' id='word_1_547' title='bbox 2816 5605 2990 5661; x_wconf 88' lang='lat' dir='ltr'><strong>errori</strong></span> <span class='ocrx_word' id='word_1_548' title='bbox 3017 5602 3183 5662; x_wconf 80' lang='lat' dir='ltr'><strong>viam.</strong></span> <span class='ocrx_word' id='word_1_549' title='bbox 3213 5606 3269 5653; x_wconf 86' lang='lat' dir='ltr'><strong>et</strong></span> <span class='ocrx_word' id='word_1_550' title='bbox 3295 5597 3550 5671; x_wconf 82' lang='lat' dir='ltr'><strong>superior</strong></span> 
     </span>
    </p>
   </div>
   <div class='ocr_carea' id='block_1_72' title="bbox 1988 5687 3554 5771">
    <p class='ocr_par' dir='ltr' id='par_1_72' title="bbox 1988 5687 3554 5771">
     <span class='ocr_line' id='line_1_73' title="bbox 1988 5687 3554 5771; baseline -0.015 -6"><span class='ocrx_word' id='word_1_551' title='bbox 1988 5710 2049 5765; x_wconf 87' lang='lat' dir='ltr'><strong>lit</strong></span> <span class='ocrx_word' id='word_1_552' title='bbox 2082 5721 2269 5771; x_wconf 74' lang='lat' dir='ltr'><strong>carne,</strong></span> <span class='ocrx_word' id='word_1_553' title='bbox 2306 5716 2361 5759; x_wconf 87' lang='lat' dir='ltr'><strong>et</strong></span> <span class='ocrx_word' id='word_1_554' title='bbox 2390 5700 2576 5757; x_wconf 80' lang='lat' dir='ltr'><strong>mundi</strong></span> <span class='ocrx_word' id='word_1_555' title='bbox 2605 5699 2871 5769; x_wconf 87' lang='lat' dir='ltr'><strong>principe.</strong></span> <span class='ocrx_word' id='word_1_556' title='bbox 2906 5694 2974 5748; x_wconf 87' lang='lat' dir='ltr'><strong>Et</strong></span> <span class='ocrx_word' id='word_1_557' title='bbox 3003 5694 3075 5746; x_wconf 91' lang='lat' dir='ltr'><strong>ita</strong></span> <span class='ocrx_word' id='word_1_558' title='bbox 3110 5701 3300 5744; x_wconf 82' lang='lat' dir='ltr'><strong>omnes</strong></span> <span class='ocrx_word' id='word_1_559' title='bbox 3337 5701 3407 5741; x_wconf 80' lang='lat' dir='ltr'><strong>ex</strong></span> <span class='ocrx_word' id='word_1_560' title='bbox 3466 5687 3554 5742; x_wconf 83' lang='lat' dir='ltr'><strong>his</strong></span> 
     </span>
    </p>
   </div>
   <div class='ocr_carea' id='block_1_73' title="bbox 1987 5776 3541 5859">
    <p class='ocr_par' dir='ltr' id='par_1_73' title="bbox 1987 5776 3541 5859">
     <span class='ocr_line' id='line_1_74' title="bbox 1987 5776 3541 5859; baseline -0.018 -2"><span class='ocrx_word' id='word_1_561' title='bbox 1987 5801 2239 5859; x_wconf 80' lang='lat' dir='ltr'><strong>subortas</strong></span> <span class='ocrx_word' id='word_1_562' title='bbox 2268 5796 2392 5852; x_wconf 83' lang='lat' dir='ltr'><strong>mali</strong></span> <span class='ocrx_word' id='word_1_563' title='bbox 2428 5790 2743 5849; x_wconf 82' lang='lat' dir='ltr'><strong>occasioncs</strong></span> <span class='ocrx_word' id='word_1_564' title='bbox 2772 5785 2985 5856; x_wconf 77' lang='lat' dir='ltr'><strong>fugiens</strong></span> <span class='ocrx_word' id='word_1_565' title='bbox 3010 5798 3030 5853; x_wconf 67' lang='grc' dir='ltr'><strong>ί</strong></span> <span class='ocrx_word' id='word_1_566' title='bbox 3058 5783 3113 5835; x_wconf 93' lang='lat' dir='ltr'><strong>in</strong></span> <span class='ocrx_word' id='word_1_567' title='bbox 3162 5779 3338 5848; x_wconf 84' lang='lat' dir='ltr'><strong>seipsa</strong></span> <span class='ocrx_word' id='word_1_568' title='bbox 3386 5785 3441 5832; x_wconf 86' lang='lat' dir='ltr'><strong>et</strong></span> <span class='ocrx_word' id='word_1_569' title='bbox 3484 5776 3541 5829; x_wconf 89' lang='lat' dir='ltr'><strong>itt</strong></span> 
     </span>
    </p>
   </div>
  </div>
