4146 6308
456 458 459 461 _
538 380 674 444 1119

1770 378 2153 439 GREGORU
2216 378 2541 438 PALAM
2956 418 2977 449 ,

3657 360 3805 429 ΗΞοε

532 496 645 552 Deo
663 502 864 559 manet,
895 496 1165 550 internum
1200 494 1517 551 coutbibens
1554 493 1817 562 spiritalis
1873 495 2114 550 exsulta-

2224 499 2456 559 ῖάπασιν,
2483 498 2540 548 ἑν
2571 493 2750 565 ἑαυτῷ
2794 496 2931 560 ἐστι,
2966 495 3060 548 καὶ
3080 492 3158 564 τῷ
3192 492 3333 565 Θεῷ,
3364 493 3464 564 τῆς
3497 496 3779 563 πηγαζού-

535 590 700 645 tiouis
730 588 956 655 fontem,
991 589 1160 643 donec
1195 588 1275 642 sic
1328 601 1435 639 una
1485 585 1598 641 fiat.
1648 583 1734 639 Fit
1777 594 1957 640 autem
2000 600 2105 639 una

536 681 697 737 simul
722 690 777 736 et
818 681 956 733 trina
991 694 1164 741 tuens.
1206 694 1264 733 se
1295 678 1360 732 ad
1395 679 1629 747 seipsam
1660 679 2030 732 convertendo
2050 685 2110 731 et

535 789 632 841 per
663 788 722 826 se
752 773 819 827 ad
854 772 1021 827 Deum
1050 772 1415 826 ascendendo.
1452 773 1521 825 At
1570 772 1856 827 conversio
1906 770 2104 826 mentis

539 865 603 917 ad
634 864 869 932 seipsam
899 873 981 917 est
1007 864 1087 916 sui
1121 865 1399 926 custodia;
1427 861 1544 930 ejus
1589 872 1767 917 autem
1821 863 1888 916 ad
1937 862 2102 916 Deum

537 958 1101 1024 ascensus-originem
1144 956 1297 1010 ducit
1326 958 1395 1010 ab
1423 956 1694 1022 oratione,
1748 966 1804 1011 et
1856 957 2104 1010 oratione

539 1049 756 1117 quidem
782 1063 887 1115 qua
921 1047 972 1099 in
1005 1061 1062 1100 se
1097 1046 1417 1108 reflectitur,
1467 1046 1551 1098 vel
1603 1060 1709 1113 qua
1764 1044 2033 1099 interdum
2081 1060 2111 1099 a

536 1141 715 1209 seipsa
738 1140 871 1203 exit,
903 1141 1044 1208 quod
1073 1149 1154 1192 est
1181 1138 1480 1194 ditﬁcilius.
1516 1137 1573 1192 Si
1606 1138 1727 1207 quis
1754 1147 1933 1190 autem
1955 1138 2111 1206 puri-

542 1234 843 1288 ticetnrhac
861 1231 1054 1286 mentis
1075 1231 1365 1285 reﬂexione
1401 1238 1456 1286 et
1501 1230 1802 1285 elevatione
1832 1230 1897 1283 ad
1924 1230 2113 1289 Deum,

539 1327 590 1378 vi
624 1324 795 1378 valida
822 1325 1024 1394 proprii
1054 1325 1270 1379 divitias
1296 1323 1461 1377 animi
1492 1322 1785 1392 stringens,
1836 1320 2115 1374 intellectu

542 1419 609 1469 ad
645 1417 809 1470 Deum
860 1417 1095 1480 accedit,
1146 1426 1199 1469 et
1243 1413 1535 1469 ineffabilia
1580 1414 1722 1468 dona
1768 1412 2019 1481 percipit,
2062 1419 2119 1464 et

542 1522 703 1561 sensu
730 1508 948 1560 mentali
978 1507 1255 1577 cognoscit
1285 1522 1450 1575 quam
1481 1506 1663 1560 suavis
1712 1507 1785 1561 sit
1829 1503 2116 1565 Dominus.

547 1600 834 1653 sicutdicit
863 1599 1148 1653 Psalmista
1185 1598 1269 1654 ’δι
1301 1617 1318 1650 1
1349 1599 1576 1655 Gustate
1596 1606 1652 1653 et
1674 1595 2118 1664 videteqnoniatn

553 1692 740 1746 suavis
769 1700 853 1747 est
880 1691 1159 1746 Dominus.
1201 1710 1219 1744 1
1260 1692 1507 1746 Invenire
1534 1691 1698 1759 igitur
1732 1697 1966 1742 tuentem
2000 1701 2121 1755 qua:

549 1786 687 1839 trina
718 1786 788 1839 sit
819 1799 884 1839 ac
911 1784 1071 1838 simul
1101 1800 1207 1838 una
1240 1793 1453 1837 maneat
1483 1793 1536 1836 et
1566 1790 1938 1845 conservetur,
1975 1790 2030 1833 et
2064 1779 2115 1831 in

2206 606 2306 660 σης
2344 588 2553 642 ἔνδοθεν
2577 590 2953 658 πνευματικῆς
2978 586 3350 655 ἀγαλλιάσεως
3380 586 3776 649 καταπολαῦον,

2209 681 2399 750 μέχρις
2427 679 2493 732 ἀν
2529 678 2769 732 τοιοῦτον
2886 678 3098 732 Γίνεται
3116 677 3183 730 δὲ
3234 677 3295 730 τὸ
3325 677 3526 730 ἐνιαῖον
3566 677 3658 730 τοῦ
3686 676 3779 728 νοῦ

2161 831 2166 834 _
2204 772 2425 843 τρισσὸν
2448 771 2607 840 μένον
2632 772 2830 825 ὲνιαῖον
2859 773 2917 824 ὲν
2946 772 3011 841 τῇ
3043 770 3179 840 πρὸς
3202 770 3395 823 ἑαυτὸν
3424 770 3658 838 στροφῇ,
3685 771 3785 821 καὶ

2205 868 2272 936 τῇ
2310 864 2375 918 δι’
2402 864 2592 918 ἑαυτοῦ
2663 863 2799 934 πρὸς
2846 862 2977 916 Θεὸν
3007 862 3197 933 ἀνόδῳ.
3241 862 3305 915 Ἠ
3329 861 3386 914 δὲ
3420 860 3558 931 πρὸς
3591 861 3785 914 ἑαυτὸν

2209 957 2440 1028 στροφὴ»
2474 955 2569 1009 τοῦ
2612 954 2724 1020 νοῦ,
2755 953 2949 1008 ἑαυτοῦ
2991 953 3226 1023 τήρησίς
3266 954 3436 1018 ἐστιν,
3469 954 3503 1023 ἡ
3540 950 3598 1004 δὲ
3642 953 3785 1023 πρὸς

2206 1048 2298 1101 τὸν
2347 1047 2481 1100 Θεὸν
2539 1046 2722 1108 ἄνοδος
2781 1043 2970 1112 αὑτοῦ,
3017 1042 3084 1097 δι’
3115 1042 3280 1114 εὐχῆς
3324 1042 3424 1113 μὲν
3475 1043 3784 1111 ἐνεργεῖται

2208 1140 2509 1211 τηναρχὴν,
2540 1139 2706 1209 εὐχῆς
2740 1138 2796 1191 δὲ
2845 1135 3313 1207 συνεπτυγμένης,
3347 1135 3464 1190 ἔστι
3501 1135 3547 1187 δ’
3568 1135 3658 1189 ὅτε
3689 1138 3787 1189 καὶ

2209 1231 2680 1302 διεξοδικωτέρας,
2700 1230 2729 1283 ὃ
2759 1231 2854 1285 καὶ
2883 1231 3306 1301 ἐργωδέστερον.
3336 1228 3436 1284 Ἂν
3466 1230 3524 1282 δὲ
3556 1230 3787 1298 διακαρ-

2209 1328 2342 1396 τερῇ
2369 1343 2450 1388 τις
2481 1325 2539 1377 ὲν
2565 1325 2629 1394 τῇ
2670 1323 2764 1376 τοῦ
2798 1322 2888 1378 νοῦ
2922 1323 3097 1394 ταύτῃ
3126 1322 3412 1388 συνελίξει,
3433 1322 3530 1377 καὶ
3556 1325 3622 1392 τῇ
3650 1323 3789 1391 πρὸς

2211 1419 2274 1472 τὸ
2298 1419 2452 1473 Θεῖον
2481 1419 2761 1482 ἀνατάσει,
2796 1417 2887 1489 βίᾳ
2942 1417 3137 1487 ίσχυρᾷ
3163 1415 3223 1469 τὸ
3249 1415 3655 1485 πολυπόρευτον
3687 1414 3788 1480 τῆς

2212 1510 2450 1575 διανοίας
2476 1512 2644 1581 ἀγχον
2695 1511 2796 1576 τῆς
2841 1509 3068 1571 οἰκείας,
3114 1507 3317 1578 νοερῶς
3371 1506 3663 1577 πλησιάζει
3710 1505 3793 1577 τῷ

2214 1605 2355 1674 Θεῷ,
2390 1604 2484 1658 καὶ
2529 1602 2789 1673 τυγχάνει
2817 1601 2927 1655 τῶν
2992 1601 3270 1673 ἀρρήτων,
3318 1599 3410 1652 καὶ
3438 1584 3654 1666 γεύετᾶι
3695 1598 3791 1651 τοῦ

2220 1697 2508 1768 μέλλοντος
2542 1694 2758 1760 αἰῶνος,
2789 1693 2883 1747 καὶ
2920 1693 3170 1762 αἰσθήσει
3204 1693 3366 1762 νοερᾷ
3396 1692 3675 1759 γινώσκει,
3710 1692 3794 1744 ὅτι

2217 1789 2450 1860 χρηστὸς
2498 1790 2526 1842 ὁ
2556 1786 2780 1855 Κύριος,
2821 1785 3072 1855 καθάπερ
3105 1786 3199 1837 καὶ
3225 1785 3254 1837 ὁ
3290 1782 3597 1851 Ψαλμῳδός
3628 1798 3791 1852 φησι*

549 1879 652 1931 hac
686 1879 935 1931 custodia
966 1883 1108 1941 oret,
1141 1890 1246 1929 non
1277 1885 1360 1928 est
1394 1873 1683 1928 admodum
1712 1870 1965 1947 difﬁcile;
2020 1869 2115 1924 sed

2224 1846 2579 1942 2"fedsacﬂe,
2632 1846 2916 1931 καῖ’ῖδετε
2966 1846 3054 1930 sti
3076 1875 3312 1947 Χριστὸς
3343 1876 3371 1928 ὀ
3406 1846 3652 1944 Κῦριος.⁷
3673 1846 3703 1926 1⁷
3725 1875 3798 1926 Τὸ

552 1968 634 2022 :liu
667 1983 1015 2037 perseverare
1057 1968 1110 2020 in
1144 1967 1249 2020 hoc
1282 1975 1427 2020 statu
1479 1963 1768 2018 ineﬂabilia
1823 1962 1962 2016 dona
2016 1961 2124 2013 lar-

544 2061 745 2128 giente,
769 2059 1266 2114 estdiflicillimutn.
1307 2057 1498 2112 Omnis
1530 2057 1674 2109 enim
1739 2053 1877 2106 alius
1908 2052 2124 2105 virtutis

548 2147 728 2214 labor,
769 2148 893 2202 huic
921 2158 1294 2218 comparatus,
1330 2160 1527 2215 parvus
1555 2157 1639 2199 est
1663 2152 1721 2197 et
1779 2143 1940 2197 facile
1994 2141 2122 2196 tole-

552 2240 759 2292 rabilis.
790 2239 913 2293 ldeo
946 2241 1096 2293 multi
1130 2242 1392 2293 orationis
1441 2235 1627 2291 virtuti
1671 2235 1741 2289 ob
1782 2234 1901 2303 ejus
1951 2249 2123 2303 angu-

545 2332 704 2385 stiam
738 2335 1138 2398 renuntiantes,
1163 2332 1503 2386 latitudinem
1546 2328 1938 2382 charismatum
1974 2325 2121 2380 haud

544 2432 989 2494 consequuntur;
1041 2424 1137 2479 sed
1184 2437 1280 2477 eos
1322 2421 1412 2488 qui
1458 2428 1833 2489 perseverant,
1887 2417 2126 2487 majores

547 2519 854 2588 θείῳ-1111111
890 2525 1131 2583 manent,
1167 2531 1287 2585 quae
1320 2514 1504 2586 gravia
1535 2514 1806 2583 patienter
1860 2511 2121 2575 ferentes,

545 2629 671 2667 cum
707 2612 906 2682 gaudio
936 2612 1002 2664 ad
1040 2610 1368 2679 perfectiora
1402 2607 1847 2676 progrediuntur,
1882 2601 2122 2657 difﬁcilia

548 2705 843 2760 reddentes
877 2703 1149 2764 faciliora,
1181 2710 1234 2755 et
1262 2700 1460 2754 animae
1485 2707 1686 2753 nostrre
1712 2695 2040 2763 angelicam,
2067 2705 2126 2748 ut

548 2799 622 2852 ita
674 2796 931 2861 dixerim,
1007 2797 1198 2848 dantes
1251 2790 1609 2860 aptitndiuetn
1672 2786 2125 2855 supernatnrales

546 2886 908 2957 participandi
957 2885 1126 2949 vires,
1150 2885 1304 2951 juxta
1339 2881 1469 2935 illttd
1490 2880 1773 2948 Propheta:
1801 2879 2078 2933 oraculum
2108 2895 2124 2935 ι

550 3000 572 3031 1
605 2978 707 3044 Qui
738 2985 981 3046 sperant,
1019 2987 1356 3030 assumentcs
1393 2988 1617 3040 pennas,
1657 2971 1943 3024 mutabunt
1972 2969 2126 3024 forti-

549 3074 792 3126 tudinem
832 3071 895 3123 “.
938 3087 957 3120 1

2223 1974 2322 2045 μὲν
2346 1968 2440 2027 οῦν
2460 1973 2683 2043 τρισσὸν
2709 1972 2890 2040 εὑρεῖν
2930 1968 3024 2022 τὸν
3051 1968 3199 2029 νοῦν,
3229 1968 3322 2021 τὸν
3352 1967 3514 2021 αὐτον
3539 1968 3671 2019 ὅντα
3698 1966 3795 2035 p.6-

2219 2083 2308 2119 νον
2341 2064 2615 2135 τηροῦντα
2650 2062 2742 2115 καὶ
2776 2060 3132 2132 τηρούμενον,
3174 2058 3269 2113 stati.
3298 2058 3593 2128 εὐχόμενον
3639 2058 3697 2109 ἐν
3728 2059 3794 2127 τῇ

2221 2157 2472 2227 τηρήσει,
2497 2155 2557 2208 οὐ
2581 2154 2702 2208 λίαν
2731 2156 2862 2216 ίσως
2889 2152 3172 2223 δυσχερὲς,
3190 2151 3252 2203 τὸ
3277 2150 3332 2203 δὲ
3365 2149 3575 2220 μακρὸν
3605 2149 3797 2220 χρόνον

2223 2250 2281 2301 ὲν
2304 2247 2480 2317 ταύτῃ
2534 2249 2600 2316 τῇ
2643 2245 2976 2299 καταστάσει
3012 2244 3353 2315 καρτερῆσαι
3398 2244 3464 2312 τῇ
3503 2243 3793 2311 γεννητικῇ

2224 2341 2333 2394 τῶν
2389 2338 2739 2409 ἀπορρήτων,
2775 2335 3201 2407 δυσχερέστατον
3259 2334 3334 2396 ὡς
3384 2333 3642 2403 μάλιστα.
3686 2331 3797 2393 Πᾶς

2225 2433 2334 2501 γάρ
2388 2431 2548 2492 πόνος
2597 2424 2763 2499 άλλης
2793 2429 3014 2498 ἀρετῆς,
3057 2427 3273 2499 μικρὸς,
3310 2428 3405 2481 καὶ
3433 2425 3797 2497 φορητότατος

2229 2520 2652 2591 συγκρινόμενος
2701 2518 2837 2590 πρὸς
2887 2518 3096 2572 τοῦτον.
3130 2517 3220 2571 Διὸ
3242 2517 3336 2570 καὶ
3365 2516 3554 2569 πολλοὶ
3582 2517 3720 2587 πρὸς
3740 2517 3799 2568 τὸ

2226 2613 2327 2684 τῆς
2370 2612 2630 2682 εὐκτικῆς
2667 2611 2871 2681 ἀρετῆς
2916 2611 3281 2680 ἐστενωμένον
3328 2608 3674 2674 ἀπειπόντες,
3708 2607 3799 2661 τοῦ

2230 2704 2464 2763 πλάτους
2491 2702 2604 2755 τῶν
2636 2700 2991 2771 χαρισμάτων
3022 2700 3122 2753 οὐκ
3168 2699 3649 2768 ἐπιτυγχάνουσιν,
3670 2700 3803 2752 ἀλλά

2230 2796 2356 2858 τοὺς
2381 2794 2776 2863 ὑπομένοντας,
2811 2789 3034 2861 μείζους
3083 2790 3395 2862 ἀντιλήψεις
3440 2790 3585 2844 θεῖαι
3618 2792 3805 2845 ὑποδέ-

2198 2905 2441 2958 -χονται,
2497 2887 2591 2938 καὶ
2637 2884 3092 2949 διαϐαστάζουσαι
3138 2885 3233 2936 καὶ
3265 2882 3654 2953 ὑπανέχουσαι,
3687 2882 3802 2953 μεθ’

2234 2977 2427 3048 ἡδονῆς
2457 2976 2550 3029 ἐπὶ
2572 2974 2641 3029 τὰ
2670 2974 2860 3046 πρόσω
2905 2972 3354 3044 προὸιόάζουσιν,
3392 2974 3805 3044 ἀνυσιμωτέραν

2237 3073 2330 3141 τὴν
2362 3072 2689 3125 δυσάνυστον
2718 3069 2992 3137 ποιοῦσαι,
3015 3068 3112 3123 καὶ
3149 3069 3468 3139 ἀγγελικὴν,
3496 3067 3569 3132 ὡς
3609 3071 3804 3133 εἰπεῖν,

564 3164 860 3217 ἐντιθεῖσαι
887 3165 1336 3236 ἐπιτηδειότητα,
1363 3165 1464 3233 τὴν
1493 3164 1655 3235 ἡμῶν
1686 3163 1851 3233 φύσιν
1880 3168 1994 3228 τοῖς
2038 3165 2180 3235 ὑπὲρ
2213 3166 2378 3233 φύσιν
2413 3166 2629 3235 ὁμιλεῖν
2680 3168 3047 3241 ὲνδυναμοῦσι
3093 3174 3237 3229 κατά
3261 3179 3324 3234 τὸ
3374 3175 3671 3246 είρημένον
3698 3176 3803 3232 ὑπὸ

561 3258 990 3346 τοζραπροφήτου,
1022 3262 1105 3316 ὅτι
1139 3281 1159 3315 1
1195 3262 1260 3323 Οί
1290 3261 1655 3332 ὑπομένοντες
1688 3265 2197 3333 πτεροφυήσουσιν.
2222 3260 2551 3326 maguum
2585 3263 2763 3335 ίσχύν.
2804 3282 2828 3320 1

631 3362 693 3415 ’5.
733 3358 886 3414 Mens
913 3360 1111 3415 dicitur
1160 3368 1218 3414 et
1264 3358 1462 3415 mentis
1498 3359 1748 3430 operatio
1803 3368 2058 3414 constare
2085 3358 2141 3413 in

565 3454 703 3511 ideis
744 3470 808 3509 ac
862 3453 1321 3522 cogitationibus;
1376 3463 1430 3508 et
1482 3468 1637 3508 mens
1685 3452 1769 3507 εει
1823 3454 1989 3508 etiam
2047 3458 2145 3509 has

564 3560 799 3615 eperans
838 3547 1084 3611 virtutes,
1137 3562 1257 3615 quae
1298 3556 1355 3600 et
1406 3562 1502 3602 cor
1527 3546 1728 3602 dicitur
1760 3562 1789 3601 a
1837 3548 2142 3615 Scriptura.

570 3637 880 3690 Secundum
966 3639 1109 3689 hanc.
1176 3637 1721 3702 congruentissimam
1820 3635 2140 3692 facultatum

571 3728 774 3781 mentis
818 3737 1018 3781 nostra:
1045 3728 1390 3794 divisionem,
1421 3744 1547 3799 pars
1593 3729 1872 3784 rationalis
1900 3740 1985 3785 est
2017 3722 2146 3798 Ope.

571 3820 711 3873 ratio
746 3821 941 3873 mentis
974 3821 1026 3874 in
1063 3821 1367 3877 ratiociniis
1412 3838 1507 3877 seu
1554 3823 1972 3894 cogitationibus
2007 3841 2141 3879 cott-

568 3911 788 3974 sistens,
820 3926 939 3979 qua:
969 3912 1105 3966 [lunt
1133 3912 1185 3966 in
1217 3916 1490 3976 oratione,
1519 3918 1821 3984 praesertim
1844 3917 2143 3987 soliloqnii.

569 4003 638 4058 Et
668 4005 884 4073 quidem
933 4023 1089 4062 mens
1146 4007 1307 4063 facile
1364 4010 1712 4079 pnriticatnr;
1762 4019 1840 4066 at.
1876 4027 2144 4083 generatis

570 4098 934 4167 cogitationes
962 4101 1203 4170 potentia
1242 4104 1492 4156 tnundari
1531 4104 1738 4173 nequit,
1778 4105 1882 4158 nisi
1919 4116 1973 4160 et
2019 4106 2141 4159 alia

567 4206 759 4246 omnes
789 4201 1089 4262 purgentur
1128 4194 1323 4248 animae
1357 4195 1518 4248 vires.
1555 4193 1804 4265 Namque
1834 4197 2015 4251 anima
2057 4205 2142 4252 est

571 4297 674 4335 nua
728 4298 815 4337 res
859 4284 1039 4338 multis
1094 4285 1318 4355 praedita
1370 4285 1722 4342 facultatibus
1768 4304 1784 4343 :
1823 4298 1933 4341 tota
1980 4288 2143 4358 igitur

571 4368 897 4439 maculatur,
952 4391 981 4429 a
1035 4376 1274 4443 qualibet
1310 4379 1671 4445 potentiarutn
1709 4378 1829 4448 ejus
1874 4378 2143 4434 inoriatur

571 4466 795 4530 malum,
831 4475 884 4518 et
916 4467 1186 4520 universae
1232 4467 1285 4520 itt
1323 4470 1486 4521 unat‘n
1517 4470 1830 4523 coalescunt
1855 4470 1925 4525 ob
1954 4471 2138 4525 unita~

2302 3383 2373 3448 γ’.
2408 3380 2551 3444 Νοῦς
2572 3379 2790 3447 λέγεται
2818 3377 2912 3432 καὶ
2947 3378 2981 3449 η
3010 3376 3104 3431 τοῦ
3135 3376 3229 3429 νοῦ
3283 3376 3534 3447 ἐνέργεια
3564 3377 3623 3426 ὲν
3663 3375 3808 3440 λογιο

2238 3477 2393 3545 σμοῖς
2453 3472 2838 3541 συνισταμένη.
2876 3473 2968 3524 καὶ
3023 3473 3257 3540 νοήμασι
3278 3482 3293 3499 ⁶
3341 3468 3465 3530 νοῦς
3499 3470 3618 3521 ἐστι
3648 3469 3743 3520 ml.
3774 3470 3804 3535 ὴ

2237 3565 2536 3634 ἐνεργοῦσα
2560 3563 2731 3617 ταῦτα
2759 3563 3010 3632 δύναμις,
3041 3563 3161 3632 ἥτις
3197 3561 3294 3613 καὶ
3334 3558 3528 3630 καρδία
3563 3558 3810 3611 καλεῖται

2237 3660 2391 3730 παρὰ
2424 3659 2523 3728 τῆς
2555 3655 2801 3726 Γραφῆς.
2853 3654 2991 3709 Καθ’
3020 3653 3085 3724 ἣν
3138 3653 3484 3723 κυριωτάτην
3513 3650 3678 3705 οὖσαν
3702 3651 3810 3702 τῶν

2239 3752 2296 3803 ὲν
2341 3750 2475 3820 ἡμῖν
2526 3748 2826 3827 δυνάμεων,
2884 3747 3075 3816 λογική
3117 3746 3263 3798 ἐστιν
3313 3747 3347 3814 ἡ
3386 3746 3446 3797 ὲν
3476 3745 3614 3814 ἡμῖν
3641 3742 3807 3812 ψυχὴ.

2239 3843 2411 3912 ἤγουν
2437 3840 2496 3893 ἐν
2521 3839 2802 3908 λογισμοῖς
2827 3838 3073 3907 ἐνέργεια
3097 3834 3192 3889 τοῦ
3215 3834 3330 3900 νοῦ,
3350 3836 3463 3898 τοῖς
3486 3830 3810 3904 σχολάσασιν

2240 3932 2298 3985 ἐν
2315 3933 2613 4003 προσευχῇ,
2642 3931 2737 3984 καὶ
2770 3929 3005 3999 μάλιστα
3047 3926 3430 3999 μονολογίστῳ,
3458 3924 3807 3986 καθίσταται.

2243 4024 2337 4078 καὶ
2374 4021 2697 4092 καθαίρεται
2752 4020 2968 4092 ῥᾳδίως,
3008 4021 3042 4090 ἡ
3080 4019 3137 4073 δὲ
3168 4017 3413 4088 γεννῶσα
3435 4016 3643 4087 ταύτην
3659 4013 3812 4068 δύνα-

2248 4135 2359 4184 μις,
2385 4117 2486 4170 οὐκ
2509 4115 2578 4170 ἂν
2603 4111 2927 4185 καθαρθείη,
2958 4113 3006 4167 εἰ
3041 4111 3118 4184 μὴ
3143 4114 3237 4165 καὶ
3266 4112 3320 4165 αί
3339 4109 3496 4164 ἄλλαι
3512 4110 3614 4180 τῆς
3635 4106 3811 4178 ψυχῆς

2236 4210 2494 4278 δυνάμεις
2555 4209 2770 4260 πᾶσαιο
2828 4204 2924 4257 καὶ⁸
2973 4205 3082 4274 γὰρ
3148 4203 3208 4257 ἓν
3266 4204 3381 4256 ἐστι
3436 4201 3810 4269 πολυδύναμον

2238 4299 2469 4369 πράγμᾳ,
2501 4299 2534 4367 ἡ
2566 4298 2712 4367 ψυχή
2736 4309 2752 4324 ο
2781 4295 3069 4363 μολύνεται
3117 4294 3296 4349 τοίνυν
3342 4292 3460 4360 ὅλη,
3492 4292 3691 4355 κακίας
3720 4293 3811 4358 ἔτ’

2238 4393 2616 4463 γεγενημένης
2640 4390 2734 4460 ἀφ’
2782 4388 3103 4460 ἡστινοσοῦν
3125 4388 3233 4442 τῶν
3257 4389 3317 4440 ὲν
3343 4387 3480 4457 αὐτῇ
3506 4386 3809 4456 δυνάμεων,

2237 4485 2331 4539 καὶ
2344 4483 2663 4537 κοινωνοῦσι
2684 4483 2857 4536 πᾶσαι
2875 4481 2974 4552 τῆς
3014 4482 3140 4550 μιᾶς
3168 4479 3248 4548 τῷ
3272 4478 3461 4548 ένιαίῳ
3488 4477 3588 4546 τῆς
3610 4478 3809 4547 ψυχῆς.

572 4569 679 4612 tem
731 4559 944 4610 animae.
990 4556 1126 4622 Quia
1162 4573 1290 4611 vero
1319 4574 1657 4629 unaquaeque
1692 4559 1923 4617 facultas
1956 4564 2128 4618 diver-

2419 4535 2428 4537 —
2550 4535 2564 4537 —
2585 4574 2790 4646 ἑκάστη
2823 4535 2941 4626 τῶν,
2955 4535 3258 4640 ⁷δυνάμεων
3290 4535 3554 4639 διάφορον.

568 4661 682 4700 sam
721 4645 884 4699 habet
915 4647 1304 4715 operationem,
1340 4659 1518 4717 potest
1554 4650 1826 4704 interdum
1860 4652 2128 4721 diligentia

2234 4666 2333 4738 τὴν
2377 4666 2682 4735 ἐνέργειαν,
2733 4645 2812 4718 ἔνι
2849 4662 2918 4717 δι’
2968 4660 3288 4730 ἐπιμελείας
3342 4660 3471 4731 μίαν
3527 4660 3814 4730 ἡντιναοῦν

567 4746 949 4808 quamcunque
1003 4740 1250 4793 mandari
1286 4743 1353 4795 ad
1401 4750 1616 4811 tempus
1660 4745 2056 4813 operationem,
2084 4757 2128 4801 al

2236 4756 2578 4828 καθαρθῆναι
2631 4754 2769 4827 πρὸς
2830 4752 3019 4822 καιρὸν
3074 4751 3390 4822 ἐνέργειαν
3429 4747 3546 4803 ἀλλ’
3576 4749 3700 4819 οὐχὶ
3725 4749 3815 4801 διά

571 4851 678 4888 111111
732 4834 934 4889 idcirco
992 4851 1126 4904 pura
1178 4836 1284 4890 erit
1331 4837 1447 4906 ipsa
1497 4841 1760 4906 potentia,
1796 4842 2140 4909 quze'potius

574 4928 770 4981 munda
803 4935 884 4981 est
918 4927 999 4981 vel
1048 4928 1323 4983 immunda
1358 4936 1630 4998 quatenus
1671 4947 1791 4985 cum
1838 4931 1960 4986 aliis
1989 4948 2145 5001 cotu-

571 5019 834 5073 mnnicat.
868 5018 1162 5088 Propterea
1207 5021 1297 5088 qui
1337 5022 1603 5077 orationis
1639 5023 1818 5077 studio
1857 5024 2146 5078 mundarit

571 5110 940 5177 operationem
985 5110 1208 5175 mentis,
1246 5120 1299 5165 et
1339 5111 1428 5166 cui
1463 5114 1529 5166 ad
1561 5127 1870 5167 mensuram
1917 5104 2143 5184 effulget

571 5203 655 5257 vel
704 5203 949 5259 scientia:
994 5204 1081 5258 lux
1114 5205 1196 5259 vel
1236 5204 1612 5260 intellectualis
1653 5206 1964 5274 illustratio,
2003 5210 2045 5262 si
2081 5221 2140 5263 se

572 5296 695 5350 ideo
727 5309 915 5363 purum
941 5309 1063 5349 esse
1092 5294 1408 5361 arbitretur,
1440 5306 1611 5359 errat,
1635 5307 1690 5349 et
1718 5296 1952 5363 seipsutn
1987 5298 2140 5351 deci-

572 5386 673 5455 pit,
717 5397 773 5440 et
797 5400 891 5440 sua
925 5375 1177 5452 superbia
1214 5385 1289 5438 illi
1312 5385 1404 5454 qui
1435 5384 1621 5439 fallere
1650 5400 1866 5454 semper
1899 5385 2139 5452 molitur,

575 5478 736 5530 latam
773 5476 1147 5545 aperitcontra
1174 5491 1233 5530 se
1258 5478 1507 5544 januam.
1543 5476 1598 5532 Si
1635 5493 1762 5532 vero
1789 5479 1970 5535 sciens
2018 5496 2142 5550 pro—

576 5570 744 5636 priam
809 5570 1230 5633 immunditiam,
1282 5584 1386 5623 non
1448 5570 1729 5639 superbiat
1771 5571 1984 5627 modica
2049 5572 2137 5629 illa

574 5647 924 5730 purgatione,
985 5662 1097 5715 hzec
1154 5663 1203 5716 ei
1256 5664 1497 5730 prodest,
1556 5674 1612 5717 et
1659 5664 1889 5719 aliarum
1946 5666 2137 5721 animm

649 5843 689 5876 ιδ
729 5844 872 5903 Psd.
906 5862 1096 5914 xxxut,
1128 5846 1180 5904 9.
1264 5847 1306 5879 ⁸⁸
1329 5848 1433 5904 lsa.
1464 5864 1548 5917 ιιι,
1582 5849 1671 5904 51.

2233 4849 2392 4903 τοῦτο
2420 4849 2515 4901 καὶ
2541 4849 2571 4916 ἡ
2600 4847 2833 4916 δύναμις
2854 4845 3013 4899 ἔσται
3056 4843 3295 4915 καθαρά·
3333 4840 3670 4897 κοινωνοῦσα
3704 4841 3815 4909 γὰρ

2232 4943 2351 5003 ταῖς
2403 4939 2612 5003 ἄλλαις,
2660 4937 2861 5007 μᾶλλον
2916 4936 2983 4991 ἂν
3033 4936 3120 5006 εῐη
3146 4932 3534 5006 ἀκάθαρτος,ἢ
3571 4931 3811 4999 καθαρά.

2232 5031 2343 5097 Διὸ,
2393 5033 2421 5085 ό
2487 5029 2578 5084 διὰ
2619 5030 2719 5100 τῆς
2770 5028 2913 5082 κατά
2981 5027 3081 5097 τὴν
3137 5024 3449 5097 προσευχὴν
3489 5025 3813 5093 ἐπιμελείας

2232 5123 2481 5193 καθάρας
2539 5124 2637 5192 τὴν
2688 5120 2972 5190 ἐνέργειαν
3028 5118 3126 5172 τοῦ
3174 5118 3306 5184 νοῦ,
3356 5118 3451 5170 καὶ
3517 5115 3812 5185 φωτισθεὶς

2237 5212 2549 5281 μετρίως,ἢ
2594 5211 2731 5280 φωτὶ
2779 5210 3055 5277 γνώσεως,
3101 5209 3134 5279 ἢ
3175 5208 3269 5262 καὶ
3311 5208 3474 5276 νοερᾷ
3500 5204 3811 5272 ἐλλάμψει·

2232 5303 2327 5354 ἐὰν
2353 5302 2452 5371 μὲν
2481 5302 2568 5355 διὰ.
2621 5300 2778 5354 τοῦτο
2828 5299 3237 5369 κεκαθαρμένον
3277 5299 3470 5351 ἑαυτὸν
3501 5297 3807 5367 λογίσηται,

2235 5394 2500 5446 πλανᾶται
2552 5391 2746 5446 ἑαυτοῦ
2786 5391 3277 5461 καταψευδόμενος,
3324 5391 3419 5445 καὶ
3448 5389 3538 5444 διὰ
3562 5390 3663 5460 τῆς
3694 5390 3809 5457 οἰή-

2235 5499 2392 5545 σεως,
2424 5483 2502 5551 τῷ
2550 5482 2758 5554 πλανᾷν
2791 5483 2879 5535 ἀεὶ
2912 5481 3281 5553 ἐπιχειροῦντι
3322 5482 3497 5552 θύραν
3524 5482 3806 5549 ἀνοίγνυσι

2235 5576 2354 5627 καθ’
2391 5573 2588 5629 ἑαυιεοῦ
2638 5574 2902 5642 μεγάλην.
2968 5572 3066 5625 Ἂν
3117 5573 3176 5626 δὲ
3242 5573 3397 5636 εἰδὼς
3444 5572 3545 5641 τὴν
3598 5575 3809 5626 οἰκείαν

2236 5665 2533 5735 καρδιακῇν
2591 5662 2970 5730 ἀκαθαρσίαν,
3030 5662 3102 5731 μὴ
3164 5663 3426 5732 ἐπαρθείη
3482 5666 3546 5733 τῇ
3608 5664 3808 5733 μετρία
