4146 6308
348 345 484 416 1121
584 360 585 363 “

1242 350 1540 423 ῈᾹΡΙΤΑ,
1578 348 1930 423 PHYSICA,
1978 344 2484 415 THEOLOCICA,
2520 340 2679 403 ETC.

3453 342 3604 427 119.2,

334 470 517 543 ἐκείνῃ
539 469 893 540 καθαρότητι,
940 465 1119 537 βοηθῷ
1165 465 1444 537 χρώμενος
1472 468 1631 537 αὐτῇ,
1675 467 1768 520 καὶ
1801 466 1911 518 τῶν

2028 466 2219 520 virium
2248 462 2583 533 puriﬁcatam
2623 458 2771 513 vidct
2826 458 3242 525 immunditiam,
3289 467 3344 512 et
3377 461 3590 529 prolicit

333 564 508 617 ἄλλων
527 565 626 633 τῆς
654 561 833 632 ψυχῆς
860 558 1140 628 δυνάμεων
1160 560 1259 627 τὴν
1290 558 1631 624 ἀκαθαρσίαν
1660 557 1911 627 καθαρώ-

333 673 492 725 τερον
518 656 642 726 ὁρᾷ,
673 654 771 707 καὶ
793 653 1093 723 προκόπτει
1141 651 1221 714 εἰς
1245 651 1596 713 ταπείνωσιν,
1624 652 1716 704 καὶ
1743 668 1912 720 προσ-

330 749 512 817 τίθησι
545 747 624 816 τῷ
652 746 858 809 πένθει,
884 745 980 799 καὶ
1006 744 1374 812 καταλλήλους
1401 742 1719 814 ὲφευρίσκει
1746 744 1912 813 θερα⁶

316 845 490 905 ’πείας
528 840 735 911 ἑκαστῃ
794 839 1021 909 δυνάμει
1073 839 1174 906 τῆς
1234 836 1444 906 ψυχῆς·
1496 836 1693 905 πράξει
1721 835 1818 905 μὲν
1852 834 1912 887 τὸ

336 932 660 1006 πρακτικὸν,
716 930 919 998 γνώσει
980 930 1037 982 δὲ
1065 929 1125 982 τὸ
1158 928 1459 996 γνωστικδν
1484 968 1499 990 ,
1546 928 1823 997 προσευχῇ
1856 925 1914 978 δὲ

332 1027 393 1079 τὸ
447 1020 781 1094 θεωρητικὴν
845 1020 1124 1089 καθαίρων
1165 1016 1390 1082 ἑαυτοῦ,
1421 1019 1516 1070 καὶ
1569 1017 1657 1070 διὰ
1684 1015 1910 1081 τούτων,

262 1102 266 1111 ’
331 1119 410 1182 είς
435 1116 534 1187 τὴν
565 1116 665 1185 τῆς
688 1114 942 1184 καρδίας,
966 1111 1175 1166 καὶτοῦ
1197 1110 1289 1164 νοῦ
1324 1111 1560 1171 τελείαν,
1584 1109 1680 1163 καί
1709 1106 1911 1176 ἀληθῆ,

334 1211 425 1264 καὶ
455 1207 835 1280 μονιμωτάτην
888 1204 1084 1273 φθάνει
1127 1203 1499 1274 καθαρότητα,
1548 1202 1671 1271 ἥτις
1716 1202 1818 1253 οὐκ
1847 1199 1913 1252 ἂν

332 1300 540 1371 γένοιτό
561 1298 692 1352 ποτέ
718 1315 844 1359 τινι,
865 1299 913 1350 εἰ
937 1297 1011 1366 μὴ
1028 1296 1115 1348 διΞι
1142 1295 1241 1364 τῆς
1256 1296 1311 1347 ὲν
1338 1291 1534 1363 πράξει
1555 1292 1911 1359 τελειότητος,

330 1391 431 1446 καὶ
455 1391 554 1460 τῆς
581 1389 840 1457 ὲπιμόνου
862 1386 1078 1459 τριϐῆς,
1105 1386 1339 1456 θεωρίας
1353 1402 1414 1437 τε
1444 1385 1539 1436 καὶ
1567 1383 1668 1451 τῆς
1695 1385 1752 1448 ξεν
1779 1382 1916 1434 θεων

336 1483 424 1551 ρίᾳ
448 1481 724 1552 προσευχῆ
736 1499 776 1533 τ.

370 1585 443 1596 ——-

2022 557 2074 610 in
2116 554 2436 615 humilitate,
2473 560 2527 606 ct
2557 550 2610 603 in
2650 548 2980 604 contritione
3016 550 3232 611 crescit,
3264 560 3319 602 et
3352 551 3586 605 remedia

2021 645 2232 701 invenit
2288 644 2488 713 cuique
2537 640 2734 696 anima:
2801 638 3046 693 facultati
3114 654 3377 704 congrua,
3433 641 3590 708 praxi

2019 738 2337 807 practicam,
2371 734 2595 789 scientia
2631 729 3076 794 intellectualem,
3101 737 3156 783 et
3178 730 3420 783 oratione
3455 746 3591 783 con-

2008 828 2388 898 -templativam
2421 825 2504 879 sui
2529 833 2738 892 partem
2763 837 3033 891 purgans;
3067 831 3226 888 atque
3251 835 3346 888 per
3370 820 3483 874 lucc
3518 820 3586 873 ad

2019 921 2199 978 cordis
2229 927 2284 973 et
2318 917 2624 972 intellectus
2655 914 2949 982 perfectam
2981 927 3274 981 veramque
3301 927 3366 966 ac
3391 911 3589 964 tinnis-

2020 1017 2214 1068 simam
2257 1010 2505 1081 pcrvenit
2560 1008 2904 1069 munditiem,
2960 1021 3121 1074 quam
3157 1020 3316 1059 nemo
3351 1021 3584 1073 unquam

1982 1110 1991 1121 ’
2023 1108 2339 1177 adipiscitur
2376 1103 2479 1158 nisi
2519 1100 2855 1170 perfectione
2886 1114 3132 1168 operum,
3169 1106 3224 1151 et
3262 1098 3587 1151 contritione

2024 1210 2317 1270 perpetua,
2386 1193 2953 1265 contemplationeque
3015 1199 3073 1246 et
3162 1188 3589 1257 contemplativa

2020 1294 2288 1347 oratione.

446 1570 2315 1599 Μ

910 1733 1293 1867 ΤΟΥ-
1360 1728 1940 1865 ΑΥΤΟΥ
2069 1726 3009 1861 ΓΡΗΓΟΡΙΟῘ

1617 1964 1705 2018 ΤΟ
1718 1962 1756 2016 ι’
1796 1964 2327 2042 ΘΕΣΣΑΛΟΝΙΚΗΣ

1034 2076 1603 2221 ΚΕΦΑΛΑῙΑ
1679 2107 2143 2224 ΦΥΣΙΚΑ,
2220 2123 2903 2219 ΘΕΟΛΟΓΙΚΑ.

1403 2319 1639 2387 meum
1677 2317 1768 2371 TE
1808 2316 1927 2372 ΚΑΙ
1965 2315 2330 2371 mamma
2369 2313 2476 2369 PN'

1924 2505 1997 2520 ﬂ

1015 2710 1886 2869 EJUSDEM
2000 2706 2927 2867 GBEGORII
2982 2768 2985 2775 ’

1595 2986 2362 3066 TIIESSALONICENSIS

278 3154 822 3300 ‘PHYSIGA.
889 3151 1566 3295 THEOLOGICA,
1633 3151 2107 3277 ΜθΙὶΑΙιΙᾹ
2180 3155 2312 3277 E'l‘
2397 3148 2904 3278 PBACTICA
2984 3147 3357 3276 CAPle
3443 3147 3587 3278 CL.

427 3554 494 3605 α’.
522 3542 767 3621 Ἧρχθαι
799 3549 892 3602 τὸν
922 3549 1149 3619 κόσμον,
1183 3549 1279 3603 καί⁵
1306 3549 1520 3620 ἡφύσις
1544 3550 1806 3616 διδάσκει,
1840 3553 1923 3608 καΊ

2101 3559 2154 3615 1.
2189 3557 2460 3630 incepisse
2481 3558 2768 3623 mundum,
2791 3566 2846 3613 et
2871 3565 3066 3613 natura
3090 3558 3268 3622 docet,
3289 3567 3344 3611 et
3370 3556 3598 3611 historia

352 3644 385 3712 ἡ
424 3636 635 3714 ἱστορία
698 3639 1015 3694 πιστοῦταιο
1056 3640 1152 3693 καὶ
1195 3640 1305 3694 τῶν
1332 3642 1538 3712 τεχνῶν
1574 3645 1632 3696 αἱ
1660 3643 1931 3716 εὑρέσεις,

354 3733 450 3788 καὶ
473 3734 581 3787 τῶν
603 3733 785 3804 νόμων
811 3734 867 3787 αἱ
899 3732 1105 3799 θέσεις,
1136 3733 1362 3788 καὶτῶν
1388 3735 1675 3790 πολιτειῶν
1705 3737 1763 3792 αἱ
1796 3738 1935 3808 χρή-

356 3844 470 3890 σεις
499 3826 746 3898 ἐναργῶς
769 3826 1089 3896 παριστᾶσι.
1114 3825 1310 3897 Σχεδὸν
1336 3829 1446 3899 γὰρ
1472 3828 1679 3899 τεχνῶν
1703 3831 1933 3886 ἁπασῶν

353 3923 513 3992 ἴσμεν
544 3921 670 3983 τοὺς
692 3920 941 3991 εὑρετὰς,
984 3918 1080 3972 καὶ
1102 3918 1228 3983 τοὺς
1267 3921 1563 3990 νομοθέτας
1582 3922 1692 3976 τῶν
1727 3924 1930 3992 νόμων,

355 4014 450 4067 καὶ
499 4015 626 4077 τοὺς
686 4012 787 4084 τὴν
828 4009 1006 4083 ἀρχὴν
1043 4011 1419 4083 κεχρημένους
1463 4013 1581 4076 ταῖς
1611 4013 1933 4079 πολιτείαις,

351 4103 433 4158 ἔτι
458 4121 520 4173 γε
544 4106 651 4174 μὴν
676 4105 769 4159 καὶ
794 4102 907 4175 τῶν
926 4102 1401 4173 συγγραψαμένων
1424 4104 1553 4175 περὶ
1584 4104 1706 4157 ὅτου
1730 4104 1933 4174 δήποτε

350 4196 452 4266 τὴν
509 4193 683 4267 ἀρχὴν
739 4195 1018 4260 ἁπάντων,
1062 4194 1163 4248 ’καὶ
1209 4195 1399 4249 οὐδένα
1462 4194 1668 4249 τούτων
1710 4193 1931 4268 ὁρῶμεν

358 4286 754 4359 δπερδαίνοντα
801 4286 902 4357 τὴν
926 4283 1021 4339 τοῦ
1052 4286 1263 4356 κόσμου
1317 4288 1412 4341 καὶ
1440 4287 1535 4341 τοῦ
1560 4287 1752 4358 χρόνον
1776 4289 1934 4358 γένε-

355 4397 462 4445 σιν,
505 4380 573 4450 ἢν
604 4380 892 4447 ἱστόρησεν
913 4378 941 4432 ὁ
966 4378 1230 4448 Μωῦσῆς.
1259 4379 1547 4443 Καὶαὺτὺς
1580 4381 1637 4433 δὲ
1663 4381 1929 4453 Μωῦσῆς,

353 4475 383 4528 ὁ
407 4472 508 4543 τὴν
539 4471 714 4545 ἀρχὴν
776 4474 878 4546 τῆς
919 4470 1013 4526 τοῦ
1053 4472 1258 4543 κόσμου
1297 4472 1566 4541 γενέσεως
1609 4475 1931 4545 συγγραψά-

358 4582 540 4636 μενος,
585 4566 673 4619 διὰ
729 4564 997 4633 Ιησοότων
1074 4564 1253 4635 ἔργων
1303 4566 1398 4617 καὶ
1458 4564 1633 4634 λόγων
1677 4566 1931 4631 ἐξαισίων

352 4659 786 4729 ἀναντιρῤήτους
818 4660 1127 4729 παρέσχετο
1192 4657 1405 4719 πίστεις
1436 4660 1536 4725 τῆς
1582 4660 1704 4712 καθ’
1737 4661 1932 4715 ἑαυτὸν

352 4749 631 4820 ἀληθείας,
655 4749 731 4811 ὡς
765 4749 961 4819 σχεδὸν⁸
981 4750 1127 4803 ἅπαν
1146 4749 1302 4818 γένος
1332 4748 1634 4818 ἀνθρώπων
1663 4766 1927 4803 καταπει-

2032 3653 2286 3718 aliirmat,
2347 3662 2403 3707 et
2444 3650 2648 3707 artium
2704 3650 3069 3716 inventiones,
3122 3658 3177 3706 et
3228 3650 3602 3706 institutiones

2034 3746 2233 3814 legum,
2266 3752 2321 3799 et
2357 3743 2710 3811 imperiorum
2760 3740 3180 3797 constitutiones
3219 3740 3366 3795 clare
3397 3749 3604 3793 testan-

2036 3848 2141 3891 tur.
2173 3836 2307 3890 Nam
2353 3835 2470 3891 fere
2500 3849 2692 3890 omnes
2726 3834 2977 3889 novimus
3009 3833 3320 3888 inventores
3372 3832 3600 3897 artium,

2036 3938 2089 3983 et
2119 3930 2296 3997 legum
2321 3928 2654 3992 conditores,
2687 3935 2743 3981 et
2787 3926 2998 3995 primos
3045 3940 3331 3994 regnorum
3383 3923 3602 3977 institu-

2038 4025 2202 4078 tores,
2240 4023 2296 4069 et
2342 4014 2556 4069 initimn
2599 4015 2843 4068 omnium
2890 4015 2982 4083 qui
3030 4013 3099 4068 de
3176 4028 3496 4082 quacunque
3543 4028 3602 4067 re

2036 4106 2393 4176 scripserunt,
2437 4119 2492 4160 et
2517 4108 2708 4161 borum
2739 4107 3011 4159 neminem
3057 4105 3304 4160 videmus
3338 4105 3430 4175 qui
3465 4119 3600 4174 pra:-

2038 4198 2197 4253 ccdat
2230 4197 2414 4250 mundi
2451 4207 2507 4253 et
2550 4196 2814 4265 temporis
2842 4198 3123 4251 exordium
3169 4213 3197 4251 a
3245 4197 3425 4268 Moyse
3463 4199 3603 4253 assi-

2038 4298 2279 4359 gnatum.
2321 4288 2388 4343 Et
2424 4289 2538 4358 ipse
2578 4289 2775 4355 Moses,
2802 4289 2895 4358 qui
2947 4291 3176 4358 primam
3227 4291 3409 4344 mundi
3442 4290 3606 4359 origi-

2038 4394 2163 4435 nem
2191 4380 2492 4451 descripsit,
2528 4390 2636 4435 tam
2667 4381 2853 4435 multis
2887 4380 3140 4450 operibus
3171 4391 3226 4435 ct
3260 4383 3605 4436 sermonibus

2041 4472 2489 4526 extraordinariis
2541 4471 2765 4527 indubia
2832 4472 3052 4527 tradidit
3105 4488 3220 4527 suae
3287 4474 3605 4528 veracitatis

2040 4573 2378 4632 argutuenta,
2418 4574 2476 4617 ut
2521 4563 2631 4621 fere
2654 4565 2971 4618 universum
3004 4578 3175 4633 genus
3210 4565 3487 4618 hominum
3536 4565 3600 4617 ad

2040 4655 2141 4711 sibi
2164 4655 2486 4708 credendum
2510 4665 2567 4710 et
2590 4656 2657 4709 ad
2687 4657 2968 4711 ridendum
3021 4670 3150 4711 suos
3178 4657 3605 4710 contradictores

2043 4746 2303 4803 iucitarit.
2342 4747 2477 4813 Quia
2511 4758 2690 4802 autem
2735 4764 2795 4803 ea
2818 4758 2901 4804 est
2921 4748 3105 4802 mundi
3137 4749 3298 4818 bujus
3319 4757 3511 4803 natura
3547 4757 3606 4801 ut
3690 4748 3693 4749 ⁷

354 4842 444 4903 θὲς
505 4839 880 4910 ὲξειργᾶσθαι,
952 4838 1050 4893 καὶ
1108 4838 1419 4909 καταγελᾷν
1470 4840 1762 4894 ἀναπεῖσαι
1821 4842 1923 4895 τῶν

2042 4840 2401 4909 quodcunque
2455 4840 2620 4893 aliam
2660 4855 2874 4908 semper
2939 4841 3178 4909 requirat
3243 4854 3506 4904 causam,
3551 4852 3605 4894 ct

352 4933 612 4989 τάναντία
640 4931 1038 5004 σοφισαμένων.
1076 4931 1226 4984 Ἐ’πε)⁵
1256 4934 1352 4986 καὶ
1382 4934 1415 5003 ἠ
1452 4933 1548 4986 τοῦ
1572 4933 1776 5004 κόσμου
1806 4935 1923 4988 τού-

2042 4935 2159 4989 sine
2198 4949 2359 4989 causa
2400 4934 2533 4988 nibil
2573 4948 2798 5002 prorsus
2850 4933 3117 4987 exsistere
3150 4934 3341 5001 possit,
3366 4949 3433 4988 ex
3478 4932 3608 5003 ipsis

353 5045 448 5081 του
480 5026 662 5096 φύσις,
694 5027 785 5079 ἀεὶ
837 5025 1152 5096 προσφάτου
1209 5025 1308 5094 τῆς
1338 5024 1461 5080 καθ’
1489 5026 1719 5081 ἕκαστον
1756 5029 1923 5100 ἀρχῆς

2036 5026 2196 5082 rebus
2224 5036 2368 5095 patet
2397 5026 2626 5090 primam
2674 5026 2817 5081 illius
2854 5024 3023 5080 fuisse
3052 5039 3303 5092 causam,
3342 5042 3462 5097 qua:
3488 5028 3604 5097 ipsa

352 5120 608 5191 δεομένη,
628 5121 722 5173 καὶ⁸
756 5119 925 5189 χωρὶς
954 5118 1124 5187 αὐτῆς
1146 5118 1368 5187 μηδαμῆ
1401 5119 1745 5174 συνίστασθαι
1771 5121 1923 5176 δυνα-

2037 5133 2141 5172 non
2175 5117 2337 5173 fuerit
2359 5134 2431 5173 ex
2458 5120 2562 5172 alia
2593 5132 2777 5172 causa.
2848 5154 2853 5157 -

356 5212 513 5282 μένη,
548 5212 646 5283 τὴν
690 5211 914 5281 πρώτην
947 5211 1186 5281 εαυτῆς,
1231 5210 1353 5279 ἥτις
1392 5212 1492 5263 οὐκ
1542 5212 1600 5277 ἐξ
1637 5212 1803 5283 ἄλλης
1834 5211 1928 5287 ἦν,

352 5302 551 5375 ἀρχὴν,
587 5302 652 5356 δι’
686 5302 864 5356 αὐτῶν
893 5302 1191 5373 παρίστησι
1215 5301 1321 5355 τῶν
1354 5303 1712 5372 πραγμάτων.

426 5395 492 5463 β’.
540 5395 653 5447 υύκ
705 5389 905 5465 ἦρχθαι
962 5394 1137 5462 μόνον,
1187 5392 1325 5446 ἀλλὰ
1371 5393 1464 5446 καὶ
1493 5392 1644 5457 τέλος
1671 5395 1813 5462 ἕξειν
1837 5397 1923 5450 τὸν

2109 5392 2168 5446 2.
2218 5388 2339 5445 Non
2405 5388 2670 5459 incepisse
2717 5387 3116 5456 tantummodo,
3177 5393 3269 5443 sed
3331 5397 3386 5443 et
3441 5390 3605 5442 linem

353 5488 581 5555 κόσμον,
606 5489 639 5557 ἡ
668 5490 767 5556 μὲν
805 5485 965 5555 φύσις
1027 5485 1192 5539 αὐτοῦ
1235 5485 1342 5538 τῶν
1383 5485 1747 5555 ἐνδεχομένων
1790 5484 1923 5543 εἶναι

2042 5483 2353 5539 habiturum
2384 5497 2506 5538 esse
2538 5482 2821 5548 mundum,
2867 5482 3105 5538 ostendit
3150 5482 3374 5551 ipsamet
3425 5497 3604 5534 rerum

357 5580 716 5651 παρίστησιν·
745 5579 907 5632 οἱονεὶ
941 5577 1082 5630 κατὰ
1115 5576 1253 5647 μέρη
1294 5577 1559 5647 διηνεκῶς
1598 5578 1923 5635 τελευτῶσα.

2042 5577 2096 5631 in
2136 5592 2202 5630 eo
2230 5586 2608 5631 contentarum
2640 5582 2869 5643 natura;
2920 5591 3038 5646 qua:
3071 5573 3463 5644 quodammodo
3510 5589 3607 5641 per

356 5671 593 5725 Βεϐαίαν
616 5671 671 5725 δὲ
720 5672 815 5724 καὶ
871 5669 1262 5743 ἀναντίρρητον
1301 5670 1529 5741 παρέχει
1561 5669 1658 5741 τὴν
1690 5672 1923 5743 πίστινὴ

2040 5677 2220 5734 partes
2270 5666 2468 5736 jugiter
2519 5666 2725 5722 finitur.
2783 5667 2877 5722 Cui
2933 5669 3009 5721 rei
3062 5665 3336 5720 indubiam
3387 5678 3605 5732 quoque

357 5763 664 5833 προφητεία
696 5761 815 5815 τῶνε
850 5779 907 5815 τε
959 5759 1131 5813 ἄλλων
1169 5758 1384 5825 ἐνθέων,
1433 5760 1524 5813 καὶ
1557 5762 1792 5833 Χριστοῦ
1834 5766 1923 5817 τοῦ

2043 5758 2283 5827 praebent
2316 5757 2567 5826 lidem,et
2600 5758 2828 5815 aliorum
2851 5772 3130 5815 sacrorum
3163 5756 3328 5811 verba
3364 5755 3600 5823 scripto-
