4146 6308
611 276 783 409 1123.

1842 345 1888 401 G
1903 346 1948 403 ll
1961 342 2160 403 EGOR
2174 341 2233 401 Π
2289 343 2382 401 ΡΑ
2394 343 2621 404 LAM/E

3726 347 3865 412 112i

608 478 752 528 rum,
793 468 851 517 et
880 460 1052 529 ipsius
1079 457 1285 515 Christi
1333 460 1425 515 Dei
1472 461 1667 523 nostri,
1714 460 1914 529 quibus
1958 460 2163 516 credan

2313 463 2402 514 ἐπὶ
2434 465 2654 516 πάντων
2704 462 2866 527 Θεοῦ,
2888 458 3008 526 ὀἷς
3042 461 3327 517 πιστεύειν
3362 464 3438 529 ὡς
3490 467 3766 540 ἀληθέσιν,
3813 475 3876 528 οὐ

609 569 830 610 necesse
878 562 964 608 est
1028 567 1136 606 non
1190 553 1261 619 pii
1297 552 1481 617 modo,
1528 552 1713 606 sedet
1761 553 1936 621 impii,
1988 561 2188 606 caetera

608 647 787 700 omnia
811 660 932 715 quae
959 645 1034 698 illi
1061 644 1454 714 praedixerunt,
1487 658 1615 699 vere
1634 645 1887 699 evenisse
1913 646 2183 700 videntes.

609 740 741 801 lino,
795 747 857 792 ut
908 740 976 793 ab
1021 737 1127 791 illis
1184 739 1347 791 etiam
1404 735 1540 791 disci
1592 745 1789 804 potest,
1831 752 1935 792 non
1969 747 2176 791 tantum

608 832 900 886 universus
935 832 1087 884 lticre
1129 830 1363 883 mundus
1394 829 1616 882 minime
1661 830 1715 882 in
1754 828 1983 883 nihilum
2038 832 2178 883 redi-

608 921 706 981 bit,
740 919 835 974 sed
867 933 1158 987 corporum
1208 918 1381 971 instar
1432 926 1738 971 nostrorum
1774 918 2177 983 immolabitur,

610 1013 663 1064 itt
695 1009 926 1065 formant
983 1009 1305 1063 diviniorem
1361 1006 1633 1064 resolutus
1664 1023 1727 1064 ac
1765 1023 2082 1075 conversus,
2121 1022 2179 1065 ut

608 1103 762 1163 nobis
787 1100 1087 1155 consimilis
1116 1101 1205 1165 sit,
1230 1114 1326 1169 per
1350 1100 1521 1156 divini
1557 1101 1793 1171 Spiritus
1827 1104 2108 1159 virtutem.

676 1282 732 1337 '5.
763 1280 999 1346 leum,
1027 1281 1179 1350 juxta
1222 1282 1472 1338 ethnicos
1523 1281 1900 1353 pltilosOphos,
1944 1282 2181 1338 vertitur

606 1384 801 1427 natura
829 1377 1025 1427 animas
1064 1372 1271 1435 mundi,
1302 1385 1354 1429 et
1380 1374 1584 1441 justum
1607 1390 1670 1430 ac
1695 1376 1958 1429 rationem
2000 1379 2177 1431 docet.

605 1465 890 1529 Quodnam
947 1474 1183 1532 rectum,
1229 1482 1390 1537 quam
1449 1470 1758 1523 rationem?
1804 1467 1934 1523 Nam
1968 1469 2013 1523 si
2074 1486 2178 1522 non

604 1572 701 1612 sua
728 1557 916 1621 ipsius
946 1567 1164 1623 natura,
1201 1558 1293 1611 sed
1344 1567 1534 1612 natura
1568 1559 1853 1613 mundame
1881 1575 2042 1630 quam
2093 1561 2174 1615 di-

605 1655 735 1699 cunt
767 1646 984 1706 animze.
1029 1644 1222 1700 caelum
1270 1645 1519 1712 vertitur,
1572 1657 1625 1699 et
1684 1647 1866 1701 mundi
1901 1649 2070 1702 totius
2096 1662 2178 1701 est

605 1743 879 1791 mundana
914 1738 1117 1799 anima,
1150 1751 1248 1790 cur
1276 1750 1383 1789 non
1411 1746 1699 1791 vertuntur
1728 1743 1892 1793 etiam
1926 1747 2091 1805 terra,
2120 1748 2178 1792 ct

2296 553 2408 613 τοῖς
2434 552 2681 606 εὐσεϐέσι
2715 554 2897 624 μόνον,
2932 552 3070 606 ἀλλά
3101 553 3329 615 καὶτοῖς
3350 555 3604 611 ἀσεϐέσιν
3632 562 3873 634 ἀνάγκη,

2298 639 2438 692 κάπὶ
2459 640 2570 693 τῶν
2603 641 2779 695 ἄλλων
2814 635 2891 696 ὧν
2936 636 3083 696 οὗτοι
3136 646 3401 713 προεῖπον
3435 647 3695 705 ἁπάντων
3734 654 3875 723 ἀλη-

2295 729 2555 797 θεύοντας
2605 734 2804 799 αὐτοὺς
2834 735 3059 805 ὁρῶσιν.
3094 735 3249 788 Ἔστι
3283 736 3341 789 δὲ
3384 738 3580 806 μαθεῖν
3608 744 3742 813 παρ’
3769 747 3878 800 αὐ-

2297 828 2428 890 τῶν,
2452 828 2528 889 ὡς
2552 826 2674 897 οὐχὶ
2710 827 2845 897 πρὸς
2898 827 2960 881 τὸ
2999 827 3074 898 μὴ
3118 827 3179 881 ὃν
3214 829 3244 881 ὁ
3287 829 3493 896 κόσμος
3528 825 3684 895 οὗτος
3725 831 3879 898 ἄπας

2295 921 2536 989 χωρήσει
2584 918 2950 984 παντάπασιν,
2985 917 3100 970 ἀλλ’
3143 918 3220 982 ὡς
3250 920 3343 972 καὶ
3387 919 3455 973 τὰ
3493 923 3878 993 ἡμέτερασώ-

2299 1027 2445 1079 ματα
2479 1009 3082 1080 μετασκευασθήσεται,
3117 1010 3253 1081 πρὸς
3278 1011 3338 1064 τὸ
3391 1012 3665 1083 θειότερον
3690 1015 3878 1080 λυθείς

2291 1121 2351 1156 τε
2395 1105 2487 1158 nat
2520 1101 3047 1174 μεταστοιχειωθεὶς,
3077 1101 3153 1164 ὡς
3187 1103 3450 1172 ἀνάλογος
3495 1106 3631 1175 ἡμῖν
3658 1108 3767 1177 εἴη.
3802 1111 3876 1181 τῇ

2287 1194 2514 1266 δυνάμει
2565 1192 2660 1248 τοῦ
2698 1193 2841 1247 θείου
2881 1194 3218 1265 Πνεῦματος.

2368 1287 2441 1356 γ’,
2473 1287 2606 1340 ΤὸνΔ
2643 1287 2893 1357 οὐρανὸν,
2930 1288 3095 1356 φασὶν
3143 1289 3196 1340 οἱ
3236 1288 3346 1341 τῶν
3396 1289 3663 1359 Ἐλλήνων
3691 1294 3870 1363 σοφοὶ,

2289 1380 2621 1452 στρέφεσθαι
2672 1381 2739 1450 τῇ
2781 1379 2941 1448 φύσει
2973 1381 3071 1450 τῆς
3112 1384 3384 1451 κοσμικῆς
3442 1382 3644 1453 ψυχῆς.
3677 1387 3773 1437 καὶ
3807 1389 3870 1439 τὸ

2286 1471 2492 1524 δίκαιον
2514 1471 2608 1524 καὶ
2637 1469 2729 1521 τὸν
2749 1468 2906 1537 λόγον
2943 1470 3239 1543 διδάσκειν.
3281 1472 3440 1525 Ποῖον
3481 1472 3871 1538 δίκαιον;τίνα

2288 1563 2443 1630 λόγον
2472 1579 2487 1627 ;
2519 1564 2578 1614 Εἰ
2629 1562 2738 1633 γὰρ
2781 1563 2856 1633 μὴ
2900 1565 2965 1634 τῇ
3003 1564 3198 1616 ἑαυτοῦ
3220 1565 3401 1632 φύσει,
3436 1565 3576 1619 ἀλλὰ
3610 1570 3675 1638 τῇ
3706 1568 3871 1637 φύσει

2285 1658 2384 1727 τῆς
2418 1656 2706 1726 κοσμικῆς,
2745 1656 2811 1725 ἥν
2842 1673 2975 1725 φασι
3014 1656 3214 1728 ψυχὴν,
3244 1657 3274 1710 ὁ
3299 1658 3526 1728 οὐρανὸς
3548 1658 3865 1729 στρέφεται,

2282 1748 2377 1803 τοῦ
2408 1748 2615 1816 κόσμου
2661 1748 2717 1800 δὲ
2776 1748 2978 1811 παντὸς
3017 1749 3164 1801 ἐστιν
3197 1749 3230 1818 ἠ
3277 1749 3519 1820 κοσμικὴ
3547 1749 3720 1820 ψυχὴ,
3750 1750 3869 1813 πῶς

604 1843 763 1896 aqua,
820 1838 874 1882 et
908 1829 1039 1883 aer?
1074 1827 1203 1893 Sed,
1255 1830 1528 1896 quamvis,
1574 1828 1728 1899 juxta
1773 1814 1927 1893 illos;
1961 1844 2168 1898 semper

2282 1842 2403 1913 οὐχὶ
2436 1814 2731 1911 στρέφεται
2754 1842 2848 1893 καὶ
2878 1842 2910 1910 ἡ
2938 1843 3031 1910 γῆ,
3055 1841 3149 1893 καὶ
3197 1814 3257 1895 τὸ
3305 1814 3470 1913 ὕδωρ,
3626 1814 3864 1913 ἀήρς

607 1926 890 1969 moveatur
930 1915 1018 1969 illa
1045 1918 1248 1983 anima,
1273 1932 1370 1972 sua
1399 1926 1577 1972 tamen
1606 1930 1795 1973 natura
1827 1928 1973 1976 stant
2007 1929 2171 1985 terra,

601 2016 659 2060 et
698 2022 834 2076 aqua
887 2007 1197 2062 inferiorem
1248 2017 1403 2062 nacta
1457 2009 1674 2074 locum;
1741 2012 1821 2064 sic
1861 2021 1916 2064 et
1976 2012 2174 2066 malum

603 2108 793 2165 suapte
852 2106 1042 2151 natura
1100 2113 1317 2168 semper
1365 2111 1629 2154 «iuvetur
1686 2109 1834 2154 motu
1891 2102 2174 2162 circulari,

603 2188 938 2252 superiorem
966 2204 1237 2256 occupans
1285 2194 1587 2270 regionem.
1633 2190 1819 2257 Qualis
1850 2203 2029 2252 autem
2092 2202 2176 2246 cst

604 2281 704 2333 ista
740 2280 936 2335 mundi
964 2281 1143 2335 anima
1174 2280 1343 2348 cujus'
1386 2292 1575 2336 natura
1647 2286 1842 2349 coelum
1894 2287 2176 2339 movetur?

601 2368 740 2425 Num
778 2372 1096 2429 rationalis?
1125 2388 1255 2440 ergo
1291 2373 1460 2429 libera
1485 2383 1648 2440 esset,
1672 2391 1773 2430 nec
1796 2374 1988 2430 iisdem
2030 2394 2175 2429 scm-

603 2478 700 2530 per
733 2464 971 2519 motibus
1004 2479 1259 2533 ageretur
1289 2470 1513 2522 cceleste
1553 2481 1753 2535 corpus
1790 2485 1805 2521 :
1832 2468 1999 2522 libera
2026 2472 2171 2523 enim

600 2555 758 2608 aliter
784 2555 920 2609 alias
948 2566 1251 2610 moventur.
1282 2556 1342 2610 Et
1370 2556 1641 2625 quodnam
1670 2557 1955 2627 vestigium
1981 2564 2175 2613 animm

604 2647 885 2699 rationalis
918 2646 1163 2700 videmus
1210 2649 1263 2700 in
1303 2646 1489 2700 inlima
1526 2647 1627 2702 hac
1673 2649 1909 2717 sphaera,
1941 2650 1996 2702 in
2031 2662 2171 2706 terra

602 2738 831 2801 sciliCet,
865 2736 947 2790 vel
979 2739 1032 2790 in
1070 2739 1330 2807 proximis
1378 2738 1499 2806 ejus
1530 2753 1668 2809 aqua
1709 2750 1763 2792 et
1811 2756 1957 2804 acre,
1997 2743 2077 2796 vel
2123 2754 2175 2796 ut

600 2829 652 2880 in
690 2830 803 2895 ipso
825 2827 982 2896 igne?
1014 2843 1135 2894 nam
1167 2828 1737 2883 etltmcinformantur
1764 2833 2170 2887 mundianima.

597 2921 709 2975 Cur
740 2929 932 2973 itcrum
965 2922 1070 2975 alia
1102 2932 1229 2975 sunt
1246 2932 1504 2988 animata,
1532 2923 1639 2977 alia
1661 2937 1795 2977 vero
1832 2924 2174 2978 iuanimata?

598 3025 653 3064 ct
677 3012 828 3080 juxta
862 3012 1001 3078 illos,
1057 3013 1369 3083 ltujusmodi
1411 3030 1514 3068 non
1547 3024 1674 3069 sunt
1724 3008 1904 3069 munia
1942 3016 2169 3084 qumvis.

598 3109 692 3160 sed
716 3106 897 3160 omnis
921 3106 1075 3175 lapis,
1096 3122 1256 3161 omne
1287 3109 1586 3175 metallum,
1617 3109 1793 3164 omnis
1813 3120 1981 3174 terra,
2007 3113 2167 3174 nuda,

597 3197 948 3266 milieniguis
981 3215 996 3252 :
1035 3197 1208 3266 ipsum
1240 3199 1384 3253 enim
1414 3200 1591 3271 ignem
1620 3201 1783 3255 iidem
1815 3201 2005 3255 dicunt
2041 3218 2168 3266 pro~

598 3291 715 3355 prin
757 3289 959 3343 moveri
1015 3300 1231 3355 natura,
1281 3296 1378 3346 sed
1404 3308 1543 3371 ⁸ιιοιι
1593 3294 1794 3346 anima.
1837 3292 1970 3346 Cum
2001 3296 2169 3364 igitur

595 3380 903 3434 tommunis
950 3381 1021 3435 sit
1071 3381 1278 3447 anima,
1331 3397 1429 3436 cur
1490 3399 1657 3437 unum
1719 3385 1917 3439 «mlum
1973 3398 2166 3439 natura

596 3472 778 3540 hujus,
808 3488 911 3525 non
965 3488 1061 3527 sua
1113 3474 1459 3528 tnoveretnr?
1507 3476 1577 3528 At
1603 3491 1709 3529 non
1743 3488 1827 3530 est
1864 3478 2164 3544 rationalis,

593 3563 743 3629 juxta
769 3567 931 3629 ipsos,
958 3580 1178 3619 movens
1201 3566 1449 3620 etelicum
1478 3582 1675 3636 corpus
1695 3572 1877 3621 anima
1906 3587 1922 3633 ;
1953 3580 2007 3623 et
2028 3573 2167 3624 cur?

596 3669 749 3716 nutu,
781 3655 932 3720 juxta
962 3670 1075 3719 eos,
1111 3656 1200 3709 illa
1232 3656 1351 3709 fons
1380 3668 1462 3710 est
1492 3663 1795 3712 animarum
1828 3670 2162 3725 nostrarum,

595 3743 843 3808 quamvis
900 3757 1005 3795 non
1064 3744 1137 3796 sit
1195 3745 1496 3808 rationalis,
1565 3762 1666 3802 nec
1717 3751 2000 3812 sensitiva,
2064 3766 2164 3804 nec

596 3833 860 3902 physica?
914 3832 1018 3886 Sed
1071 3848 1142 3888 ne
1200 3850 1360 3889 unant
1419 3837 1637 3906 quidem
1678 3839 1867 3893 harum
1918 3842 2165 3899 videmus

595 3942 795 3992 corpus
836 3906 1139 3979 moventem
1188 3927 1393 3995 absque
1439 3931 1692 3998 organis;
1750 3933 1952 3986 mtllnm
2003 3951 2163 4002 porro

593 4019 906 4087 organicnm
943 4019 1120 4075 inesse
1165 4022 1465 4076 membrum
1515 4022 1781 4089 videmus,
1824 4041 1926 4080 nec
1981 4037 2160 4090 terrae,

594 4126 691 4164 nec
720 4111 880 4176 coelo,
907 4127 1003 4166 nec
1038 4113 1130 4166 ulli
1168 4113 1256 4165 alii
1299 4128 1489 4168 eorunt
1518 4115 1809 4183 elemento,
1842 4117 1966 4186 quia
1998 4118 2163 4172 omne

592 4216 858 4269 organum
894 4203 1126 4257 diversis
1175 4204 1431 4258 coalescit
1485 4209 1717 4269 naturis,
1771 4213 2161 4261 elementorum

593 4304 771 4343 autem
809 4293 1233 4360 unumquodque
1255 4295 1522 4363 simplicis
1548 4307 1630 4351 est
1661 4308 1888 4358 naturae,
1918 4314 1981 4351 :tc
2029 4316 2162 4366 prae-

593 4381 780 4433 scrtim
820 4383 1037 4435 caelum.
1074 4384 1318 4451 Insuper,
1353 4384 1534 4439 anima
1591 4398 1676 4441 est
1730 4386 1986 4455 perfectio
2034 4406 2160 4443 cor-

594 4472 740 4539 poris
765 4472 1000 4540 organici
1038 4476 1202 4528 vitam
1241 4476 1292 4528 in
1347 4478 1586 4543 potentia
1629 4478 1896 4532 habentis.
1950 4479 2155 4533 Caelum

592 4568 771 4613 autem
802 4561 1022 4614 utullum
1088 4568 1390 4617 membrum
1439 4576 1532 4617 aut
1582 4580 1789 4633 partem
1843 4571 2157 4635 organicam

596 4653 819 4716 habens,
847 4669 948 4705 non
989 4662 1164 4722 potest
1193 4655 1374 4708 vivere
1406 4675 1418 4709 :
1460 4672 1565 4724 quo
1618 4660 1779 4724 igitur
1810 4658 1947 4712 forte
2001 4666 2161 4713 modo

596 4745 817 4800 haberet
845 4747 1108 4810 animam,
1145 4750 1289 4815 qttod
1322 4751 1491 4803 vitam
1538 4752 1738 4806 habere
1787 4755 2003 4823 nequit?
2054 4755 2161 4810 Sed

591 4838 682 4907 qui
705 4849 1046 4894 evanuerunt
1074 4842 1125 4893 in
1148 4842 1566 4911 cogitationibus
1602 4847 1738 4910 suis,
1767 4862 1833 4900 ex
1882 4849 2161 4916 insipienti

592 4931 756 4984 corde
774 4932 1011 4985 animam
1033 4936 1480 5003 excogitaverunt
1503 4952 1625 5005 qua:
1647 4955 1818 5010 neque
1846 4949 1951 5001 est,
1984 4959 2163 5011 neque

594 5020 715 5084 fuit,
741 5037 913 5090 neque
942 5026 1049 5079 erit
1080 5041 1344 5093 unquam,
1379 5038 1433 5081 et
1477 5030 1617 5083 hanc
1668 5034 1883 5098 quidem
1919 5036 2160 5089 universi

592 5113 862 5167 Sensilnlis
893 5115 1075 5168 mundi
1108 5120 1426 5172 creatricem
1460 5122 1852 5191 rectricemque
1880 5133 1934 5177 et
1962 5125 2163 5192 guber-

592 5205 875 5256 natricem.
937 5202 1194 5261 Eatndem
1283 5210 1591 5265 animarum
1672 5225 2006 5280 nostrarum,
2075 5220 2159 5271 vel

593 5298 775 5362 potius
829 5306 1148 5350 cunctarum
1200 5301 1352 5369 quasi
1403 5302 1635 5356 radicem
1677 5315 1728 5357 et
1782 5306 1984 5360 fontem
2041 5322 2161 5364 esse

594 5384 869 5445 dixerunt,
909 5396 1089 5441 ortum
1129 5395 1182 5442 et
1216 5391 1386 5458 ipsam
1416 5393 1702 5448 habentem
1731 5394 1811 5448 ab
1844 5398 2157 5469 intelligen-

597 5474 690 5535 tia,
728 5490 891 5543 quam
926 5478 1144 5544 quidem
1197 5480 1608 5550 intelligentiam
1665 5487 1826 5541 aliam
1878 5505 2003 5546 esse
2029 5508 2162 5548 cou-

597 5567 823 5619 tendunt
869 5567 1230 5624 substantiam
1280 5582 1477 5639 praeter
1522 5592 1790 5632 summum
1839 5597 1997 5649 quem
2059 5589 2159 5654 ipsi

599 5655 890 5711 admittunt
935 5660 1124 5714 Deum.
1165 5662 1231 5715 Et
1279 5663 1579 5719 istiusmodi
1635 5671 1935 5727 doctrinam
1975 5686 2162 5730 tenent

598 5746 758 5806 primi
803 5751 940 5815 apud
973 5752 1093 5810 illos
1142 5754 1391 5812 doctores
1442 5768 1498 5813 et
1549 5761 1783 5831 theologi
1844 5782 1857 5823 ;
1908 5771 1999 5836 qtti
2053 5787 2158 5826 tton

2283 1933 2459 1986 καίτοι
2484 1934 2604 1985 κατ’
2624 1934 2822 1995 αὐτοὺς
2848 1933 3161 2001 ἀεικινήτου
3184 1936 3283 2004 τῆς
3310 1933 3488 2003 ψυχῆς
3509 1934 3698 2004 οὔσης,
3732 1936 3868 1989 ἀλλὰ

2282 2027 2346 2093 τῇ
2407 2024 2588 2094 οἰκείᾳ
2635 2024 2794 2092 φύσει
2825 2025 2859 2093 ἡ
2890 2024 2963 2092 γῆ
3006 2041 3066 2077 τε
3105 2024 3321 2079 ἵσταται
3352 2028 3447 2078 καὶ
3477 2026 3537 2078 τὸ
3567 2026 3738 2098 ὕδωρ,
3765 2028 3863 2094 τὴν

2282 2118 2433 2171 κάτω
2472 2115 2657 2186 χώραν
2684 2115 2882 2183 λαϐόνς
2917 2115 3061 2171 οὕτω
3090 2118 3185 2172 καὶ
3225 2116 3255 2168 ὁ
3285 2117 3536 2187 οὐρανὸς,
3567 2122 3636 2189 τῇ
3665 2120 3860 2173 ἑαυτοῦ

2280 2208 2441 2276 φύσει
2470 2209 2557 2263 ἀεὶ
2585 2211 2838 2273 κινεῖται,
2861 2209 2956 2263 καὶ
2977 2206 3161 2281 κύκλῳ
3189 2212 3441 2275 κινεῖται,
3457 2213 3558 2281 τὴν
3581 2212 3698 2266 ἄνω
3726 2230 3863 2267 κατ-

2280 2304 2421 2373 ἐχων
2449 2302 2650 2373 χώραν.
2696 2303 2833 2357 Ποία
2875 2301 2932 2356 δέ
2983 2302 3068 2367 τίς
3099 2305 3216 2357 ἐστι
3242 2307 3335 2358 καὶ
3363 2307 3398 2373 ἡ
3428 2306 3670 2376 κοσμικὴ
3691 2307 3857 2377 ψυχὴ,

2278 2390 2346 2464 ἧς
2376 2398 2440 2466 τῇ
2481 2394 2641 2464 φύσει
2669 2396 2696 2446 ὁ
2723 2395 2951 2465 οὐρανὸς
2979 2398 3242 2465 κινεῖται;
3271 2394 3381 2468 ἄρα
3407 2399 3633 2468 λογικής
3666 2401 3859 2454 οὐκοῦν

2278 2485 2596 2555 αὐθαίρετος
2629 2487 2696 2540 ἂν
2735 2488 2842 2558 εἴη,
2878 2488 2972 2540 καὶ
3009 2489 3112 2542 οὐκ
3148 2488 3216 2542 ἂν
3253 2490 3351 2552 τὰς
3386 2491 3556 2554 αὐτὰς
3589 2492 3681 2545 ἀεὶ
3703 2497 3856 2560 κινή-

2280 2595 2391 2640 σεις
2448 2579 2620 2631 ἐκίνει
2681 2579 2744 2631 τὸ
2784 2579 3036 2650 οὐράνιον
3078 2579 3259 2649 σῶμα·
3308 2581 3377 2635 τὰ
3423 2583 3533 2652 γὰρ
3561 2583 3857 2655 αὐθαίρετα

2277 2667 2464 2720 ἄλλοτε
2493 2669 2666 2731 ἄλλως
2701 2671 2953 2723 κινεῖται.
2980 2669 3120 2724 Τίδέ
3150 2672 3242 2724 καὶ
3268 2672 3413 2742 ἴχνος
3442 2673 3664 2744 λογικῆς
3677 2675 3857 2744 ψυχῆς

2275 2757 2489 2827 ὁρῶμεν
2527 2759 2619 2810 ἐπὶ
2649 2761 2745 2827 τῆς
2771 2760 3069 2813 κατωτάτω
3088 2759 3290 2828 ταύτης
3321 2763 3579 2831 σφαίρας,
3601 2763 3699 2832 τῆς
3730 2764 3853 2833 γῆς.

2275 2849 2437 2902 πάλιν
2467 2849 2630 2916 λέγω,
2661 2848 2692 2920 ἢ
2724 2851 2831 2903 τῶν
2863 2851 3148 2920 ἐγγυτάτω
3178 2855 3309 2925 περὶ
3343 2855 3535 2925 αὐτὴν,
3570 2854 3766 2920 ὕδατός
3796 2873 3854 2909 τε

2274 2942 2369 2995 καὶ
2404 2943 2587 3012 ἀέρος,
2629 2943 2660 3013 ἦ
2697 2945 2792 2997 καὶ
2821 2945 2915 2998 τοῦ
2946 2947 3119 3018 πυρὸς
3147 2947 3354 3015 αὐτοῦς
3386 2951 3482 3002 καὶ
3509 2949 3716 3003 τούτων
3746 2950 3853 3019 γάρ

2274 3036 2421 3086 ἐστιν
2481 3036 2513 3104 ἡ
2569 3036 2808 3106 κοσμικὴ
2863 3037 3031 3109 ψυχή.
3091 3039 3217 3103 Πῶς
3242 3040 3300 3093 δὲ
3349 3040 3506 3104 αὖθις
3534 3042 3630 3095 καὶ
3657 3042 3722 3095 τά
3753 3042 3852 3111 μὲν

2271 3124 2514 3194 ἔμψυχα,
2563 3128 2628 3179 τά
2681 3128 2740 3182 δὲ
2767 3128 2981 3199 ἄψυχας
3034 3132 3128 3183 καὶ
3158 3131 3316 3184 τοῦτο
3351 3133 3472 3185 κατ’
3501 3135 3723 3198 αὐτοὺς,
3757 3140 3851 3188 καὶ

2269 3215 2443 3268 ταῦτα
2495 3217 2555 3269 οὐ
2595 3217 2665 3270 τὰ
2713 3220 2966 3287 τυχόντα,
3013 3220 3149 3275 ἀλλά
3192 3221 3338 3285 λίθος
3377 3222 3548 3288 ἄπας,
3588 3222 3852 3294 μέταλλον

2270 3307 2436 3369 ἅπαν,
2454 3308 2580 3377 χοῦς
2601 3309 2766 3374 ἄπας,
2792 3310 2957 3381 ὕδωρ,
2986 3312 3114 3383 ἀὴρ,
3136 3312 3246 3386 πῦρ
3270 3330 3282 3343 ·
3301 3316 3396 3367 καὶ
3416 3316 3477 3367 τὸ
3508 3315 3623 3382 πῦρ
3657 3319 3771 3387 γὰρ
3799 3319 3861 3371 οἱ

2268 3399 2420 3451 αὐτοὶ
2480 3402 2546 3470 τῇ
2606 3400 2803 3455 ἑαυτοῦ
2840 3403 2997 3466 φύσει
3063 3405 3196 3471 φασὶ
3222 3406 3508 3471 κινεῖσθαι,
3548 3406 3666 3460 ἀλλ’
3693 3409 3757 3461 οὐ
3781 3411 3850 3478 τῇ

2267 3493 2410 3562 ψυχῇ
2432 3505 2445 3518 ·
2473 3495 2658 3562 κοινῆς
2712 3493 2804 3549 οῦν
2846 3494 3010 3566 οὔσης
3047 3497 3144 3566 τῆς
3188 3498 3389 3569 ψυχῆς,
3424 3499 3543 3563 πῶς
3573 3501 3850 3570 ὁοῦρανὸς

2271 3585 2431 3653 μὸ-ιος
2458 3589 2525 3655 τῇ
2547 3586 2708 3653 φύσει
2739 3587 2961 3658 ταύτης,
2986 3589 3237 3660 ἀλλὀὐχὶ
3261 3593 3328 3663 τῇ
3357 3592 3552 3645 ἑαυτοῦ
3579 3596 3846 3662 κινεῖταις

2268 3674 2385 3731 (si)?
2409 3678 2509 3731 οὐκ
2541 3679 2656 3731 ἔστι
2685 3678 2881 3749 λογικὴ
2920 3683 2953 3750 ἡ
2997 3680 3116 3734 κατ’
3151 3683 3350 3745 αὐτοὺς
3383 3683 3608 3736 κινοῦσα
3650 3686 3720 3738 τὸ
3758 3686 3849 3737 οὐ-

2268 3769 2451 3837 ράνιον
2477 3771 2634 3838 σῶμα
2658 3770 2825 3843 ψυχὴ,
2855 3774 2947 3825 καὶ
2980 3773 3129 3835 πῶςς
3161 3774 3321 3842 εἴπερ
3350 3777 3503 3845 πηγή
3529 3778 3677 3829 ἐστιν
3710 3776 3845 3845 αὕτη

2267 3862 2387 3913 κατ’
2419 3862 2617 3924 αὐτοὺς
2647 3863 2755 3916 τῶν
2784 3865 3071 3935 ἡμετέρων
3112 3866 3339 3936 ψυχῶνς
3380 3868 3527 3935 ὅμως
3570 3871 3619 3921 εξ
3651 3869 3729 3939 μὴ
3760 3870 3845 3921 λο-

2265 3952 2419 4021 γικὴ.
2484 3952 2799 4023 αἰσθητικὴ,
2833 3955 2865 4026 ἢ
2898 3955 3101 4024 φυσικὴ
3160 3956 3225 4010 ἂν
3256 3957 3363 4027 εἴη.
3405 3958 3547 4011 Ἀλλ’
3575 3961 3844 4030 οὐδεμίαν

2263 4045 2467 4099 τούτων
2492 4047 2709 4117 ὁρῶμεν
2745 4048 2902 4118 σῶμα
2954 4049 3207 4102 κινοῦσαν
3254 4053 3423 4122 χωρὶς
3453 4053 3729 4120 ὀργάνων,
3757 4054 3846 4121 ὀρ-

2262 4138 2485 4204 γανικὸν
2532 4139 2589 4191 δὲ
2621 4140 2783 4209 μέλος
2825 4139 2977 4192 οὐδὲν
3002 4140 3241 4210 ὁρῶμεν,
3283 4143 3406 4195 οὔτε
3439 4144 3565 4213 γῆς,
3595 4143 3721 4197 οὔτε
3750 4148 3842 4198 οὐ·

2266 4233 2449 4301 ρινοῦ,
2507 4231 2631 4285 οὕτε
2702 4234 2847 4296 τινὸς
2886 4232 3047 4288 ἄλλου
3090 4236 3194 4287 τῶν
3226 4239 3283 4289 ὲν
3322 4238 3506 4291 αὐτοῖς
3540 4239 3840 4308 στοιχείων,

2262 4325 2386 4375 ἐπεὶ
2420 4325 2513 4376 καὶ
2547 4327 2654 4377 πᾶν
2710 4326 2964 4395 ὄργανον,
2998 4329 3059 4379 ὲκ
3086 4327 3356 4397 διαφόρων
3399 4329 3518 4381 ἐστὶ
3564 4332 3840 4383 συντεθειε-

2262 4417 2422 4485 μένον
2459 4415 2697 4484 φύσεων,
2756 4417 2864 4468 τῶν
2914 4417 2970 4469 δὲ
3000 4419 3280 4488 στοιχείων
3333 4420 3586 4485 ἕκαστον,
3629 4424 3844 4490 φύσεως

2193 4520 2239 4577 υ
2260 4506 2436 4574 ἁπλῆς
2475 4507 2614 4569 ἐστι,
2650 4507 2745 4558 καὶ
2778 4506 3014 4577 μάλιστα
3045 4509 3074 4560 ὁ
3102 4512 3354 4580 οὐρανός.
3411 4513 3477 4565 Ἦ
3518 4514 3652 4581 γοῦν
3672 4515 3840 4584 ψυχὴ.

2257 4598 2561 4668 ἐντελέχεια
2596 4599 2847 4668 σώματός
2895 4587 3043 4652 ἐστιν
3091 4586 3667 4675 ὀργανικοῦ,τυνάμει
3698 4605 3842 4673 ζωὴν

2256 4688 2500 4757 ἔχοντας’
2552 4691 2581 4742 ὁ
2617 4689 2674 4743 δὲ
2723 4690 2972 4759 οὐρανὸς,
3016 4690 3186 4761 μηδὲν
3237 4694 3530 4765 ὀργανικὸν
3587 4696 3753 4767 μέλος
3801 4696 3839 4768 ἢ

2258 4778 2424 4848 μέρος
2456 4779 2616 4850 ἔχων,
2670 4780 2792 4833 οὐδὲ
2857 4779 3081 4833 δύναται
3125 4782 3260 4854 ζῇνο
3314 4786 3431 4848 πῶς
3474 4783 3568 4840 οῦν
3603 4789 3671 4841 ἂν
3704 4790 3840 4850 ὅλως

2255 4869 2367 4938 ἔχοι
2392 4870 2591 4939 ψυχὴν,
2625 4869 2653 4922 ὂ
2680 4871 2778 4941 ζῇν
2818 4871 3093 4935 ἀδυνάτως
3141 4875 3290 4943 Exn;
3332 4876 3470 4928 Ἀλλ’
3500 4879 3550 4930 οἱ
3589 4896 3835 4946 ματαίω-

2255 4959 2439 5022 Οέντες
2467 4963 2648 5024 ἐντοῖς
2667 4962 3035 5033 διαλογισμοῖς
3072 4967 3275 5029 αὐτῶν,
3303 4967 3361 5033 ἐξ
3402 4968 3667 5022 ἀσυνέτου
3701 4986 3836 5039 καρ-

2252 5051 2371 5113 δίας
2398 5052 2576 5121 ιῖιυχὴν
2598 5053 2931 5117 ἀνέπλασαν,
2957 5056 3057 5125 τὴν
3098 5062 3236 5126 μήτε
3279 5057 3466 5121 οὖσαν,
3503 5061 3632 5131 μήθ’
3662 5062 3836 5130 ὑπάρ-

2252 5144 2444 5208 ξασαν,
2504 5145 2641 5211 μήτε
2683 5145 2972 5216 ἐσομένην,
3023 5151 3117 5200 καὶ
3155 5148 3360 5219 ταύτην
3380 5151 3473 5203 τοῦ
3503 5152 3605 5221 μὲν
3640 5154 3835 5221 αἰσθη-

2249 5234 2344 5287 τοῦ
2370 5234 2573 5297 παντὺς
2608 5237 2815 5304 κόσμου
2846 5237 3198 5308 δημιουργὸν,
3223 5242 3315 5292 καὶ
3352 5242 3715 5312 κυϐερνήτην,
3737 5245 3833 5295 καὶ

2253 5328 2578 5398 προνοητήν.
2612 5329 2731 5380 Τῶν
2754 5330 2811 5382 δὲ
2837 5331 3121 5402 ἡμετέρων
3153 5332 3361 5402 ψυχῶν,
3398 5335 3602 5403 μᾶλλον
3627 5336 3684 5389 δὲ
3723 5354 3831 5390 πα-

2253 5423 2383 5482 σῶν,
2428 5420 2540 5476 οἷόν
2598 5442 2721 5478 τινα
2775 5426 2955 5495 ῥίζαν,
3004 5429 3100 5480 καὶ
3149 5432 3335 5498 πηγὴν
3382 5433 3625 5494 ἀνεῖπον,
3658 5432 3828 5501 αὐτὴν

2251 5514 2479 5583 ἔχουσαν
2505 5516 2601 5585 τὴν
2630 5517 2843 5582 γένεσιν
2874 5518 2938 5568 ἐκ
2965 5519 3054 5570 νοῦ
3076 5535 3089 5549 ⁸
3117 5518 3177 5573 ὃν
3201 5520 3400 5589 δήποτε
3450 5523 3658 5575 ἐκεῖνον
3679 5523 3825 5589 νοῦν,

2250 5606 2407 5659 ἄλλον
2435 5606 2533 5675 τὴν
2555 5608 2744 5659 οὐσίαν
2787 5603 2925 5661 εἶναι
2977 5609 3216 5677 λέγουσι,
3253 5613 3402 5681 παρὰ
3448 5614 3540 5665 τὸν
3576 5615 3745 5684 ἀκρον
3764 5616 3827 5667 ὃν

2250 5715 2412 5763 φασιν
2436 5699 2589 5749 αὐτοὶ
2622 5699 2755 5750 Θεόν
2776 5713 2790 5726 ’
2816 5701 2908 5752 καὶ
2939 5701 3111 5753 ταῦτα
3158 5701 3381 5755 τοιαῦτα
3410 5703 3537 5756 ὄντα
3562 5704 3826 5774 δογματί-

2250 5789 2453 5852 ζουσιν,
2488 5791 2536 5840 οξ
2572 5789 2669 5859 τὴν
2704 5792 2918 5857 σοφίαν,
2948 5792 3039 5843 καὶ
3069 5791 3164 5860 τὴν
3194 5792 3470 5860 θεολογίαν
3502 5796 3661 5862 ἄκροι
3704 5794 3824 5851 κατ’
