4074 6322
437 345 573 407 112")

1329 358 1609 419 CAPITA
1652 360 2006 426 PHYSICA.
2044 359 2560 439 TllEOLOGlCA,
2604 366 2745 426 ETC

3542 370 3678 434 1126

430 457 623 521 αὐτούς
642 474 655 487 ο
688 460 796 511 τῶν
817 459 1083 529 κνώδαλα,
1118 465 1210 518 καὶ
1235 464 1412 531 λίθους
1429 469 1818 525 θεοποιούντων
1850 474 1986 526 οὐδὲπ

2104 476 2408 539 meliorem.
2453 480 2547 535 sed
2583 482 2765 550 potius
2814 481 2981 537 nmlto
3015 482 3254 553 peiorem
3286 486 3488 542 cultum
3543 506 3673 559 pro.

429 551 673 619 ἄμεινον,
707 552 905 621 μᾶλλον
933 553 990 606 δὲ
1029 556 1123 607 καὶ
1154 556 1333 628 πολλῷ
1377 561 1563 633 χεῖρον
1591 564 1718 633 περὶ
1751 564 1812 617 τὸ
1837 567 2001 631 σέϐας

428 640 781 710 διακείμενοι.
840 642 1104 698 Κνὼδαλα
1147 647 1278 718 γὰρ,
1323 652 1419 704 καὶ
1443 653 1658 722 χρυσὸς,
1696 656 1791 708 καὶ
1828 656 1991 719 λίθος,

429 732 523 784 καὶ
551 731 749 800 χαλκὸς
794 731 926 786 ἔστι.
943 750 1017 799 τι,
1048 735 1153 790 κᾶν
1180 737 1289 793 τῶν
1318 741 1379 794 ιν
1414 745 1528 807 τοῖς
1564 748 1800 810 κτιστοῐς
1836 745 2026 818 ἐσχάν

420 832 533 916 τιον
555 838 570 853 ο
598 829 838 916 ποσμικὴ
868 831 924 883 δὲ
945 831 1113 905 ψυχὴ,
1153 840 1248 892 ναὶ
1290 842 1653 916 ἀστροφόρος,
1681 847 1806 902 οὔτε
1836 850 1985 903 ἔστιν

420 905 544 963 οὔτε
566 912 757 1012 fisa-1t.
788 921 1014 994 μηδαμῆ
1040 922 1176 983 οὖσα
1200 905 1488 1004 μηδαμίῦς,
1522 905 1716 1012 ότι-μὴ
1746 942 1991 998 ἀνάπλα-

420 1015 532 1067 σμα
561 1002 797 1072 διανοίας
828 1014 1239 1086 κακοδαίμονος.

461 1095 550 1153 .’δ’.
595 1098 831 1172 Ἐπειδὴ,
861 1102 1063 1172 φασιν.⁸
1111 1107 1321 1181 ἀνάγκη
1352 1112 1619 1166 κινεῖσθαι
1653 1114 1716 1167 τὸ
1742 1114 1991 1184 οὐράνιον

422 1190 600 1258 σῶμα.
631 1197 943 1266 περαιτέρω
971 1197 1029 1250 δὲ
1076 1199 1241 1264 τόπος
1259 1201 1457 1268 οὐδεὶς,
1479 1205 1557 1268 είς
1588 1205 1649 1258 ὃν
1694 1203 1762 1258 ἂν
1789 1208 1989 1275 προῖιι,

419 1281 824 1353 ἔπαναστρέφει
878 1288 1015 1357 πρὸς
1070 1290 1251 1351 ἑαυτὸ.
1300 1292 1394 1346 καὶ
1433 1293 1493 1347 τὸ
1534 1295 1775 1365 προϊέναι
1802 1297 1990 1350 τούτου

422 1372 749 1440 στρέφεσθαί
782 1379 948 1444 ἐστιν,
979 1376 1129 1449 εὖγεο
1189 1384 1237 1435 εί
1280 1383 1412 1452 γοῦν
1436 1380 1549 1455 εἶχε
1571 1388 1755 1452 τόπον,
1784 1389 1898 1442 ἅνω
1927 1392 1991 1442 ἓν

416 1461 663 1531 ἐφέρετο,
679 1468 928 1539 καθάπερ
948 1474 1041 1525 καὶ
1058 1474 1116 1525 τὺ
1130 1472 1264 1545 πῦρ,
1291 1477 1382 1529 καὶ
1400 1478 1566 1531 αὐτοῦ
1595 1479 1651 1533 δὲ
1670 1480 1872 1549 μᾶλλον
1896 1482 1988 1534 τοῦ

417 1556 609 1623 πυρὸς,
642 1558 767 1611 ἐπεὶ
796 1563 888 1613 καὶ
924 1563 1123 1633 κοῦφον
1153 1567 1253 1631 τὴν
1268 1566 1430 1635 φύσιν
1453 1569 1544 1623 τοῦ
1575 1572 1746 1641 πυρὸς
1765 1572 1988 1641 μᾶλλον.

418 1645 565 1718 Αὕτη
596 1650 651 1702 δὲ
677 1651 739 1702 οὐ
781 1653 997 1720 φύσεως
1046 1656 1225 1727 ψυχῆς
1266 1662 1296 1729 ἡ
1344 1661 1578 1733 κίνησις,
1616 1663 1751 1716 ἀλλὰ
1773 1664 1990 1730 φύσεως

417 1739 748 1806 κουφότητος
771 1757 787 1771 ⁸
852 1744 901 1795 εἰ
936 1741 1028 1796 οὖν
1055 1746 1117 1798 τὸ
1157 1748 1403 1817 προϊέναι
1445 1751 1541 1804 τοῦ
1570 1752 1802 1821 οὐρανοῦ
1834 1754 1988 1822 στρέο

414 1828 611 1894 φεσθαί
642 1834 781 1896 ἐστι,
809 1835 870 1887 τὸ
900 1835 955 1888 δὲ
1011 1840 1076 1908 τῇ
1120 1839 1312 1893 ἑαυτοῦ
1339 1843 1500 1910 φύσει
1527 1843 1660 1913 ἔχει,
1690 1845 1804 1897 ἀλλ’
1829 1846 1890 1899 οὐ
1918 1851 1985 1916 τῇ
2022 1821 2069 1882 Β

408 1920 506 1986 τῆς
534 1920 733 1990 ψυχῆς,
771 1926 1062 1994 στρέφεται
1110 1930 1216 1999 ἄρα
1244 1931 1305 1983 τὸ
1341 1932 1590 2002 οὐράνιον
1624 1935 1802 2005 σῶμα,
1836 1938 1896 1990 οὐ
1921 1941 1984 2008 τῇ

413 2008 572 2076 φύσει
604 2013 698 2081 τῆς
719 2014 919 2082 ψυχῆς,
953 2016 1088 2071 ἀλλὰ
1116 2022 1182 2089 τῇ
1209 2021 1422 2086 ἑαυτοῦ,
1450 2024 1645 2099 οὐκοῦν
1674 2027 1794 2080 οὐδὲ
1807 2028 1986 2097 ψυχὴν

410 2101 541 2168 ἔχει.
586 2104 710 2155 Οὐδ’
740 2106 855 2159 ἔστι
909 2125 991 2170 τις
1039 2110 1311 2178 οὐράνιος,
1358 2114 1391 2185 ἢ
1429 2116 1770 2186 παγκόσμιος
1814 2119 1982 2188 ψυχὴ,

408 2194 542 2245 ἀλλὰ
575 2196 709 2266 μόνη
734 2197 923 2269 λογικὴ
953 2201 1097 2271 ψυχή
1146 2204 1293 2256 ἐστιν
1322 2206 1354 2274 ἡ
1382 2205 1694 2277 ἀνθρωπίνη
1722 2224 1737 2239 ⁸
1764 2209 1862 2263 οὐκ
1894 2213 1984 2263 οὐ·

412 2288 613 2352 ράνιος,
637 2289 1186 2365 ἁλλ’ὑπερουράνιος,
1216 2298 1277 2349 οὐ
1321 2299 1493 2367 τόπῳ,
1523 2299 1660 2354 ἀλλὰ
1684 2304 1751 2371 τῇ
1783 2303 1977 2371 ἑαυτῆς

414 2391 452 2442 φ
474 2380 595 2439 σει.
632 2382 726 2436 ἅτε
759 2386 922 2453 νοερᾶ
955 2387 1275 2457 ὑπάρχουσα
1300 2388 1475 2443 οὐσία.

426 2524 431 2529 ’
484 2518 546 2574 ε’.
574 2522 680 2573 Καὶ
708 2522 770 2574 τδ
806 2524 1053 2592 προϊέναι
1087 2524 1167 2587 δὲ,
1199 2526 1297 2579 καὶ
1323 2525 1458 2596 πρὸς
1494 2527 1554 2580 τὸ
1603 2525 1717 2580 ἄνω
1743 2526 1986 2581 ἐπεκτεί-

415 2629 467 2663 νε
479 2612 597 2665 σθαι
627 2613 685 2665 τὸ
708 2614 954 2682 οὐράνιον
969 2617 1069 2669 οὐκ
1099 2616 1211 2686 ἔχει
1244 2619 1431 2686 σῶμαο
1454 2619 1552 2688 οὐχ
1574 2620 1654 2672 ὅτι
1677 2620 1988 2690 περαιτέρω

413 2703 572 2765 τόπος
609 2705 709 2756 οὐκ
740 2704 853 2758 ἔστι
905 2707 1022 2775 (καὶ
1072 2709 1105 2778 ἡ
1161 2709 1299 2776 μετα
1332 2708 1491 2761 τοῦτο
1510 2711 1619 2778 γὰρ
1663 2715 1869 2781 σφαῖρα
1896 2710 1988 2763 τοῦ

417 2791 637 2860 αἰθέρος
667 2794 1197 2867 ὲμπεριειλημμένη)
1221 2796 1416 2866 τούτῳ,
1449 2797 1510 2850 οὐ
1546 2800 1794 2868 πρόεισιν
1816 2801 1907 2853 ἐπὶ
1930 2799 1989 2851 τὸ

413 2882 545 2934 ἇνω’
577 2883 672 2952 οὐχ
705 2884 784 2936 ὅτι
815 2885 975 2948 τόπος
1012 2885 1186 2949 οὐδεὶς
1218 2887 1296 2949 εἰς
1318 2886 1377 2938 ὃν
1410 2887 1479 2941 ἂν
1511 2890 1719 2959 προῖοιο
1765 2890 1989 2959 περικέ-

414 2990 570 3041 χυται
605 2976 711 3046 γὰρ
742 2976 913 3048 ταύτῃ
939 2977 1002 3030 τὸ
1036 2979 1286 3050 οὐράνιον
1317 2980 1521 3042 πλάτος
1554 2998 1569 3013 ο
1608 2982 1707 3033 οὐκ
1738 2982 1992 3035 ἐπεκτεί-

414 3079 560 3115 νεται
593 3064 648 3116 δὲ
676 3066 953 3136 ἀνωτέρω,
985 3068 1106 3120 ἐπεὶ
1122 3069 1182 3120 τὸ
1200 3070 1457 3140 ἀνωτέρω
1475 3070 1679 3140 ταύτης
1703 3070 1883 3134 τοῦτο,
1901 3072 1990 3124 λε-

2105 570 2354 637 fitentur,
2393 586 2554 641 quam
2600 574 2691 641 qui
2743 574 2944 628 bestias
2995 583 3089 628 aut
3137 576 3346 646 lapides
3396 580 3673 639 deilicaut.

2099 660 2237 717 Nam
2265 663 2472 729 beatiar,
2534 681 2767 729 aurum,
2823 681 2897 721 :es
2957 676 3013 722 et
3072 669 3211 735 lapis
3256 681 3390 724 sunt
3447 673 3670 740 aliquid,

2099 751 2230 809 licet
2260 764 2630 810 creaturarum
2663 758 2859 812 infimae
2887 774 2906 826 ;
2941 759 3122 813 anima
3166 775 3295 813 vero
3328 762 3593 815 mundana
3620 771 3673 815 et

2100 844 2364 900 stellifera
2398 862 2571 915 neque
2596 849 2783 903 existit
2823 864 2998 919 neque
3018 842 3231 920 aliquid
3260 867 3485 919 prorsus
3515 855 3669 913 aliud

2101 944 2187 993 est
2212 952 2375 1009 quam
2412 940 2605 995 memis
2626 940 2825 996 misere
2853 942 3473 1000 aherrantisinventum.

2168 1122 2224 1177 4.
2263 1122 2423 1189 Cmn,
2460 1123 2732 1191 inquiunt,
2764 1139 2987 1181 necesse
3044 1127 3117 1181 sit
3186 1129 3392 1183 moveri
3448 1130 3671 1184 emleste

2099 1229 2442 1285 corpus,nec
2473 1216 2702 1270 ulterior
2739 1216 2893 1273 locus
2951 1218 3021 1273 sit
3048 1218 3105 1273 in
3176 1234 3337 1289 quem
3389 1225 3669 1290 procedat,
3710 1258 3723 1265 -

2097 1310 2439 1363 convertitur
2476 1309 2530 1363 in
2555 1310 2815 1376 seipsum,
2844 1319 2898 1364 et
2917 1325 3209 1380 processus
3231 1314 3352 1382 ejus
3380 1316 3671 1369 conversio

2095 1400 2302 1468 optimc
2332 1411 2414 1454 est
2440 1419 2455 1466 ;
2477 1402 2521 1457 si
2553 1418 2683 1471 ergo
2712 1403 2936 1459 haberet
2980 1405 3216 1472 spatium
3239 1447 3254 1469 ,
3275 1421 3491 1460 sursum
3558 1408 3670 1461 fer-

2096 1502 2269 1555 retur,
2300 1495 2443 1549 sicut
2470 1504 2524 1548 ct
2555 1494 2721 1564 ignis.
2778 1504 2833 1550 et.
2888 1498 3059 1565 magis
3110 1512 3272 1566 quam
3328 1500 3469 1568 ignis
3528 1501 3669 1569 ipse,

2094 1585 2222 1653 quia
2257 1597 2449 1639 natura
2472 1586 2644 1641 levius
2696 1589 2822 1657 igne
2873 1598 3067 1644 cst.-—
3111 1589 3209 1644 llic
3254 1602 3432 1645 autem
3489 1604 3671 1649 motus

2096 1691 2206 1737 non
2241 1678 2478 1747 pertinet
2507 1680 2574 1733 ad
2608 1689 2859 1734 naturam
2913 1681 3130 1745 animae,
3178 1682 3271 1736 sed
3300 1684 3367 1736 ad
3415 1694 3670 1739 naturam

2097 1771 2334 1826 levitatis
2359 1790 2373 1833 ;
2399 1773 2442 1827 si
2471 1774 2635 1842 igitur
2661 1790 2951 1844 processus
2980 1776 3100 1830 εαξη
3123 1785 3207 1830 est
3227 1777 3341 1846 eius
3358 1779 3669 1844 conversio,

2098 1862 2249 1916 illum
2273 1876 2455 1917 autem
2510 1863 2673 1918 habet
2723 1878 2754 1917 ι
2789 1879 2888 1918 sua
2921 1876 3139 1930 natura,
3205 1854 3311 1919 non
3371 1882 3402 1920 a
3475 1878 3668 1922 natura

2097 1956 2316 2019 animm,
2358 1970 2488 2027 ergo
2516 1956 2747 2010 vertitur
2785 1956 3012 2012 caeleste
3061 1972 3281 2026 corpus,
3316 1972 3421 2013 non
3471 1968 3667 2013 natura

2096 2051 2316 2110 auitua‘,
2368 2051 2463 2103 sed
2533 2059 2724 2118 suapte
2773 2059 2987 2115 natura,
3043 2066 3143 2107 nec
3172 2053 3398 2122 proinde
3425 2054 3663 2107 animam

2096 2141 2279 2195 habet.
2312 2142 2497 2210 Neque
2525 2153 2609 2195 est
2636 2143 2813 2211 aliqua
2844 2143 3085 2199 emlestis
3114 2155 3169 2199 et
3201 2145 3524 2201 universalis
3546 2149 3671 2201 anic-

2095 2248 2205 2293 ma,
2237 2233 2329 2284 sed
2355 2233 2471 2287 sola
2502 2242 2586 2286 est
2668 2233 2850 2286 anima
2914 2235 3198 2288 rationalis
3241 2236 3495 2302 lnnnaua,
3562 2254 3668 2291 non

2094 2321 2357 2395 caelestis,
2390 2322 2485 2377 sed
2520 2323 2946 2391 superctelestis,
3004 2339 3112 2378 non
3168 2325 3310 2390 ioco,
3356 2330 3448 2381 sed
3476 2339 3668 2397 suapte

2095 2424 2313 2476 natura,
2341 2425 2609 2486 quatenus
2644 2416 3027 2471 intellectualis
3050 2419 3359 2474 substantia
3391 2430 3496 2475 est.

2164 2506 2217 2560 5.
2242 2504 2358 2559 Non
2421 2506 2543 2561 ideo
2599 2520 2705 2561 non
2762 2508 3004 2576 procedit
3056 2522 3156 2562 nec
3218 2524 3436 2563 sursum
3498 2510 3670 2564 fertur

2094 2599 2318 2653 cmleste
2344 2600 2707 2668 corpus,quia
2745 2598 2977 2652 ulterior
3006 2597 3161 2653 locus
3213 2614 3321 2653 non
3368 2610 3472 2653 est.
3530 2600 3665 2653 Nam

2091 2693 2209 2760 ipsa
2233 2691 2453 2746 authuris
2478 2689 2687 2759 spltmra
2721 2690 2812 2743 illo
2860 2689 3083 2745 inierior
3132 2690 3263 2745 etin
3315 2707 3380 2745 eo
3431 2694 3667 2745 circum-

2092 2785 2318 2854 scripta,
2357 2797 2457 2837 nec
2517 2782 2723 2836 idcirco
2784 2798 3002 2837 sursum
3056 2799 3163 2837 non
3221 2785 3485 2852 procedit.
3540 2787 3667 2853 quia

2093 2877 2277 2932 nullus
2303 2886 2387 2930 est
2418 2876 2570 2929 locus
2602 2875 2653 2929 in
2707 2890 2866 2945 quem
2915 2879 3193 2946 procedat,
3255 2895 3378 2932 eum
3428 2880 3665 2933 circum-

2093 2970 2275 3040 ciugat
2306 2984 2425 3024 eam
2452 2968 2695 3025 εωιρειίε
2729 2969 3028 3039 amplitudo
3055 2988 3070 3036 ;
3093 2972 3186 3026 sed
3229 2971 3352 3025 ideo
3408 2988 3511 3025 non
3571 2988 3665 3025 sn-

2092 3063 2280 3134 perius
2320 3062 2510 3123 tendit,
2542 3062 2672 3132 quia
2733 3063 2992 3131 superius
3052 3062 3157 3119 hoc
3208 3063 3443 3131 spatium
3496 3064 3666 3117 levius

413 3155 572 3206 πτότε
583 3173 670 3222 ρον
682 3156 847 3225 αὐτῆς
882 3158 996 3209 ἐστι
1021 3172 1034 3184 “
1057 3158 1138 3212 διδ
1166 3160 1259 3213 καὶ
1279 3161 1533 3228 ἀνωτέρω
1554 3163 1756 3232 ταύτης
1784 3162 1900 3215 ἐστὶ
1922 3166 1986 3233 τῇ

2093 3169 2154 3209 ea
2178 3165 2285 3216 est,
2315 3169 2379 3208 ac
2402 3154 2631 3223 proinde
2660 3168 2823 3223 supra
2855 3155 3000 3208 illam
3057 3164 3139 3210 est
3190 3167 3382 3221 suapte
3448 3167 3663 3207 ιιιιιυειι.

413 3244 571 3313 quae:
593 3246 929 3301 ἑαυτοῦ.οὐκ
951 3248 1059 3318 ἄρα
1073 3251 1152 3301 ὅτι
1174 3249 1248 3320 μὴ
1274 3250 1385 3319 ἔχει
1408 3252 1572 3307 τόπον
1594 3253 1849 3324 ἀνωτέρω
1861 3255 1991 3308 ἑαυ-

410 3334 504 3388 τοῦ
528 3336 662 3405 πρὸς
685 3336 752 3389 τά
768 3336 879 3390 ἄνω
892 3338 952 3390 οὐ
973 3340 1296 3409 προέρχεται
1316 3344 1345 3395 ό
1369 3343 1615 3413 οὐρανὸς,
1640 3344 1753 3398 ἀλλ’
1778 3345 1860 3399 ὅτι
1889 3364 1991 3417 μη·

410 3427 501 3481 δέν
521 3428 687 3482 αὐτοῦ
713 3429 871 3499 σῶμα
902 3429 1225 3500 λεπτότερόν
1250 3450 1310 3486 τε
1340 3437 1436 3489 καὶ
1464 3438 1791 3509 κουφότερόν
1822 3440 1988 3495 ἐστιν.

393 3585 401 3593 _
485 3524 559 3582 ς’.
587 3518 752 3573 Οὐδὲν
785 3521 946 3588 σῶμα
995 3520 1091 3574 τοῦ
1143 3523 1397 3593 οὐρανίου
1434 3526 1690 3596 σώματος
1729 3530 1991 3601 ὑψηλότε-

416 3612 509 3680 ρὸν
542 3613 692 3663 ἐστιν
721 3625 736 3639 ’
790 3611 908 3665 ἀλλ’
964 3613 1026 3666 οὐ
1081 3615 1231 3683 παρὰ
1285 3616 1442 3669 τοῦτο
1474 3618 1723 3673 δεκτικὸν
1753 3622 1853 3674 οὐκ
1875 3623 1990 3676 ἐστι

412 3702 661 3770 σώματος
682 3701 743 3755 τὸ
767 3702 1047 3775 ἀνωτέρω,
1085 3705 1198 3758 ἀλλ’
1224 3706 1305 3760 ὅτι
1337 3710 1443 3762 πᾶν
1477 3710 1635 3781 σῶμα
1668 3717 1990 3785 συμπεριεί-

411 3790 583 3861 ληφεν
625 3794 653 3845 ό
680 3793 931 3863 οὐρανὸς,
978 3796 1072 3848 καὶ
1127 3796 1294 3867 μηδὲν
1337 3799 1522 3871 ἕτερόν
1562 3806 1708 3857 ἐστιν
1733 3807 1990 3861 ἐπέκεινα

412 3884 589 3954 σῶμα.
623 3884 683 3936 Ei
718 3885 764 3938 δ’
799 3880 865 3955 ἦν
896 3885 1145 3951 διελθεῖν,
1182 3887 1369 3960 ὥσπερ
1421 3892 1553 3961 ἡμῖν
1598 3897 1709 3959 τοῖς
1742 3898 1987 3952 εὐσεϐέσι

409 3975 504 4026 καὶ
554 3976 886 4040 πιστεύεται,
923 3979 1023 4030 οὐκ
1060 3976 1129 4030 ἂν
1194 3975 1262 4049 ἦν
1307 3982 1686 4051 άπαράδεκτον
1734 3987 1796 4039 τὸ
1848 3991 1986 4059 ὑπὲρ

411 4066 501 4117 τὸν
534 4068 762 4134 οὐρανὸν
789 4071 986 4122 ἐκεῖνο.
1030 4069 1089 4122 '0
1129 4072 1236 4141 γὰρ
1266 4072 1331 4124 τὰ
1374 4074 1551 4129 πάντα
1580 4076 1799 4147 πληρῶν
1828 4081 1983 4144 Θεὸς,

410 4156 502 4205 καὶ
531 4156 664 4224 πρὸς
693 4158 760 4211 τὰ
822 4159 1083 4213 ἐπέκεινα
1127 4161 1222 4214 τοῦ
1265 4163 1496 4232 οὐρανοῦ
1540 4166 1983 4238 ἐπεκτεινόμενος

408 4244 497 4297 ἐπ’
532 4245 778 4318 ἄπειρον,
810 4245 876 4319 ἧν
906 4251 1000 4302 καὶ
1040 4253 1147 4321 πρὸ
1170 4252 1264 4305 τοῦ
1298 4254 1502 4322 κόσμου
1541 4255 1764 4327 πληρῶν
1786 4260 1860 4322 ὡς
1893 4263 1985 4314 καὶ

410 4335 503 4386 νῦν
551 4337 749 4406 πληροί
813 4340 905 4392 τὸν
941 4342 999 4393 ἐν
1032 4342 1107 4411 τῷ
1158 4344 1345 4414 κόσμῳ
1396 4347 1558 4398 τόπον
1610 4346 1824 4402 ἅπαντα
1848 4365 1863 4381 ·
1890 4353 1983 4404 καὶ

406 4427 557 4480 οὐδὲν
588 4430 861 4499 προσέστη
891 4433 1067 4494 τοῦτο,
1094 4435 1230 4488 ὥστε
1255 4437 1410 4506 σῶμα
1445 4438 1501 4491 ὲν
1530 4439 1679 4508 αὐτῷ
1701 4442 1978 4508 γενέσθαι.

2091 3244 2211 3301 Non
2247 3247 2410 3316 igitur
2442 3246 2566 3315 quia
2603 3247 2939 3314 superiorem
2968 3246 3151 3316 seipso
3183 3246 3362 3300 locum
3425 3263 3528 3299 non
3573 3248 3667 3297 ltu-

2091 3338 2206 3400 bct,
2241 3337 2445 3391 idcirco
2475 3351 2689 3392 sursmn
2717 3336 2859 3389 hami
2895 3335 3064 3390 fertur
3100 3335 3320 3401 coelum,
3384 3336 3477 3389 sed
3539 3337 3662 3403 quia

2089 3432 2299 3487 nullum
2329 3446 2529 3499 corpus
2563 3444 2629 3484 eo
2686 3427 2945 3483 subtilius
2976 3441 3040 3480 ac
3076 3429 3247 3481 levius
3276 3435 3381 3479 est.

2161 3522 2217 3578 6.
2270 3518 2482 3575 Nullum
2518 3534 2716 3589 corpus
2746 3533 2974 3589 corpore
3006 3518 3216 3572 cmlesti
3239 3517 3521 3572 sublimius
3548 3532 3578 3571 e
3615 3526 3660 3577 ι,

2089 3629 2195 3669 non
2229 3614 2354 3684 quia
2413 3613 2618 3667 nullum
2669 3619 2751 3666 est
2827 3612 3079 3680 superius
3132 3612 3372 3680 spatium
3424 3611 3661 3677 alicujus

2088 3708 2336 3777 corporis
2359 3720 2555 3775 capax,
2578 3706 2671 3760 sed
2705 3706 2833 3773 quia
2862 3718 3024 3759 oume
3054 3718 3256 3774 corpus
3308 3703 3451 3759 coelo
3511 3716 3663 3755 com-

2089 3798 2474 3866 prehenditur,
2509 3811 2608 3850 nec
2624 3795 2772 3850 aliud
2807 3803 2890 3850 est
2918 3794 3151 3849 ulterius
3200 3808 3420 3863 corpus.
3448 3792 3506 3847 Si
3567 3809 3662 3846 au-

2088 3900 2197 3943 tem
2260 3889 2480 3943 transiri
2551 3898 2773 3957 posset,
2851 3886 2995 3941 sicut
3050 3901 3152 3941 nos
3210 3885 3297 3954 pie
3352 3886 3660 3948 credimus,

2089 3993 2198 4031 non
2236 3988 2381 4030 esset
2416 3977 2805 4031 inadmissibile
2856 3976 2987 4031 illud
3023 3977 3273 4043 superius
3329 3976 3469 4030 cmlo
3529 3991 3661 4043 spa-

2091 4071 2247 4123 tiutn.
2284 4067 2417 4121 Nam
2451 4069 2667 4135 rt'plens
2728 4069 2909 4121 omnia
2959 4068 3123 4133 Deus,
3154 4076 3211 4120 et
3260 4067 3398 4120 ultra
3461 4068 3658 4121 co'lnm

2087 4172 2349 4214 extensus
2383 4161 2435 4212 in
2484 4160 2780 4222 inlinitum,
2830 4168 2946 4212 erat
2998 4157 3164 4213 etiam
3219 4169 3346 4210 ante
3391 4161 3653 4211 tnnndum

2087 4250 2331 4320 explens.
2366 4250 2503 4305 sicut
2527 4261 2581 4303 et
2609 4263 2755 4303 nunc
2786 4248 2969 4316 implet
2999 4263 3213 4302 onmem
3242 4248 3423 4301 rutundi
3458 4248 3658 4312 locum,

2089 4352 2262 4408 neque
2288 4338 2339 4391 id
2360 4339 2575 4392 obstitit
2604 4339 2732 4407 quin
2791 4351 2991 4406 corpus
3020 4338 3072 4391 iu
3137 4353 3204 4393 eo
3263 4336 3653 4392 collocaretur.

2087 4429 2229 4495 Ergo
2267 4446 2368 4484 nec
2403 4431 2699 4500 quidquam
2731 4430 2985 4501 impediet
3010 4430 3136 4499 quin
3169 4432 3242 4486 sit
3265 4443 3421 4485 extra
3451 4432 3653 4487 coelum

408 4519 616 4573 Οὐκοῦν
667 4522 787 4574 οὐδὲ
833 4526 989 4587 ἐκτὸς
1034 4526 1129 4577 τοῦ
1161 4527 1392 4593 οὐρανοῦ
1436 4529 1693 4597 ἐμπόδιον
1721 4530 1874 4585 ἔσται
1905 4552 1977 4595 τι,

2090 4522 2258 4585 locus,
2302 4522 2480 4589 qualis
2504 4522 2649 4575 circa
2679 4521 2937 4577 mundum
2996 4530 3052 4575 et
3104 4519 3251 4576 intus
3303 4521 3490 4575 mundi
3549 4532 3653 4585 est,

410 4611 483 4678 μὴ
510 4606 648 4665 εἶναι
672 4613 858 4674 τόπον.
887 4610 996 4678 οἷος
1018 4618 1045 4668 ὁ
1068 4633 1133 4668 πε
1145 4619 1442 4689 ρικόσμιος,
1470 4621 1501 4687 ἢ
1534 4622 1561 4673 ό
1583 4623 1982 4688 γεγονὼςὲντὸς

407 4702 500 4754 τοῦ
528 4704 752 4773 κόσμου,
773 4707 909 4775 πρὸς
939 4709 999 4760 τὸ
1021 4705 1160 4763 εἶναι
1186 4711 1344 4780 σῶμα
1377 4713 1433 4763 ἐν
1458 4713 1627 4781 αὐτῷ.

483 4798 548 4859 ζ’.
575 4795 697 4860 Πῶς
726 4795 841 4860 οὖν,
874 4800 996 4852 ἐπεὶ
1053 4802 1219 4869 μηδὲν
1257 4802 1513 4871 ἐμπόδιόν
1545 4805 1714 4869 ἐστιν,
1751 4806 1811 4859 οὐ
1842 4808 1975 4878 πρδε,

404 4891 464 4942 τὸ
496 4890 609 4942 ἄνω
663 4892 884 4960 φέρεται
919 4893 951 4959 ἡ
1005 4891 1218 4962 κίνησις
1271 4894 1363 4946 τοῦ
1408 4895 1662 4965 οὐρανίου
1700 4897 1974 4967 σώματος,

403 4981 517 5033 ἀλλ’
548 4982 961 5050 ὲπαναστρέφον
995 4982 1072 5044 είς
1115 4984 1276 5035 ἑαυτὸ
1318 4988 1547 5041 κινεῖται
1589 4987 1808 5058 κύκλῳ;
1842 4990 1975 5044 διότι

404 5089 509 5141 περ
539 5072 865 5136 ἐπιπολάζον
885 5073 962 5136 ὠς
995 5073 1319 5128 λεπτότατον
1342 5078 1616 5143 ἁπάντων,
1643 5084 1839 5144 παντὸς
1871 5082 1975 5135 σώ-

405 5181 573 5234 ματος
610 5163 884 5220 ἀνώτατόν
912 5167 1080 5231 ἐστιν,
1120 5167 1254 5222 ἀλλὰ
1294 5171 1387 5222 καὶ
1422 5171 1866 5240 κινητικώτατον·
1897 5175 1973 5239 ὡς

400 5258 511 5325 γάρ
572 5257 633 5309 τὸ
700 5257 1184 5327 πμπεπιλημένον
1246 5259 1452 5330 ἄκρως,
1504 5263 1598 5314 καὶ
1646 5262 1970 5332 βαρύτατον,

399 5347 712 5403 κατώτατόν
764 5366 824 5401 τε
867 5350 961 5402 καὶ
1017 5351 1366 5418 κουφότατον,
1432 5352 1704 5407 ἀνώτατόν
1739 5371 1797 5407 τε
1856 5355 1973 5424 ἅμα

398 5442 492 5496 καὶ
509 5442 936 5511 κινητικώτατον
965 5459 979 5473 ο
1034 5444 1155 5495 ἐπεὶ
1190 5443 1281 5496 οὖν
1304 5444 1569 5497 κινεῖσθαι
1598 5446 1837 5515 πέφυκεν
1854 5449 1970 5502 ἐπι-

397 5535 633 5600 πολάζον
665 5535 777 5588 άνω
807 5533 984 5603 φύσει,
1031 5536 1091 5588 τὸ
1119 5536 1173 5588 δὲ
1200 5536 1370 5600 οὓτως
1419 5538 1768 5602 ἐπιπολάζον.
1803 5559 1969 5610 χωρι-

400 5628 591 5696 σθῆναι
647 5630 713 5700 τῇ
769 5628 964 5682 ἑαυτοῦ
1014 5628 1172 5697 φύσει
1205 5626 1281 5682 ὧν
1329 5631 1967 5696 ἐπιπολάζεϋάὼνάτως

399 5717 532 5784 ἔχει,
572 5720 841 5789 σφαιρικὰ
871 5719 927 5771 δέ
956 5722 1123 5782 ἐστιν,
1175 5713 1253 5781 οἷς
1283 5719 1345 5771 τὸ
1371 5719 1617 5789 οὐράνιον
1648 5722 1966 5784 ἐπιπολάζει

401 5805 581 5874 σῶμα,
625 5810 743 5861 κατ’
810 5808 1055 5877 ἀνάγκην
1107 5807 1189 5861 θεῖ
1225 5808 1350 5879 περὶ
1386 5808 1523 5863 αὐτὰ
1555 5809 1867 5877 ἀπαύστως,
1903 5813 1962 5865 οὐ

2085 4623 2142 4665 nt
2170 4614 2241 4666 sit
2274 4614 2324 4666 iu
2358 4628 2425 4667 eo
2448 4628 2666 4683 corpus.

2156 4794 2210 4847 7.
2239 4793 2421 4860 Quare
2445 4794 2639 4867 igitur,
2661 4809 2783 4849 cum
2811 4796 2991 4850 nullus
3022 4797 3095 4851 sit
3127 4796 3414 4860 obex,uon
3433 4811 3650 4850 sursmn

2085 4888 2260 4943 fertur
2283 4898 2457 4942 motus
2489 4888 2726 4942 caelestis
2751 4890 3018 4956 corporis,
3042 4888 3134 4942 sed
3171 4888 3225 4942 in
3260 4889 3499 4955 seipsum
3544 4890 3650 4941 cir-

2081 4980 2301 5035 culatim
2359 4980 2697 5034 convertitur
2727 4980 2749 5034 Τ
2772 4979 2910 5045 Quia
2929 4994 3090 5048 supra
3111 4994 3273 5034 omne
3290 4994 3484 5048 corpus
3516 4996 3648 5048 qua-

2084 5074 2129 5126 εἰ
2163 5084 2500 5142 supernatat,
2526 5090 2631 5143 qua
2685 5072 3061 5126 tenuissimum
3124 5072 3371 5125 omnium
3435 5082 3539 5134 est,
3590 5084 3646 5125 et

2082 5168 2245 5220 etiam
2297 5167 2711 5221 mobilissimum
2753 5181 2768 5220 :
2802 5175 2885 5219 est
2918 5164 3063 5217 enim
3116 5165 3267 5218 velut
3308 5164 3648 5219 involucrum

2082 5261 2479 5327 circumtvgens
2513 5271 2675 5312 omne
2702 5256 3105 5325 gravissimum,
3170 5255 3414 5309 infimum
3469 5266 3525 5310 et
3572 5256 3646 5308 lc-

2080 5350 2385 5413 rissimnm,
2415 5348 2737 5403 altissimum
2765 5348 2926 5402 simul
2959 5356 3014 5401 et
3037 5348 3476 5401 mobilissimum.
3509 5346 3644 5400 Cum

2081 5443 2244 5511 igitur
2310 5440 2631 5495 naturaliter
2684 5450 2963 5495 moveatur
3021 5440 3447 5508 superuatando,
3503 5440 3646 5505 qtmtl

2078 5547 2255 5585 autem
2288 5533 2361 5587 ita
2385 5533 2688 5602 superfluit,
2724 5546 2822 5588 sua
2857 5544 3051 5587 natura
3108 5531 3354 5601 separari
3409 5543 3645 5599 nequeat

2075 5629 2142 5678 ah
2179 5624 2265 5676 his
2287 5640 2406 5692 qua:
2437 5626 2822 5693 superlahitur,
2845 5638 3079 5692 cumque
3097 5622 3357 5692 spha'rica
3387 5621 3498 5674 siut
3525 5623 3646 5690 qui-

2076 5717 2177 5772 bus
2213 5718 2435 5772 tteleste
2472 5732 2667 5785 corpus
2715 5717 3126 5787 superﬂuctnat,
3176 5716 3486 5768 necessario
3540 5718 3646 5769 cir-

2076 5824 2197 5865 cum
2230 5824 2293 5864 ea
2327 5811 2497 5865 currit
2530 5809 2919 5875 iudrsiucnter,
2946 5796 3050 5862 non
3112 5818 3370 5875 tanquam
3436 5807 3645 5861 attitna-
