4146 6308
632 353 765 416 1121
864 364 867 368 ‘

1864 348 2252 413 GREGORU
2298 352 2386 410 Pl
2404 354 2487 412 LA
2503 356 2550 412 Μ
2566 356 2625 413 ,Ε

3727 351 3859 419 1123

629 475 766 522 tum,
808 461 901 517 sed
935 462 983 514 vi
1010 460 1279 530 corporali
1308 468 1362 515 et
1393 462 1634 528 propria,
1666 459 1790 530 quia
1840 462 2016 513 lorum
2077 462 2189 515 loco

2311 453 2468 520 φύσει
2503 456 2728 527 φυχικῇ,
2762 457 2896 511 ἀλλὰ
2925 463 3272 529 σωματοειδεῖ
3288 463 3307 531 ξ-
3326 480 3385 517 τε
3414 463 3506 517 καὶ
3527 465 3734 537 οίκεία·
3758 469 3874 522 ἐπεὶ

632 564 805 607 mutat
839 569 932 621 per
981 563 1181 622 partes,
1246 554 1388 622 quod
1447 563 1531 609 est
1591 552 1844 622 proprius
1899 568 2187 621 corporum

631 656 833 711 motus,
857 646 997 700 sicut
1027 647 1279 715 opposita
1312 645 1463 714 quies
1491 659 1789 714 corporum
1815 659 1884 700 ex
1942 647 2191 713 opposito

628 738 911 792 stantium.

703 830 757 882 8.
781 827 978 883 Videre
1009 838 1091 883 est
1115 830 1228 898 ipso
1256 824 1472 898 quoque
1500 827 1775 897 proximos
1803 827 1959 881 nobis
1978 836 2186 893 ventos,

629 920 694 973 ab
727 921 810 974 his
847 936 967 988 qua!
984 920 1337 987 perlabuntur
1373 930 1523 974 motu
1552 935 1653 975 suo
1702 935 1812 974 non
1869 920 2182 980 discedere.

630 1025 727 1063 nec
758 1011 1009 1076 superius
1030 1025 1264 1078 unquam
1297 1012 1607 1072 ascendere,
1645 1025 1748 1064 non
1782 1011 1910 1079 quia
1943 1012 2183 1079 spatium

629 1118 732 1154 non
766 1102 982 1165 habent,
1018 1104 1110 1155 sed
1145 1103 1270 1170 quia
1306 1103 1455 1157 leves
1487 1103 1669 1157 minus
1703 1112 1827 1156 sunt
1881 1117 2041 1169 quam
2096 1118 2192 1154 su-

628 1192 859 1259 periora.
893 1190 1107 1243 Manent
1132 1205 1260 1245 vero
1283 1206 1445 1258 supra
1473 1206 1534 1244 ea
1571 1191 1769 1260 quibus
1826 1189 2188 1259 supérlabun-

628 1291 735 1343 tur,
769 1291 954 1349 utpote
987 1281 1070 1335 his
1103 1281 1427 1336 naturaliter
1458 1281 1690 1337 leviores
1722 1297 1737 1347 ;
1775 1291 2069 1336 movemur
2090 1298 2192 1336 au-

627 1382 731 1425 tem
767 1372 1172 1439 etipsicireum
1204 1375 1337 1437 haic,
1404 1390 1508 1427 non
1574 1384 1766 1428 natura
1814 1373 2032 1435 animae.
2093 1374 2190 1428 sed

624 1472 817 1530 suapte
840 1473 1053 1517 natura.
1111 1464 1179 1519 Et
1231 1480 1527 1535 congruam
1581 1467 1720 1519 hanc
1773 1450 2189 1520 similitudinem

622 1553 836 1616 volens,
867 1565 924 1606 ut
996 1564 1153 1622 puto,
1222 1557 1484 1610 exhibere
1541 1557 1767 1625 sapiens
1829 1559 1883 1610 in
1936 1558 2190 1611 omnibus

627 1641 907 1717 Salomon,
970 1645 1142 1697 rentis
1198 1645 1532 1713 comparavit
1582 1645 1801 1705 cmleste
1860 1648 2191 1721 corpusade

625 1733 727 1787 hoc
759 1734 946 1789 dicetis
980 1734 1023 1766 ⁸⁸
1050 1753 1064 1789 :
1095 1755 1113 1787 t
1152 1735 1317 1805 Gyrat
1367 1747 1422 1792 et
1466 1737 1520 1791 in
1558 1738 1794 1793 circuitu
1846 1740 2023 1810 pergit
2078 1740 2192 1807 spi-

2310 548 2403 599 xa‘t
2438 548 2599 600 τόπον
2630 550 2693 601 ἐκ
2722 550 2900 604 τόπων
2937 552 3151 621 ἀμείϐει
3199 554 3340 607 κατά
3380 556 3545 626 μέρη,
3580 559 3614 627 ὴ
3665 559 3872 628 κίνησις

2310 638 2571 708 ίδιαιτάτη
2628 641 2747 693 ἐστὶ
2799 643 3089 712 σωμάτων,
3120 643 3310 716 ὥσπερ
3342 648 3437 700 καὶ
3466 649 3499 719 ἡ
3526 648 3872 721 ἀντικειμένη

2308 730 2519 793 στάσις,
2549 730 2656 784 τῶν
2677 730 2910 798 ἐχόντων
2939 734 3207 804 σωμάτων
3238 736 3552 801 ἀντιθέτως.

2371 826 2441 898 η’.
2480 826 2607 880 Ἶδοι
2635 841 2720 888 τις
2775 823 2855 877 ἂν·
2889 823 2993 876 κάν
3043 823 3154 883 τοῖς
3194 821 3358 888 ἐγγὺς
3404 820 3535 889 περὶ
3571 819 3719 889 ἡμᾶς
3745 821 3871 885 τοὺς

2298 913 2651 988 ἀνέμους,οἷς
2673 915 2983 985 πεφύκασιν
3030 911 3405 976 ἐπιπολάζειν,
3439 912 3514 982 μὴ
3563 914 3871 984 χωριζομέ.

2295 1027 2419 1073 νους
2445 1010 2573 1079 περὶ
2600 1007 2774 1061 ταῦτα
2816 994 3186 1075 κινουμένους,
3251 1004 3511 1075 ἀνωτέρω
3577 1003 3634 1056 δὲ
3701 1005 3871 1073 μηδα-

2300 1102 2415 1169 μῶς
2467 1099 2922 1171 προερχομένους,
2976 1098 3035 1149 οὐ
3064 1096 3143 1166 τῷ
3196 1095 3271 1165 μὴ
3328 1091 3468 1148 εἶναι
3507 1095 3693 1156 τόπον,
3739 1093 3871 1148 ἀλλά

2296 1193 2375 1261 τῷ
2400 1192 2580 1259 κοῦφα
2638 1191 2835 1260 μᾶλλον
2888 1188 3069 1243 αὐτῶν
3131 1183 3274 1240 εἶναι
3334 1186 3404 1240 τά
3458 1186 3601 1258 ὑπὲρ
3650 1187 3869 1251 αὐτούς.

2298 1285 2536 1340 Μένουσι
2566 1283 2623 1336 δὲ
2670 1284 2756 1350 ἐφ’
2802 1276 2877 1336 ὧν
2935 1279 3378 1343 ἐπιπολάζουσιν,
3425 1280 3521 1333 ἀτε
3552 1279 3868 1349 κουφότεροι

2295 1377 2499 1430 τούτων
2524 1375 2622 1446 τὴν
2665 1373 2827 1443 φύσιν
2855 1373 3026 1435 ὄντεςο
3058 1372 3330 1425 κινοῦνται
3359 1371 3416 1424 δὲ
3450 1372 3545 1424 καὶ
3575 1364 3721 1425 οὗτοι
3746 1372 3871 1441 περὶ

2294 1470 2487 1536 ταῦτα,
2514 1472 2575 1522 ού
2607 1469 2767 1536 φύσει
2788 1467 3018 1538 ψυχικῇ,
3048 1464 3185 1519 ἀλλά
3214 1467 3281 1535 τῇ
3306 1464 3463 1533 φύσει
3493 1466 3728 1519 ἑαυτῶν.
3757 1465 3869 1517 Καὶ

2294 1562 2498 1633 ταύτην
2525 1557 2679 1630 οἶμαι
2715 1559 2812 1630 τὴν
2845 1558 3072 1628 μετρίαν
3091 1557 3411 1627 ἐμφέρειαν,
3438 1556 3576 1608 καὶὸ
3600 1554 3668 1608 τὰ
3691 1556 3867 1608 πάντα

2297 1653 2458 1720 σοφὸς
2482 1650 2733 1720 Σολομῶν
2762 1642 3100 1712 ἐνδείξασθαι
3131 1644 3472 1716 βουλόμενος,
3502 1644 3616 1706 τοῖς
3643 1644 3869 1714 ἀνέμοις
3941 1663 3947 1669 ’

2291 1744 2601 1815 ὁμωνύμως
2640 1740 2871 1795 ἐκάλεσε
2935 1741 2997 1793 τὸ
3021 1739 3272 1810 οὐράνιον
3308 1738 3487 1808 σῶμα,
3515 1739 3645 1806 περὶ
3680 1736 3866 1791 τούτου

624 1827 785 1888 ritus,
817 1836 872 1879 et
893 1828 942 1879 in
974 1825 1209 1882 circulos
1229 1843 1359 1883 suos
1401 1830 1695 1884 revertitur
1737 1831 1991 1900 spiritus.
2022 1850 2042 1882 ι
2080 1832 2189 1886 Dil—

2293 1836 2520 1906 γράφων
2542 1851 2555 1865 ο
2591 1855 2610 1886 ι
2642 1833 2851 1887 Κυκλοῖ
2871 1831 3087 1885 κυκλῶν
3104 1831 3397 1900 πορεύεται
3428 1830 3489 1883 τδ
3505 1829 3744 1898 πνεῦμα,
3776 1829 3867 1883 καὶ

622 1913 726 1969 fert
750 1926 929 1972 autem
959 1931 1151 1974 natura
1182 1921 1496 1991 propiorum
1521 1923 1680 1977 nobis
1710 1934 1992 1978 ventorum
2037 1941 2064 1978 a
2101 1943 2191 1979 su-

622 2008 960 2063 blimioribus
990 2013 1314 2079 corporibus
1345 2028 1408 2067 ac
1430 2014 1978 2070 velociSsimoeorum
2019 2028 2188 2083 motu,

622 2099 676 2153 in
704 2110 965 2169 quantum
991 2102 1160 2158 distat
1184 2105 1252 2158 ab
1307 2120 1494 2159 eorum
1557 2106 1801 2161 levitate.

690 2255 743 2309 9.
771 2254 916 2310 Duas
944 2271 1009 2310 ex
1032 2257 1281 2326 opposito
1310 2269 1448 2313 terra
1487 2274 1652 2315 zonas
1674 2261 1837 2317 habet
1869 2246 2193 2333 temperatas

521 2335 534 2346 ”
618 2354 674 2399 et
698 2347 1044 2412 habitabiles,
1071 2350 1225 2419 juxta
1274 2356 1501 2422 gentiles
1552 2355 1928 2426 philosophos,
1975 2367 2189 2413 etcum

618 2446 848 2505 utraque
875 2436 928 2490 in
955 2437 1094 2493 duas
1126 2452 1309 2508 partes
1342 2445 1613 2499 habitatas
1639 2446 1932 2513 dividatur,
1959 2460 2193 2516 quatuor

617 2526 842 2593 proinde
871 2538 1138 2582 statuunt.
1172 2529 1355 2600 Itaque
1390 2543 1621 2602 quatuor
1670 2536 1950 2591 hominum
1984 2540 2193 2609 species

617 2610 671 2662 in
708 2621 849 2665 terra
864 2628 997 2668 esse
1026 2614 1315 2683 allii-utaut,
1348 2637 1469 2690 qua:
1496 2621 1564 2675 ad
1597 2638 1717 2679 sese
1756 2627 1985 2681 invicem
2016 2638 2194 2684 trans-

617 2699 700 2753 ire
751 2712 1044 2768 nequeant.
1085 2705 1229 2760 Sunt
1286 2710 1458 2771 enim.
1496 2711 1653 2780 juxta
1710 2729 1828 2778 eos,
1881 2726 2192 2786 temperata:

619 2793 793 2860 partis
816 2808 883 2848 ex
912 2796 1136 2864 obliquo
1168 2800 1323 2855 nobis
1371 2806 1632 2870 opposita:
1665 2807 2018 2872 habitatores,
2049 2825 2186 2879 quos

617 2902 644 2936 a
680 2884 835 2938 nobis
870 2889 1071 2975 torrida
1100 2905 1234 2944 zona
1270 2901 1428 2948 terra:
1478 2908 1716 2963 separat.
1764 2898 1860 2953 llis
1885 2910 2064 2957 autem
2096 2918 2193 2973 op-

618 2979 775 3047 positi
826 2994 953 3035 sunt
982 2984 1191 3051 incolui,
1224 2987 1337 3054 qui,
1370 2997 1426 3040 ut
1458 2988 1564 3044 illis
1620 2990 1854 3058 videtur,
1887 2995 2077 3051 subter
2127 3012 2191 3052 ea

616 3085 752 3123 zona
779 3080 1076 3141 temperata
1103 3076 1373 3143 habitant,
1399 3081 1538 3133 sicut
1565 3089 1618 3135 et
1661 3084 2060 3141 nobissubsunt
2096 3091 2187 3158 qui

615 3161 803 3215 eodem
836 3164 995 3218 modo
1029 3182 1153 3237 erga
1198 3185 1298 3223 nos
1321 3169 1525 3237 jacent,
1553 3182 1606 3227 et
1635 3189 1865 3242 quorum
1901 3179 2035 3234 alios
2066 3181 2186 3250 qui~
2214 3170 2264 3234 Ω

617 3255 739 3307 «lem
770 3257 1071 3324 oppositos.
1106 3261 1241 3315 alios
1276 3274 1454 3318 autem
1513 3282 1578 3319 ex
1624 3268 1888 3325 diametro
1932 3272 2186 3330 adversos

618 3346 776 3403 nobis
810 3364 931 3405 esse
962 3352 1169 3407 dicunt.
1203 3354 1453 3424 Ignorant
1503 3360 1671 3423 enim,
1699 3372 1923 3433 excepta
1975 3366 2184 3421 decima

619 3450 771 3506 parte
798 3443 1019 3513 sphame
1042 3452 1340 3515 terrestris,
1378 3452 1643 3522 reliquum
1669 3455 1779 3511 fere
1806 3469 1977 3513 totum
1994 3460 2188 3529 abysso

618 3547 878 3604 aquarum
896 3540 1285 3598 .circumcludi.

692 3714 779 3769 10.
811 3716 990 3770 Sciret
1014 3719 1229 3790 aliquis,
1262 3735 1459 3792 prarter
1503 3743 1622 3783 eam
1673 3746 1835 3800 quam
1872 3711 2186 3801 incolimus,

616 3804 820 3858 nullam
846 3807 1005 3861 aliam
1032 3819 1189 3866 terrae
1215 3825 1422 3882 partem
1470 3816 1821 3877 habitabilem
1843 3839 1983 3891 esse,
2005 3837 2189 3897 utpote

615 3897 814 3968 abysso
848 3901 1260 3970 circunulatam,
1292 3910 1337 3962 si
1385 3913 1843 3973 animadverteret
1882 3922 2188 3992 proportio-

616 4006 739 4045 nem
769 3994 882 4046 «lari
921 3994 1062 4050 inter
1091 4010 1329 4068 quatuor
1379 4005 1647 4061 elementa
1680 4012 1878 4077 quibus
1928 4015 2189 4072 cealesrit

618 4086 871 4139 tnuudus.
907 4085 971 4139 Et
994 4104 1092 4158 pro
1112 4093 1321 4148 ratione
1351 4099 1582 4167 propria:
1616 4101 1957 4170 subtilitatis,
1992 4108 2184 4163 horum

614 4181 1036 4248 unumquodque
1054 4182 1211 4239 latius
1226 4188 1333 4242 alio
1358 4189 1411 4243 in
1439 4193 1647 4260 sphaera
1682 4198 1913 4265 spatium
1933 4211 2185 4271 occupat,

616 4279 673 4320 ut
698 4271 795 4338 ipsi
828 4271 1109 4328 Aristoteli
1153 4277 1383 4334 videtur.
1413 4281 1662 4352 Quinque
1708 4288 1853 4343 enim
1911 4301 2057 4357 sunt,
2085 4294 2184 4361 ait,

614 4361 904 4424 elementa,
944 4364 995 4417 in
1015 4367 1253 4434 quinque
1274 4372 1498 4437 sphaera:
1522 4377 1763 4442 partibus
1793 4380 1866 4432 ita
1898 4381 2184 4450 disposita,

616 4460 675 4504 ut
706 4466 920 4519 semper
948 4458 1125 4510 minus
1156 4460 1345 4528 majori
1371 4465 1851 4537 circumciugatur,

614 4542 740 4596 licet
767 4544 945 4605 undis,
983 4561 1110 4600 aere
1149 4564 1312 4617 aqua,
1340 4567 1453 4606 aer-
1486 4555 1630 4625 igne,
1664 4559 1806 4628 ignis
1836 4564 2037 4620 aethere
2067 4583 2082 4624 :
2128 4577 2185 4623 et

617 4635 706 4690 hic
743 4646 827 4690 est
860 4640 1113 4692 mundus.

685 4730 773 4783 ll.
830 4730 973 4802 Ergo
1040 4735 1493 4802 pellucitlissimus
1540 4744 1714 4800 milier
1770 4752 2048 4807 extensior
2102 4766 2186 4821 cst

617 4821 763 4887 igne,
789 4823 950 4890 quiet
970 4828 1255 4882 succmsio
1286 4844 1528 4895 voratur,
1547 4848 1601 4888 et
1626 4838 1763 4906 ignis
1798 4843 1945 4897 aeria
1972 4847 2183 4914 sphmra

614 4912 843 4979 amplior
869 4925 971 4978 est,
1002 4928 1054 4971 et
1087 4933 1275 4974 rursus
1315 4936 1409 4975 aer
1429 4938 1588 4993 aqua,
1609 4938 1663 4981 et
1709 4945 1844 5000 aqua
1874 4912 2040 5000 terra,
2065 4952 2184 5004 qua:

615 5007 852 5060 maxime
877 5009 1116 5063 omnium
1164 5013 1539 5083 circumclusa,
1572 5021 1794 5077 minime
1851 5036 1997 5092 patet
2044 5029 2182 5084 inter

613 5108 846 5165 quatuor
894 5116 1012 5167 qua:
1040 5102 1137 5156 sub
1171 5106 1312 5159 coelo
1378 5119 1526 5163 sunt.
1566 5112 1737 5182 Majus
1800 5116 1961 5184 igitur
2018 5133 2178 5184 quam

615 5199 758 5242 terra
788 5192 1016 5257 spatium
1053 5202 1241 5249 tenens
1269 5212 1421 5266 aqua:
1452 5201 1681 5267 splucra,
1713 5204 1756 5255 si
1788 5213 1956 5257 totum
2004 5209 2148 5261 autbi

616 5288 699 5333 ret
748 5291 903 5335 terrm
957 5284 1266 5352 cireuituui,
1299 5290 1369 5343 ita
1399 5300 1454 5342 ut
1507 5292 1652 5346 circa
1711 5310 1872 5347 unum
1931 5309 2177 5353 centrum

614 5374 1078 5443 circumageretur
1120 5388 1348 5449 utraque
1377 5385 1609 5451 spltazra,
1645 5401 1796 5455 aquze
1854 5390 2063 5443 scilicet
2117 5407 2180 5446 ae

615 5477 791 5531 terrae,
823 5469 1022 5523 nullam
1062 5471 1227 5541 hujus
1265 5485 1473 5543 partem
1505 5493 1534 5530 a
1576 5481 1928 5535 terrestribus
1973 5485 2180 5537 anima-

616 5557 756 5613 ltbus
791 5560 1019 5614 habitari
1073 5565 1275 5617 sineret
1334 5569 1773 5638 nuda,o;icrieus
1834 5581 2003 5627 totum
2058 5578 2177 5644 c,’us

691 5739 920 5799 “Et-cie.
956 5748 1094 5811 κισ.

2292 1931 2386 1983 ἐπὶ
2408 1929 2641 1992 κύκλους
2675 1927 2840 1981 αὑτοῦ
2875 1926 3271 1994 έπιστρέφειτδ
3297 1924 3538 1995 πνεῦμα.
3579 1944 3599 1976 ι
3645 1926 3866 1994 Ἀπὲχει

2289 2024 2345 2077 δὲ
2393 2023 2502 2075 τῶν
2541 2021 2802 2075 ἀνωτάτω
2860 2021 2893 2090 ἠ
2949 2019 3059 2072 τῶν
3088 2018 3215 2088 περὶ
3245 2020 3393 2089 ἡμᾶς
3427 2019 3644 2086 ἀνέμων
3681 2018 3862 2087 φύσις,

2291 2112 2505 2184 καὶτῆς
2526 2112 2835 2185 ταχυτάτης
2854 2113 3123 2181 κινήσεως
3139 2112 3387 2174 ἐκείνων,
3422 2111 3654 2166 καθόσον
3678 2112 3864 2165 ἀποδεῖ

2289 2211 2385 2261 καὶ
2406 2204 2507 2277 τῆς
2532 2207 2860 2278 κουφότητος
2883 2207 3087 2261 αὐτῶν.

2360 2298 2423 2353 0’.
2448 2297 2552 2353 Δύο
2582 2299 2749 2362 ζῶναι
2775 2300 2875 2369 τῆς
2906 2300 3011 2368 γῆς
3040 2300 3180 2353 εἰσιν
3204 2299 3560 2370 ἀντεύκρατοι
3591 2299 3686 2352 καὶ
3711 2299 3862 2370 οίκή-

2291 2408 2462 2461 σιμοι,
2492 2391 2634 2445 κατά
2658 2392 2783 2455 τοὺς
2810 2390 2919 2443 τῶν
2961 2388 3234 2460 Ἑλλήνων
3287 2391 3508 2458 σοφοὺς,
3534 2384 3610 2443 ὧν
3630 2390 3861 2460 ἑκατέρα

2289 2485 2369 2547 είς
2396 2481 2491 2536 δύο
2513 2482 2837 2551 οἰκουμένας
2868 2481 3226 2553 μεριζομένη,
3257 2481 3530 2551 τέσσαρας
3560 2472 3707 2535 εἶναι
3730 2481 3859 2535 ταύ-

2288 2590 2387 2636 τας
2409 2569 2910 2642 παρασκευάζουσι.
2948 2571 3041 2626 Διὸ
3072 2572 3166 2625 καὶ
3202 2573 3445 2641 τέσσαρα
3475 2572 3606 2643 γένη
3634 2573 3745 2626 τῶν
3773 2574 3862 2627 ἀν-

2289 2663 2523 2735 θρώπων
2546 2665 2639 2718 ἐπὶ
2663 2665 2760 2735 τῆς
2788 2664 2893 2734 γῆς
2940 2659 3079 2718 εἶναι
3129 2663 3576 2735 διισχυρίζοπηαι,
3608 2664 3748 2735 πρὸς
3777 2665 3862 2718 ἄλ-

2288 2756 2428 2823 ληλα
2453 2756 2750 2810 διαϐαίνειν
2775 2755 3050 2819 ἀδυνάτως
3081 2755 3273 2825 ἔχοντα
3293 2772 3307 2787 ⁸
3334 2756 3440 2809 είσὶ
3473 2755 3584 2825 γὰρ
3615 2756 3739 2810 κατ’
3766 2757 3861 2809 αύ-

2289 2851 2435 2914 τοὺς,
2466 2851 2517 2903 οἱ
2537 2849 2636 2913 τὴν
2667 2850 2731 2901 ἐκ
2750 2847 2979 2915 πλαγίου
3010 2847 3284 2910 οἰκοῦντες
3315 2849 3446 2919 ἡμῖν
3473 2849 3860 2919 ἁντεύκρατον,

2288 2942 2484 3005 οἵτινες
2516 2940 2673 3011 ἡμῶν
2727 2945 2794 3013 τῇ
2822 2928 3230 3011 διακεκαυμένη
3263 2939 3408 3010 ζώνῃ
3440 2941 3540 3009 τῆς
3562 2941 3667 3010 γῆς
3697 2940 3863 3010 διορί-
3895 2928 3898 2931 λ

2290 3032 2505 3096 ζονται·
2537 3034 2746 3095 τούτοις
2782 3032 2839 3085 δέ
2874 3035 3015 3095 εἰσιν
3051 3032 3449 3102 ἀντικειμένοις
3490 3030 3787 3096 οἰκοῦντες,
3814 3033 3862 3085 οι

2287 3125 2348 3179 τὸ
2370 3126 2507 3196 πρὸς
2557 3127 2754 3189 αὐτοὺς
2783 3125 2995 3186 δοκοῦν,
3026 3123 3283 3188 ὑποκάτω
3320 3125 3417 3194 τῆς
3454 3126 3634 3196 ζώνης
3660 3126 3863 3193 ταύτης

2288 3217 2564 3281 οἰκοῦντες
2585 3234 2599 3249 ο
2628 3216 2820 3287 ὤσπερ
2841 3218 2939 3271 καὶ
2968 3217 3100 3287 ἡμίν
3125 3219 3173 3270 οἱ
3196 3218 3287 3271 τὸν
3316 3218 3479 3270 αὐτὸν
3507 3219 3711 3289 τρόπον
3731 3218 3861 3290 πρὸς

2286 3310 2435 3379 ἡμᾶς
2480 3309 2718 3379 ἔχοντες,
2772 3302 2848 3363 ὧν
2868 3308 2995 3371 τοὺς
3046 3304 3147 3378 μὲν
3180 3310 3614 3379 ἀντικειμένους,
3647 3310 3775 3372 τοὺς
3807 3310 3866 3361 δὲ

2286 3400 2597 3465 ἀντίποδας,
2623 3401 2717 3453 καὶ¹
2751 3399 3288 3471 ἀπεστραμμένους,
3315 3404 3452 3474 πρὸς
3481 3403 3628 3473 ἡμᾶς
3664 3415 3861 3471 φασιν·

2286 3490 2562 3559 ἠγνόησαν
2606 3489 2736 3561 γὰρ,
2796 3489 2880 3542 ὅτι
2918 3490 3055 3562 πλὴν
3096 3490 3191 3544 τοῦ
3241 3493 3468 3546 δεκάτου
3527 3492 3737 3562 μέρους
3768 3492 3865 3558 τῆς

2288 3580 2428 3634 κατά
2474 3580 2573 3651 τὴν
2614 3584 2718 3650 γῆν
2766 3585 3022 3653 σφαίρας,
3074 3583 3122 3633 τ’
3180 3583 3310 3637 ἄλλο
3360 3584 3549 3654 σχεδὸν
3605 3583 3759 3638 ἅπαν
3801 3585 3864 3653 τῇ

2284 3671 2509 3742 ἁϐύσσῳ
2542 3672 2934 3742 περικλύζεται
2951 3674 3061 3727 τῶν
3086 3674 3315 3728 ὑδάτων.

2356 3759 2409 3814 ι’.
2434 3761 2472 3813 Γ
2475 3760 2590 3832 νοίη
2617 3780 2702 3825 τις
2730 3753 2818 3829 ἂν,
2871 3764 3011 3833 πλὴν
3043 3766 3142 3834 τῆς
3170 3764 3291 3818 καθ’
3326 3766 3476 3837 ἡμᾶς
3517 3765 3862 3835 οἰκουμένης,

2286 3854 2452 3923 μηδὲν
2479 3855 2664 3924 ἕτερον
2694 3855 2794 3925 τῆς
2851 3856 2954 3926 γῆς
2984 3857 3147 3928 μέρος
3190 3838 3479 3927 οἰκήσιμον
3510 3853 3674 3919 εἶναι,
3704 3857 3782 3920 ὡς
3798 3859 3862 3926 τῇ

2280 3947 2503 4018 ἀϐύσσῳ
2540 3947 3027 4019 περικλυζόμενον,
3052 3949 3146 4002 ἐπὶ
3167 3949 3292 4002 νοῦν
3323 3949 3526 4015 λαϐὼν,
3556 3950 3633 4014 ὡς
3658 3952 3863 4020 ἰσομοι-

2286 4038 2406 4108 ρίαν
2445 4040 2543 4109 μὲν
2573 4041 2686 4110 ἔχει
2716 4026 2784 4095 τά
2817 4043 3062 4113 τέσσαρα
3098 4044 3360 4112 στοιχεῖα,
3387 4043 3447 4107 ἐξ
3469 4038 3544 4097 ὧν
3574 4044 3605 4096 ό
3634 4045 3862 4113 κόσμος.

2282 4130 2440 4183 Κατά
2463 4131 2620 4199 λόγον
2652 4131 2709 4185 δὲ
2738 4133 2837 4202 τῆς
2870 4134 3080 4198 οἰκείας
3113 4134 3459 4204 ἀραιότητος,
3491 4134 3705 4189 τούτων
3737 4137 3861 4189 ἔκα-

2280 4237 2403 4273 στον
2426 4221 2611 4293 ἑτέρου
2641 4222 3006 4278 πολυπλάσιον
3025 4223 3140 4294 ἔχει
3171 4224 3234 4277 τὸ
3267 4224 3367 4293 τῆς
3398 4226 3639 4295 σφαίρας
3664 4229 3861 4280 οἰκεῖον

2280 4311 2529 4378 μέγεθος,
2563 4312 2640 4375 ὼς
2687 4312 2782 4365 καὶ
2833 4312 2912 4382 τῷ
2955 4313 3317 4383 ΪΑριστοτέλει
3362 4314 3630 4369 συνδοκεῖ.
3697 4315 3862 4368 Πέντε

2276 4405 2385 4471 γάρ
2415 4401 2542 4467 εἰσι,
2570 4403 2727 4472 φησι,
2754 4406 3020 4472 στοιχεῖα,
3046 4404 3103 4455 ὲν
3128 4402 3291 4456 πέντε
3320 4403 3528 4474 χώραις
3553 4403 3862 4474 σφαιρικῶς

1888 4481 2030 4566 {em
2078 4476 2183 4532 δεῖ·
2217 4493 2594 4566 υέγκείμενα·
2628 4495 3029 4566 περιεχομένης
3062 4496 3153 4549 ἀεὶ
3189 4495 3290 4564 τῆς
3329 4495 3609 4558 ἐλάττονος
3630 4498 3706 4566 τῇ
3745 4494 3861 4566 μείο

2275 4589 2410 4652 ζονι,
2438 4586 2541 4656 γῆς
2573 4589 2671 4658 μὲν
2701 4586 2874 4647 ῦδατι.
2926 4586 3118 4651 ὓδατος
3151 4588 3208 4641 δὲ
3246 4586 3391 4657 ἀέρι,
3422 4589 3582 4659 ἀέρος
3608 4584 3671 4641 δὲ
3707 4590 3860 4659 πυρὶ,

2275 4680 2446 4749 πυρὸς
2470 4679 2527 4732 δὲ
2560 4680 2761 4747 αἰθέρι,
2796 4680 2891 4734 καὶ
2919 4674 3256 4743 οὗτόςῒστιν
3286 4683 3315 4735 ό
3339 4681 3563 4750 κόσμος.

2344 4776 2434 4824 ια’.
2468 4769 2643 4840 Αἰθὴρ
2672 4771 2769 4841 μὲν
2792 4769 2886 4824 οὖν
2908 4771 3353 4841 περιφανέστατα
3380 4770 3475 4823 τοῦ
3494 4771 3691 4843 πυρὸς,
3727 4772 3757 4824 ὃ
3775 4771 3860 4824 καὶ

2275 4864 2607 4933 ὑπέκκαυμα
2631 4863 2898 4929 καλεῖται,
2940 4854 3172 4934 καὶτῆς
3220 4862 3492 4934 ἀερώδους
3524 4864 3772 4932 σφαίρας
3804 4863 3860 4914 sb

2270 4953 2403 5023 πῦρ.
2434 4952 2837 5007 πολλαπλάσιον
2892 4953 3006 5023 ἔχει
3050 4954 3141 5007 τὸν
3187 4952 3372 5020 ὄγκον,
3408 4955 3502 5006 καὶ
3541 4952 3652 5026 ἀὴρ
3697 4954 3860 5007 πάλιν

2270 5042 2484 5106 ὓδατος,
2512 5044 2603 5097 καὶ
2633 5043 2693 5095 τὸ
2749 5042 2892 5113 ὕδωρ
2914 5046 3013 5114 τῆς
3043 5043 3168 5113 γῆς,
3193 5043 3318 5113 ἦτις
3350 5043 3538 5112 ἄκρως
3574 5061 3857 5113 συμπεπι-

2268 5133 2501 5204 λημένη,
2558 5131 2818 5202 ἐλαχίστη
2872 5131 2965 5184 τὸν
3015 5132 3177 5199 ὄγκον
3232 5134 3290 5182 ὲν
3346 5133 3458 5194 τοῖς
3492 5133 3586 5184 ὑπ’
3622 5132 3858 5202 οὐρανὸν

2266 5223 2561 5292 τέσσαρσίν
2610 5224 2747 5275 ἐστι.
2775 5221 3201 5284 Πολλαπλασίως
3233 5221 3363 5290 γοῦν
3394 5223 3491 5292 τῆς
3516 5222 3622 5291 γῆς
3652 5222 3859 5293 ἔχουσα

2267 5312 2326 5366 τὸ
2359 5312 2589 5382 μέγεθος
2619 5314 2651 5382 ἡ
2678 5312 2771 5365 τοῦ
2805 5312 2994 5375 ὓδατος
3026 5317 3253 5383 σφαῖρα,
3292 5315 3340 5365 εί
3365 5314 3733 5383 περιεκέχυτο
3753 5314 3856 5382 τὴν

2269 5404 2632 5474 περιφέρειαν
2666 5405 2765 5472 τῆς
2797 5406 2899 5473 γῆς
2924 5406 3121 5466 πᾶσαν,
3154 5404 3227 5466 ὡς
3268 5404 3390 5475 περὶ
3415 5404 3727 5475 ἓνικέντρον
3754 5403 3857 5468 τάς

2264 5497 2581 5563 ἀμφοτέρας
2612 5495 2975 5563 περιάγεσθαι
2996 5495 3250 5567 σφαίρας,
3270 5496 3371 5565 τῆς
3404 5496 3526 5565 γῆς,
3552 5496 3725 5563 λέγω,
3754 5496 3855 5549 καὶ

2265 5587 2355 5639 τοῦ
2385 5586 2593 5650 ὓδατος,
2626 5587 2800 5640 οὐδενὶ
2828 5587 3029 5658 ταύτης
3066 5588 3342 5659 ἂνομέρει,
3372 5588 3648 5659 χερσαίοις
3680 5589 3854 5653 ζώοις

3154 5730 3174 5766 Ι
3270 5786 3277 5791 ,
