4146 6308
343 262 482 330 1129

1255 267 1527 330 CAPITA
1568 268 1914 339 PIIYSICA,
1949 268 2475 344 THEOLOGICA,
2509 272 2671 336 ETC.

3453 239 3631 350 μεθ’

335 389 396 442 τὸ
422 388 568 459 ὕδωρ
601 386 751 456 ἠφίει
778 384 1035 457 χρῆσθαι,
1078 383 1500 437 κατακαλύπτον
1536 381 1682 434 ἅπαν
1713 378 1898 449 ἔδαφος

1999 383 2199 445 solum,
2246 395 2298 439 et
2322 382 2627 438 universam
2649 384 2766 453 ejus
2784 385 3120 451 superﬁciem
3145 390 3312 447 multa
3339 407 3586 451 mensura

334 478 527 544 αὐτῆς,
561 477 653 531 καὶ
675 477 852 545 πάσης
876 476 975 540 τῆς
1007 474 1126 526 κατ’
1167 472 1335 540 αὐτὴν
1384 469 1707 540 ἐπιφανείας
1741 471 1912 539 ύπερ-

332 567 711 637 εκτεινόμενον
760 565 941 634 πολλῷ
970 563 1049 634 τῷ
1087 564 1287 633 μέτρῳ.
1328 563 1482 617 Ἐπεὶ
1529 563 1586 615 δὲ
1621 560 1697 632 μὴ
1730 561 1911 615 πᾶσαν

330 660 429 728 τὴν
461 660 561 729 τῆς
593 660 696 727 γῆς
746 659 1071 725 ἐπιφάνειαν
1120 655 1550 726 περιλαμϐάνειο
1583 653 1698 707 ἔστι
1741 652 1847 725 γὰρ
1876 654 1910 723 ἠ

329 749 428 817 τῆς
460 747 581 800 καθ’
638 749 785 817 ἡμᾶς
813 745 1141 814 οἰκουμένης
1184 746 1377 815 χέρσος
1419 745 1906 799 ἀκατακάλυπτοεο

331 838 623 903 ἐκκεντρος
678 835 874 890 οὐκοῦν
909 836 1025 887 ἔστι
1054 835 1194 887 κατὰ
1228 837 1406 887 πᾶσαν
1448 836 1693 901 ἀνάγκην
1733 833 1765 902 ἡ
1812 827 1911 886 τοῦ

332 917 524 982 ὕδατος
560 920 786 989 σφαῖρα.
814 921 906 972 Δεῖ
950 917 1044 975 οὖν
1077 919 1260 990 ζητεῖν
1293 923 1458 979 πόσον
1502 923 1569 979 ἂν
1610 925 1900 996 ἔκκεντρος

327 1009 447 1080 εἴη·
476 1010 571 1065 καὶ
594 1010 695 1066 ποῦ
717 1012 776 1065 τὸ
793 1012 1035 1084 κέντρον,
1057 1010 1146 1085 ἆρ’
1162 1016 1238 1079 ὡς
1260 1016 1397 1085 πρὸς
1415 1017 1562 1088 ἡμᾶς
1580 1019 1900 1087 κατωτέρω,

328 1098 363 1170 ἢ
399 1101 688 1171 ἀνωτέρω;
728 1101 846 1154 ἀλλ’
870 1104 1126 1174 ἀνωτέρω
1158 1106 1258 1175 μὲν
1319 1103 1480 1174 εἶναι,
1541 1108 1653 1162 τῶν
1705 1109 1902 1166 ἀδυιὰ-

326 1205 474 1243 τωνο
509 1191 599 1258 ὑφ’
650 1194 796 1262 ἡμᾶς
843 1194 950 1264 γὰρ
1001 1197 1218 1266 ὁρῶμεν
1265 1196 1431 1252 οὖσαν
1474 1200 1539 1252 ὲκ
1580 1201 1778 1270 μέρους
1800 1204 1898 1271 τὴν

325 1279 420 1331 τοῦ
444 1278 632 1345 ὓδατος
655 1282 994 1349 ἐπιφάνειανο
1029 1285 1324 1357 κατωτέρω
1344 1287 1452 1358 ἄρα
1487 1287 1564 1351 ὡς
1586 1290 1721 1359 πρὸς
1752 1292 1899 1360 ἡμᾶς

327 1371 444 1423 ἐστι
468 1373 566 1423 καὶ
592 1371 755 1425 αὑτοῦ
783 1372 878 1426 τοῦ
908 1374 1007 1444 τῆς
1037 1376 1140 1445 γῆς
1168 1377 1416 1448 κέντρου,
1458 1379 1517 1432 τὸ
1550 1381 1773 1451 κέντρον
1799 1381 1899 1452 τῆς

326 1460 425 1512 τοῦ
477 1460 669 1526 ὕδατος
730 1463 984 1535 σφαίραςε
1044 1467 1304 1521 Λείπεται
1364 1469 1421 1523 δὲ
1471 1462 1676 1542 ζητεῖν,
1732 1474 1900 1528 πόσον

326 1551 518 1621 ἀπέχει
544 1552 639 1605 τοῦ
661 1553 758 1625 τῆς
792 1555 894 1625 γῆς
919 1557 1143 1627 κέντρου
1177 1558 1236 1611 τὸ
1271 1560 1494 1629 κέντρον
1523 1563 1705 1617 τοῦτο.

397 1641 482 1710 ιβ’.
521 1643 677 1713 Γνοίη
725 1662 809 1708 τις
853 1646 921 1700 ἂν
954 1649 1119 1702 πόσον
1166 1651 1259 1705 ἐπὶ
1287 1652 1347 1706 τὸ
1369 1653 1559 1708 δοκοῦν
1585 1657 1720 1726 πρὸς
1750 1658 1899 1729 ἡμᾶς

322 1734 497 1799 κάτω,
552 1735 647 1788 τοῦ
682 1736 907 1808 κέντρου
945 1741 1043 1810 τῆς
1088 1743 1193 1812 γῆς
1226 1743 1419 1814 ἀπέχει
1447 1746 1507 1799 τὸ
1534 1748 1633 1818 τῆς
1662 1750 1897 1820 σφαίρας

325 1826 421 1879 τοῦ
478 1825 670 1890 ὓδατος
715 1830 959 1902 κέντρον,
995 1832 1178 1905 λαόὼν
1209 1836 1301 1890 ἐπὶ
1323 1838 1467 1903 νοῦν,
1493 1837 1568 1902 ὡς
1598 1843 1669 1910 τῇ
1700 1841 1897 1911 ἐπιφα-

324 1913 445 1984 νείᾳ
496 1916 596 1985 τῆς
654 1920 849 1989 γηῖνης
897 1923 1152 1993 σφαίρας,
1183 1925 1304 1994 ἥτις
1342 1928 1557 1999 ὲστὶνή
1604 1931 1897 2003 καθ’ἡμᾶς

324 2004 639 2077 οἰκουμένη,
697 2012 1065 2080 ὲφαρμύςεται
1122 2016 1306 2086 σχεδὸν
1338 2021 1371 2087 η
1409 2022 1538 2091 παρ’
1570 2023 1727 2092 ήμῶν
1758 2026 1896 2095 ὁρω-

322 2095 485 2166 μένη,
517 2100 610 2149 καὶ
643 2100 730 2168 ὑφ’
789 2103 955 2172 ἡμᾶς,
1014 2105 1263 2177 καθάπερ
1314 2109 1376 2163 τὸ
1427 2114 1766 2182 πατούμενον
1803 2117 1891 2186 ὑφ’

328 2189 484 2256 ἡμῶν
528 2192 629 2262 τῆς
678 2195 780 2264 γῆς
808 2195 1024 2266 ἔδαφος,
1056 2197 1189 2252 οὖσα
1222 2200 1316 2254 τοῦ
1352 2202 1541 2267 ὓδατος
1578 2207 1896 2276 ἐπιφάνεια..

328 2280 484 2334 Ἔστι
547 2283 605 2336 δὲ
651 2286 713 2337 τὸ
743 2287 866 2340 καθ’
909 2291 1056 2358 ἡμᾶς
1088 2291 1190 2361 τῆς
1235 2293 1339 2363 γῆς
1399 2297 1717 2367 οἰκήσιμον,
1763 2301 1895 2354 ὡσεὶ

321 2370 547 2426 δέκατον
585 2378 678 2429 τοῦ
707 2376 808 2445 τῆς
842 2379 962 2431 κατ’
988 2381 1159 2450 αὐτὴν
1192 2387 1549 2457 περιμέτρου.
1586 2391 1753 2444 Πέντε
1789 2394 1896 2464 γὰρ

322 2463 356 2527 ἡ
387 2462 454 2531 Υῆ
477 2463 655 2528 ζώνας
680 2465 812 2537 ἔχει·
841 2470 969 2536 μιᾶς
999 2469 1056 2522 δὲ
1086 2471 1193 2524 τῶν
1215 2475 1374 2527 πέντε
1393 2476 1618 2542 τούτων,
1638 2480 1702 2533 τὸ
1720 2462 1894 2551 ἥμισυ

324 2551 457 2622 παρ’
497 2554 653 2623 ἡμῶν
680 2561 1032 2614 κατοικεῖται.
1073 2562 1139 2615 El.’
1158 2580 1239 2626 τις
1272 2563 1364 2618 οὖν
1388 2566 1463 2635 τῷ
1482 2568 1692 2641 δεκάτῳ
1721 2572 1896 2645 τούτῳ

320 2644 422 2713 τῆς
465 2647 785 2714 ἐπιφανείας
835 2650 990 2721 μέρει
1036 2653 1348 2724 ἐφαρμόσαι
1404 2659 1619 2730 θελήσει
1660 2668 1896 2734 σφαῖραν

322 2738 451 2806 περὶ
475 2737 571 2806 τὴν
607 2740 729 2808 γῆν,
766 2742 861 2812 τὴν
894 2744 1339 2818 ὲναρμοζομένην
1385 2751 1607 2821 εὑρήσει
1637 2757 1890 2825 σφαῖραν,

320 2827 620 2894 διπλασίως
677 2833 776 2901 μὲν
823 2834 1006 2904 σχεδὸν
1059 2836 1288 2906 ἔχουσαν
1317 2841 1416 2911 τὴν
1462 2842 1757 2915 διάμετρον
1796 2850 1892 2918 τῆς

321 2917 521 2982 ἔξωθεν
572 2922 1060 2996 ἐφαρμοζομένης,
1102 2931 1197 2984 καὶ
1258 2934 1464 3006 ταύτην
1534 2941 1895 3011 περιεχούσης

323 3007 579 3079 σφαίρας,
607 3011 984 3080 ὀκταπλασίως
1013 3017 1070 3070 δὲ
1100 3018 1160 3071 τὸ
1205 3021 1435 3091 μέγεθος
1476 3007 1661 3091 οὖσαν,
1696 3007 1794 3082 καὶ
1834 3007 1893 3084 τὸ

321 3098 550 3170 κέντρον
579 3102 808 3172 ἔχουσαν
830 3107 920 3159 ἐπὶ
965 3109 1059 3161 τοῦ
1095 3115 1410 3168 κατωτάτου
1452 3117 1734 3183 δοκοῦντος
1763 3122 1892 3190 ἡμῖν

321 3191 559 3261 πέρατος
577 3196 672 3264 τῆς
691 3196 824 3265 γῆς’
853 3202 947 3252 καὶ
985 3201 1142 3256 τοῦτο
1161 3203 1318 3275 δῆλον
1371 3208 1435 3260 ἐκ
1484 3208 1578 3262 τοῦ
1622 3211 1892 3283 διαγράμ-

323 3296 516 3348 ματος.

401 3377 484 3436 ιγ’.
518 3371 697 3426 Ἔστω
730 3379 936 3447 σφαῖρα
963 3380 1061 3451 τῆς
1089 3382 1191 3454 γῆς
1222 3385 1442 3453 κύκλος,
1468 3381 1511 3457 ᾧ
1528 3390 1675 3444 ἔνδον
1696 3394 1894 3463 ὑπογέ-

319 3477 581 3531 γραπται,
601 3482 656 3527 α,
692 3466 744 3535 β,
769 3485 823 3537 γ,
843 3469 891 3536 δ,
911 3473 1144 3545 καὶπερὶ
1163 3476 1324 3531 αὑτὸν
1345 3478 1485 3535 ἔστω
1500 3487 1890 3557 περιηγμένος,

319 3555 443 3607 ἀντὶ
459 3556 558 3625 τῆς
578 3559 813 3629 σφαίρας
840 3565 933 3616 τοῦ
953 3563 1163 3632 ὕδατος,
1185 3569 1370 3642 ἔτερος
1387 3572 1605 3640 κύκλος,
1623 3555 1899 3651 συναρμο-,

319 3647 546 3718 ζὸμένος
591 3655 730 3708 κατὰ
759 3656 854 3725 τὴν
878 3658 1221 3726 ἐπιφάνειαν,
1248 3661 1323 3732 τῷ
1356 3665 1689 3739 ἅνωδεκάτῳ
1717 3647 1811 3725 τού
1837 3650 1901 3725 ἐν’

321 3743 472 3813 αὖτῷ
500 3743 721 3809 κύκλου,
768 3739 813 3814 ᾧ
847 3749 1269 3820 ἐπιγέγραπται,
1304 3772 1351 3819 ε,
1386 3755 1437 3823 ζ,
1481 3776 1540 3827 η,
1576 3758 1627 3812 θ’
1664 3762 1893 3834 εὑρεθή-

321 3851 478 3888 σεται
509 3836 616 3906 γὰρ
648 3838 710 3891 τὺ
750 3841 848 3909 μὲν
897 3842 973 3906 ὡς
1002 3844 1139 3915 πρὸς
1185 3848 1332 3916 ἡμᾶς
1362 3851 1533 3916 κάτω,
1581 3854 1754 3923 πέρας
1800 3856 1894 3909 τοῦ

321 3927 381 3978 ὲν
410 3927 566 3998 αὐτῷ·
588 3930 814 3997 κύκλου,
874 3935 1099 4005 κέντρον
1150 3938 1244 3990 τοῦ
1272 3939 1471 4005 ἔξωθεν
1500 3946 1894 4014 περιηγμένου.

322 4019 631 4084 Διπλασίως
656 4023 712 4077 δὲ
746 4024 1005 4097 ὑπάρχων
1028 4023 1181 4093 οὗτος
1211 4032 1307 4102 τὴν
1323 4032 1634 4106 διάμετρον,
1666 4040 1897 4108 ἀναφαί-

324 4128 477 4164 νεται
509 4120 910 4184 γεωμετρικαῖς
945 4120 1306 4187 ἀποδείξεσιν,
1338 4126 1715 4183 ὀκταπλασίαν
1758 4128 1899 4187 εἶναι

325 4202 425 4271 τὴν
457 4206 712 4275 σφαῖραν,
739 4202 803 4279 ἦς
835 4210 866 4279 ἡ
898 4210 1186 4283 διάμετρος
1210 4215 1467 4270 διπλασία
1518 4219 1619 4290 τῆς
1665 4221 1900 4294 ἐχούσης

325 4294 425 4364 τὴν
450 4296 703 4366 ἡμίσειαν
753 4301 1042 4373 διάμετρον
1072 4306 1338 4377 σφαίρας·
1379 4311 1666 4381 συμϐαίνει
1698 4331 1761 4381 γε
1794 4317 1900 4386 μὴν

326 4385 389 4436 τὸ
413 4386 596 4454 ὃγδοον
620 4390 715 4459 τῆς
747 4392 916 4462 ὑγρᾶς
970 4394 1174 4467 ταύτης
1206 4398 1460 4470 σφαίρας,
1492 4403 1712 4473 ⁴Ιὶνσιμὶξ
1731 4385 1902 4477 ἐμπε-

325 4474 639 4553 ριειλῆφθαι
671 4487 734 4557 τῇ
765 4490 859 4556 Υῇι
962 4538 967 4541 -

703 5893 956 5954 ΡΑτιιοῐ.
1024 5893 1134 5956 Gn.
1180 5892 1270 5954 CL

2007 475 2442 543 supereminens.
2473 475 2609 542 Quia
2639 491 2772 530 vero
2803 493 2909 532 non
2973 488 3141 534 totam
3179 490 3339 539 terrae
3389 484 3584 542 faciem

2007 566 2200 638 cingit,
2232 576 2414 623 exstat
2440 570 2587 623 enim
2636 584 2794 638 quem
2829 569 3120 627 incolimus
3147 574 3436 633 continens
3470 579 3589 634 ino-

2005 671 2213 730 pertus,
2240 675 2468 728 DI'OI'SUS
2498 677 2628 731 ergo
2663 677 2881 717 "800588
2906 672 2988 716 est
3031 667 3431 722 concentricam
3478 686 3584 725 non

2005 765 2129 807 esse
2198 768 2321 807 cum
2381 762 2522 809 terra
2576 770 2795 825 aquam.
2840 755 3068 824 Oportet
3134 758 3295 827 igitur
3339 774 3588 827 qumrcre

2004 851 2262 910 quantum
2312 844 2383 896 sit
2426 846 2756 907 exceutrica,
2790 855 2842 899 et
2865 846 2952 900 ubi
3007 847 3082 903 sit
3137 847 3258 914 ejus
3313 862 3584 912 centrum.

2005 944 2191 987 utrum
2236 933 2375 989 infra
2399 950 2520 999 nos,
2549 951 2616 989 an
2665 952 2854 1007 supra.
2902 939 3010 993 Sed
3067 940 3314 1007 superius
3343 957 3466 999 esse
3493 960 3589 999 nc—

2002 1026 2139 1093 qult,
2166 1038 2291 1078 nam
2322 1024 2568 1079 videmus
2599 1025 2785 1081 subter
2819 1029 2975 1083 nobis
3008 1044 3129 1084 esse
3157 1031 3351 1095 part-im
3384 1047 3581 1102 super-

2005 1114 2181 1169 ﬂcicm
2215 1130 2367 1186 aqua:
2400 1134 2414 1171 :
2446 1117 2677 1172 inferius
2711 1133 2844 1190 ergo
2873 1122 3033 1175 nobis
3061 1130 3142 1175 est
3182 1132 3237 1175 ct
3286 1125 3385 1191 ipsi
3421 1136 3581 1178 terrm

2001 1216 2190 1258 centro
2241 1215 2488 1260 centrum
2531 1209 2765 1277 sphaera;
2817 1214 3075 1278 aquariae.
3105 1212 3168 1266 At
3228 1216 3580 1280 quaerendum

2001 1307 2251 1364 superest
2289 1308 2548 1368 quantum
2580 1299 2685 1354 hoc
2716 1311 2963 1355 centrum
2998 1315 3028 1355 a
3061 1312 3248 1358 centro
3282 1312 3440 1359 terrae
3495 1308 3583 1360 di-

2003 1397 2129 1443 stet.

2074 1643 2160 1699 η.
2203 1644 2383 1701 Sciret
2414 1646 2610 1717 aliquis
2654 1658 2856 1720 quanto
2899 1649 3136 1707 inferius
3185 1653 3279 1718 sit,
3315 1661 3371 1707 ut
3421 1658 3581 1713 nobis

1934 1729 1974 1782 Β
2008 1735 2241 1799 videtur,
2277 1744 2435 1791 terra:
2459 1749 2646 1794 centro
2677 1752 2925 1796 centrum
2973 1746 3198 1812 sphaera:
3235 1746 3498 1814 aquaria).
3532 1750 3578 1802 si

1998 1825 2457 1885 animadverteret
2481 1845 2604 1887 cum
2658 1836 2946 1904 superﬁcie
2994 1837 3222 1906 sphaerae
3283 1841 3578 1902 terrestris,

1998 1933 2160 1987 quam
2198 1919 2533 1986 habitamus,
2567 1924 2681 1980 fere
2716 1926 2782 1980 ad
2814 1928 3075 1981 amussim
3129 1932 3396 1998 quadrare
3423 1933 3580 1986 und-.1:

1996 2010 2365 2078 superﬁciem,
2407 2030 2567 2083 quam
2625 2017 2868 2072 videmus
2893 2019 3045 2088 juxta
3097 2031 3152 2076 et
3193 2021 3329 2077 infra
3367 2039 3485 2087 nos,
3526 2034 3581 2078 et

1995 2115 2116 2169 qua:
2145 2109 2230 2156 est
2262 2103 2406 2159 velut
2465 2107 2760 2161 subtritum
2815 2111 2972 2165 nobis
3026 2120 3185 2167 terra:
3250 2114 3448 2171 solum.
3484 2115 3579 2170 Est

1996 2200 2177 2245 autem
2207 2195 2354 2261 paris
2406 2202 2567 2249 terra:
2627 2197 2785 2253 nobis
2817 2200 3131 2258 habitabilis
3176 2204 3333 2274 quasi
3366 2207 3577 2262 decima

1996 2280 2112 2348 ejus
2140 2282 2433 2339 circuitus.
2483 2285 2618 2340 Nam
2654 2290 2896 2359 quinque
2956 2300 3099 2347 terra
3147 2311 3312 2350 zonas
3366 2299 3575 2366 habet;

1996 2372 2157 2426 unius
2184 2384 2365 2429 autem
2396 2391 2460 2430 ex
2496 2378 2581 2434 his
2607 2380 2852 2451 quinque
2885 2383 3168 2441 dimidium
3201 2401 3230 2439 a
3273 2388 3430 2442 nonis
3484 2389 3574 2444 in-

1993 2461 2208 2518 colitur.
2237 2464 2292 2519 Si
2319 2467 2445 2535 quis
2466 2469 2629 2538 igitur
2659 2473 2880 2530 decima:
2904 2478 3028 2532 huic
3073 2479 3385 2548 superficiei
3432 2487 3572 2553 parti

1993 2563 2183 2624 aptare
2213 2558 2338 2612 velit
2387 2561 2657 2629 sphaeram
2710 2582 2815 2633 qua
2857 2577 2999 2622 terra
3062 2569 3387 2638 includatur,
3426 2574 3574 2628 inve-

1992 2644 2174 2698 nietur
2188 2647 2415 2715 sphaerae
2436 2653 2680 2707 exterius
2705 2656 3116 2727 circumscripta
3141 2672 3192 2715 et
3215 2673 3414 2717 terram
3456 2679 3572 2717 am-

1992 2732 2150 2790 biens
2177 2751 2299 2791 essc
2325 2739 2595 2795 diametro
2619 2741 2730 2797 fere
2776 2745 2991 2815 duplam
3021 2751 3243 2814 sphaerae
3274 2751 3568 2820 inscriptae,

1992 2835 2048 2880 et
2098 2828 2374 2897 octuplam
2435 2835 2776 2902 extensione,
2826 2852 2890 2892 ac
2946 2848 3191 2894 centrum
3260 2843 3456 2899 habere
3512 2845 3569 2899 in

1993 2916 2181 2971 intimo
2207 2935 2333 2989 erga
2357 2937 2455 2975 nos
2484 2932 2642 2979 terra:
2669 2928 2917 2986 termino.
2965 2931 3119 3000 Quod
3156 2935 3306 2989 clare
3343 2936 3571 2992 demon-

1995 3021 2134 3066 strat
2157 3009 2333 3081 ﬁgura
2360 3015 2477 3071 haec
2508 3022 2875 3091 geometrica:

2071 3392 2160 3449 1⁸5.
2196 3396 2273 3448 Sit
2322 3395 2601 3457 terrestris
2652 3398 2861 3466 sphzera
2911 3399 3168 3465 circulus,
3207 3413 3348 3458 Intra
3410 3421 3570 3476 quem

1998 3490 2215 3557 scriptae
2245 3498 2373 3542 sunt
2410 3489 2599 3544 littera:
2638 3491 2705 3555 A,
2732 3490 2794 3557 Β,
2828 3491 2892 3560 C,
2923 3494 2965 3546 D
2994 3510 3013 3563 ;
3041 3496 3217 3563 sitque
3245 3498 3392 3553 circa
3449 3517 3570 3555 cum

1996 3580 2428 3646 circumductus,
2457 3595 2553 3651 pro
2599 3583 2809 3651 sphaera
2863 3600 3035 3654 aquae,
3072 3586 3207 3642 alter
3250 3589 3509 3655 circulus,
3543 3608 3575 3647 e

1998 3670 2149 3738 cujus
2172 3672 2456 3741 superﬁcie
2483 3672 2692 3729 decima
2724 3691 2847 3744 pars
2874 3682 3121 3746 superior
3157 3681 3344 3736 circuli
3377 3684 3575 3739 inclusi
3617 3755 3620 3758 γ

1997 3773 2263 3832 emergat,
2295 3774 2350 3819 ct
2383 3767 2470 3819 cui
2505 3770 2888 3837 superscripta:
2917 3771 3029 3825 sint
3070 3772 3130 3835 E,
3169 3772 3233 3839 F,
3267 3772 3332 3841 G,
3360 3775 3403 3828 Η
3438 3794 3453 3842 ;
3492 3792 3577 3831 rc-

1997 3854 2236 3923 perietnr
2262 3855 2481 3913 inlini-us
2520 3873 2651 3927 ergo
2676 3862 2946 3916 terminus
2986 3864 3177 3919 circuli
3213 3866 3402 3921 inclusi
3455 3883 3575 3923 esse

1996 3960 2241 4003 centrum
2271 3953 2418 4004 orhis
2439 3956 2679 4007 exterius
2702 3950 3087 4012 circumducti.
3119 3959 3253 4013 Cum
3284 3970 3459 4014 autem
3484 3962 3574 4017 hic

1997 4039 2144 4094 illius
2177 4043 2250 4094 sit
2279 4041 2549 4097 diametro
2585 4043 2804 4112 duplus,
2845 4062 3079 4116 cumque
3104 4053 3452 4117 geometricis
3476 4053 3574 4106 dc-

1997 4131 2484 4187 monstrationibus
2536 4135 2741 4203 liqueat
2775 4137 3042 4206 sphaeram
3082 4139 3241 4207 cujus
3276 4142 3574 4198 diametrus

1996 4233 2081 4278 est
2115 4224 2303 4294 dupla.
2332 4239 2452 4280 esse
2485 4227 2758 4297 octuplam
2785 4230 3015 4298 sphaerae
3049 4232 3206 4303 cujus
3273 4237 3570 4291 diametros

1996 4326 2077 4371 est
2105 4316 2350 4382 dimidia,
2391 4320 2470 4373 sic
2496 4321 2763 4392 contingit
2795 4334 3042 4378 octavam
3096 4328 3319 4396 sphaera?
3350 4328 3572 4397 liquida:

1996 4421 2207 4480 partem
2252 4412 2448 4469 includi
2504 4423 2663 4469 teme
2693 4431 2761 4474 ac
2813 4419 3207 4476 commisceri:
3240 4435 3572 4493 quapropter

1404 4664 2189 5836 ζ
2417 5219 2565 5649 /)

2190 5647 2413 5793 /

3230 5913 3310 6002 ac
