4074 6322
131 317 342 384 113⁵7

144 530 336 598 παρ’
387 527 552 581 αὑτοῦ
615 527 708 580 τοῦ
767 527 900 579 Θεοῦ
931 525 998 578 δι’
1022 526 1417 595 ἐμφυσήματος
1439 521 1772 592 ἀπορρήτου,

143 619 254 682 ὼς
297 620 454 691 μέγα
485 635 538 671 τι
563 619 658 672 καὶ
695 617 1029 687 θαυμαστὸν,
1089 617 1184 670 καί¹
1230 617 1324 668 τοῦ
1367 613 1564 670 παντὸς
1607 611 1794 679 ὕπερ-ι

142 709 353 778 ἐχον,
379 709 473 762 καὶ
493 709 555 761 τὸ
575 709 682 761 πᾶν
705 705 1026 774 ἐποπτεῦον,
1059 708 1153 760 καὶ
1196 707 1311 768 τοῖς
1353 705 1518 757 πᾶσιν
1550 704 1774 754 ἐπιστα-

141 801 354 863 τοῠν,
381 801 474 853 καὶ
497 799 631 852 Θεοῦ
651 798 950 866 γνωστικδν
1008 799 1124 868 ἅμα
1192 798 1288 850 καὶ
1340 793 1608 857 δεκτικὸν,
1673 790 1770 844 καὶ

149 879 474 933 δεικτικὸν
497 879 695 941 παντὸς
736 879 933 948 μᾶλλον
961 879 1062 948 τῆς
1113 880 1636 954 ὑπερανῳκισμένης
1673 885 1766 937 τοῦ

149 973 450 1040 τεχνίτου
519 970 930 1040 μεγαλειότητος
987 971 1352 1041 ἀποτέλεσμα,
1413 974 1506 1028 καὶ
1565 975 1639 1045 μὴ
1689 977 1772 1029 ὃτι

154 1061 340 1114 (ι)εοῦ
376 1063 620 1116 δεκτικὸν
649 1063 716 1116 δι’
756 1062 965 1129 ἀγῶνος
1001 1065 1096 1116 καὶ
1119 1063 1362 1134 χάριτος,
1388 1065 1522 1118 ἀλλὰ
1543 1068 1635 1120 καὶ
1678 1068 1772 1120 δυ-

153 1155 368 1208 νατὸν
402 1154 667 1222 ἐνωοῆναι
695 1154 870 1223 τούτῳ
908 1153 1048 1206 κατὰ
1083 1153 1210 1224 μίαν
1247 1155 1560 1211 ὑπόστασιν.

252 1245 378 1298 κε’.
412 1245 597 1298 Ταῦτα
615 1245 708 1297 καὶ
746 1244 814 1296 τὰ
841 1245 1085 1307 τοιαῦτα,
1123 1246 1180 1296 ἐν
1207 1241 1288 1307 οἷς
1337 1248 1484 1298 ἐστιν
1511 1249 1543 1316 ή
1574 1247 1774 1319 ἀληθὴς

161 1336 377 1404 σοφία
433 1337 584 1406 καὶὴ
636 1337 902 1406 σωτήριος
937 1337 1136 1399 γνῶσις
1173 1338 1204 1406 ἡ
1236 1339 1334 1405 τῆς
1365 1338 1476 1391 ἅνω
1508 1342 1776 1409 μακαριό-

164 1445 376 1496 τητος
404 1429 681 1492 πρόξενος.
741 1427 836 1490 Τίς
890 1427 934 1480 δ’
966 1427 1255 1498 Εὐκλείδης
1287 1446 1300 1492 ;
1341 1429 1423 1492 τίς
1487 1431 1723 1501 Μαρῖνος
1761 1449 1774 1495 ;

162 1517 270 1577 τίς
324 1519 662 1586 Πτολομαῖος
706 1517 934 1569 συνιδεῖν
971 1517 1252 1588 tamen;
1319 1520 1464 1583 τίνες
1523 1521 1780 1588 Ἐμπεδο-

168 1609 386 1672 κλεῖς,
413 1609 506 1662 καὶ
545 1609 848 1678 Σωκράται,
891 1608 984 1660 καὶ
1023 1608 1431 1678 Ἀριστοτέλεις,
1487 1611 1580 1664 καὶ
1637 1613 1778 1665 Πλά-

167 1719 402 1764 τωνες,
461 1701 704 1768 λογικαῖς
753 1701 1015 1771 μεθόδοις,
1053 1701 1084 1771 ἧ
1125 1702 1534 1771 μαθηματικαῖς
1568 1705 1779 1756 ἀποδεί-

1112 303 1384 365 CAPITA
1433 307 1768 379 PHYSICA,
1802 304 2320 374 TlIEOLOGICA,
2351 301 2512 362 ETC.

145 441 390 507 μνῧ-ιον·
427 438 523 509 τὴν
548 438 605 491 δὲ
633 437 831 508 ψυχὴν,
860 440 923 490 ὲκ
941 425 1045 490 τῶν
1064 431 1467 506 ὖπερκοσμίων,
1496 430 1694 501 μᾶλλον
1721 428 1777 481 δὲ

1901 423 2167 478 ulmodum
2251 414 2535 477 mirabile,

3311 287 3450 355 1133

2603 410 2916 464 universum
2997 407 3452 475 supereminens,

1886 517 2067 572 omnia
2101 520 2472 582 perscrutans,
2509 504 2719 560 eunetis
2761 501 3080 572 praesidens,
3122 499 3210 554 Dei
3244 515 3448 569 cogno-

1882 609 2064 663 scendi
2113 605 2274 660 simul
2311 616 2376 655 ac
2418 598 2709 668 recipiendi
2753 611 2947 664 (rapax,
2979 605 3035 648 et
3070 593 3241 662 magis
3288 607 3452 660 quam

1884 710 2078 755 uetera
2103 713 2267 766 opera
2293 690 2645 747 manifesrans
2666 686 3192 759 superexcellentem
3225 684 3456 739 artiﬁcis

1885 788 2379 860 magniﬁcentiam,
2406 794 2576 852 atque
2618 797 2722 835 non
2769 780 3114 834 solummodo
3163 777 3330 831 Deum
3364 792 3456 830 re-

1886 886 2068 953 cipere
2135 883 2338 935 virtute
2363 892 2427 932 ac
2497 875 2713 944 gratia,
2772 874 2868 930 sed
2911 880 2966 928 et
3023 872 3163 926 uniri
3210 885 3334 924 cum
3392 882 3460 922 eo

1885 976 2071 1031 valens
2115 973 2168 1028 in
2204 986 2307 1026 una
2347 984 2600 1040 persona.

1957 1253 2051 1306 ‘25.
2091 1250 2216 1305 lltec
2246 1259 2300 1302 et
2330 1246 2638 1317 hujusmodi
2690 1251 2809 1298 sunt
2847 1244 2898 1296 in
2953 1242 3152 1312 quibus
3203 1255 3330 1295 vera
3383 1251 3466 1294 est

1889 1343 2151 1410 sapientia
2187 1350 2243 1395 et
2289 1339 2548 1392 Salutaris
2587 1335 2815 1390 scientia
2860 1350 3125 1389 summam
3163 1348 3466 1403 procurans

1895 1435 2308 1489 beatitudinem.
2347 1430 2479 1496 Quis
2523 1440 2701 1484 autem
2729 1427 3004 1494 Euclides,
3049 1428 3170 1496 quis
3204 1426 3470 1488 Marinus.

1890 1525 2012 1592 quis
2041 1523 2366 1578 Ptolemaeus
2409 1520 2599 1575 eadem
2652 1518 2796 1574 scire
2830 1517 3047 1587 potuit?
3075 1516 3311 1583 Quinam
3345 1516 3466 1569 Em-

1892 1618 2165 1687 pedocles,
2214 1621 2268 1669 et
2319 1616 2581 1679 Soet-alte,
2625 1623 2680 1667 et
2735 1612 3075 1676 Aristoteles,
3116 1620 3167 1665 et
3216 1609 3468 1663 Platones

1894 1711 2066 1777 logica
2103 1708 2358 1762 methodo
2396 1720 2490 1762 aut
2536 1705 2938 1760 mathematicis
2987 1702 3468 1758 demonstrationi-

175 1789 378 1853 ξεσις
444 1790 644 1857 μᾶλλον
691 1791 746 1842 δὲ
796 1791 922 1842 ποία
965 1789 1216 1860 αἴσθησις
1292 1791 1612 1846 ἀντελάϐετο
1672 1794 1778 1845 τῶν

1901 1805 2016 1866 bus,
2059 1801 2140 1855 vel
2194 1803 2375 1870 potius
2435 1797 2558 1867 quis
2618 1813 2810 1852 sensus
2863 1796 2990 1850 talia
3045 1797 3311 1866 percepit,
3347 1799 3475 1866 quis

175 1879 472 1932 τοιούτων
508 1898 522 1946 ;
558 1883 706 1941 ποῖος
743 1879 970 1932 ἐπέϐαλε
995 1881 1117 1942 νοῦς
1153 1896 1168 1944 ;
1211 1881 1270 1932 El
1314 1881 1370 1934 δὲ
1395 1882 1624 1943 ἐκείνοις
1669 1886 1778 1946 τοῖς

173 1973 374 2037 φύσει
419 1971 787 2040 φιλοσοφοῦσι,
821 1974 910 2024 καὶ
941 1976 1052 2035 τοῖς
1083 1975 1199 2026 κατ’
1221 1973 1479 2037 ἐκείνους,
1509 1975 1780 2044 χαμαίζη-

173 2065 286 2126 λος
316 2063 510 2128 ἔδοξεν
544 2065 577 2132 ή
605 2063 745 2116 κατὰ
781 2063 996 2134 πνεῦμα
1032 2065 1212 2132 σοφία,
1248 2065 1538 2118 κάντεῦθεν
1571 2066 1631 2118 τὸ
1659 2067 1780 2119 καθ’

175 2153 522 2226 ὑπερϐολὴν
569 2154 836 2224 ὑπερέχον
923 2155 1093 2221 αὐτῆς
1162 2157 1526 2224 παρίσταταιο
1599 2159 1782 2227 σχεδὸν

175 2246 330 2314 γὰρ,
404 2245 482 2307 ὡς
534 2247 600 2298 τὰ
639 2246 806 2313 ἄλογα
866 2247 976 2298 τῶν
1030 2247 1204 2310 ζώων,
1244 2248 1379 2317 πρὸς
1424 2250 1522 2318 τὴν
1560 2251 1783 2302 ἐκείνων

175 2336 413 2404 σοφίαν
437 2336 649 2405 ἔχουσιν
679 2336 751 2407 (εἰ
802 2337 857 2390 δὲ
890 2336 1086 2406 βούλει,
1120 2338 1368 2407 καθάπερ
1402 2340 1467 2392 τὰ
1499 2341 1782 2410 παιδάρια,

175 2421 267 2488 οἷς
316 2428 640 2494 κρείττονες
667 2427 874 2488 δόξαιεν
913 2426 977 2479 ἂν
1015 2430 1062 2480 οί
1103 2430 1240 2495 μετὰ
1295 2432 1481 2498 χεῖρας
1521 2431 1786 2484 πλακοῦν-

176 2535 283 2578 τες
326 2515 441 2570 τοῦ
485 2517 764 2586 βασιλικοῦ
790 2517 1160 2588 διαδήματος),
1191 2517 1223 2588 ἢ
1252 2521 1342 2572 καὶ
1375 2523 1486 2583 τοῖς
1515 2521 1625 2592 [ἵσ.
1652 2523 1782 2594 τῶν]

178 2604 447 2666 ἐκείνοις
481 2605 836 2672 ἐγνωσμένων
872 2606 1126 2658 ἁπάντων
1148 2623 1160 2637 '
1193 2607 1365 2671 οὕτως
1399 2609 1612 2678 ἔχουσιν
1642 2608 1787 2666 οὗτοι

182 2697 341 2763 πρὸς
373 2697 482 2766 τὴν
519 2697 691 2766 ἁληῦῆ
737 2698 830 2749 καὶ
883 2699 1402 2770 ὑπερανῳκισμένην
1457 2704 1643 2770 σοφίαν
1694 2706 1790 2758 καὶ

187 2787 559 2839 διῖασκαλίαν
591 2788 684 2839 τοῦ
718 2789 1055 2857 Πνεύματος.

269 2884 398 2942 κςδ.
433 2879 508 2931 Οὐ
543 2879 702 2948 μόνον
731 2880 786 2932 δὲ
819 2880 878 2932 τδ
915 2881 1205 2948 γινώσκειν
1236 2885 1374 2935 κατὰ
1413 2884 1472 2937 τὸ
1514 2887 1790 2958 ἐγχωροῦν

192 2974 254 3023 ὲν
295 2971 536 3040 ἀληθεία
605 2971 757 3033 Θεὸν,
806 2974 1152 3043 ἁσυγκρίτω;
1211 2977 1456 3042 κρεῖττον
1530 2979 1628 3046 τῆς
1670 2980 1771 3032 καθ

195 3060 485 3131 Ἕλληνας
515 3061 831 3131 φιλοσοφίας
854 3067 1021 3131 ἐστὶν,
1053 3065 1187 3119 ἀλλὰ
1216 3068 1310 3120 καὶ
1341 3069 1502 3138 μόνον
1557 3072 1617 3123 τὸ
1649 3073 1790 3128 εἰδέ-

194 3170 294 3205 ναι
326 3155 456 3205 τίνα
485 3154 647 3206 τόπον
681 3154 795 3223 ἔχει
823 3158 851 3208 ὁ
875 3156 1158 3226 ἄνθρωπος
1187 3159 1424 3230 παράτῷ
1447 3161 1585 3230 Θεῷ,
1613 3164 1792 3218 πᾶσαν
1823 3164 1865 3219 C

199 3245 541 3318 ὑπερϐαίνει
573 3245 672 3315 τὴν
723 3246 843 3300 κατ’
866 3247 1105 3312 ἐκείνους
1167 3251 1394 3317 σοφίαν⁶
1461 3254 1623 3321 μόνος
1682 3256 1789 3322 γᾷρ

200 3339 474 3392 ἁπάντων
505 3336 766 3403 ἐπιγείων
822 3354 879 3389 τε
919 3338 1016 3390 καὶ
1082 3339 1344 3407 οὐρανίων
1407 3343 1626 3413 ἐκτίσθη
1670 3345 1790 3397 κατ’

204 3431 406 3483 εἰκόνα
444 3427 537 3480 τοῦ
577 3428 901 3493 πλάσαντος,
935 3428 1010 3492 ὡς
1049 3431 1184 3500 πρὸς
1239 3434 1444 3486 ἐκεῖνον
1495 3433 1664 3505 ὁρῴη.
1698 3438 1790 3488 καὶ

206 3521 380 3574 αὐτὸν
397 3517 654 3590 ἀγαπῴη,
692 3521 942 3574 κάκείνου
979 3521 1138 3589 μόνου
1181 3522 1392 3594 μὺστης
1427 3525 1518 3577 καὶ
1553 3543 1793 3593 προσκυ-

208 3613 389 3679 ντετὴς
422 3611 531 3681 εἴη,
560 3612 654 3664 καὶ
681 3615 745 3682 τῇ
778 3613 914 3682 πρὸς
941 3613 1103 3666 αὐτὸν
1137 3615 1316 3668 πίστει
1352 3617 1448 3669 καὶ
1489 3618 1670 3671 νεύσει
1696 3621 1790 3671 καὶ

208 3702 484 3764 διαθέσει,
525 3703 624 3770 τὴν
680 3702 888 3755 οἰκείαν
922 3703 1184 3773 καλλονὴν
1247 3708 1554 3777 συντηροίη,
1615 3709 1790 3762 πάντα

210 3796 270 3847 δὲ
296 3795 342 3846 τ’
375 3793 511 3848 ἄλλα
556 3793 656 3847 ὅσα
693 3794 766 3862 γῆ
789 3795 881 3846 καὶ
921 3794 1144 3864 οὐρανὸς
1177 3795 1262 3848 ὅδε
1293 3798 1470 3867 φέρει,
1505 3797 1790 3868 κατώτερα

213 3885 417 3939 ἑαυτοῦ
450 3885 640 3955 εἰδείη,
682 3886 776 3938 καὶ
805 3886 895 3938 νοῦ
919 3887 1264 3940 παντάπασιν
1284 3887 1508 3958 ἄμοιρα.
1543 3891 1720 3958 Ὅπερ
1742 3895 1792 3944 οἱ

215 3979 342 4032 καθ’
398 3977 668 4047 Ἕλληνας
703 3977 858 4046 σοφοὶ
895 3977 1246 4047 μηδοπωσοῦν
1281 3979 1508 4031 συνιδεῖν
1539 3979 1793 4049 δυνηθέν-

211 4087 326 4132 τες,
359 4068 649 4138 ἠτίμωσαν
675 4067 774 4131 τὴν
800 4069 920 4120 καθ’
951 4069 1098 4137 ἡμᾶς
1167 4069 1348 4135 φύσιν,
1381 4069 1660 4140 ἠσέϐησαν
1713 4073 1793 4134 εἰς

212 4163 371 4224 Θεὸν,
407 4160 787 4230 ἐσεϐάσθησαν
821 4159 914 4211 καὶ
940 4160 1270 4230 ἐλάτρευσαν
1314 4163 1378 4230 τῇ
1419 4161 1594 4213 κτίσει
1644 4163 1792 4231 παρὰ

211 4253 302 4305 τον
316 4249 612 4315 κτίσαντα,
639 4253 750 4313 τοῖς
784 4249 1062 4319 αἰσθητοῖς
1083 4251 1175 4302 καὶ
1191 4250 1538 4320 ἀναισθήτοις
1566 4251 1794 4321 ἄστροισι

214 4341 338 4394 νοῦν
356 4338 705 4410 περιθέντες,
725 4339 818 4391 καὶ
843 4338 1046 4390 τούτων
1087 4339 1301 4407 ἑκάστῳ
1329 4339 1419 4392 τοῦ
1453 4342 1594 4394 κατὰ
1636 4342 1794 4410 σῶμα

225 4430 493 4499 μεγέθους
520 4429 778 4495 ἀνάλογον
834 4430 892 4481 ἐν
926 4427 1152 4498 δυνάμει
1191 4430 1284 4481 καὶ
1341 4427 1640 4498 ἀξιώματι·
1703 4433 1796 4484 καὶ

225 4495 395 4574 ταῦτα
424 4519 627 4582 ἀθλίως
648 4519 948 4589 σεϐόμενοι,
1010 4495 1104 4572 καὶ
1153 4521 1312 4584 θεοὺς
1349 4495 1566 4590 μείζους
1611 4539 1671 4574 τε
1701 4523 1796 4574 καί.
1834 4495 1883 4554 D

226 4612 478 4674 ἐλάττους
529 4610 1090 4680 προσαγορεύσαντες,
1167 4610 1263 4680 τὴν
1347 4613 1639 4680 κυριότητα
1702 4611 1796 4665 τοῦ

231 4704 424 4764 παντὸς
445 4699 773 4770 ἐπέτρεψαν.
804 4696 928 4769 Ἆρ’
953 4701 1052 4753 οὐκ
1075 4701 1139 4751 ἐκ
1171 4701 1279 4752 τῶν
1311 4701 1585 4771 αἰσθητῶν
1624 4694 1794 4765 οὗτοι,

232 4793 324 4844 καὶ
345 4792 441 4860 τῆς
471 4790 615 4845 κατὰ
644 4789 818 4842 ταῦτα
874 4789 1212 4858 φιλοσοφίας,
1253 4787 1442 4859 αἶσχος
1511 4791 1604 4844 καὶ
1672 4793 1798 4846 ἀδο·

237 4882 371 4948 Eia»,
398 4881 492 4932 καὶ
511 4879 702 4931 πενίαν
733 4878 966 4947 ἐσχάτην
980 4881 1099 4941 ταῖς
1124 4880 1351 4942 οἰκείαις
1399 4880 1598 4949 ψυχαῖς
1636 4899 1799 4952 προσ-

237 4972 540 5041 ετρίψαντο,
560 4973 652 5023 καὶ
675 4970 861 5040 νοητὸν
878 4969 1044 5032 ὅντως
1072 4971 1165 5022 καὶ
1194 4971 1548 5042 κολαστήριον
1574 4974 1757 5036 σκότος
1778 4989 1794 5039 ;

307 5064 407 5126 κζ’.
441 5063 514 5114 Τὸ
540 5064 660 5114 κατ’
690 5062 873 5113 εἰκόνα
893 5061 1182 5128 γεγονότας
1213 5063 1362 5131 ἡμᾶς
1400 5064 1596 5126 αὐτοὺς
1658 5065 1797 5115 εἰδέ-

243 5175 327 5209 ναι
364 5153 452 5207 τοῦ
481 5153 782 5217 κτίσαντος,
818 5153 937 5205 οὐδὲ
972 5153 1058 5205 τὸν
1085 5153 1272 5223 νοητὸν
1299 5153 1500 5222 κόσμον
1534 5154 1799 5206 θεοποιεῖν

247 5248 526 5317 συγχωρεῖ.
561 5245 633 5298 Τὸ
667 5245 774 5314 γὰρ
796 5247 914 5297 κατ’
951 5244 1134 5297 εἰκόνα
1163 5244 1342 5308 τοῦτο,
1373 5247 1470 5314 οὺχ
1504 5247 1534 5314 ἡ
1567 5246 1659 5296 τοῦ
1693 5244 1799 5296 σώ-

251 5358 408 5410 ματος
445 5339 555 5408 ἔχει
594 5338 760 5404 θέσις,
799 5339 909 5390 ἀλλ’
939 5340 970 5407 ἡ
1002 5338 1096 5390 τοῦ
1122 5338 1212 5389 νοῦ
1271 5338 1485 5400 πάντως
1517 5337 1697 5405 φύσις,
1737 5329 1798 5388 οὗ

253 5431 407 5500 μηδὲν
437 5430 575 5483 κατὰ
601 5431 763 5498 φύσιν
793 5431 1056 5499 κρεῖττον.
1092 5428 1155 5478 Ei
1180 5427 1288 5495 γὰρ
1326 5425 1393 5496 ἦν
1435 5443 1487 5479 τι
1532 5429 1798 5497 κρεῖττον,

253 5525 305 5573 ἐν
336 5522 516 5593 ἐκείνῳ
534 5523 598 5576 ἂν
630 5521 843 5590 ὑπῆρχε
879 5521 939 5573 τὸ
984 5521 1104 5572 κατ’
1126 5519 1330 5572 εἰκόνα.
1376 5519 1527 5571 Ἐπεὶ
1564 5518 1620 5570 δὲ
1654 5518 1712 5570 τὸ
1744 5519 1800 5568 ἐν

256 5616 376 5682 ἡμῖν
417 5617 660 5684 κρεῖττον
690 5615 718 5666 ὁ
747 5612 890 5677 νοῦς,
934 5613 1091 5665 τοῦτο
1127 5611 1183 5663 δὲ
1222 5611 1271 5663 εἰ
1310 5611 1404 5664 καὶ
1471 5610 1591 5664 κατ’
1620 5611 1800 5663 εἰκόνα

258 5703 409 5768 θείαν,
438 5707 658 5775 ἐκτίσθη
680 5705 723 5758 δ’
757 5705 848 5758 οὖν
879 5705 1028 5773 ὅμως
1088 5705 1194 5757 ὑπὸ
1216 5702 1349 5756 θεοῦ
1385 5717 1399 5731 ·
1434 5703 1487 5755 τί
1539 5703 1656 5754 ποτ’
1694 5703 1801 5771 ἄρα

258 5792 490 5860 δυσχερὲς
527 5797 777 5865 συνιδεῖν,
804 5792 1223 5869 μᾶλλονδὲ,πῶς
1246 5793 1344 5848 οὐκ
1374 5792 1597 5848 αὐτόθεν
1633 5793 1799 5848 κατά-

1895 1895 2206 1948 intellectus
2239 1890 2590 1960 penetravit?
2643 1888 2698 1943 Si
2747 1897 2931 1942 autem
2974 1889 3082 1942 illis
3117 1898 3324 1943 natura:
3354 1889 3470 1956 phi-

1896 1987 2140 2054 lOSOphis
2169 1998 2467 2053 eorumque
2497 1981 2776 2049 discipulis
2800 1991 3015 2035 terrena
3048 1982 3163 2035 visa
3198 1991 3279 2035 est
3305 1983 3470 2051 spiri-

1900 2077 2060 2130 tualis
2134 2077 2440 2145 sapientia,
2499 2089 2561 2127 ac
2611 2071 2837 2143 proinde
2896 2071 3307 2142 supereminens
3358 2071 3484 2138 ejus

1898 2169 2218 2223 excellentia
2252 2184 2266 2220 :
2308 2182 2408 2222 nos
2451 2167 2600 2221 enim
2649 2167 2848 2219 intuitu
2886 2181 2997 2220 sua:
3045 2166 3329 2235 sapientiae
3361 2163 3476 2218 fere

1848 2303 1850 2306 μ
1902 2261 2101 2315 habent
2136 2270 2190 2311 ut
2222 2259 2476 2313 animalia
2506 2259 2722 2312 ratione
2750 2257 3034 2322 destituta,
3072 2260 3153 2312 vel
3183 2258 3228 2312 si
3275 2260 3480 2324 mavis,

1903 2366 1956 2406 Ill
1991 2353 2249 2424 parvulos
2289 2352 2487 2422 quibus
2533 2352 2782 2405 meliores
2819 2349 2872 2403 in
2911 2350 3160 2404 manibus
3188 2350 3477 2404 vidi-antur

1901 2446 2158 2513 placenta:
2200 2460 2360 2514 quam
2421 2442 2564 2510 regia
2620 2443 2922 2496 diademata
2973 2443 3054 2497 vel
3105 2445 3284 2497 omnia
3342 2443 3478 2512 ipsis

1901 2547 2050 2591 tmta.
2089 2536 2160 2590 Ita
2195 2553 2312 2590 sese
2341 2535 2413 2589 illi
2448 2536 2650 2590 habent
2682 2550 2806 2605 erga
2835 2550 3012 2588 veram
3038 2545 3090 2588 et
3135 2536 3479 2603 διφυί-θεοει-

1903 2631 2096 2685 lentem
2129 2630 2444 2699 sapientiam
2473 2639 2526 2683 cl
2547 2629 2843 2702 doctrinam
2874 2628 3128 2696 Spiritus.

1972 2814 2065 2870 26.
2098 2815 2214 2869 Non
2249 2815 2422 2870 solum
2489 2829 2819 2882 cognosrere
2873 2829 2966 2882 pro
3020 2815 3223 2871 viribus
3251 2817 3302 2869 in
3337 2817 3475 2869 veri-

1903 2918 2012 2962 tate
2047 2908 2212 2962 Deum
2237 2950 2250 2972 ,
2285 2908 2440 2977 longe
2489 2907 2767 2974 utulquue
2810 2907 3006 2960 melius
3053 2907 3268 2962 ethnica
3301 2909 3475 2978 philo-

1902 3000 2090 3068 Sophia
2129 3010 2233 3061 est,
2270 2999 2360 3052 sed
2396 2999 2560 3052 etiam
2607 2997 2745 3052 scire
2780 3002 3041 3050 duntaxat
3095 3012 3255 3066 quem
3301 3000 3476 3052 locum

1905 3094 2099 3147 habe-at
2124 3093 2283 3144 humo
2311 3105 2491 3144 coram
2529 3089 2660 3151 Deo.
2691 3105 2904 3144 omnem
2937 3091 3208 3146 antecedit
3235 3094 3477 3161 gentium

1901 3184 2247 3251 sapientiam.
2296 3182 2457 3236 Solus
2519 3183 2660 3236 enim
2711 3184 2953 3238 oumium
3015 3186 3356 3240 terrestrium
3412 3201 3477 3240 ac

1899 3277 2201 3332 t'telestium
2237 3287 2454 3332 creatus
2489 3285 2575 3332 est
2623 3278 2691 3332 ad
2743 3277 3034 3346 imaginem
3089 3279 3390 3345 Creatoris,
3422 3294 3480 3335 ttt

1901 3374 1966 3426 ad
2001 3388 2122 3426 eum
2161 3373 2461 3435 intueatur,
2513 3384 2746 3439 eumque
2795 3373 3003 3439 diligat,
3052 3381 3107 3424 et
3157 3371 3276 3440 ejus
3309 3373 3478 3428 solius

1903 3473 2104 3531 mystes
2131 3470 2185 3517 et
2225 3462 2478 3516 adorator
2523 3462 2614 3524 sit,
2673 3471 2728 3516 et
2785 3461 2888 3516 [ide
2941 3475 3002 3516 ac
3031 3463 3317 3531 pietate—in
3353 3479 3482 3518 eum

1904 3553 2127 3609 allectus
2175 3569 2329 3608 suam
2383 3565 2626 3608 servaret
2671 3554 3150 3624 pulchritudinem,
3191 3567 3245 3611 et
3284 3569 3482 3614 ett-tera

1903 3648 2083 3700 omnia
2121 3662 2459 3718 qttteeuttque
2516 3659 2659 3701 terra
2692 3660 2744 3701 et
2791 3647 2990 3702 coelum
3027 3650 3130 3703 huc
3161 3649 3364 3715 ferunt,
3397 3653 3483 3705 in-

1905 3740 2103 3795 feriora
2181 3740 2362 3808 seipso
2432 3750 2643 3809 putaret
2685 3751 2740 3794 et
2821 3741 3182 3811 intelligentia
3260 3760 3484 3814 prorsus

1904 3831 2181 3885 destituta.
2236 3831 2389 3898 Quod
2440 3833 2646 3886 ethnici
2699 3833 3008 3902 pltilosOphi
3067 3836 3291 3888 minime
3339 3837 3482 3890 Scire

1906 3924 2150 3976 valentes
2176 3963 2190 3990 ,
2238 3933 2477 3978 nostram
2521 3927 2984 3980 detlecoraveruttt
3017 3940 3288 3990 naturam,
3311 3927 3480 3982 Dcuut

1908 4015 2398 4080 inhonoraverunt,
2465 4028 2520 4070 et
2587 4019 2874 4070 coluerunt
2953 4022 3303 4086 veneratiqtte
3355 4032 3484 4075 sunt

1906 4115 2214 4160 creaturam
2243 4107 2420 4173 potius
2451 4122 2610 4174 quam
2635 4105 2980 4170 Creatorem,
3011 4109 3288 4162 seusitivis
3320 4111 3482 4165 rebus

1907 4204 1962 4251 et
2020 4197 2339 4252 iuanimatis
2390 4198 2662 4252 sideribus
2715 4198 3122 4267 intelligentiam
3181 4203 3484 4256 tribuentes

1909 4305 2028 4358 quae
2057 4293 2109 4343 itt
2138 4289 2369 4360 singulis
2402 4294 2824 4358 reSpoudentcm
2857 4292 3101 4361 corporis
3128 4295 3482 4363 magnitudini

1909 4387 2166 4438 virtutem
2198 4392 2254 4437 et
2307 4381 2628 4452 dignitatem
2672 4383 2914 4450 haberet,
2941 4393 2995 4440 et
3032 4385 3131 4440 ista
3159 4389 3359 4441 misere
3394 4404 3477 4443 re-

1911 4475 2093 4536 veriti.
2119 4483 2174 4528 et
2225 4475 2355 4528 deos
2384 4474 2617 4543 majores
2655 4490 2719 4528 ac
2758 4475 2994 4532 minores
3041 4477 3489 4544 confessi,deita-

1912 4574 2021 4623 tem
2075 4567 2330 4621 onmihus
2377 4577 2796 4622 concesserunt.
2857 4566 3046 4624 Nonne
3086 4571 3249 4639 igitur
3296 4573 3370 4627 illi
3415 4589 3484 4629 ex

1911 4659 2262 4716 sensibilihus
2289 4668 2343 4713 et
2370 4676 2432 4713 ex
2474 4675 2570 4713 sua
2603 4661 2669 4715 de
2698 4661 2786 4716 his
2805 4663 3146 4732 philosOphia
3166 4706 3182 4732 ,
3245 4665 3485 4723 dedecus

1911 4750 2376 4821 ignominiamque
2407 4760 2459 4804 et
2499 4759 2797 4806 extremam
2833 4753 3110 4808 miseriam
3137 4757 3253 4810 suis
3287 4758 3486 4812 animis

1911 4842 2269 4909 inusserunt,
2319 4851 2375 4896 et
2425 4841 2696 4911 spiritales
2745 4858 2871 4898 vere
2914 4859 2979 4899 ac
3032 4845 3275 4914 pteuales
3337 4858 3492 4904 tene-

1915 4935 2038 4987 bras
2065 4934 2089 4987 1’

1982 5051 2070 5104 97.
2103 5048 2255 5116 Quod
2293 5051 2529 5104 sciamus
2560 5054 2770 5100 nosmet
2801 5046 2868 5098 aol
2899 5044 3188 5113 imaginem
3214 5043 3490 5097 Creatoris

1895 5157 2034 5196 .esse
2065 5143 2257 5207 factos,
2307 5158 2410 5195 non
2444 5140 2570 5193 ideo
2595 5137 2852 5192 mundum
2889 5135 3284 5205 intelligibilem
3320 5137 3483 5188 deiti—

1915 5249 2044 5287 care
2073 5235 2216 5288 licet.
2252 5231 2382 5285 Nam
2423 5231 2562 5284 hanc
2593 5229 2909 5298 imaginem,
2937 5242 3041 5279 nou
3075 5226 3490 5295 corporiseon-

1916 5325 2156 5388 stitutio,
2206 5323 2300 5378 sed
2353 5332 2548 5377 natura
2599 5321 2758 5389 plane
2804 5318 2971 5373 habet
3025 5318 3352 5384 intelleetus,
3381 5333 3492 5385 quo

1919 5417 2050 5472 nihil
2081 5415 2408 5470 naturalium
2473 5414 2668 5468 mel-ius
2730 5422 2835 5467 est.
2892 5410 2948 5466 Si
2985 5412 3115 5482 quid
3167 5412 3310 5463 enim
3342 5420 3492 5464 esset

1919 5511 2133 5572 melius,
2166 5511 2221 5562 in
2247 5509 2338 5563 illo
2372 5524 2480 5561 non
2511 5514 2657 5561 esset
2675 5506 2767 5560 Dei
2797 5507 2994 5574 imago.
3022 5505 3159 5571 Quia
3188 5517 3316 5556 Vero
3345 5504 3493 5571 quod

1919 5609 2006 5654 est
2040 5599 2092 5652 in
2120 5597 2278 5651 nobis
2308 5599 2520 5661 melius,
2551 5596 2858 5650 intellectus
2886 5602 2988 5658 est,
3021 5594 3108 5648 hic
3138 5601 3339 5656 autem,
3365 5593 3491 5645 licet

1921 5691 1987 5745 ad
2018 5689 2309 5755 imaginem
2343 5688 2415 5741 sit
2436 5687 2698 5753 divinam,
2729 5697 2947 5741 creatus
2975 5693 3058 5739 est
3094 5693 3271 5737 tamen
3303 5697 3331 5735 a
3360 5682 3498 5746 Deo,

1923 5797 2052 5838 num
2089 5781 2251 5850 igitur
2291 5791 2552 5849 conceptu
2591 5779 2802 5837 diﬂicile
2836 5787 2940 5842 est,
2983 5777 3066 5834 vel
3107 5773 3282 5841 potius
3309 5790 3501 5831 nonne.
