4074 6322
562 357 704 429 113,9

1821 367 2204 432 GREGORII
2244 370 2570 438 PALAM.E

3672 392 3825 452 130

561 499 628 539 eo
655 484 778 555 ipso
794 492 953 554 patet
987 483 1129 539 hunc
1157 497 1280 538 esse
1308 482 1569 544 Laetoer
1602 495 1799 541 nostra:
1835 488 2124 558 intelligam

2232 498 2406 566 δηλον,
2435 501 2509 562 ὡς
2535 503 2561 552 ό
2598 501 2823 570 πιητὴς
2856 502 2947 554 τοῦ
2979 504 3098 557 καθ’
3137 505 3280 574 ἡμᾶς
3318 522 3526 575 νοερου,
3595 509 3814 568 ἐκεῖνος

560 579 670 641 rite,
697 586 752 631 et
782 578 1022 632 omnium
1053 577 1495 632 illlcliet'luaiitllti
1528 584 1840 633 auctorem?
1867 579 2126 635 Conservi

558 671 723 738 igitur
775 669 936 723 nobis
987 678 1114 723 sunt
1178 683 1367 722 omnes
1420 670 1642 736 spiritus
1699 671 1764 721 ad
1837 672 2127 740 imaginem

555 761 834 815 Creatoris
878 759 1027 822 facti.
1077 761 1289 814 etiamsi
1344 763 1499 815 nobis
1544 746 1650 815 sint
1696 764 2126 828 excellentinrcs,

536 856 678 922 ,quia
715 863 842 908 sunt
884 860 1034 907 extra
1072 867 1320 920 cnrpora,
1352 863 1401 904 et
1439 854 1690 906 incrcata-
1717 869 1938 920 prmsus
1964 865 2012 907 et
2050 856 2130 907 in-

555 956 750 999 crealm
780 954 984 998 naturte
1015 944 1311 1013 propiores.
1348 942 1441 1000 Vel
1478 946 1680 1012 potius,
1715 947 1805 1012 qui
1842 948 1982 999 inter
2007 948 2128 1003 illos

555 1053 710 1091 suum
755 1044 1114 1091 servaverunt
1143 1035 1413 1097 ordinent,
1445 1048 1495 1089 et
1544 1038 1672 1089 illud
1723 1038 1787 1090 ad
1821 1038 1961 1103 quod
2000 1038 2127 1091 facti

554 1138 680 1181 sunt
711 1137 914 1192 amant,
952 1129 1075 1180 licet
1105 1128 1261 1181 nobis
1290 1129 1559 1191 conservi,
1591 1138 1716 1182 sunt
1749 1139 1923 1182 tamen
1954 1129 2128 1182 hono-

555 1216 783 1280 rabiles.
818 1227 870 1272 et
919 1218 1179 1287 dignitate
1225 1218 1379 1271 nobis
1430 1219 1597 1271 tnulto
1641 1220 1968 1284 superiores.
2020 1217 2122 1284 Qui

552 1324 684 1364 vero
718 1325 873 1365 suum
922 1324 1024 1364 non
1058 1320 1409 1363 servaverunt
1444 1312 1712 1371 ordinem,
1743 1312 1836 1363 sed
1888 1309 2125 1369 rebellati

553 1402 682 1455 illud
715 1402 1017 1468 reiecerunt
1062 1404 1127 1455 ad
1161 1403 1299 1470 quod
1330 1404 1498 1457 creati
1527 1415 1704 1466 erant,
1736 1404 1803 1455 ah
1831 1403 2122 1473 apprOpin-

551 1495 847 1561 qttantibus
902 1494 1008 1547 Deo
1077 1484 1418 1549 recesserunt
1464 1512 1626 1565 quam
1679 1497 2025 1566 longissime,
2069 1504 2125 1548 et

549 1588 757 1640 honore
789 1601 885 1637 suo
917 1586 1255 1640 exi-iderunt.
1287 1587 1350 1639 Et
1382 1586 1425 1639 si
1469 1587 1632 1640 etiam
1667 1602 1777 1641 nos.
1814 1584 1970 1649 simul
2017 1595 2124 1638 tra-

549 1678 680 1732 here
712 1678 765 1731 in
803 1677 1009 1745 lapsum
1059 1677 1464 1747 aggrediuntur,
1503 1696 1606 1731 non
1646 1679 1866 1731 inutiles
1916 1687 2127 1731 tantum

546 1778 676 1822 sunt
700 1778 865 1837 atque
891 1768 1038 1832 viles,
1062 1770 1153 1822 sed
1178 1780 1227 1822 et
1254 1768 1363 1824 Deo
1384 1769 1578 1825 iulensi
1603 1779 1656 1823 et
1679 1771 1861 1839 generi
1889 1770 2122 1821 ltutnano

550 1860 842 1930 perniciosi
872 1871 923 1914 et
956 1861 1339 1915 inimicissimi.

619 1955 710 2007 ‘28.
748 1954 850 2008 Sed
887 1952 1185 2023 physiologi
1221 1961 1274 2008 et
1319 1952 1638 2014 astronomi,
1672 1968 1818 2017 cum,
1851 1952 1975 2004 licet
2002 1966 2125 2004 om-

548 2049 637 2102 nia
668 2047 767 2101 sibi
800 2057 925 2101 nota
957 2046 1276 2117 gloriantes,
1310 2044 1441 2099 nihil
1477 2047 1818 2115 praelatornm
1852 2061 1917 2100 ex
1953 2045 2130 2114 philo-

545 2139 739 2208 sophia
790 2139 1093 2208 intelligere
1141 2149 1379 2207 possent,
1420 2140 1717 2208 principem
1759 2139 2126 2208 spiritualium

547 2233 891 2289 tenebrarum
916 2240 971 2284 et
994 2241 1218 2285 cunctas
1240 2240 1536 2299 potestates
1558 2246 1624 2286 eo
1648 2233 1783 2287 duce
1813 2232 2125 2291 rebellatas.

546 2335 651 2371 non
681 2319 993 2389 superiores
1029 2329 1234 2373 tantum
1266 2320 1478 2389 seipsis,
1510 2323 1602 2375 sed
1633 2330 1689 2375 et
1737 2323 1868 2376 deos
1899 2338 2126 2377 vocave-

546 2421 691 2479 runt,
727 2423 782 2467 et
828 2412 1111 2482 coluerunt
1157 2413 1391 2482 templis,
1433 2423 1487 2466 et
1521 2412 1831 2468 obtulerunt
1861 2418 1939 2471 eis
1965 2417 2126 2471 victi-

545 2488 685 2570 mas,
717 2493 772 2558 et
806 2520 865 2559 se
894 2506 1243 2574 subjecerunt
1279 2505 1671 2560 l‘unestissimis
1701 2522 1886 2560 eorum
1932 2523 2126 2564 oracu-

544 2598 632 2664 κς,
667 2598 719 2651 in
751 2598 949 2667 quibus
981 2598 1178 2653 merito
1208 2598 1532 2667 plerumque
1558 2598 1703 2653 illusi
1732 2609 1859 2655 sunt
1888 2618 1917 2656 a
1947 2618 2127 2657 sacer—

545 2690 762 2744 dotibus
803 2704 907 2742 non
957 2689 1152 2755 sacris,
1186 2690 1712 2760 lustrationibusque
1743 2695 2120 2749 contaminan-

518 2762 696 2831 'ribus
743 2784 796 2830 et
842 2778 1282 2831 scelestissitnam
1339 2778 1736 2848 ittspiranlibtls
1784 2784 2116 2856 superbiam,

542 2879 707 2936 atque
756 2868 1034 2938 prophetis
1080 2885 1143 2921 ac
1196 2869 1557 2939 prophetissis
1608 2871 1677 2932 ab
1730 2873 1842 2942 ipsa
1892 2877 2121 2931 veritate

544 2975 705 3028 quam
752 2959 1065 3028 longissime
1096 2961 1521 3016 removeutibus.

612 3102 703 3158 29.
740 3098 1073 3154 Nort‘solnm
1120 3095 1174 3151 in
1206 3110 1271 3150 eo
1300 3095 1444 3164 quod
1479 3096 1641 3151 homo
1687 3093 1857 3146 Deum
1904 3092 2041 3146 sciat
2067 3101 2121 3145 et

546 3195 783 3263 seipsnm
818 3200 1084 3260 suumque
1134 3198 1428 3258 cognoscat
1481 3189 1728 3242 ordinem
1779 3184 1944 3253 (quod
1978 3176 2129 3251 apud

547 3285 886 3340 Christianos
909 3282 1086 3336 sciunt
1116 3283 1276 3334 etiam
1300 3279 1387 3347 qui
1414 3280 1670 3331 dicuntur
1694 3275 1918 3347 idiota),
1945 3276 2123 3329 scien-

549 3378 620 3433 tia
674 3377 826 3431 adest
876 3374 1159 3429 sublimior
1214 3370 1549 3443 physiologia
1599 3381 1651 3423 et
1701 3369 2029 3424 astronomia
2067 3373 2123 3420 et

548 3469 693 3523 omni
732 3469 797 3522 de
840 3467 923 3520 Itis
954 3464 1314 3534 philosophia,
1352 3464 1446 3516 sed
1478 3463 1642 3516 etiam
1707 3475 1866 3514 nosse
1908 3458 2121 3514 intelle-

553 3574 674 3618 ctus
704 3562 870 3615 nostri
904 3557 1358 3619 imbecillitatem,
1385 3567 1440 3608 et
1469 3555 1594 3607 huic
1628 3553 1826 3608 mederi
1858 3568 2120 3623 quaerere,

548 3665 635 3710 est
682 3651 1186 3719 incomparabiliter
1241 3648 1412 3700 multo
1465 3647 1634 3701 satius
1690 3645 2041 3712 quamscire
2070 3649 2125 3698 et

550 3742 878 3814 perscrutari
934 3740 1169 3792 siderum
1227 3738 1653 3807 magnitudinem
1703 3747 1758 3790 et
1809 3747 2120 3789 naturarum

552 3837 812 3895 rationes,
848 3831 1084 3900 origines
1118 3826 1435 3883 inferiorum
1487 3838 1541 3880 et
1575 3827 1837 3882 circuitus
1883 3826 2123 3894 superio-

553 3942 691 3993 rum,
728 3922 1113 3978 conversiones
1146 3929 1198 3973 et
1229 3928 1402 3984 ortus,
1439 3919 1704 3973 stationes
1740 3927 1792 3972 et
1818 3914 2123 3986 ietrogres-

548 4035 663 4084 sus,
708 4017 978 4070 discessus
1007 4022 1056 4065 et
1093 4025 1439 4080 congressus,
1487 4020 1540 4064 et
1594 4010 1892 4077 generatim
1933 4024 2122 4062 omnes

547 4126 737 4167 eorum
770 4117 946 4160 motus
981 4104 1160 4159 varios
1187 4119 1241 4159 et
1271 4103 1634 4157 multiformes
1663 4101 1899 4156 habitus.
1931 4100 2124 4155 Sciens

548 4200 694 4255 enim
731 4213 882 4251 suam
917 4193 1315 4254 ittlirtnitatcm,
1346 4193 1545 4260 reperit
1579 4208 1683 4259 qua
1717 4193 1862 4244 ineat
1890 4192 1952 4243 ad
1980 4190 2124 4243 Salu-

551 4302 697 4353 tcm,
737 4298 793 4342 ct
839 4288 1063 4340 aecedat
1097 4285 1166 4337 ad
1218 4285 1401 4338 lumen
1458 4283 1735 4345 scientiae,
1794 4290 1848 4334 et
1898 4283 2125 4349 accipiat

549 4379 871 4451 sapientiam
946 4390 1127 4430 veram
1190 4389 1289 4429 nec
1341 4393 1464 4431 cum
1517 4377 1617 4429 hoc
1669 4374 1868 4428 saeculo
1922 4370 2122 4428 dissol-

552 4474 803 4529 vendauu

619 4563 709 4619 '50.
758 4559 1021 4628 Quaelibet
1057 4559 1341 4614 rationalis
1377 4557 1857 4629 intellectualisque
1901 4566 2116 4621 natura,

548 4658 666 4713 sive
699 4654 996 4724 angelicam
1026 4650 1234 4706 dixeris
1264 4652 1377 4706 sive
1406 4652 1726 4718 humanam,
1756 4651 2121 4706 essentialiler
2186 4682 2193 4689 -

553 4750 716 4803 habet
747 4748 938 4810 vitam,
973 4760 1069 4814 per
1089 4757 1252 4813 quam
1287 4752 1531 4797 remanet
1551 4745 1866 4799 exsistenlia
1898 4746 2119 4797 immor-

552 4842 675 4895 talis
738 4856 802 4894 ac
837 4838 1200 4907 corruptionis
1227 4837 1474 4903 incapax.
1510 4834 1580 4890 At
1624 4852 1742 4903 qua:
1788 4838 1940 4892 nobis
1980 4839 2121 4891 inest

555 4929 934 4987 Intelleclualis
963 4938 1020 4983 et.
1051 4916 1330 4983 rationalis
1363 4936 1577 4989 natura,
1610 4942 1715 4979 non
1747 4928 1916 4980 solam
1954 4928 2121 4982 habet

552 5025 920 5080 essentialiter
963 5025 1153 5089 vitam,
1189 5023 1286 5078 sed
1332 5032 1386 5077 et
1429 5023 1822 5090 operationem.
1872 5019 2120 5079 Vivilicat

552 5119 698 5170 enim
738 5116 1083 5184 coniunctum
1110 5130 1326 5185 corpus,
1376 5118 1515 5169 unde
1550 5115 1709 5184 hujus
1746 5116 1942 5169 dicitur
1986 5117 2115 5169 vita.

555 5209 679 5262 llaec
724 5222 882 5275 porro
914 5209 1018 5259 vita
1050 5207 1249 5260 dicitur
1283 5206 1505 5261 relative
1538 5206 1605 5259 ad
1652 5205 1823 5272 aliud,
1856 5217 1912 5258 et
1941 5223 2003 5262 ea
2034 5213 2121 5261 est

555 5300 818 5371 operatio.
854 5297 1006 5363 Quod
1033 5299 1176 5352 enim
1210 5306 1293 5353 est
1321 5298 1386 5353 ad
1426 5298 1593 5365 aliud,
1623 5299 1728 5352 dici
1762 5299 1950 5368 nequit
1996 5302 2121 5355 sub-

555 5395 751 5449 sistere
806 5391 858 5444 in
917 5391 1114 5459 seipso.
1169 5389 1497 5459 Angelorum
1553 5406 1683 5445 vero
1743 5392 2123 5448 intellectualis

557 5499 746 5541 natura
786 5500 892 5539 non
924 5484 1002 5539 sic
1047 5493 1103 5538 ut
1132 5487 1502 5552 operationem
1556 5484 1719 5539 habet
1772 5487 1937 5539 vitam
1969 5500 1984 5541 :
2011 5501 2122 5540 non

553 5580 697 5632 enim
722 5576 1070 5646 coniunctum
1104 5576 1313 5641 accepit
1340 5590 1370 5627 a
1398 5574 1473 5629 De
1496 5596 1508 5625 ›
1537 5575 1604 5628 de
1636 5587 1782 5629 terra
1810 5591 2030 5644 corpus,
2053 5576 2121 5631 ad

556 5669 696 5736 quod
749 5668 1016 5723 viviﬁcmn
1071 5668 1340 5736 acciperet
1388 5669 1663 5722 virtutem.
1703 5667 1884 5738 Capax
1934 5678 2118 5724 tamen

555 5769 609 5815 et
643 5758 759 5830 ipsa
787 5770 872 5815 est
899 5760 1318 5825 contrariorum,
1346 5758 1600 5839 bonitatis
1637 5760 1840 5816 scilicet
1862 5775 1925 5817 ac
1968 5761 2120 5817 maliv

2232 589 2327 642 καὶ
2362 593 2554 652 nmo,-
2600 594 2783 658 νοεροῦ
2813 596 3038 664 ποιητής
3078 598 3232 660 sats;
3277 597 3566 659 Σύνδονλος
3601 596 3811 650 οὐκοῦν

2232 684 2362 750 ἡμῖν
2391 684 2537 733 πᾶσα
2564 685 2721 751 νοερὰ
2758 687 2939 752 φύσις,
2964 689 3057 739 καὶ
3096 687 3215 739 κατ’
3246 689 3431 740 εἰκόνα
3454 688 3549 741 τοῦ
3577 690 3811 741 κτίσαν-

2231 791 2319 835 τος
2355 790 2367 803 ·
2397 778 2444 827 εἰ
2470 778 2561 828 καὶ
2603 779 2756 846 ἡμῶν
2807 780 3137 850 τιμιώτεροι,
3196 781 3269 845 ὡς
3337 785 3603 853 σωμάτων
3647 784 3813 844 ὀντες

2230 857 2406 917 ἐκτὸς,
2441 859 2530 910 καὶ
2561 862 2624 926 τῇ
2655 861 2928 929 ἀσωμάτῳ
2959 863 3271 916 παντάπασι
3303 868 3395 919 καὶ
3421 871 3657 943 ἀκτίστῳ
3693 877 3811 944 φύ-

2228 961 2310 994 σει
2343 945 2542 1013 μᾶλλον
2570 946 2881 1013 ἐγγίζοντες
2918 964 2931 977 “
2970 952 3171 1018 μᾶλλον
3195 956 3271 1013 δὲ,
3305 957 3353 1007 οἱ
3384 958 3481 1024 μὲν
3525 962 3809 1027 φυλάξαν-

2225 1050 2314 1096 τες
2342 1040 2544 1087 τούτων
2566 1037 2663 1104 τὴν
2694 1038 2900 1091 ἑαυτῶν
2926 1041 3099 1104 τάξιν,
3123 1045 3214 1095 καὶ
3232 1046 3290 1096 τε
3325 1048 3458 1116 πρὸς
3485 1050 3512 1101 ὃ
3540 1056 3808 1121 γεγόνασι

2228 1126 2562 1194 στέργοντες,
2613 1130 2659 1179 εἰ
2693 1130 2783 1180 καὶ
2817 1131 3117 1197 ὁμόδουλοι,
3149 1135 3262 1186 ἀλλ’
3293 1139 3422 1207 ἡμῖν
3456 1143 3644 1210 τίμιοι,
3705 1148 3809 1199 καὶ

2228 1216 2382 1283 ἡμῶν
2408 1218 2470 1284 τῇ
2494 1216 2645 1280 τάξει
2677 1218 2851 1289 πολλῷ
2874 1221 3213 1293 τιμιώτεροι.
3242 1230 3302 1279 (li
3335 1229 3390 1280 δὲ
3416 1231 3490 1299 μὴ
3526 1234 3811 1300 φυλάξαν-

2226 1324 2315 1370 τες
2337 1307 2432 1377 τὴν
2461 1310 2665 1361 ἑαυτῶν
2698 1312 2866 1375 τάξιν,
2901 1314 3013 1366 ἀλλ’
3048 1316 3537 1387 ἁποστατήσαντες,
3587 1328 3681 1378 καὶ
3712 1330 3803 1391 τὸ,

2231 1397 2364 1466 πρὸς
2387 1398 2415 1449 ὃ
2451 1399 2644 1464 γεγόνοι
2657 1419 2753 1457 σιν.
2788 1403 3170 1473 ἁθετήσαντες,
3189 1409 3296 1465 τῶν
3331 1413 3653 1478 ἐγγιζόντων
3673 1418 3804 1488 Θ;ᾧ

2228 1491 2507 1557 γεγονότες
2538 1491 2611 1554 ὡς
2649 1495 3000 1563 πορρωτάτω,
3028 1500 3240 1569 καὶτῆς
3277 1505 3449 1573 τιμῆς
3505 1509 3802 1561 ἐκπεπτώ-

2226 1597 2407 1634 κασιν.
2469 1582 2530 1645 El
2594 1582 2649 1635 δὲ
2705 1585 2798 1637 καὶ
2846 1588 2994 1654 ἡμᾶς
3049 1596 3389 1664 συνεπισπᾷν
3460 1598 3805 1668 ἐπιχειροῦσι

2227 1673 2363 1741 πρὸς
2385 1672 2690 1741 ἔκπτωσιν,
2725 1677 2826 1729 οὐκ
2864 1680 3070 1747 ἀχρεῖοι
3100 1684 3194 1735 καὶ
3224 1684 3413 1755 ἄτιμοι
3433 1689 3611 1757 μόνον,
3661 1692 3803 1744 ἀλλὰ

2227 1766 2318 1816 καὶ
2348 1765 2612 1829 ἀντίθεοι,
2664 1768 2756 1819 καὶ
2809 1769 2962 1838 ἡμῶν
3018 1771 3093 1841 τῷ
3133 1775 3280 1841 γένει
3345 1779 3665 1848 λυμαντικοὶ
3703 1785 3801 1836 καὶ

2160 1847 2202 1898 Β
2230 1854 2640 1921 πολεμιώτατοι.

2295 1950 2402 2011 κη’.
2457 1945 2670 1998 Ἀ).λ⁹οἰ
2724 1951 3037 2017 φυσιολόγοι
3066 1970 3123 2004 τε
3187 1956 3280 2007 καὶ
3332 1958 3797 2030 ἀστροθεάμονες,

2228 2038 2319 2088 καὶ
2348 2037 2416 2089 τὰ
2446 2040 2625 2092 πάντα
2649 2041 2851 2093 εἰδέναι
2887 2045 3255 2113 καυχώμενοι,
3283 2050 3453 2117 μηδὲν
3477 2053 3582 2103 τῶν
3608 2070 3801 2124 προει-

2229 2127 2480 2197 ρημένων
2510 2130 2576 2181 ἐκ
2608 2132 2705 2199 τῆς
2736 2131 3050 2200 φιλοσοφίας
3083 2137 3316 2190 συνιδεῖν
3331 2140 3672 2210 δυνηθέντες,
3695 2146 3798 2198 καὶ

2226 2217 2316 2269 τὸν
2346 2216 2579 2288 ἄρχοντα
2617 2220 2710 2272 τοῦ
2734 2222 2926 2291 νοητοῦ
2955 2225 3196 2289 σκότους,
3233 2228 3327 2280 καὶ
3369 2230 3469 2292 τὰς
3516 2232 3606 2284 ὑπ’
3636 2235 3799 2290 αὐτὲν

2227 2310 2599 2375 ἀποστατικὰς
2650 2312 2910 2380 δυνάμεις
2969 2317 3169 2382 πάσας,
3234 2321 3333 2390 οὐχ
3392 2324 3532 2394 ὑπὲρ
3573 2328 3797 2393 ἑαυτοὺς

2230 2401 2409 2469 μόνον,
2428 2403 2560 2455 ἀλλὰ
2586 2406 2678 2456 καὶ
2710 2405 2868 2470 θεοὺς
2883 2408 3190 2484 ὠνόμασαν,
3221 2415 3311 2466 καὶ
3334 2419 3482 2480 ναοῖς
3514 2419 3796 2488 ἐτίμησαν,

2227 2491 2320 2544 καὶ
2349 2493 2539 2557 θυσίας
2571 2496 2754 2559 αὐτοῖς
2793 2500 3196 2568 προσήνεγκαν,
3251 2506 3344 2556 καὶ
3409 2509 3632 2573 ἑαυτοὺς
3693 2514 3793 2564 ὑπ-

2230 2581 2430 2648 έταξαν
2464 2586 2575 2647 τοῖς
2606 2587 2977 2658 πανωλέθρως
3011 2591 3235 2644 ἐκείνων
3265 2593 3650 2667 θεσπίσμασιν,
3702 2603 3795 2671 ὑφ’

2228 2667 2302 2726 ὧν
2337 2677 2742 2746 ὲνεπαίχθησαν
2774 2680 3000 2744 εἰκότως
3027 2682 3120 2735 ἐπὶ
3151 2683 3306 2747 πολὺ,
3338 2687 3408 2740 δι’
3439 2692 3596 2761 ἱερῶν
3645 2667 3789 2747 ἀνιέ-

2231 2783 2358 2836 ρων.
2394 2768 2488 2820 καὶ
2512 2767 2813 2839 καθαρμῶν
2845 2772 3205 2840 μολυνόντων,
3263 2781 3358 2832 καὶ
3401 2784 3791 2850 προστιθέντων

2225 2859 2322 2924 τὴν
2347 2857 2627 2925 ἐξάγιστον
2653 2861 2851 2931 οῖησιν,
2872 2865 2962 2916 καὶ
2990 2869 3280 2936 προφητῶν
3304 2872 3398 2923 καὶ
3424 2876 3786 2943 προφητίδων,

2226 2949 2323 3017 τῆς
2352 2949 2517 3011 ὄντως
2535 2950 2787 3022 ἀληθείας
2810 2955 3319 3013 ἀποϐουκολούντων
3341 2963 3414 3024 ὡς
3439 2967 3627 3034 ποῤῥὼ
3639 2984 3789 3025 tata.

2296 3039 2396 3092 κθ’.
2434 3042 2509 3093 Οὐ
2537 3043 2596 3095 τὸ
2616 3044 2828 3098 εἰδέναι
2857 3048 3019 3114 μόνον
3049 3048 3205 3114 Θεὸν,
3256 3052 3372 3105 οὐδὲ
3405 3053 3463 3105 τὸ
3492 3057 3786 3122 γινώσκειν

2227 3131 2314 3181 τὸν
2341 3131 2630 3202 ἄνθρωπον
2659 3135 2871 3198 ἑαυτὸν,
2903 3139 2995 3190 καὶ
3034 3139 3134 3210 τὴν
3199 3143 3388 3196 ἑαυτοῦ
3437 3147 3587 3212 τάξ-ν
3609 3149 3665 3218 (ὃ.
3692 3152 3788 3202 καὶ

2236 3225 2334 3284 ..οῖς
2356 3225 2728 3294 νομιζομένοις
2759 3229 3016 3296 ἰδιώταις,
3040 3233 3380 3302 Χριστιανοῖς
3402 3235 3519 3290 οὖσι
3534 3242 3790 3309 πρόσεστι

2235 3313 2363 3381 νῦν),
2386 3315 2696 3386 ὑψηλοτέρα
2723 3319 2922 3387 γνῶσίς
2954 3324 3067 3376 ἐστι
3099 3327 3446 3394 φυσιολογίας
3481 3332 3575 3383 καὶ
3599 3334 3789 3401 ἀστρο-

2225 3404 2432 3473 λογίας,
2471 3409 2566 3460 καὶ
2590 3409 2886 3480 ,πάσηςτῆς
2926 3415 3052 3484 περὶ
3078 3417 3247 3480 αὑτὰς
3299 3420 3633 3489 φιλοσοςρίας,
3658 3425 3793 3479 ἀλλὰ

2224 3497 2318 3548 καὶ
2347 3496 2406 3549 τὸ
2427 3498 2623 3553 εἰδέναι
2655 3500 2746 3552 τὸν
2770 3502 2892 3555 καθ’
2924 3505 3072 3575 ἡμᾶς
3104 3506 3229 3560 νοῦν
3274 3510 3371 3580 τὴν
3403 3512 3597 3565 ἑαυτοῦ
3630 3512 3790 3567 ἀσθέ-

2222 3605 2395 3649 νειαν,
2426 3590 2518 3642 καὶ
2542 3590 2745 3660 ταύτην
2779 3594 3035 3648 ἰάσασθαι
3089 3597 3293 3666 ζητεῖν,
3330 3602 3512 3672 πολλῷ
3547 3607 3789 3671 κρεῖττον

2222 3678 2567 3751 ἀσυγκρίτως
2598 3678 2663 3732 ἂν
2685 3680 2770 3752 εἴη
2796 3680 2887 3734 τοῦ
2914 3683 3105 3738 εἰδέναι
3142 3688 3236 3739 καὶ
3271 3690 3552 3760 διερευνᾷν
3576 3692 3788 3762 ἄστρων

2225 3770 2454 3840 μεγέθη,
2483 3772 2575 3824 καὶ
2610 3771 2826 3839 φύσεων
2886 3774 3098 3842 λόγους,
3122 3779 3361 3845 γενέσεις
3396 3797 3456 3832 τε
3483 3783 3590 3834 τῶν
3622 3784 3785 3849 κάτω,

2220 3861 2315 3914 καὶ
2354 3863 2632 3932 περιόδους
2658 3864 2767 3917 τῶν
2793 3865 2929 3929 ἄνω,
2988 3870 3197 3936 τροπάς
3258 3888 3317 3922 τε
3372 3873 3467 3924 καὶ
3516 3875 3783 3937 ἐπιτολὰς,

2222 3955 2555 4021 στηριγμοὺς
2617 3955 2711 4005 καὶ.
2771 3956 3189 4027 ἀναποδισμοὺς,
3230 3961 3561 4025 ἀποστάσεις
3600 3981 3656 4016 τε
3695 3963 3791 4018 καὶ

2221 4045 2579 4109 συνελεύσεις,
2617 4048 2711 4100 καὶ
2737 4051 2916 4101 πᾶσαν
2943 4052 3129 4115 ἁπλῶς
3158 4053 3255 4122 τὴν
3300 4057 3363 4105 ἐκ
3406 4056 3787 4119 πολυκινησίας

2222 4139 2335 4187 Ξκεί
2369 4138 2822 4208 πολυειδεστᾶιτην
2866 4143 3068 4210 σχέσιν.
3109 4143 3167 4197 '0
3194 4143 3299 4215 γὰρ
3331 4147 3493 4212 γνοὺς
3535 4147 3629 4216 τὴν
3663 4148 3787 4199 ἐαυ-

2218 4228 2310 4279 τοῦ
2351 4229 2639 4285 ἀσθένειαν
2672 4232 2816 4295 νοῦς,
2860 4228 3018 4303 εὗρεν
3067 4234 3193 4288 ὅθεν
3255 4235 3321 4289 ἂν
3372 4237 3593 4308 εἰσέλθῃ
3654 4237 3785 4306 πρὶς

2219 4321 2511 4390 σωτηρίαν,
2548 4322 2640 4374 καὶ
2668 4324 2878 4390 ὲγγίσοι
2925 4325 3002 4395 τῷ
3037 4327 3173 4393 φωτὶ
3223 4327 3320 4392 τῆς
3368 4330 3641 4394 γνώσεως,
3695 4347 3788 4383 και

2214 4410 2352 4481 λάϐῃ
2403 4412 2594 4481 σοφίαν
2621 4412 2815 4482 ἀληθῆ,
2848 4416 3048 4487 καὶτῷ
3075 4416 3232 4469 αἰῶνι
3302 4417 3479 4488 τούτῳ
3534 4418 3609 4488 μὴ
3660 4434 3786 4485 συγ-

2146 4489 2198 4551 D
2218 4501 2644 4571 καταλυομένην.

2285 4591 2347 4644 λ’.
2385 4593 2540 4645 Πᾶσα
2572 4592 2762 4663 λογικὴ
2800 4595 3085 4664 καὶ-νοερά
3116 4596 3298 4662 φύσις,
3355 4596 3455 4648 εἴτ’
3485 4597 3786 4666 ἀγγελικὴν

2215 4680 2474 4745 εῐποιτις,
2501 4683 2599 4735 εἴτ’
2638 4682 3004 4752 ἀνθρωπίνην,
3037 4685 3227 4739 οὐσίαν
3266 4685 3382 4753 ἔχει
3430 4685 3597 4755 ζωὴν,
3630 4686 3699 4739 δι’
3723 4690 3788 4752 ἦν

2216 4774 2310 4834 καί
2329 4773 2571 4841 διαμένει
2602 4772 2796 4842 ἐπίσης
2821 4773 2943 4826 καθ’
2985 4774 3219 4845 ὓπαρξιν
3245 4777 3532 4839 ἀθάνατος.
3563 4777 3787 4845 διαφθο-

2220 4865 2320 4930 ρὰν
2352 4865 2450 4916 οὐκ
2482 4864 2860 4934 ἐπιδεχομένη.
2910 4865 3052 4918 Ἀλλ’
3074 4869 3106 4935 ἠ
3138 4868 3237 4937 μὲν
3265 4869 3323 4918 ἐν
3351 4870 3487 4937 ἡμῖν
3512 4869 3673 4939 νοερὰ
3692 4870 3786 4920 καὶ

2160 4988 2164 4991 Α
2215 4951 2404 5023 λογικὴ
2433 4953 2590 5022 φύσις
2623 4954 2684 5006 οὐ
2711 4956 2868 5022 μόνον
2927 4956 3117 5008 οὐσίαν
3136 4956 3248 5025 ἔχει
3280 4948 3378 5025 τὴν
3431 4958 3598 5024 ζωὴν,
3649 4958 3787 5024 ἀλλὰ

2216 5046 2309 5097 καὶ
2330 5046 2427 5113 τὴν
2460 5044 2757 5113 ἐνέργειαν.
2818 5047 3079 5098 Ζωοποιεῖ
3133 5047 3241 5114 γὰρ
3323 5052 3385 5101 τὸ
3439 5050 3785 5117 συνημμένον

2217 5135 2373 5204 σῶμα
2399 5150 2413 5165 ο
2444 5134 2510 5186 δι’
2540 5135 2568 5198 ὃ
2595 5137 2688 5188 καὶ
2723 5136 2909 5189 τούτου
2964 5136 3183 5205 λέγεται
3218 5138 3352 5210 ζωή.
3410 5142 3553 5211 Πρὸς
3599 5143 3786 5208 ἕτερον

2215 5227 2247 5294 ἡ
2278 5225 2390 5294 ζωὴ
2423 5224 2663 5292 λέγεται,
2703 5226 2799 5279 καλ⁵
2824 5228 3073 5297 ζενέργειά
3102 5232 3249 5282 ἐστιν
3285 5231 3471 5299 αὐτῆς.
3510 5233 3647 5301 Πρὸς
3677 5233 3785 5300 γὰρ

2214 5316 2418 5384 ἕτερον,
2447 5315 2685 5369 οὐδέποτ’
2720 5316 2786 5370 ἂν
2808 5317 3018 5384 λέγοιτο
3072 5320 3229 5373 οὐσία
3294 5322 3416 5374 καθ’
3467 5323 3657 5390 αὑτήν.
3716 5321 3783 5374 Ἦ

2212 5407 2267 5460 δὲ
2290 5407 2397 5459 τῶν
2445 5406 2689 5475 ἀγγέλων
2724 5411 2885 5480 νοερὰ
2939 5411 3119 5478 φύσις,
3183 5412 3304 5482 οὐχὶ
3363 5414 3454 5465 καὶ
3505 5414 3785 5479 ἐνέργειαν

2213 5500 2467 5566 τοιαύτην
2497 5498 2608 5568 ἔχει
2638 5498 2736 5568 τὴν
2756 5501 2900 5569 ζωήν
2932 5515 2945 5528 ⁸
2970 5502 3031 5554 ού
3066 5502 3173 5571 γὰρ
3227 5502 3566 5571 συνημμένον
3589 5502 3783 5554 ἐλαϐεν

2213 5591 2277 5642 ὲκ
2302 5591 2404 5659 γῆς
2454 5591 2604 5656 παρὰ
2632 5590 2766 5643 Θεοῦ
2824 5590 3003 5660 σῶμα,
3052 5594 3142 5645 ἵνα
3199 5596 3291 5647 καὶ
3337 5592 3594 5657 ζωοποιὸν
3641 5593 3781 5664 λὲιδῃ

2216 5681 2348 5750 πρὸς
2374 5679 2532 5733 τοῦτο
2554 5680 2801 5750 δύναμιν.
2830 5683 3061 5753 Δεκτικὴ
3092 5684 3274 5753 μέντοι
3317 5687 3411 5738 καὶ
3468 5682 3604 5753 αὕτη
3672 5684 3785 5735 τῶν

2215 5769 2467 5825 ἐναντίων
2498 5771 2633 5835 ἐστι,
2668 5770 2861 5833 κακίας
2885 5771 3125 5830 δηλονότι
3160 5775 3253 5828 καὶ
3283 5772 3634 5836 ἀγαθότητος.
3670 5773 3785 5825 Καὶ
