4146 6308
629 364 772 432 1143

1877 373 2263 437 GREGORII
2302 377 2633 439 PALAM/E

3736 397 3866 464 ii“

623 484 938 552 prehendit,
969 495 1025 541 et
1055 487 1377 558 intelligitur
1410 495 1748 558 vocaturque
1779 489 2024 544 omnium
2055 505 2163 546 corr

2261 500 2279 553 ι
2317 491 2777 562 συνειλημμένιυς,
2809 492 2902 545 καλ
2929 492 3166 559 ἐνιαίως,
3202 494 3294 547 καὶ
3321 496 3707 562 ἁπλουττάτως
3735 519 3867 572 συμ-

623 578 802 645 plcxio
851 577 1138 634 bonorum.
1195 581 1261 634 Et
1309 580 1471 634 simul
1521 589 1574 634 et
1624 581 1909 637 verissime
1958 585 2202 640 continet

619 671 980 737 quodcunque
1023 673 1318 740 exengitari
1363 687 1428 726 ac
1459 672 1565 728 dici
1606 683 1781 743 potest
1821 674 1888 730 de
1925 675 2040 745 ipsa
2102 676 2196 730 b0-

621 779 770 818 uum.
808 763 924 817 Nec
957 765 1005 819 id
1045 775 1248 820 tantum
1285 765 1374 820 illa
1409 777 1491 820 est
1537 768 1798 837 quidquid
1831 783 1956 823 vere
1997 770 2199 838 cogita-

618 864 708 906 tur
736 857 802 907 ab
833 856 962 923 ipsis
992 855 1257 924 theologis
1289 857 1486 925 quibus
1511 861 1724 912 animus
1756 859 1895 914 inest
1927 860 2018 916 Dei
2048 877 2199 932 saga-

615 945 869 999 cissimus
913 957 962 999 et
1009 947 1188 1016 lingua
1241 949 1433 1014 spiritu
1487 949 1776 1016 instincta;
1829 952 1957 1018 sed,
2011 960 2195 1021 utpote

616 1035 906 1089 ineffabilia
953 1047 1007 1090 et
1053 1039 1642 1105 incomprehensibilis,
1689 1057 1851 1110 supra
1903 1042 2033 1096 illud
2087 1055 2188 1106 est,

614 1141 715 1180 nec
744 1127 812 1181 ab
848 1128 1055 1182 unitate
1083 1145 1145 1183 ac
1179 1133 1580 1200 supernatnrali
1610 1135 1955 1203 simplicitate
1986 1138 2189 1201 deficit,

613 1217 706 1270 sed
745 1234 848 1272 una
901 1230 985 1274 est
1030 1230 1086 1275 et
1137 1225 1572 1291 superexcellens
1623 1227 1856 1281 bonitas.
1906 1227 1997 1282 Sic
2041 1231 2186 1283 enim

612 1311 875 1364 duntaxat
913 1312 1230 1383 intelligitur
1281 1326 1334 1368 et
1383 1328 1650 1383 vocatur,
1705 1329 1758 1372 et
1815 1320 1894 1374 sic
1943 1337 2008 1375 ex
2058 1322 2190 1378 solis

611 1401 1046 1467 competentibus
1099 1406 1366 1458 creationi
1438 1409 1842 1474 Operationihus
1908 1411 2082 1480 opifex
2135 1423 2188 1466 et

607 1488 873 1547 Dominus
928 1495 1220 1550 creatiOnis
1297 1502 1644 1568 cognoscitur
1696 1513 1789 1557 aut
1842 1504 2182 1569 ostenditur,

609 1593 870 1652 tanquam
919 1586 1129 1640 scilicet
1163 1589 1362 1656 optima
1397 1602 1450 1646 et
1480 1595 1914 1661 superexcellens
1946 1595 2181 1659 bonitas,

605 1676 895 1728 essentiam
949 1677 1154 1734 habens
1209 1681 1526 1736 bonitatem.
1579 1686 1921 1754 Quapropter
1967 1702 2184 1741 contra-

605 1767 744 1817 rium
782 1767 885 1820 sibi
937 1768 1077 1822 nihil
1131 1785 1352 1839 prorsus
1404 1791 1641 1843 unquam
1691 1793 1888 1845 capere
1935 1788 2110 1845 potest
2165 1795 2179 1836 :

605 1857 751 1911 nulla
782 1860 926 1912 enim
955 1864 1190 1916 essentia
1224 1867 1557 1919 contrarium
1591 1868 1692 1920 sibi
1725 1871 1853 1936 quid
1882 1872 2106 1938 patitur.

671 2121 762 2176 55.
787 2121 999 2192 Optima
1026 2124 1114 2177 illa
1138 2132 1189 2178 ct
1217 2127 1649 2193 supcrexce'lcns
1675 2129 1887 2184 bonitas
1904 2143 1987 2186 est
2011 2134 2172 2189 etiam

598 2214 724 2268 fons
769 2214 1047 2271 b0nitatis.
1078 2216 1324 2287 Namque
1364 2219 1414 2272 id
1442 2231 1524 2273 est
1566 2221 1791 2285 bonum,
1818 2233 1872 2277 et
1905 2225 2170 2282 bonorum

597 2322 892 2369 summum,
969 2324 1068 2362 nec
1127 2310 1318 2364 deesse
1381 2320 1554 2379 potest
1605 2314 1860 2382 perfecte
1919 2317 2170 2374 bonitati.

595 2398 732 2463 Quia
759 2408 935 2453 autem
972 2400 1287 2455 intellectus
1319 2411 1402 2456 est
1427 2403 1663 2471 perfecta
1688 2416 1741 2458 et
1775 2407 2168 2473 perfectissima

593 2491 830 2566 bonitas,
861 2493 988 2559 quid
1022 2493 1214 2546 melius
1244 2510 1306 2547 ex
1347 2511 1406 2547 ea
1435 2496 1582 2549 vielut
1619 2512 1680 2550 ex
1714 2497 1865 2552 fonte
1899 2511 2166 2567 manaret,

592 2594 754 2648 quam
809 2580 1080 2632 verbum?
1109 2591 1161 2634 et
1189 2584 1404 2650 quidem
1451 2599 1560 2638 non
1623 2586 1802 2640 simile
1838 2590 1986 2642 verbi
2024 2594 2167 2660 quod

590 2687 694 2727 nos
725 2671 1074 2739 proferimus,
1109 2673 1212 2728 hoc
1240 2676 1388 2729 enim
1425 2693 1531 2732 non
1563 2688 1647 2732 est
1691 2680 2021 2745 intellectus,
2068 2685 2162 2739 sed

589 2765 836 2831 corporis
890 2765 1167 2818 intellectu
1203 2769 1377 2833 moti;
1414 2785 1513 2824 nec
1581 2772 1761 2826 simile
1832 2775 1975 2828 verbi
2015 2781 2160 2846 quod

588 2871 689 2909 nos
721 2857 865 2909 intus
893 2858 1297 2924 componimus,
1330 2859 1432 2914 hoc
1457 2862 1601 2914 enim
1627 2878 1814 2918 vocem
1841 2867 1995 2934 quasi
2024 2871 2162 2938 typis

586 2945 640 3000 in
675 2947 828 3002 nobis
857 2946 1143 3015 efforniat;
1198 2965 1297 3004 nec
1321 2953 1498 3006 simile
1534 2957 1678 3009 verbi
1707 2958 1846 3023 quod
1886 2973 1984 3011 nos
2016 2963 2165 3028 cogi-

587 3053 784 3102 tamus,
845 3041 971 3094 licet
1010 3043 1134 3095 sine
1166 3058 1294 3097 voce
1319 3046 1389 3098 sit
1422 3061 1484 3099 ac
1533 3051 1769 3102 motibus
1800 3051 2024 3105 omnino
2081 3053 2164 3105 in~

584 3136 864 3201 corporeis
887 3136 1224 3204 excitatum;
1274 3137 1373 3190 hoc
1405 3140 1545 3191 enim
1578 3151 1656 3193 est
1689 3142 1843 3194 nobis
1871 3145 2158 3211 posterius,
2187 3185 2232 3246 Ο

583 3233 638 3276 et
661 3225 1191 3293 requiritintervalla
1215 3240 1268 3283 et
1297 3247 1402 3283 nou
1431 3246 1601 3300 pauca
1627 3240 1936 3302 temporum
1963 3237 2158 3304 spatia,

585 3317 834 3370 discursu
894 3322 1204 3386 procedens
1258 3333 1311 3376 et
1343 3337 1408 3375 ex
1446 3325 1712 3393 principio
1740 3325 2059 3392 imperfecto
2091 3329 2156 3383 ad

584 3409 884 3474 perfectum
953 3412 1308 3480 progrediens
1352 3418 1748 3469 C0useclaritttn
1788 3435 1803 3483 ;
1837 3420 1930 3472 sed
1983 3421 2161 3475 simile

582 3502 734 3554 verbi
767 3503 1112 3567 naturaliter,
1138 3519 1204 3558 ex
1233 3520 1341 3574 quo
1373 3521 1470 3559 nos
1498 3519 1714 3561 creator
1743 3510 1810 3563 ad
1841 3526 1995 3564 suam
2027 3511 2160 3566 fecit
2211 3557 2213 3560 t

584 3595 928 3662 imaginem,
955 3598 1253 3652 intellectui
1288 3611 1475 3654 nostro
1512 3601 1680 3670 insiti,
1739 3618 1935 3670 nempe
1969 3604 2158 3657 imma-

582 3688 757 3740 nentis
799 3703 1014 3756 semper
1061 3689 1186 3744 huic
1220 3694 1564 3760 cognitionis.
1596 3694 1728 3759 Quae
1790 3696 2026 3750 maxime
2073 3709 2158 3750 est

584 3780 635 3828 in
683 3791 938 3847 supremo
981 3781 1254 3835 intellectu
1315 3784 1571 3853 perfectae
1626 3800 1691 3838 ac
1742 3783 2155 3854 perfectissima:

580 3867 864 3935 bonitatis,
899 3873 1040 3938 apud
1071 3889 1230 3940 quam
1267 3878 1449 3929 omnia
1476 3876 1697 3931 minime
1739 3889 1863 3932 sunt
1893 3880 2154 3945 imperfe-

577 3972 664 4016 cta
687 4001 703 4024 ,
733 3975 964 4032 excepto
1018 3966 1168 4034 quod
1201 3967 1271 4021 ab
1320 3983 1383 4020 ea
1423 3968 1556 4032 sint,
1589 3969 1682 4023 sed
1714 3978 1844 4025 sunt
1895 3971 2152 4028 indiscri-

576 4055 823 4108 minatim
853 4057 1116 4127 quidquid
1155 4059 1269 4128 ipsa
1291 4070 1395 4114 est.
1424 4061 1607 4131 Itaque
1626 4059 1795 4118 Filius
1834 4079 2150 4135 supremum

576 4142 812 4200 Verbum
845 4159 927 4202 est
959 4161 1068 4203 eta
1119 4151 1277 4207 nobis
1324 4162 1573 4219 vocatur,
1629 4165 1689 4208 ut
1731 4156 1972 4211 sciamus
2021 4173 2147 4212 eum

573 4229 694 4290 esse
748 4239 1074 4308 perfectum,
1107 4244 1161 4295 in
1224 4244 1461 4310 perfecta
1519 4255 1574 4299 et
1631 4248 1852 4316 propria
1893 4262 2148 4316 persona,

570 4331 698 4396 quia
737 4347 804 4385 ex
847 4332 1006 4387 Patre
1038 4341 1141 4393 est.
1197 4343 1254 4386 et
1314 4334 1508 4390 nihila
1560 4345 1784 4405 paterna
1839 4339 2145 4395 substantia

569 4420 778 4483 differt,
817 4422 912 4476 sed
949 4433 1034 4476 est
1062 4422 1546 4479 indiscriminatim
1571 4427 1717 4482 idem
1752 4442 1817 4481 ac
1849 4427 1986 4497 ipse,
2029 4447 2140 4485 nou

2313 583 2629 652 περιϐάλλει
2657 600 2670 614 ·
2714 584 2809 638 καὶ
2861 586 2923 638 ἐκ
2983 586 3200 640 πάντων
3249 591 3448 642 νοεῖται
3491 592 3583 643 καὶ
3631 593 3868 649 καλεῖται

2310 675 2418 728 τῶν
2445 677 2685 744 ἀγαθῶν.
2719 679 2824 730 Καὶ
2860 678 2918 730 ἓν
2942 679 3033 732 καὶ
3052 679 3249 748 ἀληθές
3270 682 3435 746 ἐστιν,
3491 684 3628 754 ὅπερ
3679 685 3745 738 ἄν
3792 704 3868 750 τις

2310 770 2585 839 ἐννοήσειε
2607 769 2701 823 καὶ
2723 769 2854 842 εἴπῃ
2888 772 3015 840 περὶ
3070 771 3238 841 αὐτῆς
3271 773 3494 840 ἀγαθόν.
3559 777 3774 848 Ἔκείνη
3815 779 3867 834 δὲ

2297 862 2356 912 οὐ
2382 862 2540 914 τοῦτό
2566 865 2680 914 ἐστι
2719 863 2897 932 μόνον,
2928 864 3063 933 ὅπερ
3091 863 3305 934 ἀληθῶς
3332 869 3552 930 νοεῖται,
3607 868 3702 920 καὶ
3737 873 3862 940 παρ’

2294 951 2473 1003 αὐτῶν
2498 951 2610 1004 τῶν
2622 952 2860 1020 θεοσόφῳ
2877 952 2952 1019 νῷ
2968 953 3250 1017 νοούντων,
3267 955 3358 1006 καὶ
3380 962 3864 1030 πνευματοκινήτφ

2292 1041 2509 1112 γλώσσῃ
2589 1043 3017 1108 θεολογούντων·
3086 1046 3199 1098 ἀλλ’
3230 1045 3310 1109 ὡς
3361 1048 3596 1118 ἄρρητός
3639 1068 3698 1102 τε
3774 1055 3862 1106 καὶ

2291 1133 2670 1202 ἀπερινόητος,
2707 1135 2800 1186 καὶ
2835 1135 2974 1204 ὑπὲρ
3003 1136 3177 1190 ταῦτά
3200 1138 3336 1200 ἐστι,
3369 1141 3465 1193 καὶ
3515 1141 3609 1194 τοῦ
3658 1143 3861 1198 ἐνιαίου

2290 1222 2381 1272 καὶ
2405 1221 2501 1290 τῆς
2529 1222 2843 1292 ὑπερφυοῦς
2861 1225 3159 1292 ἁπλότητος
3195 1229 3294 1281 οὐκ
3343 1230 3696 1285 ἀπολείπεται
3727 1251 3740 1264 ο
3768 1236 3860 1304 μία

2288 1305 2424 1362 οὖσα
2455 1312 2772 1379 πανάγαθος
2802 1315 2895 1366 καὶ
2944 1315 3296 1384 ὑπεράγαθος
3353 1319 3662 1390 άγαθότης’
3725 1328 3858 1376 κατὰ

2286 1401 2446 1454 τοῦτο
2475 1401 2584 1472 γὰρ
2613 1404 2774 1472 μόνον
2800 1406 2896 1457 καὶ
2928 1408 3130 1460 νοεῖται
3169 1411 3262 1462 καὶ
3289 1412 3558 1477 καλεῖται,
3587 1415 3680 1466 καὶ
3723 1420 3859 1469 κατὰ

2285 1491 2444 1544 τοῦτο
2468 1495 2619 1562 παρὰ
2663 1497 2838 1562 μόνων
2893 1499 3004 1549 τῶν
3063 1499 3200 1568 πρὸς
3258 1503 3358 1570 τὴν
3413 1504 3590 1556 κτίσιν
3645 1507 3857 1560 οἰκείων

2285 1583 2578 1652 ἐνεργειῶν
2631 1586 2660 1636 ό
2712 1585 2947 1656 Ποιητὴς
2997 1590 3092 1642 καὶ
3143 1591 3421 1660 Δεσπότης
3479 1595 3579 1664 τῆς
3626 1597 3856 1662 κτίσεως

2286 1669 2396 1742 [ἵσ.
2420 1674 2635 1739 λείπει,
2664 1678 3011 1748 γνωρίζεται,
3040 1679 3102 1747 ἢ,
3138 1682 3408 1750 φαίνεται,
3436 1685 3563 1752 ἤτοι
3599 1690 3854 1761 τοιοῦτο]

2283 1764 2364 1816 ὄτι
2399 1764 2515 1818 ἐστι
2544 1768 2879 1834 πανάγαθος,
2905 1772 2996 1824 καὶ
3045 1775 3391 1843 ὑπεράγαθος
3441 1778 3735 1850 ἀγαθότης,
3764 1784 3852 1834 οὑ-

2211 1855 2252 1906 Β
2285 1855 2404 1907 σίαν
2424 1855 2561 1926 ἔχων
2587 1859 2684 1928 τὴν
2720 1863 3050 1933 ἀγαθότητα.
3087 1866 3212 1919 Δι’ὃ
3247 1869 3454 1937 καὶτῆς
3500 1873 3635 1940 πρὸς
3686 1875 3850 1943 αὐτὴν

2282 1947 2676 2018 ἐναντιότητος,
2707 1953 2882 2024 πάντη
2920 1973 2980 2007 τε
3035 1958 3125 2010 καὶ
3168 1959 3386 2023 πάντως
3416 1962 3563 2014 ἐστὶν
3611 1967 3851 2020 ἀνεπίδε-

2279 2055 2408 2101 κτος
2429 2055 2442 2068 ·
2475 2041 2596 2093 οὐδὲ
2648 2047 2756 2113 γὰρ
2780 2045 3005 2116 οὐδεμιᾷ
3034 2049 3275 2102 ἐναντίον
3315 2053 3471 2123 οὐσίᾳ
3501 2056 3668 2110 ἐστίν.

2344 2129 2442 2183 λε’.
2475 2129 2536 2184 ἸΙ
2562 2135 2876 2203 πανάγαθος
2905 2137 3043 2207 αῦτη
3077 2142 3170 2192 καὶ
3196 2143 3540 2213 ὑπεράγαοος
3560 2150 3850 2221 ἀγαθότης,

2275 2219 2370 2273 καὶ
2388 2223 2535 2294 πηγή
2551 2225 2697 2277 ἐστιν
2712 2229 3064 2300 άγαθότητος.
3083 2235 3188 2286 Καὶ
3204 2234 3360 2288 τοῦτο
3378 2237 3486 2307 γὰρ
3503 2240 3712 2308 ἀγαθὸν
3727 2290 3738 2306 ,
3755 2219 3845 2298 καὶ

2272 2311 2492 2378 ἀγαθῶν
2519 2315 2577 2366 τὸ
2611 2317 2908 2386 ἀκρότατον
2926 2336 2940 2350 ·
2961 2323 3054 2374 καὶ
3081 2325 3179 2376 οὐκ
3212 2321 3279 2395 ἦν
3296 2330 3513 2382 ἀπεῖναι
3537 2335 3635 2401 τῆς
3655 2353 3847 2389 παντε-

2270 2401 2395 2466 λοῦς
2428 2405 2784 2477 ἁγαθότητος.
2832 2412 2987 2465 Ἐπεὶ
3030 2415 3086 2468 δὲ
3118 2417 3242 2480 νοῦς
3296 2421 3444 2474 ἐστιν
3475 2425 3506 2492 ή
3541 2424 3843 2496 ὑπερτελὴς

2274 2494 2371 2547 καὶ
2429 2499 2698 2570 παντελὴς
2754 2503 3050 2575 ἁγαθότης,
3118 2508 3171 2560 τί
3212 2511 3330 2562 ποτ’
3387 2513 3455 2565 ἂν
3512 2514 3702 2584 ἕτερον
3761 2519 3842 2589 εῖη

2267 2585 2326 2637 τδ
2377 2590 2698 2660 πκράὑτῆς
2753 2593 2826 2656 ὡς
2867 2598 2929 2648 ἐκ
2985 2603 3167 2670 πηγῆς
3225 2606 3497 2676 προῖὸν,ἢ
3531 2606 3716 2673 λόγος,
3747 2585 3836 2664 καί

2267 2674 2423 2742 λόγος
2453 2679 2512 2731 οὐ
2564 2683 2704 2732 κατὰ
2739 2683 2828 2734 τὸν
2854 2685 3119 2757 ἡμέτερον
3149 2674 3492 2763 προφορικὸν-
3540 2699 3702 2767 λόγον
3727 2721 3743 2770 ;
3770 2704 3840 2757 Οὔ

2267 2768 2359 2820 νοῦ
2408 2770 2517 2838 γὰρ
2537 2766 2710 2835 οὗτος,
2767 2776 2902 2828 ἀλλὰ
2944 2778 3193 2848 σώματος
3243 2784 3319 2853 νῷ
3376 2792 3696 2857 κινουμένου
3726 2811 3740 2824 ·
3783 2798 3838 2848 οὐ

2266 2858 2406 2910 κατὰ
2436 2860 2525 2912 τὸν
2552 2863 2821 2933 ἡμέτερον
2851 2867 3153 2925 ἐνδιάθετον
3186 2873 3345 2940 λόγον
3377 2891 3391 2907 ⁴
3454 2879 3694 2950 φθόγγον
3740 2887 3841 2957 γὰρ

2263 2945 2429 2998 οἱονεὶ
2459 2947 2653 3010 τύποις
2688 2954 2940 3019 κάκεῖνος
2970 2958 3027 3010 ἐν
3050 2960 3182 3030 ἡμῖν
3198 2945 3579 3035 διατιθέμενος.
3599 2945 3835 3038 γίνεταιὶ

2262 3035 2379 3088 ἀλλ’
2405 3038 2526 3091 οὐδὲ
2548 3042 2690 3094 κατὰ
2715 3044 2806 3096 τὸν
2831 3047 3098 3118 ἡμέτερον
3159 3052 3219 3107 ἐν
3251 3054 3459 3128 διανοίᾳ
3519 3035 3701 3131 λόγον,
3741 3067 3836 3120 κᾶν

2263 3128 2432 3197 χωρὶς
2455 3130 2708 3201 φθόγγων
2732 3131 2786 3209 ᾖ,
2823 3139 3099 3206 ἐπιϐολαῖς
3119 3145 3431 3214 ἀσωμάτοις
3482 3128 3659 3226 πάντη
3685 3128 3834 3228 eup-

2262 3223 2698 3314 περαιούμενοςο
2762 3231 3014 3297 κάκεῖνος
3048 3234 3156 3308 γὰρ
3203 3239 3325 3308 μεθ’
3367 3243 3515 3313 ἡμᾶς
3545 3223 3685 3314 ἐστι,
3746 3223 3836 3306 καὶ

2260 3310 2668 3384 διαλειμμάτων
2693 3320 2885 3388 δεῖται,
2911 3327 3006 3379 καὶ
3031 3331 3300 3396 χρονικῶν
3324 3310 3424 3389 οὐκ
3463 3310 3680 3408 ὀλίγων-
3719 3344 3835 3398 δια-

2261 3420 2358 3502 σττ]
2369 3406 2572 3502 μάτων,
2603 3410 2910 3502 διεξοδικῶς
2933 3420 3161 3490 προῖὼν,
3193 3425 3287 3478 καὶ
3316 3427 3376 3492 ἐξ
3392 3406 3569 3501 ἀρχῆς
3589 3437 3835 3502 ἀτελοῦς,

2259 3491 2394 3588 πρὸς
2428 3491 2490 3588 τὸ
2518 3497 2732 3562 ἐντελὲς
2797 3509 3170 3579 συμπέρασμα
3232 3491 3609 3588 προαγόμενος
3634 3541 3648 3554 ·
3701 3491 3833 3580 ἀλλά

2257 3582 2396 3686 κατὰ
2421 3585 2511 3638 τὸν
2540 3590 2795 3686 ἐμφύ-τως
2821 3597 2976 3665 ἡμῖν,
3002 3601 3060 3666 ἐξ
3086 3597 3147 3657 οὗ
3169 3582 3479 3678 γεγόναμεν
3537 3582 3686 3686 παρᾶ
3739 3618 3830 3673 τοῦ

2257 3674 2544 3740 κτίσαντος
2575 3682 2722 3751 ἡμᾶς
2744 3689 2865 3738 κατ’
2905 3691 3090 3745 είκόνα
3138 3697 3366 3766 οἰκείαν,
3409 3701 3833 3776 ἐναποκείμενον

2253 3763 2331 3832 τῷ
2357 3767 2433 3837 νῷ
2453 3767 2627 3838 λόγον,
2657 3775 2754 3846 τὴν
2778 3779 2864 3832 ἀεὶ
2896 3785 3352 3856 συνυπάρχουσαν
3409 3795 3557 3866 αὐτῷ
3607 3801 3829 3866 γνῶσιν,

2252 3855 2372 3924 ἥτις
2401 3861 2490 3912 καὶ
2515 3863 2749 3929 μάλιστα
2803 3870 2920 3924 ἐκεῖ
2976 3876 3069 3929 ἐπὶ
3115 3878 3208 3931 τοῦ
3266 3881 3527 3939 ἀνωτάτω
3579 3888 3672 3942 νοῦ
3735 3896 3832 3960 τῆς

2252 3952 2548 4016 παντελοῦς
2576 3960 2668 4010 καὶ
2697 3959 3030 4032 ὑπερτελοῦς
3062 3969 3420 4042 ἀγαθότητος,
3446 3980 3578 4046 παρ’
3663 3985 3828 4052 μηδὲν

2249 4039 2459 4105 ἀτελὲς.
2511 4047 2651 4117 πλὴν
2702 4053 2797 4104 τοῦ
2850 4055 2908 4122 ἐξ
2966 4059 3134 4129 αὐτῆς
3197 4059 3358 4127 εἶναι,
3435 4039 3638 4124 πάντα.
3679 4077 3827 4128 ἐστὶν

2247 4129 2684 4203 ἀπαραλλάκτως
2705 4143 2806 4198 ὅσα
2833 4147 3038 4220 ἐκείνη.
3064 4154 3142 4205 Δι’
3174 4152 3202 4205 ὃ
3225 4156 3318 4208 καὶ
3363 4157 3490 4222 Υἱὸς
3513 4163 3540 4212 ὁ
3566 4164 3826 4218 ἀνωτάτω

2248 4223 2419 4324 Λόγος
2445 4226 2560 4282 ἔστι
2592 4249 2649 4283 τε
2675 4235 2767 4286 καὶ
2792 4239 2926 4308 παρ’
2956 4241 3112 4310 ήμῶν
3131 4244 3394 4300 καλεῖται·
3413 4249 3478 4301 ῖν⁹
3510 4252 3824 4324 ἐπιγνῶμεν

2246 4313 2409 4368 αὐτὸν
2443 4319 2570 4373 ὄντα
2591 4324 2816 4387 τέλειον,
2852 4331 2910 4383 ἐν
2935 4332 3228 4389 ὑποστάσει
3257 4339 3438 4412 τελείᾳ
3474 4359 3533 4395 τε
3577 4347 3670 4398 καὶ
3692 4348 3821 4419 ἰδίᾳ,

2245 4404 2320 4504 ὼῌς
2344 4407 2404 4459 ἐκ
2438 4411 2532 4462 τοῦ
2569 4413 2784 4485 Πατρός
2801 4418 2949 4485 ὄντα,
2996 4425 3087 4477 καὶ
3127 4425 3268 4479 κατά
3301 4404 3468 4498 μηδέν
3494 4404 3825 4504 λειπόμενόν

572 4524 752 4566 tamen
796 4527 1049 4580 persona,
1103 4529 1226 4582 quae
1273 4515 1434 4570 docet
1469 4518 1630 4571 abeo
1667 4517 1854 4574 divine
1897 4521 2138 4590 genitum

2261 4498 2340 4567 τῆς
2372 4506 2644 4576 πατρικῆς
2667 4511 2874 4576 οὐσίας,
2900 4512 3018 4567 ἀλλ’
3062 4517 3497 4589 ἀπαραλλάκτως
3531 4525 3628 4578 τὸν
3658 4498 3823 4582 αὐτὸν

566 4617 687 4657 esse
721 4601 979 4659 Verbum.

635 4774 724 4829 36.
756 4775 980 4831 Bonitas
1009 4793 1074 4832 ex
1110 4776 1356 4834 bonitate
1392 4779 1750 4835 intellectuali
1784 4791 2039 4852 tanquam
2072 4800 2136 4838 ex

570 4866 720 4919 fonte
749 4883 845 4935 per
878 4869 1286 4938 generationem
1325 4884 1575 4935 manans,
1609 4887 1732 4924 cum
1769 4869 2009 4926 Verbum
2038 4876 2131 4936 sit,

563 4959 794 5012 verbum
833 4970 1010 5014 autem
1047 4962 1165 5015 sine
1217 4962 1423 5030 Spiritu
1457 4978 1618 5015 nemo
1647 4964 1981 5017 intellectum
2037 4965 2135 5017 ha-

565 5049 698 5102 bens
719 5052 1012 5118 concipere
1048 5055 1246 5120 possit,
1295 5054 1420 5108 ideo
1454 5063 1510 5108 et
1565 5055 1830 5124 Spiritum
1883 5069 2134 5110 sanctum

562 5136 708 5190 Deus
739 5137 833 5190 Dei
861 5136 1102 5193 Verbum
1132 5141 1295 5195 habet
1321 5158 1506 5196 secum
1540 5158 1602 5196 ex
1639 5144 1797 5196 Patre
1820 5145 2133 5211 .procedeu-

562 5236 668 5280 tem
702 5244 717 5282 :
749 5229 1000 5296 Spiritum
1028 5245 1190 5298 porro
1218 5248 1326 5286 non
1356 5233 1591 5288 similem
1613 5234 1837 5302 spiritus
1864 5236 2134 5289 comitan-

559 5321 629 5374 tis
682 5325 911 5374 verbum
968 5323 1173 5376 nostris
1207 5323 1368 5378 labiis
1428 5325 1722 5394 prolatum,
1759 5340 1858 5380 nec
1893 5326 2129 5382 similem

556 5411 779 5478 spiritus
814 5412 894 5466 vel
925 5413 1281 5478 incorporalis
1307 5415 1584 5484 conjuncti
1623 5416 1786 5470 verbo
1809 5419 1956 5487 quod
1985 5419 2131 5475 intus

555 5504 932 5570 componimus
961 5514 1052 5556 aut
1095 5505 1237 5573 quod
1283 5507 1609 5576 cogitamus,
1643 5524 1770 5562 nam
1834 5511 1938 5564 iste
1963 5513 2126 5565 etiam

554 5601 636 5645 est
670 5602 897 5648 conatus
922 5596 1141 5662 quidam
1179 5597 1489 5652 intellectus
1538 5614 1663 5652 cum
1717 5600 1886 5655 verbo
1932 5613 2122 5658 nostro

556 5679 898 5740 collaborans
919 5687 1314 5755 temporaliter,
1342 5689 1648 5758 iisdemque
1670 5689 1924 5758 indigens
1951 5693 2123 5748 inter-

555 5771 734 5840 vallis,
765 5785 818 5830 et
844 5790 910 5832 ex
939 5776 1260 5848 imperfecto
1296 5780 1364 5835 ad
1399 5783 1699 5852 perfectum
1734 5784 2117 5853 progrediens.

2242 4591 2434 4663 ἐκείνῳ
2460 4595 2608 4664 ὄντα,
2629 4601 2676 4653 εἰ
2697 4601 2790 4654 καὶ
2804 4606 2878 4674 μὴ
2905 4605 3357 4674 καθ’ὐπόστασιν,
3381 4613 3413 4682 ἢ
3443 4615 3504 4666 τὸ
3519 4616 3578 4680 ἐξ
3607 4619 3823 4674 ἐκείνου

2237 4689 2508 4758 γεννητῶς
2540 4691 2856 4762 θεοπρεπῶς
2884 4693 3021 4750 εἶναι
3054 4701 3349 4774 παρίστησι
3386 4708 3478 4759 τον
3511 4710 3712 4776 Λόγον.

2305 4777 2410 4843 λς’.
2455 4779 2518 4832 ῚΙ
2549 4782 2844 4852 άγαθότης,
2878 4788 2908 4855 ἡ
2942 4786 3017 4850 ὡς
3043 4791 3226 4862 πηγῆς
3255 4794 3354 4863 τῆς
3389 4800 3584 4866 νοερᾶς
3610 4801 3817 4868 ἀγαθό-

2232 4888 2391 4941 τητος
2420 4872 2682 4940 προϊοῦσα
2715 4877 3009 4946 γεννητῶς,
3041 4881 3163 4934 ἐπεὶ
3215 4883 3368 4952 λόγος
3400 4889 3536 4953 ἐστὶ,
3572 4890 3733 4959 λόγον
3762 4893 3816 4946 δὲ

2234 4965 2543 5033 πνεύματος
2573 4967 2743 5036 χωρὶς
2769 4969 2868 5021 οὑκ
2899 4971 2964 5024 ἄν
2985 4989 3068 5036 τις
3098 4973 3222 5028 νοῦν
3271 4977 3408 5046 ἔχων
3467 4982 3810 5052 ἐννοήσειεν

2229 5058 2318 5111 διὰ
2345 5059 2502 5110 τοῦτο
2531 5059 2709 5111 καὶτὸ
2746 5061 2967 5131 Πνεῦμα
2996 5065 3056 5116 τὸ
3102 5067 3257 5134 ἆγιον
3295 5072 3322 5122 ὁ
3369 5071 3432 5123 ἐκ
3478 5071 3614 5124 Θεοῦ
3675 5074 3812 5138 Θεὸς

2231 5149 2401 5216 Λόγος
2434 5150 2734 5219 συμπροῖὸν
2772 5152 2835 5203 ἐκ
2877 5152 2972 5205 τοῦ
3019 5155 3229 5225 Πατρδς
3263 5157 3396 5228 ἔχει.
3453 5160 3679 5231 Πνεῦμα
3729 5163 3808 5230 δὲ,

2228 5241 2288 5293 οὐ
2324 5242 2461 5293 κατὰ
2483 5241 2541 5293 τὸ
2569 5242 2726 5295 συνὸν
2755 5244 2832 5314 τῷ
2861 5246 3113 5317 ἡμετέρῳ
3140 5249 3226 5302 διὰ
3257 5251 3364 5302 τῶν
3387 5251 3611 5321 χειλέων
3639 5254 3806 5323 λόγῳ,

2227 5331 2340 5384 ἀλλ’
2371 5332 2490 5384 οὐδέ
2519 5333 2660 5386 κατά
2682 5334 2742 5386 τὸ
2779 5338 2957 5400 συνὸν,
2981 5339 3030 5390 εί
3079 5340 3174 5393 καί
3208 5343 3534 5411 ἁσωμάτως,
3568 5345 3646 5414 τῷ
3676 5346 3803 5398 καθ’

2225 5424 2373 5493 ἡμᾶς
2435 5423 2724 5495 ὲνδιαθέτῳ
2791 5427 2886 5480 καὶ
2963 5431 3104 5484 κατά
3162 5431 3399 5487 διάνοιαν
3463 5435 3605 5506 λόγῳ
3631 5453 3645 5466 ο
3697 5438 3802 5489 κάο

2226 5518 2372 5568 κεῖνο
2400 5514 2509 5585 γάρ
2536 5517 2679 5587 ὁρμή
2713 5518 2793 5580 τίς
2827 5521 2940 5573 ἐστι
2968 5522 3065 5574 τοῦ
3100 5522 3214 5587 νοῦ,
3249 5522 3325 5588 τῷ
3359 5526 3609 5596 ἡμετέρῳ
3652 5527 3798 5597 λόγῳ

2226 5607 2700 5679 σννδιατεινομένη
2741 5612 3060 5680 χρονικῶς,·
3097 5615 3192 5668 καὶ⁵
3248 5615 3628 5684 διαστημάτων
3672 5619 3796 5669 δεο-

2225 5701 2360 5769 μένη
2390 5697 2496 5751 τῶν
2525 5699 2728 5765 αὐτῶν,
2765 5703 2858 5754 καὶ
2888 5702 2948 5766 ἐξ
2977 5704 3197 5766 ἀτελοῦς
3219 5706 3448 5778 πρῖοῦσα
3473 5710 3553 5768 εἰς
3581 5708 3797 5760 τελέω-

2225 5805 2327 5844 σιν.
2373 5790 2653 5846 Ἐκεῖνοδέ
2690 5792 2750 5846 τὸ
2787 5793 3007 5861 Πνεῦμα
3042 5796 3132 5851 τοῦ
3156 5798 3414 5853 ἀνωτάτω
3443 5799 3642 5860 Λόγου,
3674 5794 3792 5853 οἷόν
