  <div class='ocr_page' id='page_1' title='image "/cluster/home/n/w/nwhite01/storage/ocr_20150623/150/mdp.39015078384743/580.png"; bbox 0 0 4074 6322; ppageno 0'>
   <div class='ocr_carea' id='block_1_1' title="bbox 413 385 554 451">
    <p class='ocr_par' dir='ltr' id='par_1_1' title="bbox 413 385 554 451">
     <span class='ocr_line' id='line_1_1' title="bbox 413 385 554 451; baseline 0 0"><span class='ocrx_word' id='word_1_1' title='bbox 413 385 554 451; x_wconf 72' lang='grc'><strong>1145</strong></span> 
     </span>
    </p>
   </div>
   <div class='ocr_carea' id='block_1_2' title="bbox 1320 387 2732 464">
    <p class='ocr_par' dir='ltr' id='par_1_2' title="bbox 1320 387 2732 464">
     <span class='ocr_line' id='line_1_2' title="bbox 1320 387 2732 464; baseline 0.006 -21"><span class='ocrx_word' id='word_1_2' title='bbox 1320 387 1592 446; x_wconf 79' lang='lat' dir='ltr'><strong>CAPITA</strong></span> <span class='ocrx_word' id='word_1_3' title='bbox 1644 391 1987 464; x_wconf 78' lang='lat' dir='ltr'><strong>PHYSICA,</strong></span> <span class='ocrx_word' id='word_1_4' title='bbox 2031 392 2540 462; x_wconf 82' lang='lat' dir='ltr'><strong>TIIEOLOGICA,</strong></span> <span class='ocrx_word' id='word_1_5' title='bbox 2570 391 2732 452; x_wconf 80' lang='lat' dir='ltr'><strong>ETC.</strong></span> 
     </span>
    </p>
   </div>
   <div class='ocr_carea' id='block_1_3' title="bbox 3527 384 3660 452">
    <p class='ocr_par' dir='ltr' id='par_1_3' title="bbox 3527 384 3660 452">
     <span class='ocr_line' id='line_1_3' title="bbox 3527 384 3660 452; baseline 0.015 -2"><span class='ocrx_word' id='word_1_6' title='bbox 3527 384 3660 452; x_wconf 68' lang='lat' dir='ltr'><strong>1H6</strong></span> 
     </span>
    </p>
   </div>
   <div class='ocr_carea' id='block_1_4' title="bbox 417 497 1963 574">
    <p class='ocr_par' dir='ltr' id='par_1_4' title="bbox 417 501 1963 574">
     <span class='ocr_line' id='line_1_4' title="bbox 417 501 1963 574; baseline 0 -20"><span class='ocrx_word' id='word_1_7' title='bbox 417 522 498 565; x_wconf 84' lang='grc' dir='ltr'><strong>τις</strong></span> <span class='ocrx_word' id='word_1_8' title='bbox 526 504 662 572; x_wconf 72' lang='grc' dir='ltr'>ἔρως</span> <span class='ocrx_word' id='word_1_9' title='bbox 697 501 1172 574; x_wconf 66' lang='grc' dir='ltr'>ἐστὶιάπόρῤητος</span> <span class='ocrx_word' id='word_1_10' title='bbox 1207 502 1300 556; x_wconf 87' lang='grc' dir='ltr'><strong>τοῦ</strong></span> <span class='ocrx_word' id='word_1_11' title='bbox 1335 505 1659 574; x_wconf 83' lang='grc' dir='ltr'>Γεννήτορος</span> <span class='ocrx_word' id='word_1_12' title='bbox 1703 503 1837 572; x_wconf 84' lang='grc' dir='ltr'>πρὸς</span> <span class='ocrx_word' id='word_1_13' title='bbox 1892 501 1963 554; x_wconf 74' lang='grc' dir='ltr'><strong>οὐ</strong></span> 
     </span>
    </p>
   </div>
   <div class='ocr_carea' id='block_1_5' title="bbox 2070 497 3658 574">
    <p class='ocr_par' dir='ltr' id='par_1_5' title="bbox 2082 497 3658 569">
     <span class='ocr_line' id='line_1_5' title="bbox 2082 497 3658 569; baseline -0.001 -15"><span class='ocrx_word' id='word_1_14' title='bbox 2082 501 2172 556; x_wconf 75' lang='lat' dir='ltr'><strong>Ille</strong></span> <span class='ocrx_word' id='word_1_15' title='bbox 2190 510 2369 554; x_wconf 89' lang='lat' dir='ltr'><strong>autem</strong></span> <span class='ocrx_word' id='word_1_16' title='bbox 2397 497 2625 569; x_wconf 91' lang='lat' dir='ltr'><strong>spiritus</strong></span> <span class='ocrx_word' id='word_1_17' title='bbox 2649 497 2891 569; x_wconf 82' lang='lat' dir='ltr'><strong>supremi</strong></span> <span class='ocrx_word' id='word_1_18' title='bbox 2917 498 3064 552; x_wconf 92' lang='lat' dir='ltr'><strong>verbi</strong></span> <span class='ocrx_word' id='word_1_19' title='bbox 3086 497 3339 554; x_wconf 88' lang='lat' dir='ltr'><strong>est&#39;velut</strong></span> <span class='ocrx_word' id='word_1_20' title='bbox 3365 499 3658 554; x_wconf 71' lang='lat' dir='ltr'><strong>ineifabilis</strong></span> 
     </span>
    </p>
   </div>
   <div class='ocr_carea' id='block_1_6' title="bbox 417 589 1984 666">
    <p class='ocr_par' dir='ltr' id='par_1_6' title="bbox 417 589 1984 666">
     <span class='ocr_line' id='line_1_6' title="bbox 417 589 1984 666; baseline -0.003 -17"><span class='ocrx_word' id='word_1_21' title='bbox 417 597 508 648; x_wconf 75' lang='grc' dir='ltr'><strong>τόν</strong></span> <span class='ocrx_word' id='word_1_22' title='bbox 537 595 626 648; x_wconf 78' lang='grc' dir='ltr'><strong>τὸν</strong></span> <span class='ocrx_word' id='word_1_23' title='bbox 665 595 990 665; x_wconf 72' lang='grc' dir='ltr'>ἀποῤῥήτως</span> <span class='ocrx_word' id='word_1_24' title='bbox 1019 597 1348 666; x_wconf 72' lang='grc' dir='ltr'><strong>γεννηθέντα</strong></span> <span class='ocrx_word' id='word_1_25' title='bbox 1374 598 1546 663; x_wconf 90' lang='grc' dir='ltr'>Λόγον</span> <span class='ocrx_word' id='word_1_26' title='bbox 1573 612 1586 626; x_wconf 73' lang='grc' dir='ltr'><strong><em>ο</em></strong></span> <span class='ocrx_word' id='word_1_27' title='bbox 1614 589 1658 662; x_wconf 84' lang='grc' dir='ltr'>ᾧ</span> <span class='ocrx_word' id='word_1_28' title='bbox 1702 595 1792 647; x_wconf 74' lang='grc' dir='ltr'>καὶ</span> <span class='ocrx_word' id='word_1_29' title='bbox 1821 591 1984 656; x_wconf 76' lang='grc' dir='ltr'>αὐτὸς</span> 
     </span>
    </p>
   </div>
   <div class='ocr_carea' id='block_1_7' title="bbox 415 681 1982 754">
    <p class='ocr_par' dir='ltr' id='par_1_7' title="bbox 415 681 1982 754">
     <span class='ocr_line' id='line_1_7' title="bbox 415 681 1982 754; baseline -0.003 -18"><span class='ocrx_word' id='word_1_30' title='bbox 415 686 444 736; x_wconf 87' lang='grc' dir='ltr'><strong>ό</strong></span> <span class='ocrx_word' id='word_1_31' title='bbox 473 682 566 736; x_wconf 91' lang='grc' dir='ltr'><strong>τοῦ</strong></span> <span class='ocrx_word' id='word_1_32' title='bbox 590 681 801 752; x_wconf 83' lang='grc' dir='ltr'>Πατρδς</span> <span class='ocrx_word' id='word_1_33' title='bbox 832 684 1128 752; x_wconf 81' lang='grc' dir='ltr'><strong>ἐπέραστος</strong></span> <span class='ocrx_word' id='word_1_34' title='bbox 1160 685 1316 750; x_wconf 82' lang='grc' dir='ltr'><strong>λόγος</strong></span> <span class='ocrx_word' id='word_1_35' title='bbox 1348 686 1442 738; x_wconf 77' lang='grc' dir='ltr'><strong>καὶ</strong></span> <span class='ocrx_word' id='word_1_36' title='bbox 1465 686 1590 749; x_wconf 65' lang='grc' dir='ltr'>Υἱὸς</span> <span class='ocrx_word' id='word_1_37' title='bbox 1613 683 1814 754; x_wconf 81' lang='grc' dir='ltr'>χρῆται</span> <span class='ocrx_word' id='word_1_38' title='bbox 1845 683 1982 752; x_wconf 61' lang='grc' dir='ltr'>πρὶς</span> 
     </span>
    </p>
   </div>
   <div class='ocr_carea' id='block_1_8' title="bbox 414 773 1980 848">
    <p class='ocr_par' dir='ltr' id='par_1_8' title="bbox 414 773 1980 848">
     <span class='ocr_line' id='line_1_8' title="bbox 414 773 1980 848; baseline -0.002 -21"><span class='ocrx_word' id='word_1_39' title='bbox 414 776 506 828; x_wconf 78' lang='grc' dir='ltr'>τὸν</span> <span class='ocrx_word' id='word_1_40' title='bbox 524 775 828 844; x_wconf 85' lang='grc' dir='ltr'>Γεννήτορα</span> <span class='ocrx_word' id='word_1_41' title='bbox 858 790 872 804; x_wconf 81' lang='grc'><strong><em>⁸</em></strong></span> <span class='ocrx_word' id='word_1_42' title='bbox 903 773 1019 827; x_wconf 83' lang='grc' dir='ltr'>ἀλλ’</span> <span class='ocrx_word' id='word_1_43' title='bbox 1049 775 1123 838; x_wconf 84' lang='grc' dir='ltr'>ὡς</span> <span class='ocrx_word' id='word_1_44' title='bbox 1151 777 1215 828; x_wconf 85' lang='grc' dir='ltr'><strong>ἐκ</strong></span> <span class='ocrx_word' id='word_1_45' title='bbox 1248 776 1344 829; x_wconf 89' lang='grc' dir='ltr'><strong>τοῦ</strong></span> <span class='ocrx_word' id='word_1_46' title='bbox 1378 777 1588 848; x_wconf 82' lang='grc' dir='ltr'>Πατρὸς</span> <span class='ocrx_word' id='word_1_47' title='bbox 1631 777 1771 846; x_wconf 80' lang='grc' dir='ltr'>ἔχων</span> <span class='ocrx_word' id='word_1_48' title='bbox 1819 774 1980 827; x_wconf 72' lang='grc' dir='ltr'>αὐτὸν</span> 
     </span>
    </p>
   </div>
   <div class='ocr_carea' id='block_1_9' title="bbox 414 879 1982 955">
    <p class='ocr_par' dir='ltr' id='par_1_9' title="bbox 414 879 1982 955">
     <span class='ocr_line' id='line_1_9' title="bbox 414 879 1982 955; baseline 0.004 -24"><span class='ocrx_word' id='word_1_49' title='bbox 414 879 885 948; x_wconf 70' lang='grc' dir='ltr'>συμπροελθόντα,</span> <span class='ocrx_word' id='word_1_50' title='bbox 919 881 1013 932; x_wconf 73' lang='grc' dir='ltr'>καὶ</span> <span class='ocrx_word' id='word_1_51' title='bbox 1039 883 1301 948; x_wconf 83' lang='grc' dir='ltr'>συμφυῶς</span> <span class='ocrx_word' id='word_1_52' title='bbox 1326 884 1384 932; x_wconf 71' lang='grc' dir='ltr'><strong>ἐν</strong></span> <span class='ocrx_word' id='word_1_53' title='bbox 1435 883 1584 953; x_wconf 84' lang='grc' dir='ltr'>αὐτῷ</span> <span class='ocrx_word' id='word_1_54' title='bbox 1627 885 1982 955; x_wconf 82' lang='grc' dir='ltr'>ἀναπαυόμε-</span> 
     </span>
    </p>
   </div>
   <div class='ocr_carea' id='block_1_10' title="bbox 407 963 1980 1046">
    <p class='ocr_par' dir='ltr' id='par_1_10' title="bbox 407 963 1980 1046">
     <span class='ocr_line' id='line_1_10' title="bbox 407 963 1980 1046; baseline 0.004 -25"><span class='ocrx_word' id='word_1_55' title='bbox 407 985 520 1021; x_wconf 88' lang='grc' dir='ltr'>νον.</span> <span class='ocrx_word' id='word_1_56' title='bbox 554 963 766 1036; x_wconf 79' lang='grc' dir='ltr'>Παρόῦ</span> <span class='ocrx_word' id='word_1_57' title='bbox 804 971 983 1035; x_wconf 88' lang='grc' dir='ltr'>Λόγου</span> <span class='ocrx_word' id='word_1_58' title='bbox 1011 971 1100 1024; x_wconf 85' lang='grc' dir='ltr'><strong>διὰ</strong></span> <span class='ocrx_word' id='word_1_59' title='bbox 1159 973 1359 1041; x_wconf 64' lang='grc' dir='ltr'>σαρκὸς</span> <span class='ocrx_word' id='word_1_60' title='bbox 1419 974 1781 1044; x_wconf 67' lang='grc' dir='ltr'><strong>ὁμιλήσαντος</strong></span> <span class='ocrx_word' id='word_1_61' title='bbox 1827 979 1980 1046; x_wconf 77' lang='grc' dir='ltr'>ἡμῖν,</span> 
     </span>
    </p>
   </div>
   <div class='ocr_carea' id='block_1_11' title="bbox 410 1057 1984 1136">
    <p class='ocr_par' dir='ltr' id='par_1_11' title="bbox 410 1057 1984 1136">
     <span class='ocr_line' id='line_1_11' title="bbox 410 1057 1984 1136; baseline 0.008 -28"><span class='ocrx_word' id='word_1_62' title='bbox 410 1057 504 1109; x_wconf 71' lang='lat' dir='ltr'><strong>xxi.</strong></span> <span class='ocrx_word' id='word_1_63' title='bbox 523 1057 583 1109; x_wconf 82' lang='grc' dir='ltr'><strong>τὸ</strong></span> <span class='ocrx_word' id='word_1_64' title='bbox 611 1059 779 1127; x_wconf 78' lang='grc' dir='ltr'>ὄνομα</span> <span class='ocrx_word' id='word_1_65' title='bbox 805 1063 901 1128; x_wconf 79' lang='grc' dir='ltr'>τῆς</span> <span class='ocrx_word' id='word_1_66' title='bbox 934 1061 1192 1130; x_wconf 76' lang='grc' dir='ltr'><strong>διαφόρου</strong></span> <span class='ocrx_word' id='word_1_67' title='bbox 1229 1063 1380 1134; x_wconf 85' lang='grc' dir='ltr'>παρὰ</span> <span class='ocrx_word' id='word_1_68' title='bbox 1410 1065 1504 1118; x_wconf 83' lang='grc' dir='ltr'><strong>τοῦ</strong></span> <span class='ocrx_word' id='word_1_69' title='bbox 1560 1067 1770 1136; x_wconf 84' lang='grc' dir='ltr'>Πατρὸς</span> <span class='ocrx_word' id='word_1_70' title='bbox 1808 1068 1984 1136; x_wconf 80' lang='grc' dir='ltr'>ὑπάρ-</span> 
     </span>
    </p>
   </div>
   <div class='ocr_carea' id='block_1_12' title="bbox 407 1148 1982 1225">
    <p class='ocr_par' dir='ltr' id='par_1_12' title="bbox 407 1148 1982 1225">
     <span class='ocr_line' id='line_1_12' title="bbox 407 1148 1982 1225; baseline 0.007 -26"><span class='ocrx_word' id='word_1_71' title='bbox 407 1150 542 1212; x_wconf 85' lang='grc' dir='ltr'>ξεως</span> <span class='ocrx_word' id='word_1_72' title='bbox 579 1148 938 1219; x_wconf 76' lang='grc' dir='ltr'>ἐδιδάχθημεν</span> <span class='ocrx_word' id='word_1_73' title='bbox 965 1155 1056 1203; x_wconf 87' lang='grc' dir='ltr'><strong>τοῦ</strong></span> <span class='ocrx_word' id='word_1_74' title='bbox 1094 1153 1408 1222; x_wconf 82' lang='grc' dir='ltr'>Πνεύματος</span> <span class='ocrx_word' id='word_1_75' title='bbox 1440 1171 1452 1183; x_wconf 91' lang='grc'><strong>·</strong></span> <span class='ocrx_word' id='word_1_76' title='bbox 1479 1159 1572 1208; x_wconf 68' lang='grc' dir='ltr'><strong>καὶ</strong></span> <span class='ocrx_word' id='word_1_77' title='bbox 1613 1157 1687 1225; x_wconf 80' lang='grc' dir='ltr'>μὴ</span> <span class='ocrx_word' id='word_1_78' title='bbox 1718 1157 1811 1209; x_wconf 87' lang='grc' dir='ltr'><strong>τοῦ</strong></span> <span class='ocrx_word' id='word_1_79' title='bbox 1875 1159 1982 1210; x_wconf 85' lang='grc' dir='ltr'>Πα-</span> 
     </span>
    </p>
   </div>
   <div class='ocr_carea' id='block_1_13' title="bbox 407 1233 1982 1314">
    <p class='ocr_par' dir='ltr' id='par_1_13' title="bbox 407 1233 1982 1314">
     <span class='ocr_line' id='line_1_13' title="bbox 407 1233 1982 1314; baseline 0.008 -28"><span class='ocrx_word' id='word_1_80' title='bbox 407 1235 534 1304; x_wconf 75' lang='grc' dir='ltr'>τρός</span> <span class='ocrx_word' id='word_1_81' title='bbox 565 1233 706 1290; x_wconf 75' lang='grc' dir='ltr'>εἶναι</span> <span class='ocrx_word' id='word_1_82' title='bbox 737 1239 897 1291; x_wconf 81' lang='grc' dir='ltr'>τοῦτο</span> <span class='ocrx_word' id='word_1_83' title='bbox 923 1241 1107 1308; x_wconf 88' lang='grc' dir='ltr'>μόνον,</span> <span class='ocrx_word' id='word_1_84' title='bbox 1146 1241 1280 1294; x_wconf 81' lang='grc' dir='ltr'><strong>ἀλλά</strong></span> <span class='ocrx_word' id='word_1_85' title='bbox 1303 1245 1395 1294; x_wconf 70' lang='grc' dir='ltr'><strong>καὶ</strong></span> <span class='ocrx_word' id='word_1_86' title='bbox 1417 1243 1603 1297; x_wconf 81' lang='grc' dir='ltr'>αὐτοῦ.</span> <span class='ocrx_word' id='word_1_87' title='bbox 1638 1246 1709 1296; x_wconf 85' lang='grc' dir='ltr'><strong>Τὸ</strong></span> <span class='ocrx_word' id='word_1_88' title='bbox 1759 1245 1982 1314; x_wconf 77' lang='grc' dir='ltr'><strong>Πνεῦμα</strong></span> 
     </span>
    </p>
   </div>
   <div class='ocr_carea' id='block_1_14' title="bbox 406 1327 1977 1405">
    <p class='ocr_par' dir='ltr' id='par_1_14' title="bbox 406 1327 1977 1405">
     <span class='ocr_line' id='line_1_14' title="bbox 406 1327 1977 1405; baseline 0.004 -25"><span class='ocrx_word' id='word_1_89' title='bbox 406 1327 534 1398; x_wconf 81' lang='grc' dir='ltr'>γὰρ,</span> <span class='ocrx_word' id='word_1_90' title='bbox 566 1329 720 1396; x_wconf 69' lang='grc' dir='ltr'>φησι,</span> <span class='ocrx_word' id='word_1_91' title='bbox 749 1330 846 1398; x_wconf 75' lang='grc' dir='ltr'><strong>τῆς</strong></span> <span class='ocrx_word' id='word_1_92' title='bbox 874 1329 1156 1398; x_wconf 89' lang='grc' dir='ltr'>ἀληθείας,</span> <span class='ocrx_word' id='word_1_93' title='bbox 1183 1331 1210 1383; x_wconf 87' lang='grc' dir='ltr'>ὃ</span> <span class='ocrx_word' id='word_1_94' title='bbox 1233 1334 1386 1400; x_wconf 80' lang='grc' dir='ltr'><strong>παρά</strong></span> <span class='ocrx_word' id='word_1_95' title='bbox 1417 1333 1509 1384; x_wconf 89' lang='grc' dir='ltr'><strong>τοῦ</strong></span> <span class='ocrx_word' id='word_1_96' title='bbox 1563 1335 1773 1405; x_wconf 81' lang='grc' dir='ltr'>Πατρὸς</span> <span class='ocrx_word' id='word_1_97' title='bbox 1811 1335 1977 1387; x_wconf 83' lang='grc' dir='ltr'>ἐκπο-</span> 
     </span>
    </p>
   </div>
   <div class='ocr_carea' id='block_1_15' title="bbox 411 1417 1979 1491">
    <p class='ocr_par' dir='ltr' id='par_1_15' title="bbox 411 1417 1979 1491">
     <span class='ocr_line' id='line_1_15' title="bbox 411 1417 1979 1491; baseline 0.003 -22"><span class='ocrx_word' id='word_1_98' title='bbox 411 1417 649 1486; x_wconf 85' lang='grc' dir='ltr'>ρεύεται,</span> <span class='ocrx_word' id='word_1_99' title='bbox 687 1418 766 1469; x_wconf 74' lang='grc' dir='ltr'>ἵν’</span> <span class='ocrx_word' id='word_1_100' title='bbox 791 1420 950 1488; x_wconf 76' lang='grc' dir='ltr'>ἡμεῖς</span> <span class='ocrx_word' id='word_1_101' title='bbox 979 1419 1292 1488; x_wconf 80' lang='grc' dir='ltr'>ἐπιγνῶμεν</span> <span class='ocrx_word' id='word_1_102' title='bbox 1329 1421 1390 1473; x_wconf 84' lang='grc' dir='ltr'><strong>οὐ</strong></span> <span class='ocrx_word' id='word_1_103' title='bbox 1429 1423 1604 1489; x_wconf 81' lang='grc' dir='ltr'>Λόγον</span> <span class='ocrx_word' id='word_1_104' title='bbox 1639 1422 1819 1491; x_wconf 87' lang='grc' dir='ltr'>μόνον,</span> <span class='ocrx_word' id='word_1_105' title='bbox 1845 1422 1979 1474; x_wconf 79' lang='grc' dir='ltr'>ἀλλὰ</span> 
     </span>
    </p>
   </div>
   <div class='ocr_carea' id='block_1_16' title="bbox 406 1509 1977 1581">
    <p class='ocr_par' dir='ltr' id='par_1_16' title="bbox 406 1509 1977 1581">
     <span class='ocr_line' id='line_1_16' title="bbox 406 1509 1977 1581; baseline 0.003 -21"><span class='ocrx_word' id='word_1_106' title='bbox 406 1511 500 1562; x_wconf 70' lang='grc' dir='ltr'><strong>καὶ</strong></span> <span class='ocrx_word' id='word_1_107' title='bbox 528 1509 749 1578; x_wconf 83' lang='grc' dir='ltr'>Πνεῦμα</span> <span class='ocrx_word' id='word_1_108' title='bbox 793 1512 856 1562; x_wconf 82' lang='grc' dir='ltr'><strong>ἐκ</strong></span> <span class='ocrx_word' id='word_1_109' title='bbox 896 1509 990 1562; x_wconf 85' lang='grc' dir='ltr'><strong>τοῦ</strong></span> <span class='ocrx_word' id='word_1_110' title='bbox 1044 1511 1272 1580; x_wconf 68' lang='grc' dir='ltr'>Πατρός,</span> <span class='ocrx_word' id='word_1_111' title='bbox 1333 1511 1393 1562; x_wconf 81' lang='grc' dir='ltr'><strong>οὑ</strong></span> <span class='ocrx_word' id='word_1_112' title='bbox 1449 1512 1803 1581; x_wconf 81' lang='grc' dir='ltr'>γεννώμενον,</span> <span class='ocrx_word' id='word_1_113' title='bbox 1861 1511 1977 1565; x_wconf 82' lang='grc' dir='ltr'>ἀλλ’</span> 
     </span>
    </p>
   </div>
   <div class='ocr_carea' id='block_1_17' title="bbox 405 1599 1974 1672">
    <p class='ocr_par' dir='ltr' id='par_1_17' title="bbox 405 1599 1974 1672">
     <span class='ocr_line' id='line_1_17' title="bbox 405 1599 1974 1672; baseline 0.002 -22"><span class='ocrx_word' id='word_1_114' title='bbox 405 1601 862 1670; x_wconf 81' lang='grc' dir='ltr'>ἐκπορευόμενον,</span> <span class='ocrx_word' id='word_1_115' title='bbox 914 1599 973 1651; x_wconf 79' lang='grc' dir='ltr'>ὃν</span> <span class='ocrx_word' id='word_1_116' title='bbox 1007 1599 1060 1652; x_wconf 83' lang='grc' dir='ltr'><strong>δὲ</strong></span> <span class='ocrx_word' id='word_1_117' title='bbox 1090 1599 1182 1651; x_wconf 87' lang='grc' dir='ltr'><strong>τοῦ</strong></span> <span class='ocrx_word' id='word_1_118' title='bbox 1232 1600 1382 1664; x_wconf 86' lang='grc' dir='ltr'>Υἰοῦ,</span> <span class='ocrx_word' id='word_1_119' title='bbox 1407 1602 1556 1670; x_wconf 87' lang='grc' dir='ltr'><strong>παρά</strong></span> <span class='ocrx_word' id='word_1_120' title='bbox 1617 1603 1710 1654; x_wconf 89' lang='grc' dir='ltr'><strong>τοῦ</strong></span> <span class='ocrx_word' id='word_1_121' title='bbox 1743 1601 1974 1672; x_wconf 64' lang='grc' dir='ltr'>,Πατρός</span> 
     </span>
    </p>
   </div>
   <div class='ocr_carea' id='block_1_18' title="bbox 403 1689 1974 1759">
    <p class='ocr_par' dir='ltr' id='par_1_18' title="bbox 403 1689 1974 1759">
     <span class='ocr_line' id='line_1_18' title="bbox 403 1689 1974 1759; baseline 0.001 -19"><span class='ocrx_word' id='word_1_122' title='bbox 403 1690 547 1742; x_wconf 78' lang='grc' dir='ltr'>τοῦτ’</span> <span class='ocrx_word' id='word_1_123' title='bbox 580 1691 814 1758; x_wconf 73' lang='grc' dir='ltr'>ἔχοντος,</span> <span class='ocrx_word' id='word_1_124' title='bbox 843 1689 918 1752; x_wconf 88' lang='grc' dir='ltr'>ὼς</span> <span class='ocrx_word' id='word_1_125' title='bbox 967 1689 1241 1757; x_wconf 74' lang='grc' dir='ltr'>ἀληθείας,</span> <span class='ocrx_word' id='word_1_126' title='bbox 1275 1691 1366 1742; x_wconf 80' lang='grc' dir='ltr'><strong>καὶ</strong></span> <span class='ocrx_word' id='word_1_127' title='bbox 1418 1691 1625 1758; x_wconf 60' lang='grc' dir='ltr'>σοφίας,</span> <span class='ocrx_word' id='word_1_128' title='bbox 1671 1693 1764 1744; x_wconf 76' lang='grc' dir='ltr'>καὶ</span> <span class='ocrx_word' id='word_1_129' title='bbox 1814 1691 1974 1759; x_wconf 83' lang='grc' dir='ltr'>λόγου</span> 
     </span>
    </p>
   </div>
   <div class='ocr_carea' id='block_1_19' title="bbox 404 1780 1973 1851">
    <p class='ocr_par' dir='ltr' id='par_1_19' title="bbox 404 1780 1973 1851">
     <span class='ocr_line' id='line_1_19' title="bbox 404 1780 1973 1851; baseline 0.001 -19"><span class='ocrx_word' id='word_1_130' title='bbox 404 1781 646 1849; x_wconf 80' lang='grc' dir='ltr'>Πνεῦμα.</span> <span class='ocrx_word' id='word_1_131' title='bbox 672 1782 844 1848; x_wconf 80' lang='grc' dir='ltr'>Λόγος</span> <span class='ocrx_word' id='word_1_132' title='bbox 884 1781 990 1850; x_wconf 82' lang='grc' dir='ltr'>γὰρ</span> <span class='ocrx_word' id='word_1_133' title='bbox 1018 1783 1051 1849; x_wconf 82' lang='grc' dir='ltr'>ἡ</span> <span class='ocrx_word' id='word_1_134' title='bbox 1081 1781 1304 1851; x_wconf 83' lang='grc' dir='ltr'>ἀλήθεια</span> <span class='ocrx_word' id='word_1_135' title='bbox 1327 1780 1420 1834; x_wconf 81' lang='grc' dir='ltr'><strong>καὶ</strong></span> <span class='ocrx_word' id='word_1_136' title='bbox 1459 1784 1492 1850; x_wconf 84' lang='grc' dir='ltr'><strong>ἡ</strong></span> <span class='ocrx_word' id='word_1_137' title='bbox 1547 1783 1704 1850; x_wconf 71' lang='grc' dir='ltr'>σοφία</span> <span class='ocrx_word' id='word_1_138' title='bbox 1733 1782 1810 1851; x_wconf 77' lang='grc' dir='ltr'>τῷ</span> <span class='ocrx_word' id='word_1_139' title='bbox 1844 1784 1973 1835; x_wconf 82' lang='grc' dir='ltr'>Γεν-</span> 
     </span>
    </p>
   </div>
   <div class='ocr_carea' id='block_1_20' title="bbox 400 1879 1970 1951">
    <p class='ocr_par' dir='ltr' id='par_1_20' title="bbox 400 1879 1970 1951">
     <span class='ocr_line' id='line_1_20' title="bbox 400 1879 1970 1951; baseline 0 -20"><span class='ocrx_word' id='word_1_140' title='bbox 400 1881 587 1951; x_wconf 71' lang='grc' dir='ltr'>νήτορι</span> <span class='ocrx_word' id='word_1_141' title='bbox 616 1879 970 1948; x_wconf 80' lang='grc' dir='ltr'><strong>κατάλληλος,</strong></span> <span class='ocrx_word' id='word_1_142' title='bbox 1007 1880 1063 1942; x_wconf 78' lang='grc' dir='ltr'>ὃς</span> <span class='ocrx_word' id='word_1_143' title='bbox 1097 1879 1172 1948; x_wconf 83' lang='grc' dir='ltr'>τῷ</span> <span class='ocrx_word' id='word_1_144' title='bbox 1204 1881 1378 1950; x_wconf 72' lang='grc' dir='ltr'>Πατρὶ</span> <span class='ocrx_word' id='word_1_145' title='bbox 1405 1881 1490 1932; x_wconf 84' lang='grc' dir='ltr'>ἐπ’</span> <span class='ocrx_word' id='word_1_146' title='bbox 1523 1879 1671 1949; x_wconf 83' lang='grc' dir='ltr'>αὑτῷ</span> <span class='ocrx_word' id='word_1_147' title='bbox 1705 1880 1970 1948; x_wconf 75' lang='grc' dir='ltr'>χαίροντι,</span> 
     </span>
    </p>
   </div>
   <div class='ocr_carea' id='block_1_21' title="bbox 404 1969 1971 2040">
    <p class='ocr_par' dir='ltr' id='par_1_21' title="bbox 404 1969 1971 2040">
     <span class='ocr_line' id='line_1_21' title="bbox 404 1969 1971 2040; baseline 0.008 -28"><span class='ocrx_word' id='word_1_148' title='bbox 404 1971 711 2039; x_wconf 70' lang='grc' dir='ltr'>συγχαξρει,</span> <span class='ocrx_word' id='word_1_149' title='bbox 744 1969 885 2021; x_wconf 81' lang='grc' dir='ltr'>κατὰ</span> <span class='ocrx_word' id='word_1_150' title='bbox 913 1970 971 2020; x_wconf 75' lang='grc' dir='ltr'>τὸ</span> <span class='ocrx_word' id='word_1_151' title='bbox 1012 1969 1140 2036; x_wconf 74' lang='grc' dir='ltr'>παρ’</span> <span class='ocrx_word' id='word_1_152' title='bbox 1172 1970 1335 2023; x_wconf 87' lang='grc' dir='ltr'>αὑτοῦ</span> <span class='ocrx_word' id='word_1_153' title='bbox 1369 1970 1456 2022; x_wconf 74' lang='grc' dir='ltr'>διὰ</span> <span class='ocrx_word' id='word_1_154' title='bbox 1496 1969 1589 2022; x_wconf 84' lang='grc' dir='ltr'><strong>τοῦ</strong></span> <span class='ocrx_word' id='word_1_155' title='bbox 1627 1971 1971 2040; x_wconf 81' lang='grc' dir='ltr'>Σολομῶντος</span> 
     </span>
    </p>
   </div>
   <div class='ocr_carea' id='block_1_22' title="bbox 401 2056 1963 2130">
    <p class='ocr_par' dir='ltr' id='par_1_22' title="bbox 401 2056 1963 2130">
     <span class='ocr_line' id='line_1_22' title="bbox 401 2056 1963 2130; baseline 0 -20"><span class='ocrx_word' id='word_1_156' title='bbox 401 2061 725 2129; x_wconf 73' lang='grc' dir='ltr'>εἰρημένον·</span> <span class='ocrx_word' id='word_1_157' title='bbox 791 2076 810 2108; x_wconf 70' lang='grc' dir='ltr'>ε</span> <span class='ocrx_word' id='word_1_158' title='bbox 858 2056 999 2126; x_wconf 74' lang='grc' dir='ltr'><strong>Ἐγὼ</strong></span> <span class='ocrx_word' id='word_1_159' title='bbox 1059 2060 1226 2128; x_wconf 69' lang='grc' dir='ltr'>ἥμην,</span> <span class='ocrx_word' id='word_1_160' title='bbox 1281 2062 1314 2128; x_wconf 80' lang='grc' dir='ltr'>ἢ</span> <span class='ocrx_word' id='word_1_161' title='bbox 1379 2061 1694 2129; x_wconf 80' lang='grc' dir='ltr'>συνέχαιρον</span> <span class='ocrx_word' id='word_1_162' title='bbox 1743 2061 1908 2130; x_wconf 65' lang='grc' dir='ltr'>αὐτῷ.</span> <span class='ocrx_word' id='word_1_163' title='bbox 1946 2082 1963 2110; x_wconf 75' lang='grc' dir='ltr'><strong>ι</strong></span> 
     </span>
    </p>
   </div>
   <div class='ocr_carea' id='block_1_23' title="bbox 398 2140 1964 2221">
    <p class='ocr_par' dir='ltr' id='par_1_23' title="bbox 398 2140 1964 2221">
     <span class='ocr_line' id='line_1_23' title="bbox 398 2140 1964 2221; baseline -0.001 -17"><span class='ocrx_word' id='word_1_164' title='bbox 398 2154 510 2204; x_wconf 66' lang='grc' dir='ltr'><strong>Οὐκ</strong></span> <span class='ocrx_word' id='word_1_165' title='bbox 541 2140 780 2218; x_wconf 74' lang='grc' dir='ltr'>ἔχαιρον,</span> <span class='ocrx_word' id='word_1_166' title='bbox 813 2149 985 2213; x_wconf 76' lang='grc' dir='ltr'>εἶπεν,</span> <span class='ocrx_word' id='word_1_167' title='bbox 1022 2149 1156 2202; x_wconf 77' lang='grc' dir='ltr'><strong>ἀλλά</strong></span> <span class='ocrx_word' id='word_1_168' title='bbox 1208 2151 1556 2220; x_wconf 81' lang='grc' dir='ltr'>συνέχαιρον·</span> <span class='ocrx_word' id='word_1_169' title='bbox 1614 2151 1750 2218; x_wconf 84' lang='grc' dir='ltr'>αῦτη</span> <span class='ocrx_word' id='word_1_170' title='bbox 1799 2151 1904 2221; x_wconf 68' lang='grc' dir='ltr'>γὰρ</span> <span class='ocrx_word' id='word_1_171' title='bbox 1931 2154 1964 2219; x_wconf 87' lang='grc' dir='ltr'>ή</span> 
     </span>
    </p>
   </div>
   <div class='ocr_carea' id='block_1_24' title="bbox 397 2240 1967 2312">
    <p class='ocr_par' dir='ltr' id='par_1_24' title="bbox 397 2240 1967 2312">
     <span class='ocr_line' id='line_1_24' title="bbox 397 2240 1967 2312; baseline 0.001 -17"><span class='ocrx_word' id='word_1_172' title='bbox 397 2243 610 2312; x_wconf 80' lang='grc' dir='ltr'>Πατρός</span> <span class='ocrx_word' id='word_1_173' title='bbox 631 2259 689 2294; x_wconf 88' lang='grc' dir='ltr'><strong>τε</strong></span> <span class='ocrx_word' id='word_1_174' title='bbox 725 2243 820 2294; x_wconf 82' lang='grc' dir='ltr'>καὶ</span> <span class='ocrx_word' id='word_1_175' title='bbox 853 2241 981 2293; x_wconf 85' lang='grc' dir='ltr'>Υίοῦ</span> <span class='ocrx_word' id='word_1_176' title='bbox 1020 2240 1339 2310; x_wconf 84' lang='grc' dir='ltr'>προαιώνιος</span> <span class='ocrx_word' id='word_1_177' title='bbox 1367 2244 1530 2312; x_wconf 67' lang='grc' dir='ltr'>χαρὰ,</span> <span class='ocrx_word' id='word_1_178' title='bbox 1557 2241 1616 2295; x_wconf 79' lang='grc' dir='ltr'>τὸ</span> <span class='ocrx_word' id='word_1_179' title='bbox 1646 2242 1868 2310; x_wconf 85' lang='grc' dir='ltr'>Πνεῦμα</span> <span class='ocrx_word' id='word_1_180' title='bbox 1907 2244 1967 2296; x_wconf 79' lang='grc' dir='ltr'>τὸ</span> 
     </span>
    </p>
   </div>
   <div class='ocr_carea' id='block_1_25' title="bbox 395 2335 1966 2406">
    <p class='ocr_par' dir='ltr' id='par_1_25' title="bbox 395 2335 1966 2406">
     <span class='ocr_line' id='line_1_25' title="bbox 395 2335 1966 2406; baseline 0.001 -18"><span class='ocrx_word' id='word_1_181' title='bbox 395 2335 548 2403; x_wconf 75' lang='grc' dir='ltr'>ἆγιόν</span> <span class='ocrx_word' id='word_1_182' title='bbox 580 2337 750 2396; x_wconf 89' lang='grc' dir='ltr'>ἐστιν,</span> <span class='ocrx_word' id='word_1_183' title='bbox 789 2336 862 2397; x_wconf 86' lang='grc' dir='ltr'>ὼς</span> <span class='ocrx_word' id='word_1_184' title='bbox 885 2335 1060 2389; x_wconf 74' lang='grc' dir='ltr'>κοινὸν</span> <span class='ocrx_word' id='word_1_185' title='bbox 1097 2337 1192 2404; x_wconf 80' lang='grc' dir='ltr'><strong>μὲν</strong></span> <span class='ocrx_word' id='word_1_186' title='bbox 1224 2337 1407 2398; x_wconf 81' lang='grc' dir='ltr'>αὐτοῖς</span> <span class='ocrx_word' id='word_1_187' title='bbox 1441 2337 1578 2390; x_wconf 75' lang='grc' dir='ltr'>κατὰ</span> <span class='ocrx_word' id='word_1_188' title='bbox 1625 2337 1722 2406; x_wconf 82' lang='grc' dir='ltr'>τὴν</span> <span class='ocrx_word' id='word_1_189' title='bbox 1772 2339 1966 2406; x_wconf 81' lang='grc' dir='ltr'>χρῆσιν</span> 
     </span>
    </p>
   </div>
   <div class='ocr_carea' id='block_1_26' title="bbox 399 2427 1964 2498">
    <p class='ocr_par' dir='ltr' id='par_1_26' title="bbox 399 2427 1964 2498">
     <span class='ocr_line' id='line_1_26' title="bbox 399 2427 1964 2498; baseline 0.003 -20"><span class='ocrx_word' id='word_1_190' title='bbox 399 2429 489 2492; x_wconf 70' lang='grc' dir='ltr'>(δι’</span> <span class='ocrx_word' id='word_1_191' title='bbox 511 2427 540 2478; x_wconf 86' lang='grc' dir='ltr'><strong><em>ὃ</em></strong></span> <span class='ocrx_word' id='word_1_192' title='bbox 565 2428 692 2497; x_wconf 81' lang='grc' dir='ltr'>παρ’</span> <span class='ocrx_word' id='word_1_193' title='bbox 722 2428 1048 2497; x_wconf 78' lang='grc' dir='ltr'>ἀμφοτέρων</span> <span class='ocrx_word' id='word_1_194' title='bbox 1081 2428 1176 2480; x_wconf 75' lang='grc' dir='ltr'>καὶ</span> <span class='ocrx_word' id='word_1_195' title='bbox 1210 2429 1345 2498; x_wconf 73' lang='grc' dir='ltr'>πρὸς</span> <span class='ocrx_word' id='word_1_196' title='bbox 1372 2429 1496 2490; x_wconf 81' lang='grc' dir='ltr'>τοὺς</span> <span class='ocrx_word' id='word_1_197' title='bbox 1530 2429 1713 2492; x_wconf 81' lang='grc' dir='ltr'>ἀξίους</span> <span class='ocrx_word' id='word_1_198' title='bbox 1748 2431 1964 2498; x_wconf 83' lang='grc' dir='ltr'>πέμπε-</span> 
     </span>
    </p>
   </div>
   <div class='ocr_carea' id='block_1_27' title="bbox 393 2516 1962 2596">
    <p class='ocr_par' dir='ltr' id='par_1_27' title="bbox 393 2516 1962 2596">
     <span class='ocr_line' id='line_1_27' title="bbox 393 2516 1962 2596; baseline 0.003 -26"><span class='ocrx_word' id='word_1_199' title='bbox 393 2516 528 2586; x_wconf 85' lang='grc' dir='ltr'>ται)·</span> <span class='ocrx_word' id='word_1_200' title='bbox 551 2519 792 2596; x_wconf 78' lang='grc' dir='ltr'>μόνουδὲ</span> <span class='ocrx_word' id='word_1_201' title='bbox 815 2517 908 2570; x_wconf 87' lang='grc' dir='ltr'><strong>τοῦ</strong></span> <span class='ocrx_word' id='word_1_202' title='bbox 944 2518 1154 2586; x_wconf 80' lang='grc' dir='ltr'>Πατρδς</span> <span class='ocrx_word' id='word_1_203' title='bbox 1186 2520 1306 2572; x_wconf 77' lang='grc' dir='ltr'>καθ’</span> <span class='ocrx_word' id='word_1_204' title='bbox 1336 2519 1572 2590; x_wconf 75' lang='grc' dir='ltr'>ὓπαρξιν</span> <span class='ocrx_word' id='word_1_205' title='bbox 1596 2521 1865 2592; x_wconf 77' lang='grc' dir='ltr'>ὑπάρχον,</span> <span class='ocrx_word' id='word_1_206' title='bbox 1895 2522 1962 2574; x_wconf 84' lang='grc' dir='ltr'>δι’</span> 
     </span>
    </p>
   </div>
   <div class='ocr_carea' id='block_1_28' title="bbox 395 2609 1956 2679">
    <p class='ocr_par' dir='ltr' id='par_1_28' title="bbox 395 2609 1956 2679">
     <span class='ocr_line' id='line_1_28' title="bbox 395 2609 1956 2679; baseline 0.001 -16"><span class='ocrx_word' id='word_1_207' title='bbox 395 2610 424 2662; x_wconf 77' lang='grc' dir='ltr'><strong>ὃ</strong></span> <span class='ocrx_word' id='word_1_208' title='bbox 453 2611 549 2663; x_wconf 78' lang='grc' dir='ltr'><strong>καὶ</strong></span> <span class='ocrx_word' id='word_1_209' title='bbox 575 2612 704 2678; x_wconf 85' lang='grc' dir='ltr'>παρ’</span> <span class='ocrx_word' id='word_1_210' title='bbox 727 2609 891 2664; x_wconf 79' lang='grc' dir='ltr'>αὑτοῦ</span> <span class='ocrx_word' id='word_1_211' title='bbox 935 2610 1096 2679; x_wconf 81' lang='grc' dir='ltr'>μόνου</span> <span class='ocrx_word' id='word_1_212' title='bbox 1125 2610 1484 2678; x_wconf 83' lang='grc' dir='ltr'>ἐκπορεύεται</span> <span class='ocrx_word' id='word_1_213' title='bbox 1542 2610 1662 2664; x_wconf 81' lang='grc' dir='ltr'>καθ’</span> <span class='ocrx_word' id='word_1_214' title='bbox 1699 2609 1956 2679; x_wconf 78' lang='grc' dir='ltr'>ὓπαρξιν.</span> 
     </span>
    </p>
   </div>
   <div class='ocr_carea' id='block_1_29' title="bbox 463 2698 1964 2770">
    <p class='ocr_par' dir='ltr' id='par_1_29' title="bbox 463 2698 1964 2770">
     <span class='ocr_line' id='line_1_29' title="bbox 463 2698 1964 2770; baseline 0.001 -18"><span class='ocrx_word' id='word_1_215' title='bbox 463 2699 561 2763; x_wconf 77' lang='grc' dir='ltr'>λζ’.</span> <span class='ocrx_word' id='word_1_216' title='bbox 594 2698 796 2752; x_wconf 85' lang='grc' dir='ltr'>Τούτου</span> <span class='ocrx_word' id='word_1_217' title='bbox 833 2698 926 2752; x_wconf 87' lang='grc' dir='ltr'><strong>τοῦ</strong></span> <span class='ocrx_word' id='word_1_218' title='bbox 959 2701 1218 2753; x_wconf 72' lang='grc' dir='ltr'>ἀνωτάτω</span> <span class='ocrx_word' id='word_1_219' title='bbox 1244 2700 1444 2770; x_wconf 81' lang='grc' dir='ltr'>ἔρωτος</span> <span class='ocrx_word' id='word_1_220' title='bbox 1477 2701 1574 2770; x_wconf 86' lang='grc' dir='ltr'>τὴν</span> <span class='ocrx_word' id='word_1_221' title='bbox 1599 2702 1802 2766; x_wconf 82' lang='grc' dir='ltr'>εἰκόνα,</span> <span class='ocrx_word' id='word_1_222' title='bbox 1825 2702 1917 2753; x_wconf 78' lang='grc' dir='ltr'><strong>καὶ</strong></span> <span class='ocrx_word' id='word_1_223' title='bbox 1937 2703 1964 2754; x_wconf 86' lang='grc' dir='ltr'>ὁ</span> 
     </span>
    </p>
   </div>
   <div class='ocr_carea' id='block_1_30' title="bbox 393 2791 1963 2862">
    <p class='ocr_par' dir='ltr' id='par_1_30' title="bbox 393 2791 1963 2862">
     <span class='ocr_line' id='line_1_30' title="bbox 393 2791 1963 2862; baseline -0.005 -18"><span class='ocrx_word' id='word_1_224' title='bbox 393 2794 515 2846; x_wconf 83' lang='grc' dir='ltr'>κατ’</span> <span class='ocrx_word' id='word_1_225' title='bbox 541 2793 722 2844; x_wconf 78' lang='grc' dir='ltr'>εἰκόνα</span> <span class='ocrx_word' id='word_1_226' title='bbox 739 2791 832 2844; x_wconf 87' lang='grc' dir='ltr'><strong>τοῦ</strong></span> <span class='ocrx_word' id='word_1_227' title='bbox 856 2791 990 2844; x_wconf 81' lang='grc' dir='ltr'>Θεοῦ</span> <span class='ocrx_word' id='word_1_228' title='bbox 1016 2791 1256 2855; x_wconf 67' lang='grc' dir='ltr'>κτισθεῖς</span> <span class='ocrx_word' id='word_1_229' title='bbox 1290 2793 1448 2862; x_wconf 74' lang='grc' dir='ltr'>ἡμῶν</span> <span class='ocrx_word' id='word_1_230' title='bbox 1479 2795 1590 2862; x_wconf 78' lang='grc' dir='ltr'>ἔχει</span> <span class='ocrx_word' id='word_1_231' title='bbox 1639 2793 1782 2857; x_wconf 73' lang='grc' dir='ltr'>νοῦς,</span> <span class='ocrx_word' id='word_1_232' title='bbox 1829 2796 1963 2861; x_wconf 63' lang='grc' dir='ltr'>πρδς</span> 
     </span>
    </p>
   </div>
   <div class='ocr_carea' id='block_1_31' title="bbox 393 2884 1962 2958">
    <p class='ocr_par' dir='ltr' id='par_1_31' title="bbox 393 2884 1962 2958">
     <span class='ocr_line' id='line_1_31' title="bbox 393 2884 1962 2958; baseline 0.001 -22"><span class='ocrx_word' id='word_1_233' title='bbox 393 2885 492 2952; x_wconf 74' lang='grc' dir='ltr'><strong>τὴν</strong></span> <span class='ocrx_word' id='word_1_234' title='bbox 519 2884 649 2951; x_wconf 87' lang='grc' dir='ltr'>παρ’</span> <span class='ocrx_word' id='word_1_235' title='bbox 683 2884 848 2937; x_wconf 85' lang='grc' dir='ltr'>αὐτοῦ</span> <span class='ocrx_word' id='word_1_236' title='bbox 887 2887 977 2936; x_wconf 73' lang='grc' dir='ltr'><strong>καὶ</strong></span> <span class='ocrx_word' id='word_1_237' title='bbox 1013 2887 1068 2935; x_wconf 85' lang='grc' dir='ltr'><strong>ἐν</strong></span> <span class='ocrx_word' id='word_1_238' title='bbox 1098 2887 1242 2954; x_wconf 80' lang='grc' dir='ltr'>αὐτῷ</span> <span class='ocrx_word' id='word_1_239' title='bbox 1295 2887 1555 2954; x_wconf 69' lang='grc' dir='ltr'>διηνεκῶς</span> <span class='ocrx_word' id='word_1_240' title='bbox 1615 2889 1962 2958; x_wconf 77' lang='grc' dir='ltr'>ὑπάρχουσαν</span> 
     </span>
    </p>
   </div>
   <div class='ocr_carea' id='block_1_32' title="bbox 392 2973 1958 3046">
    <p class='ocr_par' dir='ltr' id='par_1_32' title="bbox 392 2973 1958 3046">
     <span class='ocr_line' id='line_1_32' title="bbox 392 2973 1958 3046; baseline 0.003 -23"><span class='ocrx_word' id='word_1_241' title='bbox 392 2973 614 3041; x_wconf 78' lang='grc' dir='ltr'>γνῶσιν.</span> <span class='ocrx_word' id='word_1_242' title='bbox 643 2975 777 3043; x_wconf 80' lang='grc' dir='ltr'>Παρ’</span> <span class='ocrx_word' id='word_1_243' title='bbox 803 2974 968 3028; x_wconf 76' lang='grc' dir='ltr'>αὑτοῦ</span> <span class='ocrx_word' id='word_1_244' title='bbox 996 2976 1086 3027; x_wconf 75' lang='grc' dir='ltr'><strong>καὶ</strong></span> <span class='ocrx_word' id='word_1_245' title='bbox 1115 2977 1171 3027; x_wconf 82' lang='grc' dir='ltr'><strong>ἐν</strong></span> <span class='ocrx_word' id='word_1_246' title='bbox 1220 2976 1366 3046; x_wconf 76' lang='grc' dir='ltr'><strong>αὐτῷ</strong></span> <span class='ocrx_word' id='word_1_247' title='bbox 1421 2977 1516 3030; x_wconf 79' lang='grc' dir='ltr'>καὶ</span> <span class='ocrx_word' id='word_1_248' title='bbox 1571 2977 1758 3032; x_wconf 84' lang='grc' dir='ltr'>τοῦτον</span> <span class='ocrx_word' id='word_1_249' title='bbox 1811 2978 1958 3040; x_wconf 73' lang='grc' dir='ltr'>ὄντα,</span> 
     </span>
    </p>
   </div>
   <div class='ocr_carea' id='block_1_33' title="bbox 392 3064 1957 3139">
    <p class='ocr_par' dir='ltr' id='par_1_33' title="bbox 392 3064 1957 3139">
     <span class='ocr_line' id='line_1_33' title="bbox 392 3064 1957 3139; baseline 0.004 -23"><span class='ocrx_word' id='word_1_250' title='bbox 392 3064 488 3117; x_wconf 77' lang='grc' dir='ltr'>καὶ</span> <span class='ocrx_word' id='word_1_251' title='bbox 553 3067 921 3136; x_wconf 83' lang='grc' dir='ltr'>συμπροῖόντα</span> <span class='ocrx_word' id='word_1_252' title='bbox 988 3067 1119 3136; x_wconf 86' lang='grc' dir='ltr'>παρ’</span> <span class='ocrx_word' id='word_1_253' title='bbox 1136 3066 1300 3120; x_wconf 82' lang='grc' dir='ltr'>αὑτοῦ</span> <span class='ocrx_word' id='word_1_254' title='bbox 1361 3068 1438 3139; x_wconf 84' lang='grc' dir='ltr'>τῷ</span> <span class='ocrx_word' id='word_1_255' title='bbox 1494 3069 1756 3139; x_wconf 80' lang='grc' dir='ltr'>ὲνδοτάτῳ</span> <span class='ocrx_word' id='word_1_256' title='bbox 1798 3069 1957 3138; x_wconf 68' lang='grc' dir='ltr'>λόγῳ.</span> 
     </span>
    </p>
   </div>
   <div class='ocr_carea' id='block_1_34' title="bbox 395 3159 2036 3243">
    <p class='ocr_par' dir='ltr' id='par_1_34' title="bbox 395 3159 2036 3243">
     <span class='ocr_line' id='line_1_34' title="bbox 395 3159 2036 3243; baseline 0.001 -32"><span class='ocrx_word' id='word_1_257' title='bbox 395 3159 503 3211; x_wconf 72' lang='grc' dir='ltr'>Καὶ</span> <span class='ocrx_word' id='word_1_258' title='bbox 530 3159 721 3211; x_wconf 80' lang='grc' dir='ltr'>τούτου</span> <span class='ocrx_word' id='word_1_259' title='bbox 759 3160 955 3227; x_wconf 87' lang='grc' dir='ltr'>δεῖγμα</span> <span class='ocrx_word' id='word_1_260' title='bbox 1006 3161 1423 3229; x_wconf 80' lang='grc' dir='ltr'>ἐναργέστατον,</span> <span class='ocrx_word' id='word_1_261' title='bbox 1467 3161 1560 3214; x_wconf 74' lang='grc' dir='ltr'><strong>καὶ</strong></span> <span class='ocrx_word' id='word_1_262' title='bbox 1586 3165 1714 3230; x_wconf 36' lang='grc' dir='ltr'>’τοῖς</span> <span class='ocrx_word' id='word_1_263' title='bbox 1766 3163 1839 3232; x_wconf 78' lang='grc' dir='ltr'>μὴ</span> <span class='ocrx_word' id='word_1_264' title='bbox 1896 3165 1959 3215; x_wconf 75' lang='grc' dir='ltr'><strong>τὰ</strong></span> <span class='ocrx_word' id='word_1_265' title='bbox 1990 3180 2036 3243; x_wconf 78' lang='lat' dir='ltr'>c</span> 
     </span>
    </p>
   </div>
   <div class='ocr_carea' id='block_1_35' title="bbox 393 3250 1962 3323">
    <p class='ocr_par' dir='ltr' id='par_1_35' title="bbox 393 3250 1962 3323">
     <span class='ocr_line' id='line_1_35' title="bbox 393 3250 1962 3323; baseline 0.002 -21"><span class='ocrx_word' id='word_1_266' title='bbox 393 3250 660 3302; x_wconf 71' lang='grc' dir='ltr'>ἐνδοτάτω</span> <span class='ocrx_word' id='word_1_267' title='bbox 685 3251 892 3302; x_wconf 76' lang='grc' dir='ltr'>ἑαυτῶν</span> <span class='ocrx_word' id='word_1_268' title='bbox 945 3251 1260 3320; x_wconf 78' lang='grc' dir='ltr'>δυναμένοις</span> <span class='ocrx_word' id='word_1_269' title='bbox 1310 3253 1568 3323; x_wconf 80' lang='grc' dir='ltr'>καθορᾷν,</span> <span class='ocrx_word' id='word_1_270' title='bbox 1633 3255 1664 3323; x_wconf 82' lang='grc' dir='ltr'>ἡ</span> <span class='ocrx_word' id='word_1_271' title='bbox 1715 3255 1849 3322; x_wconf 82' lang='grc' dir='ltr'>πρὸς</span> <span class='ocrx_word' id='word_1_272' title='bbox 1902 3254 1962 3305; x_wconf 87' lang='grc' dir='ltr'><strong>τὸ</strong></span> 
     </span>
    </p>
   </div>
   <div class='ocr_carea' id='block_1_36' title="bbox 392 3340 1956 3410">
    <p class='ocr_par' dir='ltr' id='par_1_36' title="bbox 392 3340 1956 3410">
     <span class='ocr_line' id='line_1_36' title="bbox 392 3340 1956 3410; baseline 0.001 -18"><span class='ocrx_word' id='word_1_273' title='bbox 392 3341 590 3394; x_wconf 80' lang='grc' dir='ltr'>εἰδέναι</span> <span class='ocrx_word' id='word_1_274' title='bbox 637 3341 744 3392; x_wconf 88' lang='grc' dir='ltr'><strong>τῶν</strong></span> <span class='ocrx_word' id='word_1_275' title='bbox 807 3340 1109 3409; x_wconf 85' lang='grc' dir='ltr'>ἀνθρώπων</span> <span class='ocrx_word' id='word_1_276' title='bbox 1163 3342 1457 3410; x_wconf 84' lang='grc' dir='ltr'>ἀκόρεστος</span> <span class='ocrx_word' id='word_1_277' title='bbox 1497 3343 1716 3409; x_wconf 78' lang='grc' dir='ltr'>ἔφεσιςο</span> <span class='ocrx_word' id='word_1_278' title='bbox 1762 3343 1956 3395; x_wconf 81' lang='grc' dir='ltr'>ἀλλ’ὲν</span> 
     </span>
    </p>
   </div>
   <div class='ocr_carea' id='block_1_37' title="bbox 389 3430 1954 3503">
    <p class='ocr_par' dir='ltr' id='par_1_37' title="bbox 389 3430 1954 3503">
     <span class='ocr_line' id='line_1_37' title="bbox 389 3430 1954 3503; baseline 0.002 -21"><span class='ocrx_word' id='word_1_279' title='bbox 389 3431 581 3500; x_wconf 73' lang='grc' dir='ltr'>ἐκείνῳ</span> <span class='ocrx_word' id='word_1_280' title='bbox 605 3430 682 3500; x_wconf 82' lang='grc' dir='ltr'>τῷ</span> <span class='ocrx_word' id='word_1_281' title='bbox 715 3431 1131 3500; x_wconf 64' lang='grc' dir='ltr'>ἀρχετύπῳεέν</span> <span class='ocrx_word' id='word_1_282' title='bbox 1175 3434 1357 3503; x_wconf 73' lang='grc' dir='ltr'>ἐκείνῃ</span> <span class='ocrx_word' id='word_1_283' title='bbox 1409 3437 1472 3502; x_wconf 78' lang='grc' dir='ltr'>τῇ</span> <span class='ocrx_word' id='word_1_284' title='bbox 1515 3433 1814 3503; x_wconf 78' lang='grc' dir='ltr'>παντελείῳ</span> <span class='ocrx_word' id='word_1_285' title='bbox 1864 3434 1954 3485; x_wconf 74' lang='grc' dir='ltr'>καὶ</span> 
     </span>
    </p>
   </div>
   <div class='ocr_carea' id='block_1_38' title="bbox 392 3511 1956 3592">
    <p class='ocr_par' dir='ltr' id='par_1_38' title="bbox 392 3511 1956 3592">
     <span class='ocr_line' id='line_1_38' title="bbox 392 3511 1956 3592; baseline 0.003 -22"><span class='ocrx_word' id='word_1_286' title='bbox 392 3511 678 3586; x_wconf 76' lang='grc' dir='ltr'>ὑπερτελεί</span> <span class='ocrx_word' id='word_1_287' title='bbox 703 3519 1024 3586; x_wconf 75' lang='grc' dir='ltr'>ἀγαθότητι,</span> <span class='ocrx_word' id='word_1_288' title='bbox 1078 3521 1209 3590; x_wconf 89' lang='grc' dir='ltr'>παρ’</span> <span class='ocrx_word' id='word_1_289' title='bbox 1335 3523 1500 3590; x_wconf 80' lang='grc' dir='ltr'>μηδὲν</span> <span class='ocrx_word' id='word_1_290' title='bbox 1546 3522 1734 3584; x_wconf 81' lang='grc' dir='ltr'>ἀτελές</span> <span class='ocrx_word' id='word_1_291' title='bbox 1771 3539 1786 3553; x_wconf 77' lang='grc' dir='ltr'><strong><em>ο</em></strong></span> <span class='ocrx_word' id='word_1_292' title='bbox 1819 3525 1956 3592; x_wconf 77' lang='grc' dir='ltr'>πλὴν</span> 
     </span>
    </p>
   </div>
   <div class='ocr_carea' id='block_1_39' title="bbox 386 3605 1956 3684">
    <p class='ocr_par' dir='ltr' id='par_1_39' title="bbox 386 3605 1956 3684">
     <span class='ocr_line' id='line_1_39' title="bbox 386 3605 1956 3684; baseline 0.001 -22"><span class='ocrx_word' id='word_1_293' title='bbox 386 3610 482 3663; x_wconf 82' lang='grc' dir='ltr'><strong>τοῦ</strong></span> <span class='ocrx_word' id='word_1_294' title='bbox 516 3610 575 3674; x_wconf 81' lang='grc' dir='ltr'><strong>ἐξ</strong></span> <span class='ocrx_word' id='word_1_295' title='bbox 602 3610 774 3679; x_wconf 82' lang='grc' dir='ltr'>αὐτῆς</span> <span class='ocrx_word' id='word_1_296' title='bbox 820 3605 980 3676; x_wconf 77' lang='grc' dir='ltr'>εἶναι,</span> <span class='ocrx_word' id='word_1_297' title='bbox 1042 3612 1219 3664; x_wconf 83' lang='grc' dir='ltr'>πάντα</span> <span class='ocrx_word' id='word_1_298' title='bbox 1269 3612 1420 3663; x_wconf 77' lang='grc' dir='ltr'>ἐστὶν</span> <span class='ocrx_word' id='word_1_299' title='bbox 1470 3612 1956 3684; x_wconf 81' lang='grc' dir='ltr'>ἀπαραλλάκτωςό</span> 
     </span>
    </p>
   </div>
   <div class='ocr_carea' id='block_1_40' title="bbox 390 3701 1954 3774">
    <p class='ocr_par' dir='ltr' id='par_1_40' title="bbox 390 3701 1954 3774">
     <span class='ocr_line' id='line_1_40' title="bbox 390 3701 1954 3774; baseline 0.002 -21"><span class='ocrx_word' id='word_1_300' title='bbox 390 3701 531 3764; x_wconf 86' lang='grc' dir='ltr'>θεῖος</span> <span class='ocrx_word' id='word_1_301' title='bbox 555 3701 692 3772; x_wconf 75' lang='grc' dir='ltr'>ἔρως</span> <span class='ocrx_word' id='word_1_302' title='bbox 720 3702 820 3754; x_wconf 85' lang='grc' dir='ltr'>ὃσα</span> <span class='ocrx_word' id='word_1_303' title='bbox 846 3701 1028 3770; x_wconf 83' lang='grc' dir='ltr'>ἐκείνη</span> <span class='ocrx_word' id='word_1_304' title='bbox 1061 3719 1074 3732; x_wconf 88' lang='grc'><strong>·</strong></span> <span class='ocrx_word' id='word_1_305' title='bbox 1113 3701 1181 3754; x_wconf 78' lang='grc' dir='ltr'>δι’</span> <span class='ocrx_word' id='word_1_306' title='bbox 1209 3702 1236 3754; x_wconf 88' lang='grc' dir='ltr'><strong>ὂ</strong></span> <span class='ocrx_word' id='word_1_307' title='bbox 1295 3703 1388 3756; x_wconf 78' lang='grc' dir='ltr'>καὶ</span> <span class='ocrx_word' id='word_1_308' title='bbox 1426 3703 1646 3774; x_wconf 83' lang='grc' dir='ltr'>Πνεῦμα</span> <span class='ocrx_word' id='word_1_309' title='bbox 1671 3704 1842 3772; x_wconf 76' lang='grc' dir='ltr'>ἅγιον,</span> <span class='ocrx_word' id='word_1_310' title='bbox 1863 3704 1954 3758; x_wconf 82' lang='grc' dir='ltr'>καὶ</span> 
     </span>
    </p>
   </div>
   <div class='ocr_carea' id='block_1_41' title="bbox 392 3788 1958 3864">
    <p class='ocr_par' dir='ltr' id='par_1_41' title="bbox 392 3788 1958 3864">
     <span class='ocr_line' id='line_1_41' title="bbox 392 3788 1958 3864; baseline 0.001 -20"><span class='ocrx_word' id='word_1_311' title='bbox 392 3793 749 3862; x_wconf 84' lang='grc' dir='ltr'>ιιαράκλητος</span> <span class='ocrx_word' id='word_1_312' title='bbox 775 3791 952 3857; x_wconf 76' lang='grc' dir='ltr'>ἄλλος,</span> <span class='ocrx_word' id='word_1_313' title='bbox 979 3788 1128 3856; x_wconf 80' lang='grc' dir='ltr'>οὗτος</span> <span class='ocrx_word' id='word_1_314' title='bbox 1149 3791 1260 3846; x_wconf 73' lang='grc' dir='ltr'>εστι</span> <span class='ocrx_word' id='word_1_315' title='bbox 1292 3810 1348 3846; x_wconf 89' lang='grc' dir='ltr'><strong>τε</strong></span> <span class='ocrx_word' id='word_1_316' title='bbox 1389 3793 1482 3847; x_wconf 80' lang='grc' dir='ltr'>καὶ</span> <span class='ocrx_word' id='word_1_317' title='bbox 1510 3795 1638 3863; x_wconf 79' lang='grc' dir='ltr'>παρ’</span> <span class='ocrx_word' id='word_1_318' title='bbox 1659 3794 1818 3864; x_wconf 79' lang='grc' dir='ltr'>ἡμῶν</span> <span class='ocrx_word' id='word_1_319' title='bbox 1861 3812 1958 3846; x_wconf 82' lang='grc' dir='ltr'><strong>κα-</strong></span> 
     </span>
    </p>
   </div>
   <div class='ocr_carea' id='block_1_42' title="bbox 387 3882 1958 3955">
    <p class='ocr_par' dir='ltr' id='par_1_42' title="bbox 387 3882 1958 3955">
     <span class='ocr_line' id='line_1_42' title="bbox 387 3882 1958 3955; baseline 0.002 -22"><span class='ocrx_word' id='word_1_320' title='bbox 387 3882 580 3948; x_wconf 82' lang='grc' dir='ltr'>λεῖται,</span> <span class='ocrx_word' id='word_1_321' title='bbox 635 3883 710 3945; x_wconf 84' lang='grc' dir='ltr'>ὡς</span> <span class='ocrx_word' id='word_1_322' title='bbox 768 3887 846 3952; x_wconf 88' lang='grc' dir='ltr'>τῷ</span> <span class='ocrx_word' id='word_1_323' title='bbox 888 3883 1048 3952; x_wconf 84' lang='grc' dir='ltr'>Λόγῳ</span> <span class='ocrx_word' id='word_1_324' title='bbox 1115 3886 1629 3955; x_wconf 59' lang='grc' dir='ltr'>συμπαρομαρτῶν</span> <span class='ocrx_word' id='word_1_325' title='bbox 1681 3885 1748 3938; x_wconf 74' lang='grc' dir='ltr'><strong>ἶν’</strong></span> <span class='ocrx_word' id='word_1_326' title='bbox 1795 3887 1958 3954; x_wconf 71' lang='grc' dir='ltr'>ἡμεῖς</span> 
     </span>
    </p>
   </div>
   <div class='ocr_carea' id='block_1_43' title="bbox 390 3975 1958 4047">
    <p class='ocr_par' dir='ltr' id='par_1_43' title="bbox 390 3975 1958 4047">
     <span class='ocr_line' id='line_1_43' title="bbox 390 3975 1958 4047; baseline 0.003 -21"><span class='ocrx_word' id='word_1_327' title='bbox 390 3975 706 4045; x_wconf 78' lang='grc' dir='ltr'>ἐπιγνῶμεν</span> <span class='ocrx_word' id='word_1_328' title='bbox 744 3975 870 4028; x_wconf 79' lang='grc' dir='ltr'>ὂντα</span> <span class='ocrx_word' id='word_1_329' title='bbox 906 3975 1132 4036; x_wconf 86' lang='grc' dir='ltr'>τέλειον,</span> <span class='ocrx_word' id='word_1_330' title='bbox 1161 3977 1218 4028; x_wconf 84' lang='grc' dir='ltr'>ὲν</span> <span class='ocrx_word' id='word_1_331' title='bbox 1252 3977 1547 4030; x_wconf 81' lang='grc' dir='ltr'>ὑποστάσει</span> <span class='ocrx_word' id='word_1_332' title='bbox 1581 3976 1762 4047; x_wconf 78' lang='grc' dir='ltr'>τελείᾳ</span> <span class='ocrx_word' id='word_1_333' title='bbox 1785 3995 1840 4029; x_wconf 88' lang='grc' dir='ltr'><strong>τε</strong></span> <span class='ocrx_word' id='word_1_334' title='bbox 1863 3978 1958 4030; x_wconf 73' lang='grc' dir='ltr'><strong>καὶ</strong></span> 
     </span>
    </p>
   </div>
   <div class='ocr_carea' id='block_1_44' title="bbox 389 4065 1956 4136">
    <p class='ocr_par' dir='ltr' id='par_1_44' title="bbox 389 4065 1956 4136">
     <span class='ocr_line' id='line_1_44' title="bbox 389 4065 1956 4136; baseline 0 -16"><span class='ocrx_word' id='word_1_335' title='bbox 389 4067 516 4136; x_wconf 75' lang='grc' dir='ltr'>ιδ’ᾳ,</span> <span class='ocrx_word' id='word_1_336' title='bbox 557 4066 696 4119; x_wconf 84' lang='grc' dir='ltr'><strong>κατά</strong></span> <span class='ocrx_word' id='word_1_337' title='bbox 725 4065 889 4136; x_wconf 82' lang='grc' dir='ltr'>μηδὲν</span> <span class='ocrx_word' id='word_1_338' title='bbox 920 4068 1013 4118; x_wconf 75' lang='grc' dir='ltr'><strong>καὶ</strong></span> <span class='ocrx_word' id='word_1_339' title='bbox 1036 4066 1198 4120; x_wconf 80' lang='grc' dir='ltr'>αὑτὸν</span> <span class='ocrx_word' id='word_1_340' title='bbox 1221 4067 1540 4136; x_wconf 83' lang='grc' dir='ltr'>λειπόμενον</span> <span class='ocrx_word' id='word_1_341' title='bbox 1587 4069 1686 4136; x_wconf 81' lang='grc' dir='ltr'>τῆς</span> <span class='ocrx_word' id='word_1_342' title='bbox 1716 4067 1811 4120; x_wconf 85' lang='grc' dir='ltr'><strong>τοῦ</strong></span> <span class='ocrx_word' id='word_1_343' title='bbox 1842 4069 1956 4120; x_wconf 81' lang='grc' dir='ltr'>Πα-</span> 
     </span>
    </p>
   </div>
   <div class='ocr_carea' id='block_1_45' title="bbox 384 4157 1957 4228">
    <p class='ocr_par' dir='ltr' id='par_1_45' title="bbox 384 4157 1957 4228">
     <span class='ocr_line' id='line_1_45' title="bbox 384 4157 1957 4228; baseline -0.001 -18"><span class='ocrx_word' id='word_1_344' title='bbox 384 4158 512 4227; x_wconf 75' lang='grc' dir='ltr'>τρδς</span> <span class='ocrx_word' id='word_1_345' title='bbox 536 4159 723 4221; x_wconf 76' lang='grc' dir='ltr'>οὐσίας</span> <span class='ocrx_word' id='word_1_346' title='bbox 747 4175 762 4189; x_wconf 80' lang='grc'><em>’</em></span> <span class='ocrx_word' id='word_1_347' title='bbox 804 4157 917 4210; x_wconf 89' lang='grc' dir='ltr'>ἀλλ’</span> <span class='ocrx_word' id='word_1_348' title='bbox 949 4159 1383 4228; x_wconf 72' lang='grc' dir='ltr'>ἀπαραλλάκτως</span> <span class='ocrx_word' id='word_1_349' title='bbox 1403 4159 1530 4210; x_wconf 80' lang='grc' dir='ltr'>ὄντα</span> <span class='ocrx_word' id='word_1_350' title='bbox 1567 4160 1658 4212; x_wconf 78' lang='grc' dir='ltr'><strong>τὸν</strong></span> <span class='ocrx_word' id='word_1_351' title='bbox 1689 4159 1851 4212; x_wconf 74' lang='grc' dir='ltr'>αὑτὸν</span> <span class='ocrx_word' id='word_1_352' title='bbox 1879 4157 1957 4228; x_wconf 81' lang='grc' dir='ltr'>τῷ</span> 
     </span>
    </p>
   </div>
   <div class='ocr_carea' id='block_1_46' title="bbox 384 4249 1958 4321">
    <p class='ocr_par' dir='ltr' id='par_1_46' title="bbox 384 4249 1958 4321">
     <span class='ocr_line' id='line_1_46' title="bbox 384 4249 1958 4321; baseline 0 -20"><span class='ocrx_word' id='word_1_353' title='bbox 384 4265 442 4301; x_wconf 87' lang='grc' dir='ltr'><strong>τε</strong></span> <span class='ocrx_word' id='word_1_354' title='bbox 476 4249 585 4318; x_wconf 71' lang='grc' dir='ltr'>Υιῴ</span> <span class='ocrx_word' id='word_1_355' title='bbox 613 4250 700 4300; x_wconf 78' lang='grc' dir='ltr'><strong>καὶ</strong></span> <span class='ocrx_word' id='word_1_356' title='bbox 728 4250 805 4318; x_wconf 81' lang='grc' dir='ltr'><strong>τῷ</strong></span> <span class='ocrx_word' id='word_1_357' title='bbox 831 4249 1025 4319; x_wconf 75' lang='grc' dir='ltr'>Πατρὶ,</span> <span class='ocrx_word' id='word_1_358' title='bbox 1075 4251 1123 4301; x_wconf 82' lang='grc' dir='ltr'>εἰ</span> <span class='ocrx_word' id='word_1_359' title='bbox 1155 4251 1247 4301; x_wconf 81' lang='grc' dir='ltr'>καὶ</span> <span class='ocrx_word' id='word_1_360' title='bbox 1276 4251 1350 4318; x_wconf 86' lang='grc' dir='ltr'>μὴ</span> <span class='ocrx_word' id='word_1_361' title='bbox 1399 4249 1522 4301; x_wconf 78' lang='grc' dir='ltr'>καθ’</span> <span class='ocrx_word' id='word_1_362' title='bbox 1545 4249 1862 4311; x_wconf 85' lang='grc' dir='ltr'>ὑπόστασιν,</span> <span class='ocrx_word' id='word_1_363' title='bbox 1895 4249 1958 4321; x_wconf 77' lang='grc' dir='ltr'><strong>ἤ-</strong></span> 
     </span>
    </p>
   </div>
   <div class='ocr_carea' id='block_1_47' title="bbox 383 4335 1956 4407">
    <p class='ocr_par' dir='ltr' id='par_1_47' title="bbox 383 4335 1956 4407">
     <span class='ocr_line' id='line_1_47' title="bbox 383 4335 1956 4407; baseline 0.003 -19"><span class='ocrx_word' id='word_1_364' title='bbox 383 4351 464 4399; x_wconf 83' lang='grc' dir='ltr'><strong>τις</strong></span> <span class='ocrx_word' id='word_1_365' title='bbox 496 4337 561 4389; x_wconf 79' lang='grc' dir='ltr'><strong>ἐκ</strong></span> <span class='ocrx_word' id='word_1_366' title='bbox 587 4336 682 4388; x_wconf 86' lang='grc' dir='ltr'><strong>τοῦ</strong></span> <span class='ocrx_word' id='word_1_367' title='bbox 714 4336 847 4389; x_wconf 79' lang='grc' dir='ltr'>Θεοῦ</span> <span class='ocrx_word' id='word_1_368' title='bbox 873 4337 1190 4407; x_wconf 88' lang='grc' dir='ltr'>θεοπρεπῶς</span> <span class='ocrx_word' id='word_1_369' title='bbox 1215 4337 1557 4404; x_wconf 82' lang='grc' dir='ltr'>ἐκπορευτῶς</span> <span class='ocrx_word' id='word_1_370' title='bbox 1582 4335 1721 4390; x_wconf 74' lang='grc' dir='ltr'>εἶναι</span> <span class='ocrx_word' id='word_1_371' title='bbox 1769 4339 1956 4392; x_wconf 83' lang='grc' dir='ltr'>τοῦτον</span> 
     </span>
    </p>
   </div>
   <div class='ocr_carea' id='block_1_48' title="bbox 387 4427 1954 4498">
    <p class='ocr_par' dir='ltr' id='par_1_48' title="bbox 387 4427 1954 4498">
     <span class='ocr_line' id='line_1_48' title="bbox 387 4427 1954 4498; baseline 0.001 -18"><span class='ocrx_word' id='word_1_372' title='bbox 387 4427 714 4497; x_wconf 83' lang='grc' dir='ltr'>παρίστησιν</span> <span class='ocrx_word' id='word_1_373' title='bbox 744 4427 876 4496; x_wconf 79' lang='grc' dir='ltr'>ἡμῖν</span> <span class='ocrx_word' id='word_1_374' title='bbox 901 4445 912 4456; x_wconf 93' lang='grc'><strong>·</strong></span> <span class='ocrx_word' id='word_1_375' title='bbox 945 4428 1039 4480; x_wconf 70' lang='grc' dir='ltr'>καὶ</span> <span class='ocrx_word' id='word_1_376' title='bbox 1070 4428 1354 4497; x_wconf 79' lang='grc' dir='ltr'>σεφθῶμεν</span> <span class='ocrx_word' id='word_1_377' title='bbox 1402 4427 1496 4479; x_wconf 71' lang='grc' dir='ltr'><strong>ἕνα</strong></span> <span class='ocrx_word' id='word_1_378' title='bbox 1525 4428 1657 4481; x_wconf 83' lang='grc' dir='ltr'>Θεὸν</span> <span class='ocrx_word' id='word_1_379' title='bbox 1691 4429 1863 4498; x_wconf 80' lang='grc' dir='ltr'>ἀληθή</span> <span class='ocrx_word' id='word_1_380' title='bbox 1895 4446 1954 4481; x_wconf 90' lang='grc' dir='ltr'><strong>τε</strong></span> 
     </span>
    </p>
   </div>
   <div class='ocr_carea' id='block_1_49' title="bbox 2080 588 3657 659">
    <p class='ocr_par' dir='ltr' id='par_1_49' title="bbox 2080 588 3657 659">
     <span class='ocr_line' id='line_1_49' title="bbox 2080 588 3657 659; baseline -0.001 -15"><span class='ocrx_word' id='word_1_381' title='bbox 2080 593 2300 659; x_wconf 84' lang='lat' dir='ltr'><strong>quidam</strong></span> <span class='ocrx_word' id='word_1_382' title='bbox 2358 590 2636 646; x_wconf 83' lang='lat' dir='ltr'><strong>Geuitoris</strong></span> <span class='ocrx_word' id='word_1_383' title='bbox 2667 604 2794 658; x_wconf 78' lang='lat' dir='ltr'><strong>erga</strong></span> <span class='ocrx_word' id='word_1_384' title='bbox 2850 588 3202 642; x_wconf 80' lang='lat' dir='ltr'><strong>ineﬂ&#39;abiliter</strong></span> <span class='ocrx_word' id='word_1_385' title='bbox 3231 591 3473 658; x_wconf 73' lang='lat' dir='ltr'><strong>genitum</strong></span> <span class='ocrx_word' id='word_1_386' title='bbox 3525 589 3657 643; x_wconf 85' lang='lat' dir='ltr'><strong>illud</strong></span> 
     </span>
    </p>
   </div>
   <div class='ocr_carea' id='block_1_50' title="bbox 2083 681 3648 750">
    <p class='ocr_par' dir='ltr' id='par_1_50' title="bbox 2083 681 3648 750">
     <span class='ocr_line' id='line_1_50' title="bbox 2083 681 3648 750; baseline -0.003 -12"><span class='ocrx_word' id='word_1_387' title='bbox 2083 684 2316 738; x_wconf 89' lang='lat' dir='ltr'><strong>Verbum</strong></span> <span class='ocrx_word' id='word_1_388' title='bbox 2361 696 2538 744; x_wconf 89' lang='lat' dir='ltr'><strong>amor,</strong></span> <span class='ocrx_word' id='word_1_389' title='bbox 2580 696 2686 750; x_wconf 86' lang='lat' dir='ltr'><strong>quo</strong></span> <span class='ocrx_word' id='word_1_390' title='bbox 2718 681 2896 750; x_wconf 90' lang='lat' dir='ltr'><strong>ipsum</strong></span> <span class='ocrx_word' id='word_1_391' title='bbox 2933 681 3111 734; x_wconf 88' lang='lat' dir='ltr'><strong>Patris</strong></span> <span class='ocrx_word' id='word_1_392' title='bbox 3147 681 3380 736; x_wconf 80' lang='lat' dir='ltr'><strong>amabile</strong></span> <span class='ocrx_word' id='word_1_393' title='bbox 3409 681 3648 734; x_wconf 85' lang='lat' dir='ltr'><strong>Verbum</strong></span> 
     </span>
    </p>
   </div>
   <div class='ocr_carea' id='block_1_51' title="bbox 2077 773 3656 844">
    <p class='ocr_par' dir='ltr' id='par_1_51' title="bbox 2077 773 3656 844">
     <span class='ocr_line' id='line_1_51' title="bbox 2077 773 3656 844; baseline -0.002 -13"><span class='ocrx_word' id='word_1_394' title='bbox 2077 789 2132 831; x_wconf 86' lang='lat' dir='ltr'><strong>et</strong></span> <span class='ocrx_word' id='word_1_395' title='bbox 2189 775 2356 829; x_wconf 86' lang='lat' dir='ltr'><strong>Filius</strong></span> <span class='ocrx_word' id='word_1_396' title='bbox 2410 775 2707 844; x_wconf 72' lang='lat' dir='ltr'><strong>genitorem</strong></span> <span class='ocrx_word' id='word_1_397' title='bbox 2767 773 3036 837; x_wconf 87' lang='lat' dir='ltr'><strong>redamat,</strong></span> <span class='ocrx_word' id='word_1_398' title='bbox 3070 784 3124 827; x_wconf 89' lang='lat' dir='ltr'><strong>et</strong></span> <span class='ocrx_word' id='word_1_399' title='bbox 3190 789 3357 842; x_wconf 88' lang='lat' dir='ltr'><strong>quem</strong></span> <span class='ocrx_word' id='word_1_400' title='bbox 3394 774 3558 828; x_wconf 86' lang='lat' dir='ltr'><strong>habet.</strong></span> <span class='ocrx_word' id='word_1_401' title='bbox 3598 783 3656 828; x_wconf 87' lang='grc' dir='ltr'><strong>ιιι</strong></span> 
     </span>
    </p>
   </div>
   <div class='ocr_carea' id='block_1_52' title="bbox 2079 865 3658 935">
    <p class='ocr_par' dir='ltr' id='par_1_52' title="bbox 2079 865 3658 935">
     <span class='ocr_line' id='line_1_52' title="bbox 2079 865 3658 935; baseline -0.001 -15"><span class='ocrx_word' id='word_1_402' title='bbox 2079 882 2265 921; x_wconf 84' lang='lat' dir='ltr'><strong>secum</strong></span> <span class='ocrx_word' id='word_1_403' title='bbox 2291 883 2354 920; x_wconf 80' lang='lat' dir='ltr'><strong>ex</strong></span> <span class='ocrx_word' id='word_1_404' title='bbox 2390 867 2550 920; x_wconf 78' lang='lat' dir='ltr'><strong>Patre</strong></span> <span class='ocrx_word' id='word_1_405' title='bbox 2604 867 2989 933; x_wconf 89' lang='lat' dir='ltr'><strong>procedentem</strong></span> <span class='ocrx_word' id='word_1_406' title='bbox 3037 874 3091 919; x_wconf 80' lang='lat' dir='ltr'><strong>et</strong></span> <span class='ocrx_word' id='word_1_407' title='bbox 3138 867 3328 920; x_wconf 90' lang='lat' dir='ltr'><strong>intime</strong></span> <span class='ocrx_word' id='word_1_408' title='bbox 3374 865 3427 918; x_wconf 92' lang='lat' dir='ltr'><strong>iu</strong></span> <span class='ocrx_word' id='word_1_409' title='bbox 3473 867 3658 935; x_wconf 87' lang='lat' dir='ltr'><strong>seipso</strong></span> 
     </span>
    </p>
   </div>
   <div class='ocr_carea' id='block_1_53' title="bbox 2081 957 3653 1028">
    <p class='ocr_par' dir='ltr' id='par_1_53' title="bbox 2081 957 3653 1028">
     <span class='ocr_line' id='line_1_53' title="bbox 2081 957 3653 1028; baseline -0.002 -15"><span class='ocrx_word' id='word_1_410' title='bbox 2081 961 2538 1028; x_wconf 85' lang='lat' dir='ltr'><strong>requiesceutcm.</strong></span> <span class='ocrx_word' id='word_1_411' title='bbox 2581 959 2734 1025; x_wconf 88' lang='lat' dir='ltr'><strong>Quod</strong></span> <span class='ocrx_word' id='word_1_412' title='bbox 2787 959 3008 1028; x_wconf 84' lang='lat' dir='ltr'><strong>quidem</strong></span> <span class='ocrx_word' id='word_1_413' title='bbox 3043 957 3276 1011; x_wconf 85' lang='lat' dir='ltr'><strong>Verbum</strong></span> <span class='ocrx_word' id='word_1_414' title='bbox 3355 957 3653 1011; x_wconf 81' lang='lat' dir='ltr'><strong>carnaliter</strong></span> 
     </span>
    </p>
   </div>
   <div class='ocr_carea' id='block_1_54' title="bbox 2080 1049 3654 1117">
    <p class='ocr_par' dir='ltr' id='par_1_54' title="bbox 2080 1049 3654 1117">
     <span class='ocr_line' id='line_1_54' title="bbox 2080 1049 3654 1117; baseline -0.003 -12"><span class='ocrx_word' id='word_1_415' title='bbox 2080 1053 2240 1108; x_wconf 89' lang='lat' dir='ltr'><strong>nobis</strong></span> <span class='ocrx_word' id='word_1_416' title='bbox 2264 1062 2641 1107; x_wconf 83' lang='lat' dir='ltr'><strong>conversatum</strong></span> <span class='ocrx_word' id='word_1_417' title='bbox 2679 1067 2781 1106; x_wconf 92' lang='lat' dir='ltr'><strong>nos</strong></span> <span class='ocrx_word' id='word_1_418' title='bbox 2812 1052 2995 1104; x_wconf 80' lang='lat' dir='ltr'><strong>docuit</strong></span> <span class='ocrx_word' id='word_1_419' title='bbox 3028 1066 3224 1104; x_wconf 82' lang='lat' dir='ltr'><strong>nomen</strong></span> <span class='ocrx_word' id='word_1_420' title='bbox 3261 1049 3481 1104; x_wconf 84' lang='lat' dir='ltr'><strong>alterius</strong></span> <span class='ocrx_word' id='word_1_421' title='bbox 3529 1063 3622 1117; x_wconf 87' lang='lat' dir='ltr'><strong>per</strong></span> <span class='ocrx_word' id='word_1_422' title='bbox 3649 1078 3654 1082; x_wconf 95' lang='lat'><strong><em>-</em></strong></span> 
     </span>
    </p>
   </div>
   <div class='ocr_carea' id='block_1_55' title="bbox 2079 1143 3656 1213">
    <p class='ocr_par' dir='ltr' id='par_1_55' title="bbox 2079 1143 3656 1213">
     <span class='ocr_line' id='line_1_55' title="bbox 2079 1143 3656 1213; baseline -0.001 -13"><span class='ocrx_word' id='word_1_423' title='bbox 2079 1161 2227 1200; x_wconf 68' lang='lat' dir='ltr'><strong>sonte</strong></span> <span class='ocrx_word' id='word_1_424' title='bbox 2257 1145 2401 1200; x_wconf 90' lang='lat' dir='ltr'><strong>illius</strong></span> <span class='ocrx_word' id='word_1_425' title='bbox 2449 1161 2476 1198; x_wconf 88' lang='lat' dir='ltr'><strong>a</strong></span> <span class='ocrx_word' id='word_1_426' title='bbox 2503 1144 2661 1198; x_wconf 80' lang='lat' dir='ltr'><strong>Patre</strong></span> <span class='ocrx_word' id='word_1_427' title='bbox 2691 1145 3057 1213; x_wconf 77' lang='lat' dir='ltr'><strong>procedentis.</strong></span> <span class='ocrx_word' id='word_1_428' title='bbox 3121 1144 3340 1198; x_wconf 89' lang='lat' dir='ltr'><strong>scilicet.</strong></span> <span class='ocrx_word' id='word_1_429' title='bbox 3365 1143 3656 1212; x_wconf 71' lang='lat' dir='ltr'><strong>:Spiritns,</strong></span> 
     </span>
    </p>
   </div>
   <div class='ocr_carea' id='block_1_56' title="bbox 2079 1233 3658 1302">
    <p class='ocr_par' dir='ltr' id='par_1_56' title="bbox 2079 1233 3658 1302">
     <span class='ocr_line' id='line_1_56' title="bbox 2079 1233 3658 1302; baseline -0.003 -11"><span class='ocrx_word' id='word_1_430' title='bbox 2079 1246 2135 1292; x_wconf 88' lang='lat' dir='ltr'><strong>et</strong></span> <span class='ocrx_word' id='word_1_431' title='bbox 2165 1239 2304 1290; x_wconf 89' lang='lat' dir='ltr'><strong>hunc</strong></span> <span class='ocrx_word' id='word_1_432' title='bbox 2335 1251 2455 1290; x_wconf 89' lang='lat' dir='ltr'><strong>esse</strong></span> <span class='ocrx_word' id='word_1_433' title='bbox 2483 1250 2588 1289; x_wconf 82' lang='lat' dir='ltr'><strong>non</strong></span> <span class='ocrx_word' id='word_1_434' title='bbox 2624 1237 2802 1290; x_wconf 88' lang='lat' dir='ltr'><strong>solum</strong></span> <span class='ocrx_word' id='word_1_435' title='bbox 2833 1234 3034 1296; x_wconf 88' lang='lat' dir='ltr'><strong>Patris,</strong></span> <span class='ocrx_word' id='word_1_436' title='bbox 3099 1233 3194 1288; x_wconf 88' lang='lat' dir='ltr'><strong>sed</strong></span> <span class='ocrx_word' id='word_1_437' title='bbox 3257 1244 3314 1288; x_wconf 84' lang='lat' dir='ltr'><strong>et</strong></span> <span class='ocrx_word' id='word_1_438' title='bbox 3369 1234 3658 1302; x_wconf 82' lang='lat' dir='ltr'><strong>suiipsius.</strong></span> 
     </span>
    </p>
   </div>
   <div class='ocr_carea' id='block_1_57' title="bbox 2080 1325 3655 1395">
    <p class='ocr_par' dir='ltr' id='par_1_57' title="bbox 2080 1325 3655 1395">
     <span class='ocr_line' id='line_1_57' title="bbox 2080 1325 3655 1395; baseline -0.003 -15"><span class='ocrx_word' id='word_1_439' title='bbox 2080 1325 2225 1380; x_wconf 87' lang='lat' dir='ltr'><strong>Dicit</strong></span> <span class='ocrx_word' id='word_1_440' title='bbox 2277 1328 2422 1380; x_wconf 90' lang='lat' dir='ltr'><strong>enim</strong></span> <span class='ocrx_word' id='word_1_441' title='bbox 2464 1325 2508 1356; x_wconf 84' lang='grc'><strong>¹⁸</strong></span> <span class='ocrx_word' id='word_1_442' title='bbox 2544 1344 2557 1380; x_wconf 91' lang='lat'>:</span> <span class='ocrx_word' id='word_1_443' title='bbox 2590 1345 2608 1378; x_wconf 84' lang='grc' dir='ltr'><strong>ι</strong></span> <span class='ocrx_word' id='word_1_444' title='bbox 2666 1325 2928 1395; x_wconf 87' lang='lat' dir='ltr'><strong>Spiritum</strong></span> <span class='ocrx_word' id='word_1_445' title='bbox 2965 1326 3244 1385; x_wconf 82' lang='lat' dir='ltr'><strong>veritatis,</strong></span> <span class='ocrx_word' id='word_1_446' title='bbox 3304 1326 3395 1393; x_wconf 89' lang='lat' dir='ltr'><strong>qni</strong></span> <span class='ocrx_word' id='word_1_447' title='bbox 3430 1342 3457 1375; x_wconf 90' lang='lat' dir='ltr'><strong>a</strong></span> <span class='ocrx_word' id='word_1_448' title='bbox 3493 1325 3655 1379; x_wconf 81' lang='lat' dir='ltr'><strong>Patre</strong></span> 
     </span>
    </p>
   </div>
   <div class='ocr_carea' id='block_1_58' title="bbox 2081 1417 3653 1488">
    <p class='ocr_par' dir='ltr' id='par_1_58' title="bbox 2081 1417 3653 1488">
     <span class='ocr_line' id='line_1_58' title="bbox 2081 1417 3653 1488; baseline -0.003 -16"><span class='ocrx_word' id='word_1_449' title='bbox 2081 1421 2351 1487; x_wconf 84' lang='lat' dir='ltr'><strong>procedit,</strong></span> <span class='ocrx_word' id='word_1_450' title='bbox 2394 1438 2412 1471; x_wconf 74' lang='grc' dir='ltr'><strong>ι</strong></span> <span class='ocrx_word' id='word_1_451' title='bbox 2469 1428 2529 1472; x_wconf 83' lang='grc' dir='ltr'><strong>ιιι</strong></span> <span class='ocrx_word' id='word_1_452' title='bbox 2591 1433 2882 1488; x_wconf 80' lang='lat' dir='ltr'><strong>nosc:i_mus</strong></span> <span class='ocrx_word' id='word_1_453' title='bbox 2937 1433 3044 1472; x_wconf 83' lang='lat' dir='ltr'><strong>non</strong></span> <span class='ocrx_word' id='word_1_454' title='bbox 3082 1417 3323 1473; x_wconf 79' lang='lat' dir='ltr'><strong>Verbum</strong></span> <span class='ocrx_word' id='word_1_455' title='bbox 3362 1418 3653 1478; x_wconf 76' lang='lat' dir='ltr'><strong>duntaxat,</strong></span> 
     </span>
    </p>
   </div>
   <div class='ocr_carea' id='block_1_59' title="bbox 2085 1508 3656 1579">
    <p class='ocr_par' dir='ltr' id='par_1_59' title="bbox 2085 1508 3656 1579">
     <span class='ocr_line' id='line_1_59' title="bbox 2085 1508 3656 1579; baseline -0.004 -17"><span class='ocrx_word' id='word_1_456' title='bbox 2085 1527 2272 1565; x_wconf 78' lang='lat' dir='ltr'><strong>verum</strong></span> <span class='ocrx_word' id='word_1_457' title='bbox 2302 1510 2469 1564; x_wconf 90' lang='lat' dir='ltr'><strong>etiam</strong></span> <span class='ocrx_word' id='word_1_458' title='bbox 2499 1510 2790 1579; x_wconf 89' lang='lat' dir='ltr'><strong>Spiritum,</strong></span> <span class='ocrx_word' id='word_1_459' title='bbox 2826 1511 2916 1576; x_wconf 86' lang='lat' dir='ltr'><strong>qui</strong></span> <span class='ocrx_word' id='word_1_460' title='bbox 2949 1525 3014 1562; x_wconf 75' lang='lat' dir='ltr'><strong>ex</strong></span> <span class='ocrx_word' id='word_1_461' title='bbox 3043 1511 3205 1562; x_wconf 68' lang='lat' dir='ltr'><strong>Patre</strong></span> <span class='ocrx_word' id='word_1_462' title='bbox 3240 1523 3344 1559; x_wconf 89' lang='lat' dir='ltr'><strong>non</strong></span> <span class='ocrx_word' id='word_1_463' title='bbox 3389 1518 3472 1559; x_wconf 86' lang='lat' dir='ltr'><strong>est</strong></span> <span class='ocrx_word' id='word_1_464' title='bbox 3501 1508 3656 1575; x_wconf 80' lang='lat' dir='ltr'><strong>geni-</strong></span> 
     </span>
    </p>
   </div>
   <div class='ocr_carea' id='block_1_60' title="bbox 2082 1598 3653 1670">
    <p class='ocr_par' dir='ltr' id='par_1_60' title="bbox 2082 1598 3653 1670">
     <span class='ocr_line' id='line_1_60' title="bbox 2082 1598 3653 1670; baseline -0.004 -15"><span class='ocrx_word' id='word_1_465' title='bbox 2082 1612 2191 1667; x_wconf 87' lang='lat' dir='ltr'><strong>tus,</strong></span> <span class='ocrx_word' id='word_1_466' title='bbox 2227 1603 2318 1655; x_wconf 85' lang='lat' dir='ltr'><strong>sed</strong></span> <span class='ocrx_word' id='word_1_467' title='bbox 2349 1602 2614 1669; x_wconf 76' lang='lat' dir='ltr'><strong>procedit,</strong></span> <span class='ocrx_word' id='word_1_468' title='bbox 2669 1610 2723 1654; x_wconf 83' lang='lat' dir='ltr'><strong>et</strong></span> <span class='ocrx_word' id='word_1_469' title='bbox 2753 1601 2843 1670; x_wconf 90' lang='lat' dir='ltr'><strong>qui</strong></span> <span class='ocrx_word' id='word_1_470' title='bbox 2874 1608 2956 1654; x_wconf 82' lang='lat' dir='ltr'><strong>est</strong></span> <span class='ocrx_word' id='word_1_471' title='bbox 2999 1602 3166 1654; x_wconf 87' lang='lat' dir='ltr'><strong>etiam</strong></span> <span class='ocrx_word' id='word_1_472' title='bbox 3223 1598 3364 1661; x_wconf 81' lang='lat' dir='ltr'><strong>Filii,</strong></span> <span class='ocrx_word' id='word_1_473' title='bbox 3425 1601 3598 1659; x_wconf 84' lang='lat' dir='ltr'><strong>ipsum</strong></span> <span class='ocrx_word' id='word_1_474' title='bbox 3627 1615 3653 1649; x_wconf 87' lang='lat' dir='ltr'><strong>a</strong></span> 
     </span>
    </p>
   </div>
   <div class='ocr_carea' id='block_1_61' title="bbox 2081 1689 3649 1759">
    <p class='ocr_par' dir='ltr' id='par_1_61' title="bbox 2081 1689 3649 1759">
     <span class='ocr_line' id='line_1_61' title="bbox 2081 1689 3649 1759; baseline -0.002 -14"><span class='ocrx_word' id='word_1_475' title='bbox 2081 1693 2238 1747; x_wconf 88' lang='lat' dir='ltr'><strong>Patre</strong></span> <span class='ocrx_word' id='word_1_476' title='bbox 2274 1693 2547 1757; x_wconf 75' lang='lat' dir='ltr'><strong>habentis,</strong></span> <span class='ocrx_word' id='word_1_477' title='bbox 2605 1701 2663 1746; x_wconf 85' lang='grc' dir='ltr'><strong>ιιι</strong></span> <span class='ocrx_word' id='word_1_478' title='bbox 2694 1693 2935 1746; x_wconf 82' lang='lat' dir='ltr'><strong>veritatis</strong></span> <span class='ocrx_word' id='word_1_479' title='bbox 2970 1692 3358 1759; x_wconf 64' lang='lat' dir='ltr'><strong>sapientiaeque</strong></span> <span class='ocrx_word' id='word_1_480' title='bbox 3391 1701 3443 1742; x_wconf 87' lang='lat' dir='ltr'><strong>et</strong></span> <span class='ocrx_word' id='word_1_481' title='bbox 3482 1689 3649 1742; x_wconf 81' lang='lat' dir='ltr'><strong>Verbi</strong></span> 
     </span>
    </p>
   </div>
   <div class='ocr_carea' id='block_1_62' title="bbox 2080 1780 3651 1851">
    <p class='ocr_par' dir='ltr' id='par_1_62' title="bbox 2080 1780 3651 1851">
     <span class='ocr_line' id='line_1_62' title="bbox 2080 1780 3651 1851; baseline -0.003 -17"><span class='ocrx_word' id='word_1_482' title='bbox 2080 1782 2368 1848; x_wconf 78' lang='lat' dir='ltr'><strong>Spiritum.</strong></span> <span class='ocrx_word' id='word_1_483' title='bbox 2419 1781 2550 1834; x_wconf 81' lang='lat' dir='ltr'><strong>Nam</strong></span> <span class='ocrx_word' id='word_1_484' title='bbox 2615 1782 2818 1836; x_wconf 79' lang='lat' dir='ltr'><strong>veritas</strong></span> <span class='ocrx_word' id='word_1_485' title='bbox 2856 1782 3230 1851; x_wconf 82' lang='lat' dir='ltr'><strong>sapientiaque</strong></span> <span class='ocrx_word' id='word_1_486' title='bbox 3281 1793 3364 1834; x_wconf 85' lang='lat' dir='ltr'><strong>est</strong></span> <span class='ocrx_word' id='word_1_487' title='bbox 3418 1780 3651 1833; x_wconf 79' lang='lat' dir='ltr'><strong>Verbum</strong></span> 
     </span>
    </p>
   </div>
   <div class='ocr_carea' id='block_1_63' title="bbox 2077 1873 3650 1942">
    <p class='ocr_par' dir='ltr' id='par_1_63' title="bbox 2077 1873 3650 1942">
     <span class='ocr_line' id='line_1_63' title="bbox 2077 1873 3650 1942; baseline -0.002 -15"><span class='ocrx_word' id='word_1_488' title='bbox 2077 1873 2322 1928; x_wconf 81' lang='lat' dir='ltr'><strong>Genitori</strong></span> <span class='ocrx_word' id='word_1_489' title='bbox 2381 1875 2850 1938; x_wconf 86' lang='lat' dir='ltr'><strong>consimillimum,</strong></span> <span class='ocrx_word' id='word_1_490' title='bbox 2886 1875 3030 1942; x_wconf 88' lang='lat' dir='ltr'><strong>quod</strong></span> <span class='ocrx_word' id='word_1_491' title='bbox 3079 1874 3224 1928; x_wconf 83' lang='lat' dir='ltr'><strong>Patri</strong></span> <span class='ocrx_word' id='word_1_492' title='bbox 3259 1875 3327 1927; x_wconf 91' lang='lat' dir='ltr'><strong>de</strong></span> <span class='ocrx_word' id='word_1_493' title='bbox 3364 1878 3481 1941; x_wconf 86' lang='lat' dir='ltr'><strong>ipso</strong></span> <span class='ocrx_word' id='word_1_494' title='bbox 3519 1888 3650 1942; x_wconf 79' lang='lat' dir='ltr'><strong>gau-</strong></span> 
     </span>
    </p>
   </div>
   <div class='ocr_carea' id='block_1_64' title="bbox 2075 1965 3654 2035">
    <p class='ocr_par' dir='ltr' id='par_1_64' title="bbox 2075 1965 3654 2035">
     <span class='ocr_line' id='line_1_64' title="bbox 2075 1965 3654 2035; baseline -0.001 -19"><span class='ocrx_word' id='word_1_495' title='bbox 2075 1967 2223 2019; x_wconf 87' lang='lat' dir='ltr'><strong>denti</strong></span> <span class='ocrx_word' id='word_1_496' title='bbox 2265 1967 2597 2035; x_wconf 77' lang='lat' dir='ltr'><strong>eongauilet,</strong></span> <span class='ocrx_word' id='word_1_497' title='bbox 2628 1965 2780 2033; x_wconf 79' lang='lat' dir='ltr'><strong>juxta</strong></span> <span class='ocrx_word' id='word_1_498' title='bbox 2820 1967 2952 2020; x_wconf 86' lang='lat' dir='ltr'><strong>illud</strong></span> <span class='ocrx_word' id='word_1_499' title='bbox 3006 1967 3072 2018; x_wconf 88' lang='lat' dir='ltr'><strong>ab</strong></span> <span class='ocrx_word' id='word_1_500' title='bbox 3109 1967 3223 2031; x_wconf 86' lang='lat' dir='ltr'><strong>ipso</strong></span> <span class='ocrx_word' id='word_1_501' title='bbox 3280 1981 3373 2032; x_wconf 85' lang='lat' dir='ltr'><strong>per</strong></span> <span class='ocrx_word' id='word_1_502' title='bbox 3404 1965 3654 2017; x_wconf 80' lang='lat' dir='ltr'><strong>Salomo-</strong></span> 
     </span>
    </p>
   </div>
   <div class='ocr_carea' id='block_1_65' title="bbox 2077 2056 3652 2126">
    <p class='ocr_par' dir='ltr' id='par_1_65' title="bbox 2077 2056 3652 2126">
     <span class='ocr_line' id='line_1_65' title="bbox 2077 2056 3652 2126; baseline -0.001 -17"><span class='ocrx_word' id='word_1_503' title='bbox 2077 2072 2205 2109; x_wconf 72' lang='lat' dir='ltr'><strong>nem</strong></span> <span class='ocrx_word' id='word_1_504' title='bbox 2233 2057 2435 2110; x_wconf 82' lang='lat' dir='ltr'><strong>dietuin</strong></span> <span class='ocrx_word' id='word_1_505' title='bbox 2468 2073 2482 2109; x_wconf 90' lang='lat'><strong>:</strong></span> <span class='ocrx_word' id='word_1_506' title='bbox 2526 2073 2543 2106; x_wconf 84' lang='grc' dir='ltr'><strong>ι</strong></span> <span class='ocrx_word' id='word_1_507' title='bbox 2587 2056 2698 2125; x_wconf 77' lang='lat' dir='ltr'><strong>Ego</strong></span> <span class='ocrx_word' id='word_1_508' title='bbox 2736 2073 2884 2110; x_wconf 88' lang='lat' dir='ltr'><strong>eram</strong></span> <span class='ocrx_word' id='word_1_509' title='bbox 2913 2072 3033 2126; x_wconf 71' lang='lat' dir='ltr'><strong>qua:</strong></span> <span class='ocrx_word' id='word_1_510' title='bbox 3063 2073 3190 2110; x_wconf 89' lang='lat' dir='ltr'><strong>cum</strong></span> <span class='ocrx_word' id='word_1_511' title='bbox 3251 2072 3313 2110; x_wconf 86' lang='lat' dir='ltr'><strong>eo</strong></span> <span class='ocrx_word' id='word_1_512' title='bbox 3343 2060 3652 2122; x_wconf 76' lang='lat' dir='ltr'><strong>congaude-</strong></span> 
     </span>
    </p>
   </div>
   <div class='ocr_carea' id='block_1_66' title="bbox 2077 2146 3654 2218">
    <p class='ocr_par' dir='ltr' id='par_1_66' title="bbox 2077 2146 3654 2218">
     <span class='ocr_line' id='line_1_66' title="bbox 2077 2146 3654 2218; baseline -0.003 -17"><span class='ocrx_word' id='word_1_513' title='bbox 2077 2151 2221 2201; x_wconf 81' lang='lat' dir='ltr'><strong>bain.</strong></span> <span class='ocrx_word' id='word_1_514' title='bbox 2261 2168 2277 2197; x_wconf 75' lang='grc' dir='ltr'><strong>ι</strong></span> <span class='ocrx_word' id='word_1_515' title='bbox 2315 2148 2428 2200; x_wconf 85' lang='grc' dir='ltr'>Νοιι</span> <span class='ocrx_word' id='word_1_516' title='bbox 2468 2149 2542 2200; x_wconf 74' lang='lat' dir='ltr'><strong>ait</strong></span> <span class='ocrx_word' id='word_1_517' title='bbox 2591 2149 2904 2216; x_wconf 79' lang='lat' dir='ltr'><strong>gaudebam,</strong></span> <span class='ocrx_word' id='word_1_518' title='bbox 2949 2149 3040 2201; x_wconf 80' lang='lat' dir='ltr'><strong>sed</strong></span> <span class='ocrx_word' id='word_1_519' title='bbox 3077 2151 3464 2218; x_wconf 74' lang='lat' dir='ltr'><strong>congaudebam</strong></span> <span class='ocrx_word' id='word_1_520' title='bbox 3497 2161 3516 2208; x_wconf 86' lang='lat'><strong><em>;</em></strong></span> <span class='ocrx_word' id='word_1_521' title='bbox 3551 2146 3654 2198; x_wconf 89' lang='lat' dir='ltr'><strong>hoc</strong></span> 
     </span>
    </p>
   </div>
   <div class='ocr_carea' id='block_1_67' title="bbox 2075 2237 3654 2309">
    <p class='ocr_par' dir='ltr' id='par_1_67' title="bbox 2075 2237 3654 2309">
     <span class='ocr_line' id='line_1_67' title="bbox 2075 2237 3654 2309; baseline -0.003 -14"><span class='ocrx_word' id='word_1_522' title='bbox 2075 2243 2222 2295; x_wconf 84' lang='lat' dir='ltr'><strong>enim</strong></span> <span class='ocrx_word' id='word_1_523' title='bbox 2253 2237 2429 2292; x_wconf 81' lang='lat' dir='ltr'><strong>Patris</strong></span> <span class='ocrx_word' id='word_1_524' title='bbox 2463 2249 2517 2294; x_wconf 83' lang='lat' dir='ltr'><strong>et</strong></span> <span class='ocrx_word' id='word_1_525' title='bbox 2544 2238 2663 2292; x_wconf 84' lang='lat' dir='ltr'><strong>Filii</strong></span> <span class='ocrx_word' id='word_1_526' title='bbox 2703 2251 2831 2293; x_wconf 87' lang='lat' dir='ltr'><strong>ante</strong></span> <span class='ocrx_word' id='word_1_527' title='bbox 2865 2239 3063 2294; x_wconf 71' lang='lat' dir='ltr'><strong>sazcula</strong></span> <span class='ocrx_word' id='word_1_528' title='bbox 3104 2241 3382 2309; x_wconf 75' lang='lat' dir='ltr'><strong>gaudium,</strong></span> <span class='ocrx_word' id='word_1_529' title='bbox 3412 2248 3494 2292; x_wconf 82' lang='lat' dir='ltr'><strong>est</strong></span> <span class='ocrx_word' id='word_1_530' title='bbox 3531 2238 3654 2306; x_wconf 89' lang='lat' dir='ltr'><strong>Spi—</strong></span> 
     </span>
    </p>
   </div>
   <div class='ocr_carea' id='block_1_68' title="bbox 2077 2330 3652 2397">
    <p class='ocr_par' dir='ltr' id='par_1_68' title="bbox 2077 2330 3652 2397">
     <span class='ocr_line' id='line_1_68' title="bbox 2077 2330 3652 2397; baseline -0.003 -13"><span class='ocrx_word' id='word_1_531' title='bbox 2077 2334 2216 2385; x_wconf 85' lang='lat' dir='ltr'><strong>ritus</strong></span> <span class='ocrx_word' id='word_1_532' title='bbox 2248 2339 2490 2394; x_wconf 90' lang='lat' dir='ltr'><strong>sanctus,</strong></span> <span class='ocrx_word' id='word_1_533' title='bbox 2517 2346 2623 2397; x_wconf 86' lang='lat' dir='ltr'><strong>quo</strong></span> <span class='ocrx_word' id='word_1_534' title='bbox 2659 2330 2732 2383; x_wconf 92' lang='lat' dir='ltr'><strong>illi</strong></span> <span class='ocrx_word' id='word_1_535' title='bbox 2761 2331 3127 2385; x_wconf 85' lang='lat' dir='ltr'><strong>communiter</strong></span> <span class='ocrx_word' id='word_1_536' title='bbox 3149 2340 3473 2392; x_wconf 84' lang='lat' dir='ltr'><strong>coutnntur,</strong></span> <span class='ocrx_word' id='word_1_537' title='bbox 3507 2331 3652 2381; x_wconf 84' lang='lat' dir='ltr'><strong>unde</strong></span> 
     </span>
    </p>
   </div>
   <div class='ocr_carea' id='block_1_69' title="bbox 2073 2420 3650 2492">
    <p class='ocr_par' dir='ltr' id='par_1_69' title="bbox 2073 2420 3650 2492">
     <span class='ocr_line' id='line_1_69' title="bbox 2073 2420 3650 2492; baseline -0.001 -17"><span class='ocrx_word' id='word_1_538' title='bbox 2073 2426 2140 2475; x_wconf 88' lang='lat' dir='ltr'><strong>ab</strong></span> <span class='ocrx_word' id='word_1_539' title='bbox 2167 2435 2400 2489; x_wconf 83' lang='lat' dir='ltr'><strong>utroque</strong></span> <span class='ocrx_word' id='word_1_540' title='bbox 2443 2422 2682 2475; x_wconf 85' lang='lat' dir='ltr'><strong>mittitur</strong></span> <span class='ocrx_word' id='word_1_541' title='bbox 2735 2423 2802 2476; x_wconf 88' lang='lat' dir='ltr'><strong>ad</strong></span> <span class='ocrx_word' id='word_1_542' title='bbox 2833 2423 3185 2492; x_wconf 79' lang='lat' dir='ltr'><strong>dignos;sed</strong></span> <span class='ocrx_word' id='word_1_543' title='bbox 3220 2421 3287 2476; x_wconf 84' lang='lat' dir='ltr'><strong>ab</strong></span> <span class='ocrx_word' id='word_1_544' title='bbox 3330 2438 3436 2474; x_wconf 91' lang='lat' dir='ltr'><strong>uno</strong></span> <span class='ocrx_word' id='word_1_545' title='bbox 3488 2420 3650 2474; x_wconf 82' lang='lat' dir='ltr'><strong>Patre</strong></span> 
     </span>
    </p>
   </div>
   <div class='ocr_carea' id='block_1_70' title="bbox 2073 2511 3651 2582">
    <p class='ocr_par' dir='ltr' id='par_1_70' title="bbox 2073 2511 3651 2582">
     <span class='ocr_line' id='line_1_70' title="bbox 2073 2511 3651 2582; baseline -0.003 -15"><span class='ocrx_word' id='word_1_546' title='bbox 2073 2513 2342 2581; x_wconf 66' lang='lat' dir='ltr'><strong>originem</strong></span> <span class='ocrx_word' id='word_1_547' title='bbox 2398 2511 2570 2578; x_wconf 75' lang='lat' dir='ltr'><strong>ducit,</strong></span> <span class='ocrx_word' id='word_1_548' title='bbox 2625 2513 2859 2582; x_wconf 88' lang='lat' dir='ltr'><strong>ideoque</strong></span> <span class='ocrx_word' id='word_1_549' title='bbox 2918 2512 2989 2566; x_wconf 85' lang='lat' dir='ltr'><strong>ab</strong></span> <span class='ocrx_word' id='word_1_550' title='bbox 3041 2527 3108 2567; x_wconf 88' lang='lat' dir='ltr'><strong>eo</strong></span> <span class='ocrx_word' id='word_1_551' title='bbox 3145 2512 3262 2566; x_wconf 85' lang='lat' dir='ltr'><strong>solo</strong></span> <span class='ocrx_word' id='word_1_552' title='bbox 3291 2511 3651 2581; x_wconf 85' lang='lat' dir='ltr'><strong>personaliter</strong></span> 
     </span>
    </p>
   </div>
   <div class='ocr_carea' id='block_1_71' title="bbox 2073 2604 2340 2674">
    <p class='ocr_par' dir='ltr' id='par_1_71' title="bbox 2073 2604 2340 2674">
     <span class='ocr_line' id='line_1_71' title="bbox 2073 2604 2340 2674; baseline 0.007 -18"><span class='ocrx_word' id='word_1_553' title='bbox 2073 2604 2340 2674; x_wconf 83' lang='lat' dir='ltr'><strong>procedit.</strong></span> 
     </span>
    </p>
   </div>
   <div class='ocr_carea' id='block_1_72' title="bbox 2141 2693 3649 2766">
    <p class='ocr_par' dir='ltr' id='par_1_72' title="bbox 2141 2693 3649 2766">
     <span class='ocr_line' id='line_1_72' title="bbox 2141 2693 3649 2766; baseline -0.003 -14"><span class='ocrx_word' id='word_1_554' title='bbox 2141 2698 2225 2752; x_wconf 80' lang='lat'><strong>57.</strong></span> <span class='ocrx_word' id='word_1_555' title='bbox 2265 2695 2413 2751; x_wconf 80' lang='lat' dir='ltr'><strong>Illius</strong></span> <span class='ocrx_word' id='word_1_556' title='bbox 2447 2697 2690 2764; x_wconf 82' lang='lat' dir='ltr'><strong>supremi</strong></span> <span class='ocrx_word' id='word_1_557' title='bbox 2727 2697 2933 2752; x_wconf 89' lang='lat' dir='ltr'><strong>amoris</strong></span> <span class='ocrx_word' id='word_1_558' title='bbox 2979 2696 3271 2766; x_wconf 79' lang='lat' dir='ltr'><strong>imaginem</strong></span> <span class='ocrx_word' id='word_1_559' title='bbox 3319 2705 3535 2749; x_wconf 88' lang='lat' dir='ltr'><strong>creatus</strong></span> <span class='ocrx_word' id='word_1_560' title='bbox 3581 2693 3649 2748; x_wconf 86' lang='lat' dir='ltr'><strong>ad</strong></span> 
     </span>
    </p>
   </div>
   <div class='ocr_carea' id='block_1_73' title="bbox 2072 2787 3650 2856">
    <p class='ocr_par' dir='ltr' id='par_1_73' title="bbox 2072 2787 3650 2856">
     <span class='ocr_line' id='line_1_73' title="bbox 2072 2787 3650 2856; baseline -0.002 -14"><span class='ocrx_word' id='word_1_561' title='bbox 2072 2788 2362 2854; x_wconf 67' lang='lat' dir='ltr'><strong>imaginem</strong></span> <span class='ocrx_word' id='word_1_562' title='bbox 2400 2789 2492 2842; x_wconf 88' lang='lat' dir='ltr'><strong>Dei</strong></span> <span class='ocrx_word' id='word_1_563' title='bbox 2530 2789 2838 2843; x_wconf 63' lang='lat' dir='ltr'><strong>intellectus</strong></span> <span class='ocrx_word' id='word_1_564' title='bbox 2865 2798 3052 2843; x_wconf 89' lang='lat' dir='ltr'><strong>noster</strong></span> <span class='ocrx_word' id='word_1_565' title='bbox 3084 2787 3269 2850; x_wconf 78' lang='lat' dir='ltr'><strong>habet,</strong></span> <span class='ocrx_word' id='word_1_566' title='bbox 3297 2803 3428 2856; x_wconf 82' lang='lat' dir='ltr'><strong>erga</strong></span> <span class='ocrx_word' id='word_1_567' title='bbox 3462 2789 3650 2855; x_wconf 78' lang='lat' dir='ltr'><strong>cegui-</strong></span> 
     </span>
    </p>
   </div>
   <div class='ocr_carea' id='block_1_74' title="bbox 2073 2881 3648 2950">
    <p class='ocr_par' dir='ltr' id='par_1_74' title="bbox 2073 2881 3648 2950">
     <span class='ocr_line' id='line_1_74' title="bbox 2073 2881 3648 2950; baseline -0.001 -17"><span class='ocrx_word' id='word_1_568' title='bbox 2073 2882 2276 2934; x_wconf 76' lang='lat' dir='ltr'><strong>tionem</strong></span> <span class='ocrx_word' id='word_1_569' title='bbox 2301 2895 2331 2934; x_wconf 88' lang='lat' dir='ltr'><strong>a</strong></span> <span class='ocrx_word' id='word_1_570' title='bbox 2354 2896 2412 2936; x_wconf 85' lang='lat' dir='ltr'><strong>se</strong></span> <span class='ocrx_word' id='word_1_571' title='bbox 2445 2889 2498 2934; x_wconf 83' lang='lat' dir='ltr'><strong>el</strong></span> <span class='ocrx_word' id='word_1_572' title='bbox 2523 2882 2574 2934; x_wconf 88' lang='lat' dir='ltr'><strong>in</strong></span> <span class='ocrx_word' id='word_1_573' title='bbox 2598 2897 2656 2935; x_wconf 85' lang='lat' dir='ltr'><strong>se</strong></span> <span class='ocrx_word' id='word_1_574' title='bbox 2680 2881 2879 2950; x_wconf 71' lang='lat' dir='ltr'><strong>iugiter</strong></span> <span class='ocrx_word' id='word_1_575' title='bbox 2914 2891 3265 2950; x_wconf 83' lang='lat' dir='ltr'><strong>conceptam.</strong></span> <span class='ocrx_word' id='word_1_576' title='bbox 3298 2881 3359 2933; x_wconf 84' lang='lat' dir='ltr'><strong>Et</strong></span> <span class='ocrx_word' id='word_1_577' title='bbox 3383 2883 3473 2934; x_wconf 86' lang='lat' dir='ltr'><strong>hic</strong></span> <span class='ocrx_word' id='word_1_578' title='bbox 3493 2893 3648 2932; x_wconf 74' lang='lat' dir='ltr'><strong>arnor</strong></span> 
     </span>
    </p>
   </div>
   <div class='ocr_carea' id='block_1_75' title="bbox 2069 2973 3646 3043">
    <p class='ocr_par' dir='ltr' id='par_1_75' title="bbox 2069 2973 3646 3043">
     <span class='ocr_line' id='line_1_75' title="bbox 2069 2973 3646 3043; baseline -0.001 -17"><span class='ocrx_word' id='word_1_579' title='bbox 2069 2975 2230 3026; x_wconf 86' lang='lat' dir='ltr'><strong>abeo</strong></span> <span class='ocrx_word' id='word_1_580' title='bbox 2276 2983 2327 3027; x_wconf 88' lang='lat' dir='ltr'><strong>et</strong></span> <span class='ocrx_word' id='word_1_581' title='bbox 2363 2973 2415 3026; x_wconf 92' lang='lat' dir='ltr'><strong>in</strong></span> <span class='ocrx_word' id='word_1_582' title='bbox 2471 2989 2536 3026; x_wconf 91' lang='lat' dir='ltr'><strong>eo</strong></span> <span class='ocrx_word' id='word_1_583' title='bbox 2563 2982 2665 3040; x_wconf 74' lang='lat' dir='ltr'><strong>est,</strong></span> <span class='ocrx_word' id='word_1_584' title='bbox 2715 2975 2784 3027; x_wconf 83' lang='lat' dir='ltr'><strong>ab</strong></span> <span class='ocrx_word' id='word_1_585' title='bbox 2818 2989 2995 3043; x_wconf 88' lang='lat' dir='ltr'><strong>eoque</strong></span> <span class='ocrx_word' id='word_1_586' title='bbox 3045 2973 3289 3042; x_wconf 82' lang='lat' dir='ltr'><strong>procedit</strong></span> <span class='ocrx_word' id='word_1_587' title='bbox 3323 2973 3485 3026; x_wconf 81' lang='lat' dir='ltr'><strong>simul</strong></span> <span class='ocrx_word' id='word_1_588' title='bbox 3523 2989 3646 3026; x_wconf 91' lang='lat' dir='ltr'><strong>cum</strong></span> 
     </span>
    </p>
   </div>
   <div class='ocr_carea' id='block_1_76' title="bbox 2072 3063 3648 3134">
    <p class='ocr_par' dir='ltr' id='par_1_76' title="bbox 2072 3063 3648 3134">
     <span class='ocr_line' id='line_1_76' title="bbox 2072 3063 3648 3134; baseline 0.001 -18"><span class='ocrx_word' id='word_1_589' title='bbox 2072 3064 2264 3117; x_wconf 88' lang='lat' dir='ltr'><strong>intimo</strong></span> <span class='ocrx_word' id='word_1_590' title='bbox 2298 3064 2489 3119; x_wconf 85' lang='lat' dir='ltr'><strong>verbo.</strong></span> <span class='ocrx_word' id='word_1_591' title='bbox 2552 3067 2817 3119; x_wconf 76' lang='lat' dir='ltr'><strong>Eunidem</strong></span> <span class='ocrx_word' id='word_1_592' title='bbox 2865 3065 3012 3120; x_wconf 83' lang='lat' dir='ltr'><strong>clare</strong></span> <span class='ocrx_word' id='word_1_593' title='bbox 3067 3064 3390 3118; x_wconf 80' lang='lat' dir='ltr'><strong>manifestat</strong></span> <span class='ocrx_word' id='word_1_594' title='bbox 3452 3065 3518 3118; x_wconf 88' lang='lat' dir='ltr'><strong>iis</strong></span> <span class='ocrx_word' id='word_1_595' title='bbox 3551 3063 3648 3134; x_wconf 91' lang='lat' dir='ltr'><strong>qui</strong></span> 
     </span>
    </p>
   </div>
   <div class='ocr_carea' id='block_1_77' title="bbox 2071 3156 3646 3227">
    <p class='ocr_par' dir='ltr' id='par_1_77' title="bbox 2071 3156 3646 3227">
     <span class='ocr_line' id='line_1_77' title="bbox 2071 3156 3646 3227; baseline 0.001 -20"><span class='ocrx_word' id='word_1_596' title='bbox 2071 3157 2326 3210; x_wconf 83' lang='lat' dir='ltr'><strong>interiora</strong></span> <span class='ocrx_word' id='word_1_597' title='bbox 2358 3173 2456 3211; x_wconf 91' lang='lat' dir='ltr'><strong>sua</strong></span> <span class='ocrx_word' id='word_1_598' title='bbox 2491 3158 2764 3227; x_wconf 85' lang='lat' dir='ltr'><strong>inspicere</strong></span> <span class='ocrx_word' id='word_1_599' title='bbox 2815 3167 3110 3227; x_wconf 81' lang='lat' dir='ltr'><strong>nequeunt,</strong></span> <span class='ocrx_word' id='word_1_600' title='bbox 3172 3157 3494 3210; x_wconf 80' lang='lat' dir='ltr'><strong>insatiabilis</strong></span> <span class='ocrx_word' id='word_1_601' title='bbox 3544 3156 3646 3209; x_wconf 88' lang='lat' dir='ltr'><strong>ho-</strong></span> 
     </span>
    </p>
   </div>
   <div class='ocr_carea' id='block_1_78' title="bbox 2073 3247 3648 3319">
    <p class='ocr_par' dir='ltr' id='par_1_78' title="bbox 2073 3247 3648 3319">
     <span class='ocr_line' id='line_1_78' title="bbox 2073 3247 3648 3319; baseline -0.003 -17"><span class='ocrx_word' id='word_1_602' title='bbox 2073 3251 2279 3302; x_wconf 89' lang='lat' dir='ltr'><strong>minum</strong></span> <span class='ocrx_word' id='word_1_603' title='bbox 2309 3249 2376 3303; x_wconf 85' lang='lat' dir='ltr'><strong>ad</strong></span> <span class='ocrx_word' id='word_1_604' title='bbox 2409 3251 2687 3303; x_wconf 86' lang='lat' dir='ltr'><strong>sciendum</strong></span> <span class='ocrx_word' id='word_1_605' title='bbox 2721 3250 3025 3319; x_wconf 86' lang='lat' dir='ltr'><strong>appetitus.</strong></span> <span class='ocrx_word' id='word_1_606' title='bbox 3053 3247 3158 3302; x_wconf 89' lang='lat' dir='ltr'><strong>Sed</strong></span> <span class='ocrx_word' id='word_1_607' title='bbox 3191 3250 3241 3300; x_wconf 92' lang='lat' dir='ltr'><strong>in</strong></span> <span class='ocrx_word' id='word_1_608' title='bbox 3274 3248 3362 3301; x_wconf 91' lang='lat' dir='ltr'><strong>illo</strong></span> <span class='ocrx_word' id='word_1_609' title='bbox 3394 3247 3648 3317; x_wconf 81' lang='lat' dir='ltr'><strong>archety-</strong></span> 
     </span>
    </p>
   </div>
   <div class='ocr_carea' id='block_1_79' title="bbox 2071 3337 3645 3410">
    <p class='ocr_par' dir='ltr' id='par_1_79' title="bbox 2071 3337 3645 3410">
     <span class='ocr_line' id='line_1_79' title="bbox 2071 3337 3645 3410; baseline -0.002 -18"><span class='ocrx_word' id='word_1_610' title='bbox 2071 3357 2158 3409; x_wconf 91' lang='lat' dir='ltr'><strong>po,</strong></span> <span class='ocrx_word' id='word_1_611' title='bbox 2193 3341 2245 3395; x_wconf 90' lang='lat' dir='ltr'><strong>in</strong></span> <span class='ocrx_word' id='word_1_612' title='bbox 2283 3342 2369 3394; x_wconf 87' lang='lat' dir='ltr'><strong>illa</strong></span> <span class='ocrx_word' id='word_1_613' title='bbox 2400 3339 2723 3410; x_wconf 80' lang='lat' dir='ltr'><strong>perfecta&#39;et</strong></span> <span class='ocrx_word' id='word_1_614' title='bbox 2755 3340 3157 3410; x_wconf 80' lang='lat' dir='ltr'><strong>perfectissima</strong></span> <span class='ocrx_word' id='word_1_615' title='bbox 3199 3339 3468 3404; x_wconf 82' lang='lat' dir='ltr'><strong>bonitate,</strong></span> <span class='ocrx_word' id='word_1_616' title='bbox 3502 3337 3645 3408; x_wconf 89' lang='lat' dir='ltr'><strong>apud</strong></span> 
     </span>
    </p>
   </div>
   <div class='ocr_carea' id='block_1_80' title="bbox 2069 3428 3644 3501">
    <p class='ocr_par' dir='ltr' id='par_1_80' title="bbox 2069 3428 3644 3501">
     <span class='ocr_line' id='line_1_80' title="bbox 2069 3428 3644 3501; baseline -0.004 -15"><span class='ocrx_word' id='word_1_617' title='bbox 2069 3448 2229 3500; x_wconf 83' lang='lat' dir='ltr'><strong>quam</strong></span> <span class='ocrx_word' id='word_1_618' title='bbox 2267 3434 2400 3486; x_wconf 89' lang='lat' dir='ltr'><strong>nihil</strong></span> <span class='ocrx_word' id='word_1_619' title='bbox 2433 3431 2832 3501; x_wconf 73' lang='lat' dir='ltr'><strong>imperfectum,</strong></span> <span class='ocrx_word' id='word_1_620' title='bbox 2890 3440 3117 3500; x_wconf 81' lang='lat' dir='ltr'><strong>excepto</strong></span> <span class='ocrx_word' id='word_1_621' title='bbox 3184 3430 3327 3498; x_wconf 89' lang='lat' dir='ltr'><strong>quod</strong></span> <span class='ocrx_word' id='word_1_622' title='bbox 3358 3429 3425 3482; x_wconf 88' lang='lat' dir='ltr'><strong>ab</strong></span> <span class='ocrx_word' id='word_1_623' title='bbox 3454 3444 3514 3481; x_wconf 87' lang='lat' dir='ltr'><strong>ea</strong></span> <span class='ocrx_word' id='word_1_624' title='bbox 3551 3428 3644 3491; x_wconf 89' lang='lat' dir='ltr'><strong>sit,</strong></span> 
     </span>
    </p>
   </div>
   <div class='ocr_carea' id='block_1_81' title="bbox 2070 3519 3641 3606">
    <p class='ocr_par' dir='ltr' id='par_1_81' title="bbox 2070 3519 3641 3606">
     <span class='ocr_line' id='line_1_81' title="bbox 2070 3519 3641 3606; baseline -0.003 -32"><span class='ocrx_word' id='word_1_625' title='bbox 2070 3522 2542 3576; x_wconf 89' lang='lat' dir='ltr'><strong>indiscriminatim</strong></span> <span class='ocrx_word' id='word_1_626' title='bbox 2593 3533 2676 3578; x_wconf 84' lang='lat' dir='ltr'><strong>est</strong></span> <span class='ocrx_word' id='word_1_627' title='bbox 2734 3521 2953 3606; x_wconf 82' lang='lat' dir='ltr'><strong>divinus</strong></span> <span class='ocrx_word' id='word_1_628' title='bbox 3004 3536 3161 3576; x_wconf 87' lang='lat' dir='ltr'><strong>amor</strong></span> <span class='ocrx_word' id='word_1_629' title='bbox 3219 3519 3484 3589; x_wconf 80' lang='lat' dir='ltr'><strong>quidquid</strong></span> <span class='ocrx_word' id='word_1_630' title='bbox 3524 3521 3641 3586; x_wconf 88' lang='lat' dir='ltr'><strong>ipsa</strong></span> 
     </span>
    </p>
   </div>
   <div class='ocr_carea' id='block_1_82' title="bbox 2069 3606 3643 3679">
    <p class='ocr_par' dir='ltr' id='par_1_82' title="bbox 2069 3606 3643 3679">
     <span class='ocr_line' id='line_1_82' title="bbox 2069 3606 3643 3679; baseline -0.002 -17"><span class='ocrx_word' id='word_1_631' title='bbox 2069 3619 2168 3662; x_wconf 85' lang='lat' dir='ltr'><strong>est.</strong></span> <span class='ocrx_word' id='word_1_632' title='bbox 2233 3609 2528 3679; x_wconf 74' lang='lat' dir='ltr'><strong>Propterea</strong></span> <span class='ocrx_word' id='word_1_633' title='bbox 2568 3620 2792 3664; x_wconf 89' lang='lat' dir='ltr'><strong>sanctus</strong></span> <span class='ocrx_word' id='word_1_634' title='bbox 2844 3607 2938 3665; x_wconf 68' lang='lat' dir='ltr'><strong>hlc&#39;</strong></span> <span class='ocrx_word' id='word_1_635' title='bbox 2992 3610 3230 3677; x_wconf 87' lang='lat' dir='ltr'><strong>Spiritus</strong></span> <span class='ocrx_word' id='word_1_636' title='bbox 3288 3609 3423 3662; x_wconf 88' lang='lat' dir='ltr'><strong>alter</strong></span> <span class='ocrx_word' id='word_1_637' title='bbox 3471 3606 3643 3660; x_wconf 82' lang='lat' dir='ltr'><strong>Para-</strong></span> 
     </span>
    </p>
   </div>
   <div class='ocr_carea' id='block_1_83' title="bbox 2067 3698 3638 3770">
    <p class='ocr_par' dir='ltr' id='par_1_83' title="bbox 2067 3698 3638 3770">
     <span class='ocr_line' id='line_1_83' title="bbox 2067 3698 3638 3770; baseline -0.001 -18"><span class='ocrx_word' id='word_1_638' title='bbox 2067 3701 2229 3754; x_wconf 89' lang='lat' dir='ltr'><strong>elitus</strong></span> <span class='ocrx_word' id='word_1_639' title='bbox 2247 3713 2328 3755; x_wconf 85' lang='lat' dir='ltr'><strong>est</strong></span> <span class='ocrx_word' id='word_1_640' title='bbox 2355 3710 2409 3755; x_wconf 89' lang='lat' dir='ltr'><strong>et</strong></span> <span class='ocrx_word' id='word_1_641' title='bbox 2437 3717 2466 3753; x_wconf 89' lang='lat' dir='ltr'><strong>a</strong></span> <span class='ocrx_word' id='word_1_642' title='bbox 2501 3701 2656 3756; x_wconf 86' lang='lat' dir='ltr'><strong>nobis</strong></span> <span class='ocrx_word' id='word_1_643' title='bbox 2671 3711 2915 3768; x_wconf 84' lang='lat' dir='ltr'><strong>vocatur,</strong></span> <span class='ocrx_word' id='word_1_644' title='bbox 2943 3713 3198 3770; x_wconf 83' lang='lat' dir='ltr'><strong>tanquam</strong></span> <span class='ocrx_word' id='word_1_645' title='bbox 3235 3698 3398 3755; x_wconf 82' lang='lat' dir='ltr'><strong>Verbi</strong></span> <span class='ocrx_word' id='word_1_646' title='bbox 3419 3711 3638 3763; x_wconf 87' lang='lat' dir='ltr'><strong>comes;</strong></span> 
     </span>
    </p>
   </div>
   <div class='ocr_carea' id='block_1_84' title="bbox 2068 3790 3640 3865">
    <p class='ocr_par' dir='ltr' id='par_1_84' title="bbox 2068 3790 3640 3865">
     <span class='ocr_line' id='line_1_84' title="bbox 2068 3790 3640 3865; baseline -0.001 -19"><span class='ocrx_word' id='word_1_647' title='bbox 2068 3803 2127 3847; x_wconf 91' lang='lat' dir='ltr'><strong>ut</strong></span> <span class='ocrx_word' id='word_1_648' title='bbox 2155 3807 2252 3846; x_wconf 86' lang='lat' dir='ltr'><strong>nos</strong></span> <span class='ocrx_word' id='word_1_649' title='bbox 2281 3793 2518 3849; x_wconf 81' lang='lat' dir='ltr'><strong>sciamus</strong></span> <span class='ocrx_word' id='word_1_650' title='bbox 2542 3811 2666 3848; x_wconf 79' lang='lat' dir='ltr'><strong>eum</strong></span> <span class='ocrx_word' id='word_1_651' title='bbox 2693 3809 2815 3850; x_wconf 89' lang='lat' dir='ltr'><strong>esse</strong></span> <span class='ocrx_word' id='word_1_652' title='bbox 2860 3793 3160 3865; x_wconf 79' lang='lat' dir='ltr'><strong>perfectum</strong></span> <span class='ocrx_word' id='word_1_653' title='bbox 3195 3802 3249 3847; x_wconf 91' lang='lat' dir='ltr'><strong>et</strong></span> <span class='ocrx_word' id='word_1_654' title='bbox 3292 3792 3345 3846; x_wconf 94' lang='lat' dir='ltr'><strong>in</strong></span> <span class='ocrx_word' id='word_1_655' title='bbox 3393 3790 3640 3861; x_wconf 76' lang='lat' dir='ltr'><strong>perfecta</strong></span> 
     </span>
    </p>
   </div>
   <div class='ocr_carea' id='block_1_85' title="bbox 2066 3883 3634 3954">
    <p class='ocr_par' dir='ltr' id='par_1_85' title="bbox 2066 3883 3634 3954">
     <span class='ocr_line' id='line_1_85' title="bbox 2066 3883 3634 3954; baseline -0.001 -17"><span class='ocrx_word' id='word_1_656' title='bbox 2066 3895 2116 3937; x_wconf 91' lang='lat' dir='ltr'><strong>et</strong></span> <span class='ocrx_word' id='word_1_657' title='bbox 2145 3885 2363 3954; x_wconf 67' lang='lat' dir='ltr'><strong>propria</strong></span> <span class='ocrx_word' id='word_1_658' title='bbox 2424 3901 2677 3954; x_wconf 81' lang='lat' dir='ltr'><strong>persona,</strong></span> <span class='ocrx_word' id='word_1_659' title='bbox 2710 3901 2774 3941; x_wconf 90' lang='lat' dir='ltr'><strong>ac</strong></span> <span class='ocrx_word' id='word_1_660' title='bbox 2821 3885 2953 3940; x_wconf 91' lang='lat' dir='ltr'><strong>nihil</strong></span> <span class='ocrx_word' id='word_1_661' title='bbox 3010 3894 3066 3941; x_wconf 87' lang='lat' dir='ltr'><strong>et</strong></span> <span class='ocrx_word' id='word_1_662' title='bbox 3121 3885 3299 3952; x_wconf 88' lang='lat' dir='ltr'><strong>ipsum</strong></span> <span class='ocrx_word' id='word_1_663' title='bbox 3351 3883 3574 3937; x_wconf 77' lang='lat' dir='ltr'><strong>diiferre</strong></span> <span class='ocrx_word' id='word_1_664' title='bbox 3603 3899 3634 3935; x_wconf 79' lang='grc' dir='ltr'><strong>ιι</strong></span> 
     </span>
    </p>
   </div>
   <div class='ocr_carea' id='block_1_86' title="bbox 2065 3975 3640 4040">
    <p class='ocr_par' dir='ltr' id='par_1_86' title="bbox 2065 3975 3640 4040">
     <span class='ocr_line' id='line_1_86' title="bbox 2065 3975 3640 4040; baseline -0.003 -8"><span class='ocrx_word' id='word_1_665' title='bbox 2065 3975 2246 4032; x_wconf 85' lang='lat' dir='ltr'><strong>Patris</strong></span> <span class='ocrx_word' id='word_1_666' title='bbox 2279 3977 2607 4040; x_wconf 83' lang='lat' dir='ltr'><strong>substantia,</strong></span> <span class='ocrx_word' id='word_1_667' title='bbox 2644 3978 2740 4031; x_wconf 90' lang='lat' dir='ltr'><strong>sed</strong></span> <span class='ocrx_word' id='word_1_668' title='bbox 2792 3977 2932 4032; x_wconf 89' lang='lat' dir='ltr'><strong>idem</strong></span> <span class='ocrx_word' id='word_1_669' title='bbox 2988 3975 3461 4030; x_wconf 85' lang='lat' dir='ltr'><strong>indiscriniinatiin</strong></span> <span class='ocrx_word' id='word_1_670' title='bbox 3517 3987 3640 4028; x_wconf 81' lang='lat' dir='ltr'><strong>esse</strong></span> 
     </span>
    </p>
   </div>
   <div class='ocr_carea' id='block_1_87' title="bbox 2067 4064 3632 4138">
    <p class='ocr_par' dir='ltr' id='par_1_87' title="bbox 2067 4064 3632 4138">
     <span class='ocr_line' id='line_1_87' title="bbox 2067 4064 3632 4138; baseline -0.003 -17"><span class='ocrx_word' id='word_1_671' title='bbox 2067 4083 2230 4138; x_wconf 89' lang='lat' dir='ltr'><strong>quam</strong></span> <span class='ocrx_word' id='word_1_672' title='bbox 2268 4067 2485 4121; x_wconf 76' lang='lat' dir='ltr'><strong>Patrem</strong></span> <span class='ocrx_word' id='word_1_673' title='bbox 2550 4079 2604 4121; x_wconf 92' lang='lat' dir='ltr'><strong>et</strong></span> <span class='ocrx_word' id='word_1_674' title='bbox 2636 4068 2873 4129; x_wconf 81' lang='lat' dir='ltr'><strong>Filium,</strong></span> <span class='ocrx_word' id='word_1_675' title='bbox 2933 4083 3042 4121; x_wconf 91' lang='lat' dir='ltr'><strong>non</strong></span> <span class='ocrx_word' id='word_1_676' title='bbox 3102 4077 3280 4119; x_wconf 86' lang='lat' dir='ltr'><strong>tamen</strong></span> <span class='ocrx_word' id='word_1_677' title='bbox 3331 4064 3632 4119; x_wconf 69' lang='lat' dir='ltr'><strong>sei-undum</strong></span> 
     </span>
    </p>
   </div>
   <div class='ocr_carea' id='block_1_88' title="bbox 2067 4155 3637 4228">
    <p class='ocr_par' dir='ltr' id='par_1_88' title="bbox 2067 4155 3637 4228">
     <span class='ocr_line' id='line_1_88' title="bbox 2067 4155 3637 4228; baseline -0.003 -16"><span class='ocrx_word' id='word_1_678' title='bbox 2067 4174 2378 4227; x_wconf 81' lang='lat' dir='ltr'><strong>personam,</strong></span> <span class='ocrx_word' id='word_1_679' title='bbox 2407 4175 2526 4228; x_wconf 68' lang='lat' dir='ltr'><strong>quae</strong></span> <span class='ocrx_word' id='word_1_680' title='bbox 2557 4158 2734 4228; x_wconf 82' lang='lat' dir='ltr'><strong>ipsum</strong></span> <span class='ocrx_word' id='word_1_681' title='bbox 2767 4175 2796 4211; x_wconf 89' lang='lat' dir='ltr'><strong>a</strong></span> <span class='ocrx_word' id='word_1_682' title='bbox 2821 4159 2984 4212; x_wconf 87' lang='lat' dir='ltr'><strong>Patre</strong></span> <span class='ocrx_word' id='word_1_683' title='bbox 3031 4157 3325 4227; x_wconf 88' lang='lat' dir='ltr'><strong>procedere</strong></span> <span class='ocrx_word' id='word_1_684' title='bbox 3349 4155 3508 4210; x_wconf 88' lang='lat' dir='ltr'><strong>nobis</strong></span> <span class='ocrx_word' id='word_1_685' title='bbox 3543 4157 3637 4208; x_wconf 82' lang='lat' dir='ltr'><strong>de-</strong></span> 
     </span>
    </p>
   </div>
   <div class='ocr_carea' id='block_1_89' title="bbox 2065 4247 3635 4319">
    <p class='ocr_par' dir='ltr' id='par_1_89' title="bbox 2065 4247 3635 4319">
     <span class='ocr_line' id='line_1_89' title="bbox 2065 4247 3635 4319; baseline -0.003 -16"><span class='ocrx_word' id='word_1_686' title='bbox 2065 4260 2374 4316; x_wconf 86' lang='lat' dir='ltr'><strong>monstrat;</strong></span> <span class='ocrx_word' id='word_1_687' title='bbox 2410 4261 2578 4319; x_wconf 90' lang='lat' dir='ltr'><strong>utque</strong></span> <span class='ocrx_word' id='word_1_688' title='bbox 2605 4248 2842 4304; x_wconf 88' lang='lat' dir='ltr'><strong>colamus</strong></span> <span class='ocrx_word' id='word_1_689' title='bbox 2859 4263 3024 4302; x_wconf 89' lang='lat' dir='ltr'><strong>unum</strong></span> <span class='ocrx_word' id='word_1_690' title='bbox 3058 4247 3222 4300; x_wconf 88' lang='lat' dir='ltr'><strong>Deum</strong></span> <span class='ocrx_word' id='word_1_691' title='bbox 3254 4261 3444 4298; x_wconf 88' lang='lat' dir='ltr'><strong>verum</strong></span> <span class='ocrx_word' id='word_1_692' title='bbox 3467 4252 3635 4314; x_wconf 86' lang='lat' dir='ltr'><strong>atque</strong></span> 
     </span>
    </p>
   </div>
   <div class='ocr_carea' id='block_1_90' title="bbox 2065 4335 3630 4413">
    <p class='ocr_par' dir='ltr' id='par_1_90' title="bbox 2065 4335 3630 4413">
     <span class='ocr_line' id='line_1_90' title="bbox 2065 4335 3630 4413; baseline -0.006 -15"><span class='ocrx_word' id='word_1_693' title='bbox 2065 4344 2388 4413; x_wconf 73' lang='lat' dir='ltr'><strong>periei-tuin,</strong></span> <span class='ocrx_word' id='word_1_694' title='bbox 2444 4345 2496 4398; x_wconf 91' lang='lat' dir='ltr'><strong>in</strong></span> <span class='ocrx_word' id='word_1_695' title='bbox 2535 4345 2710 4398; x_wconf 91' lang='lat' dir='ltr'><strong>tribus</strong></span> <span class='ocrx_word' id='word_1_696' title='bbox 2748 4343 2998 4412; x_wconf 89' lang='lat' dir='ltr'><strong>personis</strong></span> <span class='ocrx_word' id='word_1_697' title='bbox 3035 4341 3179 4395; x_wconf 89' lang='lat' dir='ltr'><strong>veris</strong></span> <span class='ocrx_word' id='word_1_698' title='bbox 3245 4353 3308 4392; x_wconf 88' lang='lat' dir='ltr'><strong>ac</strong></span> <span class='ocrx_word' id='word_1_699' title='bbox 3352 4335 3630 4404; x_wconf 79' lang='lat' dir='ltr'><strong>perfectis,</strong></span> 
     </span>
    </p>
   </div>
   <div class='ocr_carea' id='block_1_91' title="bbox 2067 4425 3631 4503">
    <p class='ocr_par' dir='ltr' id='par_1_91' title="bbox 2067 4425 3631 4503">
     <span class='ocr_line' id='line_1_91' title="bbox 2067 4425 3631 4503; baseline -0.007 -14"><span class='ocrx_word' id='word_1_700' title='bbox 2067 4450 2173 4489; x_wconf 89' lang='lat' dir='ltr'><strong>non</strong></span> <span class='ocrx_word' id='word_1_701' title='bbox 2204 4435 2492 4503; x_wconf 85' lang='lat' dir='ltr'><strong>triplicem,</strong></span> <span class='ocrx_word' id='word_1_702' title='bbox 2525 4432 2686 4495; x_wconf 89' lang='lat' dir='ltr'><strong>absit,</strong></span> <span class='ocrx_word' id='word_1_703' title='bbox 2721 4433 2813 4487; x_wconf 86' lang='lat' dir='ltr'><strong>sed</strong></span> <span class='ocrx_word' id='word_1_704' title='bbox 2875 4430 3204 4501; x_wconf 86' lang='lat' dir='ltr'><strong>simplicem.</strong></span> <span class='ocrx_word' id='word_1_705' title='bbox 3264 4425 3451 4496; x_wconf 84' lang='lat' dir='ltr'><strong>Neque</strong></span> <span class='ocrx_word' id='word_1_706' title='bbox 3485 4427 3631 4480; x_wconf 82' lang='lat' dir='ltr'><strong>enim</strong></span> 
     </span>
    </p>
   </div>
   <div class='ocr_carea' id='block_1_92' title="bbox 387 4518 1963 4596">
    <p class='ocr_par' dir='ltr' id='par_1_92' title="bbox 387 4518 1954 4588">
     <span class='ocr_line' id='line_1_92' title="bbox 387 4518 1954 4588; baseline 0.001 -19"><span class='ocrx_word' id='word_1_707' title='bbox 387 4521 480 4569; x_wconf 81' lang='grc' dir='ltr'>καὶ</span> <span class='ocrx_word' id='word_1_708' title='bbox 535 4518 762 4584; x_wconf 72' lang='grc' dir='ltr'>τέλειον,</span> <span class='ocrx_word' id='word_1_709' title='bbox 821 4520 877 4571; x_wconf 89' lang='grc' dir='ltr'><strong>ἐν</strong></span> <span class='ocrx_word' id='word_1_710' title='bbox 907 4519 1086 4587; x_wconf 74' lang='grc' dir='ltr'>τρισὶν</span> <span class='ocrx_word' id='word_1_711' title='bbox 1135 4519 1493 4570; x_wconf 83' lang='grc' dir='ltr'>ὑποστάσεσιν</span> <span class='ocrx_word' id='word_1_712' title='bbox 1539 4520 1817 4588; x_wconf 79' lang='grc' dir='ltr'>ἀληθιναῖς</span> <span class='ocrx_word' id='word_1_713' title='bbox 1863 4520 1954 4571; x_wconf 65' lang='grc' dir='ltr'><strong>καὶ</strong></span> 
     </span>
    </p>
   </div>
   <div class='ocr_carea' id='block_1_93' title="bbox 2070 4518 3630 4596">
    <p class='ocr_par' dir='ltr' id='par_1_93' title="bbox 2070 4520 3630 4596">
     <span class='ocr_line' id='line_1_93' title="bbox 2070 4520 3630 4596; baseline -0.005 -14"><span class='ocrx_word' id='word_1_714' title='bbox 2070 4530 2256 4596; x_wconf 80' lang='lat' dir='ltr'><strong>triplex</strong></span> <span class='ocrx_word' id='word_1_715' title='bbox 2308 4539 2393 4582; x_wconf 84' lang='lat' dir='ltr'><strong>est</strong></span> <span class='ocrx_word' id='word_1_716' title='bbox 2442 4527 2674 4590; x_wconf 88' lang='lat' dir='ltr'><strong>bonitas,</strong></span> <span class='ocrx_word' id='word_1_717' title='bbox 2733 4540 2905 4591; x_wconf 85' lang='lat' dir='ltr'><strong>neque</strong></span> <span class='ocrx_word' id='word_1_718' title='bbox 2953 4527 3089 4576; x_wconf 86' lang='lat' dir='ltr'><strong>trias</strong></span> <span class='ocrx_word' id='word_1_719' title='bbox 3146 4522 3471 4580; x_wconf 86' lang='lat' dir='ltr'><strong>bonitatum,</strong></span> <span class='ocrx_word' id='word_1_720' title='bbox 3533 4520 3630 4574; x_wconf 86' lang='lat' dir='ltr'><strong>sed</strong></span> 
     </span>
    </p>
   </div>
   <div class='ocr_carea' id='block_1_94' title="bbox 383 4609 1944 4678">
    <p class='ocr_par' dir='ltr' id='par_1_94' title="bbox 383 4609 1944 4678">
     <span class='ocr_line' id='line_1_94' title="bbox 383 4609 1944 4678; baseline 0.001 -17"><span class='ocrx_word' id='word_1_721' title='bbox 383 4609 618 4672; x_wconf 80' lang='grc' dir='ltr'>τελείαις</span> <span class='ocrx_word' id='word_1_722' title='bbox 649 4624 662 4639; x_wconf 85' lang='lat'><strong><em>°</em></strong></span> <span class='ocrx_word' id='word_1_723' title='bbox 715 4611 774 4661; x_wconf 74' lang='grc' dir='ltr'>οὺ</span> <span class='ocrx_word' id='word_1_724' title='bbox 832 4609 1123 4676; x_wconf 60' lang='grc' dir='ltr'>τριπλοῦν</span> <span class='ocrx_word' id='word_1_725' title='bbox 1164 4612 1384 4678; x_wconf 82' lang='grc' dir='ltr'>ἄπαγε’</span> <span class='ocrx_word' id='word_1_726' title='bbox 1419 4611 1534 4662; x_wconf 79' lang='grc' dir='ltr'>ἀλλ’</span> <span class='ocrx_word' id='word_1_727' title='bbox 1588 4611 1809 4663; x_wconf 81' lang='grc' dir='ltr'>ἁπλοῦν.</span> <span class='ocrx_word' id='word_1_728' title='bbox 1871 4611 1944 4662; x_wconf 72' lang='lat' dir='ltr'><strong>Ui)</strong></span> 
     </span>
    </p>
   </div>
   <div class='ocr_carea' id='block_1_95' title="bbox 382 4699 1944 4770">
    <p class='ocr_par' dir='ltr' id='par_1_95' title="bbox 382 4699 1944 4770">
     <span class='ocr_line' id='line_1_95' title="bbox 382 4699 1944 4770; baseline 0.002 -20"><span class='ocrx_word' id='word_1_729' title='bbox 382 4700 492 4770; x_wconf 71' lang='grc' dir='ltr'>γὰρ</span> <span class='ocrx_word' id='word_1_730' title='bbox 519 4699 718 4770; x_wconf 82' lang='grc' dir='ltr'>τριπλῆ</span> <span class='ocrx_word' id='word_1_731' title='bbox 749 4699 832 4762; x_wconf 85' lang='grc' dir='ltr'><strong>τίς</strong></span> <span class='ocrx_word' id='word_1_732' title='bbox 857 4701 1003 4753; x_wconf 83' lang='grc' dir='ltr'>ἐστιν</span> <span class='ocrx_word' id='word_1_733' title='bbox 1028 4703 1060 4770; x_wconf 83' lang='grc' dir='ltr'>ὴ</span> <span class='ocrx_word' id='word_1_734' title='bbox 1091 4701 1386 4769; x_wconf 74' lang='grc' dir='ltr'>ἀγαθότης,</span> <span class='ocrx_word' id='word_1_735' title='bbox 1416 4701 1538 4754; x_wconf 65' lang='grc' dir='ltr'>οὺίὲ</span> <span class='ocrx_word' id='word_1_736' title='bbox 1592 4703 1748 4770; x_wconf 77' lang='grc' dir='ltr'>τριὰς</span> <span class='ocrx_word' id='word_1_737' title='bbox 1807 4701 1944 4767; x_wconf 79' lang='grc' dir='ltr'>ἁγα-</span> 
     </span>
    </p>
   </div>
   <div class='ocr_carea' id='block_1_96' title="bbox 383 4791 1947 4862">
    <p class='ocr_par' dir='ltr' id='par_1_96' title="bbox 383 4791 1947 4862">
     <span class='ocr_line' id='line_1_96' title="bbox 383 4791 1947 4862; baseline -0.002 -17"><span class='ocrx_word' id='word_1_738' title='bbox 383 4794 622 4862; x_wconf 82' lang='grc' dir='ltr'>υοτήτων</span> <span class='ocrx_word' id='word_1_739' title='bbox 647 4808 660 4822; x_wconf 80' lang='grc'><strong><em>⁸</em></strong></span> <span class='ocrx_word' id='word_1_740' title='bbox 696 4791 832 4846; x_wconf 81' lang='grc' dir='ltr'>ἀλλὰ</span> <span class='ocrx_word' id='word_1_741' title='bbox 863 4792 1030 4859; x_wconf 78' lang='grc' dir='ltr'>Τριὰς</span> <span class='ocrx_word' id='word_1_742' title='bbox 1061 4792 1189 4860; x_wconf 82' lang='grc' dir='ltr'>ἁγία</span> <span class='ocrx_word' id='word_1_743' title='bbox 1220 4793 1315 4845; x_wconf 74' lang='grc' dir='ltr'>καὶ</span> <span class='ocrx_word' id='word_1_744' title='bbox 1342 4793 1613 4860; x_wconf 75' lang='grc' dir='ltr'>σεϐασμία</span> <span class='ocrx_word' id='word_1_745' title='bbox 1661 4794 1752 4843; x_wconf 77' lang='grc' dir='ltr'><strong>καὶ</strong></span> <span class='ocrx_word' id='word_1_746' title='bbox 1779 4807 1947 4861; x_wconf 86' lang='grc' dir='ltr'>προσ-</span> 
     </span>
    </p>
   </div>
   <div class='ocr_carea' id='block_1_97' title="bbox 383 4883 1946 4954">
    <p class='ocr_par' dir='ltr' id='par_1_97' title="bbox 383 4883 1946 4954">
     <span class='ocr_line' id='line_1_97' title="bbox 383 4883 1946 4954; baseline -0.001 -18"><span class='ocrx_word' id='word_1_747' title='bbox 383 4885 610 4953; x_wconf 82' lang='grc' dir='ltr'>κυνητὴ,</span> <span class='ocrx_word' id='word_1_748' title='bbox 685 4885 720 4954; x_wconf 81' lang='grc' dir='ltr'>ὴ</span> <span class='ocrx_word' id='word_1_749' title='bbox 765 4885 1025 4937; x_wconf 84' lang='grc' dir='ltr'>ἀνωτάτω</span> <span class='ocrx_word' id='word_1_750' title='bbox 1066 4884 1340 4951; x_wconf 72' lang='grc' dir='ltr'>ἀγαθότης</span> <span class='ocrx_word' id='word_1_751' title='bbox 1401 4885 1570 4949; x_wconf 73' lang='grc' dir='ltr'>ἐστιν,</span> <span class='ocrx_word' id='word_1_752' title='bbox 1625 4883 1683 4946; x_wconf 78' lang='grc' dir='ltr'>ἐξ</span> <span class='ocrx_word' id='word_1_753' title='bbox 1748 4884 1946 4951; x_wconf 74' lang='grc' dir='ltr'>ἑαυτῆς</span> 
     </span>
    </p>
   </div>
   <div class='ocr_carea' id='block_1_98' title="bbox 381 4975 1947 5046">
    <p class='ocr_par' dir='ltr' id='par_1_98' title="bbox 381 4975 1947 5046">
     <span class='ocr_line' id='line_1_98' title="bbox 381 4975 1947 5046; baseline 0.003 -21"><span class='ocrx_word' id='word_1_754' title='bbox 381 4977 460 5036; x_wconf 86' lang='grc' dir='ltr'><strong>εἰς</strong></span> <span class='ocrx_word' id='word_1_755' title='bbox 510 4975 707 5043; x_wconf 78' lang='grc' dir='ltr'>ἑαυτὴν</span> <span class='ocrx_word' id='word_1_756' title='bbox 797 4976 1028 5045; x_wconf 81' lang='grc' dir='ltr'>χεομένη</span> <span class='ocrx_word' id='word_1_757' title='bbox 1098 4976 1435 5046; x_wconf 74' lang='grc' dir='ltr'>ἀρρεύσςως,</span> <span class='ocrx_word' id='word_1_758' title='bbox 1488 4976 1581 5028; x_wconf 80' lang='grc' dir='ltr'><strong>καὶ</strong></span> <span class='ocrx_word' id='word_1_759' title='bbox 1632 4975 1717 5044; x_wconf 77' lang='grc' dir='ltr'><strong>ἐφ’</strong></span> <span class='ocrx_word' id='word_1_760' title='bbox 1749 4975 1947 5044; x_wconf 80' lang='grc' dir='ltr'>ἑαυτῆς</span> 
     </span>
    </p>
   </div>
   <div class='ocr_carea' id='block_1_99' title="bbox 381 5066 1949 5136">
    <p class='ocr_par' dir='ltr' id='par_1_99' title="bbox 381 5066 1949 5136">
     <span class='ocr_line' id='line_1_99' title="bbox 381 5066 1949 5136; baseline 0.001 -20"><span class='ocrx_word' id='word_1_761' title='bbox 381 5066 598 5118; x_wconf 75' lang='grc' dir='ltr'>ἑστῶσα</span> <span class='ocrx_word' id='word_1_762' title='bbox 637 5066 742 5134; x_wconf 77' lang='grc' dir='ltr'><strong>πρὸ</strong></span> <span class='ocrx_word' id='word_1_763' title='bbox 777 5066 988 5118; x_wconf 83' lang='grc' dir='ltr'>αἰώνων</span> <span class='ocrx_word' id='word_1_764' title='bbox 1053 5066 1395 5136; x_wconf 79' lang='grc' dir='ltr'>θεοπρεπῶς,</span> <span class='ocrx_word' id='word_1_765' title='bbox 1451 5067 1696 5136; x_wconf 79' lang='grc' dir='ltr'>ἀόριστός</span> <span class='ocrx_word' id='word_1_766' title='bbox 1728 5085 1786 5118; x_wconf 90' lang='grc' dir='ltr'><strong>τε</strong></span> <span class='ocrx_word' id='word_1_767' title='bbox 1816 5067 1949 5120; x_wconf 73' lang='grc' dir='ltr'>οὖσα</span> 
     </span>
    </p>
   </div>
   <div class='ocr_carea' id='block_1_100' title="bbox 2064 4612 3628 4683">
    <p class='ocr_par' dir='ltr' id='par_1_100' title="bbox 2064 4612 3628 4683">
     <span class='ocr_line' id='line_1_100' title="bbox 2064 4612 3628 4683; baseline -0.006 -11"><span class='ocrx_word' id='word_1_768' title='bbox 2064 4629 2248 4672; x_wconf 82' lang='lat' dir='ltr'><strong>sancta</strong></span> <span class='ocrx_word' id='word_1_769' title='bbox 2311 4617 2723 4683; x_wconf 78' lang='lat' dir='ltr'><strong>venerandaque</strong></span> <span class='ocrx_word' id='word_1_770' title='bbox 2782 4623 2836 4666; x_wconf 87' lang='lat' dir='ltr'><strong>et</strong></span> <span class='ocrx_word' id='word_1_771' title='bbox 2891 4613 3165 4665; x_wconf 87' lang='lat' dir='ltr'><strong>adoranda</strong></span> <span class='ocrx_word' id='word_1_772' title='bbox 3218 4612 3461 4668; x_wconf 85' lang='lat' dir='ltr'><strong>Trinitas</strong></span> <span class='ocrx_word' id='word_1_773' title='bbox 3540 4621 3628 4665; x_wconf 79' lang='lat' dir='ltr'><strong>est</strong></span> 
     </span>
    </p>
   </div>
   <div class='ocr_carea' id='block_1_101' title="bbox 2060 4700 3630 4770">
    <p class='ocr_par' dir='ltr' id='par_1_101' title="bbox 2060 4700 3630 4770">
     <span class='ocr_line' id='line_1_101' title="bbox 2060 4700 3630 4770; baseline -0.006 -8"><span class='ocrx_word' id='word_1_774' title='bbox 2060 4724 2270 4762; x_wconf 84' lang='lat' dir='ltr'><strong>summa</strong></span> <span class='ocrx_word' id='word_1_775' title='bbox 2321 4707 2537 4760; x_wconf 88' lang='lat' dir='ltr'><strong>bonitas</strong></span> <span class='ocrx_word' id='word_1_776' title='bbox 2589 4720 2653 4758; x_wconf 78' lang='lat' dir='ltr'><strong>ex</strong></span> <span class='ocrx_word' id='word_1_777' title='bbox 2680 4704 2856 4770; x_wconf 80' lang='lat' dir='ltr'><strong>Seipsa</strong></span> <span class='ocrx_word' id='word_1_778' title='bbox 2893 4703 2944 4754; x_wconf 90' lang='lat' dir='ltr'><strong>in</strong></span> <span class='ocrx_word' id='word_1_779' title='bbox 2975 4702 3206 4769; x_wconf 85' lang='lat' dir='ltr'><strong>seipsam</strong></span> <span class='ocrx_word' id='word_1_780' title='bbox 3246 4700 3450 4769; x_wconf 74' lang='lat' dir='ltr'><strong>jngiter</strong></span> <span class='ocrx_word' id='word_1_781' title='bbox 3509 4700 3630 4752; x_wconf 88' lang='lat' dir='ltr'><strong>illa-</strong></span> 
     </span>
    </p>
   </div>
   <div class='ocr_carea' id='block_1_102' title="bbox 2060 4792 3626 4865">
    <p class='ocr_par' dir='ltr' id='par_1_102' title="bbox 2060 4792 3626 4865">
     <span class='ocr_line' id='line_1_102' title="bbox 2060 4792 3626 4865; baseline -0.004 -14"><span class='ocrx_word' id='word_1_782' title='bbox 2060 4807 2212 4861; x_wconf 68' lang='lat' dir='ltr'><strong>tiens,</strong></span> <span class='ocrx_word' id='word_1_783' title='bbox 2241 4807 2294 4852; x_wconf 89' lang='lat' dir='ltr'><strong>et</strong></span> <span class='ocrx_word' id='word_1_784' title='bbox 2325 4799 2377 4850; x_wconf 92' lang='lat' dir='ltr'><strong>in</strong></span> <span class='ocrx_word' id='word_1_785' title='bbox 2409 4798 2582 4865; x_wconf 82' lang='lat' dir='ltr'><strong>seipsa</strong></span> <span class='ocrx_word' id='word_1_786' title='bbox 2605 4807 2732 4850; x_wconf 89' lang='lat' dir='ltr'><strong>ante</strong></span> <span class='ocrx_word' id='word_1_787' title='bbox 2761 4797 2955 4849; x_wconf 75' lang='lat' dir='ltr'><strong>saecula</strong></span> <span class='ocrx_word' id='word_1_788' title='bbox 2975 4794 3156 4846; x_wconf 84' lang='lat' dir='ltr'><strong>divine</strong></span> <span class='ocrx_word' id='word_1_789' title='bbox 3175 4794 3508 4858; x_wconf 85' lang='lat' dir='ltr'><strong>subsistens,</strong></span> <span class='ocrx_word' id='word_1_790' title='bbox 3538 4792 3626 4845; x_wconf 88' lang='lat' dir='ltr'><strong>in-</strong></span> 
     </span>
    </p>
   </div>
   <div class='ocr_carea' id='block_1_103' title="bbox 2062 4884 3624 4955">
    <p class='ocr_par' dir='ltr' id='par_1_103' title="bbox 2062 4884 3624 4955">
     <span class='ocr_line' id='line_1_103' title="bbox 2062 4884 3624 4955; baseline -0.004 -11"><span class='ocrx_word' id='word_1_791' title='bbox 2062 4893 2208 4944; x_wconf 68' lang='lat' dir='ltr'><strong>linita</strong></span> <span class='ocrx_word' id='word_1_792' title='bbox 2248 4899 2302 4943; x_wconf 84' lang='lat' dir='ltr'><strong>et</strong></span> <span class='ocrx_word' id='word_1_793' title='bbox 2329 4906 2355 4940; x_wconf 88' lang='lat' dir='ltr'><strong>a</strong></span> <span class='ocrx_word' id='word_1_794' title='bbox 2385 4903 2442 4943; x_wconf 78' lang='lat' dir='ltr'><strong>se</strong></span> <span class='ocrx_word' id='word_1_795' title='bbox 2471 4903 2574 4942; x_wconf 80' lang='lat' dir='ltr'><strong>una</strong></span> <span class='ocrx_word' id='word_1_796' title='bbox 2603 4887 3045 4955; x_wconf 78' lang='lat' dir='ltr'><strong>circumscripta,</strong></span> <span class='ocrx_word' id='word_1_797' title='bbox 3087 4892 3142 4938; x_wconf 86' lang='lat' dir='ltr'><strong>et</strong></span> <span class='ocrx_word' id='word_1_798' title='bbox 3165 4884 3347 4938; x_wconf 90' lang='lat' dir='ltr'><strong>omnia</strong></span> <span class='ocrx_word' id='word_1_799' title='bbox 3387 4886 3624 4938; x_wconf 88' lang='lat' dir='ltr'><strong>circum-</strong></span> 
     </span>
    </p>
   </div>
   <div class='ocr_carea' id='block_1_104' title="bbox 2061 4975 3624 5051">
    <p class='ocr_par' dir='ltr' id='par_1_104' title="bbox 2061 4975 3624 5051">
     <span class='ocr_line' id='line_1_104' title="bbox 2061 4975 3624 5051; baseline -0.001 -18"><span class='ocrx_word' id='word_1_800' title='bbox 2061 4999 2137 5034; x_wconf 59' lang='grc' dir='ltr'>με.</span> <span class='ocrx_word' id='word_1_801' title='bbox 2157 4984 2332 5044; x_wconf 85' lang='lat' dir='ltr'><strong>ibcns,</strong></span> <span class='ocrx_word' id='word_1_802' title='bbox 2364 4993 2421 5035; x_wconf 90' lang='lat' dir='ltr'><strong>et</strong></span> <span class='ocrx_word' id='word_1_803' title='bbox 2453 4996 2615 5051; x_wconf 81' lang='lat' dir='ltr'><strong>super</strong></span> <span class='ocrx_word' id='word_1_804' title='bbox 2645 4979 2901 5033; x_wconf 89' lang='lat' dir='ltr'><strong>omnibus</strong></span> <span class='ocrx_word' id='word_1_805' title='bbox 2925 4985 3172 5044; x_wconf 78' lang='lat' dir='ltr'><strong>extensa,</strong></span> <span class='ocrx_word' id='word_1_806' title='bbox 3201 4986 3257 5032; x_wconf 89' lang='lat' dir='ltr'><strong>et</strong></span> <span class='ocrx_word' id='word_1_807' title='bbox 3312 4975 3448 5031; x_wconf 89' lang='lat' dir='ltr'><strong>nihil</strong></span> <span class='ocrx_word' id='word_1_808' title='bbox 3472 4986 3624 5032; x_wconf 80' lang='lat' dir='ltr'><strong>extra</strong></span> 
     </span>
    </p>
   </div>
   <div class='ocr_carea' id='block_1_105' title="bbox 2058 5067 2807 5138">
    <p class='ocr_par' dir='ltr' id='par_1_105' title="bbox 2058 5067 2807 5138">
     <span class='ocr_line' id='line_1_105' title="bbox 2058 5067 2807 5138; baseline -0.001 -18"><span class='ocrx_word' id='word_1_809' title='bbox 2058 5073 2409 5138; x_wconf 68' lang='lat' dir='ltr'><strong>semetipsum</strong></span> <span class='ocrx_word' id='word_1_810' title='bbox 2434 5083 2554 5124; x_wconf 79' lang='lat' dir='ltr'><strong>esse</strong></span> <span class='ocrx_word' id='word_1_811' title='bbox 2577 5067 2807 5138; x_wconf 87' lang='lat' dir='ltr'><strong>patiens.</strong></span> 
     </span>
    </p>
   </div>
   <div class='ocr_carea' id='block_1_106' title="bbox 385 5143 3628 5222">
    <p class='ocr_par' dir='ltr' id='par_1_106' title="bbox 385 5143 3628 5222">
     <span class='ocr_line' id='line_1_106' title="bbox 385 5143 3628 5222; baseline 0.001 -26"><span class='ocrx_word' id='word_1_812' title='bbox 385 5143 483 5196; x_wconf 75' lang='grc' dir='ltr'><strong>καὶ</strong></span> <span class='ocrx_word' id='word_1_813' title='bbox 519 5144 673 5213; x_wconf 87' lang='grc' dir='ltr'><strong>παρά</strong></span> <span class='ocrx_word' id='word_1_814' title='bbox 706 5145 877 5213; x_wconf 86' lang='grc' dir='ltr'>μόνης</span> <span class='ocrx_word' id='word_1_815' title='bbox 903 5145 1106 5213; x_wconf 79' lang='grc' dir='ltr'>ἑαυτῆς</span> <span class='ocrx_word' id='word_1_816' title='bbox 1136 5145 1446 5217; x_wconf 84' lang='grc' dir='ltr'>ὡρισμένη,</span> <span class='ocrx_word' id='word_1_817' title='bbox 1483 5150 1576 5201; x_wconf 74' lang='grc' dir='ltr'><strong>καὶ</strong></span> <span class='ocrx_word' id='word_1_818' title='bbox 1600 5157 1667 5201; x_wconf 84' lang='grc' dir='ltr'><strong>τα</strong></span> <span class='ocrx_word' id='word_1_819' title='bbox 1700 5151 1880 5204; x_wconf 89' lang='grc' dir='ltr'>πάντα</span> <span class='ocrx_word' id='word_1_820' title='bbox 1907 5152 2192 5222; x_wconf 77' lang='grc' dir='ltr'>ὁρίζουσα,</span> <span class='ocrx_word' id='word_1_821' title='bbox 2230 5155 2325 5206; x_wconf 76' lang='grc' dir='ltr'><strong>καὶ</strong></span> <span class='ocrx_word' id='word_1_822' title='bbox 2365 5151 2585 5204; x_wconf 86' lang='grc' dir='ltr'>πάντων</span> <span class='ocrx_word' id='word_1_823' title='bbox 2622 5143 3150 5216; x_wconf 83' lang='grc' dir='ltr'>ὑπερεκτεινομένη,</span> <span class='ocrx_word' id='word_1_824' title='bbox 3191 5143 3284 5198; x_wconf 81' lang='grc' dir='ltr'><strong>καὶ</strong></span> <span class='ocrx_word' id='word_1_825' title='bbox 3321 5143 3489 5215; x_wconf 84' lang='grc' dir='ltr'>μηδὲν</span> <span class='ocrx_word' id='word_1_826' title='bbox 3522 5146 3628 5199; x_wconf 76' lang='grc' dir='ltr'><strong>τῶν</strong></span> 
     </span>
    </p>
   </div>
   <div class='ocr_carea' id='block_1_107' title="bbox 381 5231 1168 5300">
    <p class='ocr_par' dir='ltr' id='par_1_107' title="bbox 381 5231 1168 5300">
     <span class='ocr_line' id='line_1_107' title="bbox 381 5231 1168 5300; baseline 0.005 -16"><span class='ocrx_word' id='word_1_827' title='bbox 381 5231 556 5284; x_wconf 75' lang='grc' dir='ltr'>ὄντων</span> <span class='ocrx_word' id='word_1_828' title='bbox 587 5231 742 5294; x_wconf 79' lang='grc' dir='ltr'>ἐκτὸς</span> <span class='ocrx_word' id='word_1_829' title='bbox 765 5233 967 5300; x_wconf 78' lang='grc' dir='ltr'>ἑαυτῆς</span> <span class='ocrx_word' id='word_1_830' title='bbox 999 5233 1168 5288; x_wconf 88' lang='grc' dir='ltr'>ἐῶσα.</span> 
     </span>
    </p>
   </div>
   <div class='ocr_carea' id='block_1_108' title="bbox 452 5309 1948 5382">
    <p class='ocr_par' dir='ltr' id='par_1_108' title="bbox 452 5309 1948 5382">
     <span class='ocr_line' id='line_1_108' title="bbox 452 5309 1948 5382; baseline -0.001 -17"><span class='ocrx_word' id='word_1_831' title='bbox 452 5314 555 5382; x_wconf 83' lang='grc' dir='ltr'>λη’.</span> <span class='ocrx_word' id='word_1_832' title='bbox 583 5313 735 5381; x_wconf 84' lang='grc' dir='ltr'>Ἔχει</span> <span class='ocrx_word' id='word_1_833' title='bbox 761 5314 859 5381; x_wconf 79' lang='grc' dir='ltr'>μὲν</span> <span class='ocrx_word' id='word_1_834' title='bbox 879 5309 970 5364; x_wconf 77' lang='grc' dir='ltr'><strong>οὖν</strong></span> <span class='ocrx_word' id='word_1_835' title='bbox 1008 5319 1101 5364; x_wconf 80' lang='grc' dir='ltr'>καὶ</span> <span class='ocrx_word' id='word_1_836' title='bbox 1139 5315 1172 5382; x_wconf 81' lang='grc' dir='ltr'><strong>η</strong></span> <span class='ocrx_word' id='word_1_837' title='bbox 1229 5312 1336 5366; x_wconf 90' lang='grc' dir='ltr'><strong>τῶν</strong></span> <span class='ocrx_word' id='word_1_838' title='bbox 1381 5311 1628 5378; x_wconf 79' lang='grc' dir='ltr'>ἀγγέλων</span> <span class='ocrx_word' id='word_1_839' title='bbox 1657 5329 1816 5382; x_wconf 87' lang='grc' dir='ltr'>νοερα</span> <span class='ocrx_word' id='word_1_840' title='bbox 1853 5329 1948 5366; x_wconf 81' lang='grc' dir='ltr'><strong>και</strong></span> 
     </span>
    </p>
   </div>
   <div class='ocr_carea' id='block_1_109' title="bbox 380 5401 1948 5474">
    <p class='ocr_par' dir='ltr' id='par_1_109' title="bbox 380 5401 1948 5474">
     <span class='ocr_line' id='line_1_109' title="bbox 380 5401 1948 5474; baseline -0.001 -18"><span class='ocrx_word' id='word_1_841' title='bbox 380 5403 573 5474; x_wconf 84' lang='grc' dir='ltr'>λογικὴ</span> <span class='ocrx_word' id='word_1_842' title='bbox 603 5407 764 5472; x_wconf 81' lang='grc' dir='ltr'>φύσις</span> <span class='ocrx_word' id='word_1_843' title='bbox 796 5404 919 5456; x_wconf 90' lang='grc' dir='ltr'>νοῦν</span> <span class='ocrx_word' id='word_1_844' title='bbox 943 5419 1001 5455; x_wconf 86' lang='grc' dir='ltr'><strong>τε</strong></span> <span class='ocrx_word' id='word_1_845' title='bbox 1033 5406 1126 5456; x_wconf 69' lang='grc' dir='ltr'><strong>και⁵</strong></span> <span class='ocrx_word' id='word_1_846' title='bbox 1168 5403 1326 5469; x_wconf 91' lang='grc' dir='ltr'>λόγον</span> <span class='ocrx_word' id='word_1_847' title='bbox 1351 5404 1414 5454; x_wconf 81' lang='grc' dir='ltr'>ἐκ</span> <span class='ocrx_word' id='word_1_848' title='bbox 1433 5401 1525 5455; x_wconf 88' lang='grc' dir='ltr'><strong>τοῦ</strong></span> <span class='ocrx_word' id='word_1_849' title='bbox 1544 5401 1655 5466; x_wconf 89' lang='grc' dir='ltr'>νοῦ,</span> <span class='ocrx_word' id='word_1_850' title='bbox 1689 5402 1783 5455; x_wconf 81' lang='grc' dir='ltr'><strong>καὶ</strong></span> <span class='ocrx_word' id='word_1_851' title='bbox 1811 5403 1948 5474; x_wconf 81' lang='grc' dir='ltr'>πρὸς</span> 
     </span>
    </p>
   </div>
   <div class='ocr_carea' id='block_1_110' title="bbox 381 5492 1946 5564">
    <p class='ocr_par' dir='ltr' id='par_1_110' title="bbox 381 5492 1946 5564">
     <span class='ocr_line' id='line_1_110' title="bbox 381 5492 1946 5564; baseline 0 -16"><span class='ocrx_word' id='word_1_852' title='bbox 381 5495 472 5548; x_wconf 74' lang='grc' dir='ltr'><strong>τόν</strong></span> <span class='ocrx_word' id='word_1_853' title='bbox 501 5494 656 5562; x_wconf 88' lang='grc' dir='ltr'>λόγον</span> <span class='ocrx_word' id='word_1_854' title='bbox 685 5494 863 5564; x_wconf 74' lang='grc' dir='ltr'>ἔρωτα</span> <span class='ocrx_word' id='word_1_855' title='bbox 913 5492 1007 5546; x_wconf 87' lang='grc' dir='ltr'><strong>τοῦ</strong></span> <span class='ocrx_word' id='word_1_856' title='bbox 1063 5492 1155 5547; x_wconf 88' lang='grc' dir='ltr'><strong>νοῦ</strong></span> <span class='ocrx_word' id='word_1_857' title='bbox 1186 5510 1199 5524; x_wconf 88' lang='grc'><strong>·</strong></span> <span class='ocrx_word' id='word_1_858' title='bbox 1233 5494 1290 5556; x_wconf 84' lang='grc' dir='ltr'>ὃς</span> <span class='ocrx_word' id='word_1_859' title='bbox 1343 5494 1437 5547; x_wconf 70' lang='grc' dir='ltr'><strong>καὶ</strong></span> <span class='ocrx_word' id='word_1_860' title='bbox 1472 5494 1632 5557; x_wconf 78' lang='grc' dir='ltr'>αὑτός</span> <span class='ocrx_word' id='word_1_861' title='bbox 1679 5495 1828 5548; x_wconf 83' lang='grc' dir='ltr'>ἐστιν</span> <span class='ocrx_word' id='word_1_862' title='bbox 1882 5497 1946 5548; x_wconf 82' lang='grc' dir='ltr'><strong>ἐκ</strong></span> 
     </span>
    </p>
   </div>
   <div class='ocr_carea' id='block_1_111' title="bbox 383 5583 1942 5655">
    <p class='ocr_par' dir='ltr' id='par_1_111' title="bbox 383 5583 1942 5655">
     <span class='ocr_line' id='line_1_111' title="bbox 383 5583 1942 5655; baseline 0 -17"><span class='ocrx_word' id='word_1_863' title='bbox 383 5586 475 5639; x_wconf 83' lang='grc' dir='ltr'><strong>τοῦ</strong></span> <span class='ocrx_word' id='word_1_864' title='bbox 509 5586 622 5648; x_wconf 88' lang='grc' dir='ltr'>νοῦ,</span> <span class='ocrx_word' id='word_1_865' title='bbox 652 5586 745 5636; x_wconf 63' lang='grc' dir='ltr'>καὶ.</span> <span class='ocrx_word' id='word_1_866' title='bbox 799 5583 1048 5637; x_wconf 83' lang='grc' dir='ltr'>σύνεστιν</span> <span class='ocrx_word' id='word_1_867' title='bbox 1079 5584 1166 5638; x_wconf 72' lang='grc' dir='ltr'>ἀεὶ</span> <span class='ocrx_word' id='word_1_868' title='bbox 1197 5583 1272 5654; x_wconf 79' lang='grc' dir='ltr'>τῷ</span> <span class='ocrx_word' id='word_1_869' title='bbox 1301 5603 1358 5637; x_wconf 88' lang='grc' dir='ltr'><strong>τε</strong></span> <span class='ocrx_word' id='word_1_870' title='bbox 1409 5585 1549 5655; x_wconf 81' lang='grc' dir='ltr'>λόγῳ</span> <span class='ocrx_word' id='word_1_871' title='bbox 1592 5587 1684 5638; x_wconf 78' lang='grc' dir='ltr'><strong>καὶ</strong></span> <span class='ocrx_word' id='word_1_872' title='bbox 1739 5584 1816 5654; x_wconf 79' lang='grc' dir='ltr'><strong>τῷ</strong></span> <span class='ocrx_word' id='word_1_873' title='bbox 1846 5588 1942 5654; x_wconf 86' lang='grc' dir='ltr'>νῷ,</span> 
     </span>
    </p>
   </div>
   <div class='ocr_carea' id='block_1_112' title="bbox 384 5674 1943 5746">
    <p class='ocr_par' dir='ltr' id='par_1_112' title="bbox 384 5674 1943 5746">
     <span class='ocr_line' id='line_1_112' title="bbox 384 5674 1943 5746; baseline 0 -18"><span class='ocrx_word' id='word_1_874' title='bbox 384 5677 478 5728; x_wconf 76' lang='grc' dir='ltr'><strong>καὶ</strong></span> <span class='ocrx_word' id='word_1_875' title='bbox 505 5677 722 5744; x_wconf 86' lang='grc' dir='ltr'>πνεῦμα</span> <span class='ocrx_word' id='word_1_876' title='bbox 756 5676 821 5728; x_wconf 84' lang='grc' dir='ltr'>ἂν</span> <span class='ocrx_word' id='word_1_877' title='bbox 850 5674 1086 5740; x_wconf 81' lang='grc' dir='ltr'>καλοῖτο,</span> <span class='ocrx_word' id='word_1_878' title='bbox 1125 5674 1198 5739; x_wconf 85' lang='grc' dir='ltr'><strong>ὡς</strong></span> <span class='ocrx_word' id='word_1_879' title='bbox 1227 5676 1305 5746; x_wconf 81' lang='grc' dir='ltr'><strong>τῷ</strong></span> <span class='ocrx_word' id='word_1_880' title='bbox 1334 5675 1474 5744; x_wconf 88' lang='grc' dir='ltr'>λόγῳ</span> <span class='ocrx_word' id='word_1_881' title='bbox 1505 5677 1662 5745; x_wconf 83' lang='grc' dir='ltr'>φύσει</span> <span class='ocrx_word' id='word_1_882' title='bbox 1691 5693 1943 5746; x_wconf 76' lang='grc' dir='ltr'>συμπαρο</span> 
     </span>
    </p>
   </div>
   <div class='ocr_carea' id='block_1_113' title="bbox 383 5763 1944 5836">
    <p class='ocr_par' dir='ltr' id='par_1_113' title="bbox 383 5763 1944 5836">
     <span class='ocr_line' id='line_1_113' title="bbox 383 5763 1944 5836; baseline 0 -18"><span class='ocrx_word' id='word_1_883' title='bbox 383 5767 660 5834; x_wconf 81' lang='grc' dir='ltr'>ομαρτῶν.</span> <span class='ocrx_word' id='word_1_884' title='bbox 711 5764 863 5818; x_wconf 74' lang='grc' dir='ltr'>Ἀλλ’</span> <span class='ocrx_word' id='word_1_885' title='bbox 890 5765 991 5819; x_wconf 82' lang='grc' dir='ltr'><strong>οὐκ</strong></span> <span class='ocrx_word' id='word_1_886' title='bbox 1047 5765 1284 5836; x_wconf 77' lang='grc' dir='ltr'>ἔχεικαὶ</span> <span class='ocrx_word' id='word_1_887' title='bbox 1339 5763 1601 5831; x_wconf 72' lang='grc' dir='ltr'>ζωοποιὸν</span> <span class='ocrx_word' id='word_1_888' title='bbox 1628 5765 1689 5819; x_wconf 79' lang='grc' dir='ltr'><strong>το</strong></span> <span class='ocrx_word' id='word_1_889' title='bbox 1727 5765 1944 5836; x_wconf 62' lang='grc' dir='ltr'>πειεῦμα</span> 
     </span>
    </p>
   </div>
   <div class='ocr_carea' id='block_1_114' title="bbox 463 5881 918 5950">
    <p class='ocr_par' dir='ltr' id='par_1_114' title="bbox 463 5881 918 5950">
     <span class='ocr_line' id='line_1_114' title="bbox 463 5881 918 5950; baseline 0.009 -12"><span class='ocrx_word' id='word_1_890' title='bbox 463 5881 504 5915; x_wconf 82' lang='grc'>⁸⁸</span> <span class='ocrx_word' id='word_1_891' title='bbox 526 5881 682 5938; x_wconf 81' lang='lat' dir='ltr'><strong>Joan.</strong></span> <span class='ocrx_word' id='word_1_892' title='bbox 716 5900 803 5950; x_wconf 80' lang='lat' dir='ltr'><strong>xv,</strong></span> <span class='ocrx_word' id='word_1_893' title='bbox 827 5884 918 5941; x_wconf 70' lang='lat'><strong>26.</strong></span> 
     </span>
    </p>
   </div>
   <div class='ocr_carea' id='block_1_115' title="bbox 2120 5308 3613 5380">
    <p class='ocr_par' dir='ltr' id='par_1_115' title="bbox 2120 5308 3613 5380">
     <span class='ocr_line' id='line_1_115' title="bbox 2120 5308 3613 5380; baseline 0.001 -17"><span class='ocrx_word' id='word_1_894' title='bbox 2120 5310 2205 5363; x_wconf 77' lang='grc'><strong>58.</strong></span> <span class='ocrx_word' id='word_1_895' title='bbox 2235 5308 2409 5365; x_wconf 79' lang='lat' dir='ltr'><strong>liabet</strong></span> <span class='ocrx_word' id='word_1_896' title='bbox 2430 5311 2644 5380; x_wconf 88' lang='lat' dir='ltr'><strong>quidem</strong></span> <span class='ocrx_word' id='word_1_897' title='bbox 2693 5311 3006 5378; x_wconf 76' lang='lat' dir='ltr'><strong>angelorum</strong></span> <span class='ocrx_word' id='word_1_898' title='bbox 3034 5326 3248 5380; x_wconf 92' lang='lat' dir='ltr'><strong>quoque</strong></span> <span class='ocrx_word' id='word_1_899' title='bbox 3274 5309 3613 5364; x_wconf 83' lang='lat' dir='ltr'><strong>intellectua-</strong></span> 
     </span>
    </p>
   </div>
   <div class='ocr_carea' id='block_1_116' title="bbox 2049 5401 3613 5467">
    <p class='ocr_par' dir='ltr' id='par_1_116' title="bbox 2049 5401 3613 5467">
     <span class='ocr_line' id='line_1_116' title="bbox 2049 5401 3613 5467; baseline -0.001 -11"><span class='ocrx_word' id='word_1_900' title='bbox 2049 5401 2117 5456; x_wconf 88' lang='lat' dir='ltr'><strong>lis</strong></span> <span class='ocrx_word' id='word_1_901' title='bbox 2147 5411 2200 5456; x_wconf 91' lang='lat' dir='ltr'><strong>et.</strong></span> <span class='ocrx_word' id='word_1_902' title='bbox 2231 5403 2515 5456; x_wconf 88' lang='lat' dir='ltr'><strong>rationalis</strong></span> <span class='ocrx_word' id='word_1_903' title='bbox 2549 5411 2742 5455; x_wconf 88' lang='lat' dir='ltr'><strong>natura</strong></span> <span class='ocrx_word' id='word_1_904' title='bbox 2774 5402 3132 5467; x_wconf 89' lang='lat' dir='ltr'><strong>intellectum,</strong></span> <span class='ocrx_word' id='word_1_905' title='bbox 3167 5411 3222 5458; x_wconf 87' lang='lat' dir='ltr'><strong>et</strong></span> <span class='ocrx_word' id='word_1_906' title='bbox 3240 5419 3305 5457; x_wconf 78' lang='lat' dir='ltr'><strong>ex</strong></span> <span class='ocrx_word' id='word_1_907' title='bbox 3337 5401 3613 5456; x_wconf 85' lang='lat' dir='ltr'><strong>intellectu</strong></span> 
     </span>
    </p>
   </div>
   <div class='ocr_carea' id='block_1_117' title="bbox 2051 5493 3622 5561">
    <p class='ocr_par' dir='ltr' id='par_1_117' title="bbox 2051 5493 3622 5561">
     <span class='ocr_line' id='line_1_117' title="bbox 2051 5493 3622 5561; baseline 0.001 -17"><span class='ocrx_word' id='word_1_908' title='bbox 2051 5495 2296 5560; x_wconf 80' lang='lat' dir='ltr'><strong>verbum,</strong></span> <span class='ocrx_word' id='word_1_909' title='bbox 2332 5503 2386 5548; x_wconf 87' lang='lat' dir='ltr'><strong>et</strong></span> <span class='ocrx_word' id='word_1_910' title='bbox 2421 5493 2726 5547; x_wconf 89' lang='lat' dir='ltr'><strong>intellectus</strong></span> <span class='ocrx_word' id='word_1_911' title='bbox 2773 5495 2826 5548; x_wconf 90' lang='lat' dir='ltr'><strong>in</strong></span> <span class='ocrx_word' id='word_1_912' title='bbox 2860 5495 3084 5549; x_wconf 87' lang='lat' dir='ltr'><strong>verbum</strong></span> <span class='ocrx_word' id='word_1_913' title='bbox 3137 5510 3398 5560; x_wconf 87' lang='lat' dir='ltr'><strong>amorem,</strong></span> <span class='ocrx_word' id='word_1_914' title='bbox 3439 5494 3532 5561; x_wconf 91' lang='lat' dir='ltr'><strong>qui</strong></span> <span class='ocrx_word' id='word_1_915' title='bbox 3563 5500 3622 5546; x_wconf 72' lang='lat' dir='ltr'><strong>et</strong></span> 
     </span>
    </p>
   </div>
   <div class='ocr_carea' id='block_1_118' title="bbox 2051 5583 3619 5654">
    <p class='ocr_par' dir='ltr' id='par_1_118' title="bbox 2051 5583 3619 5654">
     <span class='ocr_line' id='line_1_118' title="bbox 2051 5583 3619 5654; baseline 0 -18"><span class='ocrx_word' id='word_1_916' title='bbox 2051 5585 2164 5654; x_wconf 91' lang='lat' dir='ltr'><strong>ipse</strong></span> <span class='ocrx_word' id='word_1_917' title='bbox 2193 5600 2257 5638; x_wconf 81' lang='lat' dir='ltr'><strong>ex</strong></span> <span class='ocrx_word' id='word_1_918' title='bbox 2295 5585 2568 5641; x_wconf 78' lang='lat' dir='ltr'><strong>intellectu</strong></span> <span class='ocrx_word' id='word_1_919' title='bbox 2638 5595 2744 5652; x_wconf 85' lang='lat' dir='ltr'><strong>est,</strong></span> <span class='ocrx_word' id='word_1_920' title='bbox 2781 5596 2836 5640; x_wconf 90' lang='lat' dir='ltr'><strong>et</strong></span> <span class='ocrx_word' id='word_1_921' title='bbox 2873 5589 3116 5641; x_wconf 70' lang='lat' dir='ltr'><strong>adhaeret</strong></span> <span class='ocrx_word' id='word_1_922' title='bbox 3146 5601 3362 5654; x_wconf 88' lang='lat' dir='ltr'><strong>semper</strong></span> <span class='ocrx_word' id='word_1_923' title='bbox 3408 5583 3619 5638; x_wconf 82' lang='lat' dir='ltr'><strong>intelle-</strong></span> 
     </span>
    </p>
   </div>
   <div class='ocr_carea' id='block_1_119' title="bbox 2050 5673 3618 5748">
    <p class='ocr_par' dir='ltr' id='par_1_119' title="bbox 2050 5673 3618 5748">
     <span class='ocr_line' id='line_1_119' title="bbox 2050 5673 3618 5748; baseline -0.002 -18"><span class='ocrx_word' id='word_1_924' title='bbox 2050 5677 2160 5730; x_wconf 89' lang='lat' dir='ltr'><strong>clui</strong></span> <span class='ocrx_word' id='word_1_925' title='bbox 2197 5685 2253 5730; x_wconf 88' lang='lat' dir='ltr'><strong>et</strong></span> <span class='ocrx_word' id='word_1_926' title='bbox 2296 5676 2483 5740; x_wconf 80' lang='lat' dir='ltr'><strong>verbo,</strong></span> <span class='ocrx_word' id='word_1_927' title='bbox 2512 5686 2567 5730; x_wconf 87' lang='lat' dir='ltr'><strong>et</strong></span> <span class='ocrx_word' id='word_1_928' title='bbox 2620 5679 2850 5748; x_wconf 86' lang='lat' dir='ltr'><strong>spiritus</strong></span> <span class='ocrx_word' id='word_1_929' title='bbox 2897 5679 3080 5732; x_wconf 85' lang='lat' dir='ltr'><strong>vocari</strong></span> <span class='ocrx_word' id='word_1_930' title='bbox 3109 5686 3316 5747; x_wconf 88' lang='lat' dir='ltr'><strong>posset,</strong></span> <span class='ocrx_word' id='word_1_931' title='bbox 3350 5685 3408 5730; x_wconf 87' lang='lat' dir='ltr'><strong>ut</strong></span> <span class='ocrx_word' id='word_1_932' title='bbox 3466 5673 3618 5728; x_wconf 86' lang='lat' dir='ltr'><strong>verbi</strong></span> 
     </span>
    </p>
   </div>
   <div class='ocr_carea' id='block_1_120' title="bbox 2051 5765 3623 5840">
    <p class='ocr_par' dir='ltr' id='par_1_120' title="bbox 2051 5765 3623 5840">
     <span class='ocr_line' id='line_1_120' title="bbox 2051 5765 3623 5840; baseline 0.001 -20"><span class='ocrx_word' id='word_1_933' title='bbox 2051 5766 2370 5822; x_wconf 82' lang='lat' dir='ltr'><strong>naturaliter</strong></span> <span class='ocrx_word' id='word_1_934' title='bbox 2392 5781 2599 5825; x_wconf 86' lang='lat' dir='ltr'><strong>comes.</strong></span> <span class='ocrx_word' id='word_1_935' title='bbox 2665 5769 2771 5826; x_wconf 86' lang='lat' dir='ltr'><strong>Sed</strong></span> <span class='ocrx_word' id='word_1_936' title='bbox 2808 5769 3053 5827; x_wconf 83' lang='lat' dir='ltr'><strong>vivitlcus</strong></span> <span class='ocrx_word' id='word_1_937' title='bbox 3085 5784 3191 5826; x_wconf 88' lang='lat' dir='ltr'><strong>non</strong></span> <span class='ocrx_word' id='word_1_938' title='bbox 3221 5779 3307 5827; x_wconf 84' lang='lat' dir='ltr'><strong>est</strong></span> <span class='ocrx_word' id='word_1_939' title='bbox 3329 5768 3416 5826; x_wconf 87' lang='lat' dir='ltr'><strong>hic</strong></span> <span class='ocrx_word' id='word_1_940' title='bbox 3449 5765 3623 5840; x_wconf 82' lang='lat' dir='ltr'><strong>spiri—</strong></span> 
     </span>
    </p>
   </div>
  </div>
