4146 6308
634 339 768 398 1M7

1865 346 2253 407 GREGORII
2314 348 2643 411 PALAMR

3724 350 3854 412 1118

630 463 740 513 tus,
776 451 914 519 quia'
938 451 1288 521 conjunctum
1323 454 1463 508 haud
1512 457 1719 524 accepit
1746 472 1774 510 a
1823 455 1933 511 Deo
1964 462 2029 512 de
2062 470 2193 511 terra

2302 450 2460 501 τοῦτο
2482 465 2495 478 ·
2520 450 2641 503 οὐδέ
2664 449 2769 519 γὰρ
2802 449 3142 518 συνημμένον
3171 448 3392 518 εἴληφεν
3437 449 3501 500 ἐκ
3554 451 3655 516 γῆς
3716 464 3852 517 παρα

627 557 853 609 corpus,
911 542 1065 609 cujus
1126 545 1433 599 vivilleandi
1489 556 1541 599 et
1594 548 1947 601 conservandi
1997 549 2197 605 virtute

628 636 880 701 polleret.
912 635 1145 688 Econtra
1189 637 1577 691 intellectualis
1608 648 1664 692 et
1696 640 1972 694 rationalis
2004 650 2196 694 natma

628 726 846 789 anitum,
879 726 1004 794 quia
1040 736 1255 778 terreno
1277 736 1566 782 concreata
1615 737 1696 780 est
1732 728 1969 796 corpori,
2025 727 2198 781 vivitiv

627 832 750 868 enim
791 833 818 868 a
855 817 963 870 Deo
990 817 1200 885 accepit
1226 802 1502 886 spiritum,
1541 834 1650 885 quo
1685 830 1982 874 conservat
2009 828 2065 872 et
2121 820 2198 871 vi-

629 911 809 962 vilicat
850 910 1202 977 conjunctum
1235 924 1477 977 corpus;
1515 912 1654 962 unde
1689 912 1974 977 sagacihns
2028 911 2198 977 liquet

631 1002 1046 1055 intellectualem
1072 1016 1312 1053 amorem
1338 1016 1459 1056 esse
1506 1001 1743 1055 hominis
1795 1003 2042 1070 spiritum
2073 1020 2198 1057 cor-

630 1111 728 1161 pus
752 1094 1146 1159 viviﬁcantem,
1184 1095 1273 1160 qui
1309 1104 1390 1148 cst
1419 1110 1481 1146 ex
1520 1094 1800 1148 intellectu
1837 1106 1891 1147 et
1919 1111 1978 1147 ex
2009 1094 2196 1160 vcrbo,

628 1191 682 1236 ct
710 1183 1000 1245 intellectui
1026 1183 1188 1243 inest,
1218 1192 1268 1236 et
1305 1184 1356 1236 iu
1391 1199 1448 1236 se
1473 1184 1632 1237 habet
1658 1187 1880 1239 verbum
1906 1195 1957 1237 et
1992 1184 2200 1239 intelle-

629 1282 797 1325 ctum.
827 1273 930 1327 Per
958 1275 1134 1342 ipsum
1160 1274 1305 1329 enim
1334 1278 1512 1329 anima
1543 1286 1694 1330 tanto
1722 1278 1787 1331 ad
1820 1292 1975 1331 suum
2004 1292 2201 1344 corpus

629 1366 930 1418 devincitur
960 1382 1165 1430 amore,
1220 1376 1277 1421 ut
1332 1383 1613 1433 nunquam
1687 1370 1825 1421 istml
1887 1367 2200 1434 relinquere

630 1472 729 1510 nec
784 1460 1058 1513 ullatenus
1101 1463 1352 1515 deserere
1418 1462 1571 1528 velit,
1628 1460 1730 1515 nisi
1787 1462 1896 1514 vim
1954 1462 2201 1513 exterius

629 1550 894 1604 intercute
925 1554 1248 1621 gravissimo
1289 1555 1520 1622 quodam
1544 1553 1736 1608 morbo
1765 1560 1857 1607 aut
1881 1553 2121 1607 vulnere.

696 1844 783 1901 59.
833 1847 1220 1904 lntellectnalis
1245 1859 1297 1903 et
1357 1849 1642 1906 rationalis
1707 1861 1901 1905 natura
1971 1853 2185 1917 :mimre,
2225 1833 2263 1884 Β

621 1951 746 1991 cum
781 1939 893 1992 sola
930 1939 1126 1993 habeat
1161 1941 1523 2007 intellectum,
1558 1944 1783 1997 verbum
1824 1952 1879 1997 et
1936 1946 2187 2011 spiritum

621 2031 1009 2095 viviﬁcantem,
1072 2034 1183 2089 sola
1238 2045 1292 2089 et
1355 2038 1533 2103 potius
1601 2052 1767 2105 quam
1825 2037 2193 2106 incorporales

620 2124 790 2185 angeli
825 2127 889 2179 ad
922 2123 1210 2193 imaginem
1240 2128 1332 2181 Dei
1365 2130 1433 2182 ab
1469 2129 1587 2199 ipso
1616 2140 1799 2183 creata
1833 2138 1937 2193 est,
1971 2139 2026 2181 ct
2086 2130 2188 2183 hoc

620 2215 871 2269 amittere
902 2219 1109 2285 nequit,
1137 2221 1353 2274 etiantsi
1385 2236 1538 2274 suam
1571 2238 1680 2275 non
1708 2228 1973 2289 agnoscat
2018 2220 2193 2290 digni-

622 2313 816 2368 tatem,
854 2323 953 2361 uec
977 2311 1137 2377 digne
1185 2312 1276 2363 illo
1306 2316 1396 2381 qui
1423 2313 1591 2377 ipsam
1622 2314 1687 2365 ad
1721 2327 1870 2366 suam
1907 2314 2191 2376 imaginem

622 2402 847 2465 creavit,
877 2406 1074 2456 sentiat
1102 2414 1153 2458 et
1184 2416 1325 2472 agat.
1365 2407 1503 2471 Quin
1540 2408 1649 2460 into
1678 2416 1797 2474 p051
1821 2407 2017 2458 avitatn
2045 2406 2191 2459 illaut

621 2492 673 2544 in
708 2496 956 2560 paradiso
989 2512 1085 2564 per
1144 2498 1346 2565 lignum
1381 2500 1911 2567 praevaricationem,
1951 2508 2001 2550 et
2036 2506 2188 2563 past-

620 2597 785 2651 quam
827 2595 952 2637 ante
980 2596 1205 2640 mortem
1236 2589 1484 2656 corporis
1515 2605 1615 2644 nos
1637 2590 1829 2642 animze
1862 2589 2192 2642 incurrimus

619 2688 875 2740 mortem,
910 2693 1030 2745 qua!
1058 2688 1141 2732 est
1168 2681 1363 2733 animm
1391 2697 1418 2732 ε
1459 2680 1569 2734 Deo
1617 2682 1910 2749 separatio,
1940 2686 2190 2750 quamvis

619 2766 855 2819 divinam
891 2770 1234 2824 atniserinnts
1264 2772 1703 2838 similitudinem,
1743 2790 1847 2825 ttott
1900 2783 2079 2827 tamen
2121 2775 2187 2828 ad

619 2858 908 2925 imaginem
972 2860 1062 2913 Dei
1087 2877 1209 2915 esse
1247 2863 1531 2918 desiimus.
1566 2864 1747 2928 Quare
1783 2864 1829 2918 si
1877 2865 2060 2918 anima
2105 2881 2188 2919 re-

619 2950 800 3017 pudiet
830 2951 1070 3004 babi'um
1109 2954 1259 3016 mali,
1285 2968 1337 3007 et
1361 2957 1632 3010 eharitate
1699 2956 1844 3009 bono
1888 2957 2183 3020 adhmreat,

619 3056 670 3097 et
693 3045 819 3098 huic
859 3059 917 3098 se
949 3047 1145 3101 subdat
1184 3048 1439 3116 operilms
1463 3060 1516 3103 et
1542 3051 1807 3105 exercitio
1842 3050 2083 3110 virtutis.
2119 3052 2188 3124 ab

619 3151 682 3190 eo
712 3137 1050 3191 illuminatur
1073 3150 1121 3194 et
1149 3141 1461 3205 decoratur,
1481 3145 1613 3197 etad
1642 3143 1921 3197 meliorem
1974 3144 2181 3214 frugem
2212 3170 2255 3228 α

619 3232 921 3285 obediundu
986 3236 1103 3297 ejus
1157 3235 1401 3311 consiliis
1470 3246 1526 3290 et
1571 3237 2069 3302 exhortationibus,
2123 3251 2181 3292 se

614 3324 905 3393 recipiens,
949 3342 1130 3379 veram
1174 3338 1544 3398 atternamque
1586 3328 1941 3395 consequitur
1986 3329 2180 3391 vitam,

615 3427 667 3469 et
694 3432 789 3484 per
819 3418 961 3472 hanc
987 3420 1148 3472 etiam
1192 3421 1543 3490 conjunctum
1569 3437 1770 3491 corpus
1798 3422 1928 3476 facit
1954 3424 2183 3477 immor-

619 3514 746 3571 tale,
775 3514 1057 3578 promissa)
1090 3515 1508 3569 resurrectionis
1531 3517 1581 3569 in
1614 3526 1860 3583 tempore
1886 3517 2182 3585 particeps,

615 3612 671 3655 et
692 3612 906 3657 :etcrnze
947 3606 1131 3674 giOl‘iie
1157 3622 1403 3661 consors.
1436 3607 1493 3662 Si
1520 3622 1654 3662 vero
1679 3624 1784 3662 non
1827 3608 2037 3678 rcjiciat
2061 3623 2186 3663 suos

620 3695 675 3747 iu
714 3696 910 3748 malum
949 3697 1165 3750 habitus
1210 3709 1263 3751 et
1293 3697 1492 3765 lapsus,
1535 3699 1734 3767 quibus
1762 3701 1962 3755 tadum
2018 3701 2188 3754 inurit

620 3780 853 3835 dedecus
906 3780 1001 3835 Dei
1062 3784 1308 3850 imagini,
1364 3786 1711 3841 abalienatur
1745 3804 1809 3843 ac
1840 3791 2123 3857 repellitur
2155 3805 2184 3843 a

622 3886 747 3924 vera
809 3888 1042 3941 vereque
1082 3875 1236 3930 beata
1302 3878 1391 3933 Dei
1428 3880 1563 3947 vita,
1621 3890 1675 3934 et
1705 3882 1834 3950 quia
1872 3882 2015 3935 hunc
2071 3883 2185 3951 ipsa

621 3963 769 4030 prior
792 3965 1100 4036 dereliquit,
1137 3970 1331 4026 merito
1363 3987 1391 4025 a
1445 3972 1588 4029 bono
1624 3976 2038 4047 derelinquitur.

692 4239 783 4294 40.
814 4242 994 4296 Altera
1030 4259 1058 4297 a
1089 4261 1298 4300 summa
1324 4249 1592 4307 Trinitate
1626 4253 1867 4323 trinitas,
1906 4267 2093 4327 utpote
2118 4258 2187 4313 ab

619 4344 682 4385 ea
718 4336 886 4401 magis
926 4351 1086 4403 quant
1117 4340 1334 4405 quidvis
1364 4343 1508 4396 aliud
1543 4346 1610 4399 ad
1679 4347 1851 4415 ipsius
1896 4348 2186 4419 imaginem

622 4422 766 4476 facta
803 4440 924 4480 cum
954 4429 1249 4493 intellectu,
1276 4436 1442 4486 verbo
1473 4447 1529 4489 ct
1559 4438 1774 4504 spiritu,
1828 4440 2039 4494 Scilicet
2067 4444 2188 4495 ani-

624 4533 710 4569 ma
745 4520 975 4572 humana
1030 4537 1249 4576 Servare
1287 4525 1444 4580 debet
1497 4544 1652 4582 suum
1703 4533 1971 4597 ordinem,
2003 4545 2059 4587 et
2089 4534 2187 4587 soli
2222 4538 2265 4593 D
2298 4551 2350 4602 δέ

627 4609 734 4662 Deo
784 4611 1087 4681 subjacere,
1116 4623 1172 4668 et
1212 4616 1337 4670 huic
1370 4626 1579 4673 tantum
1637 4622 1909 4693 subjungi,
1943 4628 2098 4679 subdi
2137 4637 2191 4682 ct

624 4703 864 4768 obedire,
898 4720 1133 4775 eumque
1162 4724 1326 4761 unum
1391 4711 1613 4775 intueri,
1646 4724 1700 4768 ct
1732 4732 1927 4769 ornare
1957 4719 2188 4786 seipsam

624 4794 743 4863 ejus
777 4799 1039 4850 memoria
1073 4799 1636 4870 contemplationcqne
1694 4820 1756 4859 ac
1820 4805 2189 4861 fervidissima

624 4887 1086 4942 etardctttissima
1139 4891 1460 4949 charitate:
1518 4896 1715 4964 quibus
1775 4898 2097 4953 mirabiliter
2136 4902 2187 4953 in

625 4978 858 5045 scipsam
916 4982 1228 5047 attrahitur,
1288 4999 1384 5038 seu
1451 4988 1632 5053 potius
1668 4989 1732 5040 ad
1791 5003 1849 5041 se
1897 4991 2190 5060 aliquando

622 5071 849 5124 attrahit
905 5084 1114 5127 naturas
1182 5074 1329 5129 illius
1393 5079 1681 5148 mysticum
1752 5079 2190 5152 iuctlabilemque

627 5160 967 5226 S|tlt'l|d0:'ellt
1002 5180 1017 5226 ;
1058 5173 1113 5218 et
1163 5174 1289 5219 tunc
1339 5167 1627 5235 imaginem
1664 5179 1717 5221 et
1776 5170 2188 5225 similitudinem

627 5253 811 5317 habet,
840 5268 1003 5321 quam
1038 5257 1320 5312 verissime
1350 5261 1611 5323 gratiosa,
1664 5261 1881 5328 sapiens
1911 5272 2074 5330 atque
2111 5264 2192 5315 di-

627 5346 750 5399 vina
785 5361 881 5413 per
910 5362 1026 5399 eam
1085 5347 1243 5402 facta.
1281 5350 1352 5402 Ea
1386 5355 1553 5417 enim,
1581 5352 1699 5405 sive
1733 5353 2021 5407 visibilitcr
2056 5369 2186 5423 pra»

623 5447 801 5501 sente,
827 5437 942 5492 sive
973 5438 1337 5505 invisibiliter,
1372 5451 1429 5495 ttt
1454 5444 1772 5511 plerumque
1803 5460 1945 5497 nunc
1972 5447 2190 5499 contiu-

622 5530 719 5594 git,
778 5534 1273 5600 apprOpinquantc,
1308 5534 1530 5588 docetur
1572 5536 1739 5588 Deum
1799 5552 1956 5604 supra
1994 5548 2188 5592 semet-

624 5619 816 5689 ipsam,
876 5626 1181 5692 proximum
1219 5639 1344 5678 vero
1369 5636 1424 5678 ut
1450 5628 1682 5692 seipsam
1707 5644 1908 5695 amare,
1945 5644 2009 5683 ac
2035 5631 2191 5683 dein-

623 5714 712 5776 de,
748 5716 830 5767 sui
860 5716 1029 5781 ipsius
1075 5716 1396 5786 dignitatem
1432 5728 1484 5772 et
1532 5720 1777 5773 ordinem
1811 5723 2191 5789 cognoscendo

623 5816 674 5860 ct
708 5811 1101 5874 conservando,
1136 5810 1420 5867 verissime
1447 5812 1681 5882 seipsam
1746 5814 1992 5883 diligere.
2052 5811 2186 5869 Nam

2303 538 2437 591 Θεοῦ
2473 542 2649 610 σῶμα,
2686 541 2772 593 ἴνα
2821 543 2911 593 καὶ
2969 541 3231 604 ζωοποιόν
3280 558 3339 593 τε
3391 540 3486 591 καὶ
3536 544 3855 608 συνεκτικὴν

2302 631 2444 705 λάϐῃ
2466 633 2601 702 πρὸς
2624 632 2780 685 τοῦτο
2818 632 3064 701 δύναμιν.
3138 632 3199 686 'll
3230 634 3286 685 δὲ
3324 633 3484 701 νοερᾶ
3532 618 3627 683 καὶ
3676 632 3857 697 λογικὶ-

2313 727 2471 794 goat;
2507 728 2602 795 τῆς
2625 727 2823 796 ψυχῆς,
2872 728 2993 778 ἐπεὶ
3035 726 3207 796 γηΐνῳ
3264 724 3585 794 συνεκτίσθη
3639 724 3865 795 σώματι,

2310 820 2402 869 καὶ
2433 817 2690 881 ζωοποιδν
2714 818 2877 883 ¹ἔλαϐε
2906 818 2966 870 τὸ
2995 815 3213 885 πνεῦμα
3243 816 3392 883 παρὰ
3424 815 3518 868 τοῦ
3546 815 3700 879 Θεοῦ,
3728 818 3794 869 δι’
3815 809 3869 871 οῦ

2312 911 2521 979 συνέχει
2554 913 2647 963 καὶ
2676 910 2931 973 ζωοποιεῖ
2962 910 3020 962 τὸ
3040 910 3384 978 συνημμένον
3439 908 3620 976 σῶμα,
3655 910 3785 976 παρ’
3813 905 3868 964 οὗ

2310 1004 2404 1055 καὶ
2433 1003 2703 1055 δείκνυται
2731 1005 2843 1066 τοῖς
2899 1002 3192 1064 συνιοῦσιν,
3224 1002 3306 1053 ὅτι
3340 1001 3523 1069 νοερός
3568 1002 3714 1052 ἐστιν
3744 1002 3871 1069 ἔρως

2308 1094 2368 1146 τὸ
2393 1093 2484 1146 τοῦ
2518 1094 2800 1164 ἀνθρώπου
2834 1093 3071 1161 πνεῦμα,
3093 1093 3154 1144 τὸ
3179 1092 3271 1145 τοῦ
3302 1092 3551 1161 σώματος
3577 1091 3832 1155 ζωοποιὸν
3853 1109 3866 1124 ο

2308 1187 2445 1255 ὅπερ
2477 1187 2538 1237 ἐκ
2577 1185 2669 1239 τοῦ
2704 1186 2794 1237 νοῦ
2828 1188 2941 1236 ἐστι
2977 1184 3072 1236 καὶ
3104 1183 3198 1235 τοῦ
3256 1182 3415 1250 λόγου
3480 1184 3616 1244 ἐστὶ,
3671 1184 3768 1236 καὶ
3819 1186 3870 1235 ὲν

2313 1277 2392 1346 τῷ
2431 1277 2575 1347 λόγῳ
2610 1276 2807 1344 καὶτῷ
2839 1275 2914 1342 νῷ
2948 1276 3083 1337 ἐστι,
3124 1275 3218 1326 καὶ
3239 1275 3296 1325 ἐν
3346 1272 3493 1341 αὺτῷ
3528 1273 3639 1341 ἔχει
3698 1274 3789 1324 τόν
3818 1289 3867 1324 τε

2309 1370 2465 1435 λόγον
2495 1370 2586 1421 καὶ
2614 1368 2704 1419 τδν
2745 1367 2889 1420 νοῦν.
2927 1364 3192 1418 Τοσοῦτον
3237 1364 3345 1433 γὰρ
3384 1364 3652 1432 ἐρασμίαν
3682 1362 3868 1431 ἔχειδι⁹

2308 1460 2471 1513 αὐτοῦ
2508 1459 2751 1528 φυσικῶς
2784 1459 2883 1527 τὴν
2910 1457 3047 1525 πρὶς
3099 1456 3159 1506 τὸ
3196 1457 3393 1507 οἰκεῖον
3436 1454 3594 1517 σῶμα
3649 1456 3682 1522 ἡ
3737 1452 3869 1521 duxi}

2309 1553 2626 1620 συνάφειαν,
2688 1551 2763 1612 ὡς
2812 1531 3074 1617 μηδέποτ’
3128 1546 3412 1600 ἀπολιπεῖν
3472 1545 3628 1597 τοῦτο
3683 1543 3865 1604 ἐθέλει,

2310 1645 2433 1714 μηδ’
2484 1643 2799 1696 ἀπολείπειν
2858 1641 3012 1703 ὅλως,
3057 1642 3129 1710 μὴ
3192 1640 3308 1709 βίας
3365 1638 3748 1707 ἐπενεχθείσης
3811 1639 3868 1688 ἐκ

2306 1738 2463 1788 νόσου
2489 1736 2550 1805 δή
2583 1753 2727 1798 τινος
2764 1735 3051 1804 μεγίστης,
3087 1734 3119 1803 ἢ
3156 1731 3372 1799 πληγῆς
3406 1730 3625 1796 ἔξωθεν.

2375 1827 2474 1879 λθῖ
2524 1828 2584 1879 Ἦ
2622 1827 2781 1895 νοερὰ
2806 1827 2897 1878 καὶ
2925 1824 3114 1893 λογικὴ
3138 1824 3297 1891 φύσις
3343 1821 3443 1889 τῆς
3488 1821 3689 1890 ψυχῆς,
3744 1820 3865 1889 μόνη

2306 1916 2430 1970 νοῦν
2460 1916 2656 1986 ἔχουσα
2686 1917 2779 1969 καὶ
2818 1917 2994 1984 λόγον,
3047 1916 3140 1968 καὶ
3177 1912 3391 1980 πνεῦμα
3424 1911 3708 1974 ζωοποιδν,
3744 1910 3862 1978 μόνη

2304 2007 2399 2059 καὶ
2429 2007 2536 2059 τῶν
2568 2007 2873 2074 ἀσωμάτων
2899 2006 3145 2074 ἀγγέλων
3187 2003 3387 2071 μᾶλλον
3424 2001 3546 2054 κατ’
3580 2002 3764 2053 εἰκόνα
3783 1999 3863 2051 τοῦ

2302 2096 2459 2161 Θεοῦ,
2498 2099 2626 2166 παρ’
2657 2095 2820 2149 αὑτοῦ
2878 2094 3389 2164 δεδιημιούργηται·
3447 2092 3540 2143 καὶ
3597 2089 3863 2158 τοῦτ’ἔχει

2303 2190 2727 2257 ἁμεταποίητον,
2766 2188 2864 2241 κᾶν
2902 2190 2973 2257 μὴ
3003 2186 3210 2254 ἐπιγνῷ
3234 2188 3332 2252 τὴν
3361 2183 3555 2250 έαυτῆς
3582 2183 3763 2248 ἀξίαν,
3781 2182 3864 2234 καὶ

2301 2283 2395 2335 τοῦ
2430 2282 2711 2345 κτίσαντος
2740 2282 2861 2334 κατ’
2900 2281 3082 2333 εἰκόνα
3123 2281 3352 2340 οἰκείαν,
3412 2277 3573 2342 ἀξίως
3619 2279 3784 2346 φρονῇ
3812 2292 3860 2326 τε

2304 2370 2396 2423 καὶ
2430 2371 2790 2441 πολιτεύηται.
2826 2369 2988 2422 Ταῦτ’
3024 2370 3132 2439 ἄρα
3178 2369 3271 2421 καὶ
3304 2368 3439 2437 μετά
3475 2370 3573 2433 τὴν
3625 2384 3863 2437 προγονι-

2304 2463 2406 2530 κὴν
2436 2462 2654 2529 ἐκείνην
2676 2464 2731 2514 ἐν
2758 2460 2835 2529 τῷ
2865 2460 3186 2527 παραδείσῳ
3223 2459 3308 2510 διὰ
3359 2457 3453 2509 τοῦ
3487 2456 3643 2521 ξύλου
3705 2458 3863 2524 παρὰ·

2304 2555 2481 2615 ϐατιν,
2513 2554 2608 2605 καὶ
2636 2553 2741 2622 πρὸ
2769 2552 2860 2604 τοῦ
2896 2549 3208 2619 σωματικοῦ
3239 2552 3329 2601 τὸν
3358 2550 3457 2617 τῆς
3504 2548 3678 2617 ψυχῆς
3718 2550 3862 2617 misi;

2306 2646 2634 2707 ὑποστάντες
2660 2644 2907 2707 θάνατον,
2944 2644 3003 2705 ὃς
3031 2645 3177 2695 ἐστιν
3198 2644 3226 2695 ὀ
3252 2641 3359 2694 ἀπὸ
3384 2640 3479 2692 τοῦ
3509 2640 3646 2692 Θεοῦ
3676 2639 3861 2703 ταύτης

2304 2737 2599 2807 χωρισμὸς,
2634 2737 2691 2788 τὺ
2725 2737 2845 2789 καθ’
2877 2735 3135 2804 ὁμοίωσιν
3163 2730 3301 2786 εἶναι
3325 2732 3473 2785 θείαν
3491 2733 3856 2793 ἀποὸαλοντες,

2302 2829 2361 2880 τὸ
2383 2829 2501 2882 κατ’
2529 2829 2713 2881 είκόνα
2734 2830 2833 2881 οὐκ
2873 2827 3242 2895 ἀπωλέσαμεν
3274 2840 3287 2854 ·
3321 2826 3741 2891 ἀποστέργουσα
3773 2826 3860 2891 μὲν

2301 2913 2393 2970 οῦν
2421 2919 2455 2988 ἡ
2487 2916 2631 2986 ψυχὴ
2660 2919 2759 2984 τὴν
2789 2917 2922 2985 πρὸς
2951 2917 3017 2967 τὰ
3043 2915 3210 2985 χείρω
3236 2915 3437 2984 σχέσιν,
3473 2916 3567 2966 καὶ
3610 2913 3858 2983 προσκολ-

2301 3009 2518 3077 ὶωμένη
2545 3008 2612 3060 δι’
2630 3009 2851 3076 ἀγάπης
2879 3006 2954 3077 τῷ
2980 3006 3269 3075 κρείττονι,
3329 3006 3424 3057 καὶ
3464 3005 3855 3073 ὑποταττομένη

2301 3098 2475 3167 τούτῳ
2503 3097 2592 3150 διὰ
2621 3097 2730 3149 τῶν
2768 3099 2944 3166 ἔργων
2994 3097 3087 3149 καὶ
3133 3096 3242 3148 τῶν
3285 3097 3615 3165 τρόπωντῆς
3656 3099 3856 3166 ἀρετῆς,

2304 3191 2593 3257 φωτίζεται
2630 3191 2760 3259 παρ’
2785 3188 2947 3242 αὐτοῦ
3003 3190 3096 3241 καὶ
3144 3188 3466 3241 καλλῦνεται
3501 3189 3855 3260 βελτιουμένη,

2299 3279 2393 3331 καὶ
2429 3280 2722 3349 πειθομένη
2751 3281 2870 3341 ταῖς
2893 3278 3100 3331 ἐκείνου
3121 3278 3335 3347 βουλαῖς
3366 3280 3459 3330 καὶ
3493 3280 3856 3349 παραινέσεσι,

2299 3372 2429 3442 παρ’
2456 3366 2648 3424 ὤνκαὶ
2680 3371 2778 3440 τὴν
2795 3372 2965 3434 ὅντως
3022 3371 3168 3442 ζωὴν
3223 3372 3321 3441 τὴν
3368 3372 3584 3425 αἰώνιον
3628 3373 3859 3439 ἀπολαμο

2298 3464 2484 3517 δάνει’
2518 3463 2585 3515 δι’
2616 3464 2783 3532 αὐτῆς
2822 3465 2913 3517 καὶ
2964 3464 3024 3517 τὸ
3079 3464 3423 3534 συνημμένον
3482 3464 3858 3526 ἁπαθανατίζει

2301 3554 2463 3622 σῶμα
2491 3554 2590 3623 τῆς
2621 3554 3041 3624 ἐπηγγελμένης
3064 3555 3471 3621 ἐξαναστάσεως
3504 3558 3645 3607 κατᾶ
3664 3555 3856 3624 καιρὸν,

2298 3645 2477 3711 τυχὸν,
2505 3643 2598 3695 καὶ
2618 3642 2774 3712 δόξης
2808 3643 2979 3696 ἀϊδίου
3013 3644 3279 3713 μετασχόν
3312 3661 3328 3675 ο
3357 3643 3432 3713 μὴ
3465 3645 3859 3714 ἀποπυιουμένη

2297 3735 2352 3787 δε
2380 3734 2477 3804 τὴν
2501 3734 2636 3804 πρὸς
2675 3734 2742 3786 τὰ
2771 3734 2941 3803 χείρω
2998 3734 3179 3803 σχέσιν
3224 3735 3317 3786 καὶ
3352 3735 3696 3800 ὑπόπτωσιν,
3744 3734 3859 3804 παρ’

2297 3822 2363 3896 ἧς
2395 3820 2578 3895 αἶσχος
2608 3826 2927 3894 ἀτιμοποιὸν
2958 3827 3174 3894 ἐμποιεῖ
3213 3828 3276 3897 τῇ
3314 3825 3409 3878 τοῦ
3466 3826 3605 3880 Θεοῦ
3668 3828 3854 3880 εἰκόνι·

2298 3915 2676 3988 ἀλλοτριοῦται
2702 3916 2796 3970 καὶ
2826 3917 3167 3981 ἁποικὶζεται
3191 3917 3325 3971 Θεοῦ
3349 3918 3449 3987 τῆς
3477 3919 3656 3983 ὅντως
3695 3935 3855 3989 μακα-

2300 4010 2419 4080 ρίας
2446 4011 2540 4063 καὶ
2568 4008 2826 4078 ἀληθινῆς
2854 4009 3018 4079 ζωῆς,
3051 4009 3125 4071 ὡς
3180 4010 3630 4077 ἐγκαταλιποῦσα
3693 4010 3857 4062 τοῦτον

2299 4101 2438 4171 αὐτὴ
2463 4102 2753 4172 πρότερον,
2819 4101 3409 4172 ἐγκαταλιμπανομένη
3452 4103 3685 4167 δικαίως
3727 4102 3857 4172 παρὰ

2298 4192 2629 4262 κρείττονος.

2373 4290 2446 4352 μ’.
2487 4284 2551 4336 Ἦ
2586 4283 2724 4353 μετὰ
2752 4283 2852 4353 τὴν
2882 4284 3143 4337 ἀνωτάτω
3172 4283 3376 4353 Τριάδα
3395 4286 3662 4357 τριαδικὴ
3692 4287 3857 4355 φύσις,

2298 4372 2372 4435 ὼς
2405 4375 2535 4442 παρ’
2558 4372 2775 4442 ἐκείνης
2793 4375 2975 4428 είκόνα
3001 4375 3214 4444 ἐκείνης
3272 4376 3626 4445 πεποιημένη
3681 4377 3859 4446 μᾶλλον

2302 4462 2405 4515 τῶν
2424 4462 2618 4527 ἄλλων,
2638 4464 2818 4533 νοερὰ,
2836 4464 3028 4534 λογική
3061 4481 3120 4516 τε
3150 4465 3243 4517 καὶ
3260 4469 3862 4538 πνευματικὴ;(τοιαὺτη

2386 4553 2533 4604 ἐστιν
2567 4553 2599 4622 ἡ
2635 4552 2947 4623 ἀνθρωπίνη
2977 4552 3171 4624 ψυχὴ),
3209 4553 3499 4621 φυλάττειν
3521 4557 3732 4623 ὀφείλει
3774 4555 3860 4623 τὴν

2301 4643 2500 4712 ἑαυτῆς
2530 4643 2702 4707 τάξιν,
2736 4644 2829 4696 καὶ
2863 4644 2999 4711 μετὰ
3029 4644 3161 4696 Θεὸν
3186 4641 3326 4697 εἶναι
3352 4646 3534 4714 μόνον,
3566 4649 3668 4700 καὶ
3704 4648 3860 4714 τούτῳ

2301 4731 2629 4801 ὑπεξεῦχθαι
2670 4733 2834 4801 μόνῳ.
2861 4734 2951 4784 καὶ
2978 4733 3296 4786 ὑποκεῖσθαι
3330 4735 3423 4785 καὶ
3451 4737 3761 4795 πείθεσθαι.
3785 4737 3863 4785 καὶ

2298 4827 2434 4895 πρὸς
2463 4824 2626 4877 αὑτὸν
2658 4825 2789 4893 δρᾷν
2819 4824 2998 4892 μόνον,
3035 4824 3131 4876 καὶ
3189 4827 3412 4894 κοσμεῖν
3440 4827 3650 4896 ἑαυτὴν
3672 4830 3734 4897 τῇ
3760 4827 3864 4890 διη-

2298 4918 2446 4967 νεκεῖ
2476 4914 2666 4966 τούτου
2705 4916 2891 4985 μνήμῃ
2918 4914 3011 4966 καὶ
3038 4914 3259 4985 θεωρίᾳ,
3305 4915 3397 4968 καὶ
3443 4920 3510 4985 τῇ
3563 4918 3863 4988 θερμοτάτῃ

2299 5007 2435 5077 πρὸς
2462 5006 2623 5059 αὑτὸν
2655 5008 2748 5059 καὶ
2779 5006 3026 5076 διαπύρῳ
3061 5008 3248 5078 ἀγάπῃ
3276 5025 3287 5037 ·
3338 5008 3405 5060 δι’
3435 5002 3511 5061 ὧν
3543 5009 3865 5077 θαυμαστῶς

2300 5099 2430 5168 πρὸς
2478 5098 2678 5168 ἑαυτὴν
2741 5099 3062 5161 ἐπισπᾶται,
3132 5099 3330 5167 μᾶλλον
3365 5100 3443 5162 δὲ,
3479 5102 3765 5155 ἐπεσπᾶτο
3806 5097 3865 5169 ἦν

2298 5190 2385 5239 ὅτε
2438 5188 2537 5257 τὴν
2567 5187 2666 5255 τῆς
2696 5187 2909 5255 φύσεως
2943 5189 3157 5256 ἐκείνης
3187 5189 3454 5260 μυστικὴν
3499 5192 3596 5243 καὶ
3626 5192 3864 5260 ἀπὸριρη-

2299 5296 2388 5330 τον
2416 5278 2609 5346 αἴγλην
2641 5292 2654 5307 ο
2688 5278 2783 5329 καὶ
2815 5278 3111 5347 τηνικαῦτα
3140 5279 3201 5330 τὸ
3230 5282 3348 5332 κατ’
3368 5280 3554 5333 είκόνα
3593 5282 3732 5334 Θεοῦ
3780 5278 3869 5332 καὶ

2298 5369 2551 5437 ὁμοίωσιν
2583 5367 2793 5438 ἔχειὼς
2818 5369 3030 5437 ἀληθῶς
3076 5370 3346 5440 ἐπίχαρις,
3406 5373 3503 5423 καὶ
3559 5375 3727 5443 σοφὴ,
3781 5370 3868 5425 καὶ

2301 5460 2419 5511 Οεία
2483 5459 2572 5511 διὰ
2626 5458 2828 5524 ταύτης
2899 5459 3279 5528 ἑκτελουμένη.
3362 5460 3693 5514 Διδάσκεται
3767 5463 3866 5528 γάρ

2299 5550 2547 5618 διἀὺτῆς
2578 5549 2609 5617 ἢ
2631 5548 2908 5618 παρούσης
2931 5549 3208 5617 ἐμφανῶς,
3236 5550 3266 5619 ἢ
3302 5549 3628 5618 ἐγγιζούσης
3651 5548 3865 5617 ἀφανῶς

2299 5641 2371 5703 ὡς
2401 5642 2488 5692 ἐπὶ
2523 5640 2719 5709 μᾶλλον
2749 5640 2865 5703 νῦν,
2896 5640 3099 5709 τὸνμὲν
3131 5640 3284 5702 Θεὸν,
3321 5640 3461 5709 ὑπὲρ
3511 5640 3745 5709 ἑαυτὴν,
3785 5641 3866 5692 τὸν

2299 5732 2353 5783 δὲ
2382 5732 2623 5799 πλησίον,
2660 5731 2732 5793 ὡς
2763 5730 2981 5799 ἑαυτὴν,
3041 5732 3279 5799 ἀγαπᾷν,
3315 5728 3619 5782 κάντεῦθεν
3647 5733 3744 5782 καὶ
3779 5728 3866 5798 τὴν

2302 5826 2494 5891 ἑαυτῆς
2519 5823 2673 5891 ἀξίαν
2698 5840 2753 5875 τε
2783 5823 2873 5874 καὶ
2899 5822 3051 5885 τάξιν
3079 5823 3273 5876 εἰδέναι
3308 5823 3401 5876 καὶ
3432 5826 3752 5889 συντηρεῖν,
3782 5821 3867 5874 καὶ
