4074 6322
534 274 662 337 “Si

1761 252 2143 338 onenoan
2186 277 2514 346 mune

3672 297 3862 364 1152

533 386 671 437 malo
715 380 909 449 subjici
955 389 1009 435 et
1043 380 1111 434 iis
1147 381 1408 435 inservire
1447 396 1674 450 quorum
1714 383 1938 452 imperio
1967 385 2102 455 dign:

2221 386 2306 436 ται
2339 384 2436 452 τὴν
2472 381 2772 436 ἀκούουσαν
2800 399 2812 412 ·
2850 383 2934 435 ἵνα
2972 384 3226 456 γυμνάσῃ
3261 385 3464 456 ταύτην
3499 387 3711 450 εὐθὺς,
3747 395 3862 442 ἐθ-

519 483 666 537 .rral,
701 479 888 540 utpote
917 472 1032 525 sola
1062 486 1125 524 ex
1149 471 1474 528 seusualiter
1501 473 1803 527 viventibus
1832 489 1996 527 mauu
2027 474 2122 529 Dei

531 563 758 616 formata
784 564 1122 632 rationisque
1156 578 1379 632 compos
1432 572 1489 617 et
1533 563 1598 616 ad
1650 564 1940 632 imaginem
1979 567 2118 622 facta

531 655 834 709 Creatoris.
864 653 998 708 illud
1025 663 1200 707 autem
1230 653 1476 723 permisit
1495 638 1654 722 Deus,
1675 664 1734 710 ut
1760 656 1950 709 videns
1982 671 2118 709 eon-

531 749 704 802 silium
723 750 882 801 homo
899 748 1084 800 datum
1104 746 1172 798 ab
1189 745 1447 802 inferiore
1468 748 1693 816 (quanto
1717 749 1859 802 enim
1883 749 2120 802 deterior

531 841 748 894 homine
773 855 996 907 serpens
1020 839 1060 908 ί)
1111 854 1271 909 quam
1295 839 1615 894 eharissime
1634 841 1960 910 intelligeret
1985 841 2115 894 illud

532 932 837 986 nullatenus
855 947 996 992 esse,
1017 946 1079 984 ac
1095 931 1549 1001 dedignareturse
1567 933 1849 986 tuanifeste
1868 932 2114 985 inferiori

530 1025 874 1086 submittere,
904 1032 959 1077 et
986 1033 1234 1077 servaret
1274 1024 1430 1078 fidem
1465 1024 1736 1089 Creatori,
1785 1026 2114 1079 custodiens

531 1117 650 1182 ejus
682 1117 1022 1181 mandatum,
1053 1127 1107 1171 et
1135 1117 1295 1170 lacile
1328 1118 1574 1171 vinceret
1606 1116 1881 1187 delapsum
1908 1132 1936 1170 a
1983 1131 2110 1170 vera

531 1211 659 1273 vita,
711 1220 764 1263 et
805 1210 1027 1262 meritus
1073 1210 1342 1277 acciperet
1373 1209 2108 1274 beatam'immortalitatem,

529 1313 693 1369 atque
741 1310 1124 1371 permanenter
1173 1302 1378 1356 viveret
1443 1304 1495 1356 in
1567 1311 1833 1357 aiternum
1892 1303 2112 1358 deiﬁca-

531 1402 640 1448 ιιιε.

605 1665 696 1719 45.
736 1664 875 1718 Nihil
915 1665 986 1717 ita
1012 1672 1095 1716 est
1125 1663 1347 1718 homine
1378 1664 1629 1732 superius
1663 1672 1719 1715 ut
1754 1665 1802 1717 ei
1836 1664 2062 1718 cousiiic

529 1767 618 1811 tur
653 1766 1029 1826 proponatque
1062 1757 1385 1811 sententiam
1429 1767 1482 1810 et
1512 1757 1638 1809 imle
1682 1757 1838 1810 utilia
1857 1765 2110 1825 suggerat

532 1862 584 1904 et
617 1859 897 1920 procurret,
937 1850 1096 1902 modo
1125 1850 1212 1903 ille
1243 1865 1398 1903 suum
1432 1859 1610 1903 servet
1630 1849 1894 1914 ordinem,
1917 1859 1964 1901 et
1991 1863 2111 1903 sese

529 1951 844 2009 cognoscat,
873 1952 926 1996 et
961 1944 1238 1996 eusmdiat
1273 1958 1391 2011 qua:
1418 1960 1445 1996 a
1477 1943 1685 1997 caelesti
1711 1944 1994 2009 superiore
2026 1942 2106 1994 dio

529 2036 682 2096 dicit,
727 2035 778 2087 iu
817 2035 899 2089 his
928 2051 1054 2091 vero
1089 2050 1208 2104 qua:
1241 2036 1477 2088 nondum
1516 2037 1583 2087 ab
1626 2050 1690 2087 eo
1725 2034 1934 2099 didicit,
1967 2033 2110 2102 ejus-

530 2127 671 2177 dem
699 2128 872 2181 solius
905 2126 1133 2180 consilia
1199 2127 1471 2180 admittat.
1513 2125 1646 2178 Nam
1685 2126 1859 2193 angeli
1895 2140 2109 2194 quoque

529 2218 657 2273 licet
708 2220 864 2274 nobis
911 2218 1176 2290 dignitate
1216 2220 1548 2286 sulieriures,
1577 2229 1702 2271 sunt
1754 2231 1809 2273 et
1841 2220 1940 2286 ipsi
1975 2235 2108 2269 cou-

531 2311 780 2365 silioruut
813 2310 934 2379 ejus
968 2315 1033 2365 de
1067 2310 1226 2372 nobis
1261 2311 1517 2370 ministri;
1575 2310 1726 2363 missi
1765 2321 1983 2378 propter
2013 2325 2108 2362 eos

525 2403 616 2471 qui
645 2403 1014 2456 haereditatcm
1034 2402 1248 2470 capient
1269 2401 1462 2455 salutis
1481 2403 1667 2467 ‘°,nou
1688 2413 1866 2455 tamen
1893 2417 2106 2466 omnes,

526 2495 620 2548 sed
646 2494 737 2562 qui
767 2494 890 2547 boni
917 2503 970 2546 et
1003 2493 1053 2545 in
1087 2493 1280 2545 ordine
1311 2508 1410 2547 suo
1439 2501 1822 2546 remanserunt
1859 2511 1872 2548 :
1907 2493 2107 2547 habent

525 2587 672 2641 enim
705 2587 917 2654 ipsimet
943 2600 971 2636 a
998 2585 1103 2637 lico
1127 2584 1483 2650 intellectum,
1509 2586 1730 2638 verbum
1754 2597 1802 2640 et
1826 2586 2102 2654 spiritum,

525 2690 581 2731 et
619 2676 887 2738 Creatori,
926 2677 1014 2742 qui
1048 2687 1134 2728 est
1168 2676 1477 2730 intellectus
1505 2676 1733 2730 Verbum
1764 2685 1817 2728 et
1846 2677 2104 2745 Spiritus,

527 2772 727 2824 debent
755 2770 896 2821 sicut
927 2783 1024 2820 nos
1058 2767 1284 2821 obedire
1327 2785 1341 2821 :
1374 2778 1426 2820 et
1480 2783 1577 2819 nos
1635 2768 1686 2820 in
1720 2769 1904 2821 multis
1956 2780 2107 2822 aute-

525 2862 746 2924 ceduut,
768 2905 772 2908 .
794 2859 886 2913 sed
931 2861 981 2910 iu
1009 2858 1336 2926 quibusdam
1369 2858 1524 2910 nobis
1562 2859 1786 2922 cedunt,
1821 2870 1873 2910 ut
1897 2859 2104 2926 praefati

525 2967 718 3008 sumus
766 2964 929 3020 atque
958 2951 1224 3011 diceruus,
1258 2951 1521 3018 nempeiu
1551 2951 1907 3019 exprimenda
1934 2950 2102 3005 Crea-

525 3046 663 3097 toris
690 3045 946 3114 imagine,
970 3044 1091 3111 quia
1129 3056 1222 3094 nos
1242 3041 1412 3112 magis
1439 3057 1600 3111 quam
1633 3043 1708 3095 illi
1743 3043 1808 3095 ad
1838 3042 1930 3096 Dei
1965 3043 2099 3096 ima-

523 3139 703 3206 ginem
735 3137 860 3190 iacti
896 3150 1107 3188 sumus.

2218 475 2408 527 τεῦθεν
2458 475 2570 536 τοῖς
2607 475 2845 546 χείροσιν
2903 475 3327 543 ὑποτάσσεσθαι,
3384 481 3480 532 καὶ
3519 481 3860 536 δουλεύειν

2217 567 2470 629 ἐκείνοις,
2509 559 2584 619 ὧν
2615 565 2917 635 βασιλεύειν
2949 567 3116 630 ἀξίως
3145 568 3357 639 ἔλαχεν,
3388 571 3463 634 ὡς
3499 573 3652 643 μόνη
3715 573 3861 624 τῶν

2218 661 2338 714 κατ’
2368 659 2623 729 αἴσθησιν
2650 659 2890 724 ζώντων,
2928 660 3071 730 χειρὶ
3105 661 3242 714 Θεοῦ
3286 664 3380 716 καὶ
3406 664 3552 733 λόγῳ
3577 682 3857 734 τετιμη-

2220 752 2378 820 μένη,
2411 750 2505 804 καὶ
2534 751 2654 803 κατ’
2685 751 2867 802 εἰκόνα
2905 755 3172 821 γενομένη
3201 752 3291 804 τοῦ
3344 754 3673 817 κτίσαντος.
3708 758 3858 808 Ἐν-

2215 841 2397 894 δίδωσι
2423 841 2478 894 δὲ
2508 840 2536 891 ό
2563 841 2714 904 Θεὸς,
2745 841 2812 892 ἵν’
2855 841 2976 893 ἰδὼν
2999 845 3026 894 ό
3061 843 3344 912 ἄνθρωπος
3371 849 3852 915 προσαγομένην

2213 931 2312 1000 τὴν
2346 929 2656 999 συμϐουλὴν
2676 931 2740 982 ὲκ
2769 929 2863 982 τοῦ
2892 932 3132 1001 χείρονος
3169 933 3353 1004 (πόσον
3386 938 3495 1005 γὰρ
3531 936 3772 1004 χείρων
3814 939 3848 990 ὁ

2213 1022 2335 1090 ὄφις
2365 1021 2653 1092 ἀνθρώπου
2675 1020 2738 1092 ί),
2772 1023 2864 1073 καὶ
2887 1023 3036 1090 πόσῳ
3055 1025 3240 1091 σαφῶς
3262 1029 3391 1096 συνῇ
3418 1027 3710 1095 μηδαμῶς
3740 1023 3843 1082 οὗ·

2217 1129 2315 1167 σαν
2343 1113 2617 1183 λυσιτελῆ,
2667 1115 2760 1167 καὶ
2789 1115 3199 1184 ἀναξιοπαθήσῃ
3225 1116 3322 1186 τὴν
3353 1118 3488 1190 πρὸς
3534 1121 3596 1171 τὸ
3631 1137 3834 1188 φανε-

2215 1204 2325 1274 ρῶς
2355 1207 2531 1273 χεῖρον
2560 1204 2858 1275 ὑποταγὴν,
2892 1207 2987 1258 καὶ
3010 1207 3218 1277 φυλάξῃ
3249 1207 3381 1277 πρὸς
3404 1208 3491 1262 τὸν
3522 1212 3838 1266 κτίσαντα

2216 1298 2418 1360 πίστιν,
2452 1297 2549 1366 τὴν
2582 1298 2796 1351 ἐκείνου
2829 1299 3008 1368 τηρ·Τιν
3033 1300 3251 1367 ἐντολήν
3273 1317 3288 1330 ·
3322 1302 3412 1351 καὶ
3431 1303 3680 1370 νικητὴς
3711 1305 3829 1373 ρᾳ-

2212 1390 2547 1461 δίως’τελέσῃ
2575 1390 2668 1443 τοῦ
2702 1391 3020 1453 ἐκπεσόντος
3044 1393 3140 1460 τῆς
3163 1393 3330 1455 ὅντως
3357 1392 3520 1461 ζωῆς,
3536 1396 3634 1446 καὶ
3659 1396 3824 1465 λάϐῃ

2213 1483 2436 1545 δικαίως
2471 1483 2570 1554 τὴν
2623 1483 2900 1552 μακαρίαν
2936 1484 3252 1548 ἀθανασίαν,
3291 1485 3385 1536 κα)⁵
3415 1485 3659 1557 διαμένῃ
3696 1489 3822 1550 ζῶν

2213 1573 2392 1637 ἔνθεος
2415 1576 2491 1636 είς
2519 1577 2642 1638 τοὺς
2673 1577 2894 1639 αἰῶνας.

2284 1663 2394 1732 μγ’.
2426 1664 2588 1717 Οὐδὲν
2608 1666 2892 1735 ἀνθρώπου
2921 1672 3186 1737 κρεῖττον,
3209 1669 3348 1722 ὥστε
3377 1669 3807 1739 βουλεύσασθαι

2213 1756 2306 1805 καὶ
2337 1756 2564 1825 γνώμην
2615 1758 2973 1824 εἰσενεγκεῖν,
3027 1762 3120 1812 καὶ
3147 1759 3214 1812 δι’
3253 1761 3420 1830 αὐτῆς
3447 1761 3656 1828 γνῶναι
3702 1766 3809 1815 καὶ

2209 1845 2546 1916 πορίσασθαι
2581 1848 2640 1899 τὸ
2683 1853 2951 1901 συνοῖσον·
2984 1851 3143 1919 μόνον
3164 1853 3212 1903 εί
3254 1852 3509 1919 φυλάττει
3534 1853 3632 1923 τὴν
3658 1856 3807 1906 ἑαυ-

2207 1939 2298 1987 τοῦ
2325 1938 2496 2000 τάξιν,
2527 1939 2619 1990 καὶ
2640 1939 2896 2006 γινώσκει
2927 1942 3137 2003 ἑαυτὸν,
3162 1943 3255 1994 καὶ
3281 1944 3370 1994 τὸν
3393 1943 3552 2010 μόνον
3583 1946 3806 1999 ἑαυτοῦ

2211 2027 2463 2094 κρείττω,
2507 2029 2599 2080 καὶ
2631 2031 2822 2100 τηροίη
2861 2033 2957 2098 μὲν
3003 2031 3036 2085 ἂ
3064 2033 3196 2101 παρ’
3235 2032 3443 2084 ἐκείνου
3482 2035 3646 2102 μάθοι
3694 2037 3805 2088 τοῦ

2207 2119 2537 2188 κρείττονος,
2564 2121 2642 2183 είς
2664 2121 2698 2174 ἃ
2723 2122 2777 2173 δὲ
2911 2125 3041 2192 παρ’
3075 2123 3282 2176 ἐκείνου
3311 2125 3493 2193 μάθοι,
3535 2126 3800 2195 σύμϐου-

2206 2209 2294 2262 λον
2336 2213 2540 2264 ἐκεῖνον
2573 2215 2732 2281 μόνον
2767 2215 3296 2286 συμπαραλαμϐάνοι
3342 2219 3632 2286 βουλεύων.
3670 2220 3804 2273 Καὶ

2205 2305 2252 2354 οἱ
2299 2302 2518 2369 ἄγγελοι
2567 2305 2695 2374 γὰρ,
2728 2306 2777 2357 εί
2836 2307 2927 2358 καὶ
2957 2307 3094 2377 ὑπὲρ
3124 2309 3271 2377 ἡμᾶς
3331 2311 3439 2361 εἰσι
3468 2311 3565 2379 τὴν
3596 2311 3796 2374 ἀξίαν,

2203 2391 2316 2445 ἀλλ’
2341 2393 2739 2462 ὑπηρετοῦνται
2769 2395 2861 2447 καὶ
2899 2391 3044 2450 οὗτοι
3076 2400 3185 2459 τοῖς
3224 2399 3362 2466 ὑπὲρ
3384 2402 3416 2468 ἡ
3427 2402 3541 2468 μῶν
3564 2403 3802 2454 ἐκείνου

2204 2485 2587 2556 βουλεύμασιν,
2640 2487 3099 2556 ἀποστελλόμενοι
3145 2489 3233 2542 διὰ
3282 2492 3410 2554 τοὺς
3477 2493 3792 2560 μέλλοντας

2201 2580 2559 2649 κληρονομεῖν
2588 2581 2889 2649 σωτηρίαν·
2936 2581 3136 2651 μᾶλλον
3174 2582 3228 2634 δὲ
3280 2582 3339 2634 οὐ
3369 2583 3590 2646 πάντες,
3637 2585 3790 2638 άλὶὰ

2201 2671 2468 2723 κάκείνων
2489 2671 2535 2722 οἱ
2561 2671 2754 2739 ἀγαθοὶ
2775 2672 2868 2724 καὶ
2890 2672 3223 2740 φυλάξαντες
3243 2673 3340 2744 τὴν
3358 2673 3566 2727 ἑαυτῶν
3584 2675 3746 2740 τάξιν
3763 2691 3784 2706 ο

2201 2762 2378 2828 ἔχουσι
2412 2762 2519 2829 γὰρ
2565 2764 2804 2815 κάκεῖνοι
2857 2763 3007 2833 παρὰ
3053 2765 3188 2817 Θεοῦ
3251 2765 3397 2829 νοῦν,
3441 2766 3624 2834 λόγον,
3680 2769 3782 2820 καὶ

2200 2853 2434 2920 πνεῦμα,
2471 2857 2690 2924 συμφυῆ
2720 2855 2788 2907 τὰ
2820 2855 2942 2925 τρία
2984 2856 3154 2908 ταῦτα
3176 2873 3190 2887 ⁸
3228 2859 3324 2910 καὶ
3348 2859 3424 2927 τῷ
3453 2859 3776 2928 δημιουργῷ

2196 2942 2312 3010 Νῷ,
2347 2944 2441 2995 καὶ
2492 2946 2669 3015 Λόγῳ,
2703 2946 2798 2998 καὶ
2829 2945 3105 3016 Πνεῦματι
3163 2949 3288 3002 καθ’
3315 2951 3461 3019 ἡμᾶς
3498 2951 3776 3018 ὀφείλουσι

2195 3032 2518 3086 πείθεσθαι·
2565 3035 2666 3109 ,καὶ
2696 3036 3079 3090 πλεονεκτοῦσι
3116 3038 3214 3108 μὲν
3248 3038 3404 3109 ἡμῶν
3431 3041 3487 3092 ὲν
3521 3039 3770 3106 πολλοῖς,

2187 3111 2390 3168 ἔστιδὲ
2417 3114 2516 3184 ἐφ’
2549 3108 2624 3171 ὧν
2659 3119 2817 3190 ἡμῶν
2848 3122 3197 3190 ἀποδέουσιν,
3230 3108 3306 3190 rb;
3347 3128 3555 3198 ἔφημέν
3576 3145 3640 3195 γε
3670 3131 3770 3182 καί

525 3222 776 3295 λέξομεν,
812 3223 950 3296 πρὸς
980 3223 1040 3278 τὸ
1065 3222 1240 3278 τελεῖν
1263 3216 1383 3271 κατ’
1415 3217 1603 3271 εἰκόνα
1639 3218 1736 3272 τοῦ
1769 3223 2056 3283 κτίσαντος
2082 3237 2096 3254 ·
2154 3222 2223 3276 δι’
2249 3222 2286 3276 ἀ
2313 3223 2406 3276 καὶ
2447 3221 2650 3294 μᾶλλον
2687 3220 2916 3276 ἐκείνων
2975 3224 3138 3292 ἡμεῖς
3183 3223 3308 3276 κατ’
3355 3223 3542 3276 εἰκόνα
3597 3217 3762 3285 Θεοῦ,

531 3324 857 3395 γεγόναμεν.

589 3406 678 3458 44.
703 3403 961 3468 Quamvis
1009 3399 1184 3467 angeli
1230 3401 1298 3452 ad
1328 3397 1574 3453 Creatori
1612 3413 1708 3468 pro
1735 3397 1940 3452 viribus
1989 3398 2095 3452 mi-

518 3497 862 3550 nistrandum
920 3493 1206 3547 constituti
1275 3491 1406 3555 siut,
1466 3500 1521 3544 et
1565 3490 1869 3544 obediendo
1918 3490 2092 3543 solum

521 3584 801 3646 deSIiuati,
831 3583 980 3635 haud
1035 3595 1168 3634 vero
1197 3579 1399 3632 addicti
1438 3579 1692 3649 regendis
1741 3580 2094 3634 interioribus

521 3676 658 3738 suis,
686 3673 788 3726 nisi
829 3671 893 3724 ad
931 3671 1034 3724 hoe
1087 3671 1428 3723 mitterentur
1457 3668 1526 3722 ab
1557 3668 1802 3722 omnium
1830 3667 2094 3737 Domino;

527 3766 694 3821 Satan
728 3762 997 3818 dominari
1029 3760 1262 3830 superbe
1289 3757 1564 3814 aﬂ'ectavit
1599 3769 1790 3814 contra
1820 3759 2096 3816 Creatoris

522 3865 820 3918 decretum,
853 3863 906 3908 et
937 3869 1094 3908 suum
1132 3852 1379 3907 ordinem
1403 3867 1526 3908 cum
1561 3852 1768 3921 angelis
1809 3861 2096 3922 coaposta-

523 3953 592 4005 tis
655 3959 1052 4016 transgressus,
1109 3946 1307 4000 merito
1365 3945 1572 4015 ejectus
1603 3953 1691 4000 est
1743 3959 1941 3999 avet-a2
1971 3945 2096 3998 vitae

522 4058 586 4096 ac
652 4042 786 4096 locis
838 4043 1018 4102 laute,
1065 4046 1121 4092 et
1175 4047 1405 4092 mortem
1465 4036 1636 4091 induit
1702 4035 2097 4106 caliginemque

521 4144 800 4188 aeternam.
873 4131 1008 4195 Quia
1071 4138 1253 4183 autem
1317 4128 1480 4182 homo
1539 4143 1643 4182 nou
1705 4127 1771 4180 ad
1837 4128 2095 4182 obedien-

521 4226 650 4276 dnm
677 4223 838 4275 modo
873 4227 1107 4274 statutus
1144 4228 1250 4282 est,
1281 4218 1374 4273 sed
1409 4219 1571 4272 etiam
1607 4217 1674 4271 ad
1721 4217 2095 4286 imperandum

522 4313 777 4370 Omnibus
823 4327 946 4380 qua:
994 4326 1157 4380 super
1186 4323 1332 4364 terra
1361 4320 1508 4375 sunt,
1544 4309 1743 4363 invidis
1771 4325 1895 4364 cum
1920 4311 2095 4365 oculis

522 4407 826 4476 suspiciens
892 4413 1080 4457 auctor
1140 4402 1286 4469 mali,
1353 4417 1568 4458 omnem
1628 4402 1852 4458 adhibet
1916 4413 2091 4458 artem

525 4507 585 4553 ut
637 4512 758 4550 eum
789 4508 957 4564 regno
995 4492 1252 4547 detrudat
1277 4508 1292 4552 :
1322 4494 1464 4562 quod
1495 4493 1543 4547 vi
1576 4509 1684 4548 non
1716 4494 1925 4563 valens,
1956 4511 2092 4565 qua-

523 4598 684 4645 tenus
729 4587 1019 4657 impeditus
1085 4584 1154 4638 ab
1211 4586 1453 4639 omnium
1495 4583 1744 4651 Domino,
1786 4588 1877 4654 qui
1933 4589 2092 4644 ratio.

523 4683 702 4736 uatem
739 4692 983 4744 naturam
1013 4676 1214 4731 ereavit
1249 4676 1472 4730 liberam
1513 4685 1567 4730 et
1602 4677 1683 4731 sui
1706 4679 1868 4747 juris,
1904 4680 2092 4736 dolose

523 4771 730 4828 homini
761 4770 998 4840 suggerit
1026 4769 1248 4824 consilia
1269 4782 1391 4822 eum
1417 4783 1582 4838 regno
1597 4770 1916 4838 spoliatura,
1937 4773 2094 4842 eique

525 4865 710 4919 furtim
764 4863 959 4920 suadet
993 4870 1051 4917 ut
1096 4861 1354 4930 negligat,
1393 4869 1446 4914 et
1479 4875 1581 4930 pro
1638 4861 1809 4916 nihilo
1861 4873 2092 4932 reputet,

461 5007 468 5013 .
525 4972 581 5011 et
604 4966 946 5027 aspernetur,
1009 4969 1108 5010 seu
1140 4955 1319 5026 potius
1377 4953 1707 5010 adversetur
1745 4964 1800 5010 et
1822 4967 2094 5026 oppugnet

527 5052 651 5101 data
691 5060 720 5099 a
751 5046 1036 5116 superiore
1065 5055 1338 5113 praecepta
1390 5053 1444 5098 et
1491 5041 1741 5109 consilia,
1770 5043 1842 5097 ita
1891 5055 1947 5098 ut
1973 5047 2092 5114 ejus

525 5136 804 5192 rebellioni
825 5135 1194 5202 consociatus,
1224 5135 1571 5190 consociatur
1596 5132 1760 5188 etiam
1792 5132 1909 5204 ejus
1930 5145 2092 5190 aiter-

522 5248 605 5286 ute
635 5229 830 5298 caiigni
856 5236 909 5282 et
941 5229 1118 5282 morti.

589 5495 681 5550 45.
742 5495 910 5549 Porro
966 5495 1202 5549 animam
1231 5498 1555 5556 rationalem
1604 5497 1894 5570 aliquando
1926 5500 2084 5567 mori,

589 5685 632 5720 η
654 5683 816 5739 Hebr.
852 5699 890 5751 I,
922 5684 1005 5739 Η.

2267 3417 2369 3486 μδ’.
2411 3415 2734 3484 ’Υπηρετεῖν
2762 3413 3083 3483 ὡρισμένων
3112 3411 3349 3472 δυνατῶς
3375 3409 3482 3460 τῶν
3513 3408 3755 3474 ἀγγέλων

2193 3506 2270 3576 τῷ
2300 3509 2576 3570 κτίσαντι,
2623 3505 2718 3558 καὶ
2777 3504 2938 3573 μόνον
2987 3504 3250 3573 ἄρχεσθαι
3300 3499 3756 3571 κληρωσαμένων,

2193 3604 2383 3672 ἄρχειν
2410 3601 2466 3654 δὲ
2493 3601 2602 3653 τῶν
2624 3599 2741 3668 μετ’
2770 3599 2967 3662 αὐτοὺς
2993 3599 3054 3651 οὑ
3090 3597 3419 3668 ταχθέντων,
3463 3597 3511 3648 εί
3542 3595 3617 3663 μὴ
3655 3595 3760 3661 ἄρα

2195 3691 2490 3760 πεμφθεῖεν
2513 3692 2592 3753 εἰς
2618 3689 2777 3743 τοῦτο
2806 3691 2954 3756 παρά
2980 3688 3071 3741 τοῦ
3097 3687 3426 3758 κρατοῦντος
3448 3685 3558 3738 τῶν
3586 3685 3720 3737 ὅλων
3738 3698 3756 3717 ο

2195 3784 2223 3834 ό
2277 3783 2450 3834 Σατᾱν
2520 3783 2708 3851 ἄρχειν
2786 3778 3131 3848 ἐπεθύμησεν
3192 3777 3556 3847 ὑπερηφάνως
3613 3775 3757 3844 παρὰ

2194 3873 2428 3944 γνώμην
2466 3872 2558 3926 τοῦ
2600 3872 2916 3933 κτίσαντος·
2951 3871 3044 3923 καὶ⁵
3076 3869 3174 3939 τὴν
3211 3868 3409 3922 ἑαυτοῦ
3438 3868 3590 3931 τάξιν
3627 3865 3756 3935 μετὰ

2196 3965 2304 4019 τῶν
2337 3964 2754 4018 συναποστατῶν
2780 3963 3027 4030 ἀγγέλων
3076 3959 3379 4024 ἀπολιπὼν,
3425 3957 3752 4027 ὲγκαταλιμ-

2198 4059 2428 4111 πάνεται
2451 4057 2674 4119 δικαίως
2711 4057 2861 4126 παρὰ
2885 4055 2980 4124 τῆς
3009 4053 3177 4118 ὅντως
3203 4053 3444 4122 ζωτικῆς
3469 4054 3561 4106 καὶ
3597 4071 3752 4121 φωτι-

2198 4149 2393 4218 στικῆς
2426 4149 2640 4216 πηγῆςο
2668 4147 2762 4200 καὶ
2782 4146 3008 4200 θάνατον
3035 4145 3298 4210 ἐνδύεται,
3325 4147 3421 4198 καὶ
3453 4145 3615 4213 ζόφον
3636 4144 3753 4196 αἰώ-

2196 4260 2326 4297 νιον.
2377 4243 2528 4295 Ἐπεὶ
2581 4241 2638 4294 δὲ
2693 4243 2722 4294 ό
2754 4240 3059 4310 ἄνθρωπος,
3095 4239 3194 4293 οὐκ
3251 4237 3515 4309 ἄρχεσθαι
3577 4238 3748 4307 μόνον,

2195 4335 2333 4388 ἀλλὰ
2364 4333 2458 4387 καὶ
2487 4335 2674 4403 ἄρχειν
2731 4331 2990 4385 τέτακται
3046 4330 3157 4384 τῶν
3209 4330 3304 4382 ἐπὶ
3332 4330 3434 4399 γῆς
3467 4330 3747 4382 ἁπάντων·

2198 4425 2488 4498 βασκάνοις
2546 4422 2756 4492 ὄμμασι
2798 4422 2984 4475 τοῦτον
3041 4420 3310 4492 προσιδὼν
3369 4422 3398 4472 ὁ
3431 4419 3748 4490 ἀρχέκακος,

2196 4520 2342 4588 πάσῃ
2378 4517 2592 4586 μηχανῇ
2624 4515 2844 4585 χρῆται,
2896 4513 3084 4566 τοῦτον
3111 4513 3211 4580 τῆς
3262 4513 3436 4582 ἀρχῆς
3481 4510 3748 4563 καθελεῖνο

2197 4611 2288 4681 βίᾳ
2316 4609 2372 4662 δὲ
2399 4610 2500 4662 οὐκ
2529 4608 2688 4677 ἔχων,
2717 4607 2814 4659 ἆτε
2845 4604 3184 4674 κωλυόμενος
3216 4604 3368 4674 παρὰ
3418 4601 3513 4655 τοῦ
3546 4603 3752 4655 πάντων

2194 4703 2541 4772 κρατοῦντος,
2557 4699 2614 4761 ὃς
2635 4697 2730 4768 τὴν
2750 4697 2970 4769 λογικὴν
2992 4695 3150 4764 φύσιν
3169 4693 3596 4764 ἐδημιούργησεν
3613 4691 3751 4744 ἐλεύ-

2183 4793 2350 4862 θερόν
2384 4808 2443 4844 τε
2479 4791 2572 4843 καὶ
2604 4787 2971 4852 αὐτεξούσιον,
3008 4789 3106 4842 σὺν
3161 4786 3294 4852 δόλῳ
3347 4787 3614 4855 προσάγει
3659 4781 3749 4853 τὴν

2192 4883 2634 4953 καθαιρήσουσαν
2683 4879 2782 4947 τῆς
2811 4879 2984 4948 ἀρχῆς
3019 4877 3347 4946 συμϐουλὴν,
3390 4877 3484 4928 καὶ
3515 4875 3747 4936 κλέπτει,

2196 4971 2393 5043 μᾶλλον
2422 4972 2478 5022 δὲ
2501 4969 2675 5022 πείθει
2702 4969 2826 5030 τοὺς
2855 4968 3178 5038 ἀνθρώπους
3212 4967 3473 5037 περιιδεῖν
3526 4965 3624 5035 μὲν
3661 4967 3747 5017 καὶ

2192 5065 2323 5134 παρ’
2341 5063 2491 5116 οὐδὲν
2526 5061 2712 5115 θέσθαι
2747 5061 2842 5113 καὶ
2871 5061 3154 5129 ἀθετῆσαι,
3184 5060 3384 5128 μᾶλλον
3399 5059 3456 5111 δὲ
3491 5059 3585 5111 καὶ
3611 5059 3748 5110 ἀντι-

2191 5155 2474 5219 τάξασθαι,
2505 5155 2598 5206 καὶ
2630 5152 2889 5206 τάναντία
2921 5151 3124 5221 πρᾶξαι
3150 5152 3246 5220 τῆς
3280 5152 3428 5221 παρὰ
3456 5150 3547 5202 τοῦ
3569 5148 3745 5218 κρείτ-

2191 5262 2339 5308 τονος
2361 5244 2652 5314 δεδομένης
2683 5243 2900 5312 ἐντολῆς
2933 5258 2991 5293 τε
3036 5242 3130 5294 καὶ
3183 5239 3512 5309 συμϐουλῆς,
3559 5238 3648 5291 καὶ
3675 5237 3744 5298 ὡς

2190 5337 2594 5405 κοινωνήσαντα
2641 5333 2739 5403 τῆς
2769 5333 3126 5395 ἀποστασίας,
3164 5332 3486 5400 κοινωνῆσαι
3536 5327 3630 5381 καὶ
3659 5324 3742 5379 τεῦ

2193 5430 2313 5483 καθ’
2343 5429 2537 5482 ὲαυτδν
2560 5428 2778 5482 αἰωνίου
2810 5425 3000 5497 ζόφου,
3033 5425 3128 5478 καὶ
3157 5426 3253 5494 τῆς
3286 5421 3627 5494 νεκρώσεως.

2251 5518 2355 5584 μιν.
2393 5517 2512 5570 Ὀτι
2548 5515 2605 5568 δὲ
2639 5518 2731 5569 καὶ
2759 5519 2790 5587 ἡ
2821 5519 3011 5590 λογικῇ
3045 5520 3190 5592 ψυχὴ
3215 5522 3361 5575 ἔστιν
3387 5521 3464 5585 ὡς
3521 5523 3737 5595 νεκροῦ-
