4146 6308
1228 296 1239 319 ἰ

398 353 542 425 1153

1317 361 1589 422 CAPITA
1638 359 1981 431 PllYSlCA,
2021 361 2533 431 TIIEOLOGICA,
2576 365 2738 428 ETC.

3512 360 3654 433 lli)“

398 470 513 517 ται,
544 452 722 507 καίτοι
778 452 925 525 ζωὴν
958 453 1153 525 ἔχουσα
1200 456 1260 508 τὸ
1288 457 1450 520 εἶναι,
1487 457 1692 520 Παῦλος
1723 460 1752 510 δ
1799 459 1969 529 μέγας

2077 467 2200 524 licet
2243 473 2409 525 vitam
2470 473 2843 528 essentialiter‘
2895 471 3117 538 habeat,
3182 490 3410 545 magnus
3445 480 3649 535 Paulus

399 548 547 615 ἡμᾶς
580 544 782 611 ἐδίδαξε
813 547 1037 616 γράφων
1063 563 1076 577 ·
1122 564 1140 597 ι
1167 547 1227 599 ’11
1266 549 1596 602 σπαταλῶσα
1632 551 1775 622 χήρα
1823 550 1972 614 ζῶσα

397 635 682 700 τέθνηκεν.
727 653 746 686 ι
793 634 1060 703 Είρῆσθαι
1089 635 1188 704 μὲν
1206 632 1301 689 οὖν
1327 639 1519 708 ἐκείνῳ
1548 639 1708 692 τοῦτο
1735 641 1974 710 καὶπερὶ

395 723 491 777 τοῦ
520 724 886 795 προκειμένου
917 725 1011 778 νῦν
1035 727 1135 795 τῆς
1167 727 1393 799 λογικῆς
1424 729 1664 798 δηλονότι
1688 729 1888 799 ψυχῆς,
1910 731 1970 781 οὐ

302 864 316 884 γ
395 815 577 883 χεῖρον
610 812 676 867 ἂν
708 816 886 866 εἰπεῖν
922 816 1008 885 εἴη
1033 831 1044 845 ·
1099 818 1131 886 ἡ
1166 818 1275 887 γὰρ
1298 821 1638 890 ἐστερημένη
1685 819 1780 873 τοῦ
1812 836 1976 873 πνευ-

403 905 632 976 ματικοῦ
696 905 934 975 νυμφίου
990 908 1159 978 ψυχὴ,
1197 911 1245 961 εί
1290 909 1364 980 μὴ
1412 911 1818 982 συνεσταλμένη
1880 910 1975 963 καὶ

401 996 672 1050 πενθοῦσα
702 998 810 1066 εἴη,
872 998 968 1050 καὶ
1001 998 1093 1051 τὸν
1128 1001 1315 1052 στενὸν
1346 1001 1440 1054 καὶ
1469 1000 1828 1071 τεθλιμμένον
1858 1002 1975 1073 βίον

396 1090 490 1157 τῆς
523 1089 814 1150 μετανοίας
866 1088 1129 1156 ἁνύουσα,
1165 1090 1300 1144 ἀλλὰ
1343 1092 1691 1163 διαχεομένη,
1734 1096 1828 1148 καὶ
1856 1098 1976 1159 ταῖς

394 1180 613 1250 ἡδοναῖς
643 1178 856 1250 ἑαυτὴν
883 1181 1102 1248 ἐφιεῖσα
1136 1183 1230 1235 καὶ
1264 1184 1597 1238 σπαταλῶσα
1622 1223 1638 1249 ,
1673 1185 1822 1249 ζῶσα
1857 1186 1974 1256 (καὶ

397 1270 508 1341 γὰρ
535 1271 652 1325 κατ’
679 1270 867 1323 οὐσίαν
895 1272 1044 1323 ἐστὶν
1077 1271 1367 1340 ἀθάνατος)
1399 1276 1628 1344 τέθνηκε
1653 1291 1666 1305 ο
1715 1277 1806 1327 καὶ
1863 1274 1975 1343 γὰρ

401 1363 520 1413 ἔστι
546 1361 766 1430 δεκτικὴ
796 1362 1029 1416 θανάτου
1070 1361 1162 1415 τοῦ
1193 1365 1456 1434 χείρονος,
1485 1365 1674 1437 ὥσπερ
1708 1368 1798 1417 καὶ
1830 1369 1974 1437 ζωῆς

401 1455 497 1522 τῆς
529 1455 831 1523 ἀμείνονος.
864 1456 925 1507 Et
958 1456 1014 1508 δὲ
1035 1456 1127 1508 καὶ
1160 1458 1333 1526 χήραν
1367 1457 1518 1525 λέγει
1547 1459 1645 1529 τὴν
1674 1460 1968 1528 ἐστερημέ-

397 1557 498 1610 νην
530 1544 625 1592 τοῦ
679 1544 992 1612 σωματικοῦ
1025 1548 1281 1614 νυμφίου,
1333 1547 1664 1599 σπαταλῶσα
1701 1549 1796 1601 καὶ
1824 1550 1976 1609 ζῶσα

399 1634 540 1685 κατὰ
587 1634 766 1703 σῶμα,
821 1635 1037 1698 πάντως
1085 1636 1334 1707 τέθνηκε,
1375 1639 1531 1708 φησι,
1584 1643 1722 1694 κατὰ
1774 1642 1973 1710 ψυχήν.

410 1724 563 1777 Ἐπεὶ
595 1725 689 1777 καὶ
719 1725 953 1796 ἀλλαχοῦ
985 1744 1152 1797 φησιν
1183 1731 1209 1782 ὀ
1238 1731 1422 1796 αὐτὸς,
1460 1732 1540 1784 ὅτι
1566 1732 1808 1801 Νεκροῦς
1832 1734 1976 1803 ἡμᾶς

398 1816 557 1878 δντας
582 1818 691 1879 τοῖς
712 1818 1146 1889 παραπτώμασι,
1174 1821 1608 1894 συνεζωοποίησε
1634 1824 1708 1894 τῷ
1732 1825 1972 1894 Χριστῷ.
2001 1815 2036 1867 Β

398 1909 463 1961 Τί
496 1910 551 1961 δὲ
603 1911 631 1961 ὁ
662 1909 854 1975 εἰπὼν,
880 1912 1064 1964 Ἔστιν
1106 1913 1350 1983 ἁμαρτία
1383 1914 1511 1984 πρὸς
1543 1916 1812 1982 οἀνατον;
1838 1916 1977 1969 ἀλλὰ

399 2003 496 2054 καὶ
523 2004 553 2054 ὁ
586 2004 812 2072 Κύριος,
841 2004 1060 2071 ἀφεῖναί
1104 2022 1213 2059 τινι
1260 2009 1566 2076 προστάξας
1594 2010 1719 2071 τοὺς
1747 2011 1975 2079 νεκροὺς

399 2093 622 2147 θάπτειν
674 2095 798 2157 τοὺς
848 2098 1100 2168 νεκροὺς,
1154 2099 1280 2162 τοὺς
1310 2103 1675 2167 ἐνταφιαστὰς
1736 2102 1977 2164 ἐκείνους

399 2186 540 2237 κατὰ
588 2184 749 2255 σῶμα
780 2185 1017 2254 ζῶντας,
1069 2191 1297 2262 νεκροὺς
1331 2189 1572 2256 πάντως,
1633 2192 1774 2245 κατὰ
1800 2191 1975 2262 ψυχὴν

399 2274 739 2343 ἀπεφήνατο.

476 2370 591 2434 μς.
630 2365 1029 2435 Ἐκστήσαντες
1056 2368 1276 2432 ἑκόντες
1331 2370 1554 2434 ἑαυτοὺς
1582 2373 1631 2423 oi
1665 2372 1755 2424 τοῦ
1788 2374 1977 2441 γένους

401 2458 746 2527 προπάτορες
777 2458 874 2529 τῆς
904 2457 997 2511 τοῦ
1038 2459 1174 2513 Θεοῦ
1209 2463 1429 2533 μνήμης
1465 2466 1559 2516 καὶ
1596 2465 1850 2534 θεωρίας,
1883 2466 1977 2518 καὶ

399 2548 500 2616 τῆς
534 2550 745 2603 ἐκεῖθεν
769 2551 985 2620 ἐντολῆς
1019 2551 1411 2624 ἀλογήσαντες,
1437 2556 1531 2608 καί
1562 2555 1638 2625 τῷ
1678 2557 1855 2625 νεκρῷ
1882 2556 1976 2607 τοῦ

400 2639 579 2693 Σατᾶν
616 2642 1017 2712 ὀμονοήσαντες
1046 2649 1342 2716 πνεύματι,
1403 2649 1497 2700 καὶ
1536 2648 1629 2700 τοῦ
1664 2652 1973 2718 ἀπηγερευ-

403 2731 567 2800 μένου
600 2730 755 2796 ξύλου
776 2736 1046 2802 φαγόντες
1084 2739 1234 2807 παρὰ
1290 2737 1517 2807 γνώμην
1549 2739 1637 2790 τοῦ
1670 2741 1975 2801 κτίσαντος,

400 2824 779 2893 γυμνωθέντες
812 2825 921 2878 τῶν
970 2830 1034 2879 ἐκ
1059 2828 1157 2897 τῆς
1210 2829 1416 2881 ἄνωθεν
1461 2831 1651 2898 αἴγλης
1700 2831 1977 2898 φωτεινῶν

402 2917 497 2968 καὶ
529 2917 774 2979 ζωτικῶν
803 2919 1143 2988 ἐνδυμάτων,
1176 2923 1381 2988 νεκροὶ,
1419 2923 1552 2990 φεῦι
1582 2923 1655 2984 ὡς
1707 2926 1733 2976 ὀ
1778 2924 1974 2989 Σατᾶν,

402 3008 497 3060 καὶ
526 3010 680 3062 αὐτοὶ
710 3013 853 3064 κατὰ
884 3012 1098 3082 πνεῦμα
1117 3013 1424 3079 γεγόνασιν.
1469 3015 1618 3066 Ἐπεὶ
1647 3016 1702 3067 δὲ
1726 3018 1752 3068 ὁ
1780 3017 1974 3077 Σατᾶν,

2072 576 2169 615 nos
2219 560 2402 618 docuit
2431 565 2673 619 scribens
2705 581 2721 619 :
2763 585 2780 617 ι
2826 565 3001 620 Vidua
3057 560 3200 636 qure'
3236 569 3288 622 in
3321 569 3533 625 deliciis
3561 583 3646 625 est

2070 655 2278 721 vivens,
2308 665 2518 710 mortua
2550 666 2634 711 est
2661 658 2725 712 ’⁸.
2763 670 2788 710 ι’
2828 656 2886 712 Id
2941 668 3120 712 autem
3153 659 3222 713 ab
3249 660 3344 714 illo
3390 676 3513 716 esse
3564 662 3648 716 di-

2068 758 2218 800 ctum
2250 747 2317 801 de
2351 763 2412 803 re
2438 749 2596 805 nobis
2653 765 2802 806 nunc
2830 751 3129 821 proposita,
3177 752 3244 807 de
3291 753 3472 806 anima
3503 754 3649 808 scili-

2068 850 2153 892 cet
2188 840 2459 904 rationali,
2497 855 2600 895 non
2631 842 2768 897 male
2825 855 3167 899 assereretur
3202 859 3219 900 :
3252 843 3469 898 viduata
3499 845 3643 899 enim

2069 932 2340 999 Spirituali
2371 947 2573 1001 sponso
2604 936 2810 1000 anima,
2838 935 3024 1003 si,non
3054 937 3215 990 anxia
3248 936 3321 990 sit
3348 947 3404 991 et
3430 937 3645 1002 lugens,

2070 1033 2122 1077 et
2169 1033 2376 1076 art-tam
2445 1022 2813 1096 aﬂlictamque
2857 1028 3013 1098 degat
3056 1029 3392 1097 paenitentiae
3453 1031 3644 1093 vitam,

2070 1115 2161 1168 sed
2198 1113 2403 1170 diffluat
2438 1117 2810 1186 voluptatibus
2836 1128 2890 1172 et
2920 1120 3197 1188 indulgeat
3220 1122 3447 1187 deliciis,
3475 1136 3646 1190 quan—

2068 1223 2228 1276 quam
2285 1209 2493 1271 vivens,
2517 1220 2698 1277 utpote
2728 1225 2822 1277 per
2854 1213 3142 1266 essentiam
3172 1222 3255 1268 est
3293 1212 3641 1275 immortalis,

2071 1309 2281 1352 mortua
2318 1308 2495 1353 tamen
2538 1311 2618 1353 est
2650 1318 2664 1356 :
2698 1303 2898 1370 quippe
2951 1319 3119 1371 capax
3152 1314 3234 1358 est
3278 1305 3487 1365 mortis.
3525 1319 3644 1373 quae

2068 1400 2151 1443 est
2202 1392 2425 1455 malum,
2488 1393 2570 1446 vel
2632 1395 2777 1456 vitae,
2820 1410 2940 1462 quae
2973 1404 3059 1449 est
3103 1395 3324 1450 bonum.
3372 1396 3428 1449 Si
3463 1405 3643 1450 autem

2070 1484 2159 1537 ille
2212 1483 2453 1553 loquitur
2510 1485 2577 1538 de
2629 1486 2789 1541 vidua
2826 1488 3097 1556 corporali
3151 1488 3381 1558 conjuge
3429 1489 3643 1550 orbata,

2069 1575 2148 1627 sic
2172 1574 2550 1644 intelligendus
2601 1585 2731 1632 est:
2776 1592 2897 1646 qua:
2959 1578 3009 1629 in
3045 1577 3258 1632 deliciis
3281 1588 3383 1641 est,
3421 1576 3522 1631 etsi
3566 1579 3647 1630 vi-

2071 1681 2203 1720 vens
2260 1682 2510 1737 corpore,
2570 1684 2795 1738 prorsus
2860 1679 3069 1723 mortua
3131 1679 3214 1725 est
3269 1670 3473 1723 anima.
3510 1669 3642 1722 Nam

2069 1759 2210 1812 idem
2247 1760 2374 1813 alibi
2414 1760 2592 1814 dicit:
2635 1779 2654 1812 ι
2683 1759 2816 1815 Cum
2848 1776 3097 1815 essemus
3141 1762 3333 1815 mortui
3388 1762 3644 1830 peccatis,

2069 1850 2468 1904 ronvivificavit
2502 1867 2601 1906 nos
2655 1853 2707 1904 in
2759 1853 2978 1905 Christo
3005 1852 3070 1907 ".
3119 1872 3136 1903 ι
3171 1851 3297 1906 Item
3329 1853 3420 1919 qui
3460 1854 3595 1906 dixit
3625 1866 3644 1908 :

2074 1960 2092 1993 ι
2139 1941 2227 1995 Est
2267 1953 2545 2009 peccatum
2594 1943 2659 1997 ad
2708 1956 2935 1998 mortem
3003 1945 3072 1998 ²’.
3134 1962 3154 1995 ι
3219 1945 3341 2013 Ipse.
3386 1944 3646 1998 Dominus

2068 2038 2280 2088 cuidam
2322 2036 2641 2103 prxcipieus
2680 2045 2737 2086 ut
2770 2036 3065 2089 dimitteret.
3111 2046 3355 2089 mortuos
3410 2034 3648 2102 sepelire
3714 2062 3719 2067 -

2076 2143 2318 2183 mortuus
2344 2143 2496 2193 suos,
2532 2129 2834 2197 sepultares
2864 2131 2987 2185 illos
3013 2144 3242 2200 corpore
3259 2129 3503 2186 viventes
3525 2140 3647 2184 esse

2074 2235 2296 2287 prorsus
2336 2226 2585 2273 mortuos
2614 2217 2797 2271 anima
2825 2217 3240 2274 demonstravit.

2153 2363 2243 2418 46.
2280 2363 2375 2418 Ulti
2444 2363 2589 2418 ultro
2633 2366 2959 2419 tlestiterunt
3011 2366 3234 2419 humani
3276 2367 3492 2434 generis
3539 2380 3662 2433 pro-

2081 2458 2165 2510 avi
2213 2472 2241 2509 a
2297 2455 2385 2509 Dei
2443 2458 2705 2511 memoria
2789 2468 2840 2512 et
2902 2457 3388 2525 contemplatione,
3432 2457 3659 2525 ejusque

2083 2548 2392 2602 mandatum
2426 2560 2769 2618 spreverunt,
2798 2559 2852 2604 et
2895 2561 3108 2605 mortuo
3154 2551 3375 2604 Salaria:
3427 2566 3658 2604 censen-

2080 2649 2272 2693 scmnl
2332 2639 2569 2707 spiritui.
2623 2655 2687 2693 ac
2740 2641 2805 2695 de
2847 2640 3027 2695 frttclu
3090 2641 3261 2695 vetito
3308 2639 3663 2695 COtnederunl

2080 2741 2267 2784 contra
2309 2729 2587 2785 Creatoris
2638 2742 2928 2789 statutum.
2984 2733 3169 2786 nudati
3232 2733 3540 2800 splendoris
3567 2746 3662 2785 su-

2082 2822 2248 2889 premi
2289 2822 2481 2877 lucidis
2530 2831 2586 2877 et
2634 2822 2888 2877 vitalibus
2949 2823 3307 2884 indumentis.
3342 2831 3396 2875 et.
3445 2819 3661 2874 Sataua:

2082 2914 2252 2968 instar
2304 2924 2358 2967 et
2414 2915 2535 2983 ipsi,
2590 2914 2725 2968 ltcul
2773 2916 2965 2984 spiritu
2995 2915 3197 2970 mortui
3245 2926 3395 2969 sunt.
3432 2916 3502 2967 At
3533 2915 3659 2983 quia

2081 3005 2317 3060 Satanas
2377 3022 2485 3060 non
2538 3018 2784 3061 mortuus
2838 3007 3011 3061 solum
3044 3018 3127 3060 est
3186 3008 3434 3076 spiritus,
3470 3005 3563 3060 scd
3607 3015 3662 3059 et

403 3099 460 3149 οὺ
491 3101 685 3169 νεκρόν
718 3105 833 3153 ἐστι
866 3101 1086 3170 πνεῦμα
1113 3103 1295 3172 μόνον,
1324 3103 1462 3156 ἀλλὰ
1486 3106 1576 3156 καὶ
1608 3105 1833 3175 νεκροῦν
1854 3107 1976 3170 τοὺς

2082 3099 2241 3151 morti
2273 3098 2410 3152 dans
2442 3100 2507 3151 ad
2565 3114 2623 3153 se
2654 3103 3004 3165 accedentes,
3036 3101 3194 3155 istius
3226 3110 3405 3154 autem
3440 3099 3662 3168 partit-i-

405 3188 745 3256 ὲγγίζοντας,
774 3193 883 3253 τοῖς
916 3192 971 3243 δὲ
1009 3192 1340 3262 μετασχοῦσι
1369 3194 1469 3262 τῆς
1529 3194 1736 3247 ἐκείνου
1771 3196 1975 3264 νεκρώ-

408 3296 545 3343 σεως
566 3282 657 3333 καὶ
691 3281 849 3350 σῶμα
877 3286 1078 3353 παρῆν,
1110 3283 1178 3335 δι’
1204 3280 1264 3338 οὗ
1294 3286 1385 3337 καὶ
1419 3286 1792 3356 συνεπερὰνθη
1840 3288 1978 3357 πρὸς

409 3372 569 3444 ἔργον
592 3372 819 3426 ἐλθοῦσα
846 3375 879 3442 ἡ
917 3374 1235 3444 νεκροποιὸς
1276 3375 1582 3446 συμϐουλὴ,
1610 3378 1977 3445 μεταδιδόασι,

408 3462 548 3531 φεῦί
582 3464 677 3518 καλ.
710 3466 820 3528 τοῖς
845 3464 1065 3526 οἰκείοις
1089 3463 1327 3535 σώμασι,
1369 3469 1439 3519 τὰ
1468 3468 1639 3537 νεκρὰ
1669 3469 1763 3520 καὶ
1796 3485 1984 3539 νεκρο-

406 3556 538 3607 ποιὰ
565 3557 749 3609 ἐκεῖνα
777 3555 1068 3625 πνεύματα
1098 3558 1194 3622 τῆς
1237 3559 1577 3630 νεκρῶσεως,
1613 3558 1715 3610 κᾶν
1760 3557 1979 3626 διελύθη

389 3647 662 3716 ’παραυτά
684 3649 818 3716 πρὸς
846 3651 950 3719 γῆν
970 3648 1302 3718 ἐπιστρέψειν
1319 3649 1441 3701 ὅθεν
1463 3649 1671 3719 ἐλ.⁵,φθη
1698 3649 1757 3701 τὸ
1779 3650 1874 3701 ἀνθ
1885 3649 1983 3719 ρώ-

408 3757 563 3794 ’πινον
594 3739 753 3808 σῶμα
774 3755 789 3769 ·
828 3743 876 3793 εἰ
904 3741 979 3810 μὴ
1008 3740 1339 3812 προμηθείᾳ,
1378 3742 1470 3793 καὶ
1505 3741 1730 3810 δυνάμει
1759 3740 1980 3810 συνεχό-

409 3850 571 3905 μενον
607 3832 899 3905 κρείττονι,
929 3834 1026 3902 τὴν
1064 3833 1342 3900 ἀπόφασιν
1370 3820 1690 3902 ἐκαρτέρει·
1735 3831 1829 3884 τοῦ
1885 3832 1982 3901 ῥήο

413 3943 543 3996 ματι
581 3928 728 3996 μόνῳ
775 3925 846 3977 τὰ
872 3928 1051 3977 πάντα
1072 3923 1342 3992 φέροντος
1362 3939 1375 3952 ·
1416 3919 1482 3994 ἦς
1506 3924 1674 3993 χωρὶς
1705 3922 1854 3976 οὐδὲν
1887 3926 1982 3974 ἐκ·

407 4020 643 4071 τελεῖται
672 4018 780 4069 τῶν
807 4015 1164 4086 τελουμένων.
1208 4014 1532 4083 Ἐκφέρεται
1566 4013 1608 4064 δ’
1664 4011 1849 4079 ἐκείνη
1885 4012 1984 4064 σὺν

409 4109 533 4179 δίκῃ
569 4109 824 4167 πάντοτε,
850 4108 1068 4169 Δίκαιος
1095 4108 1201 4180 γὰρ
1222 4110 1250 4160 ὁ
1287 4107 1512 4174 Κύριος,
1552 4104 1693 4157 κατὰ
1726 4104 1815 4155 τὸν
1840 4103 1981 4156 θεῖον

352 4224 357 4229 ·
408 4199 713 4269 Ψαλμῳδὺν
743 4202 939 4262 εἰπεῖν,
971 4202 1064 4251 καὶ
1097 4199 1444 4259 δικαιοσύνας
1475 4197 1784 4266 ἠγάπησεν.

488 4287 595 4360 μαῖ’.
643 4291 701 4343 ’0
730 4291 859 4354 Θεὸς
890 4290 1120 4342 θάνατον
1162 4292 1261 4343 οὐκ
1294 4291 1540 4361 ἐποίησε,
1579 4290 1720 4343 κατὰ
1772 4288 1833 4341 τὸ
1887 4306 1982 4358 γε·

410 4383 731 4454 γραμμένον
752 4397 766 4411 ·
804 4383 942 4436 ἀλλὰ
969 4384 1062 4436 καὶ
1086 4383 1338 4452 γενέσθαι
1360 4384 1547 4436 τοῦτον
1575 4383 1873 4447 ἐκώλυσεν,
1900 4384 1985 4452 ἐφ’

412 4481 536 4530 ὃσον
572 4476 760 4547 ἐχρῆν,
793 4477 887 4528 καὶ
919 4477 1057 4545 μετὰ
1078 4475 1424 4544 δικα.οσῦνης
1452 4476 1579 4544 ἐξῆν
1602 4472 1832 4527 κωλύειν
1862 4472 1987 4539 τοὺς

414 4566 794 4631 αὐτεξουσίως
851 4569 982 4637 παρ’
1026 4565 1192 4619 αὑτοῦ
1243 4568 1555 4634 γεγονότας.
1584 4567 1987 4637 Προεισήνεγκε

413 4661 523 4731 γὰρ
554 4659 749 4729 βουλὴν
801 4657 1339 4724 ἁπαθανατίζουσαν,
1367 4658 1461 4709 καὶ
1506 4655 1988 4727 προασφαλιςόμε-

415 4768 505 4812 νος
553 4750 694 4817 ἄγαν
722 4751 821 4825 τὴν
846 4747 1107 4812 ζωοποιὺν
1132 4748 1463 4819 συμϐουλὴν,
1493 4748 1700 4801 οἰκείαν
1730 4751 1990 4819 ἐποίησεν

416 4844 670 4915 ὲντολήνο
703 4845 797 4897 καὶ
841 4842 1214 4912 προηγόρευσε
1256 4842 1507 4911 φανερῶς
1555 4842 1650 4893 καὶ
1700 4841 1988 4913 ἠπείλησε,

420 4935 645 4987 θάνατον
700 4931 840 4988 εἶναι
872 4934 1277 5000 διατεινάμενος
1320 4933 1419 5003 τῆς
1483 4931 1730 5002 ζωούσης
1769 4934 1990 5002 ἐντολῆς

420 5026 518 5094 τὴν
547 5024 835 5096 ἀθέτησιν·
866 5025 939 5088 ὡς
975 5025 1041 5079 ἂν
1067 5026 1099 5096 ἢ
1132 5026 1304 5097 πόθῳ,
1337 5026 1370 5097 ἦ
1400 5025 1625 5094 γνώσει,
1656 5027 1689 5096 ἡ
1722 5027 1873 5096 φόϐῳ
1889 5029 1989 5096 τὴν

424 5115 514 5167 τοῦ
549 5116 779 5169 θανάτου
810 5120 1004 5186 πεῖραν
1024 5116 1380 5185 φυλάξωνται.
1407 5118 1480 5169 Τὸ
1505 5119 1613 5187 γὰρ
1633 5119 1863 5172 ἑκάστου
1884 5121 1991 5171 τέων

426 5210 741 5277 κτισμάτων
769 5208 1050 5276 συμφέρον
1075 5209 1102 5260 ὁ
1127 5206 1260 5270 Θεὸς
1284 5208 1447 5275 φιλεῖ,
1477 5210 1571 5261 καί
1596 5210 1874 5275 γινώσκει,
1898 5210 1994 5261 καὶ

424 5298 664 5352 δύναται.
701 5300 761 5352 Εἰ
795 5301 892 5368 μὲν
923 5297 1016 5353 οὖν
1055 5300 1319 5367 ἐγίνωσκε
1348 5301 1530 5368 μόνον,
1581 5300 1680 5352 οὐκ
1709 5300 1881 5368 ἐφίλει
1910 5300 1991 5364 δὲ,

426 5391 545 5461 τάχ’
604 5391 669 5445 ἂν
719 5393 880 5455 αὐτὸς
938 5394 1159 5464 εἵργων,
1213 5392 1495 5446 ἀτέλεστον
1536 5393 1671 5461 ἡφίη
1723 5395 1782 5444 τὸ
1813 5393 1989 5455 καλῶς

430 5486 829 5554 γινωσκόμενον
855 5502 868 5516 ’
902 5487 950 5538 εἰ
973 5487 1016 5538 δ’
1046 5486 1275 5553 ἀγαπῶν
1307 5488 1406 5538 οῦκ
1462 5486 1774 5553 ἐγίνωσκεν,
1810 5487 1842 5555 ἢ
1894 5489 1993 5540 οὐκ

434 5574 675 5640 ἐδύνατο,
706 5576 825 5645 τάχ’
852 5576 918 5629 ἂν
937 5577 1031 5627 καὶ
1057 5580 1131 5644 μὴ
1156 5576 1347 5630 τούτου
1372 5578 1586 5639 ἑκόντος
1619 5574 1754 5631 εἶναι
1780 5579 1840 5629 τὸ
1866 5595 1936 5629 πει
1948 5580 1992 5647 ρ’

507 5767 551 5798 ³⁵
582 5766 603 5821 ι
632 5768 767 5822 Tim.
805 5782 856 5831 ν,
893 5764 947 5817 6.
1023 5763 1066 5795 ¹¹
1094 5760 1291 5831 Epltes.
1331 5776 1390 5826 Il,
1422 5757 1476 5813 5.

1556 5757 1598 5791 "
1623 5726 1647 5812 ί
1668 5756 1803 5812 Juatt
1833 5772 1881 5820 ν,
1921 5756 2000 5813 ιο.

2084 3189 2243 3257 pibus
2276 3191 2436 3242 etiam
2465 3205 2661 3258 corpus
2693 3193 2866 3245 iuerat
2911 3206 3006 3261 per
3068 3192 3209 3258 quod
3280 3200 3662 3246 consummata

2080 3289 2244 3333 estet
2292 3280 2452 3334 ducta
2496 3281 2563 3334 ad
2616 3297 2753 3348 opus
2802 3281 3078 3335 mortifera
3131 3283 3340 3344 suasio,
3406 3291 3657 3345 mortem,

2084 3370 2224 3424 Ireul
2257 3371 2506 3438 ipsisutet
2542 3373 2863 3441 corporibus
2916 3374 2995 3433 illi
3059 3374 3256 3426 tuurtui
3290 3383 3346 3428 et
3393 3372 3659 3427 mortiferi

2089 3463 2311 3530 spiritus
2361 3465 2923 3530 communicaverunt,
2981 3474 3033 3518 et
3092 3465 3274 3520 statim
3334 3465 3659 3519 dissolutum
3724 3516 3729 3523 _

2084 3555 2336 3610 rediisset
2390 3556 2444 3609 in
2512 3567 2711 3611 terram
2765 3558 2907 3612 unde
2969 3568 3302 3625 assumptum
3351 3569 3436 3612 est
3472 3557 3663 3609 huma-

2083 3663 2209 3701 num
2262 3662 2481 3716 corpus,
2503 3647 2546 3701 si
2610 3662 2713 3700 non
2781 3648 3119 3717 providentia
3161 3658 3216 3701 et
3267 3646 3509 3715 potentia
3567 3645 3657 3699 Dei

2080 3739 2268 3808 Optimi
2298 3748 2699 3804 conservatum,
2720 3739 2837 3810 ejus
2858 3740 2948 3810 qui
2972 3739 3147 3794 omnia
3163 3755 3268 3794 uno
3293 3739 3456 3793 verba
3474 3737 3659 3801 Salttil,

2085 3835 2412 3887 sententiam
2445 3835 2811 3903 opperiretur,
2857 3836 2978 3887 sine
3033 3849 3137 3902 qua
3175 3833 3308 3886 nihil
3356 3834 3414 3886 fit
3468 3845 3658 3886 eorum

2084 3938 2205 3990 quae
2260 3925 2414 3985 fiunt,
2467 3934 2521 3977 et
2555 3939 2675 3992 quae
2736 3923 2911 3977 fertur
2946 3923 3093 3990 juste
3147 3937 3388 3990 semper,
3424 3935 3660 3988 namque

2081 4013 2231 4082 juxta
2267 4015 2445 4066 divum
2478 4012 2816 4068 Psalmistatn
2847 4014 2897 4045 "
2929 4029 2943 4065 :
2991 4029 3009 4063 ι
3046 4011 3231 4067 Justus
3285 4013 3569 4080 Dominus,
3607 4021 3663 4067 et

2080 4102 2325 4173 justitias
2360 4102 2569 4156 dilexit.
2614 4122 2633 4155 ι

2156 4286 2248 4339 47.
2282 4284 2420 4337 Deus
2457 4292 2682 4337 mortem
2718 4298 2825 4336 non
2877 4281 3024 4344 fecit.
3074 4292 3131 4336 ut
3161 4283 3426 4350 scriptmu
3482 4293 3564 4337 est
3589 4283 3661 4348 ’⁵,

2086 4378 2179 4431 sed
2205 4375 2333 4444 quin
2368 4374 2518 4427 ﬁeret
2550 4372 2811 4439 impediit,
2843 4380 3105 4442 quantum
3163 4376 3446 4439 oportebat
3475 4382 3528 4426 et
3574 4374 3662 4439 iu-

2012 4449 2057 4503 Ῑ)
2089 4456 2238 4523 stitia
2267 4466 2460 4520 licebat
2493 4464 2756 4533 lmpedire
2798 4464 2993 4518 liberos
3021 4465 3088 4517 ab
3127 4463 3246 4533 ipso
3303 4465 3494 4519 factos.
3526 4461 3661 4518 Nam

2092 4557 2347 4626 primitus
2382 4554 2528 4608 dedit
2555 4552 2843 4607 consilium
2873 4567 2981 4617 quo
3008 4551 3393 4605 immortalitas
3427 4549 3664 4605 conferri

2091 4657 2294 4716 posset,
2323 4654 2378 4700 ct
2411 4644 2585 4698 valide
2630 4646 3003 4714 pnemuuieus
3046 4643 3323 4696 viviﬁcqu
3356 4644 3455 4695 huc
3482 4643 3665 4696 consi-

2091 4737 2225 4791 lium
2259 4778 2273 4802 ,
2328 4736 2604 4805 peculiare
2655 4737 2861 4791 addidit
2897 4737 3238 4796 mandatum,
3291 4743 3346 4788 et
3380 4743 3568 4798 aperte
3593 4736 3666 4789 si-

2086 4833 2364 4901 gniﬁcavit
2431 4842 2593 4902 atque
2645 4833 2886 4886 minatus
2936 4840 3042 4892 est,
3098 4836 3329 4883 mortem
3366 4827 3481 4881 fore
3515 4827 3663 4881 amr-

2089 4941 2244 4980 maus
2287 4925 2608 4979 vivificantis
2639 4928 2890 4994 praecepti
2920 4922 3436 4991 transgressionem,
3464 4931 3521 4974 ut
3548 4922 3665 4976 sive

2089 5021 2444 5080 amore,sire
2479 5018 2735 5081 scientia,
2790 5018 2906 5071 sive
2967 5023 3110 5067 metu
3175 5029 3204 5066 a
3263 5014 3453 5067 mortis
3497 5028 3665 5080 expe-

2091 5109 2287 5164 rientia
2313 5119 2587 5164 caverent.
2623 5108 2756 5161 Nam
2792 5107 3222 5175 uniuscujusque
3277 5114 3662 5159 creaturarum

2090 5202 2434 5257 commodum
2470 5199 2610 5255 Deus
2638 5208 2786 5253 amat
2817 5198 3029 5266 scitque
3060 5207 3114 5253 et
3151 5207 3348 5266 potest.
3406 5197 3462 5251 Si
3516 5198 3662 5253 eniut

2087 5303 2443 5365 cognosceret
2512 5302 2743 5355 tantmn,
2787 5291 2927 5343 baud
2959 5304 3089 5343 vero
3134 5290 3404 5360 diligeret.
3435 5288 3661 5344 forsitan

2083 5388 2203 5457 ipse
2259 5385 2571 5455 impediret,
2626 5398 2727 5438 nec
2768 5383 2882 5436 fieri
2945 5384 3150 5439 sineret
3178 5384 3318 5452 quod
3382 5383 3519 5436 bene
3566 5397 3660 5436 co-

2082 5477 2314 5549 gnoscit.
2346 5475 2403 5529 Si
2458 5488 2588 5529 vero
2641 5487 2834 5526 amans
2886 5488 2993 5528 non
3037 5483 3386 5543 cognosceret
3416 5484 3509 5526 aut
3555 5487 3659 5525 non

2081 5579 2286 5641 posset.
2317 5567 2570 5630 fortasse,
2623 5569 2739 5636 ipso
2789 5567 2949 5621 etiam
3000 5568 3184 5631 invito,
3220 5566 3360 5634 quod
3415 5575 3560 5619 amat
3594 5578 3660 5618 ac

2089 5748 2299 5803 “i’sal.
2344 5764 2398 5810 τ.
2430 5747 2483 5802 8.
2565 5747 2606 5779 ³⁸
2648 5747 2774 5816 Sap.
2809 5761 2844 5812 ι,
2882 5746 2969 5801 13.
