4074 6322
325 314 465 380 11ῦὸ

1239 320 1507 380 CAPlTA
1552 316 1911 388 PIIYSICA,
1951 316 2477 387 THEOLOGICA,
2518 317 2681 377 ETC.

3454 315 3591 383 1166

335 440 521 501 μεντοι
552 431 700 503 ψυχὴ
764 430 1060 501 συνέχουσα
1088 428 1148 481 τὸ
1182 427 1344 494 σῶμα
1398 422 1442 492 ᾧ
1498 426 1593 477 καὶ
1653 423 1899 490 ἐκτίσθη.

2011 430 2202 484 Anima
2240 440 2420 485 tamen
2463 430 2751 485 continens
2800 442 2998 499 corpus
3038 428 3126 485 cui
3154 440 3442 486 concreata
3482 443 3588 495 est,
3645 457 3656 466 ο

333 527 615 595 πανταχοῦ
662 526 754 578 τοῦ
790 521 1039 591 σώματός
1082 522 1251 583 ἐστιν,
1280 519 1377 587 οὐχ
1405 517 1481 579 ὡς
1508 518 1567 568 ὲν
1592 516 1764 583 τόπῳ,
1793 513 1903 566 οὐδ’

330 617 407 678 ὡς
456 600 835 686 περιεχομένη,
872 613 986 666 ἀλλ’
1035 613 1108 675 ὡς
1144 610 1444 680 συνέχουσά
1503 624 1565 660 τε
1617 605 1714 660 καὶ
1743 622 1901 676 περι-

339 703 562 772 έχουσα,
596 709 687 756 καὶ
717 700 1056 766 ζωοποιοῦσα
1085 698 1243 751 τοῦτο
1272 697 1391 751 κατ’
1432 697 1617 751 εἰκόνα
1637 695 1733 755 καὶ
1758 694 1903 747 τοῦτ’

332 796 532 863 ἔχουςα
564 794 720 848 Θεοῦ.

406 884 502 953 εβν.
528 887 610 937 Οὐ
634 887 773 938 κατὰ
803 885 963 937 τοῦτο
996 883 1154 954 μόνον
1198 882 1401 951 μᾶλλον
1456 882 1566 935 τῶν
1601 883 1849 950 ἀγγέλων
1879 885 1905 935 ὁ

333 976 616 1043 ἄνθρωπος
642 976 762 1029 κατ’
792 977 981 1031 εἰκόνα
1014 975 1307 1042 πεποίηται
1329 973 1486 1035 Θεοῦ,
1528 975 1613 1026 ὅτι
1654 989 1904 1026 συνεκτι-

333 1070 437 1135 κήν
468 1084 526 1118 τε
549 1068 643 1119 καὶ
661 1066 923 1127 (tuomth
948 1066 1063 1135 εχει
1082 1066 1311 1132 δύναμιν
1341 1066 1398 1117 ὲν
1428 1063 1627 1133 ἑαυτῷ,
1651 1063 1786 1117 ἀλλὰ
1810 1068 1903 1116 καὶ

334 1159 478 1211 κατὰ
510 1159 570 1210 τὸ
621 1158 832 1227 ἄρχειν.
868 1158 1024 1209 Ἔστι
1058 1156 1167 1226 γὰρ
1220 1159 1278 1208 ἐν
1324 1159 1391 1224 τῇ
1440 1156 1540 1223 τῆς
1589 1154 1710 1208 καθ’
1760 1156 1903 1225 ἡμᾶς

331 1249 508 1318 ψυχῆς
547 1249 727 1316 φύσει,
754 1249 815 1300 τὸ
841 1248 939 1316 μὲν
980 1246 1310 1316 ἡγεμονικόν
1341 1262 1401 1298 τε
1428 1246 1524 1300 καὶ
1552 1246 1780 1317 ἀρχικόν
1806 1262 1819 1276 ε
1847 1247 1908 1298 τὸ

335 1341 394 1393 δὲ
427 1340 586 1408 φύσει
619 1340 869 1392 δουλεῦον
900 1356 959 1391 τε
999 1338 1094 1391 καὶ
1112 1339 1384 1406 ὑπήκοον
1417 1336 1656 1406 θέλησις,
1710 1338 1908 1407 ὄρεξις,

334 1434 589 1501 αἴσθησις
606 1432 696 1483 καὶ
712 1431 896 1493 ἁπλῶς
917 1432 1017 1483 ὅσα
1036 1429 1174 1499 μετὰ
1187 1431 1276 1481 τὸν
1298 1429 1442 1492 νοῦν,
1464 1428 1541 1497 τῷ
1558 1429 1631 1497 νῷ
1657 1430 1876 1482 συνεκτί
1890 1459 1908 1468 -

336 1524 437 1591 σΟη
484 1523 634 1591 παρὰ
660 1521 816 1587 Θεοῦ,
848 1522 950 1579 κᾶν
1000 1523 1160 1590 ἡμεῖς
1182 1522 1327 1573 ἐστιν
1356 1519 1440 1588 ἐφ’
1469 1514 1542 1572 ὧν
1568 1522 1909 1589 φιλαμαρτή-

342 1629 467 1680 μονι
492 1613 709 1682 γνώμῃ,
741 1612 816 1682 μὴ
838 1611 930 1665 τοῦ
956 1612 1089 1664 Θεοῦ
1123 1614 1217 1665 καὶ
1251 1612 1694 1681 Παντοκράτορος
1729 1612 1908 1681 μόνον.

337 1704 472 1756 ἀλλὰ
501 1704 708 1757 καὶτοῦ
744 1706 1040 1775 προσόντος
1063 1706 1192 1773 ἡμῖν
1224 1704 1480 1773 ἑμφύτως
1505 1705 1907 1773 αὐτοκράτορος

2010 522 2212 591 ubique
2258 523 2511 591 corporis
2537 531 2642 588 est,
2677 536 2780 575 non
2810 521 2960 575 velut
3008 520 3062 574 in
3115 510 3252 583 ioco,
3296 535 3394 576 nec
3443 523 3591 575 ve'ut

2009 619 2436 683 coinprchensa,
2479 615 2573 667 sed
2616 624 2674 668 ut
2713 611 2845 667 illud
2883 615 3190 674 continens,
3234 614 3592 682 cetnprehen-

2011 707 2162 771 dens,
2193 719 2248 760 et
2294 707 2575 760 viviﬁcans
2610 724 2623 758 :
2655 714 2709 759 et
2737 704 2815 760 sic
2850 706 3010 760 etiam
3048 706 3115 757 ad
3153 703 3442 771 imaginem
3497 704 3588 759 Dei

2008 808 2115 857 ρει.
3152 844 3155 847 ,

2078 885 2168 940 62.
2193 886 2308 941 Non
2333 885 2455 942 ideo
2479 887 2739 939 duntaxat
2772 884 2943 955 magis
2969 899 3128 952 quam
3160 885 3387 954 angelus
3412 885 3578 937 homo

1994 978 2074 1028 ad
2110 976 2201 1031 Dei
2238 975 2526 1044 imaginem
2578 975 2753 1029 factus
2799 985 2921 1037 est,
2969 973 3096 1041 quia
3129 974 3592 1028 conservatricem

2008 1078 2059 1120 et
2111 1068 2380 1122 viviﬁcam
2431 1066 2594 1121 habet
2641 1066 2695 1118 in
2731 1065 2914 1133 seipse
2954 1066 3231 1129 virtutem,
3283 1067 3379 1120 sed
3429 1068 3591 1120 etiam

2007 1161 2131 1227 quia
2187 1160 2441 1227 imperat.
2486 1157 2578 1212 Est
2615 1158 2760 1212 enim
2813 1157 2866 1210 in
2913 1166 3110 1211 nostra:
3155 1158 3350 1211 animae
3396 1167 3592 1213 natura

2010 1264 2111 1301 una
2154 1263 2279 1318 pars
2313 1248 2600 1303 dominans
2630 1255 2683 1301 et
2727 1247 3042 1315 imperans;
3073 1258 3127 1301 et
3162 1247 3329 1303 altera
3371 1259 3595 1304 natura-

2009 1343 2130 1395 liter
2182 1341 2454 1395 famulans
2505 1352 2556 1395 et
2615 1340 2876 1395 obediens
2919 1356 2933 1392 :
2989 1341 3241 1395 voluntas
3291 1342 3596 1409 appetitus,

2008 1447 2205 1487 sensus
2239 1443 2294 1486 et
2342 1433 2639 1500 generatim
2684 1445 3024 1501 quateunque
3061 1432 3197 1485 infra
3263 1432 3596 1487 intellectum

2010 1522 2302 1576 intellectui
2349 1534 2637 1578 concrcata
2691 1533 2819 1581 sunt
2874 1538 2902 1577 a
2937 1522 3083 1589 Deo;
3137 1540 3443 1594 quanquam
3495 1542 3598 1581 nos

2007 1615 2321 1683 aliquando,
2377 1618 2583 1683 peccati
2638 1631 2827 1671 amore
2883 1617 3054 1689 ducti,
3114 1632 3216 1670 non
3271 1618 3443 1672 solum
3502 1619 3596 1673 Dei

2007 1706 2415 1773 onmipotentis,
2452 1709 2546 1760 sed
2582 1715 2636 1761 et
2669 1707 2824 1760 nobis
2870 1707 3028 1762 inditi
3092 1708 3414 1763 naturaliter
3444 1711 3599 1764 ducis

339 1796 742 1865 ἁφηνιάζομεν.
767 1796 827 1849 Ὀ
856 1795 1045 1866 μέντοι
1077 1796 1208 1858 Θεὸς
1237 1796 1325 1848 διὰ
1347 1796 1408 1847 τὸ
1429 1797 1487 1848 ὲν
1512 1799 1645 1864 ἡμῖν
1659 1797 1908 1866 ἀρχικὸν,

2010 1801 2253 1853 habenas
2284 1798 2674 1854 detrectamus.
2713 1797 2851 1853 llnic
2893 1810 3075 1854 tamen
3130 1800 3386 1853 insidenti
3439 1801 3595 1857 nobis

338 1889 434 1939 xui.
464 1887 560 1956 τῆς
579 1886 682 1955 γῆς
713 1885 930 1955 ἁπάσης
963 1888 1204 1956 παρέσχε
1233 1884 1331 1955 τὴν
1361 1885 1679 1954 κυριότητα.
1709 1886 1910 1952 Ἀγγε-

2010 1889 2115 1957 rcgi
2174 1886 2319 1942 Deus
2372 1888 2643 1943 universa:
2709 1900 2872 1943 teme
2938 1889 3156 1942 tradidit
3211 1891 3596 1960 printipatntu.

337 1978 420 2029 λοι
462 1977 519 2029 δὲ
569 1977 995 2046 συνεζευγμένον
1029 1977 1190 2045 σῶμα
1243 1978 1342 2029 οὐκ
1396 1976 1635 2046 ἔχουσιν,
1691 1976 1768 2039 ὼς
1820 1977 1910 2031 καὶ

2010 1980 2193 2047 Angeli
2231 1997 2361 2035 vero
2392 1997 2497 2036 non
2535 1982 2732 2036 habent
2767 1997 2964 2050 corpus
2994 1982 3293 2036 intellectui
3369 1985 3599 2051 conjun—

340 2068 748 2134 ὑπεζευγμένον
786 2068 929 2137 ἔχειν
952 2066 1030 2135 τῷ
1059 2065 1154 2136 νῷ.
1211 2065 1324 2134 Τὴν
1354 2066 1412 2120 δὲ
1443 2065 1637 2135 νοερὰν
1674 2065 1910 2133 θέλησιν,

2010 2085 2150 2128 ctum
2180 2082 2236 2130 et
2265 2074 2633 2143 subiunctum.
2660 2074 3042 2131 lnte'lectnalis
3076 2090 3238 2143 porro
3267 2077 3515 2130 voluntas
3543 2080 3595 2131 in

339 2161 388 2209 οἱ
431 2160 528 2225 μὲν
559 2159 886 2219 ἐκπεσόντες
920 2158 1185 2227 διηνεκῶς
1212 2158 1510 2225 κέκτηνται
1546 2156 1793 2222 πονηράν
1815 2169 1828 2182 ·
1864 2154 1910 2206 οε

2010 2165 2172 2236 lapsis
2218 2176 2301 2220 est
2347 2181 2561 2234 semper
2591 2168 2753 2232 mala,
2786 2179 2841 2220 et
2876 2168 2929 2220 in
2982 2167 3135 2220 bonis
3162 2167 3302 2220 bona
3351 2183 3594 2237 St'ml‘t'r,

340 2249 395 2299 δὲ
427 2248 643 2312 ἀγαυοὶ,
669 2246 931 2314 διηνεκῶς
960 2245 1192 2316 ἀγαθὴν,
1226 2245 1320 2298 καὶ
1371 2244 1590 2313 ἡνιόχου
1650 2242 1914 2312 μηδαμῶς

341 2338 624 2407 δεομένην.
662 2338 735 2391 Τὸ
756 2338 800 2390 δ’
826 2338 1073 2405 ἐπίγειον
1106 2337 1330 2406 κράτος,
1351 2337 1379 2387 ὁ
1418 2335 1517 2404 μὲν
1557 2334 1790 2404 πονηρὸς
1818 2334 1917 2385 οὐκ

346 2425 513 2496 εἶχεν,
568 2429 680 2481 ἀλλ’
704 2430 971 2499 ἥρπασεν·
1006 2427 1129 2480 ὅθεν
1155 2427 1310 2496 δῆλον
1328 2425 1403 2491 ὡς
1434 2426 1534 2478 οὐκ
1562 2426 1744 2495 ἄρχων
1770 2423 1889 2477 ὲκτί
1906 2455 1926 2464 ο-

343 2521 443 2589 σ’)η
480 2522 576 2588 τῆς
598 2522 720 2590 γῆς.
756 2523 815 2573 Οἱ
870 2520 927 2573 δὲ
970 2519 1165 2585 ἀγαθοὶ
1220 2518 1329 2571 τῶν
1374 2517 1648 2585 ἀγγέλων,
1691 2518 1925 2570 ἐπισκοοι

344 2615 465 2664 πεῖν
494 2612 561 2665 τὰ
598 2615 714 2663 κατ’
746 2612 913 2682 αὐτὴν
962 2611 1068 2663 ὑπὸ
1129 2608 1221 2662 τοῦ
1272 2609 1712 2679 Παντοκράτορος
1746 2625 1916 2677 προσ-

349 2700 682 2769 ετάχοησαν,
713 2702 847 2770 μετὰ
870 2700 965 2769 τὴν
991 2698 1147 2770 ήμῶν
1167 2698 1460 2761 ἔκπτωσιν,
1478 2698 1669 2751 καὶδιὰ
1690 2697 1914 2765 ταύτην,

342 2792 442 2859 τῆς
476 2791 653 2858 ἀξίας,
705 2793 755 2843 ει
810 2792 905 2843 καὶ
960 2790 1034 2861 μὴ
1070 2788 1306 2858 παντελῆ
1361 2789 1447 2843 διὰ
1501 2788 1912 2859 φιλανθρωπίαν

341 2882 679 2950 καθαίρεσιν.
710 2882 791 2934 Τὰ
815 2882 925 2951 γὰρ
953 2881 1076 2951 ὅρια
1105 2879 1214 2931 τῶν
1248 2879 1518 2946 ἀγγέλων,
1564 2878 1638 2942 ὡς
1669 2880 1696 2931 ό
1744 2879 1910 2930 Μωῦ-

346 2974 443 3043 σῆς
480 2973 535 3023 ὲν
558 2975 622 3042 τῇ
649 2972 758 3043 ᾠδῇ
795 2988 983 3040 φησιν,
1038 2971 1264 3038 ἔστησεν
1300 2973 1327 3021 ὁ
1356 2969 1510 3033 Θεὸς,
1547 2970 1634 3022 ὅτε
1674 2968 1913 3038 διεμέρι-

346 3063 437 3126 ζεν
467 3063 592 3130 ἔθνη
618 3077 631 3089 ο
672 3065 700 3114 ό
734 3062 790 3112 δὲ
837 3061 1197 3131 διαμερισμδς
1248 3053 1425 3125 οὗτος,
1465 3059 1603 3128 μετὰ
1642 3058 1733 3110 τὸν
1778 3060 1913 3110 Κάῖν

345 3158 436 3206 καὶ
465 3155 553 3206 τὴν
584 3152 690 3221 Σὴο
722 3152 992 3220 ὲγεγόνει’
1016 3152 1126 3205 τῶν
1177 3152 1278 3221 μὲν
1313 3154 1375 3203 ἐκ
1403 3151 1498 3204 τοῦ
1530 3150 1671 3204 Κὰῖν
1709 3150 1909 3202 καλου-

347 3249 526 3316 μένων
564 3244 892 3312 ἀνθρώπων,
926 3245 1033 3298 τῶν
1056 3245 1112 3296 δὲ
1142 3246 1207 3296 ὲκ
1238 3243 1333 3296 τοῦ
1367 3243 1471 3313 Σὴο
1498 3243 1908 3310 καταγομένων,

349 3338 480 3389 υἱῶν
531 3336 666 3389 Θεοῦ
720 3335 1070 3404 κεκλημένων
1094 3350 1106 3364 ·
1146 3334 1548 3403 διαμερίζοντος
1588 3331 1909 3402 ἐμοὶδοκεῖν

345 3431 535 3482 ειτοτε
580 3428 674 3480 τοῦ
731 3428 1010 3495 όνοματος,
1071 3426 1166 3475 καὶ
1233 3423 1799 3493 προκαταγγέλλοντος
1849 3422 1910 3475 τὸ

342 3520 520 3586 γένος,
573 3519 633 3583 ἐξ
690 3512 752 3569 οὗ
812 3520 987 3587 σάρκα
1018 3514 1283 3585 λήψεσθαι
1315 3514 1539 3581 ἔμελλεν
1576 3517 1604 3566 ό
1646 3513 1739 3567 τοῦ
1771 3513 1908 3568 Θεοῦ

346 3609 643 3679 μονογενὴς
678 3608 823 3670 Υιός.

418 3700 515 3768 ξγυ.
552 3701 711 3755 Εἴποι
773 3701 816 3752 δ’
847 3697 912 3751 ἄν
950 3717 1036 3758 τις
1087 3699 1183 3750 σὺν
1214 3697 1426 3760 πολλοῖς
1454 3689 1683 3763 ἑτέροις,
1708 3696 1808 3748 ’καὶ
1850 3697 1909 3749 τὸ

343 3793 614 3864 τριαδικδν
663 3796 758 3864 τῆς
789 3794 1062 3865 ἡμετέρας
1092 3789 1365 3859 γνώσεως,
1402 3789 1601 3855 μᾶλλον
1625 3790 1770 3858 ἡμᾶς
1798 3788 1909 3841 τῶν

344 3888 590 3955 ἀγγέλων
610 3885 873 3938 δεικνύειν
894 3886 1016 3938 κατ’
1035 3882 1220 3935 εἰκόνα
1245 3879 1338 3932 τοῦ
1367 3879 1502 3932 Θεοῦ
1524 3896 1537 3909 ·
1565 3880 1624 3932 οῦ
1657 3880 1815 3948 μόνον
1829 3880 1909 3933 ὅτι

344 3978 636 4047 τριαδικδν,
663 3976 761 4029 ἀλλ
795 3977 878 4029 ὅτι
906 3976 1000 4028 καὶ
1029 3969 1457 4043 συμπεριϐἁλλει
1489 3968 1741 4036 γνώσεως
1765 3968 1911 4021 ἅπαν

345 4068 503 4134 εἶδος.
558 4071 727 4124 Μόνοι
789 4070 898 4138 γὰρ
932 4068 1092 4137 ⁴ἡμεῖς
1124 4065 1233 4117 τῶν
1274 4062 1592 4130 κτισμάτων
1633 4058 1909 4122 ἁπάντων,

344 4163 479 4232 πρὸς
513 4161 590 4230 τῷ
617 4158 790 4230 νοερῴ
845 4177 905 4211 τε
959 4158 1056 4211 καὶ
1101 4153 1327 4223 λογικῷ,
1379 4152 1470 4204 καὶ
1499 4150 1561 4203 τὸ
1596 4148 1911 4219 αἰσθητικὸν

346 4254 578 4324 ἔχομεν·
612 4252 641 4305 ὃ
684 4252 760 4320 τῷ
808 4248 1010 4319 λογικῷ
1063 4246 1406 4316 συνημμένον
1461 4239 1597 4295 εἶναι
1645 4242 1908 4310 πεφυκὸς,

344 4346 546 4417 τεχνῶν
576 4363 636 4398 τε
673 4345 764 4398 καὶ
785 4340 1126 4412 ἐπιστημῶν,
1167 4340 1259 4392 καὶ
1287 4338 1543 4405 γνώσεων
1572 4333 1761 4404 ἐξεῦρε
1809 4351 1910 4405 που

2006 2272 2105 2311 nec
2135 2259 2321 2328 auriga
2368 2274 2615 2327 unquam
2655 2260 2921 2326 indigens.
2969 2258 3250 2314 Terrestre
3279 2276 3456 2314 antem
3495 2263 3597 2313 illl-

2006 2347 2217 2415 perium
2254 2349 2428 2402 malus
2447 2348 2664 2418 quidem
2706 2366 2810 2403 non
2841 2350 3053 2415 habuit,
3084 2353 3178 2407 sed
3214 2353 3429 2421 rapuit;
3457 2355 3599 2406 unde

2005 2450 2152 2506 patet
2178 2455 2300 2492 euut
2332 2456 2437 2495 non
2468 2451 2714 2496 creatum
2748 2458 2868 2496 csse
2924 2444 3225 2513 principem
3257 2456 3433 2499 terra}.
3463 2446 3597 2499 Boni

2006 2547 2138 2585 vero
2171 2536 2345 2604 angeli
2383 2536 2733 2591 terrestribus
2786 2537 3070 2607 invigilare
3102 2537 3242 2607 jussi
3291 2548 3438 2605 sunt,
3476 2547 3597 2606 post

1990 2639 2191 2677 masutn
2225 2636 2498 2692 nostrum,
2531 2636 2583 2681 et
2626 2637 2849 2697 propter
2872 2620 3062 2694 istam,
3099 2645 3204 2685 non
3251 2639 3451 2697 tamen,
3485 2631 3596 2687 Deo

2007 2714 2343 2781 miserante,
2396 2717 2705 2771 universam
2766 2718 3051 2787 dignitatis
3100 2729 3301 2775 nostra:
3352 2721 3591 2776 ruinam.

2008 2804 2298 2861 Termiuos
2346 2810 2490 2862 enim
2536 2809 2874 2878 angelorum,
2913 2821 2968 2863 ιιι
3018 2812 3230 2882 Moyses
3285 2814 3336 2867 in
3383 2817 3598 2871 cantico

2008 2898 2140 2951 dicit
2179 2899 2272 2960 ³⁸⁸,
2306 2900 2591 2953 constituit
2626 2900 2796 2966 .Deus,
2828 2903 3046 2970 quando
3080 2905 3353 2959 dividebat
3386 2916 3596 2975 gentes.

2012 2990 2137 3044 llatae
2186 3002 2365 3046 autem
2416 2993 2611 3047 divisio
2663 3003 2786 3061 post
2819 2994 2951 3048 Cain
2989 3008 3044 3050 et
3101 2996 3230 3051 Seth
3282 2999 3420 3054 facta
3467 3011 3596 3056 est:

2013 3098 2136 3135 natu
2173 3082 2307 3137 Cain
2353 3085 2555 3151 posteri
2606 3085 2736 3138 dit-ti
2792 3096 2919 3140 sunt
2969 3087 3065 3141 filii
3123 3090 3424 3158 hominum,
3464 3093 3596 3149 Seth

2012 3189 2137 3228 τρι-υ
2172 3186 2398 3241 nepotes
2442 3177 2533 3229 ﬁlii
2566 3176 2657 3230 Dei
2692 3187 2818 3231 sunt
2850 3181 3022 3233 vocati
3057 3182 3318 3249 '°";quia
3350 3185 3586 3248 nomine,

2010 3274 2068 3318 ut
2106 3264 2236 3317 tttilti
2290 3267 2521 3330 videtur,
2552 3269 2662 3337 jam
2709 3278 2838 3324 tunc
2891 3281 3206 3338 apparatum
3255 3285 3302 3325 et
3343 3291 3595 3341 prmnttn-

2010 3354 2196 3407 tiatttnt
2229 3366 2309 3409 est
2341 3372 2529 3425 genus,
2568 3372 2630 3410 ex
2669 3374 2775 3425 quo
2807 3374 3025 3412 carnem
3062 3371 3446 3429 asstttnpturus
3476 3368 3598 3417 erat

2009 3446 2318 3518 unigettitus
2353 3448 2442 3503 Dei
2478 3450 2662 3504 Filius.

2074 3689 2145 3743 (i5
2202 3683 2411 3741 Forsan
2447 3685 2642 3752 atiquis
2683 3685 2882 3739 dixerit
2916 3698 3037 3738 cum
3082 3682 3270 3737 multis
3303 3683 3445 3744 aliis.
3478 3686 3591 3753 ipsa

2007 3796 2222 3850 quoque
2271 3790 2454 3834 nostra
2515 3778 2855 3847 cognitione,
2890 3792 3010 3831 cum
3064 3776 3202 3831 trina
3257 3778 3347 3841 sit,
3381 3776 3591 3831 ostendi

2009 3888 2109 3925 nos
2158 3870 2330 3940 magis
2362 3884 2525 3938 quam
2580 3867 2801 3937 angelos
2848 3880 2967 3921 esse
3017 3868 3084 3919 ad
3133 3867 3420 3935 imaginem
3460 3867 3590 3929 Dei,

2008 3979 2115 4017 nnn
2148 3962 2323 4015 solum
2354 3960 2485 4028 quia
2513 3959 2654 4013 trina
2683 3969 2790 4024 est,
2819 3961 2913 4013 sed
2943 3967 2996 4012 et
3023 3959 3151 4027 quia
3180 3959 3595 4026 comprehendit

2010 4066 2174 4106 omne
2226 4049 2558 4120 cognitionis
2604 4064 2792 4117 genus.
2847 4046 2957 4101 Nos
3004 4049 3149 4102 enim
3201 4050 3296 4102 soli
3347 4051 3591 4104 omnium

2013 4151 2419 4219 creaturarum,
2459 4155 2656 4210 praeter
2706 4141 3036 4195 intellectum
3081 4151 3135 4195 et
3169 4142 3456 4209 rationem,
3495 4142 3594 4196 ha-

2015 4238 2205 4292 bemus
2235 4236 2397 4290 etiam
2429 4249 2650 4287 sensum
2692 4249 2707 4287 :
2748 4233 2837 4302 qui
2879 4231 3178 4287 intellectui
3230 4242 3422 4287 natura
3462 4250 3593 4289 con-

2007 4330 2265 4400 jnnctus,
2336 4327 2532 4380 artium
2593 4325 3058 4394 scienti-aramque
3119 4336 3173 4380 et
3223 4327 3592 4397 cognitionum

345 4439 717 4494 λυειδέστατον
770 4434 977 4504 πληθύν
999 4448 1012 4463 ⁸
1050 4430 1317 4500 γεωργεῖν
1364 4444 1423 4479 τε
1458 4428 1554 4478 καὶ
1585 4425 1907 4493 οίκοδομεῖν.

2013 4420 2399 4476 multiformem
2426 4418 2631 4473 invenit
2656 4417 3060 4472 multitudinem
3090 4433 3106 4474 :
3132 4428 3185 4472 et
3209 4433 3369 4486 agros
3390 4421 3592 4486 colere,

347 4534 441 4584 καὶ
479 4532 739 4601 προάγειν
774 4530 836 4579 ὲκ
868 4526 941 4596 μὴ
994 4523 1183 4586 ὄντων,
1231 4522 1278 4574 εἰ
1311 4521 1405 4573 καὶ
1434 4519 1506 4586 μὴ
1542 4518 1606 4570 ὲκ
1646 4516 1911 4586 μηδαμῶς

346 4625 513 4675 ὄντων
546 4620 726 4689 (τοῦτο
771 4617 877 4685 γὰρ
911 4614 1095 4681 Θεοῦ),
1134 4611 1279 4681 μόνῳ
1306 4609 1545 4677 παρέσχε
1568 4606 1675 4657 τῶν
1700 4604 1911 4675 ἀνθρώ-

347 4730 480 4766 πων.
507 4713 715 4764 Γίνεται
756 4707 866 4778 γὰρ
895 4704 1076 4775 σχεδὸν
1104 4701 1254 4755 οὐδὲν
1297 4699 1418 4752 οὐδὲ
1468 4696 1750 4767 φθείρεται
1803 4695 1912 4747 τῶν

346 4804 496 4875 παρὰ
515 4801 651 4855 Θεοῦ
676 4798 1012 4869 τελουμένων
1028 4810 1042 4826 ·
1067 4792 1402 4864 κιρνώμενον
1417 4790 1458 4842 δ’
1481 4790 1609 4843 ἄλλο
1631 4787 1763 4856 πρὸς
1785 4786 1914 4840 ἄλλο

353 4911 462 4961 τῶν
491 4906 620 4975 παρ’
673 4906 823 4974 ἡμῖν,
859 4903 1074 4972 μορφὴν
1108 4900 1301 4971 ἑτέραν
1341 4898 1700 4969 παρίστησιν·
1749 4898 1915 4953 ἔτιτι

357 4997 483 5066 μὴν,
511 4995 605 5048 καὶ
643 4994 703 5047 τὸ
726 4994 815 5046 τὸν
847 4992 1079 5061 ἀόρατον
1099 4988 1190 5042 τοῦ
1215 4989 1306 5042 νοῦ
1339 4990 1519 5057 λόγον,
1542 4990 1603 5042 οὐ
1637 4990 1797 5060 μόνον
1822 4992 1911 5043 ὑπ’

354 5086 522 5151 ἀκοῆς
572 5081 824 5152 αῐεθησιν
853 5080 1099 5148 γίνεσθαι
1128 5078 1268 5149 ἀέρα
1295 5079 1623 5148 ἐνημμένον,
1660 5079 1794 5133 ἀλλὰ
1823 5081 1916 5135 καὶ

355 5172 823 5242 καταγράφεσθαι,
855 5171 948 5224 καὶ
977 5171 1116 5239 μετά
1142 5169 1392 5238 σώματος
1423 5172 1517 5222 καὶ
1542 5170 1631 5223 διὰ
1663 5173 1913 5239 σώματος

350 5264 601 5335 ὁρᾶσθαι,
639 5263 878 5331 παρέσχε
932 5265 1041 5324 τοῖς
1072 5259 1381 5330 ἀνθρώποις
1432 5260 1611 5329 μόνοις
1668 5263 1696 5314 ό
1745 5261 1911 5324 Θεόςο

354 5358 488 5426 πρὸς
517 5355 697 5406 πίστιν
729 5354 936 5419 ὲνὰγων
964 5352 1161 5420 διαρκῆ
1189 5352 1286 5419 τῆς
1311 5352 1405 5403 τοῦ
1439 5352 1700 5404 ἀνωτάτω
1740 5353 1913 5419 Λόγου

350 5448 439 5502 διὰ
483 5444 681 5515 σαρκὸς
715 5442 1004 5511 ἐπιδημίας
1034 5457 1097 5493 τε
1131 5441 1225 5495 καὶ
1256 5442 1565 5512 ἐμφανείας
1587 5459 1600 5472 ’
1635 5436 1709 5496 ὧν
1760 5442 1911 5496 οὐδὲν

352 5535 595 5605 οὐδαμῶς
633 5534 884 5604 μέτεστιν
915 5531 1190 5601 ἀγγέλοις.

413 5702 484 5731 ²⁹⁹
522 5705 675 5758 Deut.
713 5717 882 5764 χχχιι.
915 5703 967 5757 8.
1045 5702 1132 5733 ³¹⁶⁹
1176 5698 1310 5754 Gen.
1350 5715 1421 5761 νι.
1465 5696 1521 5749 Ξ.

2017 4514 2286 4569 aediﬁcare
2316 4513 2532 4574 domos,
2566 4520 2620 4565 et
2655 4525 2740 4563 res
2776 4509 2957 4564 facere
2991 4508 3133 4579 quod
3165 4524 3270 4563 non
3304 4521 3452 4575 sunt,
3488 4527 3593 4565 non

2019 4617 2201 4659 tamen
2251 4617 2337 4655 res
2374 4600 2556 4655 facere
2590 4613 2710 4669 quae
2756 4598 2980 4652 minime
3014 4607 3143 4653 sunt
3171 4599 3295 4667 (hoc
3324 4600 3466 4651 enim
3498 4600 3591 4653 Dei

2018 4698 2144 4763 est),
2177 4693 2307 4747 solis
2339 4690 2596 4759 competit
2642 4689 2974 4743 hominibus.
3006 4686 3140 4741 Nam
3177 4687 3290 4742 fere
3338 4689 3470 4741 nihil
3497 4704 3596 4743 co-

2020 4802 2139 4843 rum
2173 4799 2292 4853 quae
2335 4798 2363 4837 a
2395 4781 2505 4836 Deo
2541 4782 2694 4845 ﬁunt,
2735 4780 2923 4844 incipit
2952 4794 3014 4831 ac
3048 4778 3209 4847 perit,
3246 4779 3338 4832 sed
3371 4783 3596 4833 commi-

2018 4889 2099 4934 sta
2138 4879 2280 4932 inter
2323 4890 2383 4930 se
2432 4875 2661 4929 invicem
2695 4889 2814 4942 qua:
2860 4880 2987 4926 sunt
3024 4869 3164 4937 apud
3211 4886 3329 4937 nos,
3367 4871 3594 4927 fortnam

2020 4976 2262 5044 praebent
2349 4973 2533 5026 aliam.
2629 4970 2887 5040 insuper,
2949 4967 3220 5022 invisibile
3297 4965 3597 5021 intellectus

2018 5068 2267 5134 verbum,
2321 5081 2427 5119 non
2482 5064 2657 5118 solum
2709 5064 2927 5118 auditus
2974 5060 3157 5115 sensui
3188 5075 3315 5115 acre
3346 5059 3592 5114 indutum

2015 5162 2304 5228 subjicere,
2335 5159 2427 5213 sed
2462 5159 2704 5214 scribere
2732 5156 2896 5210 etiam
2929 5164 2982 5208 et
3008 5168 3129 5206 cum
3162 5167 3389 5221 corpore
3418 5167 3480 5205 ac
3502 5166 3598 5219 per

2015 5267 2216 5321 corpus
2268 5251 2468 5313 videre,
2502 5249 2631 5303 solis
2666 5246 2978 5301 hominibus
3025 5244 3298 5299 concessit
3347 5243 3505 5307 Deus,
3542 5243 3594 5297 in

2018 5343 2375 5397 sullicicntent
2411 5341 2567 5393 [idem
2601 5340 2863 5393 inducens
2894 5337 3133 5392 carnalis
3168 5337 3405 5405 supremi
3433 5334 3595 5391 Verbi

2019 5436 2284 5489 adventus
2313 5444 2369 5486 et
2413 5429 2892 5489 tnanilesmlionis.
2927 5430 3169 5497 Quorum
3208 5427 3342 5481 nihil
3376 5440 3598 5494 prorsus

2017 5527 2223 5596 angelis
2260 5527 2420 5579 inest.
