4074 6322
1736 140 1765 171 δξ

1768 174 1823 208 ,ἓν

1802 210 1837 240 Χ

1847 240 1890 281 3‘

436 353 576 422 1171

1677 350 2064 413 GREGORII
2110 355 2437 419 PALAMJE

3540 359 3736 423 1272

496 467 593 523 71.
632 466 895 523 Dominus
941 472 1128 520 noster
1178 462 1337 519 Jesus
1385 461 1654 526 Christus,
1708 460 2002 516 secundum

2124 450 2132 463 νδ
2170 462 2271 525 ou".
2306 470 2365 525 Ὅ
2411 468 2616 541 Κύριος
2644 466 2804 541 ήμῶν
2842 467 3053 540 Ἰησοῦς
3094 469 3356 543 Χριστὸς,
3393 472 3535 527 κατὰ
3573 472 3727 545 μὲν

430 558 657 627 Lucam,
689 558 821 613 dicit
855 573 911 613 se
937 557 993 611 in
1024 557 1191 626 digito
1218 555 1312 610 Dei
1356 553 1555 623 ejicere
1584 553 1879 618 daemonia;
1913 567 2005 608 se-

430 653 662 706 cundum
698 650 1006 704 Matthaeum
1052 658 1201 715 rc-ro,
1252 646 1306 700 in
1344 644 1550 715 Spiritu
1612 644 1724 700 Dei.
1771 644 2006 714 Digitum

431 757 593 815 porro
623 743 715 796 Dei
745 754 971 810 magnus
999 739 1236 793 Basilius
1268 736 1399 792 dicit
1432 749 1557 791 esse
1589 750 1755 789 unam
1781 736 2011 806 spiritus

428 833 819 903 operationem.
867 829 923 883 Si
960 843 1089 897 ergo
1132 828 1323 881 harum
1371 840 1474 879 una
1512 824 1747 894 Spiritus
1783 837 2008 882 sanctus

430 934 534 992 est,
568 923 685 978 alite
728 924 889 976 etiam
919 918 1160 989 profecto
1183 927 1330 984 sunt,
1359 928 1417 972 ut
1446 920 1583 972 idem
1620 919 1796 972 adhuc
1821 917 2007 972 docuit

428 1030 565 1081 nos;
598 1014 692 1069 sed
740 1026 842 1066 non
876 1010 999 1065 ideo
1025 1008 1181 1064 multi
1216 1007 1307 1064 Dei
1341 1017 1434 1063 aut
1469 1007 1621 1063 multi
1675 1016 1801 1063 sttnt
1834 1008 1999 1078 spiri-

428 1118 538 1161 tus.
569 1106 704 1161 Nam
735 1104 835 1158 illa:
867 1112 992 1157 sunt
1024 1117 1307 1172 processus
1346 1102 1919 1169 manifestationesqne
1948 1107 2005 1154 et

429 1197 711 1253 naturales
759 1195 989 1248 virtutes
1039 1192 1198 1247 nnins
1231 1192 1476 1262 spiritus,
1515 1202 1569 1245 et
1615 1206 1751 1245 unus
1782 1202 1864 1245 est
1911 1205 2007 1258 per

429 1289 672 1360 singulas
707 1301 959 1358 operans.
997 1285 1102 1339 Sed
1155 1284 1492 1349 heterodoxi,
1532 1284 1644 1337 haec
1674 1297 1796 1338 esse
1828 1293 2006 1336 creata

429 1383 679 1435 dicentes
723 1381 931 1449 septies
965 1379 1030 1431 ad
1065 1392 1371 1432 creaturam
1408 1377 1659 1446 spiritum
1693 1376 1784 1430 Dei
1825 1376 2006 1444 depri-

429 1482 604 1528 munt.
644 1473 782 1541 Ergo
812 1473 1140 1526 erubescant
1182 1470 1402 1538 septies.
1454 1467 1590 1522 Nam
1643 1483 1831 1524 rursus
1878 1483 2006 1538 pro-

430 1566 589 1633 pheta
642 1564 736 1633 qui
788 1564 854 1617 de
890 1562 992 1615 illis
1019 1562 1156 1617 dixit
1188 1576 1204 1617 :
1248 1579 1266 1613 ι
1308 1548 1530 1631 Septem
1584 1561 1668 1615 isti
1704 1560 1844 1615 oculi
1880 1568 2007 1613 sunt

431 1655 677 1719 Domini,
714 1655 806 1722 qui
857 1654 1168 1709 discurrunt
1201 1654 1252 1705 in
1298 1653 1605 1707 universam
1643 1660 1842 1705 terram
1871 1652 1937 1704 ⁸⁰.
1980 1669 1999 1700 ι

431 1743 495 1796 Et
527 1745 615 1812 qui
650 1746 703 1797 in
742 1743 1064 1813 Apocalypsi
1096 1743 1288 1798 scribit
1318 1758 1334 1798 :
1373 1761 1391 1795 ι
1427 1742 1612 1798 Gratia
1642 1743 1793 1796 vobis
1824 1751 1878 1797 et
1898 1756 2000 1808 pax

432 1850 459 1889 a
495 1804 625 1899 Deo,
678 1846 731 1888 et
784 1804 813 1887 ιι
865 1804 1073 1903 septem
1126 1833 1409 1902 spiritibus
1456 1833 1547 1901 qui
1598 1834 1650 1885 in
1703 1804 1997 1900 conspectu
2037 1804 2076 1859 Β

432 1926 610 1980 throni
655 1927 772 1995 ejus
801 1936 948 1993 sunt,
980 1934 1035 1979 et
1079 1940 1109 1979 a
1157 1924 1283 1981 Jesn
1317 1923 1536 1979 Christo
1564 1924 1631 1987 ³¹,
1677 1942 1694 1975 ι
1736 1924 1849 1978 haec
1878 1937 1999 1977 esse

433 2018 676 2086 Spiritum
707 2027 954 2072 sanctum
991 2017 1236 2071 ﬁdelibus
1264 2017 1410 2072 clare
1436 2015 1749 2071 ostendunt.

503 2282 594 2336 '12.
644 2282 784 2336 Deus
826 2273 1007 2344 Pater,
1057 2294 1152 2348 per
1187 2278 1464 2334 Miehzeatn
1501 2277 1821 2346 prophetam
1871 2291 2004 2345 prae-

436 2373 680 2429 nuntiata
729 2371 998 2441 Unigeniti
1046 2369 1250 2425 carnali
1283 2369 1584 2432 nativitate,
1613 2368 1800 2423 volens
1838 2368 2004 2422 etiam

436 2467 718 2521 ostendere
747 2463 1077 2515 divinitatem
1107 2460 1227 2531 ejus
1260 2476 1381 2516 esse
1407 2460 1524 2515 sine
1558 2460 1857 2528 principio;
1888 2477 1906 2509 ι
1942 2459 2008 2512 Et

436 2573 687 2628 egressus
720 2557 864 2627 ejus,
912 2555 1104 2625 inquit,
1140 2555 1206 2609 ab
1256 2554 1428 2620 initio,
1479 2567 1508 2606 a
1559 2553 1748 2607 diebus
1790 2553 2007 2608 aeterni-

437 2650 560 2705 tatis
587 2650 654 2702 ³².
686 2649 795 2702 llos
844 2654 1022 2701 autem
1060 2660 1312 2713 egressus
1347 2645 1695 2714 operationes
1724 2658 1843 2698 esse
1873 2645 2011 2698 diri-

438 2740 626 2794 uitatis
671 2739 780 2795 dtvi
826 2739 1014 2793 Patres
1057 2739 1531 2791 existimaverunt.
1583 2734 1677 2788 lla:
1708 2746 1836 2790 sunt
1862 2736 2007 2789 enim

438 2833 632 2895 Patris,
665 2842 718 2885 et
748 2830 888 2897 Filii,
927 2841 980 2885 et
1043 2829 1280 2900 Spiritus
1324 2827 1498 2883 sancti
1543 2827 1768 2881 virtutes
1803 2836 1856 2880 et
1883 2844 2010 2896 ope-

439 2925 679 2979 rationes
706 2942 720 2977 :
757 2935 895 2993 qnas
922 2930 1135 2978 creatas
1166 2935 1286 2976 esse
1333 2920 1627 2989 praedicant
1658 2920 1748 2986 qui
1795 2919 2010 2972 lrereti-

440 3030 624 3069 eorum
657 3013 960 3067 doctrinam
1005 3011 1245 3079 proliteri
1282 3019 1337 3063 et
1368 3009 1644 3063 vindicare
1677 3011 1915 3064 student.
1946 3012 2014 3061 At

440 3121 561 3160 sero
592 3106 803 3160 tandem
835 3104 1217 3171 resipisccntes
1265 3102 1575 3170 intelligant
1625 3102 1751 3172 quis
1799 3100 1871 3156 sit
1918 3101 2011 3168 qui

2099 562 2193 616 τὸν
2234 564 2485 627 Λουκᾶν,
2530 563 2589 616 ἐν
2640 560 2891 631 δακτύλῳ
2923 560 3059 631 φησὶ
3095 560 3230 617 Θεοῦ
3281 562 3568 618 ἐκϐάλλειν
3621 562 3731 618 τὰ

2098 650 2380 723 δαιμόνια⁹
2412 653 2551 709 κατά
2582 653 2639 706 δὲ
2669 652 2760 707 τὸν
2786 650 3087 716 Ματθαῖον,
3118 654 3176 707 ἐν
3204 652 3482 725 Πνεύματι
3512 655 3727 710 Θεοῦ.

2101 742 2375 797 Δάκτυλον
2412 743 2468 797 δέ
2501 760 2634 812 φησι
2658 741 2795 797 Θεοῦ
2823 745 2851 796 6
2883 742 3056 814 μέγας
3085 742 3364 807 Βασίλειος
3412 744 3544 814 μίαν
3569 744 3729 798 τῶν

2100 834 2194 905 τοῦ
2229 834 2545 905 Πνεῦματος
2579 833 2888 904 ἐνεργειῶν.
2936 835 2999 887 Ei
3042 833 3134 888 οῦν
3172 834 3207 905 ἡ
3239 834 3339 903 μία
3379 835 3590 889 τούτων
3627 836 3725 889 τὸ

2103 924 2326 996 Πνεῦμα
2356 927 2417 980 τὸ
2451 925 2608 995 ἅγιόν
2644 927 2781 990 ἐστι,
2825 925 2920 979 καὶ
2957 925 3014 978 αἱ
3051 925 3207 979 ἄλλαι
3237 927 3492 990 πάντως’
3527 928 3613 990 ὡς
3683 928 3726 979 ὁ

2102 1015 2263 1079 αὐτὸς
2306 1016 2401 1068 καὶ
2443 1015 2588 1068 τοῦτ’
2622 1014 2861 1080 ἐδίδαξεν
2902 1015 3074 1086 ἡμᾶς,
3103 1013 3219 1068 ἀλλ’
3256 1014 3315 1068 οὐ
3366 1014 3455 1068 διὰ
3518 1013 3724 1069 τοῦτο

2103 1104 2287 1158 πολλοὶ
2318 1105 2452 1170 θεοὶ,
2478 1105 2510 1175 ἢ
2545 1104 2715 1158 πολλὰ
2744 1105 3031 1175 πνεύματά
3060 1107 3198 1160 ἐστι.
3223 1106 3448 1177 Πρόοδοι
3472 1106 3578 1178 γὰρ
3614 1107 3720 1159 τὰ

2103 1194 2348 1260 τοιαῦτα,
2378 1194 2474 1249 καὶ⁵
2524 1195 2836 1265 ἐκφάνσεις,
2870 1196 2965 1249 καὶ
3009 1196 3280 1267 ἐνέργειαι
3316 1197 3543 1266 φυσικαὶ
3583 1196 3717 1250 τοῦ

2104 1285 2220 1348 ἐνὸς
2260 1285 2577 1355 Πνεύματός
2624 1288 2769 1341 είσι⁶
2814 1289 2909 1341 καὶ
2950 1288 3018 1341 δι’
3064 1288 3305 1357 ἑκάστης
3357 1288 3418 1342 ἐν
3462 1290 3576 1342 ἐστι
3620 1289 3716 1341 τὸ

2102 1372 2380 1447 ἐνεργοῦν.
2407 1374 2470 1426 Οἱ
2504 1373 2559 1426 δὲ
2585 1374 2887 1441 κακόδοξοι,
2916 1376 3187 1446 κτίσματα
3211 1376 3386 1431 ταῦτα
3404 1376 3707 1444 λέγοντες,

2103 1461 2494 1527 ἐπταπλασίως
2533 1464 2614 1525 εἰς
2643 1464 2849 1534 κτίσμα
2879 1464 2945 1517 τδ
2976 1463 3201 1535 Πνεῦμα
3233 1463 3556 1517 κατασπῶσι
3584 1463 3707 1516 τοῦ

2102 1553 2259 1607 Θεοῦ.
2303 1553 2444 1608 Ἀλλ’
2500 1556 2946 1625 αἰσχυνέσθωσαν
2998 1555 3405 1619 ἐπταπλασίως.
3468 1556 3526 1610 '0
3570 1555 3706 1627 γὰρ

2102 1642 2274 1697 εἰπὼν
2300 1643 2457 1708 αὖθις
2490 1646 2777 1716 προφήτης
2808 1647 2938 1719 περὶ
2969 1647 3167 1709 αὐτῶν,
3196 1647 3272 1711 ὡς
3304 1665 3323 1699 ι
3344 1647 3516 1701 Ἑπτὰ
3535 1640 3705 1700 οῦτοι

2103 1734 2375 1806 ὀφθαλμοὶ
2412 1736 2620 1807 Κυρίου
2654 1738 2815 1805 εἰσὶν,
2851 1739 2900 1792 oi
2933 1738 3322 1801 ἐπιϐλέποντες
3362 1739 3457 1792 ἐπὶ
3499 1740 3704 1795 πᾶσαν

2102 1825 2201 1897 τὴν
2226 1826 2329 1894 γῆν
2347 1843 2359 1855 ·
2393 1844 2412 1878 ι
2439 1828 2535 1880 καὶ
2563 1828 2595 1879 6
2616 1829 2673 1881 ἐν
2698 1830 2762 1899 τῇ
2797 1826 3162 1900 Ἀποκαλύψει
3187 1829 3437 1900 γράφων,
3470 1848 3488 1880 ι
3507 1829 3698 1898 Χάρις

2107 1920 2241 1987 ἡμῖν
2274 1919 2370 1972 καὶ
2410 1920 2600 1992 είρήνη
2639 1920 2748 1973 ἀπὺ
2771 1919 2930 1986 Θεοῦ,
2962 1921 3055 1974 καὶ
3082 1921 3191 1974 ἀπὸ
3214 1921 3322 1973 τῶν
3353 1921 3494 1975 ἐπτὰ
3516 1937 3695 1974 πνευ-

2109 2008 2315 2077 μάτων,
2348 2009 2384 2063 ἃ
2419 2009 2652 2064 ἐνώπιόν
2704 2010 2800 2064 τοῦ
2858 2011 3052 2081 θρόνου
3086 2011 3181 2066 τοῦ
3235 2011 3371 2067 Θεοῦ
3414 2014 3540 2079 είσι,
3586 2015 3697 2069 καὶ

2105 2100 2212 2154 ἀπὸ
2239 2100 2334 2154 τοῦ
2363 2100 2600 2171 Χριστοῦ
2617 2117 2632 2133 ο
2663 2121 2681 2153 ι
2705 2102 2766 2156 τδ
2795 2103 3021 2173 Πνεῦμα
3050 2103 3108 2157 τὸ
3135 2103 3292 2172 ἅγιον
3320 2099 3463 2160 εἶναι
3484 2105 3689 2170 ταῦτα,

2106 2194 2220 2256 τοῖς
2254 2197 2468 2257 πιστοῖς
2499 2194 2759 2265 ἐμφανῶς
2793 2196 3143 2266 παρίστησιν.

2176 2283 2274 2355 οβ’.
2313 2286 2372 2339 Ὀ
2400 2284 2530 2349 Θεὸς
2557 2289 2653 2339 καὶ
2674 2285 2884 2357 Πατὴρ,
2908 2287 2995 2341 διὰ
3020 2287 3256 2359 Μιχαίου
3278 2288 3375 2342 τοῦ
3401 2290 3686 2360 προφήτου

2108 2376 2569 2445 προκαταγγέλων
2591 2376 2688 2447 τὴν
2703 2376 2795 2430 τοῦ
2824 2376 3162 2446 Μονογενοῦς
3191 2379 3331 2432 κατὰ
3354 2379 3534 2451 σάρκα
3555 2380 3678 2448 γέν-

2109 2481 2283 2533 νησιν,
2319 2464 2639 2535 βουλόμενος
2668 2466 2933 2531 ἐπιδεῖξαι
2963 2468 3058 2521 καὶ
3094 2469 3191 2538 τῆς
3223 2469 3476 2540 θεότητος
3514 2473 3681 2525 αὐτοῦ

2111 2556 2172 2609 τὸ
2194 2555 2447 2627 ἄναρχον,
2479 2576 2496 2610 ι
2523 2561 2631 2613 Καὶ
2664 2560 2722 2613 αἱ
2754 2560 2921 2625 ἔξοδοι
2949 2559 3136 2622 αὑτοῦ.
3166 2563 3351 2632 φησὶν,
3384 2563 3479 2618 ἀπ’
3507 2563 3684 2634 ἀρχῆς

2113 2646 2173 2712 ἐξ
2218 2648 2441 2720 ἡμερῶν
2508 2650 2723 2715 αἰῶνος.
2762 2669 2781 2703 ι
2816 2652 2929 2715 Τὰς
2973 2651 3031 2706 δὲ
3085 2653 3302 2718 ἐξόδους
3346 2653 3547 2717 ταύτας
3584 2655 3683 2718 τὰς

2113 2736 2395 2805 ἐνεργείας
2421 2734 2567 2797 ,εἶναι
2608 2738 2706 2810 τῆς
2750 2738 3024 2810 θεότητος,
3065 2741 3115 2794 ol
3161 2742 3295 2796 θεῖοι
3331 2743 3568 2813 Πατέρες
3600 2744 3682 2807 ἐξ-

2113 2831 2409 2898 ηγήσαντο.
2458 2829 2630 2883 Αὐταὶ
2688 2831 2797 2901 γάρ
2849 2832 2954 2884 είσι
3006 2832 3101 2885 τοῦ
3154 2834 3399 2903 Πατρὸς,
3449 2836 3540 2887 καὶ
3589 2835 3683 2888 τοῦ

2115 2919 2269 2984 Υίοῦ,
2311 2919 2407 2973 καὶ
2462 2919 2556 2974 τοῦ
2607 2922 2766 2990 ἁγίου
2822 2922 3142 2993 Πνεύματος
3190 2924 3447 2995 δυνάμεις
3479 2944 3538 2978 τε
3591 2928 3683 2979 καὶ

2116 3010 2409 3082 ἐνέργειαν
2457 3012 2524 3074 ἃς
2563 3012 2788 3076 κτιστὰς
2819 3007 2959 3066 εἶναι
2993 3015 3500 3085 περιαγγέλλουσιν,
3534 3019 3583 3070 ol
3619 3019 3686 3071 τὰ

2114 3101 2222 3154 τῶν
2253 3101 2558 3164 κακοδόξων
2593 3105 2809 3174 φρονεῖν
2847 3120 2905 3156 τε
2958 3107 3053 3158 καὶ
3088 3107 3396 3161 ἐπεκδικεῖν
3451 3108 3683 3162 σπουδά-

535 3158 686 3252 initio
712 3158 817 3262 est,
850 3158 969 3266 quis
998 3196 1062 3251 ad
1097 3210 1254 3265 quem
1287 3194 1416 3251 dicit
1439 3158 1605 3248 David
1685 3212 1705 3245 ι
1745 3195 1783 3247 Α
1814 3158 2012 3247 saeculo

2117 3191 2319 3256 ζοντες.
2343 3192 2479 3245 Ἀλλ’
2509 3158 2617 3262 ὀψέ.
2638 3158 2769 3247 ποτε
2799 3193 3054 3256 λαϐόντες
3095 3195 3221 3250 νοῦν
3249 3199 3567 3263 συνίτωσαν,
3601 3201 3683 3262 τίς

442 3292 556 3352 (seu
588 3290 729 3360 quod
776 3290 918 3345 idem
953 3297 1055 3355 est,
1087 3304 1116 3365 ι)
1154 3289 1342 3344 diebus
1371 3286 1717 3357 aeternitatis)
1755 3301 1923 3354 usque
1958 3286 2010 3338 in

442 3383 692 3437 saeculum
727 3392 779 3436 tu
812 3396 870 3436 es
904 3381 987 3449 ‘3;
1026 3400 1045 3433 ι
1096 3391 1149 3435 et
1195 3390 1399 3436 attente
1440 3381 1808 3444 considerent,
1841 3380 1885 3432 si
1922 3392 2013 3433 ve—

442 3477 562 3542 lint,
598 3475 784 3541 Deum,
823 3474 913 3544 qui
952 3489 1046 3543 per
1083 3473 1398 3543 prophetam
1432 3470 1571 3525 dixit
1604 3485 1856 3541 egressus
1892 3470 2013 3523 illos

455 3580 577 3619 esse
609 3565 676 3618 ab
708 3566 882 3627 initio,
930 3563 1116 3617 nullihi
1149 3563 1327 3615 dicere
1352 3562 1471 3614 illas
1504 3562 1671 3615 laetos
1700 3561 2015 3628 productos-

443 3670 510 3709 το
541 3662 633 3707 ant
653 3663 862 3708 creatos
912 3668 1050 3705 esse.
1074 3650 1137 3703 Et
1161 3653 1214 3704 in
1249 3652 1437 3720 spiritu
1464 3651 1555 3704 Dei
1585 3651 1763 3703 divina
1788 3650 2013 3716 loquens

445 3747 698 3812 Basilius,
732 3761 838 3799 non
891 3745 1045 3806 dixit,
1072 3741 1250 3796 Facta:
1293 3752 1440 3805 sunt,
1472 3742 1564 3796 sed
1602 3757 1616 3797 :
1652 3760 1669 3791 ι
1711 3741 1897 3805 Erant,
1930 3743 2013 3794 in-

445 3841 580 3910 quit,
615 3824 837 3910 spiritns
868 3837 1214 3907 operationes
1248 3843 1374 3889 ante
1404 3834 1773 3902 lntelligibiles
1803 3842 2015 3887 creatu-

446 3945 556 3996 ras,
586 3940 642 3984 et
675 3929 810 3983 ultra
842 3926 1055 3985 saecula.
1096 3943 1114 3979 ι
1153 3924 1313 3981 Solus
1346 3925 1509 3996 igitur
1549 3925 1691 3979 Dens
1721 3926 1788 3978 ab
1816 3933 2016 3977 aeterno

447 4036 684 4091 operans
740 4032 793 4075 et
846 4021 1222 4088 omnipotens,
1256 4024 1415 4088 prout
1461 4019 1765 4072 anteriores
1806 4016 2017 4071 surculis

448 4115 646 4171 habens
675 4117 901 4169 virtutes
937 4125 991 4169 et
1026 4114 1390 4183 operationes.

519 4381 605 4433 75.
634 4378 829 4432 Dicunt
872 4387 1180 4432 sanctorum
1220 4377 1502 4433 evidenter
1556 4376 2016 4441 contradictores,

2114 3283 2144 3334 6
2191 3285 2287 3336 ἀπ’
2335 3283 2509 3354 ἀρχῆς
2559 3283 2670 3337 ὥνο
2703 3285 2785 3349 τίς
2817 3285 2952 3356 πρὸς
3005 3287 3063 3339 ὃν
3115 3304 3283 3358 φησιν
3325 3291 3354 3344 6
3392 3291 3578 3359 Δαϐὶδ,
3605 3292 3683 3345 ὅτι

2125 3391 2144 3423 ι
2183 3373 2314 3427 Ἀπὸ
2344 3373 2436 3425 τοῦ
2485 3374 2681 3437 αίῶνος
2725 3393 2745 3427 ι
2788 3376 2855 3447 (τ’
2901 3377 3032 3430 αὐτὸ
3075 3377 3121 3430 δ’
3152 3382 3347 3445 εἰπεῖν,
3376 3381 3434 3447 ἐξ
3468 3381 3685 3454 ἡμερῶν

2117 3464 2355 3538 αίῶνος),
2391 3484 2411 3517 ι
2455 3468 2547 3520 καὶ
2572 3466 2676 3530 ἕως
2706 3468 2799 3521 τοῦ
2821 3469 3023 3534 αἰῶνος
3058 3472 3121 3524 σὺ
3151 3470 3236 3524 εἴ*
3273 3492 3293 3525 ι
3329 3474 3421 3527 καὶ
3456 3475 3686 3538 συνετῶς

2120 3559 2515 3622 σκοπείτωσαν,
2559 3561 2606 3612 εί
2638 3558 2942 3629 βούλονται,
2973 3561 3048 3626 ὡς
3081 3564 3110 3615 6
3149 3563 3280 3627 Θεὸς
3310 3564 3398 3617 διὰ
3427 3564 3520 3617 τοῦ
3552 3583 3687 3636 προ-

2120 3650 2294 3719 φήτου
2339 3651 2435 3702 ἀπ’
2469 3650 2645 3721 ἀρχῆς
2688 3651 2861 3705 εἰπὼν
2910 3652 3010 3716 τὰς
3050 3653 3266 3719 ἐξόδους
3298 3656 3496 3718 ταύτας
3524 3653 3684 3720 εἶναι,

2118 3741 2429 3810 ἐγένοντοῆ
2483 3742 2839 3812 ἐποιήθησαν,
2872 3744 2905 3814 ἢ
2945 3744 3292 3815 ἐκτίσθησαν,
3337 3743 3488 3800 εἶπεν
3534 3749 3687 3802 οὐδα-

2124 3832 2261 3902 μῶς.
2302 3833 2408 3886 Καὶ
2441 3833 2469 3885 ὁ
2516 3835 2575 3885 ἐν
2607 3833 2885 3904 Πνεύματι
2920 3835 3052 3888 Θεοῦ
3083 3836 3346 3905 θεολογῶν
3387 3838 3685 3905 Βασίλειος,

2120 3926 2243 3987 οὐκ,
2284 3924 2586 3992 Ἐγένοντο,
2624 3925 2761 3991 ἀλλ’,
2797 3946 2816 3979 ι
2852 3923 3053 3992 Ἶΐσαν,
3090 3924 3262 3991 εἶπεν,
3294 3932 3349 3983 αἱ
3379 3930 3475 3983 τοῦ
3523 3932 3686 3986 Πνεῦ-

2125 4030 2294 4083 ματος
2328 4016 2602 4085 ἐνέργειαι
2652 4017 2759 4089 πρδ
2800 4018 2899 4088 τῆς
2945 4019 3143 4088 νοητῆς
3173 4019 3424 4083 κτίσεως,
3460 4023 3552 4074 καὶ
3582 4023 3688 4075 τῶν

2124 4105 2335 4160 αἰώνων
2392 4107 2667 4161 ἐπέκεινα.
2708 4126 2726 4159 ι
2776 4108 2951 4171 Μόνος
3008 4109 3100 4163 οῦν
3143 4111 3172 4163 6
3220 4111 3350 4175 Θεὸς
3387 4112 3444 4179 ἐξ
3495 4115 3689 4176 αἰῶνος

2124 4201 2354 4269 ἐνεργής
2380 4215 2439 4251 τε
2484 4200 2576 4252 καὶ
2621 4200 3051 4270 παντοδύναμος,
3085 4201 3159 4264 ὡς
3196 4202 3291 4254 καὶ
3329 4204 3689 4273 προαιωνίους

2123 4292 2262 4362 ἔχων
2289 4294 2550 4361 δυνάμεις
2590 4309 2645 4371 τε
2675 4292 2768 4346 καὶ
2808 4292 3105 4362 ἐνεργείας.
3162 4318 3169 4325 -

2194 4390 2290 4450 στ’.
2329 4384 2467 4434 Φασὶ
2502 4383 2579 4445 δὲ,
2611 4384 2722 4443 τοῖς
2760 4382 2939 4448 ἁγίοις
2985 4382 3346 4452 ἀντικείμενοι
3388 4383 3686 4453 προδήλως,

451 4485 499 4529 et
525 4471 788 4541 Oppositze
813 4469 1077 4523 det-trina:
1105 4470 1455 4523 detensores:
1489 4469 1667 4524 Unum
1700 4477 1781 4523 est
1805 4468 2013 4522 increa-

2122 4476 2169 4528 οἱ
2226 4476 2324 4543 τῆς
2379 4475 2627 4535 ἐναντίας
2688 4472 2843 4543 δόξης
2880 4475 3295 4543 προϊστάμενον
3334 4476 3431 4527 Ἔν
3469 4479 3584 4530 ἐστι
3628 4478 3691 4527 τὸ

452 4574 587 4628 tum,
623 4563 801 4615 divina
836 4560 1045 4615 stilicet
1086 4562 1366 4625 e8scntia;
1408 4560 1670 4629 quidquid
1702 4569 1884 4614 autem
1923 4559 2020 4612 ali-

452 4672 718 4724 quatenus
757 4656 823 4707 ab
842 4660 909 4706 ‘ea
964 4652 1164 4715 dilfert,
1204 4662 1448 4704 creatum
1483 4661 1582 4705 cst.
1633 4650 1783 4706 Unde
1807 4659 2022 4706 creatu—

453 4765 563 4803 ram
599 4750 801 4801 faciunt
826 4757 880 4799 et
916 4744 1152 4803 Patrem.
1190 4752 1239 4796 et
1276 4740 1493 4805 Filium,
1531 4752 1582 4796 et
1614 4742 1874 4809 Spiritum
1900 4758 2024 4796 san-

454 4852 619 4896 etum.
644 4838 776 4892 Nam
818 4852 919 4889 una
954 4845 1005 4889 et
1031 4838 1216 4888 eadem
1242 4841 1325 4887 est
1362 4833 1530 4885 tribus
1571 4835 1835 4902 operatio.
1858 4834 2022 4902 Cujus

454 4944 631 4986 autem
686 4930 928 4999 operatio
971 4936 1053 4981 est
1090 4935 1295 4991 creata,
1341 4927 1609 4979 inrreatns
1645 4925 1732 4978 ille
1786 4936 2018 4979 nonest.

456 5025 740 5092 Propterea
774 5039 880 5075 non
914 5021 1025 5087 ipsa
1062 5019 1150 5072 Dei
1173 5019 1444 5086 operatio,
1476 5017 1645 5071 absit!
1678 5018 1782 5071 Sed
1814 5032 1948 5084 opus
1968 5027 2022 5071 ct

456 5114 697 5177 etl‘eelus,
735 5120 820 5164 est
853 5121 1122 5163 creatura.
1170 5106 1291 5161 Ideo
1340 5107 1708 5171 essentialem,
1740 5107 1790 5159 id
1821 5116 1901 5160 est
1926 5121 2022 5158 na-

457 5206 685 5261 turalem
736 5217 856 5258 esse
917 5214 1156 5267 motum,
1216 5200 1528 5256 distinctam
1581 5209 1771 5251 natura
1837 5198 2018 5251 divina

458 5297 864 5365 operationem,
943 5294 1050 5348 Deo
1087 5293 1372 5347 instinctus
1431 5291 1568 5345 dixit
1630 5290 2018 5343 Damuseenus.

459 5388 592 5456 Quia
623 5399 822 5451 autem,
862 5385 1055 5439 divinat
1085 5383 1415 5452 operationis
1449 5392 1530 5435 est
1584 5382 1820 5439 creatio.
1857 5392 1916 5433 ut
1946 5381 2024 5434 ait

460 5480 611 5533 divus
635 5478 890 5549 Cyrillus,
927 5477 1196 5547 quomodo
1228 5477 1342 5543 ipsa
1361 5482 1460 5529 erit
1487 5483 1693 5536 creata,
1717 5475 1762 5527 si
1793 5488 1898 5526 non
1928 5489 2023 5542 per

454 5571 616 5625 aliam
658 5572 1030 5638 operationem
1076 5566 1363 5632 eﬂieiatur,
1426 5578 1479 5620 et
1533 5567 1645 5619 hzec
1690 5579 1881 5619 rursus
1930 5582 2022 5633 per

2123 4566 2397 4630 ἄκτιστον,
2431 4567 2463 4636 ἡ
2498 4565 2615 4618 θεία
2646 4566 2804 4633 φύσις
2827 4582 2840 4596 ·
2870 4569 2977 4620 πᾶν
3007 4568 3063 4619 δὲ
3110 4569 3169 4620 τὸ
3207 4568 3461 4639 διαφέρον
3484 4567 3688 4636 ταύτης

2123 4656 2392 4721 ὁπωσοῦν,
2443 4658 2662 4710 κτιστόν
2694 4660 2843 4708 ἐστι’
2894 4659 3098 4727 κτίσμα
3134 4659 3409 4721 ποιοῦντες
3439 4660 3685 4712 ἐντεῦθεν

2125 4748 2218 4800 καὶ
2268 4748 2359 4802 τὸν
2400 4748 2641 4817 Πατέρα,
2690 4749 2783 4801 καὶ
2815 4749 2907 4801 τὸν
2956 4750 3103 4814 Υίὸν,
3133 4749 3223 4803 καὶ
3264 4750 3322 4802 τὸ
3368 4750 3591 4820 Πνεῦμα
3625 4750 3688 4803 τὸ

2123 4836 2299 4903 ἅγιον.
2336 4838 2449 4891 Μία
2500 4838 2607 4907 γὰρ
2637 4839 2733 4891 καὶ
2766 4840 2798 4908 ἡ
2840 4839 2976 4908 αὐτὴ
3007 4839 3117 4893 τῶν
3144 4839 3309 4911 τριῶν
3350 4841 3382 4910 ἡ
3415 4840 3681 4909 ἐνέργεια.

2125 4921 2200 4980 Ob
2230 4926 2285 4978 δὲ
2324 4927 2356 4994 ἡ
2394 4925 2646 4995 ἐνέργεια
2688 4928 2899 4998 κτιστὴ,
2939 4930 3194 4992 ἇκτιστος
3222 4931 3380 4993 αὐτὸς
3412 4931 3511 4982 οὐκ
3549 4932 3680 4982 ἐστι.

2124 5017 2221 5068 Διὰ
2253 5015 2412 5068 τοῦτο
2436 5016 2533 5087 οὐχ
2559 5017 2592 5086 ἡ
2628 5016 2722 5069 τοῦ
2753 5018 2886 5071 Θεοῦ
2917 5018 3190 5088 ἐνέργεια,
3224 5018 3441 5086 ἄπα-γει
3476 5019 3607 5072 ἀλλὰ
3629 5020 3688 5071 τὸ

2125 5105 2439 5174 ἐνεργηθέν,
2470 5108 2565 5160 καὶ
2593 5107 2953 5161 ἀποτελεσθέν
2979 5111 3095 5161 ἐστι
3120 5109 3182 5162 τὸ
3214 5110 3436 5180 κτίσμα.
3471 5110 3563 5161 Διὸ
3592 5109 3687 5160 καὶ

2125 5199 2380 5266 οὐσιώδη,
2434 5199 2681 5252 τουτέστι
2711 5200 2946 5268 φυσικὴν
2977 5195 3118 5253 εἶναι
3162 5199 3394 5270 κίνησιν,
3422 5198 3519 5270 τὴν
3565 5199 3682 5251 δια-

2128 5289 2399 5357 φέρουσαν
2426 5290 2524 5360 τῆς
2559 5287 2709 5354 θείας
2744 5288 2958 5357 φύσεως
2998 5289 3298 5357 ἐνέργειαν,
3340 5290 3369 5341 6
3403 5288 3689 5355 θεσπέσιος

2118 5386 2325 5456 ἐδίδαξε
2358 5383 2735 5456 Δαμασκηνός.
2781 5383 2932 5435 Ἐπεὶ
2960 5382 3016 5436 δὲ
3059 5385 3153 5437 καὶ
3191 5384 3293 5454 τῆς
3331 5386 3483 5450 θείας
3538 5388 3693 5455 ἐνερ-

2118 5481 2273 5550 γείας
2312 5473 2452 5531 εἶναι
2511 5475 2573 5529 τὸ
2608 5476 2779 5529 ποιεῖν
2823 5475 2851 5527 6
2906 5474 3047 5538 θεῖος
3107 5474 3371 5541 Κύριλλος
3403 5476 3526 5546 ἔφη,
3575 5478 3695 5539 πῶς

2121 5570 2260 5638 αῦτη
2315 5567 2524 5637 ποίημα
2548 5607 2561 5632 ,
2595 5567 2641 5620 εί
2681 5563 2756 5636 μὴ
2789 5564 2855 5618 δι’
2905 5564 3099 5636 ἐτέρας
3140 5566 3420 5634 ἐνεργείας
3473 5569 3693 5639 ἐνεργη.

527 5750 825 5806 “Zachar.
865 5769 937 5817 tv,
976 5752 1055 5806 lt).
1135 5749 1357 5820 “Apoc.
1392 5762 1427 5813 ι,
1472 5748 1522 5802 4.
1602 5745 1644 5777 ³⁸
1679 5746 1841 5804 Μίςιι.
1871 5763 1918 5815 v,
1956 5747 2005 5800 εὶ.

2113 5748 2127 5779 ⁵
2167 5745 2305 5800 l‘sal.
2343 5760 2462 5811 xcn,
2493 5745 2545 5799 2.
