4074 6322
423 419 562 482 1173

1314 409 1585 470 CAPITA
1628 403 1975 471 PHYSICA,
2010 402 2523 472 THEOLOGICA,
2569 398 2729 461 ETC.

3514 394 3655 457 1174

421 520 667 589 θήσεται.
704 514 935 583 κάκείνη
961 512 1122 566 πάλιν
1145 510 1212 564 δι’
1238 510 1455 580 ἐτέρας,
1481 513 1573 564 καὶ
1599 513 1743 566 οὕτω
1773 514 1905 581 πρὶς
1946 513 1992 564 τὸ
2007 550 2019 577 Α

2118 516 2269 576 liam,
2291 523 2345 571 et
2368 514 2449 569 sic
2482 513 2737 579 deinceps
2770 511 2824 565 in
2859 506 3133 564 inlinititm
3171 506 3559 578 pr‘ocedemlo?
3594 510 3658 565 Et.

422 610 723 678 ἐπᾶπειρον
758 606 916 670 ξέναι,
943 602 1123 657 καὶτὸ
1165 603 1265 672 τῆς
1295 601 1577 673 ἐνεργείας
1615 605 1869 665 ἄκτιστον
1911 605 1999 661 ἀεὶ

2120 608 2414 678 perationis
2448 607 2528 663 sic
2554 604 2830 660 aeternitas
2859 602 3120 675 quzcritur
3146 616 3359 671 semper
3377 613 3428 657 et
3460 604 3660 672 pracdi-

421 704 664 773 ζητεῖται
695 701 790 753 καὶ
821 696 1183 768 κηρύττεται;

491 794 581 849 οδ.
621 790 900 858 Πανταχοῦ
937 788 1216 860 παρούσης
1261 788 1586 861 ἅχωρίστως
1613 791 1716 858 τῆς
1763 808 1821 845 τε
1851 791 2003 854 θείας

422 886 633 949 οὐσίας,
663 885 756 936 καὶ
783 883 882 954 τῆς
904 880 1055 944 θείας
1094 882 1397 952 ἐνεργείας,
1431 884 1653 954 χωρητή
1676 884 1824 941 ἐστιν
1851 887 1885 954 ή
1906 884 2001 939 τοῦ

425 977 560 1030 Θεοῦ
584 978 837 1043 ἐνέργεια
867 976 960 1028 καὶ
992 977 1105 1037 τοῖς
1137 978 1375 1039 κτιστοϊς
1405 977 1537 1046 ἡμῖν
1559 992 1573 1007 ⁸
1611 977 1734 1035 ἐπεὶ
1775 979 1870 1037 καὶ
1903 995 2002 1046 με·

427 1068 634 1138 ρίζεται
673 1065 987 1135 ἀμερίστως
1014 1065 1156 1119 κατὰ
1194 1067 1322 1129 τοὺς
1353 1065 1672 1133 θεολόγους·
1708 1069 1808 1137 τῆς
1853 1066 2004 1130 θείας

427 1155 641 1225 φύσεως
672 1155 972 1225 ἀμερίστου
1002 1157 1318 1209 παντάπασι
1351 1156 1618 1227 μενούσης
1639 1157 1760 1210 κατ’
1783 1157 2002 1220 αὐτούς.

423 1250 513 1301 Διὸ
543 1250 637 1307 καὶ
678 1250 706 1301 ό
742 1248 1128 1319 Χρυσόστομος
1190 1247 1406 1316 Πατὴρ,
1444 1248 1614 1302 εἰπὼν
1643 1250 1724 1302 ὅτι
1768 1252 1801 1319 ἠ
1849 1248 2001 1319 ῥανὶς

425 1342 525 1417 τῆς
551 1342 775 1415 χάριτος
806 1340 873 1393 τὰ
932 1339 1110 1394 πάντα
1145 1340 1431 1411 ἐπλήρωσε
1463 1341 1563 1409 τῆς
1612 1340 1868 1410 γνώσεως
1888 1358 1905 1374 ο
1935 1340 1998 1393 δι’

425 1434 597 1503 αὐτῆς
621 1435 687 1489 τὰ
720 1434 972 1502 θαύματα.
1019 1433 1248 1500 ἐγίνετο,
1282 1431 1346 1484 τὰ
1381 1432 1752 1502 ἁμαρτήματα
1781 1432 1966 1487 ἐλύετο
1986 1449 1999 1463 ·

427 1527 520 1579 καὶ
540 1527 719 1593 δείξας
753 1524 1007 1577 ἄκτιστον
1032 1520 1198 1577 οὖσαν
1226 1524 1324 1591 τὴν
1370 1522 1472 1591 τῆς
1514 1523 1737 1594 χάριτος
1778 1524 1968 1593 ῥανίδα
1987 1538 2001 1551 ’

428 1613 551 1670 εἶτα
598 1616 847 1670 σπεύδων
874 1614 1140 1683 ἐπιδεῖξαι
1168 1616 1261 1668 καὶ
1292 1616 1593 1685 ἐνέργειαν,
1633 1615 1747 1688 ἀλλῗ
1783 1615 1883 1673 οὐκ
1914 1615 2006 1667 ού-

433 1711 557 1765 σίαν
587 1705 776 1769 οὖσαν,
809 1708 889 1761 ἔτι
910 1707 966 1760 δὲ
1003 1706 1100 1761 καὶ
1130 1706 1229 1779 τὴν
1253 1707 1353 1777 τῆς
1378 1707 1528 1773 θείας
1569 1707 1852 1778 ἐνεργείας
1892 1706 2009 1760 δια-

428 1801 622 1872 φορὰν,
650 1802 785 1871 πρός
816 1818 875 1852 τε
900 1800 1000 1869 τὴν
1028 1798 1178 1852 θείαν
1212 1797 1421 1863 οὐσίαν,
1455 1799 1546 1850 καὶ
1576 1797 1672 1870 τὴν
1706 1797 1802 1851 τοῦ
1835 1797 2007 1853 Πνεύ-

431 1871 598 1966 ματος
628 1895 947 1958 ὑπόστασιν,
992 1892 1188 1959 ἐπάγει
1227 1890 1487 1959 γράφων·
1516 1908 1534 1941 ι
1562 1889 1635 1942 Τὸ
1668 1890 1831 1959 μέρος
1865 1888 2010 1957 λέγω
2033 1871 2075 1931 Β

427 1984 528 2051 τῆς
561 1984 844 2052 ἐνεργείας
865 1997 879 2010 ⁸
920 1982 983 2034 ού
1012 1982 1122 2051 γὰρ
1147 1979 1211 2050 δὴ
1246 1982 1274 2033 ό
1308 1979 1669 2051 Παράκλητος
1698 1979 2003 2049 μερίζεται.

436 2074 673 2147 Χωρητὴ
699 2074 831 2143 γοῦν
863 2075 1012 2126 ἐστιν
1047 2073 1209 2143 ἡμῶν
1242 2074 1460 2142 ἐκάστῳ
1489 2073 1523 2142 ἡ
1555 2072 1674 2131 θεία
1702 2073 1884 2142 χάρις,
1915 2073 2009 2123 καὶ

428 2162 461 2229 ή
490 2163 738 2229 ἐνέργεια
757 2177 773 2193 θ
805 2161 930 2213 ἐπεὶ
959 2160 1056 2214 καὶ
1084 2160 1403 2230 ἀμερίστως
1427 2160 1568 2230 αῦτη
1597 2160 1901 2230 μερίζεται.
1945 2160 2011 2219 'H

425 2251 479 2304 δέ
518 2252 610 2305 τοῦ
665 2252 800 2306 Θεοῦ
856 2252 1049 2317 οὐσία,
1106 2251 1459 2305 παντάπασιν
1522 2251 1822 2321 ἀμέριστος
1875 2247 2010 2304 οὖσα

428 2342 550 2397 καθ’
580 2344 774 2414 αὐτὴν,
808 2343 925 2406 πῶς
956 2343 1020 2397 ἄν
1046 2359 1150 2396 τινι
1183 2341 1458 2413 χωρηθείη
1485 2341 1594 2393 τῶν
1619 2341 1884 2406 κτιστῶν;
1916 2359 1935 2392 ι

497 2439 590 2487 os’.
632 2435 815 2505 Τριῶν
869 2434 1041 2488 ὄντων
1091 2432 1184 2487 τοῦ
1223 2432 1393 2499 Θεοῦ,
1454 2432 1643 2497 οὐσίας
1703 2432 2010 2502 ἐνεργείας,

432 2525 660 2596 Τριάδος
683 2525 1035 2580 ύποστάσεων
1063 2522 1253 2577 θείωνο
1290 2525 1338 2577 οἱ
1362 2523 1759 2594 κατηξιωμένοι
1792 2522 1871 2593 τῷ
1895 2523 2014 2592 Θεῷ

378 2631 386 2638 ·
430 2617 696 2688 ἡνῶσθαι,
726 2618 804 2680 ὡς
843 2617 903 2669 ἐν
935 2613 1076 2671 εἶναι
1102 2614 1322 2687 πνεῦμα
1353 2616 1472 2686 μετ’
1506 2614 1672 2669 αὐτοῦ
1692 2630 1706 2644 ’
1751 2614 1893 2670 καθὰ
1918 2615 2015 2667 καὶ

433 2709 645 2771 Παῦλος
680 2711 708 2760 ὁ
763 2709 934 2779 μέγας
987 2709 1237 2781 εἴρηκενο
1276 2727 1294 2760 ι
1321 2708 1380 2761 ’0
1419 2704 1760 2775 κολλώμενος
1788 2705 1866 2776 τῷ
1900 2708 2013 2761 Κυ-

437 2804 558 2873 ρίῳ,
589 2801 648 2854 ἓν
687 2801 908 2870 πνεῦμά
937 2803 1086 2855 ἐστιν
1108 2818 1121 2830 ·
1155 2819 1173 2851 ι
1211 2799 1336 2852 ἐπεὶ⁸
1366 2798 1487 2851 κατ’
1523 2798 1712 2851 οὐσίαν
1740 2799 1836 2867 οὐχ
1870 2799 2015 2868 ἡνῶ-

439 2893 566 2945 σθαι
604 2894 731 2957 τοὺς
757 2893 942 2956 ἀξίους
980 2891 1237 2962 ἀνωτέρω
1266 2891 1556 2956 δέδεικται,
1608 2891 1703 2943 καὶ
1732 2890 1932 2953 πάντες
1965 2892 2014 2943 οἱ

438 2984 683 3057 θεολόγοι
740 2984 1080 3056 μαρτυροῦσι
1104 3024 1120 3048 ,
1161 2984 1284 3038 κατ’
1333 2983 1525 3037 οὐσίαν
1564 2978 1705 3036 εἶναι
1752 2982 1843 3035 τὸν
1880 2981 2015 3034 Θεὸν

437 3077 739 3146 ἁμέθεκτον
760 3094 772 3107 ·
809 3079 842 3148 ἡ
871 3077 930 3130 δὲ
965 3076 1088 3130 καθ’
1119 3076 1419 3130 ὑπόστασιν
1454 3074 1669 3138 ἓνωσις,
1703 3073 1868 3144 μόνου
1897 3073 2015 3126 δια-

2085 716 2146 757 ca
2156 711 2262 756 tur.

2169 793 2258 847 τό.
2300 789 2517 861 Ubique
2568 800 2833 862 prasente
2882 787 3157 843 individuo
3197 785 3374 839 divina
3424 787 3658 842 ess-uitia

2088 885 2381 952 divinaque
2418 885 2758 953 operatione,
2797 879 3127 950 operationis
3175 878 3267 933 Dei
3311 892 3537 945 rapaces
3565 892 3659 930 sn-

2093 990 2214 1033 tnus
2260 989 2360 1035 nos
2424 974 2553 1027 licet
2605 972 2800 1036 creati,
2858 971 2985 1039 quia
3040 969 3662 1031 indivisedistribuitur,

2088 1072 2241 1141 juxta
2269 1053 2717 1140 ιίιεοῐοςοεςεοιι
2751 1068 2907 1136 juxta
2942 1067 3189 1130 eosdem,
3241 1072 3435 1119 natura
3486 1065 3666 1118 divina

2098 1163 2619 1219 ineommuuicabilis
2649 1171 2911 1216 remanet.
2943 1160 3068 1214 Ideo
3110 1157 3533 1228 CltrySOstomtts
3566 1156 3669 1209 Pa-

2101 1269 2203 1318 ter.
2229 1267 2514 1325 poSIquatn
2543 1254 2750 1308 dixerat
2773 1252 2954 1322 pluvia
2983 1251 3166 1319 gratiae
3199 1265 3412 1304 omnem
3458 1250 3669 1319 impleri

2101 1346 2490 1417 cognitionem,
2532 1361 2596 1403 ea
2646 1359 2853 1413 nempe
2889 1342 3148 1396 miracula
3195 1341 3309 1395 ficri
3346 1352 3401 1395 et
3450 1354 3673 1411 peccata

2102 1440 2233 1504 elui,
2262 1448 2316 1493 et
2339 1439 2649 1493 ostenderat
2676 1438 2970 1491 iur-reatum
3022 1450 3144 1490 esse
3178 1435 3365 1506 gratia:
3400 1435 3674 1504 pluviam;

2104 1531 2298 1587 deinde
2323 1530 2544 1585 studens
2566 1530 2940 1584 demonstrare
2971 1528 3116 1581 illam
3137 1542 3257 1581 esse
3276 1527 3674 1593 operationem,

2108 1622 2250 1679 haud
2284 1635 2412 1675 vero
2461 1621 2780 1685 essentiam,
2813 1624 2863 1674 et
2904 1628 3165 1688 praeterea
3206 1618 3444 1673 divinam
3487 1634 3677 1684 opera«

2106 1718 2311 1772 tionem
2372 1715 2595 1773 differre
2647 1730 2675 1769 τι
2722 1714 2900 1769 divina
2957 1711 3199 1767 essentia
3250 1718 3303 1766 et
3361 1726 3391 1764 a
3447 1710 3713 1779 Spiritus‘

2108 1823 2362 1876 persona,
2391 1808 2561 1875 pergit
2590 1807 2839 1861 scribens
2883 1820 2900 1859 :
2932 1822 2951 1857 ι
2990 1803 3313 1858 Divisionem
3340 1806 3460 1857 dico
3489 1818 3683 1871 opera-

2107 1901 2309 1954 tionis:
2348 1916 2449 1952 non
2486 1898 2631 1951 enim
2669 1896 3264 1952 Paraclitusditiditur.
3311 1895 3490 1965 Capax
3519 1896 3683 1965 igitur

2103 2003 2184 2046 est
2216 1991 2589 2059 unusquisque
2618 1999 2861 2043 nostrum
2888 1988 3088 2042 divinae
3118 1988 3306 2055 gratia:
3328 1997 3380 2040 et
3406 1989 3683 2055 operatio-

2106 2083 2211 2146 nis,
2264 2082 2390 2149 quia
2420 2079 2698 2133 individue
2749 2078 2866 2133 haec
2921 2077 3199 2133 dividitur.
3248 2077 3499 2132 Essentia
3554 2092 3685 2131 vero

2115 2171 2235 2236 Dei,
2269 2184 2390 2223 cum
2421 2170 2489 2223 sit
2523 2182 2620 2238 per
2644 2166 2876 2236 seipsam
2900 2168 3125 2221 omnino
3159 2166 3525 2232 indivisibilis,
3555 2183 3686 2234 quo-

2110 2262 2270 2317 modo
2299 2276 2470 2331 capax
2498 2262 2614 2328 ejus
2644 2268 2791 2314 esset
2829 2259 3009 2327 aliqua
3039 2257 3329 2314 creatura?
3362 2277 3380 2309 ι

2182 2442 2271 2498 '15.
2299 2440 2431 2496 Cum
2464 2441 2567 2494 tria
2598 2440 2710 2495 sint
2754 2439 2809 2493 in
2872 2439 3000 2504 Deo,
3029 2439 3288 2497 essentia.
3324 2439 3588 2506 operatio,
3634 2447 3690 2492 et

2111 2542 2472 2588 sacrosanctae
2501 2527 2787 2583 Trinitatis
2818 2543 3099 2598 persome;
3144 2528 3236 2597 qui
3272 2530 3379 2583 Deo
3412 2537 3691 2582 merentur

2116 2623 2280 2690 uniri,
2317 2623 2388 2679 ita
2420 2631 2478 2675 ιιι
2508 2636 2647 2674 unus
2677 2622 2788 2675 sint
2827 2634 2953 2674 cum
2986 2635 3051 2673 eo
3085 2620 3343 2689 Spiritus.
3370 2620 3515 2675 sicut
3551 2621 3689 2672 l‘an-

2119 2716 2201 2768 lus
2255 2727 2482 2781 tttagnus
2525 2711 2662 2765 dixit
2704 2726 2720 2767 :
2768 2728 2785 2761 ι
2823 2710 2922 2775 Qui
2966 2709 3208 2763 atlltmret
3252 2709 3499 2774 DOmino,
3549 2726 3691 2764 unus

2116 2805 2340 2873 spiritus
2369 2813 2454 2864 est
2481 2802 2564 2867 ἰς
2596 2822 2614 2853 ›
2644 2804 2767 2872 quia
2794 2801 3091 2856 secundum
3126 2803 3416 2856 essentiam
3447 2813 3498 2853 ut
3527 2817 3689 2871 supra

2118 2905 2396 2950 ostensum
2427 2903 2530 2960 est,
2574 2909 2731 2948 nemo
2762 2900 3000 2948 meretur
3030 2893 3199 2958 uniri,
3235 2900 3289 2946 et
3322 2907 3513 2947 omnes
3537 2895 3691 2947 theo-

2120 2989 2226 3057 logi
2253 2996 2517 3041 testantur
2562 2986 2862 3040 secundum
2898 2985 3194 3039 essentiam
3248 2983 3417 3038 Deum
3452 2999 3573 3038 esse
3607 2984 3692 3036 iu-

2122 3077 2672 3142 commnnicabilcm;
2723 3078 2848 3146 quia
2892 3076 3113 3131 aliunde
3171 3077 3300 3130 unio
3352 3076 3692 3146 hypostatica

433 3170 579 3222 τελεῖ
610 3169 953 3238 τυγχάνουσα
984 3167 1078 3220 τοῦ
1125 3165 1482 3237 θεανθρὼπου
1523 3165 1732 3232 Λόγουο
1768 3164 2017 3220 λείπεται

2126 3171 2227 3225 soli
2256 3171 2525 3241 competit
2566 3168 2919 3223 Deo-Homini
2952 3167 3131 3223 Verbo
3163 3183 3178 3221 :
3209 3168 3476 3237 reliquum
3519 3180 3604 3222 est
3636 3175 3697 3223 ut

437 3260 558 3314 κατ’
586 3260 869 3329 ἐνέργειαν
909 3258 1162 3311 ἐνοῦσθαι
1199 3260 1325 3321 τοὺς
1374 3256 1817 3327 κατηξιωμένους
1866 3255 2018 3308 ἐνοῦ-

438 3349 564 3403 σθαι
598 3348 751 3419 Θεῷ·
793 3350 886 3401 καὶ
928 3347 1149 3419 πνεῦμα
1180 3348 1303 3402 καθ’
1335 3348 1363 3401 ὃ
1413 3349 1559 3401 ἐστιν
1596 3347 1655 3400 ἓν
1703 3350 1841 3418 μετὰ
1880 3349 2018 3404 Θεοῦ

436 3444 466 3495 ὁ
519 3438 856 3510 κολλώμενος
895 3439 1047 3508 Θεῷ,
1131 3439 1228 3510 τὴν
1267 3440 1521 3493 ἄκτιστον
1558 3439 1653 3493 τοῦ
1696 3439 2019 3511 Πνεύματος

439 3533 724 3600 ἐνέργειαν
764 3527 903 3583 εῖναι
936 3532 1030 3583 καὶ
1067 3529 1376 3596 καλεῖσθαι,
1400 3531 1517 3584 ἀλλ’
1570 3532 1633 3584 οὐ
1682 3532 1783 3597 τὴν
1829 3533 2019 3585 οὐσίαν

388 3628 391 3631 ’
441 3623 535 3676 τοῦ
563 3622 697 3676 Θεοῦ
724 3638 738 3652 ⁸
767 3621 869 3677 κᾶν
903 3623 950 3676 oi
983 3610 1350 3691 ἀντικείμενοι
1385 3623 1831 3695 ἀπαρέσκωνται.
1869 3625 2022 3677 Ἐπεὶ

442 3714 538 3768 καὶ
584 3714 672 3769 διὰ
710 3714 804 3767 τοῦ
854 3713 1162 3785 προφήτου,
1193 3715 1277 3777 οὐ,
1315 3714 1390 3768 Τὸ
1434 3715 1658 3786 Πνεῦμά
1706 3735 1830 3786 μου,
1881 3718 2018 3779 ἀλλ’,

449 3823 468 3857 ι
493 3804 626 3859 ’Λπὸ
651 3804 746 3859 τοῦ
797 3804 1116 3874 Πνεῦματός
1163 3821 1264 3874 μου
1303 3805 1479 3876 ἐκχεῶ
1513 3806 1607 3859 ἐπὶ
1636 3808 1764 3871 τοὺς
1799 3810 2022 3863 πιστεύ-

445 3911 625 3954 οντας,
665 3912 683 3944 ι
722 3893 936 3963 προέφη
968 3894 996 3945 ὁ
1026 3892 1179 3955 Θεός.

519 3984 624 4051 ος’.
654 3985 932 4055 Πνεύματι
952 3983 1110 4050 θεοῦ,
1141 3984 1328 4053 φησὶν,
1362 3985 1639 4039 ἐκινοῦντο
1661 3988 1754 4038 καὶ
1781 3986 2024 4057 Μωῦσῆς

451 4080 545 4131 καὶ
585 4076 750 4131 Δαόίδ
772 4092 785 4107 ·
822 4076 914 4128 καὶ
942 4076 1057 4128 ὅσοι
1079 4075 1177 4144 τῆς
1211 4074 1360 4137 θείας
1392 4075 1669 4144 ἐνεργείας
1701 4078 2023 4146 χωρητικοὶ,

448 4172 516 4240 τῇ
553 4169 814 4223 ἀποθέσει
840 4168 950 4220 τῶν
979 4166 1259 4238 σαρκικῶν
1294 4165 1597 4236 ἰδιωμάτων
1623 4166 1903 4234 γεγόνασι,
1936 4167 2028 4219 καὶ

451 4261 626 4324 ζῶσαί
669 4278 816 4324 τινες
873 4259 1082 4321 εἰκόνες
1114 4256 1352 4327 Χριστοῦ
1377 4271 1390 4285 ³
1428 4256 1522 4310 καὶ
1560 4258 1604 4308 τ’
1653 4255 1787 4310 αὐτὸ
1826 4258 2027 4324 μᾶλλον

453 4353 603 4422 αὐτῷ
642 4352 784 4406 κατὰ
831 4352 928 4422 τὴν
975 4352 1171 4423 χάριν,
1223 4354 1255 4423 ἢ
1310 4353 1677 4423 ἁφομοίωμαο
1720 4354 1816 4408 καὶ
1860 4348 2029 4424 μία’ἡ

456 4444 768 4515 καθαρότης
813 4444 847 4515 ἡ
888 4444 947 4494 ἐν
994 4442 1071 4512 τῷ
1120 4442 1341 4513 Χριστῷ
1381 4444 1472 4496 καὶ
1512 4445 1624 4506 τοῖς
1664 4443 1840 4511 ἁγίοις
1879 4443 2031 4496 ἐστίν

2124 3265 2383 3319 uniantur
2413 3263 2707 3317 secundum
2733 3260 3021 3316 essentiam
3049 3259 3140 3328 qui
3171 3258 3279 3313 Deo
3314 3260 3453 3314 uuiri
3479 3274 3697 3313 merena

2125 3366 2254 3420 tur,
2304 3364 2359 3409 et
2409 3354 2633 3424 spiritus
2693 3352 2992 3407 secundum
3048 3366 3206 3419 quem
3240 3364 3547 3417 unus,eum
3584 3350 3693 3405 Deo

2123 3454 2205 3497 est
2252 3443 2346 3512 qui
2396 3443 2504 3497 Deo
2561 3443 2822 3502 adhaaret,
2878 3442 3118 3495 increata
3171 3439 3405 3509 Spiritus
3447 3440 3692 3507 operatio

2123 3539 2195 3590 sit
2226 3544 2280 3589 et
2310 3543 2548 3599 vocetur,
2596 3544 2785 3588 etnon
2833 3532 3071 3586 essentia
3128 3529 3244 3595 Dei,
3302 3533 3547 3600 quamvis
3598 3532 3700 3584 hoc

2126 3626 2420 3683 adversarii
2456 3624 2790 3694 improbent.
2831 3622 2962 3675 Illud
3002 3622 3167 3676 etiam
3234 3621 3480 3691 praedixit
3537 3618 3697 3684 Deus,

2124 3720 2313 3773 dicens
2374 3732 2469 3785 per
2527 3717 2867 3784 pmpltetam,
2928 3728 3032 3767 non
3065 3732 3083 3765 ι
3122 3712 3380 3781 Spiritum
3441 3726 3617 3765 meum
3650 3729 3698 3771 ι,

2124 3812 2218 3863 sed
2250 3827 2269 3860 ι
2299 3810 2363 3863 de
2393 3807 2598 3878 Spiritu
2630 3821 2751 3861 meo
2777 3805 3049 3860 elinndam
3086 3820 3249 3874 super
3279 3805 3564 3859 credentes
3583 3802 3649 3855 ³³.
3678 3821 3697 3854 ι

2197 3991 2286 4045 76.
2314 3991 2518 4058 Spiritu
2576 3991 2693 4054 Dei,
2743 4000 2800 4045 ιιι
2862 3991 3125 4056 scriptum
3172 4001 3293 4050 .est.
3345 3992 3702 4045 movebantur

2125 4083 2338 4153 Moyses
2368 4091 2421 4135 et
2452 4084 2639 4146 David,
2683 4092 2738 4135 ct
2801 4083 3138 4152 quicunque,
3173 4084 3428 4150 depositis
3468 4084 3700 4136 carnali-

2129 4174 2231 4226 bus
2284 4170 2714 4240 proprietatibns
2759 4170 2882 4227 facti
2943 4181 3071 4224 sunt
3116 4173 3310 4223 divinae
3364 4174 3700 4240 operations

2127 4277 2377 4331 capaces,
2419 4271 2472 4313 et
2506 4261 2658 4327 quasi
2693 4260 2830 4315 viva:
2864 4262 3124 4329 imagines
3147 4261 3371 4325 Christi,
3399 4278 3490 4315 seu
3521 4265 3702 4332 potius

2129 4353 2266 4408 idem
2301 4370 2421 4407 cum
2458 4370 2522 4405 eo
2567 4368 2659 4419 per
2700 4352 2926 4419 gratiam
2979 4361 3035 4404 et
3068 4351 3519 4406 assimilationcm
3555 4367 3701 4405 :una

2124 4446 2270 4497 Enim
2306 4444 2517 4512 puritas
2550 4443 2603 4493 in
2640 4440 2859 4495 Christo
2884 4448 2939 4495 et
2980 4440 3032 4494 in
3061 4442 3265 4495 sanctis
3305 4452 3408 4504 est,
3434 4450 3488 4495 et
3523 4442 3703 4495 lumen

456 4538 548 4587 καὶ
580 4536 613 4604 ἡ
642 4534 961 4604 λαμπρότης
988 4532 1078 4585 τοῦ
1106 4534 1243 4586 Θεοῦ
1278 4534 1435 4603 ἡμῶν
1463 4534 1548 4604 ἐφ’
1591 4537 1738 4604 ἡμᾶς
1768 4534 1795 4585 ὁ
1832 4535 2019 4587 ἐνθεὼ·

2137 4536 2226 4589 Dei
2276 4534 2442 4587 nostri
2496 4547 2661 4599 super
2701 4547 2820 4596 nos,
2872 4541 2929 4585 ttt
2976 4532 3347 4586 divinissimus
3389 4534 3539 4586 canit
3568 4536 3708 4599 psal-

384 4688 391 4693 μ
454 4636 616 4682 τατος
654 4619 770 4691 ᾄδει
799 4619 1072 4689 μελῳδῶν.
1119 4622 1186 4673 Αἱ
1225 4624 1333 4690 γὰρ
1374 4625 1810 4695 πνευματοιρόροι
1839 4624 2030 4694 ψυχαὶ,

458 4710 603 4764 κατὰ
630 4710 719 4762 τὸν
754 4712 928 4780 μέγαν
969 4710 1273 4773 Βασίλειον,
1314 4712 1708 4783 ἐλλαμφθείσαι
1745 4717 1898 4785 παρὰ
1938 4715 2030 4767 τοῦ

460 4800 799 4869 Πνεύματος,
824 4801 987 4856 αὐταί
1012 4819 1071 4854 τε
1100 4802 1491 4856 ἀποτελοῦνται
1526 4807 1915 4877 πνευματικαὶ,
1940 4808 2035 4861 καὶ

463 4895 543 4953 είς
583 4892 806 4963 ἐτέρους
855 4891 953 4961 τὴν
991 4892 1153 4963 χάριν
1199 4895 1702 4960 ἐξαποστέλλουσιν.
1756 4897 2036 4951 Ἐντεῦθεν

469 4980 774 5052 μελλόντων
803 4983 1140 5053 πρόγνωσις⁶
1174 4987 1488 5057 μυστηρίων
1520 4987 1763 5051 σύνεσις*
1794 5007 2037 5059 κεκρυμ-

472 5073 650 5144 μένων
685 5074 1022 5143 κατάληψις·
1065 5079 1418 5145 χαρισμάτων
1453 5077 1739 5147 διανομαί·
1781 5080 1842 5131 τὸ
1870 5080 2038 5148 οὐρά-

466 5183 579 5220 νιον
617 5165 949 5235 πολίτευμαο
978 5167 1012 5236 ἡ
1061 5167 1175 5236 μετ’
1206 5167 1454 5236 ἀγγέλων
1489 5168 1712 5238 χορεία’
1746 5171 1779 5238 ἡ
1817 5169 2040 5223 ἀτελεύ-

469 5273 629 5329 τητος
674 5256 1015 5326 εὐφροσύνη’
1054 5258 1087 5328 ἡ
1122 5256 1302 5322 ἔνθεος
1351 5258 1616 5330 διανομήο
1659 5261 1692 5327 ἡ
1725 5259 1859 5330 πρὸς
1908 5258 2040 5311 Θεὸν

467 5347 756 5418 ὁμοίωσιςο
779 5347 837 5398 τὸ
860 5347 1158 5415 ἀκρότατον
1184 5346 1295 5401 τῶν
1317 5346 1579 5417 ὀρεκτῶν,
1600 5346 1720 5400 θεὸν
1755 5346 2036 5415 γενέσθαι.

543 5437 637 5500 οζθ.
680 5436 834 5490 Κατὰ
866 5438 964 5505 τὴν
993 5438 1151 5509 χάριν
1180 5437 1383 5507 ταύτην
1413 5439 1506 5490 καὶ
1536 5438 1913 5507 λαμπρότητα,
1949 5439 2044 5492 καὶ

2141 4628 2320 4679 mista.
2369 4626 2501 4678 Nam
2542 4626 2738 4692 spiritu
2777 4624 2977 4678 divites
3015 4625 3229 4688 anima},
3270 4625 3418 4692 juxta
3451 4638 3705 4690 magnum

2139 4717 2419 4775 Basilium.
2454 4717 2772 4768 illuminant:
2797 4730 2826 4768 a
2856 4715 3086 4785 Spiritu,
3117 4723 3171 4767 et
3228 4716 3355 4781 ipsa:
3384 4714 3517 4766 ﬁunt
3545 4714 3706 4781 ενιιὶ-

2144 4807 2350 4867 tualt-s,
2381 4817 2434 4858 et
2466 4807 2516 4857 in
2549 4808 2681 4859 alios
2720 4807 2948 4875 gratiam
2994 4806 3294 4858 reﬂectunt.
3337 4804 3464 4856 lude
3493 4803 3705 4859 futuro-

2144 4913 2259 4951 rum
2293 4894 2646 4963 prmscicntia,
2675 4894 3027 4963 intelligentia
3053 4893 3457 4962 mysteriorum,
3481 4896 3682 4948 abscon

2143 4989 2376 5039 diturmn
2423 4989 2719 5054 perceptio,
2782 4983 3099 5036 distributio
3149 4983 3558 5047 charismatum,
3593 4998 3711 5037 cm-

2143 5077 2293 5131 lcstis
2337 5077 2466 5139 vita,
2508 5091 2629 5128 cum
2669 5074 2878 5143 angelis
2931 5073 3155 5137 chorus,
3201 5072 3457 5126 continua
3498 5074 3709 5138 laetitia,

2145 5172 2310 5223 divini
2361 5172 2649 5223 instinctus
2691 5174 2912 5232 donum,
2972 5167 3065 5221 Dei
3138 5167 3455 5232 similitudo,
3501 5177 3556 5220 et
3604 5184 3709 5235 qua

2148 5262 2280 5316 nihil
2300 5261 2611 5330 optabilius,
2644 5261 2936 5315 deillcatio.

2213 5436 2298 5488 77.
2337 5435 2449 5489 [lac
2479 5434 2650 5502 gratia
2683 5434 2909 5503 lnceque
2943 5440 3142 5487 etcum
3180 5434 3286 5487 Deo
3325 5433 3539 5495 unione,
3574 5448 3710 5498 pra:-

476 5530 613 5601 πρὸς
639 5529 732 5583 τὸν
766 5530 898 5583 Θεὸν
933 5528 1146 5593 ἕνωσιν,
1183 5528 1563 5583 πλεονεκτοῦσι
1595 5530 1704 5584 τῶν
1734 5529 2019 5601 ἀνθρώπω

2143 5540 2289 5582 stant
2346 5529 2657 5581 hominibus
2731 5526 2928 5592 angeli.
2992 5524 3114 5579 Ideo
3174 5525 3317 5577 velut
3378 5523 3714 5575 secundariae

463 5632 512 5682 oi
547 5630 789 5701 ἄγγελοι.
823 5635 913 5687 Διὸ
942 5634 1035 5687 καὶ
1071 5633 1453 5703 λαμπρότητες
1482 5634 1586 5686 εἰσι
1625 5628 1896 5699 δεύτεραι,
1926 5626 2033 5682 λει-

2142 5618 2292 5674 luces
2333 5636 2599 5688 suprcuttc
2634 5618 2791 5672 Lucis
2825 5616 3108 5681 ministrat,
3136 5625 3190 5668 ct
3216 5615 3448 5669 secunda
3478 5612 3714 5664 lumina-

559 5818 603 5844 ³⁸
636 5815 651 5867 l
682 5815 805 5868 Cor.
842 5829 908 5875 vt,
946 5811 1033 5865 l7.
1109 5810 1151 5839 ³⁸
1185 5808 1321 5873 Jocl,
1379 5812 1442 5873 tt,
1490 5805 1582 5870 ‘28,
1625 5818 1738 5858 sec.
1791 5800 1924 5854 LXX
1963 5800 2215 5867 interpr.,
2260 5809 2395 5853 teste
2430 5798 2490 5852 Β.
2546 5797 2725 5861 Petro,
2773 5796 2889 5851 Act.
2950 5809 3006 5856 tt,
3066 5792 3149 5844 l7.
