4146 6308
541 325 681 392 1175

1779 318 2158 379 GREGOHII
2208 317 2532 379 PALAME

536 445 620 499 ria
649 457 714 498 ex
745 439 918 510 primo
952 435 1183 491 Lumine
1216 432 1470 504 fulgentia
1524 438 1651 486 sunt
1685 432 1913 486 virtutes
1950 429 2109 486 intel-

2230 442 2447 511 τουργοὶ
2480 439 2579 509 τῆς
2637 438 2749 491 ἄνω
2799 436 3202 508 λαμπρότητος,
3241 436 3336 489 καὶ
3384 436 3540 506 φῶτα
3575 437 3793 510 δεύτερα

538 534 800 592 lcctuales
855 543 909 587 et
966 524 1416 583 administratorii
1470 524 1734 593 spiritus;
1784 533 1837 577 et
1889 521 2110 590 angelus

540 629 716 703 prima
758 636 841 681 est
869 623 1047 679 lucida
1081 635 1273 673 natura
1323 626 1446 688 post
1491 617 1718 685 primam
1763 631 1825 669 ex
1856 631 1962 684 qua
1999 629 2113 668 res-

540 723 779 794 plendet,
823 728 877 774 et
928 715 1159 770 secunda
1215 712 1303 764 lux
1357 723 1421 762 ex
1481 707 1652 775 prima
1698 706 1822 760 lucc
1881 705 2109 761 etlluens

538 827 772 883 eamque
816 807 1168 880 participans.
1205 800 1268 855 Et
1323 798 1624 855 circulatim
1666 797 1834 850 divini
1864 795 2111 863 Spiritus

541 908 698 973 moti,
754 899 1003 972 principii
1074 895 1305 961 finisque
1368 889 1569 946 nesciis
1628 887 2113 943 illuminationihus

538 996 750 1069 pulchri
773 1003 827 1048 et
858 992 982 1045 boni
1006 986 1286 1040 uniuntnr.
1312 979 1445 1035 Nam
1463 977 1940 1047 :eternormntipsc
1971 975 2113 1029 Deus

539 1065 629 1145 est
662 1087 777 1150 lux,
801 1094 854 1137 et
880 1097 982 1135 non
1009 1078 1152 1132 aliud
1193 1091 1209 1130 :
1242 1083 1297 1129 et
1326 1072 1468 1141 quod
1499 1079 1587 1127 est
1626 1069 1975 1125 sensibilibus
2004 1065 2109 1131 sol,

538 1185 645 1237 hoc
684 1173 1135 1245 intelligibilibus,
1170 1171 1332 1231 Deus,
1384 1175 1440 1220 et
1473 1165 1586 1233 ipse
1614 1176 1698 1218 est
1735 1160 1913 1217 omnis
1945 1158 2115 1215 ratio-

541 1274 680 1328 nalis
729 1282 935 1324 natura:
964 1263 1231 1318 luminare
1266 1262 1496 1330 primum
1532 1269 1587 1311 et
1617 1270 1826 1311 summa
1858 1255 1970 1307 lux.
2002 1270 2022 1304 ι
2053 1249 2112 1306 Si

540 1362 850 1427 audiveris,
915 1358 991 1411 ait
1048 1356 1473 1424 Chrysostomus
1533 1350 1735 1413 Pater,
1791 1349 2112 1416 prophetam

540 1460 857 1513 dicentem:
904 1470 923 1502 ι
960 1447 1083 1503 Vidi
1133 1447 1421 1500 Dominum
1484 1443 1757 1498 sedentem
1821 1454 1986 1509 super
2024 1452 2114 1493 so-

542 1552 674 1606 lium
706 1548 750 1580 “
778 1565 828 1610 ι,
856 1559 963 1598 non
1014 1539 1378 1610 suspicaberis
1419 1537 1587 1590 visam
1639 1535 1706 1589 ab
1737 1549 1802 1589 eo
1835 1533 2002 1587 fuisse
2030 1545 2116 1587 es-

538 1642 795 1702 sentiam,
854 1636 949 1691 sed
1015 1632 1401 1688 demissionem
1454 1628 1735 1691 divinam,
1792 1634 1846 1678 et
1896 1625 2113 1694 quidem

541 1731 913 1788 obscuriorem
942 1740 1105 1796 quam
1140 1723 1207 1776 ab
1258 1720 1509 1791 supernis
1557 1719 1768 1772 videtur
1798 1715 2110 1769 virtutibus.

612 1994 705 2048 78.
748 1991 935 2046 Omnis
973 1997 1159 2042 natura
1193 1986 1557 2040 remotissima
1590 1995 1644 2039 et
1679 1984 1903 2039 omnino
1937 1984 2115 2039 aliena

544 2098 627 2143 est
660 2100 690 2139 a
729 2092 921 2139 natura
962 2080 1078 2135 Dei.
1116 2077 1251 2131 Nam
1304 2078 1347 2132 si
1380 2075 1519 2130 Deus
1564 2083 1761 2128 natura
1785 2082 1890 2139 est,
1921 2082 2118 2129 caetera

547 2196 655 2235 non
693 2186 819 2233 sunt
851 2183 1085 2237 natura;
1122 2171 1164 2224 si
1216 2183 1346 2223 vero
1390 2178 1713 2222 cancrorum
1745 2166 1999 2235 quodque
2026 2180 2121 2220 na-

545 2284 663 2326 tura
698 2280 802 2331 εει,
828 2268 915 2321 ille
947 2281 1050 2321 non
1079 2273 1158 2319 cst
1193 2271 1385 2316 natura
1410 2275 1424 2319 :
1449 2259 1523 2313 ita
1551 2268 1608 2312 ut
1650 2273 1719 2312 ne
1755 2272 1854 2312 ens
1876 2259 2117 2328 quidem,

560 2366 656 2431 sit,
691 2363 736 2417 si
762 2370 954 2416 cate:a
988 2358 1088 2411 sint
1120 2354 1306 2409 entia:
1333 2351 1377 2406 si
1405 2365 1531 2405 vero
1553 2361 1631 2405 est
1659 2351 1745 2405 ille
1774 2364 1892 2414 ens,
1924 2360 2119 2405 caetera

546 2472 652 2509 non
700 2456 807 2508 sint
858 2448 1023 2504 entia.
1089 2444 1216 2499 Haec
1268 2446 1333 2499 de
1363 2442 1628 2511 sapientia
1684 2450 1738 2494 et
1771 2440 2035 2507 bonitate,
2068 2449 2119 2494 et

544 2544 839 2617 generatim
873 2544 938 2596 de
970 2540 1224 2594 munibus
1274 2551 1393 2604 qua:
1419 2537 1564 2589 circa
1596 2534 1764 2587 Deum
1801 2537 1883 2587 vel
1911 2534 1980 2588 de
2012 2535 2122 2589 Deo

545 2642 822 2698 dicuntur,
888 2632 1166 2692 sentiens.
1226 2629 1420 2682 bonam
1471 2637 1526 2680 et
1571 2625 1777 2680 sanctis
1823 2638 2121 2679 consonam

545 2725 889 2795 protiteheris
914 2721 1267 2785 theologiam.
1298 2718 1393 2774 Est
1417 2730 1599 2772 autem
1626 2726 1677 2771 et
1700 2717 1899 2772 dicitur
1927 2726 2124 2772 natura

544 2819 754 2874 entium
788 2815 1032 2872 omnium
1057 2812 1220 2878 Deus,
1253 2813 1377 2881 quia
1407 2820 1603 2865 cuncta
1634 2826 1756 2866 eum
1777 2810 2121 2881 participant,

553 2922 608 2968 et
655 2909 1073 2982 participatione
1112 2906 1212 2961 hac
1257 2906 1602 2970 subsistunt;
1658 2919 1767 2957 non
1829 2905 2124 2973 participa-

546 3008 694 3059 tione
724 3003 945 3073 quidem
972 3010 1177 3055 naturae
1202 2997 1364 3064 illius,
1393 2997 1561 3051 absit!
1593 2997 1686 3050 sed
1711 2994 2125 3065 participatione

2227 527 2323 583 τοῦ
2350 526 2571 599 πρώτου
2601 528 2777 596 φωτὸς
2809 527 3220 596 ἀπαυγάσματα
3248 527 3305 579 αἱ
3334 527 3520 597 νοεραὶ
3545 527 3794 598 δυνάμεις

2226 621 2321 673 καὶ
2358 620 2428 673 τὰ
2462 617 2813 689 λειτουργικὰ
2858 616 3181 687 πνεύματα”
3214 617 3309 670 καὶ
3348 618 3540 690 πρώτη
3568 621 3794 687 φωτεινή

2226 712 2406 783 φύσὶς,
2440 711 2579 782 μετά
2608 710 2708 780 τὴν
2761 709 3008 781 πρώτην,
3055 709 3134 778 τῷ
3179 709 3393 763 ἐκεῖθεν
3431 711 3793 780 αὐγάζεσθαν

2225 810 2320 860 καὶ
2349 806 2601 876 δεύτερον
2632 805 2747 874 φῶς
2778 806 3028 874 ἄγγελος,
3052 805 3146 857 τοῦ
3179 803 3395 875 πρώτου
3424 807 3605 875 φωτὸς
3630 808 3798 879 ἀπορο

2225 901 2321 968 ροή
2354 915 2458 963 τις,
2501 898 2534 969 ἢ
2572 897 2853 968 μετουσία.
2898 896 3010 949 Καὶ
3049 897 3325 962 κυκλικῶς
3356 901 3405 951 οἱ
3452 899 3587 952 θεῖοι
3621 900 3797 954 κινού-

2239 1006 2392 1056 μενοι
2415 989 2557 1055 νόες,
2591 987 2836 1043 ἐνοῦνται
2871 989 2989 1052 ταῖς
3014 989 3270 1062 ἀνάρχοις
3298 991 3393 1044 καὶ
3429 992 3797 1063 ἀτελευτήτοις

2222 1080 2520 1151 ἐλλάμψεσι
2557 1079 2652 1135 τοῦ
2704 1081 2871 1135 καλοῦ
2916 1083 3011 1135 καὶ
3050 1081 3279 1151 ἀγαθοῦ.
3316 1084 3442 1147 Τοῖς
3474 1084 3583 1155 γάρ
3616 1085 3799 1151 ἀϊδίοις

2224 1172 2388 1234 αὐτὸς
2430 1174 2457 1226 ὁ
2496 1172 2629 1235 Θεός
2671 1175 2786 1226 ἐστι
2818 1173 2956 1241 φῶς,
2998 1175 3094 1227 καὶ
3145 1174 3247 1229 οὑκ
3290 1174 3453 1229 ἄλλο·
3494 1179 3591 1230 καὶ
3623 1178 3652 1229 ὃ
3696 1181 3799 1241 τοῖς

2225 1263 2503 1334 αἰσθητοῖς
2534 1264 2704 1335 ἥλιος,
2739 1263 2899 1318 τοῦτο
2934 1267 3048 1329 τοῖς
3086 1268 3296 1334 νοητοῖς
3323 1267 3454 1330 Θεός
3476 1285 3491 1299 ·
3524 1269 3619 1321 καὶ
3645 1270 3798 1337 αὑτός

2223 1354 2339 1405 ἐστι
2371 1351 2431 1404 τὸ
2454 1351 2635 1422 πάσης
2660 1352 2762 1423 τῆς
2794 1352 3021 1423 λογικῆς
3047 1353 3263 1421 φύσεως
3293 1356 3627 1422 φωτιστικδν
3659 1358 3798 1427 πρῶ·
3885 1413 3897 1422 ο

2221 1461 2311 1497 τον
2350 1445 2442 1497 καὶ
2479 1444 2779 1514 ἀκρότατον
2805 1445 2942 1515 φῶς.
2988 1465 3006 1497 ‹
3028 1446 3151 1500 Κᾶν
3177 1445 3270 1501 τοῦ
3308 1448 3591 1519 προφήτου
3625 1449 3799 1517 λέγον-

2222 1553 2312 1600 τος
2334 1536 2593 1607 ἀκούσῃς,
2615 1540 2643 1591 ό
2673 1538 3052 1609 Χρυσόστομός
3079 1556 3211 1609 φησι
3240 1541 3455 1610 Πατήρ·
3482 1560 3500 1591 ι
3539 1537 3697 1595 Εἶδον
3713 1542 3797 1596 τὸν

2222 1626 2424 1698 Κύριον
2468 1626 2775 1697 καθήμενον
2818 1629 2909 1681 ἐπὶ
2942 1627 3164 1699 θρόνουο
3203 1649 3222 1681 ι
3261 1630 3334 1701 μὴ
3356 1630 3513 1685 τοῦτο
3535 1631 3799 1686 ὑποπτεύ-

2228 1736 2345 1793 σῃς,
2381 1722 2462 1774 ὅτι
2493 1720 2591 1791 τὴν
2626 1719 2816 1774 οὐσίαν
2851 1716 2990 1775 εἶδεν
3015 1722 3253 1791 ἐκείνην,
3289 1722 3426 1776 ἀλλὰ
3459 1723 3559 1795 τὴν
3604 1741 3797 1792 συγκαο

2220 1811 2479 1866 τάὸασιν·
2514 1812 2608 1865 καὶ
2645 1813 2850 1883 ταύτην
2911 1813 2967 1867 δὲ
3020 1814 3389 1886 ἀμυδρότερον
3417 1815 3564 1888 ἢπερ
3610 1819 3667 1870 αἱ
3695 1818 3798 1873 ἀνω

2221 1902 2356 1955 δυνά
2362 1919 2501 1971 μεις.

2292 2000 2393 2065 οη².
2433 1994 2588 2047 Πᾶσα
2617 1992 2778 2061 φύσις
2829 1992 2907 2056 ὡς
2936 1993 3275 2064 πορρωτάτω
3303 1995 3439 2059 ἐστὶ,
3470 1996 3565 2050 καὶ
3600 1996 3798 2051 παντά-

2225 2102 2360 2138 πασι
2390 2084 2512 2154 ξένη
2552 2088 2650 2154 τῆς
2688 2083 2841 2148 θείας
2876 2085 3113 2153 φύσεως.
3158 2087 3221 2140 Et
3248 2087 3356 2157 γὰρ
3396 2088 3425 2141 ὀ
3454 2088 3590 2153 Θεὸς
3625 2092 3794 2159 φύσις,

2223 2177 2391 2231 τᾶλλα
2410 2179 2511 2231 οὐκ
2540 2176 2654 2231 ἐστι
2683 2177 2844 2246 φύσις
2866 2196 2878 2208 ι
2905 2180 2953 2232 εί
2986 2179 3045 2232 δὲ
3089 2180 3200 2233 τῶν
3239 2167 3416 2238 ἄλλων
3443 2182 3678 2238 ἕκαστον
3702 2186 3794 2254 φύ-

2229 2286 2335 2331 σις,
2370 2271 2579 2332 ἐκεῖνος
2622 2270 2722 2323 οὐκ
2774 2269 2891 2324 ἔστι
2938 2269 3131 2339 φύσιςο
3170 2270 3246 2334 ὡς
3275 2272 3397 2325 οὐδὲ
3442 2275 3502 2327 όν
3547 2276 3717 2340 ἐστιν,
3753 2277 3798 2329 εί

2223 2360 2390 2414 τᾶλλα
2424 2360 2554 2416 ὅντα
2585 2361 2754 2415 ἐστίν.
2782 2360 2846 2414 Ei
2875 2361 2919 2415 δ’
2952 2362 3100 2415 ἐστιν
3131 2363 3342 2427 ἐκεῖνος
3374 2363 3470 2432 ὢν,
3503 2367 3676 2421 τᾶλλα
3705 2368 3797 2422 οὐκ

2225 2450 2372 2504 ἔστιν
2410 2451 2560 2508 ὄντα.
2593 2452 2765 2506 Τοῦτο
2807 2453 2944 2506 κάπὶ
2973 2456 3071 2525 τῆς
3098 2455 3291 2524 σοφίας
3322 2456 3417 2510 καὶ
3464 2459 3564 2527 τῆς
3614 2460 3799 2527 ἀγαθόο

2224 2563 2408 2615 τητος,
2446 2548 2538 2601 καὶ
2566 2547 2756 2613 ἁπλῶς
2789 2548 2882 2602 ἐπὶ
2910 2549 3126 2603 πάντων
3147 2548 3259 2602 τῶν
3282 2552 3411 2619 περὶ
3435 2550 3592 2618 Θεὸν,
3629 2552 3799 2623 ἢπερὶ

2226 2638 2363 2691 Θεοῦ
2417 2640 2730 2709 λεγομένων
2763 2639 3074 2708 λαμϐάνων,
3120 2638 3302 2704 καλῶς
3333 2640 3428 2694 καὶ
3471 2645 3587 2705 τοῖς
3636 2643 3799 2711 ἁγίοις

2227 2728 2539 2791 ἀκολούθως
2571 2728 2937 2802 θεολογήσεις.
2975 2728 3131 2782 Ἔστι
3161 2730 3219 2783 δὲ
3257 2731 3352 2785 καὶ
3383 2730 3602 2800 λέγεται
3651 2733 3800 2803 φύσις

2227 2820 2336 2873 τῶν
2393 2820 2568 2875 ὄντων
2600 2821 2818 2874 πάντων
2849 2821 2877 2873 ό
2917 2820 3068 2885 Θεὸς,
3111 2820 3188 2884 ὡς
3222 2821 3388 2876 αὐτοῦ
3427 2824 3650 2878 πάντων
3685 2842 3800 2895 μετ-

2232 2913 2488 2981 εχόντων,
2522 2913 2618 2965 καὶ
2645 2913 2711 2983 τῇ
2751 2910 2965 2982 μεθέξει
2993 2912 3184 2966 τούτου
3232 2913 3585 2968 συνεστώτων
3604 2932 3620 2946 ·
3656 2918 3712 2971 οὐ
3740 2918 3797 2987 τῇ

2234 3002 2453 3072 μεθέξει
2481 3005 2582 3072 τῆς
2605 3002 2771 3057 αὑτοῦ
2807 3002 3044 3070 φύσεως,
3075 3004 3291 3070 ἀπαγεί
3331 3003 3466 3058 ἀλλά
3496 3008 3560 3076 τῇ
3599 3006 3800 3076 μεθέξει

544 3098 664 3166 ejus
703 3092 1053 3163 Operationis.
1090 3090 1183 3144 Sic
1233 3088 1376 3142 enim
1405 3097 1487 3143 est
1521 3089 1699 3156 ipsum
1733 3100 1857 3141 esse
1887 3087 2118 3150 cntium,

2230 3097 2330 3164 τῆς
2388 3093 2556 3148 αὐτοῦ
2612 3094 2911 3164 ἐνεργείας.
2948 3093 3105 3147 Οὕτω
3135 3095 3244 3165 γάρ
3294 3096 3386 3149 καὶ
3427 3097 3657 3167 όντὸτης
3696 3097 3802 3150 ἐστὶ

544 3199 599 3241 ιιι
625 3187 797 3241 forma
860 3188 1155 3237 torm:.rum
1215 3178 1372 3248 quasi
1411 3180 1729 3248 archetypa,
1765 3187 1821 3232 et
1852 3177 2119 3247 sapientia

546 3279 894 3350 Snpicnzium,
939 3287 994 3331 et
1047 3273 1346 3345 generatim
1394 3272 1577 3328 omnia
1632 3273 1685 3326 in
1708 3273 1981 3329 omnibus.
2010 3269 2121 3326 Nec

544 3384 630 3427 est
657 3383 872 3436 natura,
920 3381 1174 3435 tanquam
1223 3379 1387 3434 supra
1446 3378 1660 3417 onmem
1702 3372 1991 3430 naturam;
2022 3378 2121 3419 nec

544 3478 626 3520 est
657 3481 778 3527 eus,
832 3474 1088 3532 tanquam
1138 3474 1300 3528 supra
1352 3458 1535 3514 omnia
1581 3457 1766 3519 entia;
1815 3471 1915 3510 nec
1950 3456 2121 3510 forma

548 3570 653 3624 cst,
687 3572 792 3612 nec
845 3555 1073 3610 formam
1102 3551 1286 3617 habet,
1322 3560 1572 3617 tanquam
1612 3550 1657 3607 sl
1691 3562 1856 3616 supra
1888 3546 2120 3601 formam

547 3662 638 3705 sit.
669 3645 953 3715 Quomodo
989 3643 1154 3712 igitur
1180 3656 1282 3694 nos
1323 3654 1489 3709 prope
1527 3637 1691 3691 Deum
1725 3636 1951 3691 fiamus?
1981 3636 2121 3691 Num

549 3746 614 3793 ad
651 3750 894 3792 naturam
914 3736 1031 3802 ejus
1057 3733 1556 3801 appropinquantes
1575 3725 1600 3782 ’ἱ
1617 3729 1721 3783 Sed
1748 3738 2122 3784 creaturarum

548 3846 615 3883 ne
644 3842 748 3882 una
773 3825 987 3895 quidem
1031 3824 1196 3877 uilam
1240 3821 1400 3875 habet
1439 3820 1989 3875 communicationem
2032 3833 2127 3874 aut

549 3919 869 3973 allinitatem
923 3931 1047 3971 cum
1079 3927 1335 3979 suprema
1375 3922 1593 3966 natura.
1649 3910 1705 3965 Si
1735 3913 1857 3982 quis
1901 3928 2029 3983 ergo
2058 3916 2124 3966 ad

551 4012 719 4067 Deum
744 4010 970 4072 accedit,
1000 4005 1319 4078 operatione
1378 4021 1598 4073 prorsus
1631 4006 1679 4058 ei
1705 4006 2123 4077 appropinquat.

549 4104 830 4170 Quomodo
885 4099 1086 4169 igitur?
1121 4097 1190 4153 Ut
1237 4098 1379 4153 hanc
1412 4098 1710 4168 participas
1760 4097 2127 4151 naturaliter?

549 4196 654 4248 Sed
696 4193 747 4247 id
782 4207 1073 4248 conunune
1101 4199 1185 4246 est
1215 4191 1467 4246 omnibus
1516 4191 1803 4245 creaturis.
1846 4190 1986 4260 Ergo
2017 4206 2125 4245 non

550 4302 647 4356 pt‘l‘
672 4285 995 4339 naturaliter
1019 4284 1202 4349 insita,
1231 4287 1326 4338 sed
1369 4298 1464 4350 per
1498 4284 1668 4339 libere
1704 4285 1845 4336 facta
1897 4286 2127 4353 propior

550 4379 675 4447 quis
726 4374 833 4430 Deo
863 4376 946 4429 vel
988 4377 1055 4429 ab
1108 4390 1173 4428 eo
1208 4376 1467 4429 remotior
1504 4374 1601 4441 ﬁt;
1660 4375 1911 4429 libertate
1946 4356 2123 4429 autem

552 4468 836 4522 rationalia
892 4477 1096 4519 tantum
1150 4465 1410 4534 gaudent.
1479 4466 1670 4532 Itaque
1722 4467 1866 4519 inter
1914 4465 2125 4535 otnnia,

554 4564 667 4616 inec
707 4569 915 4613 tantum
945 4566 1037 4610 aut
1064 4556 1251 4626 procul
1283 4566 1376 4609 aut
1409 4573 1571 4625 prope
1616 4557 1745 4610 ﬁunt
1769 4574 1895 4627 erga
1935 4561 2123 4623 Deum,

553 4669 674 4719 quae
716 4652 914 4705 virtute
967 4660 1060 4703 aut
1106 4646 1342 4715 nequitia
1389 4649 1502 4702 sive
1536 4649 1796 4703 aeccdunt
1828 4652 1946 4704 sive
1978 4667 2129 4705 rece-

553 4743 724 4796 dunt!
770 4739 834 4793 Et
865 4739 1091 4809 proinde
1137 4737 1304 4791 etiam
1339 4737 1454 4791 haec
1486 4748 1692 4790 tantum
1747 4741 1966 4807 capacia
2002 4751 2127 4794 sunt

555 4833 830 4889 lolicitatis
890 4842 984 4886 aut
1014 4830 1372 4886 infelicitatis.
1427 4832 1497 4884 At
1528 4846 1629 4885 nos
1669 4830 1978 4886 felicitatem
2011 4842 2126 4887 stu-

556 4929 781 4979 deamus
818 4925 1097 4993 consequi.

628 5016 716 5070 79.
745 5016 875 5069 Aliae
901 5017 967 5070 ab
992 5016 1114 5069 aiiis
1145 5015 1457 5071 dim-rentes
1491 5023 1775 5084 creatura},
1820 5017 1901 5071 vel
1936 5025 2128 5073 natura

562 5109 671 5161 Irco
696 5105 902 5168 amnes,
936 5106 1017 5159 vel
1044 5105 1232 5158 alienze
1257 5107 1325 5159 ab
1360 5122 1427 5159 eo
1449 5105 1724 5161 dicuntur.
1750 5106 1949 5162 Amnes
1982 5112 2126 5162 enim

557 5195 778 5249 «lcitatis
807 5202 1067 5247 vocantur
1098 5203 1303 5247 natura:
1347 5195 1742 5249 intcliectuales
1771 5206 1824 5249 et
1852 5197 2127 5253 intellectu

559 5289 676 5344 solo
707 5294 1007 5356 percepta;
1039 5286 1228 5340 alienae
1259 5301 1385 5341 vero
1416 5302 1659 5354 prorsus,
1690 5303 1808 5356 qua:
1832 5300 1958 5344 sum
1997 5307 2126 5346 se"-

561 5380 780 5443 sibilos;
814 5388 868 5432 et
897 5367 981 5431 his
1012 5377 1141 5447 ipsis
1188 5380 1367 5435 adhuc
1398 5381 1733 5445 remotiores,
1766 5399 1882 5452 qua:
1907 5385 2131 5440 omnino

562 5471 873 5523 inanimata:
908 5477 964 5523 et
1016 5469 1321 5524 inunobilcs
1386 5481 1530 5527 sunt.
1571 5472 1915 5541 Coum-arata:
1964 5476 2129 5544 igitur

560 5562 661 5616 sibi
721 5564 949 5616 invicem
1008 5574 1298 5629 creatum,
1353 5564 1559 5619 similes
1628 5564 1734 5621 Deo
1791 5579 2006 5633 natura,
2044 5571 2126 5622 vel

639 5744 684 5776 “
709 5748 809 5803 lsa.
840 5764 914 5817 v1,
955 5749 1001 5803 ι.

2230 3186 2339 3240 τῶν
2366 3186 2559 3253 ὄντων,
2588 3187 2684 3240 καὶ
2714 3184 2853 3249 εἶδος
2899 3189 2957 3240 ἐν
2986 3188 3100 3249 τοῖς
3142 3187 3339 3240 εἴδεσιν
3369 3187 3445 3250 ὡς
3498 3189 3799 3260 είδεὰρχης,

2231 3278 2326 3331 καὶ
2365 3277 2530 3347 σοφία
2561 3278 2671 3331 τῶν
2727 3276 3122 3347 σοφιζομένων,
3156 3278 3250 3331 καὶ
3281 3277 3470 3341 ἁπλῶς
3519 3280 3589 3333 τὰ
3641 3280 3804 3334 πάντα

2234 3370 2485 3424 πάντων’
2514 3370 2606 3423 καὶ
2637 3370 2737 3424 οὐκ
2781 3370 2855 3423 ὢν
2896 3369 3078 3438 φύσις,
3110 3370 3187 3434 ὡς
3232 3370 3371 3441 ὑπὲρ
3403 3373 3585 3425 πᾶσαν
3617 3371 3799 3441 φύσιν·

2232 3466 2326 3519 καὶ
2351 3466 2452 3519 οὐκ
2480 3464 2556 3518 ὢν
2589 3465 2684 3528 ὣν,
2714 3466 2790 3528 ὡς
2821 3465 2962 3535 ὑπὲρ
2996 3465 3176 3518 πάντα
3207 3464 3275 3518 τὰ
3297 3466 3427 3518 ὅντα
3446 3483 3460 3497 ·
3493 3467 3590 3520 καὶ
3620 3467 3718 3520 οὐκ
3736 3464 3803 3518 ῶν

2232 3556 2341 3609 οὐδ’
2371 3558 2513 3626 ἔχων
2554 3553 2711 3619 εἶδος.
2737 3555 2813 3618 ὡς
2852 3556 2994 3624 ὑπὲρ
3041 3550 3179 3619 εἶδος
3207 3553 3305 3610 ὢν.
3343 3556 3468 3619 Πῶς
3509 3555 3608 3625 οῦν
3653 3559 3806 3627 ἡμεῖς

2234 3647 2462 3715 πλησίον
2488 3646 2583 3699 τοῦ
2605 3645 2740 3698 Θεοῦ
2770 3645 3092 3715 γενῶμεθα;
3118 3643 3264 3716 Ἀρά
3293 3648 3358 3717 τῇ
3390 3645 3550 3713 φύσει
3578 3647 3806 3715 πλησιά-

2235 3740 2418 3803 ζοντες
2450 3738 2649 3804 αὐτοῦ;
2690 3737 2804 3791 ἀλλ’
2835 3737 2955 3790 οὐδὲ
2991 3730 3118 3807 μίαν
3163 3738 3276 3807 ἔχει
3305 3738 3336 3808 ἢ
3372 3739 3481 3803 ἕξει
3530 3741 3806 3792 κοινωνίαν

2236 3832 2268 3900 ἢ
2308 3831 2590 3900 ἐγγύτητα
2622 3829 2757 3899 πρὸς
2786 3829 2885 3899 τὴν
2914 3830 3173 3883 ἀνωτάτω
3212 3830 3396 3898 φύσιν,
3433 3830 3543 3885 τῶν
3582 3831 3805 3885 κτιστιὶιν

2200 3990 2211 4001 θ
2234 3920 2493 3974 ἁπάντων
2527 3919 2646 3971 οὐδὲ
2678 3918 2758 3973 ἓν.
2789 3918 2963 3991 Εἴπερ
2998 3916 3092 3973 οὖν
3125 3936 3208 3983 τις
3232 3920 3424 3988 γέγονε
3461 3921 3693 3989 πλησίον
3721 3919 3805 3973 τοῦ

2235 4009 2393 4072 Θεοῦ,
2422 4012 2487 4081 τῇ
2524 4010 2774 4081 ἐνεργείᾳ
2820 4009 3038 4074 πάντως
3088 4011 3419 4081 ἐπλησίασεν
3452 4012 3649 4067 αὐτοῦ.
3696 4012 3805 4073 Πῶς

2236 4100 2361 4160 οῦν;
2420 4100 2508 4164 ὐς
2573 4099 2819 4170 μετέχων
2871 4100 3088 4171 ἐκείνης
3133 4099 3411 4168 φυσικῶ;;
3468 4099 3613 4153 ἀλλᾶ
3664 4099 3808 4152 τοῦτο

2237 4194 2415 4244 κοινόν
2442 4192 2556 4243 ἐστι
2594 4189 2812 4244 πάντων
2840 4188 2949 4243 τῶν
2993 4191 3334 4258 κτισμάτων.
3369 4188 3578 4242 Οὐκοῦν
3618 4191 3679 4241 ού
3706 4189 3806 4250 τοῖς

2238 4283 2300 4332 ἐκ
2345 4279 2561 4349 φύσεως
2618 4279 2937 4349 προσοῦσιν,
2978 4279 3114 4334 ἀλλά
3150 4280 3262 4342 τοῖς
3311 4281 3377 4331 ἐκ
3440 4279 3806 4350 προαιρέσεως

2239 4377 2719 4446 προσγινομένοις,
2745 4375 2976 4447 πλησίον
3003 4393 3089 4438 τις
3115 4376 3148 4447 ἢ
3177 4375 3397 4445 μακρὰν
3424 4374 3640 4441 γίνεται
3660 4369 3804 4426 Θεοῦ·

2238 4466 2555 4537 προαίρεσις
2585 4466 2641 4518 δὲ
2686 4466 2847 4535 μόνον
2887 4465 2997 4518 τῶν
3041 4464 3275 4534 λογικῶν
3306 4466 3449 4518 ἐστι.
3501 4464 3691 4516 Ταῦτα
3726 4456 3808 4514 οὖν

2238 4558 2374 4626 μόνα
2398 4557 2506 4610 τῶν
2532 4557 2707 4611 ἄλλων
2738 4556 3019 4622 ἁπάντων,
3045 4558 3076 4626 ἢ
3113 4555 3329 4626 μακρὰν
3353 4554 3386 4626 ἦ
3413 4556 3583 4621 ἐγγὺς
3612 4555 3809 4622 γίνεται
3858 4558 3885 4633 ’θ

2234 4646 2371 4702 Θεοῦ
2393 4666 2405 4680 ·
2440 4648 2505 4701 δι’
2537 4649 2738 4719 ἀρετῆς
2770 4648 2802 4719 ἥ
2843 4649 3064 4713 κακίας,
3093 4648 3126 4717 ἢ
3153 4645 3444 4714 ἐγγίζοντα
3471 4646 3504 4719 ἢ
3540 4642 3808 4714 μακρυνό-
3840 4637 3867 4707 '_

2239 4756 2398 4809 μενα.
2448 4740 2634 4792 Ταῦτα
2705 4738 2997 4809 τοιγαροῦν
3055 4738 3196 4810 μόνα
3249 4738 3343 4790 καὶ
3392 4738 3618 4791 δεκτικά
3670 4738 3806 4788 ἐστιν

2237 4828 2551 4898 ἀθλιότητος
2584 4830 2614 4898 ἢ
2654 4829 3080 4898 μακαριότητος.
3121 4828 3262 4881 Ἀλλ’
3300 4829 3463 4897 ἡμεῖς
3490 4828 3807 4897 σπεύσωμεν

2235 4918 2334 4987 τῆς
2368 4920 2769 4988 μακαριότητος
2793 4919 3170 4972 ἐπιλαϐέσθαι.

2310 5006 2408 5063 οϐ’.
2455 5008 2616 5061 Ἀλλο
2670 5012 2769 5078 μὲν
2813 5010 2949 5080 πρὸς
2999 5010 3128 5063 ἄλλο
3178 5009 3285 5061 τῶν
3325 5010 3640 5079 κτισμάτων
3683 5023 3806 5074 συγε

2237 5101 2581 5170 κρινόμενον,
2616 5101 2814 5154 οἰκεῖον
2848 5100 2984 5153 Θεοῦ
3025 5102 3165 5154 κατά
3196 5100 3379 5169 φύσιν,
3413 5101 3446 5170 ἢ
3479 5101 3628 5166 ξένον
3659 5101 3806 5166 λέγε-

2237 5211 2347 5249 ται.
2381 5194 2596 5247 Οἰκείον
2640 5192 2739 5261 μὲν
2762 5191 2893 5261 γάρ,
2918 5193 3073 5262 φησὶ,
3105 5192 3375 5262 θεότητος,
3402 5193 3458 5244 αἱ
3492 5192 3676 5260 νοεραὶ
3709 5188 3805 5258 φύ-

2241 5303 2380 5350 σεις,
2411 5284 2507 5338 καὶ
2529 5284 2604 5355 νῷ
2630 5284 2776 5353 μόνῳ
2797 5284 2998 5352 ληπταί
3018 5300 3032 5315 ο
3065 5283 3211 5349 ξένον
3226 5283 3281 5335 δὲ
3297 5274 3668 5345 παντάπασιν,
3690 5283 3805 5334 ὅσαι

2240 5378 2345 5430 ὑπὸ
2365 5376 2463 5447 τὴν
2488 5375 2740 5444 αἴσθησιν
2759 5392 2772 5405 ·
2799 5377 2892 5428 καὶ
2914 5374 3119 5452 τούτων
3139 5376 3316 5429 αὐτῶν
3337 5376 3421 5429 ἔτι
3453 5373 3802 5445 πορρωτέρω.

2240 5469 2368 5522 ὅσαι
2409 5466 2687 5529 παντελῶς
2716 5466 2912 5536 ἄψυχοι
2964 5466 3062 5519 καὶ
3111 5466 3378 5537 ἀκίνητοι.
3421 5468 3562 5537 Πρὸς
3602 5463 3803 5531 ἄλληλα

2240 5560 2420 5613 τοίνυν
2448 5560 2512 5612 τὰ
2543 5557 2813 5627 κτίσματα
2848 5558 3266 5629 συγκρινόμενα,
3309 5559 3486 5612 οἰκεῖα
3510 5556 3629 5626 Θεῷ
3668 5553 3803 5606 κατὰ

3639 323 3772 386 mn
3870 391 3883 407 ,
