  <div class='ocr_page' id='page_1' title='image "/cluster/home/n/w/nwhite01/storage/ocr_20150623/150/mdp.39015078384743/596.png"; bbox 0 0 4074 6322; ppageno 0'>
   <div class='ocr_carea' id='block_1_1' title="bbox 413 291 547 357">
    <p class='ocr_par' dir='ltr' id='par_1_1' title="bbox 413 291 547 357">
     <span class='ocr_line' id='line_1_1' title="bbox 413 291 547 357; baseline -0.022 -1"><span class='ocrx_word' id='word_1_1' title='bbox 413 291 547 357; x_wconf 71' lang='grc' dir='ltr'><strong>ΜΠ</strong></span> 
     </span>
    </p>
   </div>
   <div class='ocr_carea' id='block_1_2' title="bbox 1324 281 2756 352">
    <p class='ocr_par' dir='ltr' id='par_1_2' title="bbox 1324 281 2756 352">
     <span class='ocr_line' id='line_1_2' title="bbox 1324 281 2756 352; baseline 0.007 -13"><span class='ocrx_word' id='word_1_2' title='bbox 1324 281 1599 340; x_wconf 77' lang='lat' dir='ltr'><strong>CAFlTA</strong></span> <span class='ocrx_word' id='word_1_3' title='bbox 1640 281 1994 344; x_wconf 72' lang='lat' dir='ltr'><strong>PllYSICA.</strong></span> <span class='ocrx_word' id='word_1_4' title='bbox 2034 282 2552 352; x_wconf 79' lang='lat' dir='ltr'><strong>THEOLOGlCA,</strong></span> <span class='ocrx_word' id='word_1_5' title='bbox 2592 284 2756 350; x_wconf 75' lang='lat' dir='ltr'><strong>E&#39;I‘C.</strong></span> 
     </span>
    </p>
   </div>
   <div class='ocr_carea' id='block_1_3' title="bbox 3525 293 3665 357">
    <p class='ocr_par' dir='ltr' id='par_1_3' title="bbox 3525 293 3665 357">
     <span class='ocr_line' id='line_1_3' title="bbox 3525 293 3665 357; baseline 0 0"><span class='ocrx_word' id='word_1_6' title='bbox 3525 293 3665 357; x_wconf 76' lang='lat'><strong>1173</strong></span> 
     </span>
    </p>
   </div>
   <div class='ocr_carea' id='block_1_4' title="bbox 396 376 1964 464">
    <p class='ocr_par' dir='ltr' id='par_1_4' title="bbox 396 376 1962 461">
     <span class='ocr_line' id='line_1_4' title="bbox 396 376 1962 461; baseline 0.011 -32"><span class='ocrx_word' id='word_1_7' title='bbox 396 382 557 446; x_wconf 77' lang='grc' dir='ltr'>φύσιν</span> <span class='ocrx_word' id='word_1_8' title='bbox 576 378 611 451; x_wconf 82' lang='grc' dir='ltr'>ἢ</span> <span class='ocrx_word' id='word_1_9' title='bbox 631 376 756 442; x_wconf 82' lang='grc' dir='ltr'>ξένα</span> <span class='ocrx_word' id='word_1_10' title='bbox 774 376 1003 448; x_wconf 81' lang='grc' dir='ltr'>λέγεται·</span> <span class='ocrx_word' id='word_1_11' title='bbox 1021 383 1159 437; x_wconf 73' lang='grc' dir='ltr'>αὐτὰ</span> <span class='ocrx_word' id='word_1_12' title='bbox 1169 384 1226 438; x_wconf 83' lang='grc' dir='ltr'>δὲ</span> <span class='ocrx_word' id='word_1_13' title='bbox 1244 389 1362 439; x_wconf 68' lang='grc' dir='ltr'>καθ’</span> <span class='ocrx_word' id='word_1_14' title='bbox 1382 392 1523 443; x_wconf 80' lang='grc' dir='ltr'><strong>αὑτᾶ</strong></span> <span class='ocrx_word' id='word_1_15' title='bbox 1546 393 1706 461; x_wconf 80' lang='grc' dir='ltr'>φύσιν</span> <span class='ocrx_word' id='word_1_16' title='bbox 1722 396 1962 456; x_wconf 73' lang='grc' dir='ltr'>ἅπαντα,</span> 
     </span>
    </p>
   </div>
   <div class='ocr_carea' id='block_1_5' title="bbox 2067 376 3664 464">
    <p class='ocr_par' dir='ltr' id='par_1_5' title="bbox 2085 389 3664 464">
     <span class='ocr_line' id='line_1_5' title="bbox 2085 389 3664 464; baseline 0.006 -19"><span class='ocrx_word' id='word_1_17' title='bbox 2085 389 2378 445; x_wconf 82' lang='lat' dir='ltr'><strong>dissimiles</strong></span> <span class='ocrx_word' id='word_1_18' title='bbox 2407 390 2700 455; x_wconf 89' lang='lat' dir='ltr'><strong>dicuntur;</strong></span> <span class='ocrx_word' id='word_1_19' title='bbox 2734 391 2827 445; x_wconf 86' lang='lat' dir='ltr'><strong>sed</strong></span> <span class='ocrx_word' id='word_1_20' title='bbox 2860 391 2914 446; x_wconf 88' lang='lat' dir='ltr'><strong>itt</strong></span> <span class='ocrx_word' id='word_1_21' title='bbox 2947 393 3140 459; x_wconf 88' lang='lat' dir='ltr'><strong>seipsis</strong></span> <span class='ocrx_word' id='word_1_22' title='bbox 3167 405 3446 464; x_wconf 67' lang='lat' dir='ltr'><strong>spectatm.</strong></span> <span class='ocrx_word' id='word_1_23' title='bbox 3474 413 3664 454; x_wconf 81' lang='lat' dir='ltr'><strong>omnes</strong></span> 
     </span>
    </p>
   </div>
   <div class='ocr_carea' id='block_1_6' title="bbox 391 474 1968 566">
    <p class='ocr_par' dir='ltr' id='par_1_6' title="bbox 391 474 1968 566">
     <span class='ocr_line' id='line_1_6' title="bbox 391 474 1968 566; baseline 0.015 -40"><span class='ocrx_word' id='word_1_24' title='bbox 391 474 519 540; x_wconf 78' lang='grc' dir='ltr'>ξένα</span> <span class='ocrx_word' id='word_1_25' title='bbox 552 477 671 530; x_wconf 74' lang='grc' dir='ltr'>ἐστὶ</span> <span class='ocrx_word' id='word_1_26' title='bbox 691 477 849 532; x_wconf 79' lang='grc' dir='ltr'>Θεου.</span> <span class='ocrx_word' id='word_1_27' title='bbox 887 480 1054 533; x_wconf 87' lang='grc' dir='ltr'>Πλέον</span> <span class='ocrx_word' id='word_1_28' title='bbox 1078 481 1188 551; x_wconf 76' lang='grc' dir='ltr'><strong>γὰρ</strong></span> <span class='ocrx_word' id='word_1_29' title='bbox 1218 483 1331 536; x_wconf 77' lang='grc' dir='ltr'><strong>οὐδ’</strong></span> <span class='ocrx_word' id='word_1_30' title='bbox 1360 484 1484 538; x_wconf 86' lang='grc' dir='ltr'>ὅσον</span> <span class='ocrx_word' id='word_1_31' title='bbox 1536 489 1711 543; x_wconf 89' lang='grc' dir='ltr'>είπεῖν</span> <span class='ocrx_word' id='word_1_32' title='bbox 1736 495 1768 562; x_wconf 84' lang='grc' dir='ltr'><strong>ή</strong></span> <span class='ocrx_word' id='word_1_33' title='bbox 1806 495 1968 566; x_wconf 81' lang='grc' dir='ltr'>νοερὰ</span> 
     </span>
    </p>
   </div>
   <div class='ocr_carea' id='block_1_7' title="bbox 393 568 1968 646">
    <p class='ocr_par' dir='ltr' id='par_1_7' title="bbox 393 568 1968 646">
     <span class='ocr_line' id='line_1_7' title="bbox 393 568 1968 646; baseline 0.012 -25"><span class='ocrx_word' id='word_1_34' title='bbox 393 568 557 636; x_wconf 79' lang='grc' dir='ltr'>φύσις</span> <span class='ocrx_word' id='word_1_35' title='bbox 599 572 789 642; x_wconf 74' lang='grc' dir='ltr'>πόρρω</span> <span class='ocrx_word' id='word_1_36' title='bbox 819 572 936 624; x_wconf 79' lang='grc' dir='ltr'>ἐστὶ</span> <span class='ocrx_word' id='word_1_37' title='bbox 964 571 1124 636; x_wconf 86' lang='grc' dir='ltr'>Θεοῦ,</span> <span class='ocrx_word' id='word_1_38' title='bbox 1176 576 1209 646; x_wconf 77' lang='grc' dir='ltr'>ἦ</span> <span class='ocrx_word' id='word_1_39' title='bbox 1240 576 1364 628; x_wconf 82' lang='grc' dir='ltr'>ὅσον</span> <span class='ocrx_word' id='word_1_40' title='bbox 1396 578 1650 646; x_wconf 74' lang='grc' dir='ltr'>αἴσθησίς</span> <span class='ocrx_word' id='word_1_41' title='bbox 1674 599 1733 634; x_wconf 91' lang='grc' dir='ltr'><strong>τε</strong></span> <span class='ocrx_word' id='word_1_42' title='bbox 1773 585 1868 638; x_wconf 84' lang='grc' dir='ltr'>καὶ</span> <span class='ocrx_word' id='word_1_43' title='bbox 1899 586 1968 639; x_wconf 72' lang='grc' dir='ltr'><strong>τὰ</strong></span> 
     </span>
    </p>
   </div>
   <div class='ocr_carea' id='block_1_8' title="bbox 394 659 1968 738">
    <p class='ocr_par' dir='ltr' id='par_1_8' title="bbox 394 659 1968 738">
     <span class='ocr_line' id='line_1_8' title="bbox 394 659 1968 738; baseline 0.012 -28"><span class='ocrx_word' id='word_1_44' title='bbox 394 659 489 710; x_wconf 82' lang='grc' dir='ltr'><strong>ὑπ’</strong></span> <span class='ocrx_word' id='word_1_45' title='bbox 538 661 790 729; x_wconf 79' lang='grc' dir='ltr'>αἴσθησιν</span> <span class='ocrx_word' id='word_1_46' title='bbox 837 660 946 714; x_wconf 92' lang='grc' dir='ltr'><strong>τῶν</strong></span> <span class='ocrx_word' id='word_1_47' title='bbox 1005 664 1210 732; x_wconf 89' lang='grc' dir='ltr'>νοερῶν</span> <span class='ocrx_word' id='word_1_48' title='bbox 1266 667 1481 738; x_wconf 84' lang='grc' dir='ltr'>ἀπέχει.</span> <span class='ocrx_word' id='word_1_49' title='bbox 1533 671 1802 726; x_wconf 81' lang='grc' dir='ltr'><strong>Τοσοῦτον</strong></span> <span class='ocrx_word' id='word_1_50' title='bbox 1873 676 1968 730; x_wconf 81' lang='grc' dir='ltr'><strong>οὖν</strong></span> 
     </span>
    </p>
   </div>
   <div class='ocr_carea' id='block_1_9' title="bbox 399 751 1966 832">
    <p class='ocr_par' dir='ltr' id='par_1_9' title="bbox 399 751 1966 832">
     <span class='ocr_line' id='line_1_9' title="bbox 399 751 1966 832; baseline 0.013 -31"><span class='ocrx_word' id='word_1_51' title='bbox 399 751 698 821; x_wconf 82' lang='grc' dir='ltr'><strong>ἀπέχοντες</strong></span> <span class='ocrx_word' id='word_1_52' title='bbox 745 757 809 824; x_wconf 80' lang='grc' dir='ltr'><strong>τῇ</strong></span> <span class='ocrx_word' id='word_1_53' title='bbox 864 754 985 807; x_wconf 76' lang='grc' dir='ltr'>καθ’</span> <span class='ocrx_word' id='word_1_54' title='bbox 1019 757 1169 826; x_wconf 82' lang='grc' dir='ltr'>ἡμᾶς</span> <span class='ocrx_word' id='word_1_55' title='bbox 1219 758 1378 827; x_wconf 82' lang='grc' dir='ltr'>φύσει</span> <span class='ocrx_word' id='word_1_56' title='bbox 1421 761 1517 813; x_wconf 89' lang='grc' dir='ltr'><strong>τοῦ</strong></span> <span class='ocrx_word' id='word_1_57' title='bbox 1548 762 1722 829; x_wconf 85' lang='grc' dir='ltr'>Θεοῦ,</span> <span class='ocrx_word' id='word_1_58' title='bbox 1775 767 1966 832; x_wconf 76' lang='grc' dir='ltr'>ὅντως,</span> 
     </span>
    </p>
   </div>
   <div class='ocr_carea' id='block_1_10' title="bbox 391 845 1968 929">
    <p class='ocr_par' dir='ltr' id='par_1_10' title="bbox 391 845 1968 929">
     <span class='ocr_line' id='line_1_10' title="bbox 391 845 1968 929; baseline 0.013 -35"><span class='ocrx_word' id='word_1_59' title='bbox 391 845 514 896; x_wconf 72' lang='grc' dir='ltr'><strong>οὐαὶ</strong></span> <span class='ocrx_word' id='word_1_60' title='bbox 548 848 697 914; x_wconf 81' lang='grc' dir='ltr'>ἡμῖν,</span> <span class='ocrx_word' id='word_1_61' title='bbox 725 848 774 899; x_wconf 82' lang='grc' dir='ltr'>εἰ</span> <span class='ocrx_word' id='word_1_62' title='bbox 814 847 890 917; x_wconf 78' lang='grc' dir='ltr'>μὴ</span> <span class='ocrx_word' id='word_1_63' title='bbox 912 848 1047 914; x_wconf 82' lang='grc' dir='ltr'>γοῦν</span> <span class='ocrx_word' id='word_1_64' title='bbox 1085 851 1150 903; x_wconf 79' lang='grc' dir='ltr'>ὲκ</span> <span class='ocrx_word' id='word_1_65' title='bbox 1195 854 1568 923; x_wconf 78' lang='grc' dir='ltr'>προαιρέσεως</span> <span class='ocrx_word' id='word_1_66' title='bbox 1596 860 1860 929; x_wconf 78' lang='grc' dir='ltr'>χρηστῆς,</span> <span class='ocrx_word' id='word_1_67' title='bbox 1900 861 1968 914; x_wconf 81' lang='grc' dir='ltr'>δι’</span> 
     </span>
    </p>
   </div>
   <div class='ocr_carea' id='block_1_11' title="bbox 391 939 1965 1019">
    <p class='ocr_par' dir='ltr' id='par_1_11' title="bbox 391 939 1965 1019">
     <span class='ocr_line' id='line_1_11' title="bbox 391 939 1965 1019; baseline 0.011 -31"><span class='ocrx_word' id='word_1_68' title='bbox 391 939 568 1008; x_wconf 75' lang='grc' dir='ltr'>ἔργων</span> <span class='ocrx_word' id='word_1_69' title='bbox 598 939 691 992; x_wconf 72' lang='grc' dir='ltr'>καὶ</span> <span class='ocrx_word' id='word_1_70' title='bbox 713 939 934 1010; x_wconf 78' lang='grc' dir='ltr'>τρόπων</span> <span class='ocrx_word' id='word_1_71' title='bbox 974 942 1219 1010; x_wconf 81' lang='grc' dir='ltr'><strong>ἀγαθῶν,</strong></span> <span class='ocrx_word' id='word_1_72' title='bbox 1260 946 1428 1012; x_wconf 83' lang='grc' dir='ltr'>ἐγγὺς</span> <span class='ocrx_word' id='word_1_73' title='bbox 1461 948 1622 1001; x_wconf 76' lang='grc' dir='ltr'>αὐτοῦ</span> <span class='ocrx_word' id='word_1_74' title='bbox 1654 951 1965 1019; x_wconf 71' lang='grc' dir='ltr'>γενοίμεθα.</span> 
     </span>
    </p>
   </div>
   <div class='ocr_carea' id='block_1_12' title="bbox 461 1026 1966 1109">
    <p class='ocr_par' dir='ltr' id='par_1_12' title="bbox 461 1026 1966 1109">
     <span class='ocr_line' id='line_1_12' title="bbox 461 1026 1966 1109; baseline 0.009 -32"><span class='ocrx_word' id='word_1_75' title='bbox 461 1032 534 1078; x_wconf 84' lang='grc' dir='ltr'><strong>π’.</strong></span> <span class='ocrx_word' id='word_1_76' title='bbox 608 1026 669 1078; x_wconf 84' lang='grc' dir='ltr'>Ἠ</span> <span class='ocrx_word' id='word_1_77' title='bbox 724 1027 833 1081; x_wconf 84' lang='grc' dir='ltr'><strong>τῶν</strong></span> <span class='ocrx_word' id='word_1_78' title='bbox 882 1028 1044 1082; x_wconf 81' lang='grc' dir='ltr'>θείων</span> <span class='ocrx_word' id='word_1_79' title='bbox 1099 1031 1379 1101; x_wconf 80' lang='grc' dir='ltr'>Θεηγόρων</span> <span class='ocrx_word' id='word_1_80' title='bbox 1430 1034 1612 1096; x_wconf 73' lang='grc' dir='ltr'>ἔνθεος</span> <span class='ocrx_word' id='word_1_81' title='bbox 1662 1037 1756 1089; x_wconf 80' lang='grc' dir='ltr'>καὶ</span> <span class='ocrx_word' id='word_1_82' title='bbox 1814 1040 1966 1109; x_wconf 83' lang='grc' dir='ltr'>κοινὴ</span> 
     </span>
    </p>
   </div>
   <div class='ocr_carea' id='block_1_13' title="bbox 389 1115 1969 1197">
    <p class='ocr_par' dir='ltr' id='par_1_13' title="bbox 389 1115 1969 1197">
     <span class='ocr_line' id='line_1_13' title="bbox 389 1115 1969 1197; baseline 0.008 -31"><span class='ocrx_word' id='word_1_83' title='bbox 389 1115 633 1183; x_wconf 86' lang='grc' dir='ltr'>γλῶσσα,</span> <span class='ocrx_word' id='word_1_84' title='bbox 660 1118 1021 1187; x_wconf 77' lang='grc' dir='ltr'>Δαμασκηνὸς</span> <span class='ocrx_word' id='word_1_85' title='bbox 1053 1121 1083 1173; x_wconf 86' lang='grc' dir='ltr'>ὁ</span> <span class='ocrx_word' id='word_1_86' title='bbox 1110 1121 1368 1191; x_wconf 78' lang='grc' dir='ltr'>θεοφόρος</span> <span class='ocrx_word' id='word_1_87' title='bbox 1423 1124 1589 1191; x_wconf 80' lang='grc' dir='ltr'>φησὶν</span> <span class='ocrx_word' id='word_1_88' title='bbox 1629 1127 1688 1177; x_wconf 80' lang='grc' dir='ltr'>ἐν</span> <span class='ocrx_word' id='word_1_89' title='bbox 1732 1126 1969 1197; x_wconf 81' lang='grc' dir='ltr'><strong>δευτέρῳ</strong></span> 
     </span>
    </p>
   </div>
   <div class='ocr_carea' id='block_1_14' title="bbox 386 1207 1969 1290">
    <p class='ocr_par' dir='ltr' id='par_1_14' title="bbox 386 1207 1969 1290">
     <span class='ocr_line' id='line_1_14' title="bbox 386 1207 1969 1290; baseline 0.009 -31"><span class='ocrx_word' id='word_1_90' title='bbox 386 1207 498 1259; x_wconf 88' lang='grc' dir='ltr'><strong>τῶν</strong></span> <span class='ocrx_word' id='word_1_91' title='bbox 534 1209 861 1278; x_wconf 84' lang='grc' dir='ltr'>θεολογικῶν</span> <span class='ocrx_word' id='word_1_92' title='bbox 904 1211 1068 1264; x_wconf 80' lang='grc' dir='ltr'>αὑτοῦ</span> <span class='ocrx_word' id='word_1_93' title='bbox 1109 1213 1420 1280; x_wconf 72' lang='grc' dir='ltr'><strong>κεφαλαίων</strong></span> <span class='ocrx_word' id='word_1_94' title='bbox 1451 1228 1464 1243; x_wconf 82' lang='grc'><strong><em>⁸</em></strong></span> <span class='ocrx_word' id='word_1_95' title='bbox 1496 1234 1514 1266; x_wconf 78' lang='grc' dir='ltr'><strong>ι</strong></span> <span class='ocrx_word' id='word_1_96' title='bbox 1554 1217 1672 1286; x_wconf 85' lang='grc' dir='ltr'><strong>Χρὴ</strong></span> <span class='ocrx_word' id='word_1_97' title='bbox 1718 1219 1808 1271; x_wconf 77' lang='grc' dir='ltr'>τὸν</span> <span class='ocrx_word' id='word_1_98' title='bbox 1841 1222 1969 1290; x_wconf 72' lang='grc' dir='ltr'>περὶ</span> 
     </span>
    </p>
   </div>
   <div class='ocr_carea' id='block_1_15' title="bbox 388 1299 1966 1376">
    <p class='ocr_par' dir='ltr' id='par_1_15' title="bbox 388 1299 1966 1376">
     <span class='ocr_line' id='line_1_15' title="bbox 388 1299 1966 1376; baseline 0.008 -26"><span class='ocrx_word' id='word_1_99' title='bbox 388 1299 524 1352; x_wconf 49' lang='grc' dir='ltr'>Θηοῦ</span> <span class='ocrx_word' id='word_1_100' title='bbox 552 1317 605 1352; x_wconf 90' lang='grc' dir='ltr'><strong>τι</strong></span> <span class='ocrx_word' id='word_1_101' title='bbox 632 1301 813 1369; x_wconf 84' lang='grc' dir='ltr'>λέγειν</span> <span class='ocrx_word' id='word_1_102' title='bbox 841 1303 873 1374; x_wconf 81' lang='grc' dir='ltr'>ἢ</span> <span class='ocrx_word' id='word_1_103' title='bbox 907 1302 1125 1356; x_wconf 83' lang='grc' dir='ltr'>ἀκούειν</span> <span class='ocrx_word' id='word_1_104' title='bbox 1158 1304 1503 1373; x_wconf 81' lang='grc' dir='ltr'>βουλόμενον,</span> <span class='ocrx_word' id='word_1_105' title='bbox 1531 1308 1719 1376; x_wconf 83' lang='grc' dir='ltr'><strong>σαφῶς</strong></span> <span class='ocrx_word' id='word_1_106' title='bbox 1744 1310 1966 1374; x_wconf 85' lang='grc' dir='ltr'>εἰδέναι,</span> 
     </span>
    </p>
   </div>
   <div class='ocr_carea' id='block_1_16' title="bbox 389 1389 1968 1470">
    <p class='ocr_par' dir='ltr' id='par_1_16' title="bbox 389 1389 1968 1470">
     <span class='ocr_line' id='line_1_16' title="bbox 389 1389 1968 1470; baseline 0.009 -31"><span class='ocrx_word' id='word_1_107' title='bbox 389 1389 464 1451; x_wconf 81' lang='grc' dir='ltr'>ὡς</span> <span class='ocrx_word' id='word_1_108' title='bbox 503 1390 626 1441; x_wconf 79' lang='grc' dir='ltr'>οὐδὲ</span> <span class='ocrx_word' id='word_1_109' title='bbox 658 1391 836 1444; x_wconf 83' lang='grc' dir='ltr'>πάντα</span> <span class='ocrx_word' id='word_1_110' title='bbox 864 1391 1101 1461; x_wconf 65' lang='grc' dir='ltr'>ἄρρητα,</span> <span class='ocrx_word' id='word_1_111' title='bbox 1132 1392 1254 1444; x_wconf 80' lang='grc' dir='ltr'>οὐδὲ</span> <span class='ocrx_word' id='word_1_112' title='bbox 1290 1394 1469 1447; x_wconf 83' lang='grc' dir='ltr'>πάντα</span> <span class='ocrx_word' id='word_1_113' title='bbox 1495 1396 1656 1465; x_wconf 77' lang='grc' dir='ltr'>ῥητὰ,</span> <span class='ocrx_word' id='word_1_114' title='bbox 1684 1398 1753 1451; x_wconf 86' lang='grc' dir='ltr'>τά</span> <span class='ocrx_word' id='word_1_115' title='bbox 1779 1415 1838 1451; x_wconf 86' lang='grc' dir='ltr'><strong>τε</strong></span> <span class='ocrx_word' id='word_1_116' title='bbox 1871 1401 1968 1470; x_wconf 80' lang='grc' dir='ltr'>τῆς</span> 
     </span>
    </p>
   </div>
   <div class='ocr_carea' id='block_1_17' title="bbox 388 1480 1968 1558">
    <p class='ocr_par' dir='ltr' id='par_1_17' title="bbox 388 1480 1968 1558">
     <span class='ocr_line' id='line_1_17' title="bbox 388 1480 1968 1558; baseline 0.008 -26"><span class='ocrx_word' id='word_1_117' title='bbox 388 1480 690 1548; x_wconf 88' lang='grc' dir='ltr'>οεολογίας,</span> <span class='ocrx_word' id='word_1_118' title='bbox 734 1482 803 1535; x_wconf 84' lang='grc' dir='ltr'>τά</span> <span class='ocrx_word' id='word_1_119' title='bbox 847 1499 907 1535; x_wconf 82' lang='grc' dir='ltr'><strong>τε</strong></span> <span class='ocrx_word' id='word_1_120' title='bbox 954 1482 1057 1551; x_wconf 84' lang='grc' dir='ltr'>τῆς</span> <span class='ocrx_word' id='word_1_121' title='bbox 1094 1484 1448 1553; x_wconf 74' lang='grc' dir='ltr'>οἰκονομίαςο</span> <span class='ocrx_word' id='word_1_122' title='bbox 1481 1485 1605 1539; x_wconf 77' lang='grc' dir='ltr'>οὔτε</span> <span class='ocrx_word' id='word_1_123' title='bbox 1651 1488 1757 1558; x_wconf 81' lang='grc' dir='ltr'>μὴν</span> <span class='ocrx_word' id='word_1_124' title='bbox 1787 1491 1968 1544; x_wconf 87' lang='grc' dir='ltr'>πάντα</span> 
     </span>
    </p>
   </div>
   <div class='ocr_carea' id='block_1_18' title="bbox 386 1570 1968 1658">
    <p class='ocr_par' dir='ltr' id='par_1_18' title="bbox 386 1570 1968 1658">
     <span class='ocr_line' id='line_1_18' title="bbox 386 1570 1968 1658; baseline 0.009 -40"><span class='ocrx_word' id='word_1_125' title='bbox 386 1570 630 1637; x_wconf 82' lang='grc' dir='ltr'><strong>γνωστὰ,</strong></span> <span class='ocrx_word' id='word_1_126' title='bbox 671 1570 797 1623; x_wconf 79' lang='grc' dir='ltr'><strong>οὐδὲ</strong></span> <span class='ocrx_word' id='word_1_127' title='bbox 827 1571 1005 1624; x_wconf 81' lang='grc' dir='ltr'>πάντα</span> <span class='ocrx_word' id='word_1_128' title='bbox 1032 1570 1309 1639; x_wconf 75' lang='grc' dir='ltr'>ἄγνωστα.</span> <span class='ocrx_word' id='word_1_129' title='bbox 1347 1574 1520 1647; x_wconf 77' lang='grc' dir='ltr'>’Υπὲρ</span> <span class='ocrx_word' id='word_1_130' title='bbox 1548 1576 1705 1658; x_wconf 81' lang='grc' dir='ltr'>λόγον</span> <span class='ocrx_word' id='word_1_131' title='bbox 1733 1579 1780 1632; x_wconf 82' lang='grc' dir='ltr'>δ’</span> <span class='ocrx_word' id='word_1_132' title='bbox 1811 1580 1968 1649; x_wconf 85' lang='grc' dir='ltr'>ῐσμεν</span> 
     </span>
    </p>
   </div>
   <div class='ocr_carea' id='block_1_19' title="bbox 389 1662 1966 1732">
    <p class='ocr_par' dir='ltr' id='par_1_19' title="bbox 389 1662 1966 1732">
     <span class='ocr_line' id='line_1_19' title="bbox 389 1662 1966 1732; baseline 0.007 -19"><span class='ocrx_word' id='word_1_133' title='bbox 389 1662 484 1714; x_wconf 77' lang='grc' dir='ltr'>καὶ</span> <span class='ocrx_word' id='word_1_134' title='bbox 526 1663 626 1715; x_wconf 86' lang='grc' dir='ltr'>ὅσα</span> <span class='ocrx_word' id='word_1_135' title='bbox 676 1663 861 1730; x_wconf 86' lang='grc' dir='ltr'>λέγειν</span> <span class='ocrx_word' id='word_1_136' title='bbox 899 1666 1112 1731; x_wconf 75' lang='grc' dir='ltr'>ἐφεῖται</span> <span class='ocrx_word' id='word_1_137' title='bbox 1150 1665 1259 1717; x_wconf 88' lang='grc' dir='ltr'><strong>τῶν</strong></span> <span class='ocrx_word' id='word_1_138' title='bbox 1311 1665 1492 1732; x_wconf 86' lang='grc' dir='ltr'>Θείων,</span> <span class='ocrx_word' id='word_1_139' title='bbox 1523 1669 1598 1730; x_wconf 88' lang='grc' dir='ltr'>ὼς</span> <span class='ocrx_word' id='word_1_140' title='bbox 1642 1669 1739 1721; x_wconf 82' lang='grc' dir='ltr'>καὶ</span> <span class='ocrx_word' id='word_1_141' title='bbox 1789 1673 1966 1724; x_wconf 85' lang='grc' dir='ltr'>ταῦτα</span> 
     </span>
    </p>
   </div>
   <div class='ocr_carea' id='block_1_20' title="bbox 388 1751 1962 1826">
    <p class='ocr_par' dir='ltr' id='par_1_20' title="bbox 388 1751 1962 1826">
     <span class='ocr_line' id='line_1_20' title="bbox 388 1751 1962 1826; baseline 0.006 -22"><span class='ocrx_word' id='word_1_142' title='bbox 388 1751 511 1804; x_wconf 79' lang='grc' dir='ltr'>καθ’</span> <span class='ocrx_word' id='word_1_143' title='bbox 551 1753 891 1822; x_wconf 80' lang='grc' dir='ltr'>ὑπερέχοντα</span> <span class='ocrx_word' id='word_1_144' title='bbox 916 1754 1072 1821; x_wconf 87' lang='grc' dir='ltr'>λόγον</span> <span class='ocrx_word' id='word_1_145' title='bbox 1103 1753 1183 1813; x_wconf 84' lang='grc' dir='ltr'><strong>(οὐ</strong></span> <span class='ocrx_word' id='word_1_146' title='bbox 1223 1756 1333 1825; x_wconf 76' lang='grc' dir='ltr'><strong>γὰρ</strong></span> <span class='ocrx_word' id='word_1_147' title='bbox 1379 1756 1484 1822; x_wconf 79' lang='grc' dir='ltr'><strong>ἔξω</strong></span> <span class='ocrx_word' id='word_1_148' title='bbox 1521 1757 1683 1826; x_wconf 82' lang='grc' dir='ltr'>λόγου</span> <span class='ocrx_word' id='word_1_149' title='bbox 1723 1760 1844 1813; x_wconf 88' lang='grc' dir='ltr'>κατ’</span> <span class='ocrx_word' id='word_1_150' title='bbox 1874 1761 1962 1813; x_wconf 76' lang='grc' dir='ltr'><strong>ἕλ-</strong></span> 
     </span>
    </p>
   </div>
   <div class='ocr_carea' id='block_1_21' title="bbox 386 1841 1965 1922">
    <p class='ocr_par' dir='ltr' id='par_1_21' title="bbox 386 1841 1965 1922">
     <span class='ocr_line' id='line_1_21' title="bbox 386 1841 1965 1922; baseline 0.008 -29"><span class='ocrx_word' id='word_1_151' title='bbox 386 1841 583 1911; x_wconf 80' lang='grc' dir='ltr'>λειψιν,</span> <span class='ocrx_word' id='word_1_152' title='bbox 617 1842 734 1896; x_wconf 84' lang='grc' dir='ltr'>ἀλλ’</span> <span class='ocrx_word' id='word_1_153' title='bbox 767 1845 923 1907; x_wconf 72' lang='grc' dir='ltr'>ἐκτὸς</span> <span class='ocrx_word' id='word_1_154' title='bbox 958 1846 1119 1913; x_wconf 83' lang='grc' dir='ltr'>λόγου</span> <span class='ocrx_word' id='word_1_155' title='bbox 1148 1847 1244 1899; x_wconf 83' lang='grc' dir='ltr'><strong>τοῦ</strong></span> <span class='ocrx_word' id='word_1_156' title='bbox 1282 1848 1403 1901; x_wconf 74' lang='grc' dir='ltr'>καθ’</span> <span class='ocrx_word' id='word_1_157' title='bbox 1433 1850 1624 1919; x_wconf 61' lang='grc' dir='ltr'><strong>ἡμᾶς),</strong></span> <span class='ocrx_word' id='word_1_158' title='bbox 1656 1852 1715 1905; x_wconf 85' lang='grc' dir='ltr'>ὄν</span> <span class='ocrx_word' id='word_1_159' title='bbox 1749 1851 1796 1904; x_wconf 89' lang='grc' dir='ltr'><strong>θ’</strong></span> <span class='ocrx_word' id='word_1_160' title='bbox 1833 1855 1965 1922; x_wconf 77' lang='grc' dir='ltr'>ἡμῖν</span> 
     </span>
    </p>
   </div>
   <div class='ocr_carea' id='block_1_22' title="bbox 386 1933 2008 2012">
    <p class='ocr_par' dir='ltr' id='par_1_22' title="bbox 386 1933 2008 2012">
     <span class='ocr_line' id='line_1_22' title="bbox 386 1933 2008 2012; baseline 0.007 -27"><span class='ocrx_word' id='word_1_161' title='bbox 386 1935 571 1997; x_wconf 78' lang='grc' dir='ltr'>αὐτοῖς</span> <span class='ocrx_word' id='word_1_162' title='bbox 613 1933 1025 2004; x_wconf 81' lang='grc' dir='ltr'>ὲνδιαιτώμενον</span> <span class='ocrx_word' id='word_1_163' title='bbox 1091 1936 1320 2006; x_wconf 74' lang='grc' dir='ltr'>ἔχομεν,</span> <span class='ocrx_word' id='word_1_164' title='bbox 1375 1941 1468 1991; x_wconf 77' lang='grc' dir='ltr'>καὶ</span> <span class='ocrx_word' id='word_1_165' title='bbox 1523 1940 1583 1993; x_wconf 88' lang='grc' dir='ltr'>ὃν</span> <span class='ocrx_word' id='word_1_166' title='bbox 1642 1942 1773 2012; x_wconf 83' lang='grc' dir='ltr'>παρ’</span> <span class='ocrx_word' id='word_1_167' title='bbox 1805 1943 1964 2012; x_wconf 78' lang='grc' dir='ltr'>ἡμῶν</span> <span class='ocrx_word' id='word_1_168' title='bbox 1993 1992 2008 2003; x_wconf 87' lang='grc'><strong>,</strong></span> 
     </span>
    </p>
   </div>
   <div class='ocr_carea' id='block_1_23' title="bbox 386 2027 1964 2102">
    <p class='ocr_par' dir='ltr' id='par_1_23' title="bbox 386 2027 1964 2102">
     <span class='ocr_line' id='line_1_23' title="bbox 386 2027 1964 2102; baseline 0.003 -21"><span class='ocrx_word' id='word_1_169' title='bbox 386 2027 567 2081; x_wconf 72' lang='grc' dir='ltr'>αὐτῶν</span> <span class='ocrx_word' id='word_1_170' title='bbox 589 2028 669 2091; x_wconf 81' lang='grc' dir='ltr'><strong>είς</strong></span> <span class='ocrx_word' id='word_1_171' title='bbox 703 2027 877 2096; x_wconf 82' lang='grc' dir='ltr'>ἀκοὴν</span> <span class='ocrx_word' id='word_1_172' title='bbox 912 2028 1117 2099; x_wconf 77' lang='grc' dir='ltr'>ἑτέρων</span> <span class='ocrx_word' id='word_1_173' title='bbox 1140 2030 1477 2100; x_wconf 84' lang='grc' dir='ltr'>προάγομεν.</span> <span class='ocrx_word' id='word_1_174' title='bbox 1502 2030 1642 2084; x_wconf 83' lang='grc' dir='ltr'>Οὔτε</span> <span class='ocrx_word' id='word_1_175' title='bbox 1670 2033 1780 2102; x_wconf 73' lang='grc' dir='ltr'><strong>γὰρ</strong></span> <span class='ocrx_word' id='word_1_176' title='bbox 1810 2028 1964 2098; x_wconf 72' lang='grc' dir='ltr'>οὗτος</span> 
     </span>
    </p>
   </div>
   <div class='ocr_carea' id='block_1_24' title="bbox 386 2102 1966 2192">
    <p class='ocr_par' dir='ltr' id='par_1_24' title="bbox 386 2102 1966 2192">
     <span class='ocr_line' id='line_1_24' title="bbox 386 2102 1966 2192; baseline 0.004 -20"><span class='ocrx_word' id='word_1_177' title='bbox 386 2102 708 2192; x_wconf 74' lang='grc' dir='ltr'>ἑρμηνεύων</span> <span class='ocrx_word' id='word_1_178' title='bbox 738 2120 1096 2190; x_wconf 80' lang='grc' dir='ltr'>παραστῆσαι</span> <span class='ocrx_word' id='word_1_179' title='bbox 1127 2120 1331 2174; x_wconf 86' lang='grc' dir='ltr'>δύναιτ’</span> <span class='ocrx_word' id='word_1_180' title='bbox 1367 2122 1456 2186; x_wconf 80' lang='grc' dir='ltr'>ἂν,</span> <span class='ocrx_word' id='word_1_181' title='bbox 1487 2121 1600 2176; x_wconf 76' lang='grc' dir='ltr'>οὔτ’</span> <span class='ocrx_word' id='word_1_182' title='bbox 1635 2127 1837 2186; x_wconf 76' lang='grc' dir='ltr'>ἐκεῖνος</span> <span class='ocrx_word' id='word_1_183' title='bbox 1866 2143 1966 2179; x_wconf 84' lang='grc' dir='ltr'><strong>πο-</strong></span> 
     </span>
    </p>
   </div>
   <div class='ocr_carea' id='block_1_25' title="bbox 384 2210 1963 2285">
    <p class='ocr_par' dir='ltr' id='par_1_25' title="bbox 384 2210 1963 2285">
     <span class='ocr_line' id='line_1_25' title="bbox 384 2210 1963 2285; baseline 0.002 -21"><span class='ocrx_word' id='word_1_184' title='bbox 384 2211 810 2282; x_wconf 82' lang='grc' dir='ltr'>λυπραγμονῶν,</span> <span class='ocrx_word' id='word_1_185' title='bbox 841 2210 1054 2264; x_wconf 79' lang='grc' dir='ltr'>οἴκοθεν</span> <span class='ocrx_word' id='word_1_186' title='bbox 1093 2210 1325 2281; x_wconf 80' lang='grc' dir='ltr'>ὲφίκοιτ’</span> <span class='ocrx_word' id='word_1_187' title='bbox 1368 2213 1457 2267; x_wconf 75' lang='grc' dir='ltr'><strong>ἄν.</strong></span> <span class='ocrx_word' id='word_1_188' title='bbox 1496 2232 1516 2264; x_wconf 76' lang='grc' dir='ltr'><strong>ι</strong></span> <span class='ocrx_word' id='word_1_189' title='bbox 1553 2215 1669 2267; x_wconf 75' lang='grc' dir='ltr'>Οὐκ</span> <span class='ocrx_word' id='word_1_190' title='bbox 1713 2215 1801 2285; x_wconf 81' lang='grc' dir='ltr'><strong>ἄρ’</strong></span> <span class='ocrx_word' id='word_1_191' title='bbox 1834 2216 1963 2284; x_wconf 76' lang='grc' dir='ltr'>ἡμῖν</span> 
     </span>
    </p>
   </div>
   <div class='ocr_carea' id='block_1_26' title="bbox 386 2304 1964 2376">
    <p class='ocr_par' dir='ltr' id='par_1_26' title="bbox 386 2304 1964 2376">
     <span class='ocr_line' id='line_1_26' title="bbox 386 2304 1964 2376; baseline 0.001 -19"><span class='ocrx_word' id='word_1_192' title='bbox 386 2306 571 2368; x_wconf 78' lang='grc' dir='ltr'>αὐτοῖς</span> <span class='ocrx_word' id='word_1_193' title='bbox 602 2304 962 2374; x_wconf 78' lang='grc' dir='ltr'>ἐπιτρεπτέον</span> <span class='ocrx_word' id='word_1_194' title='bbox 1001 2304 1134 2373; x_wconf 63' lang='grc' dir='ltr'><strong>περὶ⁵</strong></span> <span class='ocrx_word' id='word_1_195' title='bbox 1173 2304 1305 2356; x_wconf 84' lang='grc' dir='ltr'><strong>Θεοῦ</strong></span> <span class='ocrx_word' id='word_1_196' title='bbox 1332 2322 1385 2357; x_wconf 92' lang='grc' dir='ltr'><strong>τι</strong></span> <span class='ocrx_word' id='word_1_197' title='bbox 1422 2307 1633 2373; x_wconf 78' lang='grc' dir='ltr'>λέγειν’</span> <span class='ocrx_word' id='word_1_198' title='bbox 1672 2306 1787 2359; x_wconf 83' lang='grc' dir='ltr'>ἀλλ’</span> <span class='ocrx_word' id='word_1_199' title='bbox 1818 2308 1964 2376; x_wconf 75' lang='grc' dir='ltr'>ἡμᾶς</span> 
     </span>
    </p>
   </div>
   <div class='ocr_carea' id='block_1_27' title="bbox 386 2396 1962 2467">
    <p class='ocr_par' dir='ltr' id='par_1_27' title="bbox 386 2396 1962 2467">
     <span class='ocr_line' id='line_1_27' title="bbox 386 2396 1962 2467; baseline 0.003 -18"><span class='ocrx_word' id='word_1_200' title='bbox 386 2397 588 2460; x_wconf 76' lang='grc' dir='ltr'>αὐτοὺς</span> <span class='ocrx_word' id='word_1_201' title='bbox 621 2398 989 2465; x_wconf 76' lang='grc' dir='ltr'>ἐπιτρεπτέον</span> <span class='ocrx_word' id='word_1_202' title='bbox 1030 2396 1167 2467; x_wconf 80' lang='grc' dir='ltr'>πρὸς</span> <span class='ocrx_word' id='word_1_203' title='bbox 1201 2397 1329 2459; x_wconf 84' lang='grc' dir='ltr'>τοὺς</span> <span class='ocrx_word' id='word_1_204' title='bbox 1363 2399 1422 2450; x_wconf 69' lang='grc' dir='ltr'><strong>έν</strong></span> <span class='ocrx_word' id='word_1_205' title='bbox 1450 2397 1722 2466; x_wconf 85' lang='grc' dir='ltr'>πνεύματι</span> <span class='ocrx_word' id='word_1_206' title='bbox 1757 2400 1824 2452; x_wconf 86' lang='grc' dir='ltr'>τὰ</span> <span class='ocrx_word' id='word_1_207' title='bbox 1867 2398 1962 2453; x_wconf 92' lang='grc' dir='ltr'><strong>τοῦ</strong></span> 
     </span>
    </p>
   </div>
   <div class='ocr_carea' id='block_1_28' title="bbox 388 2488 1962 2559">
    <p class='ocr_par' dir='ltr' id='par_1_28' title="bbox 388 2488 1962 2559">
     <span class='ocr_line' id='line_1_28' title="bbox 388 2488 1962 2559; baseline 0.001 -17"><span class='ocrx_word' id='word_1_208' title='bbox 388 2489 700 2558; x_wconf 81' lang='grc' dir='ltr'>πνεύματος</span> <span class='ocrx_word' id='word_1_209' title='bbox 733 2488 1051 2552; x_wconf 81' lang='grc' dir='ltr'>λαλοῦντας,</span> <span class='ocrx_word' id='word_1_210' title='bbox 1081 2489 1176 2542; x_wconf 76' lang='grc' dir='ltr'>καὶ</span> <span class='ocrx_word' id='word_1_211' title='bbox 1218 2489 1348 2543; x_wconf 86' lang='grc' dir='ltr'>ὅταν</span> <span class='ocrx_word' id='word_1_212' title='bbox 1394 2490 1670 2543; x_wconf 84' lang='grc' dir='ltr'>ἀπαιτῶσι</span> <span class='ocrx_word' id='word_1_213' title='bbox 1721 2491 1877 2559; x_wconf 85' lang='grc' dir='ltr'>λόγον</span> <span class='ocrx_word' id='word_1_214' title='bbox 1911 2493 1962 2544; x_wconf 82' lang='grc' dir='ltr'>οι</span> 
     </span>
    </p>
   </div>
   <div class='ocr_carea' id='block_1_29' title="bbox 384 2578 778 2647">
    <p class='ocr_par' dir='ltr' id='par_1_29' title="bbox 384 2578 778 2647">
     <span class='ocr_line' id='line_1_29' title="bbox 384 2578 778 2647; baseline 0.005 -17"><span class='ocrx_word' id='word_1_215' title='bbox 384 2578 778 2647; x_wconf 83' lang='grc' dir='ltr'>ἀντικείμενοι.</span> 
     </span>
    </p>
   </div>
   <div class='ocr_carea' id='block_1_30' title="bbox 458 2667 1963 2744">
    <p class='ocr_par' dir='ltr' id='par_1_30' title="bbox 458 2667 1963 2744">
     <span class='ocr_line' id='line_1_30' title="bbox 458 2667 1963 2744; baseline 0.003 -22"><span class='ocrx_word' id='word_1_216' title='bbox 458 2667 573 2724; x_wconf 86' lang='grc' dir='ltr'>πα’.</span> <span class='ocrx_word' id='word_1_217' title='bbox 615 2669 785 2723; x_wconf 68' lang='grc' dir='ltr'>Φασὶν</span> <span class='ocrx_word' id='word_1_218' title='bbox 823 2672 1232 2742; x_wconf 79' lang='grc' dir='ltr'>ἐπιγεγράφθαι</span> <span class='ocrx_word' id='word_1_219' title='bbox 1257 2672 1366 2724; x_wconf 88' lang='grc' dir='ltr'><strong>τῶν</strong></span> <span class='ocrx_word' id='word_1_220' title='bbox 1393 2670 1682 2742; x_wconf 80' lang='grc' dir='ltr'>προθύρων</span> <span class='ocrx_word' id='word_1_221' title='bbox 1707 2672 1807 2741; x_wconf 81' lang='grc' dir='ltr'>τῆς</span> <span class='ocrx_word' id='word_1_222' title='bbox 1835 2690 1963 2744; x_wconf 86' lang='grc' dir='ltr'>σχο-</span> 
     </span>
    </p>
   </div>
   <div class='ocr_carea' id='block_1_31' title="bbox 386 2764 1956 2835">
    <p class='ocr_par' dir='ltr' id='par_1_31' title="bbox 386 2764 1956 2835">
     <span class='ocr_line' id='line_1_31' title="bbox 386 2764 1956 2835; baseline -0.001 -18"><span class='ocrx_word' id='word_1_223' title='bbox 386 2766 488 2834; x_wconf 78' lang='grc' dir='ltr'>λῆς</span> <span class='ocrx_word' id='word_1_224' title='bbox 520 2764 615 2818; x_wconf 77' lang='grc' dir='ltr'><strong>τοῦ</strong></span> <span class='ocrx_word' id='word_1_225' title='bbox 642 2764 929 2827; x_wconf 85' lang='grc' dir='ltr'>Πλάτωνος</span> <span class='ocrx_word' id='word_1_226' title='bbox 945 2782 959 2796; x_wconf 75' lang='grc' dir='ltr'><strong>ο</strong></span> <span class='ocrx_word' id='word_1_227' title='bbox 994 2784 1012 2816; x_wconf 81' lang='grc' dir='ltr'><strong>ι</strong></span> <span class='ocrx_word' id='word_1_228' title='bbox 1038 2767 1244 2835; x_wconf 71' lang='grc' dir='ltr'>Μηδεὶς</span> <span class='ocrx_word' id='word_1_229' title='bbox 1268 2765 1456 2818; x_wconf 77' lang='grc' dir='ltr'>εἰσίτω</span> <span class='ocrx_word' id='word_1_230' title='bbox 1477 2764 1915 2834; x_wconf 79' lang='grc' dir='ltr'>ἀγεωμέτρητος.</span> <span class='ocrx_word' id='word_1_231' title='bbox 1937 2785 1956 2815; x_wconf 69' lang='grc' dir='ltr'><strong>ι</strong></span> 
     </span>
    </p>
   </div>
   <div class='ocr_carea' id='block_1_32' title="bbox 388 2843 1960 2929">
    <p class='ocr_par' dir='ltr' id='par_1_32' title="bbox 388 2843 1960 2929">
     <span class='ocr_line' id='line_1_32' title="bbox 388 2843 1960 2929; baseline -0.002 -18"><span class='ocrx_word' id='word_1_232' title='bbox 388 2843 571 2927; x_wconf 80' lang='grc' dir='ltr'>Ιιὰντη</span> <span class='ocrx_word' id='word_1_233' title='bbox 604 2859 661 2912; x_wconf 86' lang='grc' dir='ltr'><strong>δέ</strong></span> <span class='ocrx_word' id='word_1_234' title='bbox 698 2861 847 2911; x_wconf 87' lang='grc' dir='ltr'>ἐστιν</span> <span class='ocrx_word' id='word_1_235' title='bbox 875 2860 1322 2929; x_wconf 78' lang='grc' dir='ltr'>ἀγεωμὲτρητος,</span> <span class='ocrx_word' id='word_1_236' title='bbox 1344 2859 1372 2910; x_wconf 85' lang='grc' dir='ltr'><em>ὀ</em></span> <span class='ocrx_word' id='word_1_237' title='bbox 1406 2859 1480 2928; x_wconf 83' lang='grc' dir='ltr'>μὴ</span> <span class='ocrx_word' id='word_1_238' title='bbox 1509 2857 1807 2927; x_wconf 81' lang='grc' dir='ltr'>δυνάμενος</span> <span class='ocrx_word' id='word_1_239' title='bbox 1834 2844 1960 2926; x_wconf 75' lang='grc' dir='ltr'>περὶ</span> 
     </span>
    </p>
   </div>
   <div class='ocr_carea' id='block_1_33' title="bbox 383 2948 1961 3022">
    <p class='ocr_par' dir='ltr' id='par_1_33' title="bbox 383 2948 1961 3022">
     <span class='ocr_line' id='line_1_33' title="bbox 383 2948 1961 3022; baseline -0.001 -20"><span class='ocrx_word' id='word_1_240' title='bbox 383 2952 494 3004; x_wconf 87' lang='grc' dir='ltr'><strong>τῶν</strong></span> <span class='ocrx_word' id='word_1_241' title='bbox 515 2951 836 3022; x_wconf 88' lang='grc' dir='ltr'>ὰχωρίστων</span> <span class='ocrx_word' id='word_1_242' title='bbox 860 2951 937 3014; x_wconf 85' lang='grc' dir='ltr'><strong>ὡς</strong></span> <span class='ocrx_word' id='word_1_243' title='bbox 962 2951 1389 3020; x_wconf 81' lang='grc' dir='ltr'>κεχωρισμένων</span> <span class='ocrx_word' id='word_1_244' title='bbox 1418 2948 1750 3002; x_wconf 77' lang='grc' dir='ltr'>διανοεῖσθαί</span> <span class='ocrx_word' id='word_1_245' title='bbox 1776 2965 1833 3000; x_wconf 90' lang='grc' dir='ltr'><strong>τε</strong></span> <span class='ocrx_word' id='word_1_246' title='bbox 1865 2948 1961 3000; x_wconf 78' lang='grc' dir='ltr'>καὶ</span> 
     </span>
    </p>
   </div>
   <div class='ocr_carea' id='block_1_34' title="bbox 383 3040 1961 3114">
    <p class='ocr_par' dir='ltr' id='par_1_34' title="bbox 383 3040 1961 3114">
     <span class='ocr_line' id='line_1_34' title="bbox 383 3040 1961 3114; baseline -0.001 -18"><span class='ocrx_word' id='word_1_247' title='bbox 383 3043 747 3112; x_wconf 84' lang='grc' dir='ltr'>διαλέγεσθαι.</span> <span class='ocrx_word' id='word_1_248' title='bbox 785 3040 936 3097; x_wconf 78' lang='grc' dir='ltr'>Εἶναι</span> <span class='ocrx_word' id='word_1_249' title='bbox 965 3042 1075 3113; x_wconf 84' lang='grc' dir='ltr'><strong>γὰρ</strong></span> <span class='ocrx_word' id='word_1_250' title='bbox 1129 3042 1304 3114; x_wconf 82' lang='grc' dir='ltr'>πέρας</span> <span class='ocrx_word' id='word_1_251' title='bbox 1350 3041 1519 3113; x_wconf 81' lang='grc' dir='ltr'>χωρὶς</span> <span class='ocrx_word' id='word_1_252' title='bbox 1566 3040 1660 3095; x_wconf 89' lang='grc' dir='ltr'><strong>τοῦ</strong></span> <span class='ocrx_word' id='word_1_253' title='bbox 1695 3057 1961 3109; x_wconf 86' lang='grc' dir='ltr'>περατου-</span> 
     </span>
    </p>
   </div>
   <div class='ocr_carea' id='block_1_35' title="bbox 389 3133 1961 3204">
    <p class='ocr_par' dir='ltr' id='par_1_35' title="bbox 389 3133 1961 3204">
     <span class='ocr_line' id='line_1_35' title="bbox 389 3133 1961 3204; baseline -0.001 -17"><span class='ocrx_word' id='word_1_254' title='bbox 389 3136 573 3203; x_wconf 83' lang='grc' dir='ltr'>μένου,</span> <span class='ocrx_word' id='word_1_255' title='bbox 609 3134 716 3188; x_wconf 84' lang='grc' dir='ltr'><strong>τῶν</strong></span> <span class='ocrx_word' id='word_1_256' title='bbox 746 3136 1043 3189; x_wconf 85' lang='grc' dir='ltr'>ἀδυνάτων.</span> <span class='ocrx_word' id='word_1_257' title='bbox 1070 3136 1391 3203; x_wconf 80' lang='grc' dir='ltr'>Γεωμετρία</span> <span class='ocrx_word' id='word_1_258' title='bbox 1439 3134 1517 3197; x_wconf 84' lang='grc' dir='ltr'>δὲ,</span> <span class='ocrx_word' id='word_1_259' title='bbox 1552 3135 1682 3204; x_wconf 84' lang='grc' dir='ltr'>περὶ</span> <span class='ocrx_word' id='word_1_260' title='bbox 1718 3133 1825 3185; x_wconf 87' lang='grc' dir='ltr'><strong>τῶν</strong></span> <span class='ocrx_word' id='word_1_261' title='bbox 1864 3149 1961 3186; x_wconf 86' lang='grc' dir='ltr'>πε-</span> 
     </span>
    </p>
   </div>
   <div class='ocr_carea' id='block_1_36' title="bbox 386 3226 1963 3297">
    <p class='ocr_par' dir='ltr' id='par_1_36' title="bbox 386 3226 1963 3297">
     <span class='ocr_line' id='line_1_36' title="bbox 386 3226 1963 3297; baseline -0.002 -17"><span class='ocrx_word' id='word_1_262' title='bbox 386 3227 567 3295; x_wconf 73' lang='grc' dir='ltr'>ράτων</span> <span class='ocrx_word' id='word_1_263' title='bbox 609 3226 793 3296; x_wconf 80' lang='grc' dir='ltr'>σχεδὸν</span> <span class='ocrx_word' id='word_1_264' title='bbox 831 3227 975 3289; x_wconf 80' lang='grc' dir='ltr'>ἄπας</span> <span class='ocrx_word' id='word_1_265' title='bbox 1005 3229 1035 3280; x_wconf 85' lang='grc' dir='ltr'>ὁ</span> <span class='ocrx_word' id='word_1_266' title='bbox 1080 3227 1268 3296; x_wconf 78' lang='grc' dir='ltr'>λόγος·</span> <span class='ocrx_word' id='word_1_267' title='bbox 1314 3227 1351 3281; x_wconf 74' lang='grc' dir='ltr'>ἃ</span> <span class='ocrx_word' id='word_1_268' title='bbox 1395 3228 1491 3280; x_wconf 75' lang='grc' dir='ltr'>καὶ</span> <span class='ocrx_word' id='word_1_269' title='bbox 1520 3230 1691 3297; x_wconf 72' lang='grc' dir='ltr'>χωρὶς</span> <span class='ocrx_word' id='word_1_270' title='bbox 1726 3226 1833 3280; x_wconf 90' lang='grc' dir='ltr'><strong>τῶν</strong></span> <span class='ocrx_word' id='word_1_271' title='bbox 1868 3242 1963 3278; x_wconf 88' lang='grc' dir='ltr'>πε-</span> 
     </span>
    </p>
   </div>
   <div class='ocr_carea' id='block_1_37' title="bbox 386 3317 1961 3390">
    <p class='ocr_par' dir='ltr' id='par_1_37' title="bbox 386 3317 1961 3390">
     <span class='ocr_line' id='line_1_37' title="bbox 386 3317 1961 3390; baseline -0.001 -19"><span class='ocrx_word' id='word_1_272' title='bbox 386 3318 759 3389; x_wconf 76' lang='grc' dir='ltr'>ρατουμένων,</span> <span class='ocrx_word' id='word_1_273' title='bbox 793 3317 904 3370; x_wconf 74' lang='grc' dir='ltr'>ἐσθ’</span> <span class='ocrx_word' id='word_1_274' title='bbox 935 3319 1025 3371; x_wconf 80' lang='grc' dir='ltr'>ὅτε</span> <span class='ocrx_word' id='word_1_275' title='bbox 1078 3318 1201 3372; x_wconf 82' lang='grc' dir='ltr'>καθ’</span> <span class='ocrx_word' id='word_1_276' title='bbox 1232 3318 1401 3373; x_wconf 79' lang='grc' dir='ltr'>ἑαυτά</span> <span class='ocrx_word' id='word_1_277' title='bbox 1438 3321 1532 3374; x_wconf 74' lang='grc' dir='ltr'>καὶ</span> <span class='ocrx_word' id='word_1_278' title='bbox 1572 3319 1813 3390; x_wconf 78' lang='grc' dir='ltr'>ὁρίζεται</span> <span class='ocrx_word' id='word_1_279' title='bbox 1866 3318 1961 3371; x_wconf 79' lang='grc' dir='ltr'>καὶ</span> 
     </span>
    </p>
   </div>
   <div class='ocr_carea' id='block_1_38' title="bbox 385 3409 1962 3482">
    <p class='ocr_par' dir='ltr' id='par_1_38' title="bbox 385 3409 1962 3482">
     <span class='ocr_line' id='line_1_38' title="bbox 385 3409 1962 3482; baseline 0.003 -22"><span class='ocrx_word' id='word_1_280' title='bbox 385 3409 770 3479; x_wconf 79' lang='grc' dir='ltr'>προϐάλλεται,</span> <span class='ocrx_word' id='word_1_281' title='bbox 804 3409 900 3462; x_wconf 89' lang='grc' dir='ltr'><strong>τοῦ</strong></span> <span class='ocrx_word' id='word_1_282' title='bbox 947 3410 1040 3462; x_wconf 87' lang='grc' dir='ltr'><strong>νοῦ</strong></span> <span class='ocrx_word' id='word_1_283' title='bbox 1071 3410 1399 3479; x_wconf 81' lang='grc' dir='ltr'>χωρίζοντος</span> <span class='ocrx_word' id='word_1_284' title='bbox 1438 3410 1511 3464; x_wconf 78' lang='grc' dir='ltr'><strong>τὰ</strong></span> <span class='ocrx_word' id='word_1_285' title='bbox 1554 3411 1855 3482; x_wconf 83' lang='grc' dir='ltr'>ἀχώριστα.</span> <span class='ocrx_word' id='word_1_286' title='bbox 1904 3412 1962 3464; x_wconf 86' lang='lat'><strong>&#39;0</strong></span> 
     </span>
    </p>
   </div>
   <div class='ocr_carea' id='block_1_39' title="bbox 383 3498 1962 3571">
    <p class='ocr_par' dir='ltr' id='par_1_39' title="bbox 383 3498 1962 3571">
     <span class='ocr_line' id='line_1_39' title="bbox 383 3498 1962 3571; baseline 0.001 -20"><span class='ocrx_word' id='word_1_287' title='bbox 383 3499 440 3551; x_wconf 70' lang='grc' dir='ltr'>δὲ</span> <span class='ocrx_word' id='word_1_288' title='bbox 466 3499 529 3551; x_wconf 78' lang='grc' dir='ltr'>τὸ</span> <span class='ocrx_word' id='word_1_289' title='bbox 560 3498 720 3567; x_wconf 89' lang='grc' dir='ltr'>σῶμα</span> <span class='ocrx_word' id='word_1_290' title='bbox 746 3498 856 3551; x_wconf 88' lang='grc' dir='ltr'><strong>τῶν</strong></span> <span class='ocrx_word' id='word_1_291' title='bbox 896 3500 1026 3570; x_wconf 75' lang='grc' dir='ltr'>περὶ</span> <span class='ocrx_word' id='word_1_292' title='bbox 1057 3499 1191 3553; x_wconf 80' lang='grc' dir='ltr'>αὐτὸ</span> <span class='ocrx_word' id='word_1_293' title='bbox 1232 3500 1485 3571; x_wconf 78' lang='grc' dir='ltr'>χωρίζειν</span> <span class='ocrx_word' id='word_1_294' title='bbox 1517 3499 1595 3571; x_wconf 82' lang='grc' dir='ltr'>τῷ</span> <span class='ocrx_word' id='word_1_295' title='bbox 1622 3501 1699 3570; x_wconf 85' lang='grc' dir='ltr'>νῷ</span> <span class='ocrx_word' id='word_1_296' title='bbox 1735 3500 1962 3570; x_wconf 78' lang='grc' dir='ltr'>μηδέπω</span> 
     </span>
    </p>
   </div>
   <div class='ocr_carea' id='block_1_40' title="bbox 388 3590 1960 3660">
    <p class='ocr_par' dir='ltr' id='par_1_40' title="bbox 388 3590 1960 3660">
     <span class='ocr_line' id='line_1_40' title="bbox 388 3590 1960 3660; baseline -0.002 -16"><span class='ocrx_word' id='word_1_297' title='bbox 388 3590 609 3659; x_wconf 78' lang='grc' dir='ltr'>μαθὼν,</span> <span class='ocrx_word' id='word_1_298' title='bbox 646 3590 763 3653; x_wconf 88' lang='grc' dir='ltr'><strong>πῶς</strong></span> <span class='ocrx_word' id='word_1_299' title='bbox 808 3591 1033 3644; x_wconf 83' lang='grc' dir='ltr'>ἀκούσει</span> <span class='ocrx_word' id='word_1_300' title='bbox 1081 3591 1211 3660; x_wconf 67' lang='grc' dir='ltr'>περὶ</span> <span class='ocrx_word' id='word_1_301' title='bbox 1264 3592 1480 3660; x_wconf 79' lang='grc' dir='ltr'>φύσεως</span> <span class='ocrx_word' id='word_1_302' title='bbox 1539 3591 1662 3645; x_wconf 74' lang='grc' dir='ltr'>καθ’</span> <span class='ocrx_word' id='word_1_303' title='bbox 1716 3591 1960 3660; x_wconf 83' lang='grc' dir='ltr'>ἐαυτήν;</span> 
     </span>
    </p>
   </div>
   <div class='ocr_carea' id='block_1_41' title="bbox 386 3681 1963 3752">
    <p class='ocr_par' dir='ltr' id='par_1_41' title="bbox 386 3681 1963 3752">
     <span class='ocr_line' id='line_1_41' title="bbox 386 3681 1963 3752; baseline 0.001 -18"><span class='ocrx_word' id='word_1_304' title='bbox 386 3683 549 3745; x_wconf 70' lang='lat' dir='ltr'><strong>&quot;litt;</strong></span> <span class='ocrx_word' id='word_1_305' title='bbox 574 3682 633 3735; x_wconf 82' lang='grc' dir='ltr'>οὐ</span> <span class='ocrx_word' id='word_1_306' title='bbox 666 3682 824 3750; x_wconf 85' lang='grc' dir='ltr'>μόνον</span> <span class='ocrx_word' id='word_1_307' title='bbox 852 3681 1153 3752; x_wconf 77' lang='grc' dir='ltr'>ἀχώριστὸς</span> <span class='ocrx_word' id='word_1_308' title='bbox 1183 3684 1298 3735; x_wconf 77' lang='grc' dir='ltr'>ἐστι</span> <span class='ocrx_word' id='word_1_309' title='bbox 1318 3681 1426 3734; x_wconf 87' lang='grc' dir='ltr'><strong>τῶν</strong></span> <span class='ocrx_word' id='word_1_310' title='bbox 1453 3682 1698 3751; x_wconf 85' lang='grc' dir='ltr'>φυσικῶν</span> <span class='ocrx_word' id='word_1_311' title='bbox 1724 3683 1963 3751; x_wconf 79' lang='grc' dir='ltr'>ἐνυπάρ-</span> 
     </span>
    </p>
   </div>
   <div class='ocr_carea' id='block_1_42' title="bbox 384 3770 1964 3845">
    <p class='ocr_par' dir='ltr' id='par_1_42' title="bbox 384 3770 1964 3845">
     <span class='ocr_line' id='line_1_42' title="bbox 384 3770 1964 3845; baseline -0.001 -18"><span class='ocrx_word' id='word_1_312' title='bbox 384 3792 558 3842; x_wconf 82' lang='grc' dir='ltr'>χουσα</span> <span class='ocrx_word' id='word_1_313' title='bbox 595 3776 829 3835; x_wconf 85' lang='grc' dir='ltr'>τούτοις,</span> <span class='ocrx_word' id='word_1_314' title='bbox 865 3774 981 3828; x_wconf 86' lang='grc' dir='ltr'>ἀλλ’</span> <span class='ocrx_word' id='word_1_315' title='bbox 1013 3774 1122 3826; x_wconf 80' lang='grc' dir='ltr'><strong>οὐδ’</strong></span> <span class='ocrx_word' id='word_1_316' title='bbox 1164 3770 1304 3826; x_wconf 75' lang='grc' dir='ltr'>εἷναί</span> <span class='ocrx_word' id='word_1_317' title='bbox 1351 3791 1481 3826; x_wconf 88' lang='grc' dir='ltr'>ποτε</span> <span class='ocrx_word' id='word_1_318' title='bbox 1520 3774 1739 3826; x_wconf 88' lang='grc' dir='ltr'>δύναται</span> <span class='ocrx_word' id='word_1_319' title='bbox 1792 3775 1964 3845; x_wconf 71' lang='grc' dir='ltr'>χωρὶς</span> 
     </span>
    </p>
   </div>
   <div class='ocr_carea' id='block_1_43' title="bbox 386 3864 1960 3937">
    <p class='ocr_par' dir='ltr' id='par_1_43' title="bbox 386 3864 1960 3937">
     <span class='ocr_line' id='line_1_43' title="bbox 386 3864 1960 3937; baseline -0.002 -19"><span class='ocrx_word' id='word_1_320' title='bbox 386 3865 588 3919; x_wconf 75' lang='grc' dir='ltr'>αὐτῶν.</span> <span class='ocrx_word' id='word_1_321' title='bbox 611 3866 732 3928; x_wconf 77' lang='grc' dir='ltr'><strong>Πῶς</strong></span> <span class='ocrx_word' id='word_1_322' title='bbox 751 3865 975 3919; x_wconf 75' lang='grc' dir='ltr'>ἀκούσει</span> <span class='ocrx_word' id='word_1_323' title='bbox 1003 3866 1133 3937; x_wconf 78' lang='grc' dir='ltr'>περὶ</span> <span class='ocrx_word' id='word_1_324' title='bbox 1154 3865 1264 3920; x_wconf 87' lang='grc' dir='ltr'><strong>τῶν</strong></span> <span class='ocrx_word' id='word_1_325' title='bbox 1284 3864 1407 3918; x_wconf 84' lang='grc' dir='ltr'>καθ’</span> <span class='ocrx_word' id='word_1_326' title='bbox 1429 3866 1550 3918; x_wconf 84' lang='grc' dir='ltr'>ὅλου</span> <span class='ocrx_word' id='word_1_327' title='bbox 1573 3868 1647 3929; x_wconf 89' lang='grc' dir='ltr'>ὡς</span> <span class='ocrx_word' id='word_1_328' title='bbox 1670 3864 1790 3918; x_wconf 79' lang='grc' dir='ltr'>καθ’</span> <span class='ocrx_word' id='word_1_329' title='bbox 1816 3865 1960 3929; x_wconf 81' lang='grc' dir='ltr'>ὅλου,</span> 
     </span>
    </p>
   </div>
   <div class='ocr_carea' id='block_1_44' title="bbox 387 3955 1965 4027">
    <p class='ocr_par' dir='ltr' id='par_1_44' title="bbox 387 3955 1965 4027">
     <span class='ocr_line' id='line_1_44' title="bbox 387 3955 1965 4027; baseline -0.001 -17"><span class='ocrx_word' id='word_1_330' title='bbox 387 3957 532 4027; x_wconf 74' lang='grc' dir='ltr'>ἅπερ</span> <span class='ocrx_word' id='word_1_331' title='bbox 564 3958 623 4008; x_wconf 84' lang='grc' dir='ltr'>ὲν</span> <span class='ocrx_word' id='word_1_332' title='bbox 644 3958 753 4020; x_wconf 77' lang='grc' dir='ltr'>τοῖς</span> <span class='ocrx_word' id='word_1_333' title='bbox 798 3959 1044 4026; x_wconf 85' lang='grc' dir='ltr'>μερικοῖς</span> <span class='ocrx_word' id='word_1_334' title='bbox 1076 3958 1213 4021; x_wconf 76' lang='lat' dir='ltr'><strong>sict;</strong></span> <span class='ocrx_word' id='word_1_335' title='bbox 1250 3958 1325 4025; x_wconf 85' lang='grc' dir='ltr'>νῷ</span> <span class='ocrx_word' id='word_1_336' title='bbox 1359 3956 1454 4010; x_wconf 69' lang='grc' dir='ltr'>καὶ</span> <span class='ocrx_word' id='word_1_337' title='bbox 1488 3956 1632 4026; x_wconf 81' lang='grc' dir='ltr'>λόγῳ</span> <span class='ocrx_word' id='word_1_338' title='bbox 1663 3958 1808 4025; x_wconf 79' lang='grc' dir='ltr'>μόνῳ</span> <span class='ocrx_word' id='word_1_339' title='bbox 1842 3955 1965 4009; x_wconf 89' lang='grc' dir='ltr'>τού-</span> 
     </span>
    </p>
   </div>
   <div class='ocr_carea' id='block_1_45' title="bbox 389 4046 1964 4119">
    <p class='ocr_par' dir='ltr' id='par_1_45' title="bbox 389 4046 1964 4119">
     <span class='ocr_line' id='line_1_45' title="bbox 389 4046 1964 4119; baseline 0.001 -21"><span class='ocrx_word' id='word_1_340' title='bbox 389 4064 494 4099; x_wconf 83' lang='grc' dir='ltr'><strong>των</strong></span> <span class='ocrx_word' id='word_1_341' title='bbox 524 4046 899 4118; x_wconf 79' lang='grc' dir='ltr'>διαιρούμενα,</span> <span class='ocrx_word' id='word_1_342' title='bbox 942 4050 1036 4102; x_wconf 77' lang='grc' dir='ltr'>καὶ</span> <span class='ocrx_word' id='word_1_343' title='bbox 1073 4050 1174 4119; x_wconf 75' lang='grc' dir='ltr'>πρὸ</span> <span class='ocrx_word' id='word_1_344' title='bbox 1201 4049 1310 4102; x_wconf 85' lang='grc' dir='ltr'><strong>τῶν</strong></span> <span class='ocrx_word' id='word_1_345' title='bbox 1335 4048 1546 4102; x_wconf 82' lang='grc' dir='ltr'>πολλῶν</span> <span class='ocrx_word' id='word_1_346' title='bbox 1578 4048 1863 4118; x_wconf 86' lang='grc' dir='ltr'>νοούμενα,</span> <span class='ocrx_word' id='word_1_347' title='bbox 1896 4048 1964 4101; x_wconf 75' lang='grc' dir='ltr'>τὰ</span> 
     </span>
    </p>
   </div>
   <div class='ocr_carea' id='block_1_46' title="bbox 385 4138 1965 4211">
    <p class='ocr_par' dir='ltr' id='par_1_46' title="bbox 385 4138 1965 4211">
     <span class='ocr_line' id='line_1_46' title="bbox 385 4138 1965 4211; baseline 0.002 -21"><span class='ocrx_word' id='word_1_348' title='bbox 385 4140 494 4190; x_wconf 84' lang='grc' dir='ltr'><strong>τῶν</strong></span> <span class='ocrx_word' id='word_1_349' title='bbox 533 4138 745 4192; x_wconf 89' lang='grc' dir='ltr'>πολλῶν</span> <span class='ocrx_word' id='word_1_350' title='bbox 780 4140 911 4193; x_wconf 82' lang='grc' dir='ltr'>ἄνευ</span> <span class='ocrx_word' id='word_1_351' title='bbox 951 4140 1216 4210; x_wconf 81' lang='grc' dir='ltr'>μηδαμῶς</span> <span class='ocrx_word' id='word_1_352' title='bbox 1249 4140 1378 4193; x_wconf 75' lang='grc' dir='ltr'>ὄντα</span> <span class='ocrx_word' id='word_1_353' title='bbox 1425 4139 1505 4210; x_wconf 84' lang='grc' dir='ltr'><strong>τῷ</strong></span> <span class='ocrx_word' id='word_1_354' title='bbox 1551 4157 1614 4205; x_wconf 92' lang='grc' dir='ltr'><strong>γε</strong></span> <span class='ocrx_word' id='word_1_355' title='bbox 1648 4140 1839 4211; x_wconf 82' lang='grc' dir='ltr'>ἀληθεῖ</span> <span class='ocrx_word' id='word_1_356' title='bbox 1874 4139 1965 4193; x_wconf 81' lang='grc' dir='ltr'><strong>λό-</strong></span> 
     </span>
    </p>
   </div>
   <div class='ocr_carea' id='block_1_47' title="bbox 387 4230 1961 4303">
    <p class='ocr_par' dir='ltr' id='par_1_47' title="bbox 387 4230 1961 4303">
     <span class='ocr_line' id='line_1_47' title="bbox 387 4230 1961 4303; baseline 0.001 -21"><span class='ocrx_word' id='word_1_357' title='bbox 387 4247 502 4301; x_wconf 76' lang='grc' dir='ltr'><strong>γως</strong></span> <span class='ocrx_word' id='word_1_358' title='bbox 536 4230 661 4294; x_wconf 82' lang='grc' dir='ltr'>Πῶς</span> <span class='ocrx_word' id='word_1_359' title='bbox 713 4232 939 4285; x_wconf 79' lang='grc' dir='ltr'>ἀκούσει</span> <span class='ocrx_word' id='word_1_360' title='bbox 991 4233 1122 4303; x_wconf 76' lang='grc' dir='ltr'>περὶ</span> <span class='ocrx_word' id='word_1_361' title='bbox 1175 4231 1382 4302; x_wconf 82' lang='grc' dir='ltr'>νοητῶν</span> <span class='ocrx_word' id='word_1_362' title='bbox 1412 4233 1507 4285; x_wconf 79' lang='grc' dir='ltr'>καὶ</span> <span class='ocrx_word' id='word_1_363' title='bbox 1554 4232 1796 4303; x_wconf 77' lang='grc' dir='ltr'>νοερῶν;</span> <span class='ocrx_word' id='word_1_364' title='bbox 1844 4232 1961 4295; x_wconf 87' lang='grc' dir='ltr'><strong>πῶς</strong></span> 
     </span>
    </p>
   </div>
   <div class='ocr_carea' id='block_1_48' title="bbox 385 4321 1962 4401">
    <p class='ocr_par' dir='ltr' id='par_1_48' title="bbox 385 4321 1962 4401">
     <span class='ocr_line' id='line_1_48' title="bbox 385 4321 1962 4401; baseline 0.001 -26"><span class='ocrx_word' id='word_1_365' title='bbox 385 4321 611 4376; x_wconf 83' lang='grc' dir='ltr'>ἀκούσει</span> <span class='ocrx_word' id='word_1_366' title='bbox 649 4324 743 4378; x_wconf 76' lang='grc' dir='ltr'><strong>καὶ</strong></span> <span class='ocrx_word' id='word_1_367' title='bbox 773 4323 898 4377; x_wconf 83' lang='grc' dir='ltr'>νοῦν</span> <span class='ocrx_word' id='word_1_368' title='bbox 925 4324 1155 4376; x_wconf 78' lang='grc' dir='ltr'>ἕκαστον</span> <span class='ocrx_word' id='word_1_369' title='bbox 1180 4323 1336 4401; x_wconf 48' lang='lat' dir='ltr'><strong>uicini</strong></span> <span class='ocrx_word' id='word_1_370' title='bbox 1369 4323 1514 4393; x_wconf 73' lang='grc' dir='ltr'>ἔχειν</span> <span class='ocrx_word' id='word_1_371' title='bbox 1539 4323 1825 4391; x_wconf 82' lang='grc' dir='ltr'>λεγόντων,</span> <span class='ocrx_word' id='word_1_372' title='bbox 1868 4324 1962 4377; x_wconf 77' lang='grc' dir='ltr'>καὶ</span> 
     </span>
    </p>
   </div>
   <div class='ocr_carea' id='block_1_49' title="bbox 2085 482 3660 554">
    <p class='ocr_par' dir='ltr' id='par_1_49' title="bbox 2085 482 3660 554">
     <span class='ocr_line' id='line_1_49' title="bbox 2085 482 3660 554; baseline 0.006 -22"><span class='ocrx_word' id='word_1_373' title='bbox 2085 491 2280 534; x_wconf 88' lang='lat' dir='ltr'><strong>natura</strong></span> <span class='ocrx_word' id='word_1_374' title='bbox 2304 490 2447 536; x_wconf 78' lang='lat' dir='ltr'><strong>sunt</strong></span> <span class='ocrx_word' id='word_1_375' title='bbox 2474 496 2503 534; x_wconf 87' lang='lat' dir='ltr'><strong>a</strong></span> <span class='ocrx_word' id='word_1_376' title='bbox 2538 482 2647 536; x_wconf 84' lang='lat' dir='ltr'><strong>Deo</strong></span> <span class='ocrx_word' id='word_1_377' title='bbox 2684 483 2898 537; x_wconf 79' lang='lat' dir='ltr'><strong>alienae.</strong></span> <span class='ocrx_word' id='word_1_378' title='bbox 2938 484 3127 551; x_wconf 73' lang='lat' dir='ltr'><strong>Magis,</strong></span> <span class='ocrx_word' id='word_1_379' title='bbox 3163 502 3329 554; x_wconf 82' lang='lat' dir='ltr'><strong>supra</strong></span> <span class='ocrx_word' id='word_1_380' title='bbox 3360 502 3522 549; x_wconf 85' lang='lat' dir='ltr'><strong>quam</strong></span> <span class='ocrx_word' id='word_1_381' title='bbox 3551 489 3660 542; x_wconf 91' lang='lat' dir='ltr'><strong>dici</strong></span> 
     </span>
    </p>
   </div>
   <div class='ocr_carea' id='block_1_50' title="bbox 2082 572 3658 646">
    <p class='ocr_par' dir='ltr' id='par_1_50' title="bbox 2082 572 3658 646">
     <span class='ocr_line' id='line_1_50' title="bbox 2082 572 3658 646; baseline 0.008 -26"><span class='ocrx_word' id='word_1_382' title='bbox 2082 581 2283 638; x_wconf 83' lang='lat' dir='ltr'><strong>potest,</strong></span> <span class='ocrx_word' id='word_1_383' title='bbox 2314 572 2694 625; x_wconf 88' lang='lat' dir='ltr'><strong>intellectualis</strong></span> <span class='ocrx_word' id='word_1_384' title='bbox 2725 583 2916 627; x_wconf 87' lang='lat' dir='ltr'><strong>natura</strong></span> <span class='ocrx_word' id='word_1_385' title='bbox 2945 574 3133 644; x_wconf 78' lang='lat' dir='ltr'><strong>procul</strong></span> <span class='ocrx_word' id='word_1_386' title='bbox 3160 586 3244 629; x_wconf 91' lang='lat' dir='ltr'><strong>est</strong></span> <span class='ocrx_word' id='word_1_387' title='bbox 3269 592 3299 629; x_wconf 90' lang='lat' dir='ltr'><strong>a</strong></span> <span class='ocrx_word' id='word_1_388' title='bbox 3337 576 3466 639; x_wconf 84' lang='lat' dir='ltr'><strong>Deo.</strong></span> <span class='ocrx_word' id='word_1_389' title='bbox 3491 593 3658 646; x_wconf 86' lang='lat' dir='ltr'><strong>quam</strong></span> 
     </span>
    </p>
   </div>
   <div class='ocr_carea' id='block_1_51' title="bbox 2080 664 3654 724">
    <p class='ocr_par' dir='ltr' id='par_1_51' title="bbox 2080 664 3654 724">
     <span class='ocr_line' id='line_1_51' title="bbox 2080 664 3654 724; baseline 0.006 -11"><span class='ocrx_word' id='word_1_390' title='bbox 2080 675 2276 716; x_wconf 82' lang='lat' dir='ltr'><strong>sensus</strong></span> <span class='ocrx_word' id='word_1_391' title='bbox 2336 674 2391 716; x_wconf 95' lang='lat' dir='ltr'><strong>et</strong></span> <span class='ocrx_word' id='word_1_392' title='bbox 2437 664 2718 718; x_wconf 79' lang='lat' dir='ltr'><strong>sensiliilia</strong></span> <span class='ocrx_word' id='word_1_393' title='bbox 2778 666 2847 719; x_wconf 88' lang='lat' dir='ltr'><strong>ab</strong></span> <span class='ocrx_word' id='word_1_394' title='bbox 2914 667 3368 721; x_wconf 88' lang='lat' dir='ltr'><strong>intellectualibus</strong></span> <span class='ocrx_word' id='word_1_395' title='bbox 3428 670 3654 724; x_wconf 93' lang='lat' dir='ltr'><strong>distant.</strong></span> 
     </span>
    </p>
   </div>
   <div class='ocr_carea' id='block_1_52' title="bbox 2079 749 3643 823">
    <p class='ocr_par' dir='ltr' id='par_1_52' title="bbox 2079 749 3643 823">
     <span class='ocr_line' id='line_1_52' title="bbox 2079 749 3643 823; baseline 0.006 -19"><span class='ocrx_word' id='word_1_396' title='bbox 2079 749 2311 805; x_wconf 86' lang='lat' dir='ltr'><strong>Tantum</strong></span> <span class='ocrx_word' id='word_1_397' title='bbox 2367 753 2534 823; x_wconf 82' lang='lat' dir='ltr'><strong>igitur</strong></span> <span class='ocrx_word' id='word_1_398' title='bbox 2567 771 2595 807; x_wconf 89' lang='lat' dir='ltr'><strong>a</strong></span> <span class='ocrx_word' id='word_1_399' title='bbox 2627 756 2736 809; x_wconf 80' lang='lat' dir='ltr'><strong>Deo</strong></span> <span class='ocrx_word' id='word_1_400' title='bbox 2796 767 2986 810; x_wconf 83' lang='lat' dir='ltr'><strong>natura</strong></span> <span class='ocrx_word' id='word_1_401' title='bbox 3044 767 3229 813; x_wconf 85' lang='lat' dir='ltr'><strong>nostra</strong></span> <span class='ocrx_word' id='word_1_402' title='bbox 3276 759 3516 823; x_wconf 87' lang='lat' dir='ltr'><strong>remotis,</strong></span> <span class='ocrx_word' id='word_1_403' title='bbox 3561 775 3643 814; x_wconf 72' lang='lat' dir='ltr'><strong>va:</strong></span> 
     </span>
    </p>
   </div>
   <div class='ocr_carea' id='block_1_53' title="bbox 2080 844 3655 920">
    <p class='ocr_par' dir='ltr' id='par_1_53' title="bbox 2080 844 3655 920">
     <span class='ocr_line' id='line_1_53' title="bbox 2080 844 3655 920; baseline 0.006 -25"><span class='ocrx_word' id='word_1_404' title='bbox 2080 844 2328 912; x_wconf 79' lang='lat' dir='ltr'><strong>profecto</strong></span> <span class='ocrx_word' id='word_1_405' title='bbox 2358 847 2532 908; x_wconf 82' lang='lat' dir='ltr'><strong>nobis.</strong></span> <span class='ocrx_word' id='word_1_406' title='bbox 2567 848 2612 902; x_wconf 92' lang='lat' dir='ltr'><strong>si</strong></span> <span class='ocrx_word' id='word_1_407' title='bbox 2646 865 2751 902; x_wconf 88' lang='lat' dir='ltr'><strong>non</strong></span> <span class='ocrx_word' id='word_1_408' title='bbox 2784 849 2925 903; x_wconf 87' lang='lat' dir='ltr'><strong>bona</strong></span> <span class='ocrx_word' id='word_1_409' title='bbox 2969 850 3268 913; x_wconf 76' lang='lat' dir='ltr'><strong>voluntate,</strong></span> <span class='ocrx_word' id='word_1_410' title='bbox 3293 850 3655 920; x_wconf 81' lang='lat' dir='ltr'><strong>operibusque</strong></span> 
     </span>
    </p>
   </div>
   <div class='ocr_carea' id='block_1_54' title="bbox 2078 936 3226 1004">
    <p class='ocr_par' dir='ltr' id='par_1_54' title="bbox 2078 936 3226 1004">
     <span class='ocr_line' id='line_1_54' title="bbox 2078 936 3226 1004; baseline 0.006 -18"><span class='ocrx_word' id='word_1_411' title='bbox 2078 951 2141 989; x_wconf 87' lang='lat' dir='ltr'><strong>ac</strong></span> <span class='ocrx_word' id='word_1_412' title='bbox 2166 936 2406 990; x_wconf 85' lang='lat' dir='ltr'><strong>moribus</strong></span> <span class='ocrx_word' id='word_1_413' title='bbox 2426 939 2607 1004; x_wconf 84' lang='lat' dir='ltr'><strong>bonis,</strong></span> <span class='ocrx_word' id='word_1_414' title='bbox 2641 940 2706 991; x_wconf 90' lang='lat' dir='ltr'><strong>ad</strong></span> <span class='ocrx_word' id='word_1_415' title='bbox 2734 954 2856 992; x_wconf 89' lang='lat' dir='ltr'><strong>eum</strong></span> <span class='ocrx_word' id='word_1_416' title='bbox 2883 942 3226 996; x_wconf 78' lang='lat' dir='ltr'><strong>accedamus.</strong></span> 
     </span>
    </p>
   </div>
   <div class='ocr_carea' id='block_1_55' title="bbox 2149 1025 3653 1106">
    <p class='ocr_par' dir='ltr' id='par_1_55' title="bbox 2149 1025 3653 1106">
     <span class='ocr_line' id='line_1_55' title="bbox 2149 1025 3653 1106; baseline 0.007 -26"><span class='ocrx_word' id='word_1_417' title='bbox 2149 1025 2239 1080; x_wconf 90' lang='lat'><strong>80.</strong></span> <span class='ocrx_word' id='word_1_418' title='bbox 2275 1027 2544 1081; x_wconf 82' lang='lat' dir='ltr'><strong>Divinitus</strong></span> <span class='ocrx_word' id='word_1_419' title='bbox 2573 1037 2623 1081; x_wconf 91' lang='lat' dir='ltr'><strong>et</strong></span> <span class='ocrx_word' id='word_1_420' title='bbox 2667 1031 2809 1083; x_wconf 86' lang='lat' dir='ltr'><strong>divis</strong></span> <span class='ocrx_word' id='word_1_421' title='bbox 2838 1033 3105 1101; x_wconf 80' lang='lat' dir='ltr'><strong>theologis</strong></span> <span class='ocrx_word' id='word_1_422' title='bbox 3139 1050 3380 1090; x_wconf 92' lang='lat' dir='ltr'><strong>consone</strong></span> <span class='ocrx_word' id='word_1_423' title='bbox 3405 1038 3653 1106; x_wconf 83' lang='lat' dir='ltr'><strong>loquens,</strong></span> 
     </span>
    </p>
   </div>
   <div class='ocr_carea' id='block_1_56' title="bbox 2076 1118 3651 1197">
    <p class='ocr_par' dir='ltr' id='par_1_56' title="bbox 2076 1118 3651 1197">
     <span class='ocr_line' id='line_1_56' title="bbox 2076 1118 3651 1197; baseline 0.008 -24"><span class='ocrx_word' id='word_1_424' title='bbox 2076 1118 2252 1173; x_wconf 73' lang='lat' dir='ltr'><strong>dcil‘er</strong></span> <span class='ocrx_word' id='word_1_425' title='bbox 2286 1120 2659 1175; x_wconf 88' lang='lat' dir='ltr'><strong>Damascenus</strong></span> <span class='ocrx_word' id='word_1_426' title='bbox 2689 1121 2821 1176; x_wconf 77' lang='lat' dir='ltr'><strong>dicit</strong></span> <span class='ocrx_word' id='word_1_427' title='bbox 2866 1124 2918 1176; x_wconf 92' lang='lat' dir='ltr'><strong>in</strong></span> <span class='ocrx_word' id='word_1_428' title='bbox 2954 1127 3194 1179; x_wconf 85' lang='lat' dir='ltr'><strong>secundo</strong></span> <span class='ocrx_word' id='word_1_429' title='bbox 3227 1128 3651 1197; x_wconf 70' lang='lat' dir='ltr'><strong>tlieologicorum</strong></span> 
     </span>
    </p>
   </div>
   <div class='ocr_carea' id='block_1_57' title="bbox 2076 1210 3654 1280">
    <p class='ocr_par' dir='ltr' id='par_1_57' title="bbox 2076 1210 3654 1280">
     <span class='ocr_line' id='line_1_57' title="bbox 2076 1210 3654 1280; baseline 0.006 -19"><span class='ocrx_word' id='word_1_430' title='bbox 2076 1210 2313 1277; x_wconf 82' lang='lat' dir='ltr'><strong>capitum</strong></span> <span class='ocrx_word' id='word_1_431' title='bbox 2349 1226 2364 1266; x_wconf 85' lang='lat'><strong>:</strong></span> <span class='ocrx_word' id='word_1_432' title='bbox 2405 1229 2424 1261; x_wconf 81' lang='grc' dir='ltr'><strong>ι</strong></span> <span class='ocrx_word' id='word_1_433' title='bbox 2456 1211 2558 1277; x_wconf 84' lang='lat' dir='ltr'><strong>Qui</strong></span> <span class='ocrx_word' id='word_1_434' title='bbox 2592 1211 2658 1265; x_wconf 90' lang='lat' dir='ltr'><strong>de</strong></span> <span class='ocrx_word' id='word_1_435' title='bbox 2715 1211 2825 1266; x_wconf 88' lang='lat' dir='ltr'><strong>Deo</strong></span> <span class='ocrx_word' id='word_1_436' title='bbox 2877 1213 3085 1280; x_wconf 88' lang='lat' dir='ltr'><strong>aliquid</strong></span> <span class='ocrx_word' id='word_1_437' title='bbox 3141 1214 3324 1270; x_wconf 86' lang='lat' dir='ltr'><strong>dicere</strong></span> <span class='ocrx_word' id='word_1_438' title='bbox 3357 1218 3439 1271; x_wconf 87' lang='lat' dir='ltr'><strong>vel</strong></span> <span class='ocrx_word' id='word_1_439' title='bbox 3464 1218 3654 1271; x_wconf 87' lang='lat' dir='ltr'><strong>audire</strong></span> 
     </span>
    </p>
   </div>
   <div class='ocr_carea' id='block_1_58' title="bbox 2078 1302 3650 1366">
    <p class='ocr_par' dir='ltr' id='par_1_58' title="bbox 2078 1302 3650 1366">
     <span class='ocr_line' id='line_1_58' title="bbox 2078 1302 3650 1366; baseline 0.008 -15"><span class='ocrx_word' id='word_1_440' title='bbox 2078 1302 2207 1366; x_wconf 89' lang='lat' dir='ltr'><strong>vult,</strong></span> <span class='ocrx_word' id='word_1_441' title='bbox 2236 1304 2284 1356; x_wconf 91' lang='lat' dir='ltr'><strong>ei</strong></span> <span class='ocrx_word' id='word_1_442' title='bbox 2321 1304 2471 1357; x_wconf 82' lang='lat' dir='ltr'><strong>clare</strong></span> <span class='ocrx_word' id='word_1_443' title='bbox 2512 1304 2793 1357; x_wconf 86' lang='lat' dir='ltr'><strong>sciendum</strong></span> <span class='ocrx_word' id='word_1_444' title='bbox 2823 1315 2906 1358; x_wconf 85' lang='lat' dir='ltr'><strong>est</strong></span> <span class='ocrx_word' id='word_1_445' title='bbox 2929 1307 2982 1359; x_wconf 93' lang='lat' dir='ltr'><strong>in</strong></span> <span class='ocrx_word' id='word_1_446' title='bbox 3011 1306 3118 1360; x_wconf 81' lang='lat' dir='ltr'><strong>Deo</strong></span> <span class='ocrx_word' id='word_1_447' title='bbox 3139 1307 3271 1360; x_wconf 91' lang='lat' dir='ltr'><strong>etin</strong></span> <span class='ocrx_word' id='word_1_448' title='bbox 3304 1307 3650 1364; x_wconf 84' lang='lat' dir='ltr'><strong>Providentia</strong></span> 
     </span>
    </p>
   </div>
   <div class='ocr_carea' id='block_1_59' title="bbox 2075 1374 3652 1462">
    <p class='ocr_par' dir='ltr' id='par_1_59' title="bbox 2075 1374 3652 1462">
     <span class='ocr_line' id='line_1_59' title="bbox 2075 1374 3652 1462; baseline 0.004 -15"><span class='ocrx_word' id='word_1_449' title='bbox 2075 1408 2175 1448; x_wconf 89' lang='lat' dir='ltr'><strong>nec</strong></span> <span class='ocrx_word' id='word_1_450' title='bbox 2206 1395 2386 1448; x_wconf 85' lang='lat' dir='ltr'><strong>Omnia</strong></span> <span class='ocrx_word' id='word_1_451' title='bbox 2410 1374 2530 1447; x_wconf 70' lang='lat' dir='ltr'><strong>esse</strong></span> <span class='ocrx_word' id='word_1_452' title='bbox 2556 1396 2871 1462; x_wconf 79' lang='lat' dir='ltr'><strong>ineli&#39;abilia,</strong></span> <span class='ocrx_word' id='word_1_453' title='bbox 2898 1413 3000 1452; x_wconf 90' lang='lat' dir='ltr'><strong>nec</strong></span> <span class='ocrx_word' id='word_1_454' title='bbox 3023 1401 3205 1452; x_wconf 84' lang='lat' dir='ltr'><strong>omnia</strong></span> <span class='ocrx_word' id='word_1_455' title='bbox 3228 1400 3487 1462; x_wconf 81' lang='lat' dir='ltr'><strong>elTabilia,</strong></span> <span class='ocrx_word' id='word_1_456' title='bbox 3511 1402 3652 1455; x_wconf 82' lang='lat' dir='ltr'><strong>sicut</strong></span> 
     </span>
    </p>
   </div>
   <div class='ocr_carea' id='block_1_60' title="bbox 2073 1486 3647 1558">
    <p class='ocr_par' dir='ltr' id='par_1_60' title="bbox 2073 1486 3647 1558">
     <span class='ocr_line' id='line_1_60' title="bbox 2073 1486 3647 1558; baseline 0.005 -19"><span class='ocrx_word' id='word_1_457' title='bbox 2073 1499 2176 1539; x_wconf 89' lang='lat' dir='ltr'><strong>nec</strong></span> <span class='ocrx_word' id='word_1_458' title='bbox 2202 1488 2383 1539; x_wconf 85' lang='lat' dir='ltr'><strong>omnia</strong></span> <span class='ocrx_word' id='word_1_459' title='bbox 2420 1486 2655 1551; x_wconf 84' lang='lat' dir='ltr'><strong>scibilia,</strong></span> <span class='ocrx_word' id='word_1_460' title='bbox 2682 1503 2782 1543; x_wconf 91' lang='lat' dir='ltr'><strong>nec</strong></span> <span class='ocrx_word' id='word_1_461' title='bbox 2810 1489 2991 1542; x_wconf 83' lang='lat' dir='ltr'><strong>omnia</strong></span> <span class='ocrx_word' id='word_1_462' title='bbox 3026 1488 3330 1544; x_wconf 74' lang='lat' dir='ltr'><strong>neseiliilia.</strong></span> <span class='ocrx_word' id='word_1_463' title='bbox 3357 1491 3463 1545; x_wconf 85' lang='lat' dir='ltr'><strong>Sed</strong></span> <span class='ocrx_word' id='word_1_464' title='bbox 3484 1507 3647 1558; x_wconf 79' lang='lat' dir='ltr'><strong>supra</strong></span> 
     </span>
    </p>
   </div>
   <div class='ocr_carea' id='block_1_61' title="bbox 2073 1579 3648 1650">
    <p class='ocr_par' dir='ltr' id='par_1_61' title="bbox 2073 1579 3648 1650">
     <span class='ocr_line' id='line_1_61' title="bbox 2073 1579 3648 1650; baseline 0.004 -19"><span class='ocrx_word' id='word_1_465' title='bbox 2073 1592 2378 1631; x_wconf 78' lang='lat' dir='ltr'><strong>sermonem</strong></span> <span class='ocrx_word' id='word_1_466' title='bbox 2402 1592 2525 1632; x_wconf 84' lang='lat' dir='ltr'><strong>esse</strong></span> <span class='ocrx_word' id='word_1_467' title='bbox 2548 1579 2751 1633; x_wconf 86' lang='lat' dir='ltr'><strong>scimus</strong></span> <span class='ocrx_word' id='word_1_468' title='bbox 2794 1596 3135 1649; x_wconf 65' lang='lat' dir='ltr'><strong>quaecunque</strong></span> <span class='ocrx_word' id='word_1_469' title='bbox 3156 1582 3223 1635; x_wconf 87' lang='lat' dir='ltr'><strong>de</strong></span> <span class='ocrx_word' id='word_1_470' title='bbox 3251 1583 3357 1635; x_wconf 88' lang='lat' dir='ltr'><strong>Deo</strong></span> <span class='ocrx_word' id='word_1_471' title='bbox 3378 1581 3648 1650; x_wconf 82' lang='lat' dir='ltr'><strong>dicimus;</strong></span> 
     </span>
    </p>
   </div>
   <div class='ocr_carea' id='block_1_62' title="bbox 2070 1669 3648 1744">
    <p class='ocr_par' dir='ltr' id='par_1_62' title="bbox 2070 1669 3648 1744">
     <span class='ocr_line' id='line_1_62' title="bbox 2070 1669 3648 1744; baseline 0.004 -23"><span class='ocrx_word' id='word_1_472' title='bbox 2070 1669 2272 1738; x_wconf 89' lang='lat' dir='ltr'><strong>quippe</strong></span> <span class='ocrx_word' id='word_1_473' title='bbox 2325 1684 2445 1736; x_wconf 68' lang='lat' dir='ltr'><strong>qua:</strong></span> <span class='ocrx_word' id='word_1_474' title='bbox 2491 1673 2904 1738; x_wconf 86' lang='lat' dir='ltr'><strong>supereminent</strong></span> <span class='ocrx_word' id='word_1_475' title='bbox 2956 1688 3262 1727; x_wconf 87' lang='lat' dir='ltr'><strong>sermonem</strong></span> <span class='ocrx_word' id='word_1_476' title='bbox 3310 1676 3441 1744; x_wconf 92' lang='lat' dir='ltr'><strong>(non</strong></span> <span class='ocrx_word' id='word_1_477' title='bbox 3502 1676 3648 1728; x_wconf 89' lang='lat' dir='ltr'><strong>enim</strong></span> 
     </span>
    </p>
   </div>
   <div class='ocr_carea' id='block_1_63' title="bbox 2072 1765 3647 1832">
    <p class='ocr_par' dir='ltr' id='par_1_63' title="bbox 2072 1765 3647 1832">
     <span class='ocr_line' id='line_1_63' title="bbox 2072 1765 3647 1832; baseline 0.003 -18"><span class='ocrx_word' id='word_1_478' title='bbox 2072 1771 2224 1814; x_wconf 78' lang='lat' dir='ltr'><strong>extra</strong></span> <span class='ocrx_word' id='word_1_479' title='bbox 2251 1776 2558 1816; x_wconf 85' lang='lat' dir='ltr'><strong>sermonem</strong></span> <span class='ocrx_word' id='word_1_480' title='bbox 2613 1772 2741 1815; x_wconf 87' lang='lat' dir='ltr'><strong>sunt</strong></span> <span class='ocrx_word' id='word_1_481' title='bbox 2773 1773 2992 1832; x_wconf 83' lang='lat' dir='ltr'><strong>propter</strong></span> <span class='ocrx_word' id='word_1_482' title='bbox 3044 1765 3341 1831; x_wconf 79' lang='lat' dir='ltr'><strong>delectum,</strong></span> <span class='ocrx_word' id='word_1_483' title='bbox 3376 1766 3467 1820; x_wconf 90' lang='lat' dir='ltr'><strong>sed</strong></span> <span class='ocrx_word' id='word_1_484' title='bbox 3494 1777 3647 1819; x_wconf 82' lang='lat' dir='ltr'><strong>extra</strong></span> 
     </span>
    </p>
   </div>
   <div class='ocr_carea' id='block_1_64' title="bbox 2028 1853 3647 1925">
    <p class='ocr_par' dir='ltr' id='par_1_64' title="bbox 2028 1853 3647 1925">
     <span class='ocr_line' id='line_1_64' title="bbox 2028 1853 3647 1925; baseline 0.001 -17"><span class='ocrx_word' id='word_1_485' title='bbox 2028 1872 2029 1875; x_wconf 67' lang='lat'>‘</span> <span class='ocrx_word' id='word_1_486' title='bbox 2071 1867 2379 1908; x_wconf 80' lang='lat' dir='ltr'><strong>sermonem</strong></span> <span class='ocrx_word' id='word_1_487' title='bbox 2441 1853 2731 1923; x_wconf 80' lang='lat' dir='ltr'><strong>nostrum),</strong></span> <span class='ocrx_word' id='word_1_488' title='bbox 2796 1869 2955 1921; x_wconf 86' lang='lat' dir='ltr'><strong>quem</strong></span> <span class='ocrx_word' id='word_1_489' title='bbox 3008 1856 3166 1911; x_wconf 88' lang='lat' dir='ltr'><strong>nobis</strong></span> <span class='ocrx_word' id='word_1_490' title='bbox 3219 1857 3349 1925; x_wconf 80' lang='lat' dir='ltr'><strong>ipsis</strong></span> <span class='ocrx_word' id='word_1_491' title='bbox 3400 1858 3647 1911; x_wconf 88' lang='lat' dir='ltr'><strong>intimum</strong></span> 
     </span>
    </p>
   </div>
   <div class='ocr_carea' id='block_1_65' title="bbox 2071 1945 3645 2012">
    <p class='ocr_par' dir='ltr' id='par_1_65' title="bbox 2071 1945 3645 2012">
     <span class='ocr_line' id='line_1_65' title="bbox 2071 1945 3645 2012; baseline 0.001 -13"><span class='ocrx_word' id='word_1_492' title='bbox 2071 1945 2354 2009; x_wconf 84' lang='lat' dir='ltr'><strong>habemus,</strong></span> <span class='ocrx_word' id='word_1_493' title='bbox 2388 1954 2442 1998; x_wconf 86' lang='lat' dir='ltr'><strong>et</strong></span> <span class='ocrx_word' id='word_1_494' title='bbox 2484 1960 2643 2012; x_wconf 88' lang='lat' dir='ltr'><strong>quem</strong></span> <span class='ocrx_word' id='word_1_495' title='bbox 2670 1960 2698 1998; x_wconf 91' lang='lat' dir='ltr'><strong>a</strong></span> <span class='ocrx_word' id='word_1_496' title='bbox 2734 1946 3005 2003; x_wconf 82' lang='lat' dir='ltr'><strong>nobismet</strong></span> <span class='ocrx_word' id='word_1_497' title='bbox 3035 1949 3101 2000; x_wconf 90' lang='lat' dir='ltr'><strong>ad</strong></span> <span class='ocrx_word' id='word_1_498' title='bbox 3131 1948 3363 2001; x_wconf 89' lang='lat' dir='ltr'><strong>aliorum</strong></span> <span class='ocrx_word' id='word_1_499' title='bbox 3395 1949 3645 2001; x_wconf 86' lang='lat' dir='ltr'><strong>auditum</strong></span> 
     </span>
    </p>
   </div>
   <div class='ocr_carea' id='block_1_66' title="bbox 2071 2035 3646 2107">
    <p class='ocr_par' dir='ltr' id='par_1_66' title="bbox 2071 2035 3646 2107">
     <span class='ocr_line' id='line_1_66' title="bbox 2071 2035 3646 2107; baseline 0.002 -19"><span class='ocrx_word' id='word_1_500' title='bbox 2071 2035 2420 2106; x_wconf 78' lang='lat' dir='ltr'><strong>proferimus.</strong></span> <span class='ocrx_word' id='word_1_501' title='bbox 2475 2036 2610 2090; x_wconf 84' lang='lat' dir='ltr'><strong>Nam</strong></span> <span class='ocrx_word' id='word_1_502' title='bbox 2645 2053 2819 2107; x_wconf 90' lang='lat' dir='ltr'><strong>neque</strong></span> <span class='ocrx_word' id='word_1_503' title='bbox 2865 2040 2951 2092; x_wconf 87' lang='lat' dir='ltr'><strong>hic</strong></span> <span class='ocrx_word' id='word_1_504' title='bbox 2997 2038 3178 2093; x_wconf 86' lang='lat' dir='ltr'><strong>divina</strong></span> <span class='ocrx_word' id='word_1_505' title='bbox 3231 2039 3646 2107; x_wconf 90' lang='lat' dir='ltr'><strong>interpretando</strong></span> 
     </span>
    </p>
   </div>
   <div class='ocr_carea' id='block_1_67' title="bbox 2071 2128 3647 2199">
    <p class='ocr_par' dir='ltr' id='par_1_67' title="bbox 2071 2128 3647 2199">
     <span class='ocr_line' id='line_1_67' title="bbox 2071 2128 3647 2199; baseline 0.001 -17"><span class='ocrx_word' id='word_1_506' title='bbox 2071 2128 2365 2196; x_wconf 78' lang='lat' dir='ltr'><strong>explanare</strong></span> <span class='ocrx_word' id='word_1_507' title='bbox 2393 2138 2591 2197; x_wconf 84' lang='lat' dir='ltr'><strong>potest,</strong></span> <span class='ocrx_word' id='word_1_508' title='bbox 2625 2145 2723 2183; x_wconf 90' lang='lat' dir='ltr'><strong>nec</strong></span> <span class='ocrx_word' id='word_1_509' title='bbox 2749 2129 2836 2183; x_wconf 90' lang='lat' dir='ltr'><strong>ille</strong></span> <span class='ocrx_word' id='word_1_510' title='bbox 2865 2130 3032 2184; x_wconf 88' lang='lat' dir='ltr'><strong>multa</strong></span> <span class='ocrx_word' id='word_1_511' title='bbox 3054 2145 3218 2199; x_wconf 88' lang='lat' dir='ltr'><strong>opera</strong></span> <span class='ocrx_word' id='word_1_512' title='bbox 3244 2134 3458 2186; x_wconf 84' lang='lat' dir='ltr'><strong>enitens</strong></span> <span class='ocrx_word' id='word_1_513' title='bbox 3489 2130 3647 2184; x_wconf 84' lang='lat' dir='ltr'><strong>intel-</strong></span> 
     </span>
    </p>
   </div>
   <div class='ocr_carea' id='block_1_68' title="bbox 2070 2219 3643 2292">
    <p class='ocr_par' dir='ltr' id='par_1_68' title="bbox 2070 2219 3643 2292">
     <span class='ocr_line' id='line_1_68' title="bbox 2070 2219 3643 2292; baseline 0.002 -18"><span class='ocrx_word' id='word_1_514' title='bbox 2070 2221 2236 2290; x_wconf 76' lang='lat' dir='ltr'><strong>ligere</strong></span> <span class='ocrx_word' id='word_1_515' title='bbox 2290 2222 2451 2275; x_wconf 81' lang='lat' dir='ltr'><strong>valet.</strong></span> <span class='ocrx_word' id='word_1_516' title='bbox 2496 2240 2514 2271; x_wconf 74' lang='grc' dir='ltr'><strong>ι</strong></span> <span class='ocrx_word' id='word_1_517' title='bbox 2549 2219 2666 2274; x_wconf 83' lang='grc' dir='ltr'>Νοιι</span> <span class='ocrx_word' id='word_1_518' title='bbox 2720 2222 2882 2289; x_wconf 82' lang='lat' dir='ltr'><strong>igitur</strong></span> <span class='ocrx_word' id='word_1_519' title='bbox 2942 2222 3100 2275; x_wconf 86' lang='lat' dir='ltr'><strong>nobis</strong></span> <span class='ocrx_word' id='word_1_520' title='bbox 3138 2223 3270 2290; x_wconf 85' lang='lat' dir='ltr'><strong>ipsis</strong></span> <span class='ocrx_word' id='word_1_521' title='bbox 3328 2223 3643 2292; x_wconf 80' lang='lat' dir='ltr'><strong>permittere</strong></span> 
     </span>
    </p>
   </div>
   <div class='ocr_carea' id='block_1_69' title="bbox 2068 2314 3647 2384">
    <p class='ocr_par' dir='ltr' id='par_1_69' title="bbox 2068 2314 3647 2384">
     <span class='ocr_line' id='line_1_69' title="bbox 2068 2314 3647 2384; baseline 0.003 -16"><span class='ocrx_word' id='word_1_522' title='bbox 2068 2316 2330 2369; x_wconf 86' lang='lat' dir='ltr'><strong>debemus</strong></span> <span class='ocrx_word' id='word_1_523' title='bbox 2362 2324 2420 2369; x_wconf 91' lang='lat' dir='ltr'><strong>nt</strong></span> <span class='ocrx_word' id='word_1_524' title='bbox 2457 2314 2664 2383; x_wconf 86' lang='lat' dir='ltr'><strong>aliquid</strong></span> <span class='ocrx_word' id='word_1_525' title='bbox 2692 2315 2940 2369; x_wconf 81' lang='lat' dir='ltr'><strong>dicamus</strong></span> <span class='ocrx_word' id='word_1_526' title='bbox 2968 2314 3039 2369; x_wconf 86' lang='lat' dir='ltr'><strong>de</strong></span> <span class='ocrx_word' id='word_1_527' title='bbox 3090 2316 3220 2380; x_wconf 85' lang='lat' dir='ltr'><strong>Deo,</strong></span> <span class='ocrx_word' id='word_1_528' title='bbox 3243 2319 3337 2369; x_wconf 88' lang='lat' dir='ltr'><strong>sed</strong></span> <span class='ocrx_word' id='word_1_529' title='bbox 3375 2332 3473 2369; x_wconf 89' lang='lat' dir='ltr'><strong>nos</strong></span> <span class='ocrx_word' id='word_1_530' title='bbox 3502 2317 3647 2384; x_wconf 85' lang='lat' dir='ltr'><strong>ipsos</strong></span> 
     </span>
    </p>
   </div>
   <div class='ocr_carea' id='block_1_70' title="bbox 2069 2406 3644 2476">
    <p class='ocr_par' dir='ltr' id='par_1_70' title="bbox 2069 2406 3644 2476">
     <span class='ocr_line' id='line_1_70' title="bbox 2069 2406 3644 2476; baseline 0.001 -17"><span class='ocrx_word' id='word_1_531' title='bbox 2069 2406 2384 2474; x_wconf 89' lang='lat' dir='ltr'><strong>permittere</strong></span> <span class='ocrx_word' id='word_1_532' title='bbox 2423 2406 2678 2461; x_wconf 88' lang='lat' dir='ltr'><strong>debemus</strong></span> <span class='ocrx_word' id='word_1_533' title='bbox 2730 2406 2798 2460; x_wconf 89' lang='lat' dir='ltr'><strong>iis</strong></span> <span class='ocrx_word' id='word_1_534' title='bbox 2835 2406 2927 2476; x_wconf 90' lang='lat' dir='ltr'><strong>qui</strong></span> <span class='ocrx_word' id='word_1_535' title='bbox 2975 2407 3027 2459; x_wconf 92' lang='lat' dir='ltr'><strong>in</strong></span> <span class='ocrx_word' id='word_1_536' title='bbox 3085 2407 3279 2475; x_wconf 86' lang='lat' dir='ltr'><strong>spiritu</strong></span> <span class='ocrx_word' id='word_1_537' title='bbox 3337 2407 3644 2473; x_wconf 85' lang='lat' dir='ltr'><strong>spiritualia</strong></span> 
     </span>
    </p>
   </div>
   <div class='ocr_carea' id='block_1_71' title="bbox 2070 2493 3645 2564">
    <p class='ocr_par' dir='ltr' id='par_1_71' title="bbox 2070 2493 3645 2564">
     <span class='ocr_line' id='line_1_71' title="bbox 2070 2493 3645 2564; baseline 0.001 -18"><span class='ocrx_word' id='word_1_538' title='bbox 2070 2493 2384 2562; x_wconf 86' lang='lat' dir='ltr'><strong>loquuntur,</strong></span> <span class='ocrx_word' id='word_1_539' title='bbox 2416 2494 2583 2549; x_wconf 86' lang='lat' dir='ltr'><strong>etiam</strong></span> <span class='ocrx_word' id='word_1_540' title='bbox 2630 2495 2846 2564; x_wconf 81' lang='lat' dir='ltr'><strong>quando</strong></span> <span class='ocrx_word' id='word_1_541' title='bbox 2899 2496 3166 2549; x_wconf 83' lang='lat' dir='ltr'><strong>rationem</strong></span> <span class='ocrx_word' id='word_1_542' title='bbox 3215 2508 3518 2562; x_wconf 78' lang='lat' dir='ltr'><strong>exposcunt</strong></span> <span class='ocrx_word' id='word_1_543' title='bbox 3547 2496 3645 2548; x_wconf 89' lang='lat' dir='ltr'><strong>ad-</strong></span> 
     </span>
    </p>
   </div>
   <div class='ocr_carea' id='block_1_72' title="bbox 2068 2587 2320 2640">
    <p class='ocr_par' dir='ltr' id='par_1_72' title="bbox 2068 2587 2320 2640">
     <span class='ocr_line' id='line_1_72' title="bbox 2068 2587 2320 2640; baseline 0.004 -2"><span class='ocrx_word' id='word_1_544' title='bbox 2068 2587 2320 2640; x_wconf 84' lang='lat' dir='ltr'><strong>versarii.</strong></span> 
     </span>
    </p>
   </div>
   <div class='ocr_carea' id='block_1_73' title="bbox 2139 2678 3647 2748">
    <p class='ocr_par' dir='ltr' id='par_1_73' title="bbox 2139 2678 3647 2748">
     <span class='ocr_line' id='line_1_73' title="bbox 2139 2678 3647 2748; baseline 0.003 -17"><span class='ocrx_word' id='word_1_545' title='bbox 2139 2679 2231 2735; x_wconf 78' lang='lat' dir='ltr'><strong>8L</strong></span> <span class='ocrx_word' id='word_1_546' title='bbox 2277 2680 2482 2734; x_wconf 84' lang='lat' dir='ltr'><strong>Dicitur</strong></span> <span class='ocrx_word' id='word_1_547' title='bbox 2543 2681 2870 2748; x_wconf 83' lang='lat' dir='ltr'><strong>inscriptum</strong></span> <span class='ocrx_word' id='word_1_548' title='bbox 2924 2678 3097 2733; x_wconf 82' lang='lat' dir='ltr'><strong>luisse</strong></span> <span class='ocrx_word' id='word_1_549' title='bbox 3126 2679 3178 2731; x_wconf 90' lang='lat' dir='ltr'><strong>in</strong></span> <span class='ocrx_word' id='word_1_550' title='bbox 3236 2687 3390 2748; x_wconf 86' lang='lat' dir='ltr'><strong>porta</strong></span> <span class='ocrx_word' id='word_1_551' title='bbox 3444 2679 3647 2735; x_wconf 69' lang='lat' dir='ltr'><strong>St-liolaa</strong></span> 
     </span>
    </p>
   </div>
   <div class='ocr_carea' id='block_1_74' title="bbox 2065 2770 3639 2840">
    <p class='ocr_par' dir='ltr' id='par_1_74' title="bbox 2065 2770 3639 2840">
     <span class='ocr_line' id='line_1_74' title="bbox 2065 2770 3639 2840; baseline -0.003 -14"><span class='ocrx_word' id='word_1_552' title='bbox 2065 2771 2309 2826; x_wconf 82' lang='lat' dir='ltr'><strong>Platonis</strong></span> <span class='ocrx_word' id='word_1_553' title='bbox 2353 2788 2368 2827; x_wconf 87' lang='lat'><strong>:</strong></span> <span class='ocrx_word' id='word_1_554' title='bbox 2433 2791 2450 2823; x_wconf 78' lang='grc' dir='ltr'><strong>ι</strong></span> <span class='ocrx_word' id='word_1_555' title='bbox 2496 2770 2667 2825; x_wconf 87' lang='lat' dir='ltr'><strong>Nemo</strong></span> <span class='ocrx_word' id='word_1_556' title='bbox 2721 2771 2888 2824; x_wconf 75' lang='lat' dir='ltr'><strong>intret</strong></span> <span class='ocrx_word' id='word_1_557' title='bbox 2938 2771 3255 2840; x_wconf 69' lang='lat' dir='ltr'><strong>geometria:</strong></span> <span class='ocrx_word' id='word_1_558' title='bbox 3310 2772 3555 2838; x_wconf 82' lang='lat' dir='ltr'><strong>ignarus.</strong></span> <span class='ocrx_word' id='word_1_559' title='bbox 3619 2789 3639 2822; x_wconf 74' lang='grc' dir='ltr'><strong>ι</strong></span> 
     </span>
    </p>
   </div>
   <div class='ocr_carea' id='block_1_75' title="bbox 2064 2863 3644 2932">
    <p class='ocr_par' dir='ltr' id='par_1_75' title="bbox 2064 2863 3644 2932">
     <span class='ocr_line' id='line_1_75' title="bbox 2064 2863 3644 2932; baseline -0.002 -14"><span class='ocrx_word' id='word_1_560' title='bbox 2064 2863 2299 2918; x_wconf 83' lang='lat' dir='ltr'><strong>Omnino</strong></span> <span class='ocrx_word' id='word_1_561' title='bbox 2360 2878 2537 2917; x_wconf 87' lang='lat' dir='ltr'><strong>autem</strong></span> <span class='ocrx_word' id='word_1_562' title='bbox 2584 2865 2894 2932; x_wconf 73' lang='lat' dir='ltr'><strong>geometria:</strong></span> <span class='ocrx_word' id='word_1_563' title='bbox 2961 2863 3180 2931; x_wconf 79' lang='lat' dir='ltr'><strong>ignarus</strong></span> <span class='ocrx_word' id='word_1_564' title='bbox 3242 2875 3345 2924; x_wconf 88' lang='lat' dir='ltr'><strong>est,</strong></span> <span class='ocrx_word' id='word_1_565' title='bbox 3400 2863 3491 2929; x_wconf 90' lang='lat' dir='ltr'><strong>qui</strong></span> <span class='ocrx_word' id='word_1_566' title='bbox 3538 2876 3644 2915; x_wconf 91' lang='lat' dir='ltr'><strong>non</strong></span> 
     </span>
    </p>
   </div>
   <div class='ocr_carea' id='block_1_76' title="bbox 2065 2950 3641 3020">
    <p class='ocr_par' dir='ltr' id='par_1_76' title="bbox 2065 2950 3641 3020">
     <span class='ocr_line' id='line_1_76' title="bbox 2065 2950 3641 3020; baseline 0.002 -18"><span class='ocrx_word' id='word_1_567' title='bbox 2065 2960 2243 3020; x_wconf 86' lang='lat' dir='ltr'><strong>potest</strong></span> <span class='ocrx_word' id='word_1_568' title='bbox 2270 2950 2336 3005; x_wconf 89' lang='lat' dir='ltr'><strong>de</strong></span> <span class='ocrx_word' id='word_1_569' title='bbox 2363 2951 2607 3005; x_wconf 88' lang='lat' dir='ltr'><strong>indivisis</strong></span> <span class='ocrx_word' id='word_1_570' title='bbox 2631 2953 2769 3006; x_wconf 89' lang='lat' dir='ltr'><strong>sicut</strong></span> <span class='ocrx_word' id='word_1_571' title='bbox 2791 2951 2980 3006; x_wconf 84' lang='lat' dir='ltr'><strong>divisis</strong></span> <span class='ocrx_word' id='word_1_572' title='bbox 3008 2951 3246 3019; x_wconf 77' lang='lat' dir='ltr'><strong>cogitare</strong></span> <span class='ocrx_word' id='word_1_573' title='bbox 3269 2961 3323 3004; x_wconf 87' lang='lat' dir='ltr'><strong>et</strong></span> <span class='ocrx_word' id='word_1_574' title='bbox 3349 2953 3641 3005; x_wconf 82' lang='lat' dir='ltr'><strong>disserere.</strong></span> 
     </span>
    </p>
   </div>
   <div class='ocr_carea' id='block_1_77' title="bbox 2065 3042 3641 3110">
    <p class='ocr_par' dir='ltr' id='par_1_77' title="bbox 2065 3042 3641 3110">
     <span class='ocr_line' id='line_1_77' title="bbox 2065 3042 3641 3110; baseline 0.001 -16"><span class='ocrx_word' id='word_1_575' title='bbox 2065 3042 2196 3094; x_wconf 86' lang='lat' dir='ltr'><strong>Nam</strong></span> <span class='ocrx_word' id='word_1_576' title='bbox 2228 3043 2517 3095; x_wconf 84' lang='lat' dir='ltr'><strong>terminum</strong></span> <span class='ocrx_word' id='word_1_577' title='bbox 2563 3043 2767 3110; x_wconf 81' lang='lat' dir='ltr'><strong>absque</strong></span> <span class='ocrx_word' id='word_1_578' title='bbox 2813 3046 3096 3096; x_wconf 87' lang='lat' dir='ltr'><strong>terminato</strong></span> <span class='ocrx_word' id='word_1_579' title='bbox 3159 3042 3493 3110; x_wconf 86' lang='lat' dir='ltr'><strong>impossibile</strong></span> <span class='ocrx_word' id='word_1_580' title='bbox 3540 3053 3641 3096; x_wconf 90' lang='lat' dir='ltr'><strong>cst.</strong></span> 
     </span>
    </p>
   </div>
   <div class='ocr_carea' id='block_1_78' title="bbox 2066 3130 3640 3202">
    <p class='ocr_par' dir='ltr' id='par_1_78' title="bbox 2066 3130 3640 3202">
     <span class='ocr_line' id='line_1_78' title="bbox 2066 3130 3640 3202; baseline 0.002 -18"><span class='ocrx_word' id='word_1_581' title='bbox 2066 3130 2370 3185; x_wconf 80' lang='lat' dir='ltr'><strong>Geometria</strong></span> <span class='ocrx_word' id='word_1_582' title='bbox 2402 3140 2580 3186; x_wconf 88' lang='lat' dir='ltr'><strong>autem</strong></span> <span class='ocrx_word' id='word_1_583' title='bbox 2596 3132 2663 3186; x_wconf 89' lang='lat' dir='ltr'><strong>de</strong></span> <span class='ocrx_word' id='word_1_584' title='bbox 2693 3134 2944 3187; x_wconf 83' lang='lat' dir='ltr'><strong>terminis</strong></span> <span class='ocrx_word' id='word_1_585' title='bbox 2971 3131 3081 3186; x_wconf 88' lang='lat' dir='ltr'><strong>l‘erc</strong></span> <span class='ocrx_word' id='word_1_586' title='bbox 3108 3148 3323 3202; x_wconf 74' lang='lat' dir='ltr'><strong>semper</strong></span> <span class='ocrx_word' id='word_1_587' title='bbox 3351 3133 3590 3202; x_wconf 86' lang='lat' dir='ltr'><strong>loquitur</strong></span> <span class='ocrx_word' id='word_1_588' title='bbox 3624 3150 3640 3187; x_wconf 90' lang='lat'><strong>:</strong></span> 
     </span>
    </p>
   </div>
   <div class='ocr_carea' id='block_1_79' title="bbox 2065 3222 3646 3293">
    <p class='ocr_par' dir='ltr' id='par_1_79' title="bbox 2065 3222 3646 3293">
     <span class='ocr_line' id='line_1_79' title="bbox 2065 3222 3646 3293; baseline 0.003 -18"><span class='ocrx_word' id='word_1_589' title='bbox 2065 3223 2157 3291; x_wconf 88' lang='lat' dir='ltr'><strong>qtti</strong></span> <span class='ocrx_word' id='word_1_590' title='bbox 2212 3222 2374 3275; x_wconf 87' lang='lat' dir='ltr'><strong>etiam</strong></span> <span class='ocrx_word' id='word_1_591' title='bbox 2407 3224 2614 3291; x_wconf 84' lang='lat' dir='ltr'><strong>absque</strong></span> <span class='ocrx_word' id='word_1_592' title='bbox 2653 3226 2958 3279; x_wconf 72' lang='lat' dir='ltr'><strong>terminatis</strong></span> <span class='ocrx_word' id='word_1_593' title='bbox 2994 3226 3287 3290; x_wconf 85' lang='lat' dir='ltr'><strong>aliquando</strong></span> <span class='ocrx_word' id='word_1_594' title='bbox 3338 3227 3390 3278; x_wconf 89' lang='lat' dir='ltr'><strong>itt</strong></span> <span class='ocrx_word' id='word_1_595' title='bbox 3449 3225 3646 3293; x_wconf 86' lang='lat' dir='ltr'><strong>seipsis</strong></span> 
     </span>
    </p>
   </div>
   <div class='ocr_carea' id='block_1_80' title="bbox 2066 3314 3639 3382">
    <p class='ocr_par' dir='ltr' id='par_1_80' title="bbox 2066 3314 3639 3382">
     <span class='ocr_line' id='line_1_80' title="bbox 2066 3314 3639 3382; baseline 0.001 -15"><span class='ocrx_word' id='word_1_596' title='bbox 2066 3314 2396 3368; x_wconf 79' lang='lat' dir='ltr'><strong>deﬁniuntur</strong></span> <span class='ocrx_word' id='word_1_597' title='bbox 2446 3324 2501 3367; x_wconf 84' lang='lat' dir='ltr'><strong>et</strong></span> <span class='ocrx_word' id='word_1_598' title='bbox 2565 3327 2962 3382; x_wconf 85' lang='lat' dir='ltr'><strong>proponuntur,</strong></span> <span class='ocrx_word' id='word_1_599' title='bbox 3015 3316 3295 3370; x_wconf 88' lang='lat' dir='ltr'><strong>intellectu</strong></span> <span class='ocrx_word' id='word_1_600' title='bbox 3354 3316 3639 3370; x_wconf 79' lang='lat' dir='ltr'><strong>dividente</strong></span> 
     </span>
    </p>
   </div>
   <div class='ocr_carea' id='block_1_81' title="bbox 2067 3406 3643 3476">
    <p class='ocr_par' dir='ltr' id='par_1_81' title="bbox 2067 3406 3643 3476">
     <span class='ocr_line' id='line_1_81' title="bbox 2067 3406 3643 3476; baseline 0.001 -16"><span class='ocrx_word' id='word_1_601' title='bbox 2067 3406 2438 3460; x_wconf 74' lang='lat' dir='ltr'><strong>indivisiliilia.</strong></span> <span class='ocrx_word' id='word_1_602' title='bbox 2485 3407 2589 3471; x_wconf 84' lang='lat' dir='ltr'><strong>Qui</strong></span> <span class='ocrx_word' id='word_1_603' title='bbox 2636 3419 2815 3459; x_wconf 85' lang='lat' dir='ltr'><strong>autem</strong></span> <span class='ocrx_word' id='word_1_604' title='bbox 2860 3423 3060 3476; x_wconf 90' lang='lat' dir='ltr'><strong>corpus</strong></span> <span class='ocrx_word' id='word_1_605' title='bbox 3091 3423 3119 3461; x_wconf 86' lang='lat' dir='ltr'><strong>a</strong></span> <span class='ocrx_word' id='word_1_606' title='bbox 3154 3408 3643 3461; x_wconf 84' lang='lat' dir='ltr'><strong>eireutnstautilms</strong></span> 
     </span>
    </p>
   </div>
   <div class='ocr_carea' id='block_1_82' title="bbox 2066 3497 3644 3567">
    <p class='ocr_par' dir='ltr' id='par_1_82' title="bbox 2066 3497 3644 3567">
     <span class='ocr_line' id='line_1_82' title="bbox 2066 3497 3644 3567; baseline 0.002 -18"><span class='ocrx_word' id='word_1_607' title='bbox 2066 3497 2194 3551; x_wconf 87' lang='lat' dir='ltr'><strong>illttd</strong></span> <span class='ocrx_word' id='word_1_608' title='bbox 2221 3499 2391 3552; x_wconf 73' lang='lat' dir='ltr'><strong>nescit</strong></span> <span class='ocrx_word' id='word_1_609' title='bbox 2420 3498 2759 3560; x_wconf 83' lang='lat' dir='ltr'><strong>abstrahere,</strong></span> <span class='ocrx_word' id='word_1_610' title='bbox 2792 3501 3063 3567; x_wconf 89' lang='lat' dir='ltr'><strong>quomodo</strong></span> <span class='ocrx_word' id='word_1_611' title='bbox 3094 3500 3356 3566; x_wconf 79' lang='lat' dir='ltr'><strong>intelligat</strong></span> <span class='ocrx_word' id='word_1_612' title='bbox 3389 3506 3644 3552; x_wconf 78' lang='lat' dir='ltr'><strong>naturam</strong></span> 
     </span>
    </p>
   </div>
   <div class='ocr_carea' id='block_1_83' title="bbox 2066 3591 3641 3661">
    <p class='ocr_par' dir='ltr' id='par_1_83' title="bbox 2066 3591 3641 3661">
     <span class='ocr_line' id='line_1_83' title="bbox 2066 3591 3641 3661; baseline -0.001 -17"><span class='ocrx_word' id='word_1_613' title='bbox 2066 3591 2117 3644; x_wconf 90' lang='lat' dir='ltr'><strong>in</strong></span> <span class='ocrx_word' id='word_1_614' title='bbox 2149 3591 2327 3660; x_wconf 78' lang='lat' dir='ltr'><strong>seipsa</strong></span> <span class='ocrx_word' id='word_1_615' title='bbox 2373 3604 2696 3658; x_wconf 65' lang='lat' dir='ltr'><strong>respeciain,</strong></span> <span class='ocrx_word' id='word_1_616' title='bbox 2735 3609 2855 3661; x_wconf 66' lang='lat' dir='ltr'><strong>quae</strong></span> <span class='ocrx_word' id='word_1_617' title='bbox 2884 3591 3104 3659; x_wconf 89' lang='lat' dir='ltr'><strong>quidem</strong></span> <span class='ocrx_word' id='word_1_618' title='bbox 3138 3608 3242 3645; x_wconf 90' lang='lat' dir='ltr'><strong>non</strong></span> <span class='ocrx_word' id='word_1_619' title='bbox 3277 3592 3453 3645; x_wconf 91' lang='lat' dir='ltr'><strong>solum</strong></span> <span class='ocrx_word' id='word_1_620' title='bbox 3482 3607 3641 3659; x_wconf 74' lang='lat' dir='ltr'><strong>sepa-</strong></span> 
     </span>
    </p>
   </div>
   <div class='ocr_carea' id='block_1_84' title="bbox 2067 3685 3639 3756">
    <p class='ocr_par' dir='ltr' id='par_1_84' title="bbox 2067 3685 3639 3756">
     <span class='ocr_line' id='line_1_84' title="bbox 2067 3685 3639 3756; baseline 0 -19"><span class='ocrx_word' id='word_1_621' title='bbox 2067 3685 2174 3737; x_wconf 89' lang='lat' dir='ltr'><strong>rari</strong></span> <span class='ocrx_word' id='word_1_622' title='bbox 2219 3686 2403 3752; x_wconf 83' lang='lat' dir='ltr'><strong>nequit</strong></span> <span class='ocrx_word' id='word_1_623' title='bbox 2433 3698 2462 3737; x_wconf 85' lang='lat' dir='ltr'><strong>a</strong></span> <span class='ocrx_word' id='word_1_624' title='bbox 2501 3686 2837 3741; x_wconf 54' lang='lat' dir='ltr'><strong>naturalibus</strong></span> <span class='ocrx_word' id='word_1_625' title='bbox 2888 3686 3087 3756; x_wconf 86' lang='lat' dir='ltr'><strong>quibus</strong></span> <span class='ocrx_word' id='word_1_626' title='bbox 3142 3693 3355 3741; x_wconf 73' lang='lat' dir='ltr'><strong>constat</strong></span> <span class='ocrx_word' id='word_1_627' title='bbox 3393 3687 3639 3755; x_wconf 73' lang='lat' dir='ltr'><strong>proprie-</strong></span> 
     </span>
    </p>
   </div>
   <div class='ocr_carea' id='block_1_85' title="bbox 2067 3774 3640 3846">
    <p class='ocr_par' dir='ltr' id='par_1_85' title="bbox 2067 3774 3640 3846">
     <span class='ocr_line' id='line_1_85' title="bbox 2067 3774 3640 3846; baseline 0.004 -20"><span class='ocrx_word' id='word_1_628' title='bbox 2067 3774 2289 3840; x_wconf 87' lang='lat' dir='ltr'><strong>tatibus,</strong></span> <span class='ocrx_word' id='word_1_629' title='bbox 2319 3776 2410 3829; x_wconf 82' lang='lat' dir='ltr'><strong>sed</strong></span> <span class='ocrx_word' id='word_1_630' title='bbox 2451 3792 2729 3844; x_wconf 82' lang='lat' dir='ltr'><strong>nunquam</strong></span> <span class='ocrx_word' id='word_1_631' title='bbox 2774 3793 2893 3832; x_wconf 86' lang='lat' dir='ltr'><strong>esse</strong></span> <span class='ocrx_word' id='word_1_632' title='bbox 2930 3788 3106 3844; x_wconf 86' lang='lat' dir='ltr'><strong>potest</strong></span> <span class='ocrx_word' id='word_1_633' title='bbox 3130 3779 3248 3830; x_wconf 87' lang='lat' dir='ltr'><strong>sine</strong></span> <span class='ocrx_word' id='word_1_634' title='bbox 3288 3777 3459 3846; x_wconf 84' lang='lat' dir='ltr'><strong>ipsis?</strong></span> <span class='ocrx_word' id='word_1_635' title='bbox 3493 3778 3640 3843; x_wconf 56' lang='lat' dir='ltr'><strong>Qui»</strong></span> 
     </span>
    </p>
   </div>
   <div class='ocr_carea' id='block_1_86' title="bbox 2066 3864 3636 3935">
    <p class='ocr_par' dir='ltr' id='par_1_86' title="bbox 2066 3864 3636 3935">
     <span class='ocr_line' id='line_1_86' title="bbox 2066 3864 3636 3935; baseline 0.003 -19"><span class='ocrx_word' id='word_1_636' title='bbox 2066 3864 2226 3916; x_wconf 89' lang='lat' dir='ltr'><strong>tnodo</strong></span> <span class='ocrx_word' id='word_1_637' title='bbox 2295 3865 2556 3935; x_wconf 80' lang='lat' dir='ltr'><strong>intelliget</strong></span> <span class='ocrx_word' id='word_1_638' title='bbox 2611 3869 2971 3935; x_wconf 78' lang='lat' dir='ltr'><strong>proprietates</strong></span> <span class='ocrx_word' id='word_1_639' title='bbox 3022 3867 3190 3920; x_wconf 88' lang='lat' dir='ltr'><strong>totius</strong></span> <span class='ocrx_word' id='word_1_640' title='bbox 3244 3882 3366 3922; x_wconf 69' lang='lat' dir='ltr'><strong>case</strong></span> <span class='ocrx_word' id='word_1_641' title='bbox 3416 3874 3636 3920; x_wconf 73' lang='lat' dir='ltr'><strong>easdem</strong></span> 
     </span>
    </p>
   </div>
   <div class='ocr_carea' id='block_1_87' title="bbox 2034 3956 3639 4023">
    <p class='ocr_par' dir='ltr' id='par_1_87' title="bbox 2034 3956 3639 4023">
     <span class='ocr_line' id='line_1_87' title="bbox 2034 3956 3639 4023; baseline 0.003 -17"><span class='ocrx_word' id='word_1_642' title='bbox 2034 3963 2228 4021; x_wconf 82' lang='lat' dir='ltr'><strong>&#39;quatn</strong></span> <span class='ocrx_word' id='word_1_643' title='bbox 2280 3956 2509 4017; x_wconf 82' lang='lat' dir='ltr'><strong>partium</strong></span> <span class='ocrx_word' id='word_1_644' title='bbox 2557 3957 2942 4023; x_wconf 81' lang='lat' dir='ltr'><strong>proprietates,</strong></span> <span class='ocrx_word' id='word_1_645' title='bbox 3002 3965 3056 4010; x_wconf 92' lang='lat' dir='ltr'><strong>et</strong></span> <span class='ocrx_word' id='word_1_646' title='bbox 3117 3956 3234 4010; x_wconf 72' lang='lat' dir='ltr'><strong>solo</strong></span> <span class='ocrx_word' id='word_1_647' title='bbox 3279 3957 3552 4010; x_wconf 75' lang='lat' dir='ltr'><strong>intelectn</strong></span> <span class='ocrx_word' id='word_1_648' title='bbox 3584 3966 3639 4011; x_wconf 89' lang='lat' dir='ltr'><strong>et</strong></span> 
     </span>
    </p>
   </div>
   <div class='ocr_carea' id='block_1_88' title="bbox 2064 4044 3639 4116">
    <p class='ocr_par' dir='ltr' id='par_1_88' title="bbox 2064 4044 3639 4116">
     <span class='ocr_line' id='line_1_88' title="bbox 2064 4044 3639 4116; baseline 0.003 -19"><span class='ocrx_word' id='word_1_649' title='bbox 2064 4058 2314 4097; x_wconf 76' lang='lat' dir='ltr'><strong>Sermone</strong></span> <span class='ocrx_word' id='word_1_650' title='bbox 2373 4044 2438 4097; x_wconf 83' lang='lat' dir='ltr'><strong>ab</strong></span> <span class='ocrx_word' id='word_1_651' title='bbox 2495 4044 2579 4098; x_wconf 83' lang='lat' dir='ltr'><strong>his</strong></span> <span class='ocrx_word' id='word_1_652' title='bbox 2637 4047 2932 4113; x_wconf 83' lang='lat' dir='ltr'><strong>distingui;</strong></span> <span class='ocrx_word' id='word_1_653' title='bbox 2983 4056 3038 4100; x_wconf 91' lang='lat' dir='ltr'><strong>et</strong></span> <span class='ocrx_word' id='word_1_654' title='bbox 3091 4055 3219 4100; x_wconf 90' lang='lat' dir='ltr'><strong>ante</strong></span> <span class='ocrx_word' id='word_1_655' title='bbox 3272 4048 3639 4116; x_wconf 84' lang='lat' dir='ltr'><strong>pluralitatem</strong></span> 
     </span>
    </p>
   </div>
   <div class='ocr_carea' id='block_1_89' title="bbox 2063 4133 3641 4204">
    <p class='ocr_par' dir='ltr' id='par_1_89' title="bbox 2063 4133 3641 4204">
     <span class='ocr_line' id='line_1_89' title="bbox 2063 4133 3641 4204; baseline 0.002 -16"><span class='ocrx_word' id='word_1_656' title='bbox 2063 4133 2311 4202; x_wconf 80' lang='lat' dir='ltr'><strong>cogitari,</strong></span> <span class='ocrx_word' id='word_1_657' title='bbox 2342 4149 2461 4203; x_wconf 70' lang='lat' dir='ltr'><strong>quae</strong></span> <span class='ocrx_word' id='word_1_658' title='bbox 2503 4138 2623 4189; x_wconf 84' lang='lat' dir='ltr'><strong>sine</strong></span> <span class='ocrx_word' id='word_1_659' title='bbox 2655 4136 2965 4203; x_wconf 85' lang='lat' dir='ltr'><strong>pluralitate</strong></span> <span class='ocrx_word' id='word_1_660' title='bbox 3000 4152 3276 4204; x_wconf 83' lang='lat' dir='ltr'><strong>nunquam</strong></span> <span class='ocrx_word' id='word_1_661' title='bbox 3327 4149 3459 4191; x_wconf 79' lang='lat' dir='ltr'><strong>sunt</strong></span> <span class='ocrx_word' id='word_1_662' title='bbox 3504 4154 3641 4192; x_wconf 81' lang='lat' dir='ltr'><strong>vero</strong></span> 
     </span>
    </p>
   </div>
   <div class='ocr_carea' id='block_1_90' title="bbox 2063 4226 3640 4296">
    <p class='ocr_par' dir='ltr' id='par_1_90' title="bbox 2063 4226 3640 4296">
     <span class='ocr_line' id='line_1_90' title="bbox 2063 4226 3640 4296; baseline 0.004 -17"><span class='ocrx_word' id='word_1_663' title='bbox 2063 4227 2348 4280; x_wconf 80' lang='lat' dir='ltr'><strong>sermone?</strong></span> <span class='ocrx_word' id='word_1_664' title='bbox 2380 4226 2658 4292; x_wconf 83' lang='lat' dir='ltr'><strong>Quomodo</strong></span> <span class='ocrx_word' id='word_1_665' title='bbox 2688 4228 2953 4294; x_wconf 78' lang='lat' dir='ltr'><strong>intelliget</strong></span> <span class='ocrx_word' id='word_1_666' title='bbox 2977 4228 3046 4283; x_wconf 89' lang='lat' dir='ltr'><strong>de</strong></span> <span class='ocrx_word' id='word_1_667' title='bbox 3097 4228 3542 4296; x_wconf 80' lang='lat' dir='ltr'><strong>intelligibililius</strong></span> <span class='ocrx_word' id='word_1_668' title='bbox 3578 4239 3640 4284; x_wconf 86' lang='lat' dir='ltr'><strong>et.</strong></span> 
     </span>
    </p>
   </div>
   <div class='ocr_carea' id='block_1_91' title="bbox 2063 4317 3636 4390">
    <p class='ocr_par' dir='ltr' id='par_1_91' title="bbox 2063 4317 3636 4390">
     <span class='ocr_line' id='line_1_91' title="bbox 2063 4317 3636 4390; baseline 0.003 -20"><span class='ocrx_word' id='word_1_669' title='bbox 2063 4317 2557 4381; x_wconf 62' lang='lat' dir='ltr'><strong>intellectualibns‘,</strong></span> <span class='ocrx_word' id='word_1_670' title='bbox 2635 4318 2943 4386; x_wconf 85' lang='lat' dir='ltr'><strong>quomodo,</strong></span> <span class='ocrx_word' id='word_1_671' title='bbox 3013 4320 3270 4388; x_wconf 79' lang='lat' dir='ltr'><strong>inquam,</strong></span> <span class='ocrx_word' id='word_1_672' title='bbox 3335 4321 3636 4390; x_wconf 79' lang='lat' dir='ltr'><strong>intelliget,</strong></span> 
     </span>
    </p>
   </div>
   <div class='ocr_carea' id='block_1_92' title="bbox 387 4409 1964 4486">
    <p class='ocr_par' dir='ltr' id='par_1_92' title="bbox 387 4414 1961 4486">
     <span class='ocr_line' id='line_1_92' title="bbox 387 4414 1961 4486; baseline 0 -21"><span class='ocrx_word' id='word_1_673' title='bbox 387 4414 760 4486; x_wconf 84' lang='grc' dir='ltr'>διανοήματα,</span> <span class='ocrx_word' id='word_1_674' title='bbox 810 4416 905 4469; x_wconf 88' lang='grc' dir='ltr'><strong>καί</strong></span> <span class='ocrx_word' id='word_1_675' title='bbox 943 4415 1052 4470; x_wconf 87' lang='grc' dir='ltr'><strong>τῶν</strong></span> <span class='ocrx_word' id='word_1_676' title='bbox 1099 4415 1481 4486; x_wconf 76' lang='grc' dir='ltr'>διανοημάτων</span> <span class='ocrx_word' id='word_1_677' title='bbox 1539 4415 1768 4467; x_wconf 73' lang='grc' dir='ltr'>ἕκαστον</span> <span class='ocrx_word' id='word_1_678' title='bbox 1803 4414 1961 4484; x_wconf 81' lang='grc' dir='ltr'>ἡμῶν</span> 
     </span>
    </p>
   </div>
   <div class='ocr_carea' id='block_1_93' title="bbox 2067 4409 3636 4486">
    <p class='ocr_par' dir='ltr' id='par_1_93' title="bbox 2068 4409 3636 4478">
     <span class='ocr_line' id='line_1_93' title="bbox 2068 4409 3636 4478; baseline 0.003 -17"><span class='ocrx_word' id='word_1_679' title='bbox 2068 4409 2310 4463; x_wconf 82' lang='lat' dir='ltr'><strong>dicentes</strong></span> <span class='ocrx_word' id='word_1_680' title='bbox 2366 4410 2564 4478; x_wconf 88' lang='lat' dir='ltr'><strong>cuique</strong></span> <span class='ocrx_word' id='word_1_681' title='bbox 2623 4423 2864 4464; x_wconf 88' lang='lat' dir='ltr'><strong>nostrum</strong></span> <span class='ocrx_word' id='word_1_682' title='bbox 2930 4411 3115 4466; x_wconf 90' lang='lat' dir='ltr'><strong>inesse</strong></span> <span class='ocrx_word' id='word_1_683' title='bbox 3165 4412 3525 4474; x_wconf 87' lang='lat' dir='ltr'><strong>intellectum,</strong></span> <span class='ocrx_word' id='word_1_684' title='bbox 3579 4423 3636 4467; x_wconf 92' lang='lat' dir='ltr'><strong>et</strong></span> 
     </span>
    </p>
   </div>
   <div class='ocr_carea' id='block_1_94' title="bbox 391 4504 1959 4574">
    <p class='ocr_par' dir='ltr' id='par_1_94' title="bbox 391 4504 1959 4574">
     <span class='ocr_line' id='line_1_94' title="bbox 391 4504 1959 4574; baseline -0.001 -17"><span class='ocrx_word' id='word_1_685' title='bbox 391 4504 659 4574; x_wconf 72' lang='grc' dir='ltr'>ὑπάρχειν</span> <span class='ocrx_word' id='word_1_686' title='bbox 694 4504 810 4570; x_wconf 87' lang='grc' dir='ltr'>νῦν,</span> <span class='ocrx_word' id='word_1_687' title='bbox 846 4506 942 4558; x_wconf 75' lang='grc' dir='ltr'><strong>καὶ</strong></span> <span class='ocrx_word' id='word_1_688' title='bbox 969 4507 1030 4558; x_wconf 84' lang='grc' dir='ltr'>οὐ</span> <span class='ocrx_word' id='word_1_689' title='bbox 1064 4505 1430 4573; x_wconf 82' lang='grc' dir='ltr'>καταγελάσει</span> <span class='ocrx_word' id='word_1_690' title='bbox 1457 4505 1550 4557; x_wconf 81' lang='grc' dir='ltr'>καὶ</span> <span class='ocrx_word' id='word_1_691' title='bbox 1572 4504 1959 4573; x_wconf 79' lang='grc' dir='ltr'>ἀνακρὰξεται,</span> 
     </span>
    </p>
   </div>
   <div class='ocr_carea' id='block_1_95' title="bbox 390 4595 1964 4668">
    <p class='ocr_par' dir='ltr' id='par_1_95' title="bbox 390 4595 1964 4668">
     <span class='ocr_line' id='line_1_95' title="bbox 390 4595 1964 4668; baseline -0.003 -17"><span class='ocrx_word' id='word_1_692' title='bbox 390 4596 714 4668; x_wconf 83' lang='grc' dir='ltr'>κατηγορῶν</span> <span class='ocrx_word' id='word_1_693' title='bbox 749 4596 927 4666; x_wconf 81' lang='grc' dir='ltr'>ἡμῶν,</span> <span class='ocrx_word' id='word_1_694' title='bbox 978 4597 1053 4661; x_wconf 85' lang='grc' dir='ltr'><strong>ὡς</strong></span> <span class='ocrx_word' id='word_1_695' title='bbox 1095 4597 1189 4650; x_wconf 85' lang='grc' dir='ltr'><strong>δύο</strong></span> <span class='ocrx_word' id='word_1_696' title='bbox 1243 4597 1337 4650; x_wconf 75' lang='grc' dir='ltr'>καὶ</span> <span class='ocrx_word' id='word_1_697' title='bbox 1380 4597 1607 4658; x_wconf 79' lang='grc' dir='ltr'>πολλοὺς</span> <span class='ocrx_word' id='word_1_698' title='bbox 1655 4597 1799 4664; x_wconf 78' lang='grc' dir='ltr'>ἔχειν</span> <span class='ocrx_word' id='word_1_699' title='bbox 1839 4595 1964 4658; x_wconf 83' lang='grc' dir='ltr'>νοῦς</span> 
     </span>
    </p>
   </div>
   <div class='ocr_carea' id='block_1_96' title="bbox 391 4686 1965 4765">
    <p class='ocr_par' dir='ltr' id='par_1_96' title="bbox 391 4686 1965 4765">
     <span class='ocr_line' id='line_1_96' title="bbox 391 4686 1965 4765; baseline -0.001 -23"><span class='ocrx_word' id='word_1_700' title='bbox 391 4690 657 4758; x_wconf 82' lang='grc' dir='ltr'>λεγόντων</span> <span class='ocrx_word' id='word_1_701' title='bbox 692 4689 923 4743; x_wconf 72' lang='grc' dir='ltr'>ἕκαστον</span> <span class='ocrx_word' id='word_1_702' title='bbox 955 4689 1291 4759; x_wconf 75' lang='grc' dir='ltr'>ἀνθρώταυν;</span> <span class='ocrx_word' id='word_1_703' title='bbox 1335 4686 1394 4743; x_wconf 81' lang='grc' dir='ltr'>Ὀ</span> <span class='ocrx_word' id='word_1_704' title='bbox 1418 4688 1473 4741; x_wconf 78' lang='grc' dir='ltr'>δὲ</span> <span class='ocrx_word' id='word_1_705' title='bbox 1517 4690 1606 4740; x_wconf 71' lang='grc' dir='ltr'>ἐπὶ</span> <span class='ocrx_word' id='word_1_706' title='bbox 1653 4687 1763 4741; x_wconf 86' lang='grc' dir='ltr'><strong>τῶν</strong></span> <span class='ocrx_word' id='word_1_707' title='bbox 1792 4687 1965 4765; x_wconf 77' lang='grc' dir='ltr'>τοιού-</span> 
     </span>
    </p>
   </div>
   <div class='ocr_carea' id='block_1_97' title="bbox 391 4778 1965 4850">
    <p class='ocr_par' dir='ltr' id='par_1_97' title="bbox 391 4778 1965 4850">
     <span class='ocr_line' id='line_1_97' title="bbox 391 4778 1965 4850; baseline -0.003 -16"><span class='ocrx_word' id='word_1_708' title='bbox 391 4799 501 4834; x_wconf 88' lang='grc' dir='ltr'><strong>των</strong></span> <span class='ocrx_word' id='word_1_709' title='bbox 533 4782 606 4850; x_wconf 84' lang='grc' dir='ltr'>μὴ</span> <span class='ocrx_word' id='word_1_710' title='bbox 634 4781 931 4850; x_wconf 81' lang='grc' dir='ltr'>δυνάμενος</span> <span class='ocrx_word' id='word_1_711' title='bbox 965 4780 1188 4832; x_wconf 84' lang='grc' dir='ltr'>ἀκούειν</span> <span class='ocrx_word' id='word_1_712' title='bbox 1218 4783 1249 4849; x_wconf 76' lang='grc' dir='ltr'>ἦ</span> <span class='ocrx_word' id='word_1_713' title='bbox 1276 4780 1476 4848; x_wconf 84' lang='grc' dir='ltr'>λέγειν,</span> <span class='ocrx_word' id='word_1_714' title='bbox 1502 4781 1630 4849; x_wconf 70' lang='grc' dir='ltr'>περὶ</span> <span class='ocrx_word' id='word_1_715' title='bbox 1653 4778 1759 4831; x_wconf 87' lang='grc' dir='ltr'><strong>τῶν</strong></span> <span class='ocrx_word' id='word_1_716' title='bbox 1789 4780 1965 4832; x_wconf 81' lang='grc' dir='ltr'>ἀδιαι-</span> 
     </span>
    </p>
   </div>
   <div class='ocr_carea' id='block_1_98' title="bbox 398 4850 1964 4941">
    <p class='ocr_par' dir='ltr' id='par_1_98' title="bbox 398 4869 1964 4941">
     <span class='ocr_line' id='line_1_98' title="bbox 398 4869 1964 4941; baseline 0 -19"><span class='ocrx_word' id='word_1_717' title='bbox 398 4871 568 4940; x_wconf 81' lang='grc' dir='ltr'>ρέτων</span> <span class='ocrx_word' id='word_1_718' title='bbox 599 4870 674 4933; x_wconf 86' lang='grc' dir='ltr'><strong>ὡς</strong></span> <span class='ocrx_word' id='word_1_719' title='bbox 712 4870 1078 4941; x_wconf 81' lang='grc' dir='ltr'>διῃρημένων,</span> <span class='ocrx_word' id='word_1_720' title='bbox 1110 4870 1227 4932; x_wconf 90' lang='grc' dir='ltr'><strong>πῶς</strong></span> <span class='ocrx_word' id='word_1_721' title='bbox 1257 4871 1348 4923; x_wconf 75' lang='grc' dir='ltr'><strong>ἐπὶ</strong></span> <span class='ocrx_word' id='word_1_722' title='bbox 1372 4869 1467 4923; x_wconf 89' lang='grc' dir='ltr'><strong>τοῦ</strong></span> <span class='ocrx_word' id='word_1_723' title='bbox 1507 4870 1641 4923; x_wconf 83' lang='grc' dir='ltr'>Θεοῦ</span> <span class='ocrx_word' id='word_1_724' title='bbox 1677 4870 1964 4940; x_wconf 64' lang='grc' dir='ltr'>δυνήσεταί</span> 
     </span>
    </p>
   </div>
   <div class='ocr_carea' id='block_1_99' title="bbox 392 4955 1965 5033">
    <p class='ocr_par' dir='ltr' id='par_1_99' title="bbox 392 4955 1965 5033">
     <span class='ocr_line' id='line_1_99' title="bbox 392 4955 1965 5033; baseline 0.001 -21"><span class='ocrx_word' id='word_1_725' title='bbox 392 4978 446 5014; x_wconf 90' lang='grc' dir='ltr'><strong>τι</strong></span> <span class='ocrx_word' id='word_1_726' title='bbox 470 4960 712 5014; x_wconf 87' lang='grc' dir='ltr'>τοιοῦτον</span> <span class='ocrx_word' id='word_1_727' title='bbox 737 4962 768 5031; x_wconf 80' lang='grc' dir='ltr'>ἢ</span> <span class='ocrx_word' id='word_1_728' title='bbox 799 4961 980 5028; x_wconf 84' lang='grc' dir='ltr'>λέγειν</span> <span class='ocrx_word' id='word_1_729' title='bbox 1009 4962 1041 5033; x_wconf 83' lang='grc' dir='ltr'>ἢ</span> <span class='ocrx_word' id='word_1_730' title='bbox 1092 4960 1478 5027; x_wconf 76' lang='grc' dir='ltr'>διδάσκεσθαι;</span> <span class='ocrx_word' id='word_1_731' title='bbox 1523 4963 1639 5031; x_wconf 68' lang='grc' dir='ltr'><strong>Ἐφ’</strong></span> <span class='ocrx_word' id='word_1_732' title='bbox 1669 4955 1731 5015; x_wconf 75' lang='grc' dir='ltr'>οῦ</span> <span class='ocrx_word' id='word_1_733' title='bbox 1773 4961 1965 5014; x_wconf 70' lang='grc' dir='ltr'>πολλαὶ</span> 
     </span>
    </p>
   </div>
   <div class='ocr_carea' id='block_1_100' title="bbox 398 5052 1960 5123">
    <p class='ocr_par' dir='ltr' id='par_1_100' title="bbox 398 5052 1960 5123">
     <span class='ocr_line' id='line_1_100' title="bbox 398 5052 1960 5123; baseline -0.003 -16"><span class='ocrx_word' id='word_1_734' title='bbox 398 5055 498 5123; x_wconf 80' lang='grc' dir='ltr'><strong>μέν</strong></span> <span class='ocrx_word' id='word_1_735' title='bbox 535 5056 642 5106; x_wconf 81' lang='grc' dir='ltr'>εἰσι</span> <span class='ocrx_word' id='word_1_736' title='bbox 690 5055 783 5107; x_wconf 75' lang='grc' dir='ltr'>καὶ</span> <span class='ocrx_word' id='word_1_737' title='bbox 815 5052 1064 5121; x_wconf 77' lang='grc' dir='ltr'>λέγονται</span> <span class='ocrx_word' id='word_1_738' title='bbox 1112 5052 1335 5116; x_wconf 78' lang='grc' dir='ltr'>ἐνώσεις</span> <span class='ocrx_word' id='word_1_739' title='bbox 1385 5070 1443 5104; x_wconf 88' lang='grc' dir='ltr'><strong>τε</strong></span> <span class='ocrx_word' id='word_1_740' title='bbox 1500 5054 1594 5106; x_wconf 75' lang='grc' dir='ltr'>καὶ</span> <span class='ocrx_word' id='word_1_741' title='bbox 1640 5053 1960 5122; x_wconf 69' lang='grc' dir='ltr'>διακρίπεις,</span> 
     </span>
    </p>
   </div>
   <div class='ocr_carea' id='block_1_101' title="bbox 395 5144 1964 5214">
    <p class='ocr_par' dir='ltr' id='par_1_101' title="bbox 395 5144 1964 5214">
     <span class='ocr_line' id='line_1_101' title="bbox 395 5144 1964 5214; baseline -0.003 -17"><span class='ocrx_word' id='word_1_742' title='bbox 395 5145 538 5198; x_wconf 84' lang='grc' dir='ltr'>κατὰ</span> <span class='ocrx_word' id='word_1_743' title='bbox 586 5145 712 5207; x_wconf 79' lang='grc' dir='ltr'>τοὺς</span> <span class='ocrx_word' id='word_1_744' title='bbox 744 5145 1052 5213; x_wconf 84' lang='grc' dir='ltr'>Θεολόγους⁶</span> <span class='ocrx_word' id='word_1_745' title='bbox 1097 5145 1213 5199; x_wconf 81' lang='grc' dir='ltr'>ἀλλ’</span> <span class='ocrx_word' id='word_1_746' title='bbox 1248 5145 1303 5198; x_wconf 79' lang='grc' dir='ltr'>αἱ</span> <span class='ocrx_word' id='word_1_747' title='bbox 1347 5144 1570 5207; x_wconf 83' lang='grc' dir='ltr'>ὲνώσεις</span> <span class='ocrx_word' id='word_1_748' title='bbox 1606 5146 1714 5197; x_wconf 86' lang='grc' dir='ltr'><strong>τῶν</strong></span> <span class='ocrx_word' id='word_1_749' title='bbox 1756 5144 1964 5214; x_wconf 81' lang='grc' dir='ltr'>διακρί-</span> 
     </span>
    </p>
   </div>
   <div class='ocr_carea' id='block_1_102' title="bbox 399 5235 1963 5308">
    <p class='ocr_par' dir='ltr' id='par_1_102' title="bbox 399 5235 1963 5308">
     <span class='ocr_line' id='line_1_102' title="bbox 399 5235 1963 5308; baseline -0.001 -20"><span class='ocrx_word' id='word_1_750' title='bbox 399 5252 538 5290; x_wconf 83' lang='grc' dir='ltr'>σεων</span> <span class='ocrx_word' id='word_1_751' title='bbox 577 5235 956 5305; x_wconf 83' lang='grc' dir='ltr'>ἐπικρατοῦσι,</span> <span class='ocrx_word' id='word_1_752' title='bbox 1006 5237 1102 5290; x_wconf 79' lang='grc' dir='ltr'>καὶ</span> <span class='ocrx_word' id='word_1_753' title='bbox 1138 5237 1579 5308; x_wconf 85' lang='grc' dir='ltr'>προκατάρχουσι</span> <span class='ocrx_word' id='word_1_754' title='bbox 1603 5254 1614 5267; x_wconf 90' lang='grc'><strong>·</strong></span> <span class='ocrx_word' id='word_1_755' title='bbox 1653 5235 1778 5304; x_wconf 79' lang='grc' dir='ltr'>μήτ’</span> <span class='ocrx_word' id='word_1_756' title='bbox 1807 5237 1963 5289; x_wconf 83' lang='grc' dir='ltr'>ἀναι-</span> 
     </span>
    </p>
   </div>
   <div class='ocr_carea' id='block_1_103' title="bbox 402 5326 1965 5399">
    <p class='ocr_par' dir='ltr' id='par_1_103' title="bbox 402 5326 1965 5399">
     <span class='ocr_line' id='line_1_103' title="bbox 402 5326 1965 5399; baseline -0.001 -20"><span class='ocrx_word' id='word_1_757' title='bbox 402 5327 591 5399; x_wconf 86' lang='grc' dir='ltr'>ροῦσαι</span> <span class='ocrx_word' id='word_1_758' title='bbox 633 5326 857 5390; x_wconf 90' lang='grc' dir='ltr'>ταύτας,</span> <span class='ocrx_word' id='word_1_759' title='bbox 899 5327 1028 5399; x_wconf 83' lang='grc' dir='ltr'>μήτ’</span> <span class='ocrx_word' id='word_1_760' title='bbox 1077 5328 1500 5398; x_wconf 70' lang='grc' dir='ltr'>ὲμποδιζόμεναι</span> <span class='ocrx_word' id='word_1_761' title='bbox 1558 5327 1711 5397; x_wconf 73' lang='grc' dir='ltr'>παρὰ</span> <span class='ocrx_word' id='word_1_762' title='bbox 1759 5326 1965 5380; x_wconf 90' lang='grc' dir='ltr'>τούτων</span> 
     </span>
    </p>
   </div>
   <div class='ocr_carea' id='block_1_104' title="bbox 398 5413 1965 5489">
    <p class='ocr_par' dir='ltr' id='par_1_104' title="bbox 398 5413 1965 5489">
     <span class='ocr_line' id='line_1_104' title="bbox 398 5413 1965 5489; baseline -0.001 -18"><span class='ocrx_word' id='word_1_763' title='bbox 398 5413 560 5472; x_wconf 76' lang='grc' dir='ltr'>αὗται</span> <span class='ocrx_word' id='word_1_764' title='bbox 604 5418 789 5489; x_wconf 86' lang='grc' dir='ltr'>μηδέν.</span> <span class='ocrx_word' id='word_1_765' title='bbox 822 5420 885 5471; x_wconf 82' lang='grc' dir='ltr'><strong>Οἱ</strong></span> <span class='ocrx_word' id='word_1_766' title='bbox 940 5419 1071 5486; x_wconf 85' lang='grc' dir='ltr'>γοῦν</span> <span class='ocrx_word' id='word_1_767' title='bbox 1100 5420 1331 5473; x_wconf 78' lang='grc' dir='ltr'>ἐναντίοι</span> <span class='ocrx_word' id='word_1_768' title='bbox 1380 5420 1454 5489; x_wconf 79' lang='grc' dir='ltr'>μὴ</span> <span class='ocrx_word' id='word_1_769' title='bbox 1484 5419 1786 5489; x_wconf 86' lang='grc' dir='ltr'>δεχόμενοι,</span> <span class='ocrx_word' id='word_1_770' title='bbox 1832 5417 1965 5489; x_wconf 82' lang='grc' dir='ltr'>μηδὲ</span> 
     </span>
    </p>
   </div>
   <div class='ocr_carea' id='block_1_105' title="bbox 398 5508 1965 5581">
    <p class='ocr_par' dir='ltr' id='par_1_105' title="bbox 398 5508 1965 5581">
     <span class='ocr_line' id='line_1_105' title="bbox 398 5508 1965 5581; baseline -0.001 -19"><span class='ocrx_word' id='word_1_771' title='bbox 398 5509 688 5579; x_wconf 82' lang='grc' dir='ltr'>δυνάμενοι</span> <span class='ocrx_word' id='word_1_772' title='bbox 708 5510 933 5577; x_wconf 83' lang='grc' dir='ltr'>γνῶναι,</span> <span class='ocrx_word' id='word_1_773' title='bbox 962 5511 1059 5581; x_wconf 80' lang='grc' dir='ltr'>τὴν</span> <span class='ocrx_word' id='word_1_774' title='bbox 1091 5512 1183 5563; x_wconf 78' lang='grc' dir='ltr'><strong>ἐπὶ</strong></span> <span class='ocrx_word' id='word_1_775' title='bbox 1211 5511 1303 5564; x_wconf 87' lang='grc' dir='ltr'><strong>τοῦ</strong></span> <span class='ocrx_word' id='word_1_776' title='bbox 1333 5510 1468 5564; x_wconf 86' lang='grc' dir='ltr'>Θεοῦ</span> <span class='ocrx_word' id='word_1_777' title='bbox 1500 5511 1805 5579; x_wconf 82' lang='grc' dir='ltr'>ἀδιαίρετον</span> <span class='ocrx_word' id='word_1_778' title='bbox 1830 5508 1965 5562; x_wconf 79' lang='grc' dir='ltr'>διαί-</span> 
     </span>
    </p>
   </div>
   <div class='ocr_carea' id='block_1_106' title="bbox 403 5598 1961 5672">
    <p class='ocr_par' dir='ltr' id='par_1_106' title="bbox 403 5598 1961 5672">
     <span class='ocr_line' id='line_1_106' title="bbox 403 5598 1961 5672; baseline -0.001 -20"><span class='ocrx_word' id='word_1_779' title='bbox 403 5618 572 5670; x_wconf 86' lang='grc' dir='ltr'>ρεσιν,</span> <span class='ocrx_word' id='word_1_780' title='bbox 623 5601 716 5655; x_wconf 79' lang='grc' dir='ltr'>καὶ</span> <span class='ocrx_word' id='word_1_781' title='bbox 750 5600 1088 5672; x_wconf 78' lang='grc' dir='ltr'>διῃρημένην</span> <span class='ocrx_word' id='word_1_782' title='bbox 1117 5601 1312 5654; x_wconf 71' lang='grc' dir='ltr'>ἕνωσιν</span> <span class='ocrx_word' id='word_1_783' title='bbox 1347 5600 1636 5663; x_wconf 85' lang='grc' dir='ltr'>ἀκούοντες</span> <span class='ocrx_word' id='word_1_784' title='bbox 1665 5600 1820 5670; x_wconf 72' lang='grc' dir='ltr'>ἡμῶν</span> <span class='ocrx_word' id='word_1_785' title='bbox 1873 5598 1961 5652; x_wconf 85' lang='grc' dir='ltr'>λε-</span> 
     </span>
    </p>
   </div>
   <div class='ocr_carea' id='block_1_107' title="bbox 398 5696 1964 5772">
    <p class='ocr_par' dir='ltr' id='par_1_107' title="bbox 398 5696 1964 5772">
     <span class='ocr_line' id='line_1_107' title="bbox 398 5696 1964 5772; baseline -0.002 -21"><span class='ocrx_word' id='word_1_786' title='bbox 398 5696 604 5764; x_wconf 73' lang='grc' dir='ltr'>γόντων</span> <span class='ocrx_word' id='word_1_787' title='bbox 634 5697 940 5772; x_wconf 73' lang='grc' dir='ltr'>συμφώνως</span> <span class='ocrx_word' id='word_1_788' title='bbox 979 5698 1092 5760; x_wconf 79' lang='grc' dir='ltr'>τοῖς</span> <span class='ocrx_word' id='word_1_789' title='bbox 1129 5696 1323 5765; x_wconf 74' lang='grc' dir='ltr'>ἁγίοις,</span> <span class='ocrx_word' id='word_1_790' title='bbox 1362 5698 1443 5751; x_wconf 82' lang='grc' dir='ltr'>ὅτι</span> <span class='ocrx_word' id='word_1_791' title='bbox 1476 5696 1568 5750; x_wconf 82' lang='grc' dir='ltr'><strong>τοῦ</strong></span> <span class='ocrx_word' id='word_1_792' title='bbox 1602 5696 1735 5751; x_wconf 83' lang='grc' dir='ltr'>Θεοῦ</span> <span class='ocrx_word' id='word_1_793' title='bbox 1774 5696 1833 5750; x_wconf 70' lang='grc' dir='ltr'><strong>τὸ</strong></span> <span class='ocrx_word' id='word_1_794' title='bbox 1865 5700 1964 5768; x_wconf 79' lang='grc' dir='ltr'><strong>μέν</strong></span> 
     </span>
    </p>
   </div>
   <div class='ocr_carea' id='block_1_108' title="bbox 2068 4501 3639 4573">
    <p class='ocr_par' dir='ltr' id='par_1_108' title="bbox 2068 4501 3639 4573">
     <span class='ocr_line' id='line_1_108' title="bbox 2068 4501 3639 4573; baseline 0.001 -21"><span class='ocrx_word' id='word_1_795' title='bbox 2068 4501 2449 4567; x_wconf 78' lang='lat' dir='ltr'><strong>cogitationes,</strong></span> <span class='ocrx_word' id='word_1_796' title='bbox 2493 4511 2547 4555; x_wconf 78' lang='lat' dir='ltr'><strong>et</strong></span> <span class='ocrx_word' id='word_1_797' title='bbox 2597 4503 3015 4571; x_wconf 77' lang='lat' dir='ltr'><strong>rogitationilius</strong></span> <span class='ocrx_word' id='word_1_798' title='bbox 3063 4520 3335 4573; x_wconf 88' lang='lat' dir='ltr'><strong>quemque</strong></span> <span class='ocrx_word' id='word_1_799' title='bbox 3390 4513 3639 4557; x_wconf 85' lang='lat' dir='ltr'><strong>nostrum</strong></span> 
     </span>
    </p>
   </div>
   <div class='ocr_carea' id='block_1_109' title="bbox 2063 4589 3639 4659">
    <p class='ocr_par' dir='ltr' id='par_1_109' title="bbox 2063 4589 3639 4659">
     <span class='ocr_line' id='line_1_109' title="bbox 2063 4589 3639 4659; baseline 0.004 -21"><span class='ocrx_word' id='word_1_800' title='bbox 2063 4589 2173 4658; x_wconf 85' lang='lat' dir='ltr'><strong>jam</strong></span> <span class='ocrx_word' id='word_1_801' title='bbox 2213 4609 2357 4643; x_wconf 74' lang='lat' dir='ltr'><strong>nunc</strong></span> <span class='ocrx_word' id='word_1_802' title='bbox 2390 4591 2703 4659; x_wconf 77' lang='lat' dir='ltr'><strong>imperare?</strong></span> <span class='ocrx_word' id='word_1_803' title='bbox 2741 4609 2919 4647; x_wconf 86' lang='lat' dir='ltr'><strong>nonne</strong></span> <span class='ocrx_word' id='word_1_804' title='bbox 2949 4595 3197 4647; x_wconf 78' lang='lat' dir='ltr'><strong>irridebit</strong></span> <span class='ocrx_word' id='word_1_805' title='bbox 3230 4606 3282 4646; x_wconf 84' lang='lat' dir='ltr'><strong>et</strong></span> <span class='ocrx_word' id='word_1_806' title='bbox 3315 4592 3639 4658; x_wconf 75' lang='lat' dir='ltr'><strong>clantilabit,</strong></span> 
     </span>
    </p>
   </div>
   <div class='ocr_carea' id='block_1_110' title="bbox 2067 4684 3637 4753">
    <p class='ocr_par' dir='ltr' id='par_1_110' title="bbox 2067 4684 3637 4753">
     <span class='ocr_line' id='line_1_110' title="bbox 2067 4684 3637 4753; baseline 0.003 -20"><span class='ocrx_word' id='word_1_807' title='bbox 2067 4684 2405 4748; x_wconf 76' lang='lat' dir='ltr'><strong>exprobrans</strong></span> <span class='ocrx_word' id='word_1_808' title='bbox 2442 4684 2597 4735; x_wconf 80' lang='lat' dir='ltr'><strong>nobis</strong></span> <span class='ocrx_word' id='word_1_809' title='bbox 2625 4684 2764 4753; x_wconf 90' lang='lat' dir='ltr'><strong>quod</strong></span> <span class='ocrx_word' id='word_1_810' title='bbox 2801 4687 2908 4737; x_wconf 89' lang='lat' dir='ltr'><strong>duo</strong></span> <span class='ocrx_word' id='word_1_811' title='bbox 2938 4685 3018 4739; x_wconf 78' lang='lat' dir='ltr'><strong>vel</strong></span> <span class='ocrx_word' id='word_1_812' title='bbox 3055 4686 3236 4752; x_wconf 87' lang='lat' dir='ltr'><strong>plures</strong></span> <span class='ocrx_word' id='word_1_813' title='bbox 3264 4685 3508 4739; x_wconf 86' lang='lat' dir='ltr'><strong>dicamus</strong></span> <span class='ocrx_word' id='word_1_814' title='bbox 3540 4687 3637 4738; x_wconf 84' lang='lat' dir='ltr'><strong>lio-</strong></span> 
     </span>
    </p>
   </div>
   <div class='ocr_carea' id='block_1_111' title="bbox 2065 4773 3645 4845">
    <p class='ocr_par' dir='ltr' id='par_1_111' title="bbox 2065 4773 3645 4845">
     <span class='ocr_line' id='line_1_111' title="bbox 2065 4773 3645 4845; baseline 0.004 -21"><span class='ocrx_word' id='word_1_815' title='bbox 2065 4773 2194 4825; x_wconf 89' lang='lat' dir='ltr'><strong>tnini</strong></span> <span class='ocrx_word' id='word_1_816' title='bbox 2221 4787 2344 4827; x_wconf 84' lang='lat' dir='ltr'><strong>esse</strong></span> <span class='ocrx_word' id='word_1_817' title='bbox 2375 4775 2721 4829; x_wconf 81' lang='lat' dir='ltr'><strong>intellectus?</strong></span> <span class='ocrx_word' id='word_1_818' title='bbox 2754 4776 2855 4841; x_wconf 88' lang='lat' dir='ltr'><strong>Qui</strong></span> <span class='ocrx_word' id='word_1_819' title='bbox 2891 4792 3052 4845; x_wconf 80' lang='lat' dir='ltr'><strong>porro</strong></span> <span class='ocrx_word' id='word_1_820' title='bbox 3085 4777 3136 4829; x_wconf 93' lang='lat' dir='ltr'><strong>in</strong></span> <span class='ocrx_word' id='word_1_821' title='bbox 3185 4777 3492 4844; x_wconf 84' lang='lat' dir='ltr'><strong>ltujusmodi</strong></span> <span class='ocrx_word' id='word_1_822' title='bbox 3526 4776 3645 4831; x_wconf 73' lang='lat' dir='ltr'><strong>non</strong></span> 
     </span>
    </p>
   </div>
   <div class='ocr_carea' id='block_1_112' title="bbox 2066 4865 3638 4936">
    <p class='ocr_par' dir='ltr' id='par_1_112' title="bbox 2066 4865 3638 4936">
     <span class='ocr_line' id='line_1_112' title="bbox 2066 4865 3638 4936; baseline 0.004 -21"><span class='ocrx_word' id='word_1_823' title='bbox 2066 4873 2246 4931; x_wconf 87' lang='lat' dir='ltr'><strong>potest</strong></span> <span class='ocrx_word' id='word_1_824' title='bbox 2280 4865 2487 4919; x_wconf 88' lang='lat' dir='ltr'><strong>sentire</strong></span> <span class='ocrx_word' id='word_1_825' title='bbox 2515 4877 2607 4919; x_wconf 89' lang='lat' dir='ltr'><strong>aut</strong></span> <span class='ocrx_word' id='word_1_826' title='bbox 2637 4868 2778 4936; x_wconf 90' lang='lat' dir='ltr'><strong>loqui</strong></span> <span class='ocrx_word' id='word_1_827' title='bbox 2811 4870 2876 4921; x_wconf 89' lang='lat' dir='ltr'><strong>de</strong></span> <span class='ocrx_word' id='word_1_828' title='bbox 2909 4869 3160 4922; x_wconf 82' lang='lat' dir='ltr'><strong>indivisis</strong></span> <span class='ocrx_word' id='word_1_829' title='bbox 3209 4878 3465 4935; x_wconf 80' lang='lat' dir='ltr'><strong>tanquam</strong></span> <span class='ocrx_word' id='word_1_830' title='bbox 3500 4868 3638 4921; x_wconf 82' lang='lat' dir='ltr'><strong>divi-</strong></span> 
     </span>
    </p>
   </div>
   <div class='ocr_carea' id='block_1_113' title="bbox 2064 4955 3635 5026">
    <p class='ocr_par' dir='ltr' id='par_1_113' title="bbox 2064 4955 3635 5026">
     <span class='ocr_line' id='line_1_113' title="bbox 2064 4955 3635 5026; baseline 0.005 -19"><span class='ocrx_word' id='word_1_831' title='bbox 2064 4955 2160 5017; x_wconf 83' lang='lat' dir='ltr'><strong>sis,</strong></span> <span class='ocrx_word' id='word_1_832' title='bbox 2194 4956 2468 5020; x_wconf 85' lang='lat' dir='ltr'><strong>qttuntodo</strong></span> <span class='ocrx_word' id='word_1_833' title='bbox 2522 4957 2573 5010; x_wconf 91' lang='lat' dir='ltr'><strong>in</strong></span> <span class='ocrx_word' id='word_1_834' title='bbox 2632 4957 2742 5011; x_wconf 88' lang='lat' dir='ltr'><strong>Deo</strong></span> <span class='ocrx_word' id='word_1_835' title='bbox 2807 4957 3008 5026; x_wconf 83' lang='lat' dir='ltr'><strong>poterit</strong></span> <span class='ocrx_word' id='word_1_836' title='bbox 3069 4958 3270 5026; x_wconf 89' lang='lat' dir='ltr'><strong>aliquid</strong></span> <span class='ocrx_word' id='word_1_837' title='bbox 3307 4962 3411 5012; x_wconf 86' lang='lat' dir='ltr'><strong>tale</strong></span> <span class='ocrx_word' id='word_1_838' title='bbox 3447 4961 3635 5014; x_wconf 76' lang='lat' dir='ltr'><strong>dicere</strong></span> 
     </span>
    </p>
   </div>
   <div class='ocr_carea' id='block_1_114' title="bbox 2065 5045 3636 5106">
    <p class='ocr_par' dir='ltr' id='par_1_114' title="bbox 2065 5045 3636 5106">
     <span class='ocr_line' id='line_1_114' title="bbox 2065 5045 3636 5106; baseline 0.005 -9"><span class='ocrx_word' id='word_1_839' title='bbox 2065 5055 2156 5097; x_wconf 89' lang='lat' dir='ltr'><strong>aut</strong></span> <span class='ocrx_word' id='word_1_840' title='bbox 2185 5045 2445 5101; x_wconf 82' lang='lat' dir='ltr'><strong>discere?</strong></span> <span class='ocrx_word' id='word_1_841' title='bbox 2506 5047 2561 5100; x_wconf 94' lang='lat' dir='ltr'><strong>lu</strong></span> <span class='ocrx_word' id='word_1_842' title='bbox 2606 5064 2671 5103; x_wconf 87' lang='lat' dir='ltr'><strong>eo</strong></span> <span class='ocrx_word' id='word_1_843' title='bbox 2706 5049 2848 5102; x_wconf 85' lang='lat' dir='ltr'><strong>cnim</strong></span> <span class='ocrx_word' id='word_1_844' title='bbox 2882 5050 3067 5104; x_wconf 75' lang='lat' dir='ltr'><strong>multa:</strong></span> <span class='ocrx_word' id='word_1_845' title='bbox 3098 5060 3225 5103; x_wconf 89' lang='lat' dir='ltr'><strong>sunt</strong></span> <span class='ocrx_word' id='word_1_846' title='bbox 3271 5061 3325 5104; x_wconf 88' lang='lat' dir='ltr'><strong>et</strong></span> <span class='ocrx_word' id='word_1_847' title='bbox 3380 5052 3636 5106; x_wconf 86' lang='lat' dir='ltr'><strong>dicuntur</strong></span> 
     </span>
    </p>
   </div>
   <div class='ocr_carea' id='block_1_115' title="bbox 2065 5136 3639 5209">
    <p class='ocr_par' dir='ltr' id='par_1_115' title="bbox 2065 5136 3639 5209">
     <span class='ocr_line' id='line_1_115' title="bbox 2065 5136 3639 5209; baseline 0.007 -22"><span class='ocrx_word' id='word_1_848' title='bbox 2065 5136 2302 5189; x_wconf 85' lang='lat' dir='ltr'><strong>uniones</strong></span> <span class='ocrx_word' id='word_1_849' title='bbox 2333 5146 2388 5190; x_wconf 90' lang='lat' dir='ltr'><strong>et</strong></span> <span class='ocrx_word' id='word_1_850' title='bbox 2417 5139 2735 5203; x_wconf 66' lang='lat' dir='ltr'><strong>dixisiones,</strong></span> <span class='ocrx_word' id='word_1_851' title='bbox 2763 5139 2916 5205; x_wconf 76' lang='lat' dir='ltr'><strong>juxta</strong></span> <span class='ocrx_word' id='word_1_852' title='bbox 2954 5141 3260 5209; x_wconf 76' lang='lat' dir='ltr'><strong>theologos;</strong></span> <span class='ocrx_word' id='word_1_853' title='bbox 3284 5144 3377 5196; x_wconf 84' lang='lat' dir='ltr'><strong>sed</strong></span> <span class='ocrx_word' id='word_1_854' title='bbox 3407 5143 3639 5198; x_wconf 85' lang='lat' dir='ltr'><strong>uniones</strong></span> 
     </span>
    </p>
   </div>
   <div class='ocr_carea' id='block_1_116' title="bbox 2065 5225 3637 5301">
    <p class='ocr_par' dir='ltr' id='par_1_116' title="bbox 2065 5225 3637 5301">
     <span class='ocr_line' id='line_1_116' title="bbox 2065 5225 3637 5301; baseline 0.006 -22"><span class='ocrx_word' id='word_1_855' title='bbox 2065 5225 2432 5282; x_wconf 85' lang='lat' dir='ltr'><strong>divisionibus</strong></span> <span class='ocrx_word' id='word_1_856' title='bbox 2485 5238 2753 5295; x_wconf 68' lang='lat' dir='ltr'><strong>priestant</strong></span> <span class='ocrx_word' id='word_1_857' title='bbox 2792 5239 2848 5284; x_wconf 89' lang='lat' dir='ltr'><strong>et</strong></span> <span class='ocrx_word' id='word_1_858' title='bbox 2886 5230 3240 5294; x_wconf 83' lang='lat' dir='ltr'><strong>antecedunt,</strong></span> <span class='ocrx_word' id='word_1_859' title='bbox 3296 5247 3475 5301; x_wconf 84' lang='lat' dir='ltr'><strong>neque</strong></span> <span class='ocrx_word' id='word_1_860' title='bbox 3532 5235 3637 5289; x_wconf 85' lang='lat' dir='ltr'><strong>bas</strong></span> 
     </span>
    </p>
   </div>
   <div class='ocr_carea' id='block_1_117' title="bbox 2064 5318 3618 5393">
    <p class='ocr_par' dir='ltr' id='par_1_117' title="bbox 2064 5318 3618 5393">
     <span class='ocr_line' id='line_1_117' title="bbox 2064 5318 3618 5393; baseline 0.006 -24"><span class='ocrx_word' id='word_1_861' title='bbox 2064 5318 2334 5382; x_wconf 85' lang='lat' dir='ltr'><strong>tollentes,</strong></span> <span class='ocrx_word' id='word_1_862' title='bbox 2386 5336 2564 5389; x_wconf 88' lang='lat' dir='ltr'><strong>neque</strong></span> <span class='ocrx_word' id='word_1_863' title='bbox 2598 5323 2666 5375; x_wconf 90' lang='lat' dir='ltr'><strong>ab</strong></span> <span class='ocrx_word' id='word_1_864' title='bbox 2700 5322 2785 5375; x_wconf 91' lang='lat' dir='ltr'><strong>Itis</strong></span> <span class='ocrx_word' id='word_1_865' title='bbox 2822 5323 2949 5393; x_wconf 75' lang='lat' dir='ltr'><strong>ipsa:</strong></span> <span class='ocrx_word' id='word_1_866' title='bbox 2985 5323 3299 5377; x_wconf 84' lang='lat' dir='ltr'><strong>nuilatenus</strong></span> <span class='ocrx_word' id='word_1_867' title='bbox 3329 5325 3618 5392; x_wconf 77' lang='lat' dir='ltr'><strong>impediue.</strong></span> 
     </span>
    </p>
   </div>
   <div class='ocr_carea' id='block_1_118' title="bbox 2066 5409 3623 5482">
    <p class='ocr_par' dir='ltr' id='par_1_118' title="bbox 2066 5409 3623 5482">
     <span class='ocr_line' id='line_1_118' title="bbox 2066 5409 3623 5482; baseline -0.001 -20"><span class='ocrx_word' id='word_1_868' title='bbox 2066 5409 2207 5478; x_wconf 77' lang='lat' dir='ltr'><strong>Ergo</strong></span> <span class='ocrx_word' id='word_1_869' title='bbox 2268 5409 2608 5479; x_wconf 86' lang='lat' dir='ltr'><strong>adver-arii,</strong></span> <span class='ocrx_word' id='word_1_870' title='bbox 2666 5415 2756 5482; x_wconf 90' lang='lat' dir='ltr'><strong>qui</strong></span> <span class='ocrx_word' id='word_1_871' title='bbox 2818 5430 2923 5469; x_wconf 91' lang='lat' dir='ltr'><strong>non</strong></span> <span class='ocrx_word' id='word_1_872' title='bbox 2980 5423 3208 5482; x_wconf 88' lang='lat' dir='ltr'><strong>possunt</strong></span> <span class='ocrx_word' id='word_1_873' title='bbox 3279 5429 3379 5466; x_wconf 84' lang='lat' dir='ltr'><strong>nec</strong></span> <span class='ocrx_word' id='word_1_874' title='bbox 3433 5414 3623 5466; x_wconf 86' lang='lat' dir='ltr'><strong>valent.</strong></span> 
     </span>
    </p>
   </div>
   <div class='ocr_carea' id='block_1_119' title="bbox 2067 5504 3631 5571">
    <p class='ocr_par' dir='ltr' id='par_1_119' title="bbox 2067 5504 3631 5571">
     <span class='ocr_line' id='line_1_119' title="bbox 2067 5504 3631 5571; baseline 0.001 -16"><span class='ocrx_word' id='word_1_875' title='bbox 2067 5504 2444 5571; x_wconf 75' lang='lat' dir='ltr'><strong>ittlelligereitt</strong></span> <span class='ocrx_word' id='word_1_876' title='bbox 2482 5505 2589 5559; x_wconf 84' lang='lat' dir='ltr'><strong>Deo</strong></span> <span class='ocrx_word' id='word_1_877' title='bbox 2620 5505 2906 5560; x_wconf 82' lang='lat' dir='ltr'><strong>indivisattt</strong></span> <span class='ocrx_word' id='word_1_878' title='bbox 2948 5507 3264 5561; x_wconf 82' lang='lat' dir='ltr'><strong>diVisionctn</strong></span> <span class='ocrx_word' id='word_1_879' title='bbox 3298 5516 3351 5558; x_wconf 81' lang='lat' dir='ltr'><strong>et</strong></span> <span class='ocrx_word' id='word_1_880' title='bbox 3400 5505 3631 5560; x_wconf 78' lang='lat' dir='ltr'><strong>diviSnm</strong></span> 
     </span>
    </p>
   </div>
   <div class='ocr_carea' id='block_1_120' title="bbox 2064 5597 3609 5675">
    <p class='ocr_par' dir='ltr' id='par_1_120' title="bbox 2064 5597 3609 5675">
     <span class='ocr_line' id='line_1_120' title="bbox 2064 5597 3609 5675; baseline -0.001 -26"><span class='ocrx_word' id='word_1_881' title='bbox 2064 5598 2341 5657; x_wconf 67' lang='lat' dir='ltr'><strong>unionem,</strong></span> <span class='ocrx_word' id='word_1_882' title='bbox 2413 5612 2533 5649; x_wconf 79' lang='lat' dir='ltr'><strong>eum</strong></span> <span class='ocrx_word' id='word_1_883' title='bbox 2578 5613 2678 5651; x_wconf 81' lang='lat' dir='ltr'><strong>nos</strong></span> <span class='ocrx_word' id='word_1_884' title='bbox 2729 5600 2953 5652; x_wconf 88' lang='lat' dir='ltr'><strong>audiunt</strong></span> <span class='ocrx_word' id='word_1_885' title='bbox 2981 5612 3222 5675; x_wconf 80' lang='lat' dir='ltr'><strong>consone</strong></span> <span class='ocrx_word' id='word_1_886' title='bbox 3266 5597 3472 5649; x_wconf 77' lang='lat' dir='ltr'><strong>sanctis</strong></span> <span class='ocrx_word' id='word_1_887' title='bbox 3534 5600 3609 5648; x_wconf 91' lang='lat' dir='ltr'><strong>di-</strong></span> 
     </span>
    </p>
   </div>
   <div class='ocr_carea' id='block_1_121' title="bbox 2065 5686 3621 5750">
    <p class='ocr_par' dir='ltr' id='par_1_121' title="bbox 2065 5686 3621 5750">
     <span class='ocr_line' id='line_1_121' title="bbox 2065 5686 3621 5750; baseline -0.004 -2"><span class='ocrx_word' id='word_1_888' title='bbox 2065 5703 2247 5748; x_wconf 74' lang='lat' dir='ltr'><strong>tcntes</strong></span> <span class='ocrx_word' id='word_1_889' title='bbox 2312 5695 2361 5746; x_wconf 92' lang='lat' dir='ltr'><strong>in</strong></span> <span class='ocrx_word' id='word_1_890' title='bbox 2397 5694 2502 5747; x_wconf 85' lang='lat' dir='ltr'><strong>Deo</strong></span> <span class='ocrx_word' id='word_1_891' title='bbox 2532 5692 2671 5749; x_wconf 83' lang='lat' dir='ltr'><strong>aliud</strong></span> <span class='ocrx_word' id='word_1_892' title='bbox 2717 5709 2835 5750; x_wconf 85' lang='lat' dir='ltr'><strong>esse</strong></span> <span class='ocrx_word' id='word_1_893' title='bbox 2877 5691 3137 5748; x_wconf 80' lang='lat' dir='ltr'><strong>nescibile</strong></span> <span class='ocrx_word' id='word_1_894' title='bbox 3173 5699 3228 5744; x_wconf 82' lang='lat' dir='ltr'><strong>et</strong></span> <span class='ocrx_word' id='word_1_895' title='bbox 3249 5690 3390 5745; x_wconf 79' lang='lat' dir='ltr'><strong>aliud</strong></span> <span class='ocrx_word' id='word_1_896' title='bbox 3425 5686 3621 5743; x_wconf 69' lang='lat' dir='ltr'><strong>scibile</strong></span> 
     </span>
    </p>
   </div>
  </div>
