4074 6322
321 331 458 392 1181

1238 337 1510 401 CAPITA
1574 330 1925 409 PHYSICA,
1964 333 2478 395 THEOLOGICA.
2511 335 2676 395 ETC.

3437 331 3579 400 1182

333 437 600 508 μεγέθους
635 435 730 491 καὶ
760 435 1027 507 καλλονῆς
1053 438 1162 493 τῶν
1198 444 1536 514 κτισμάτων,
1563 442 1843 511 ἀναλόγως
1870 444 1900 493 ὁ

2004 456 2089 500 ter
2167 456 2544 515 creaturarum
2628 444 2985 518 magnitudini
3055 455 3109 503 et
3176 450 3576 518 pulchritudini

330 536 712 608 γενεοιουργδς
743 534 1047 608 θεωρεῖται.
1097 540 1212 592 Καὶ
1252 543 1597 611 Δημιουργδν
1652 545 1753 615 μὲν
1797 546 1892 602 τὸν

331 628 570 698 Ποιητὴν
592 627 1073 698 προσαγορεύομεν
1095 645 1110 661 ⁸
1150 629 1374 684 δυνατὸν
1419 632 1499 696 δὲ,
1532 627 1583 702 ᾧ
1603 636 1900 708 ἐξήρκεσεν

329 715 363 785 ἡ
388 715 636 786 δύναμις,
660 715 847 769 οὑσίαν
869 717 1091 786 ποιῆσαι
1110 720 1207 788 τὴν
1231 718 1483 791 βούλησιν
1502 739 1517 753 ’
1549 726 1641 779 καὶ
1665 726 1896 794 δίκαιον,

331 804 407 866 ὡς
445 807 740 860 ἀδέκαστον
777 807 991 877 κριτήν.
1036 808 1197 862 Ἀλλὰ
1242 812 1336 864 καὶ
1369 812 1467 884 τὴν
1512 815 1658 883 Θεὸς
1691 819 1896 891 φωνὴν,

332 897 397 949 ἑκ
426 897 528 966 τῆς
563 899 866 965 ἑποπτικῆς
911 900 1191 970 ἐνεργείας
1220 906 1622 976 κεκρατηκέναι
1666 912 1901 965 κατελα-

333 985 558 1055 ϐόμεθα.
581 987 743 1038 Ὥστε
768 987 865 1041 καὶ
884 988 971 1041 διὰ
995 990 1186 1045 τούτου
1220 996 1455 1065 μερικήν
1480 1015 1601 1052 τινα
1625 1003 1724 1071 τῆς
1750 978 1902 1066 θείας

331 1075 545 1144 φύσεως
576 1077 861 1147 ἐνέργειαν
896 1080 1255 1152 διδαχθέντες,
1286 1086 1385 1157 τῆς
1414 1088 1603 1152 οὐσίας
1638 1092 1809 1161 αὐτῆς
1841 1095 1903 1149 ἑν

331 1165 581 1235 περινοίᾳ.
608 1167 696 1219 διὰ
724 1168 826 1237 τῆς
849 1173 1035 1241 φωνῆς
1069 1172 1274 1243 ταύτης
1304 1177 1406 1230 οὐκ
1435 1180 1757 1251 ἐγενόμεθα.

403 1263 509 1311 πε’.
540 1259 817 1323 Διονύσιος
839 1263 866 1315 ὁ
898 1260 952 1313 Ἀ
963 1265 1317 1337 ρεοπαγίτης.
1336 1270 1364 1321 ό
1393 1270 1531 1339 μετὰ
1554 1275 1685 1336 τοὺς
1706 1275 1903 1330 θεσπε-

332 1348 482 1412 σίους
512 1350 845 1415 ἀποστόλους
893 1352 1226 1423 ἐξοχώτατος
1271 1358 1330 1409 ὲν
1357 1359 1648 1429 θεολόγοις,
1680 1365 1817 1432 μετὰ
1841 1368 1903 1418 τὸ

244 1502 247 1503 ν
330 1439 709 1511 διευκρινῆσαι
760 1442 859 1512 τὴν
907 1445 1049 1496 κατὰ
1100 1446 1198 1509 τὰς
1249 1448 1578 1515 ὑποστάσεις
1622 1454 1717 1506 τοῦ
1767 1454 1902 1508 Θεοῦ

315 1531 636 1603 διάκρισιν,
671 1533 834 1605 φησίν
853 1551 867 1565 ⁸
900 1554 918 1586 ι
939 1537 1001 1589 El
1029 1537 1084 1590 δὲ
1117 1540 1210 1592 καὶ
1242 1540 1360 1595 θεία
1381 1543 1650 1614 διάκρισίς
1680 1548 1828 1602 ἑστιν
1869 1550 1907 1620 ἡ

329 1624 723 1695 ἁγαθοτιρεπὴς
756 1629 1001 1697 πρόοδος,
1025 1630 1121 1699 τῆς
1149 1630 1398 1694 ὲνὼσεως
1424 1639 1523 1706 τῆς
1555 1636 1704 1700 θείας
1734 1639 1904 1709 ὑπερ-

1998 539 2306 607 concipitur
2331 551 2521 594 auctor
2579 549 2804 594 naturae.
2858 540 2924 593 Et
2977 539 3289 595 Creatorem
3354 546 3572 609 quidem

1997 624 2261 683 factorem
2315 643 2593 694 vocamus;
2659 640 2931 697 potentem
2975 644 3125 693 vero,
3181 635 3265 684 cui
3336 643 3576 700 potestas

1998 721 2235 788 suppetit
2264 722 2527 789 quidquid
2558 722 2671 774 vult
2722 722 3086 787 producendi;
3121 732 3172 777 et
3228 724 3457 794 justum,
3516 736 3579 778 ut

1998 810 2378 879 incorruptum
2419 813 2680 882 judicent.
2710 813 2822 865 lmn
2849 828 3033 867 vocem
3074 814 3212 868 Deus
3273 830 3336 867 ex
3382 831 3576 884 Opera-

1997 903 2144 958 tione
2176 918 2283 973 qua
2316 913 2506 957 cuncta
2551 905 2845 971 perspicit,
2885 918 3222 972 assumptam
3256 922 3393 961 esse
3415 909 3576 962 intel-

1997 992 2235 1062 ligimus.
2298 991 2377 1047 Ita
2423 1002 2481 1048 ut
2526 995 2691 1049 etiam
2740 995 2937 1049 exinde
2971 998 3251 1063 partialcm
3275 1000 3568 1068 quamdam

2000 1094 2211 1140 natura:
2237 1088 2609 1153 operationem
2647 1085 2849 1150 edocti,
2911 1089 3212 1143 essentiam
3270 1090 3440 1158 ipsam
3480 1108 3578 1162 per

1997 1174 2139 1232 hanc
2176 1192 2362 1230 vocem
2405 1192 2515 1231 non
2546 1177 2908 1244 concipimus.
2948 1196 2967 1229 ι

2068 1265 2161 1321 85.
2201 1264 2483 1336 Dionysius
2511 1267 2857 1335 Areopagita,
2890 1277 3015 1336 post
3041 1268 3307 1326 divinitus
3336 1270 3579 1341 inSpira-

1998 1364 2086 1412 tos
2115 1358 2397 1426 apostolos
2418 1359 2845 1415 sublimissimus
2880 1362 3276 1429 theologorum.
3313 1364 3578 1420 benedis-

1998 1458 2147 1506 creta
2182 1466 2537 1519 personarum
2604 1453 2695 1508 Dei
2737 1454 3103 1515 distinctione,
3129 1457 3240 1510 ait:
3274 1476 3294 1509 ι
3331 1457 3576 1525 Insuper,

2001 1541 2183 1595 divina
2222 1541 2503 1596 distinctio
2533 1550 2617 1597 est
2652 1557 2890 1610 congrua
2938 1544 3063 1599 boni
3103 1547 3409 1614 processio,
3450 1563 3576 1601 cum

2002 1633 2187 1686 unitas
2252 1633 2437 1688 divina
2496 1636 2969 1704 supereminenter
3021 1638 3255 1703 seipsam
3329 1638 3576 1693 bonitate

329 1717 625 1786 ηνωμένως
679 1719 877 1789 ἑαυτὴν
930 1722 1228 1795 ἀγαθότητι
1278 1725 1656 1797 πληθυνούσης
1699 1745 1759 1781 τε
1807 1729 1902 1782 καὶ

2004 1723 2352 1789 multiplicem
2389 1724 2551 1779 faciat
2586 1735 2640 1779 et
2694 1725 2979 1793 pluralem.
3022 1745 3040 1777 ι
3076 1726 3142 1780 Ει
3191 1728 3354 1795 paulo
3411 1738 3527 1795 post
3561 1746 3575 1780 :

330 1805 896 1878 πολυπλασιαζούσης.
925 1829 945 1863 ι
981 1811 1089 1864 Καὶ
1126 1812 1266 1882 μετά
1289 1831 1411 1867 τινα
1430 1830 1446 1846 ο
1481 1835 1499 1867 ι
1529 1818 1812 1889 Διάκρισιν
1843 1821 1902 1874 δὲ

2009 1830 2032 1864 ε
2064 1813 2480 1870 Distinctionem
2513 1817 2747 1869 divinam
2784 1818 3018 1871 dicimus
3049 1834 3171 1873 esse
3210 1819 3405 1873 eximia
3450 1817 3576 1872 laeui

330 1897 483 1951 θείαν
514 1894 652 1954 εἶναί
692 1917 873 1971 φαμεν
936 1903 1039 1965 τὰς
1070 1904 1481 1974 ἀγαθοπρεπεῖς
1511 1908 1611 1979 τῆς
1643 1909 1904 1981 θεαρχίας

330 1991 608 2061 προόδους.
642 1993 968 2065 Δωρουμένη
990 1998 1099 2067 γὰρ
1132 1999 1265 2049 πᾶσι
1309 2001 1418 2062 τοίς
1452 1999 1573 2054 οὖσι
1602 2002 1699 2054 καὶ
1729 2004 1900 2075 ὑπερ-

327 2083 525 2152 χέουσα
553 2084 650 2147 τὰς
688 2084 796 2138 τῶν
826 2085 963 2140 ὅλων
998 2087 1221 2155 ἀγαθῶν
1261 2091 1568 2159 μετουσίας,
1601 2094 1906 2165 ήνωμένως

332 2174 434 2243 μὲν
463 2174 824 2248 διακρίνεται,
872 2177 1203 2247 πληθύνεται
1248 2180 1305 2233 δὲ
1343 2181 1537 2245 ἑνικῶς
1561 2199 1577 2212 ·
1604 2183 1698 2237 καὶ
1736 2185 1904 2239 πολυ-

330 2265 692 2331 πλασιάζεται
742 2266 836 2321 τοῦ
893 2267 1010 2332 ἑνὸς
1059 2269 1488 2341 ἀνεκφοιτήτως.
1535 2290 1556 2325 ι
1611 2275 1722 2329 Καὶ
1767 2278 1907 2346 μετά

328 2372 451 2408 τινα
470 2372 484 2385 ·
523 2374 541 2406 ι
566 2355 782 2420 Ταύτας
812 2358 974 2428 ἡμεῖς
998 2359 1098 2423 τὰς
1139 2362 1322 2422 κοινὰς
1369 2363 1465 2415 καὶ
1494 2364 1777 2433 ἡνωμένας
1807 2370 1904 2436 τῆς

330 2446 459 2516 ὅλης
490 2445 743 2517 θεότητος
777 2448 1100 2519 διακρίσεις,
1132 2451 1165 2522 ἦ
1204 2452 1303 2515 τὰς
1338 2453 1744 2523 ἀγαθοπρεπεϊς
1774 2474 1908 2526 προ-

332 2536 507 2600 όδους,
536 2538 777 2607 ὑμνῆσαι
803 2539 944 2592 κατὰ
970 2540 1030 2592 τὸ
1060 2539 1286 2594 δυνατὸν
1315 2545 1688 2614 πειρασόμεθα
1708 2562 1721 2575 ·
1752 2565 1773 2598 ι
1802 2547 1909 2600 δει-

331 2627 460 2687 xvii;
493 2626 677 2694 σαφῶς
707 2621 846 2679 εἶναι
871 2628 961 2680 κα)⁸
990 2627 1183 2699 ἑτέραν
1209 2629 1480 2700 διάκρισιν
1503 2633 1599 2685 ἐπὶ
1624 2632 1720 2686 τοῦ
1743 2634 1905 2700 Θεοῦ,

289 2708 292 2711 λ
333 2717 451 2769 ἀλλ’
482 2718 543 2770 οὑ
576 2718 675 2788 τὴν
703 2718 1071 2789 ὑποστατικὴν
1100 2719 1299 2790 μόνηνο
1321 2721 1391 2791 ἣν
1410 2723 1509 2793 τὴν
1535 2723 1730 2794 ἑτέραν
1755 2729 1908 2795 παρὰ

334 2811 433 2881 τὴν
467 2812 832 2881 ὑποστατικὴν
874 2811 1168 2883 διάκρισιν,
1223 2812 1318 2865 καὶ
1353 2813 1604 2883 θεότητος
1634 2815 1906 2886 διάκρισιν

335 2902 509 2955 καλιί.
552 2902 617 2955 Ἦ
670 2902 778 2972 γὰρ
815 2905 954 2956 κατὰ
987 2904 1085 2966 τὰς
1125 2906 1455 2969 ὑποστάσεις
1505 2907 1798 2976 διάκρισις,
1841 2909 1904 2961 οὑ

334 2992 587 3063 θεότητός
632 2995 751 3047 ἑστι
794 2995 1083 3067 διάκρισις.
1135 2997 1249 3050 Καὶ
1283 2998 1428 3051 κατὰ
1477 2998 1578 3068 μὲν
1604 3000 1699 3061 τὰς
1745 3000 1899 3064 θείας

336 3085 596 3156 προόδους
626 3086 720 3138 καὶ
765 3086 1065 3157 ἐνεργείας,
1104 3087 1470 3157 πληθύνεσθαι
1500 3091 1594 3141 καὶ
1628 3090 1903 3145 πολυπλα-

337 3177 619 3243 σιάζεσθαι
674 3178 820 3246 λέγει
868 3180 957 3232 τὸν
993 3180 1158 3232 Θεόν·
1190 3179 1286 3233 καὶ
1322 3180 1422 3251 τὴν
1452 3181 1619 3251 αὑτὴν
1670 3183 1904 3236 ἐνταῦθα

340 3269 588 3338 πρόοδον,
623 3270 720 3322 καὶ
760 3269 1021 3338 προόδους
1050 3266 1191 3322 εἶναι
1230 3270 1380 3337 λέγει
1402 3286 1416 3301 ο
1464 3271 1582 3325 ἐκεῖ
1606 3271 1682 3333 δὲ,
1714 3274 1776 3325 οὑ
1803 3291 1901 3326 πο-

339 3360 765 3424 λυπλασιάζεται
823 3360 885 3412 τὸ
933 3359 1108 3423 Θεῖον,
1140 3360 1353 3427 ἄπαγει
1405 3362 1527 3415 οὐδὲ
1581 3363 1725 3418 καθὰ
1772 3365 1905 3429 Θεὸς

337 3451 691 3520 διακρίνεται.
726 3450 894 3520 Τριὰς
948 3452 1057 3521 γὰρ
1113 3452 1243 3521 ἡμῖν
1274 3452 1509 3522 ὑπάρχει
1540 3456 1568 3506 ό
1612 3454 1765 3518 Θεὸς,
1790 3455 1905 3508 ἀλλ’

338 3543 459 3612 οὐχὶ
496 3540 775 3611 τριπλοῦς.
835 3542 944 3595 Καὶ
1002 3542 1239 3596 δείκνυσι
1287 3543 1344 3596 δὲ
1399 3544 1492 3597 καὶ
1544 3546 1607 3597 τὸ
1655 3546 1908 3600 ἄκτιστον

338 3635 543 3688 τούτων
580 3634 689 3687 τῶν
718 3634 958 3703 προόδων
983 3634 1076 3687 καὶ
1127 3635 1453 3705 ἐνεργειῶν
1493 3635 1646 3700 θείας
1687 3654 1745 3690 τε
1799 3637 1907 3710 γὰρ

349 3726 521 3789 αὑτὰς
552 3726 726 3789 καλεῖ,
762 3724 859 3778 καὶ
889 3725 985 3796 τῆς
1008 3726 1136 3794 ὅλης
1168 3727 1303 3794 φησὶ
1336 3727 1589 3792 θεότητος
1616 3724 1756 3782 εἶναι
1790 3727 1907 3782 δια-

342 3819 552 3888 κρίσεις
572 3834 585 3849 ·
618 3818 711 3870 καὶ
754 3817 921 3887 αὑτὴν
949 3816 1145 3887 ἑαυτὴν
1188 3816 1287 3887 τὴν
1327 3817 1609 3888 θεαρχίαν,
1637 3819 1779 3873 κατὰ
1808 3821 1907 3882 τὰς

345 3911 495 3973 θείας
523 3908 779 3979 προόδους
810 3909 904 3961 καὶ
934 3908 1215 3979 ἐνεργείας
1252 3908 1456 3971 ταύτας
1488 3910 1782 3979 πληθύνειν
1810 3908 1912 3963 Δλέ-

341 4018 429 4069 γει
458 4004 552 4053 καὶ
605 3999 1101 4077 πολυπλασιὰζειν·
1147 4000 1248 4053 οὑκ
1292 4000 1492 4064 ἔξωθέν
1525 4017 1578 4052 τι
1624 4001 1912 4071 προσλαμ-

343 4094 634 4158 ϐάνουσαν,
679 4093 892 4161 ἅπαγεί
925 4092 1060 4146 ἀλλὰ
1099 4093 1194 4145 καὶ
1239 4092 1478 4162 ὑμνῆσαι
1508 4092 1605 4156 τὰς
1653 4094 1915 4162 προόδους

341 4182 546 4243 ταύτας
579 4182 993 4251 ἑπαγγέλλεται.
1030 4182 1139 4234 Καὶ
1171 4181 1516 4251 προστίθησι,
1562 4182 1702 4235 κατὰ
1735 4183 1797 4235 τὸ
1825 4183 1916 4235 δυ-

344 4281 522 4343 νατὸν,
571 4280 782 4340 δεικνὺς
829 4279 924 4332 καὶ
967 4279 1384 4348 ὑπερυμνήτους
1415 4276 1617 4340 ταύτας
1655 4274 1841 4343 οὔσας,
1883 4277 1911 4329 ό

343 4372 449 4424 τῶν
476 4372 635 4425 θείων
662 4370 923 4441 ὑμνῳδῶν
953 4370 1282 4440 ἐξοχώτατος
1307 4361 1483 4433 οὗτος.

1998 1905 2065 1959 de
2114 1920 2367 1973 suprema
2402 1904 2682 1975 Majestate
2731 1907 2971 1961 ellluvia.
3023 1907 3252 1964 llabens
3283 1908 3427 1962 enim
3463 1910 3577 1963 lucc

1998 1997 2212 2050 cunctis
2234 1997 2456 2051 cutibus
2489 2006 2541 2051 et
2571 1997 2857 2052 eﬂ’undens
2886 1999 3130 2052 omnium
3164 2000 3422 2052 bonorum
3450 2012 3575 2066 par-

2001 2088 2362 2158 Iieipationes,
2397 2089 2631 2144 indivise
2662 2092 3095 2155 discriminatur,
3136 2103 3191 2144 et
3224 2089 3575 2159 singulariter

1997 2178 2223 2247 pluralis
2257 2179 2339 2243 ﬁt,
2368 2190 2418 2233 et
2444 2181 2840 2250 multiplicatur
2858 2196 2924 2238 ex
2949 2184 3156 2236 unitate
3185 2198 3292 2236 non
3325 2184 3566 2237 exiens.)

2001 2265 2067 2318 Et
2119 2266 2285 2335 paulo
2342 2266 2483 2321 infra
2519 2285 2534 2322 :
2571 2287 2590 2320 ‹
2626 2268 2736 2324 llas
2791 2285 2890 2326 nos
2942 2285 3264 2327 communes
3315 2282 3371 2325 ct
3403 2274 3580 2325 unitas

2002 2357 2166 2410 totius
2198 2358 2504 2414 divinitatis
2525 2360 2931 2426 distinctiones,
2967 2378 3061 2417 seu
3096 2363 3221 2417 boni
3255 2363 3573 2428 eﬂusioues,

1999 2445 2279 2501 celebrare
2310 2463 2418 2517 qua
2482 2448 2596 2504 ﬂeri
2649 2459 2830 2520 potest
2863 2451 3207 2507 conabimur.
3246 2471 3264 2504 ι
3313 2452 3392 2507 [ta
3432 2454 3579 2508 clare

1999 2536 2237 2590 ostendit
2265 2537 2318 2591 in
2360 2538 2472 2591 Deo
2509 2552 2617 2591 non
2644 2539 2815 2592 solam
2843 2554 2966 2593 esse
3004 2553 3356 2606 personarum
3379 2538 3579 2592 distin-

2000 2625 2259 2689 ctiunem,
2290 2629 2385 2681 sed
2422 2637 2475 2682 et
2501 2630 2662 2683 aliam
2697 2644 2851 2695 esse;
2885 2646 3044 2698 quam
3074 2632 3290 2698 quidem
3357 2631 3517 2684 aliam
3549 2646 3580 2684 a

2002 2720 2271 2787 personali
2298 2720 2667 2786 distinctiOue,
2722 2722 3020 2776 divinitatis
3045 2724 3207 2777 etiam
3278 2725 3581 2778 distinctiu-

1999 2823 2124 2862 nem
2156 2820 2333 2863 vocat.
2370 2809 2501 2863 Nam
2530 2812 2807 2865 distinctio
2833 2828 3186 2879 personarum
3253 2829 3358 2867 lt0n
3386 2814 3583 2867 divini-

2004 2899 2131 2953 tatis
2181 2910 2264 2953 est
2302 2901 2597 2955 distinctio.
2657 2902 2721 2956 Et
2787 2903 2990 2958 divinis
3042 2905 3485 2971 processionilvus
3527 2916 3583 2958 et

2001 2992 2415 3059 operationibus
2445 2993 2798 3062 multiplicem
2846 3005 2899 3048 et
2937 2995 3195 3063 pluralem
3245 2997 3360 3049 ﬁeri
3411 2994 3580 3049 Deum

2000 3084 2154 3143 dicit.
2184 3092 2238 3137 et
2267 3084 2370 3138 hnc
2396 3086 2553 3138 modo
2581 3085 2722 3139 idem
2764 3100 2887 3140 esse
2917 3086 3327 3154 processimtem
3362 3097 3417 3141 et
3445 3102 3569 3157 pro-

2002 3176 2311 3243 cessioues;
2343 3177 2577 3231 essentia
2626 3193 2753 3231 vero
2820 3193 2926 3231 non
2972 3179 3324 3246 multiplicari
3380 3179 3574 3240 Deum,

2003 3269 2180 3322 absit!
2221 3284 2395 3337 neque
2438 3270 2585 3324 enim
2637 3286 2744 3340 qua
2806 3272 2949 3325 Deus
2998 3272 3353 3338 distinguitur
3383 3311 3398 3335 ,
3453 3288 3582 3324 nam

2004 3361 2179 3416 trinus
2207 3372 2290 3414 est
2313 3360 2467 3417 nobis
2498 3360 2660 3425 Deus,
2700 3361 2793 3415 sed
2822 3376 2927 3414 non
2969 3362 3188 3430 triplex.
3226 3362 3573 3414 lletttunslrat.

2003 3453 2164 3506 etiam
2187 3454 2457 3508 increatas
2511 3467 2633 3508 esse
2662 3452 2779 3507 illas
2817 3452 3197 3521 processioues
3236 3462 3288 3504 et
3312 3452 3582 3519 operatio-

2004 3561 2101 3601 nes
2138 3564 2154 3602 :
2188 3547 2400 3600 divinas
2461 3547 2605 3600 enim
2649 3559 2744 3599 eas
2796 3554 2976 3610 vocat,
3001 3554 3054 3599 et
3111 3546 3273 3598 tutius
3332 3544 3408 3596 ait
3457 3558 3587 3597 esse

2005 3639 2303 3694 divinitatis
2325 3639 2735 3700 distinctiones.
2768 3647 2824 3692 et
2856 3639 3028 3706 ipsam
3060 3638 3191 3691 dicit
3234 3635 3573 3704 Maiestatem

2004 3745 2313 3799 supremam
2345 3729 2546 3785 divinis
2597 3729 3048 3799 processionibus
3091 3739 3145 3781 et
3169 3728 3591 3797 operationibus

2006 3821 2115 3877 illis
2143 3822 2402 3891 pluralem
2433 3836 2552 3876 sese
2580 3832 2636 3876 et
2670 3820 3028 3888 multiplicem
3084 3819 3274 3873 facere
3323 3834 3428 3872 non
3483 3819 3582 3871 ali-

2008 3916 2139 3983 quid
2170 3923 2490 3968 extraneum
2538 3917 2890 3976 assumendn,
2922 3912 3098 3966 absit!
3128 3911 3393 3965 Praeterea
3422 3910 3591 3979 polli~

2006 4018 2162 4060 cetur
2189 4020 2248 4060 se
2283 4009 2378 4059 has
2412 4006 2796 4074 processioues
2828 4005 3228 4058 celebraturnm
3255 4019 3268 4067 ;
3294 4012 3348 4056 et
3371 4001 3587 4056 addens

2014 4116 2033 4151 ι
2073 4113 2177 4167 qua
2210 4099 2323 4150 ﬁeri
2373 4108 2550 4166 potest
2581 4116 2626 4161 ι,
2663 4112 2757 4152 eas
2786 4111 2908 4150 esse
2960 4098 3104 4148 omni
3138 4096 3294 4148 laude
3329 4095 3582 4161 majores,

2011 4190 2243 4245 ostendit
2270 4189 2358 4242 ille
2405 4188 2716 4243 divinorum
2767 4187 3207 4258 bymnidicorum
3246 4185 3580 4241 sublimissi-

2013 4296 2152 4334 tuus.

415 4464 534 4529 υπς’.
587 4466 645 4518 '0
695 4464 855 4526 αὑτὸς
890 4464 1228 4532 θεοφάντωρ,
1258 4460 1429 4515 εἰπὼν
1464 4460 1722 4532 ἀνωτέρω
1761 4460 1907 4515 θείαν

2088 4459 2180 4515 86.
2221 4460 2364 4516 Idem
2397 4458 2702 4528 theologus,
2734 4455 2990 4524 pra-fatus
3021 4456 3255 4510 divinam
3285 4457 3605 4513 distinctio-

343 4554 615 4624 διάκρισιν
660 4548 931 4624 εἶναιτὴν
962 4552 1327 4624 ἁγαθοπρεπῆ
1382 4553 1631 4622 πρόοδον,
1680 4554 1935 4621 indvat"

352 4662 371 4696 ι
397 4645 706 4714 Ἢνωμέναι
742 4644 840 4714 μέν
886 4647 995 4696 εἱσι
1034 4645 1176 4697 κατὰ
1220 4643 1319 4712 τὴν
1370 4642 1520 4696 θείαν
1558 4643 1825 4714 διάκρισιν
1855 4646 1912 4698 αἱ

346 4735 566 4805 ἔσχατοι
614 4734 945 4804 μεταδόσεις.
972 4754 990 4787 ι
1043 4735 1374 4797 Μεταδόσεις
1408 4733 1508 4803 μὲν
1556 4733 1649 4788 οὑν
1680 4735 1915 4790 ἐνταῦθα

345 4826 631 4883 συλλαϐὼν
674 4827 855 4891 πάσας
903 4830 1001 4890 τὰς
1052 4828 1315 4897 προόδους
1359 4827 1454 4879 καὶ
1503 4826 1782 4897 ἐνεργείας
1817 4826 1912 4878 τοῦ

346 4921 484 4975 Θεοῦ
515 4920 762 4974 ἐκάλεσε.
797 4920 1111 4990 Προσέθηκε
1148 4920 1205 4971 δὲ
1242 4919 1304 4971 τὸ
1334 4919 1593 4989 ἀσχέτους
1619 4915 1758 4971 ε’ίναι
1786 4919 1916 4972 ταύ-

346 5027 466 5075 τας,
503 5011 591 5062 ἵνα
619 5010 779 5080 μήτις
807 5007 1002 5078 νομίσῃ
1052 5009 1255 5071 ταύτας
1278 5005 1418 5063 εἶναι
1444 5010 1513 5062 τὰ
1541 5008 1915 5076 ἀποτελέσμα-

344 5118 447 5156 τα’
483 5097 596 5155 οἷον
640 5100 742 5170 τὴν
798 5101 1033 5153 ἑκάστου
1066 5099 1176 5152 τῶν
1224 5099 1392 5152 όντων
1438 5098 1701 5169 οὑσίαν,ἥ
1731 5099 1827 5167 τὴν
1854 5100 1912 5150 ἐν

348 5193 459 5254 τοῖς
490 5190 656 5255 ζῶσιν
686 5189 949 5261 αἰσθητὴν
979 5190 1146 5259 ζωὴν,
1169 5189 1202 5260 ἦ
1227 5190 1317 5242 τὸν
1341 5191 1398 5241 ἐν
1419 5192 1530 5252 τοῖς
1559 5189 1797 5256 λογικοῖς
1820 5189 1915 5242 καὶ

357 5287 554 5357 νοεροῖς
598 5285 786 5338 ἑνόντα
817 5285 975 5350 λόγον
997 5299 1058 5334 τε
1106 5282 1202 5334 καὶ
1239 5281 1383 5333 νοῦν.
1426 5281 1550 5342 Πῶς
1572 5282 1682 5349 γὰρ
1714 5279 1780 5333 ἂν
1828 5282 1913 5349 εἴη

350 5375 504 5431 ταῦτ’
537 5377 595 5430 ἑν
645 5374 724 5445 τῷ
755 5373 875 5445 Θεῷ
911 5371 1133 5444 ἄσχετα,
1174 5373 1369 5426 κτιστά
1402 5388 1465 5440 γε
1502 5371 1667 5436 δντα;
1701 5370 1819 5433 πῶς
1859 5371 1915 5423 δὲ

352 5471 412 5525 αἱ
457 5469 550 5523 τοῦ
596 5466 731 5521 Θεοῦ
765 5468 984 5537 ἄσχετοι
1016 5466 1229 5536 πρόοδοι
1283 5466 1378 5517 καὶ
1438 5463 1749 5533 μεταδόσεις
1804 5464 1915 5516 κτίο

357 5576 577 5637 σματαξ
616 5559 719 5630 τῆς
763 5558 992 5628 ἀσχέτου
1039 5557 1377 5626 μεταδόσεως
1411 5554 1655 5624 φυσικῶς
1689 5554 1916 5622 ἐνούσης

356 5651 432 5721 τῷ
465 5650 814 5719 μεταδιδόντι,
845 5648 1097 5718 καθάπερ
1122 5647 1214 5699 ἐπὶ
1246 5645 1341 5699 τοῦ
1378 5644 1553 5713 φωτὸς
1573 5645 1809 5714 ὁρῶμεν.

429 5740 534 5805 πζ’.
565 5742 773 5812 Προϊὼν
803 5742 831 5794 ὁ
864 5738 1035 5811 μέγας
1062 5730 1236 5801 οὗτος,
1255 5737 1349 5799 τὰς
1372 5733 1624 5799 τοιαύτας
1663 5737 1918 5806 προόδονς

2014 4566 2134 4605 nem
2168 4567 2289 4605 esse
2320 4551 2442 4604 boni
2479 4564 2910 4617 processuonem,
2942 4548 3124 4602 subdit
3157 4564 3171 4605 :
3207 4567 3226 4598 ι
3261 4547 3434 4602 liniue
3463 4558 3603 4603 Snnl‘.

2011 4643 2310 4697 secundum
2346 4643 2584 4696 divinam
2623 4642 3026 4696 distinctionem
3061 4639 3320 4693 absoluta:
3348 4656 3588 4694 commu-

2013 4735 2336 4789 nicmiones.
2370 4752 2389 4786 ι
2429 4733 2966 4811 communicationes
3005 4732 3092 4785 hic
3121 4731 3401 4785 collective
3433 4743 3603 4785 vorat,

2012 4836 2242 4881 cunctas
2291 4826 2387 4880 Dei
2436 4827 2812 4896 processioues
2861 4833 2915 4878 et
2961 4823 3330 4892 Operationcs.
3376 4824 3603 4891 AdjeciL

2012 4927 2193 4972 autem
2239 4933 2330 4972 eas
2369 4932 2489 4973 esse
2523 4917 2825 4983 absolutas,
2873 4924 2930 4967 ut
2966 4929 3123 4968 nemo
3164 4916 3460 4968 arbitretur
3492 4933 3605 4969 (305'-

2012 5025 2132 5064 csse
2155 5010 2401 5073 cll'ectns,
2427 5018 2555 5079 puta
2582 5007 3007 5077 uniuscujusque
3033 5007 3237 5061 entium
3265 5008 3585 5070 essentiam,

2014 5101 2096 5155 vel
2135 5102 2450 5156 sensititmm
2482 5100 2779 5153 viventium
2812 5099 3001 5160 vitam,
3039 5097 3122 5150 vel
3158 5098 3385 5151 inditam
3422 5100 3586 5151 ratiu.
3679 5148 3689 5156 ,

2017 5195 2230 5250 nalihus
2266 5205 2321 5248 ct
2357 5192 2821 5258 intellectualibns
2876 5192 3142 5244 rationem
3190 5198 3245 5242 et
3285 5189 3588 5258 intelligent-

2017 5290 2167 5347 tiarn.
2203 5287 2486 5353 Quomodo
2518 5284 2666 5339 enim
2701 5284 2815 5337 haec
2849 5291 3031 5337 essent
3066 5282 3118 5334 in
3171 5281 3279 5336 Deo
3318 5282 3597 5346 absoluta,

2015 5395 2138 5434 cum
2175 5379 2288 5434 sint
2332 5375 2558 5433 creata?
2593 5360 3014 5442 Aut‘qnmnodo
3041 5372 3298 5426 absoluta:
3337 5370 3435 5423 Dci
3471 5386 3587 5438 prn-

2016 5473 2292 5526 cessiones
2349 5478 2405 5523 et
2464 5465 2983 5521 comnmnicalinues
3044 5471 3229 5517 essent
3285 5460 3587 5513 creaturm?

2017 5562 2152 5617 Nam
2184 5560 2430 5615 absoluta
2465 5558 2887 5612 communicatio
2918 5551 3336 5608 cutntttuniCanti
3374 5559 3588 5604 naturae

2019 5654 2141 5706 liter
2171 5654 2317 5705 unita
2347 5661 2453 5714 est,
2484 5649 2620 5702 sicut
2653 5651 2717 5700 de
2749 5647 2866 5700 luce
2898 5645 3162 5698 videmus.

2091 5744 2179 5798 87.
2218 5742 2453 5811 Pcrgcns
2486 5755 2710 5809 magnus
2737 5738 2950 5799 ductor,
2979 5735 3096 5787 illas
3127 5730 3505 5801 processioues
3531 5738 3584 5785 et
