4074 6322
505 250 644 308 1133

1748 251 2131 311 GREGORII
2190 255 2512 321 PALAM/E

3631 286 3810 348 “‘4

504 358 854 425 operationes
901 356 997 413 Dei
1039 358 1162 414 aliis
1201 361 1517 415 nominibus
1557 363 1667 416 Deo
1701 369 1960 432 congruis
1999 368 2083 421 in-

2199 378 2290 430 καὶ
2320 380 2604 448 ἐνεργείας
2627 378 2722 432 τοῦ
2752 379 2910 444 Θεοῦ,
2950 384 3157 453 ἑτέροις
3183 398 3243 436 τε
3272 382 3502 450 ὀνόμασι
3537 381 3841 433 050:9:-

501 447 704 517 siguit,
746 457 801 502 et
855 448 1303 517 partieipatioues
1355 460 1407 503 et
1457 451 1673 517 quidem
1731 457 2075 510 necessarias

504 539 951 605 participationcs
987 549 1165 603 vocat,
1201 550 1252 592 et
1286 556 1445 608 supra
1489 542 1635 593 entia
1662 557 1785 597 esse
1822 543 2076 609 frequen-

504 641 588 684 ter
619 630 671 683 in
707 631 1052 685 sermonibus
1095 632 1353 695 ostendit,
1387 642 1440 685 et
1474 647 1568 687 eas
1597 647 1717 689 esse
1744 636 2075 704 exemplaria

507 738 686 775 rerum
742 722 794 775 in
852 722 961 775 Deo
1011 725 1411 792 praeexistentia
1464 725 1516 777 in
1570 726 2077 794 supersnbstantiali

504 813 727 867 unione.
790 814 1072 876 Quomodo
1133 815 1297 880 igitur
1360 815 1473 868 haec
1530 826 1715 869 essent
1776 819 2079 874 creaturae?

516 905 717 958 Deinde
758 905 887 973 quid
929 904 1038 957 sint
1095 904 1182 956 illa
1230 905 1558 974 exemplaria
1610 906 1834 972 docens,
1872 910 2022 962 addit
2060 924 2078 965 :

513 1013 532 1043 ‹
579 992 914 1058 Exemplaria
951 994 1182 1047 dit-imus
1215 1008 1335 1047 esse
1369 995 1421 1046 iu
1460 994 1569 1047 Deo
1613 997 1848 1050 rationes
1893 1013 2075 1053 rerum

505 1084 802 1137 efficientes
832 1094 883 1136 et
921 1085 1098 1137 uniter
1132 1086 1540 1151 pra-existentes
1575 1102 1591 1143 ι
1622 1101 1761 1154 quas
1808 1088 2076 1157 theologia

509 1177 1108 1242 prtedelet'tninatimtcs
1160 1178 1353 1242 vortit,
1403 1186 1459 1230 et
1515 1177 1729 1232 divinas
1785 1193 1850 1232 ac
1911 1179 2081 1234 bonas

511 1268 815 1331 mlitioues,
849 1269 1047 1335 quibus
1085 1283 1172 1322 res
1212 1268 1546 1322 deliniuntur
1573 1277 1629 1323 et
1659 1268 1995 1334 eﬂiciuntur,
2023 1277 2082 1323 et

511 1359 809 1412 secundum
835 1374 971 1427 quas
997 1359 1538 1427 supersubstautialis
1562 1361 1745 1429 opifex
1777 1375 1863 1415 res
1887 1374 2081 1416 omnes

509 1459 563 1501 ιιι
594 1449 881 1515 prerIilttit
912 1459 966 1502 et
995 1450 1264 1517 produxit;
1286 1468 1322 1523 ⁵ι
1357 1449 1634 1515 Quomodo
1669 1452 1835 1519 igitur
1866 1453 2079 1519 praede-

518 1538 928 1605 turmiuationes
957 1553 1010 1591 et
1045 1541 1254 1592 divinas
1285 1541 1594 1593 voluntates
1629 1557 1804 1594 rerum
1837 1540 2082 1595 etiicaces

515 1640 701 1684 essent
734 1631 970 1684 creatae?
1004 1631 1193 1685 Nonne
1236 1631 1403 1698 igitur
1439 1633 1719 1687 evidenter
1759 1632 1851 1687 Dei
1900 1632 2084 1703 provi-

2191 461 2348 511 πέσεν
2375 463 2623 531 ἀνυμνεῖ,
2655 460 2750 514 καὶ
2785 462 3019 532 μετοχὰς
3047 464 3143 515 καὶ
3172 463 3551 533 αὒτομετοχὰς
3600 468 3839 527 καὶεί,

2189 552 2283 603 καὶ
2325 552 2465 621 ὑπὲρ
2495 554 2562 606 τὰ
2613 553 2745 608 ὄντα
2796 548 2938 607 εἶναι
2976 552 3251 625 πολλαχοῦ
3296 555 3404 608 τῶν
3450 556 3663 622 λόγων
3702 556 3825 609 δεί-

2186 658 2367 708 κνυσι,
2398 642 2491 695 καὶ
2557 641 2981 714 παραδείγματα
3023 644 3132 697 τῶν
3167 644 3336 698 ὄντων
3371 642 3519 699 εἶναι
3563 646 3837 709 ταύτης

2186 735 2668 804 προῦφεστηκυίας
2696 736 2754 788 ἐν
2768 734 2889 806 Θεῷ
2911 735 3033 789 καθ’
3053 736 3379 806 ὑπερούσιον
3396 738 3636 793 ἕνωσιν-
3672 740 3837 802 Πῶς

2184 825 2277 878 οὖν
2301 826 2367 880 ἂν
2396 822 2507 879 εἷεν
2531 819 2692 880 αὗται
2713 826 3020 896 κτίσματα;
3055 828 3287 898 Ἐφεξῆς
3311 828 3367 882 δὲ
3395 829 3490 883 καὶ
3518 829 3575 882 τί
3595 829 3831 882 ταῦτα

2184 917 2252 970 τὰ
2293 917 2713 986 παραδείγματα
2759 917 3030 971 διδάσκων
3076 919 3364 987 ἐπιφέρει·
3432 939 3450 971 ι
3490 919 3827 989 Παραδεέ-

2185 1022 2374 1072 γματα
2411 1005 2468 1058 δέ
2498 1023 2681 1075 φαμεν
2715 1001 2881 1069 εἶναι,
2911 1007 3040 1070 τοὺς
3073 1009 3133 1060 ὲν
3175 1007 3295 1077 Θεῷ
3318 1008 3429 1060 τῶν
3476 1008 3673 1061 ὄντων
3712 1009 3825 1061 05-

2189 1095 2485 1160 σεοποιοὺς,
2532 1096 2628 1148 καὶ
2666 1095 2884 1159 ἐνιαίως
2926 1096 3355 1164 προϋφεστιῖπας
3391 1097 3588 1165 λόγους
3612 1114 3632 1127 ο
3696 1099 3817 1162 οὓς

2185 1187 2217 1252 ἠ
2262 1185 2514 1254 θεολογία
2559 1189 2936 1258 προορισμοὺς
2964 1187 3144 1253 καλεῖ,
3179 1189 3271 1241 καὶ
3303 1188 3423 1243 θεῖα
3454 1190 3548 1242 καὶ
3583 1192 3805 1258 ἀγαθὲ

2187 1276 2506 1345 θελήματα,
2563 1280 2673 1331 τῶν
2732 1279 2904 1332 ὄντων
2952 1280 3279 1351 ἀφοριστικὰ
3315 1281 3410 1334 καὶ
3468 1283 3802 1348 ποιητικά·

2186 1366 2310 1420 καθ’
2331 1366 2426 1430 οὓς
2452 1370 2480 1422 ό
2514 1370 2842 1440 ὑπερούσιος
2862 1370 2933 1423 τὰ
2962 1370 3092 1424 ὅντα
3134 1372 3313 1426 πάντα
3336 1373 3430 1425 καὶ
3459 1372 3801 1443 προώρισε,

2187 1458 2280 1510 καὶ
2315 1462 2630 1530 παρήγαγε.
2686 1480 2706 1513 ι
2755 1462 2880 1523 Πῶς
2935 1461 3029 1515 οὖν
3079 1463 3126 1514 οί
3177 1466 3502 1535 προορισμοὶ
3551 1467 3651 1518 καὶ
3717 1469 3797 1518 τὰ

2188 1550 2450 1619 ποιητικὰ
2497 1550 2605 1603 τῶν
2659 1551 2828 1605 ὄντων
2867 1553 2987 1607 θεῖα
3026 1553 3311 1624 Θελήματα
3356 1559 3588 1623 κτιστὰς
3648 1557 3799 1621 πῶς

2186 1640 2231 1693 δ’
2262 1641 2323 1692 οὐ
2360 1644 2583 1712 φανεροὶ
2617 1644 2975 1713 τυγχάνουσιν
3012 1645 3166 1707 ὄντες
3193 1645 3293 1716 τὴν
3336 1647 3430 1699 τοῦ
3458 1647 3599 1700 Θεοῦ
3634 1649 3791 1716 πρός

531 1723 773 1775 dentiam
808 1723 874 1775 ad
909 1735 1214 1777 creaturam
1248 1724 1554 1792 deprimunt
1595 1723 1685 1792 qui
1722 1724 1841 1776 illas
1874 1737 2087 1791 proces-

2199 1748 2335 1784 ιοιαν
2360 1733 2440 1796 είς
2474 1733 2684 1802 κτίσμα
2722 1737 3113 1800 κατασπῶντες
3133 1738 3183 1790 οἱ
3213 1737 3312 1800 τὰς
3342 1739 3609 1808 προόδους
3637 1741 3791 1793 ταῦ-

514 1813 698 1866 siones
748 1822 805 1867 et
857 1815 1206 1881 operationes
1264 1823 1579 1881 supponunt
1640 1812 1894 1868 creatas?
1949 1811 2081 1867 Nam

513 1905 819 1958 existentize
858 1908 1091 1972 vitatque
1131 1913 1185 1958 et
1222 1905 1502 1972 sapientia!
1542 1902 1748 1968 enicas,
1779 1911 1833 1956 ct
1861 1916 2097 1971 genera-

515 1995 613 2046 tim
662 2009 844 2049 rerum
893 2004 1200 2049 creatarum
1251 1995 1565 2064 productrix
1613 2005 1670 2048 et
1713 1992 2086 2047 conservatrix

517 2088 769 2153 operatio
804 2087 946 2141 idem
991 2097 1076 2140 est
1114 2102 1177 2140 ac
1219 2087 1418 2141 divina:
1451 2086 1757 2141 voluntates
1788 2084 2089 2151 divinaeque

518 2177 626 2231 illa!
660 2178 1104 2247 partieipationes
1146 2187 1203 2233 et
1243 2177 1771 2233 communicationes
1804 2176 2086 2241 bonitatis,

516 2284 639 2338 quae
671 2279 757 2325 est
781 2273 1025 2325 omnium
1061 2285 1248 2328 causa.

588 2360 680 2416 88.
719 2361 986 2419 Aseitatis
1021 2362 1372 2434 participatio
1415 2360 1549 2416 nihil
1579 2360 1687 2415 ullo
1725 2361 1889 2414 modo
1917 2356 2089 2428 parti-

518 2457 687 2524 cipat,
730 2464 791 2510 ut
840 2472 1066 2525 magnus
1124 2460 1201 2510 ait
1258 2455 1589 2525 Dionysius;
1642 2463 1854 2507 ceterae
1910 2460 2090 2505 autem

524 2547 988 2615 participationes,
1041 2557 1312 2615 quatenus
1366 2555 1494 2598 sunt
1545 2542 1987 2612 participationes
2036 2548 2092 2597 et

524 2638 791 2708 principia
842 2652 1046 2700 rerum,
1081 2636 1215 2691 nihil
1269 2651 1494 2704 prorsus
1536 2635 1879 2704 partit-ipant,
1917 2647 2094 2702 neque

524 2731 672 2783 enim
721 2729 1052 2796 providentia
1102 2730 1521 2798 providentiam.
1566 2728 1740 2796 neque
1778 2726 1887 2779 vita
1924 2726 2092 2780 vitam

523 2818 853 2889 participat;
887 2830 1163 2887 quatenus
1194 2834 1320 2873 vero
1356 2817 1556 2872 habent
1590 2833 1732 2882 esse,
1768 2816 2096 2886 participare

523 2901 798 2966 dicuntur
829 2912 1141 2975 aseitatem,
1170 2911 1296 2978 quia
1344 2912 1463 2964 sine
1510 2910 1626 2977 ipso
1672 2925 1780 2963 non
1825 2917 1952 2963 sunt
1994 2921 2097 2962 nec

527 3003 946 3072 participantur,
977 3003 1119 3058 sicut
1149 3016 1249 3056 nec
1281 3001 1622 3070 pra‘scicntia
1662 3003 1780 3054 sine
1820 2999 2047 3057 scientia
2077 3013 2095 3055 :

527 3098 673 3151 unde
704 3112 828 3151 cum
861 3097 969 3150 sint
998 3096 1359 3149 subsnsteutes
1392 3108 1489 3163 per
1530 3108 1589 3147 se
1630 3092 2091 3160 participationes,
2121 3077 2164 3134 (ἶ

529 3189 756 3243 miniute
802 3198 932 3242 sunt
978 3199 1196 3242 οτι-τηε.
1254 3185 1347 3240 llze
1402 3186 1582 3253 igitur,
1638 3195 1697 3238 ut
1745 3184 1878 3238 dicit
1938 3184 2090 3239 divus

525 3280 816 3344 Maximus,
844 3295 1114 3347 nunquam
1145 3294 1265 3333 esse
1290 3285 1595 3347 cmpernnt,
1616 3286 1671 3331 et
1694 3277 1743 3328 in
1774 3277 1881 3328 Deo
1908 3290 2092 3329 essen-

526 3375 730 3429 tialiter
775 3373 1217 3436 considerantur,
1268 3386 1368 3425 nec
1418 3371 1520 3423 l'uit
1571 3379 1782 3437 tempus
1829 3383 1937 3437 quo
1986 3384 2092 3423 non

528 3468 752 3520 l’uerint.
814 3462 1125 3517 Adversarii
1188 3472 1368 3514 autem
1435 3460 1819 3514 subsistentem
1884 3473 1979 3524 per
2035 3474 2092 3511 se

527 3560 719 3618 vitam.
752 3564 807 3609 et
838 3554 1154 3623 bonitatem,
1185 3562 1239 3606 et
1267 3551 1370 3604 alia
1404 3548 1707 3619 bujnsmodi
1741 3548 1903 3615 impie
1936 3561 2094 3613 repu-

529 3660 712 3704 tantes
740 3654 1042 3708 creaturas,
1070 3645 1270 3712 quippe
1299 3655 1417 3708 quae
1446 3638 1769 3707 participant
1807 3652 2094 3692 commune
2138 3672 2141 3675 η

529 3739 738 3792 eutinm
788 3747 1023 3795 nomen.
1051 3746 1156 3785 non
1203 3730 1642 3784 animadvertunt
1691 3728 1804 3789 illa,
1843 3731 2094 3795 quamvis

528 3829 676 3884 entia
720 3828 995 3888 dicantur,
1035 3838 1158 3877 esse
1196 3833 1375 3876 tamen
1416 3835 1576 3888 supra
1610 3820 1778 3884 entia,
1808 3820 1947 3874 sicut
1980 3820 2096 3888 ipse

529 3925 607 3973 ait
663 3928 892 3987 magnus
946 3912 1252 3985 Dionysius.
1300 3909 1517 3977 Facile,
1559 3914 1651 3981 qui
1701 3921 1920 3981 propter
1963 3910 2093 3964 illud

533 4009 973 4080 participatioues
1017 4021 1112 4076 per
1154 4020 1214 4058 se
1261 4004 1621 4058 subsistentes
1662 4003 1929 4058 creaturis
1966 4016 2097 4057 con-

532 4112 819 4157 numerant
860 4101 1034 4168 ipsum
1067 4098 1324 4166 Spiritum
1374 4105 1619 4149 sanctum
1652 4093 1932 4147 duxissent
1973 4107 2095 4147 esse

532 4204 814 4256 creatum,
863 4207 984 4244 eum
1049 4203 1272 4256 magnus
1323 4186 1558 4243 Basilius
1609 4189 1754 4240 dicat
1797 4201 1918 4239 cum
1976 4198 2097 4239 esse

535 4288 850 4356 participem
884 4283 1298 4351 congruentium
1337 4278 1446 4332 Deo
1479 4280 1777 4333 nominum.
2072 4338 2073 4341 η

605 4378 696 4433 89.
738 4375 795 4430 Si
832 4374 953 4442 quis
996 4372 1195 4424 dixerit
1247 4370 1416 4423 solam
1464 4369 1848 4424 subsistentem
1898 4380 1992 4435 per
2037 4382 2096 4421 se

542 4466 901 4523 substantiam
949 4476 1075 4516 esse
1122 4460 1699 4522 communicationem,
1738 4458 1933 4526 quippe
1983 4472 2100 4525 qua:

536 4560 654 4616 sola
700 4574 806 4612 non
850 4552 1161 4626 participat,
1190 4550 1283 4604 sed
1311 4549 1675 4604 ctinttttutticat
1717 4558 1927 4603 tantum
1954 4552 2100 4614 (nam

539 4657 646 4707 alia
689 4653 864 4720 ipsam
909 4641 1282 4715 participant);
1323 4641 1459 4694 sciat
1494 4656 1551 4694 se
1589 4656 1693 4693 non
1745 4641 2105 4710 intelligenter

539 4746 783 4813 cogitare
826 4743 892 4793 de
934 4737 1058 4791 aliis
1098 4731 1700 4789 connuunicatiouibus.
1742 4731 1873 4784 Nam
1918 4734 2106 4784 viven-

544 4838 616 4887 tia
663 4839 920 4887 sanctave
966 4835 1058 4880 aut
1104 4824 1264 4888 bona,
1301 4836 1409 4875 non
1454 4821 1578 4889 quia
1624 4829 1753 4874 sunt
1791 4819 2110 4886 simpliciter

544 4940 644 4980 nec
687 4923 812 4992 quia
861 4921 1216 4973 exsistentem
1266 4929 1360 4983 per
1406 4926 1465 4966 se
1486 4912 1843 4965 substantiam
1892 4909 2110 4977 partici-

545 5024 707 5086 pant,
759 5012 1011 5066 dicuntur
1054 5022 1177 5062 esse
1222 5021 1318 5074 per
1361 5003 1823 5072 participationem
1870 5002 2108 5056 viventia

548 5115 843 5173 sanctaque
874 5114 931 5157 et
963 5103 1125 5166 bona,
1161 5100 1252 5153 sed
1295 5098 1419 5168 quia
1457 5095 1778 5165 participant
1811 5094 2111 5148 subsisten-

548 5209 669 5256 tem-
702 5212 798 5267 per
826 5210 885 5249 se
917 5193 1106 5255 vitam,
1138 5202 1192 5245 et
1218 5191 1586 5252 sanctitatem,
1614 5199 1668 5242 et
1696 5188 2012 5241 bonitatem.
2041 5186 2112 5245 At

556 5291 858 5346 subsistens
892 5298 987 5352 per
1018 5300 1076 5338 se
1111 5282 1238 5348 vita,
1267 5293 1322 5335 et
1349 5282 1450 5334 alia
1482 5279 1808 5350 bujnstnodi,
1840 5293 1945 5333 non
1974 5278 2111 5332 alius

556 5386 681 5437 vita:
725 5375 1142 5451 participatione
1175 5384 1282 5427 vita
1319 5372 1376 5427 (it
1406 5389 1420 5426 :
1456 5373 1574 5426 ideo
1605 5383 1868 5442 quatenus
1893 5382 1978 5427 est
2016 5387 2113 5442 per

557 5490 618 5527 se
665 5472 795 5533 vita,
840 5476 923 5521 est
966 5463 1396 5529 communicatis,
1438 5478 1542 5517 non
1588 5477 1714 5517 vero
1758 5463 2110 5534 participans.

555 5566 710 5627 Quod
743 5570 921 5614 autem
953 5558 1115 5611 vitam
1151 5568 1254 5609 n0u
1294 5553 1601 5623 participat,
1629 5554 1723 5609 sed
1762 5556 1932 5623 ipsum
1962 5570 2114 5616 com-

557 5654 798 5707 munirat
826 5662 879 5704 et
913 5648 1146 5702 traducit
1182 5644 1343 5699 vitam
1374 5645 1701 5707 viventibus.
1728 5647 1943 5713 quando
1971 5656 2114 5703 esset

556 5743 845 5801 creatura?
873 5744 1000 5798 Item
1034 5743 1096 5797 de
1128 5739 1248 5795 aliis
1280 5738 1881 5795 cmmuunicatiuuibus.

2183 1839 2284 1886 τας
2315 1814 2408 1878 καὶ
2438 1827 2720 1895 ἐνεργείας
2753 1827 3026 1897 τιθέμενοι
3066 1830 3326 1895 κτιστάςς
3357 1831 3420 1883 Ἡ
3447 1831 3555 1902 γὰρ
3584 1833 3789 1885 ouem-

2183 1915 2357 1979 ποιδς,
2390 1916 2485 1969 καὶ
2530 1918 2817 1983 ζωοποιὸς,
2866 1921 2959 1973 καὶ
2987 1920 3293 1988 σοφοποιδς,
3348 1924 3441 1974 καὶ
3477 1923 3675 1986 ἁπλῶς
3743 1928 3781 1997 ἡ

2185 2008 2469 2077 ποιητικὴ,
2507 2009 2603 2062 καὶ
2636 2012 2931 2080 συνεκτικὴ
2984 2010 3092 2065 τῶν
3124 2011 3358 2074 κτιστῶς
3387 2012 3557 2066 ὄντων
3607 2014 3781 2084 ἐνέρ-

2183 2115 2329 2167 γεια,
2348 2099 2464 2152 ἔστι
2495 2100 2563 2153 τὰ
2596 2100 2717 2154 θεῖα
2741 2101 3044 2170 θελήματα,
3074 2104 3168 2154 καὶ
3197 2104 3251 2156 αί
3276 2102 3417 2156 θεῖαι
3442 2099 3604 2157 αὗται
3636 2122 3781 2174 μετ-

2183 2190 2309 2261 οχαὶ
2344 2192 2440 2246 καὶ¹
2465 2192 2668 2261 δωρεαὶ
2695 2194 2792 2263 τῆς
2829 2195 3050 2247 πάντων
3080 2194 3260 2258 αίτίας
3292 2194 3655 2265 ἀγαθότητος.

2264 2370 2377 2436 mf.
2423 2365 2486 2419 Ἦ
2525 2363 2625 2436 μὲν
2653 2361 2748 2420 οὖν
2783 2362 2881 2418 τοῦ
2924 2361 3199 2417 αὐτοεῖναι
3233 2363 3456 2433 μετοχὴ,
3514 2360 3643 2414 κατ’
3675 2361 3785 2413 οὐ-

2192 2456 2322 2511 δένα
2350 2457 2554 2527 τρόπον
2587 2455 2807 2518 οὐδενὸς
2847 2454 3092 2526 μετέχει,
3136 2453 3213 2516 ὡς
3242 2451 3337 2505 καὶ
3366 2454 3393 2505 ό
3428 2451 3599 2520 μέγας
3647 2453 3781 2504 Διοι-

2194 2546 2376 2612 νύσιὸς
2397 2563 2582 2618 φησιν·
2604 2549 2660 2601 αἱ
2684 2546 2732 2601 δ’
2756 2546 2915 2602 ἄλλαι
2947 2546 3194 2617 μετοχαὶ,
3218 2539 3252 2618 ᾗ
3284 2543 3384 2615 μέν
3410 2545 3515 2624 είσι
3539 2547 3781 2612 μετοχαέ

2194 2660 2255 2696 τε
2312 2643 2408 2696 καὶ
2457 2640 2629 2713 ἀρχαὶ
2679 2640 2790 2695 τῶν
2844 2641 3047 2707 ὅντων,
3105 2640 3395 2710 μετέχουσι
3439 2636 3776 2708 τοπαράπαν

2193 2734 2438 2798 οὐδενόςο
2473 2733 2598 2807 οὐδὲ
2642 2733 2752 2803 γὰρ
2779 2734 2812 2801 ἡ
2862 2731 3090 2802 πρόνοια
3133 2731 3412 2801 προνοίας,
3442 2728 3551 2782 οὐδ’
3588 2730 3621 2798 ἡ
3654 2727 3771 2798 ζωὴ

2194 2825 2340 2894 ζωῆς
2370 2825 2690 2894 μετείληχεν
2709 2843 2725 2857 ³
2760 2818 2796 2897 ᾖ
2825 2823 2870 2876 δ’
2900 2823 3084 2893 ἔχουσι
3111 2822 3172 2875 τὸ
3204 2818 3365 2884 εἶναι,
3403 2820 3652 2892 μετέχειν
3682 2820 3770 2872 λέο

2193 2934 2383 2985 γονται
2439 2915 2533 2969 τοῦ
2584 2917 2893 2970 αὑτοεῖναι’
2931 2918 3006 2978 ὡς
3056 2914 3224 2984 χωρὶς
3269 2913 3437 2966 αὐτοῦ
3485 2913 3558 2984 μὴ
3608 2907 3764 2965 οὖσα.

2197 3008 2333 3077 μηδὲ
2369 3008 2763 3078 μετεχόμεναιο
2788 3005 3056 3076 καθάπερ
3089 3004 3200 3058 οὐδ’
3230 3006 3265 3076 ἡ
3305 3005 3610 3073 πρόγνωσις
3651 3003 3762 3074 χω-

2192 3097 2275 3167 pi;
2302 3098 2403 3164 τῆς
2436 3097 2723 3165 γνώσεως·
2752 3096 2834 3149 διδ
2862 3097 2938 3159 ὠς
2967 3097 3351 3167 αὑτομετοχαὶ,
3378 3095 3632 3164 οὐδαμῶς
3658 3096 3762 3147 είσι

2191 3189 2428 3241 κτισταί.
2465 3188 2631 3242 Ταῦτ’
2670 3187 2780 3257 ἄρα
2835 3188 2932 3241 καὶ
2983 3188 3126 3242 κατὰ
3165 3187 3258 3242 τὸν
3305 3187 3449 3241 θεῖον
3491 3188 3759 3257 Μάξιμον,

2192 3280 2316 3333 οὐδέ
2381 3297 2514 3334 ποτε
2553 3280 2650 3334 τοῦ
2699 3275 2842 3335 εἶναι
2872 3279 3140 3352 ἤρξαντοο
3176 3279 3271 3333 καὶ
3319 3280 3450 3350 περὶ
3496 3280 3588 3332 τὸν
3633 3278 3763 3331 Θεὺν

2192 3372 2466 3435 οὖσιωδῶς
2496 3372 2848 3441 θεωροῦνται,
2891 3373 2989 3426 καὶ
3030 3373 3131 3427 οὐκ
3156 3367 3224 3443 ἦν
3259 3371 3346 3425 ὅτε
3380 3373 3481 3425 οὐκ
3515 3366 3672 3442 ἦσαν.
3702 3373 3760 3425 Oi

2193 3462 2249 3533 δὲ
2277 3463 2531 3529 ἐναντίοι,
2575 3464 2673 3535 τὴν
2708 3463 3011 3534 αὐτοζωὴν,
3040 3464 3135 3517 καὶ
3177 3464 3643 3533 αὐτοαγαθότητα,
3673 3463 3763 3517 καὶ

2188 3552 2268 3606 τὰ
2286 3553 2510 3607 τοιαῦτα
2538 3553 2816 3616 δυσσεϐῶς
2845 3552 3165 3624 νομίζοντες
3189 3555 3405 3618 κτιστὰ,
3440 3554 3519 3607 ὅτι
3552 3554 3764 3622 μετέχει

2197 3647 2297 3715 τῆς
2333 3649 2443 3700 τῶν
2471 3648 2642 3701 ὅντων
2665 3649 2854 3717 κοινῆς
2888 3649 3224 3716 ἐπωνυμίας,
3254 3649 3313 3701 οὐ
3344 3649 3659 3717 συνορῶσιν,
3688 3649 3760 3709 ὡς

2202 3741 2252 3793 εί
2290 3740 2385 3792 καὶ
2416 3739 2546 3792 ὄντα
2577 3739 2816 3806 λέγεται,
2866 3739 3003 3792 ἀλλὰ
3033 3739 3127 3791 καὶ
3152 3738 3295 3808 ὑπὲρ
3334 3739 3403 3790 τὰ
3433 3739 3562 3791 ὄντα
3616 3737 3726 3790 ἐστί
3742 3753 3755 3767 ·

2200 3831 2453 3901 καθάπερ
2490 3831 2652 3894 αὑτός
2702 3847 2867 3898 φησιν
2909 3830 2937 3882 ὁ
2986 3830 3158 3900 μέγας
3214 3829 3524 3893 Διονύσιος’
3576 3830 3759 3900 ῥᾳδίως

2200 3921 2246 3974 δ’
2293 3920 2358 3976 ἂν
2409 3923 2458 3974 οί
2502 3921 2591 3975 διὰ
2619 3920 2778 3975 τοῦτο
2810 3921 2910 3984 τὰς
2949 3920 3321 3990 αὑτομετοχὰς
3356 3922 3473 3982 τοῖς
3510 3921 3757 3988 κτίσμασι

2205 4012 2616 4074 συντάττοντες,
2672 4013 2765 4064 καὶ
2813 4013 2873 4064 τὸ
2926 4011 3148 4080 Πνεῦμα
3196 4009 3256 4062 τὸ
3310 4008 3465 4075 ἅγιον
3497 4010 3756 4078 ἡγήσαντο

2203 4104 2447 4157 κτιστύν·
2484 4103 2579 4156 τοῦ
2613 4104 2849 4173 μεγάλου
2886 4102 3168 4154 Βασιλείου
3203 4101 3477 4168 λέγοντος.
3519 4101 3751 4170 μετέχειν

2206 4194 2340 4248 αὐτὸ
2362 4195 2469 4247 τῶν
2496 4193 2815 4262 θεοπρεπῶν
2840 4193 3140 4262 ὀνομάτων.

2297 4362 2407 4418 πθ¹.
2438 4363 2502 4416 El
2530 4363 2588 4416 δέ
2624 4379 2710 4426 τις
2744 4363 2879 4432 φαίη
2913 4362 3083 4431 μένην
3112 4360 3212 4432 τὴν
3247 4359 3617 4432 αὗτοΰπαρξιν
3648 4353 3768 4411 εἶναι

2229 4454 2483 4526 μετοχὴν,
2530 4453 2606 4518 ὡς
2648 4453 2818 4524 μόνην
2847 4452 2921 4523 μὴ
2976 4453 3330 4522 μετέχουσαν,
3376 4450 3513 4505 ἀλλὰ
3564 4466 3765 4520 μετεχο-

2228 4547 2397 4617 μένην
2427 4544 2585 4615 μόνον
2608 4544 2686 4614 (αἱ
2714 4544 2823 4614 γὰρ
2850 4543 3006 4596 ἄλλαι
3043 4542 3362 4613 μετέχουσιν
3393 4539 3587 4609 αὐτῆς)
3605 4556 3618 4569 ·
3649 4539 3767 4605 γνὼ-

2224 4654 2302 4690 τω
2336 4636 2409 4707 μὴ
2439 4635 2679 4699 συνετῶς
2709 4633 3092 4704 διανοούμενος
3138 4633 3269 4704 περὶ
3310 4631 3420 4684 τῶν
3462 4630 3633 4685 ἄλλων
3659 4644 3767 4697 pet:-

2220 4729 2382 4798 οχῶν.
2415 4729 2496 4781 Τὰ
2545 4727 2653 4797 γὰρ
2692 4727 2890 4792 ζῶντα,
2919 4725 2953 4796 ἢ
3007 4724 3077 4779 τὰ
3110 4726 3265 4792 ἅγια,
3309 4724 3342 4794 ἢ
3376 4722 3448 4775 τὰ
3491 4719 3684 4789 ἀγαθὰ,
3712 4719 3763 4770 οὐ

2218 4819 2305 4874 διὰ
2331 4820 2391 4872 τὸ
2423 4819 2607 4882 ἁπλῶς
2638 4813 2797 4879 εῖναι,
2823 4818 2919 4871 καὶ
2947 4817 3046 4887 τῆς
3068 4812 3487 4882 αὐτοῦπάρξεως
3518 4813 3760 4883 μετέχειν,

2221 4911 2320 4981 ζῇν
2353 4910 2570 4977 λέγεται
2607 4909 2845 4979 μεθέξει,
2890 4907 2987 4962 καὶ
3026 4905 3348 4975 ἀγιάζεσθαι
3395 4904 3492 4958 καλ⁵
3524 4902 3762 4971 ἁγαθύνε-

2226 5005 2383 5056 σθαιθ
2430 5001 2569 5055 ἀλλὰ
2619 5000 2699 5069 τῷ
2727 5001 2828 5070 τῆς
2865 4999 3148 5064 αὑτοζωῆς
3192 4997 3462 5068 μετέχειν,
3508 4996 3601 5049 καὶ
3625 4995 3762 5049 αὐτο-

2223 5094 2535 5162 αγιότητος,
2555 5093 2649 5146 καὶ
2673 5090 3165 5159 αὑτοαγαθότητος.
3193 5088 3258 5141 Ἣ
3282 5088 3338 5141 δὲ
3361 5086 3757 5155 αὑτοαγαθότηςν

2225 5185 2257 5245 ἢ
2283 5184 2377 5236 καὶ¹
2405 5183 2572 5237 τᾶλλα
2602 5182 2670 5236 τὰ
2691 5180 2937 5245 τοιαῦτα,
2956 5179 3055 5233 οὐκ
3078 5177 3243 5246 ἄλλης
3269 5175 3549 5244 αὐτοζωῆς
3574 5174 3759 5245 μεθέξει

2222 5275 2429 5343 γίνεται
2447 5273 2693 5344 αὖτοζωή
2712 5290 2727 5304 ο
2750 5272 2830 5325 διὸ
2858 5273 2952 5325 καὶ
2976 5270 3112 5322 καθὸ
3132 5268 3400 5335 αὐτοζωὴ,
3428 5266 3538 5318 τῶν
3567 5281 3748 5335 μετεχο-

2226 5365 2423 5432 μένων,
2450 5363 2568 5417 ἀλλ’
2607 5363 2668 5415 οὗ
2694 5362 2802 5415 τῶν
2839 5361 3174 5430 μετεχόντων
3208 5357 3343 5411 ὲστί.
3378 5356 3450 5408 Τὸ
3471 5355 3527 5408 δὲ
3559 5354 3630 5425 μὴ
3654 5371 3757 5424 μετ-

2226 5457 2348 5526 ἐχον
2373 5454 2540 5525 ζωῆς,
2574 5453 2690 5507 ἀλλ’
2725 5453 2856 5506 αὐτὸ
2890 5451 3245 5521 μετεχόμενον
3269 5447 3364 5501 καὶ
3394 5444 3679 5511 ζωοποιοῦν
3699 5444 3757 5497 τὰ

2226 5547 2427 5610 ζῶντα,
2453 5545 2570 5609 πῶς
2593 5544 2660 5599 ἂν
2683 5542 2771 5613 εἴη
2789 5543 2991 5612 κτίσμα
3013 5558 3029 5608 ;
3052 5541 3203 5595 Κάπὶ
3222 5539 3329 5592 τῶν
3351 5537 3524 5594 ἄλλων
3547 5534 3755 5606 μετοχῶν

2225 5636 2440 5708 ὁμοίως.
