  <div class='ocr_page' id='page_1' title='image "/cluster/home/n/w/nwhite01/storage/ocr_20150623/150/mdp.39015078384743/600.png"; bbox 0 0 4074 6322; ppageno 0'>
   <div class='ocr_carea' id='block_1_1' title="bbox 334 317 475 382">
    <p class='ocr_par' dir='ltr' id='par_1_1' title="bbox 334 317 475 382">
     <span class='ocr_line' id='line_1_1' title="bbox 334 317 475 382; baseline 0.014 -7"><span class='ocrx_word' id='word_1_1' title='bbox 334 317 475 382; x_wconf 58' lang='lat'><strong>1195</strong></span> 
     </span>
    </p>
   </div>
   <div class='ocr_carea' id='block_1_2' title="bbox 1230 327 2678 406">
    <p class='ocr_par' dir='ltr' id='par_1_2' title="bbox 1230 327 2678 406">
     <span class='ocr_line' id='line_1_2' title="bbox 1230 327 2678 406; baseline 0.008 -17"><span class='ocrx_word' id='word_1_2' title='bbox 1230 327 1498 393; x_wconf 74' lang='lat' dir='ltr'><strong>CAPITA</strong></span> <span class='ocrx_word' id='word_1_3' title='bbox 1566 328 1917 401; x_wconf 64' lang='lat' dir='ltr'><strong>PHYSICA,</strong></span> <span class='ocrx_word' id='word_1_4' title='bbox 1966 335 2480 406; x_wconf 68' lang='lat' dir='ltr'><strong>TIIEOlﬂGlCA,</strong></span> <span class='ocrx_word' id='word_1_5' title='bbox 2517 338 2678 400; x_wconf 82' lang='lat' dir='ltr'><strong>ETC.</strong></span> 
     </span>
    </p>
   </div>
   <div class='ocr_carea' id='block_1_3' title="bbox 3436 347 3578 414">
    <p class='ocr_par' dir='ltr' id='par_1_3' title="bbox 3436 347 3578 414">
     <span class='ocr_line' id='line_1_3' title="bbox 3436 347 3578 414; baseline -0.035 0"><span class='ocrx_word' id='word_1_6' title='bbox 3436 347 3578 414; x_wconf 73' lang='lat'><strong>1186</strong></span> 
     </span>
    </p>
   </div>
   <div class='ocr_carea' id='block_1_4' title="bbox 401 418 1883 516">
    <p class='ocr_par' dir='ltr' id='par_1_4' title="bbox 401 418 1883 507">
     <span class='ocr_line' id='line_1_4' title="bbox 401 418 1883 507; baseline 0.018 -37"><span class='ocrx_word' id='word_1_7' title='bbox 401 418 466 486; x_wconf 53' lang='grc' dir='ltr'><strong>ιζ.</strong></span> <span class='ocrx_word' id='word_1_8' title='bbox 507 421 948 494; x_wconf 74' lang='grc' dir='ltr'><strong>Συμφύεγγέσθω</strong></span> <span class='ocrx_word' id='word_1_9' title='bbox 981 428 1073 482; x_wconf 89' lang='grc' dir='ltr'><strong>νῦν</strong></span> <span class='ocrx_word' id='word_1_10' title='bbox 1102 432 1234 502; x_wconf 70' lang='grc' dir='ltr'><strong>ἡμῖν</strong></span> <span class='ocrx_word' id='word_1_11' title='bbox 1269 436 1363 488; x_wconf 75' lang='grc' dir='ltr'><strong>καὶ</strong></span> <span class='ocrx_word' id='word_1_12' title='bbox 1392 435 1646 507; x_wconf 78' lang='grc' dir='ltr'><strong>Μάξιμος</strong></span> <span class='ocrx_word' id='word_1_13' title='bbox 1673 442 1701 492; x_wconf 90' lang='grc' dir='ltr'><strong>ό</strong></span> <span class='ocrx_word' id='word_1_14' title='bbox 1729 440 1883 505; x_wconf 62' lang='grc' dir='ltr'><strong>θεῖοςε</strong></span> 
     </span>
    </p>
   </div>
   <div class='ocr_carea' id='block_1_5' title="bbox 1983 418 3575 516">
    <p class='ocr_par' dir='ltr' id='par_1_5' title="bbox 2070 445 3575 516">
     <span class='ocr_line' id='line_1_5' title="bbox 2070 445 3575 516; baseline 0.013 -19"><span class='ocrx_word' id='word_1_15' title='bbox 2070 445 2161 499; x_wconf 87' lang='grc'><strong>90.</strong></span> <span class='ocrx_word' id='word_1_16' title='bbox 2204 446 2480 502; x_wconf 80' lang='lat' dir='ltr'><strong>Consonat</strong></span> <span class='ocrx_word' id='word_1_17' title='bbox 2527 463 2671 502; x_wconf 88' lang='lat' dir='ltr'><strong>nunc</strong></span> <span class='ocrx_word' id='word_1_18' title='bbox 2707 449 2865 502; x_wconf 83' lang='lat' dir='ltr'><strong>nobis</strong></span> <span class='ocrx_word' id='word_1_19' title='bbox 2895 449 3053 506; x_wconf 84' lang='lat' dir='ltr'><strong>divus</strong></span> <span class='ocrx_word' id='word_1_20' title='bbox 3088 454 3250 507; x_wconf 82' lang='lat' dir='ltr'><strong>etiam</strong></span> <span class='ocrx_word' id='word_1_21' title='bbox 3290 455 3575 516; x_wconf 77' lang='lat' dir='ltr'><strong>Maximus.</strong></span> 
     </span>
    </p>
   </div>
   <div class='ocr_carea' id='block_1_6' title="bbox 322 508 1892 597">
    <p class='ocr_par' dir='ltr' id='par_1_6' title="bbox 322 508 1892 597">
     <span class='ocr_line' id='line_1_6' title="bbox 322 508 1892 597; baseline 0.017 -38"><span class='ocrx_word' id='word_1_22' title='bbox 322 508 421 578; x_wconf 78' lang='grc' dir='ltr'><strong>τὴν</strong></span> <span class='ocrx_word' id='word_1_23' title='bbox 442 516 730 586; x_wconf 78' lang='grc' dir='ltr'><strong>ποιητικὴν</strong></span> <span class='ocrx_word' id='word_1_24' title='bbox 750 517 857 570; x_wconf 80' lang='grc' dir='ltr'><strong>των</strong></span> <span class='ocrx_word' id='word_1_25' title='bbox 878 519 1047 572; x_wconf 79' lang='grc' dir='ltr'><strong>ὄντων</strong></span> <span class='ocrx_word' id='word_1_26' title='bbox 1070 522 1328 592; x_wconf 87' lang='grc' dir='ltr'><strong>πρόνοιαν</strong></span> <span class='ocrx_word' id='word_1_27' title='bbox 1349 526 1446 588; x_wconf 67' lang='grc' dir='ltr'><strong>τὰς</strong></span> <span class='ocrx_word' id='word_1_28' title='bbox 1470 529 1729 597; x_wconf 81' lang='grc' dir='ltr'><strong>προόδους</strong></span> <span class='ocrx_word' id='word_1_29' title='bbox 1750 528 1892 585; x_wconf 81' lang='grc' dir='ltr'><strong>εἶναι</strong></span> 
     </span>
    </p>
   </div>
   <div class='ocr_carea' id='block_1_7' title="bbox 321 597 1892 684">
    <p class='ocr_par' dir='ltr' id='par_1_7' title="bbox 321 597 1892 684">
     <span class='ocr_line' id='line_1_7' title="bbox 321 597 1892 684; baseline 0.015 -35"><span class='ocrx_word' id='word_1_30' title='bbox 321 597 524 663; x_wconf 87' lang='grc' dir='ltr'><strong>ταύτας</strong></span> <span class='ocrx_word' id='word_1_31' title='bbox 579 603 674 658; x_wconf 86' lang='grc' dir='ltr'><strong>τοῦ</strong></span> <span class='ocrx_word' id='word_1_32' title='bbox 723 605 855 659; x_wconf 82' lang='grc' dir='ltr'><strong>Θεοῦ</strong></span> <span class='ocrx_word' id='word_1_33' title='bbox 888 607 1117 678; x_wconf 82' lang='grc' dir='ltr'><strong>γράφων</strong></span> <span class='ocrx_word' id='word_1_34' title='bbox 1148 611 1206 665; x_wconf 92' lang='grc' dir='ltr'><strong>ἐν</strong></span> <span class='ocrx_word' id='word_1_35' title='bbox 1241 612 1510 684; x_wconf 89' lang='grc' dir='ltr'><strong>Σχολίοις·</strong></span> <span class='ocrx_word' id='word_1_36' title='bbox 1558 635 1576 667; x_wconf 77' lang='grc' dir='ltr'><strong>ι</strong></span> <span class='ocrx_word' id='word_1_37' title='bbox 1615 618 1805 673; x_wconf 76' lang='grc' dir='ltr'><strong>Κοιναὶ</strong></span> <span class='ocrx_word' id='word_1_38' title='bbox 1833 620 1892 675; x_wconf 85' lang='grc' dir='ltr'><strong>δέ</strong></span> 
     </span>
    </p>
   </div>
   <div class='ocr_carea' id='block_1_8' title="bbox 317 704 1898 780">
    <p class='ocr_par' dir='ltr' id='par_1_8' title="bbox 317 704 1898 780">
     <span class='ocr_line' id='line_1_8' title="bbox 317 704 1898 780; baseline 0.003 -22"><span class='ocrx_word' id='word_1_39' title='bbox 317 704 431 762; x_wconf 72' lang='grc' dir='ltr'><strong>εισι</strong></span> <span class='ocrx_word' id='word_1_40' title='bbox 479 705 581 776; x_wconf 82' lang='grc' dir='ltr'><strong>τῆς</strong></span> <span class='ocrx_word' id='word_1_41' title='bbox 631 705 1063 775; x_wconf 87' lang='grc' dir='ltr'><strong>τρισυποστάτου</strong></span> <span class='ocrx_word' id='word_1_42' title='bbox 1101 707 1533 780; x_wconf 81' lang='grc' dir='ltr'><strong>διακεκριμένης</strong></span> <span class='ocrx_word' id='word_1_43' title='bbox 1577 712 1785 772; x_wconf 74' lang='grc' dir='ltr'><strong>ἐνάδος,</strong></span> <span class='ocrx_word' id='word_1_44' title='bbox 1839 710 1898 763; x_wconf 86' lang='grc' dir='ltr'><strong>αί</strong></span> 
     </span>
    </p>
   </div>
   <div class='ocr_carea' id='block_1_9' title="bbox 321 797 1901 869">
    <p class='ocr_par' dir='ltr' id='par_1_9' title="bbox 321 797 1901 869">
     <span class='ocr_line' id='line_1_9' title="bbox 321 797 1901 869; baseline 0.002 -19"><span class='ocrx_word' id='word_1_45' title='bbox 321 800 383 867; x_wconf 74' lang='grc' dir='ltr'><strong>δη</strong></span> <span class='ocrx_word' id='word_1_46' title='bbox 394 800 713 868; x_wconf 77' lang='grc' dir='ltr'><strong>μιουργικαὶ</strong></span> <span class='ocrx_word' id='word_1_47' title='bbox 740 797 990 867; x_wconf 78' lang='grc' dir='ltr'><strong>πρόνοιαξ</strong></span> <span class='ocrx_word' id='word_1_48' title='bbox 1023 815 1081 850; x_wconf 85' lang='grc' dir='ltr'><strong>τε</strong></span> <span class='ocrx_word' id='word_1_49' title='bbox 1106 799 1201 852; x_wconf 78' lang='grc' dir='ltr'><strong>καὶ</strong></span> <span class='ocrx_word' id='word_1_50' title='bbox 1227 799 1564 869; x_wconf 79' lang='grc' dir='ltr'><strong>ἁγαθότητες</strong></span> <span class='ocrx_word' id='word_1_51' title='bbox 1584 818 1598 832; x_wconf 75' lang='grc' dir='ltr'><strong><em>ο</em></strong></span> <span class='ocrx_word' id='word_1_52' title='bbox 1622 800 1901 853; x_wconf 80' lang='grc' dir='ltr'><strong>τουτέστιν</strong></span> 
     </span>
    </p>
   </div>
   <div class='ocr_carea' id='block_1_10' title="bbox 320 888 1901 960">
    <p class='ocr_par' dir='ltr' id='par_1_10' title="bbox 320 888 1901 960">
     <span class='ocr_line' id='line_1_10' title="bbox 320 888 1901 960; baseline 0.001 -18"><span class='ocrx_word' id='word_1_53' title='bbox 320 892 375 942; x_wconf 81' lang='lat' dir='ltr'><strong>ai</strong></span> <span class='ocrx_word' id='word_1_54' title='bbox 412 888 713 951; x_wconf 83' lang='grc' dir='ltr'><strong>οὐσιώσεις,</strong></span> <span class='ocrx_word' id='word_1_55' title='bbox 746 890 801 942; x_wconf 78' lang='lat' dir='ltr'><strong>at</strong></span> <span class='ocrx_word' id='word_1_56' title='bbox 840 888 1104 954; x_wconf 79' lang='grc' dir='ltr'><strong>ζωώσεις,</strong></span> <span class='ocrx_word' id='word_1_57' title='bbox 1137 891 1194 942; x_wconf 80' lang='grc' dir='ltr'><strong>αἱ</strong></span> <span class='ocrx_word' id='word_1_58' title='bbox 1237 891 1640 959; x_wconf 83' lang='grc' dir='ltr'><strong>σοφοποιήσεις.</strong></span> <span class='ocrx_word' id='word_1_59' title='bbox 1673 890 1766 959; x_wconf 84' lang='grc' dir='ltr'><strong>Τῷ</strong></span> <span class='ocrx_word' id='word_1_60' title='bbox 1803 891 1901 960; x_wconf 82' lang='grc' dir='ltr'><strong>μὲν</strong></span> 
     </span>
    </p>
   </div>
   <div class='ocr_carea' id='block_1_11' title="bbox 320 973 1899 1048">
    <p class='ocr_par' dir='ltr' id='par_1_11' title="bbox 320 973 1899 1048">
     <span class='ocr_line' id='line_1_11' title="bbox 320 973 1899 1048; baseline 0.001 -17"><span class='ocrx_word' id='word_1_61' title='bbox 320 973 415 1031; x_wconf 64' lang='grc' dir='ltr'><strong>οἷν</strong></span> <span class='ocrx_word' id='word_1_62' title='bbox 442 977 640 1040; x_wconf 80' lang='grc' dir='ltr'><strong>πολλὰς</strong></span> <span class='ocrx_word' id='word_1_63' title='bbox 673 978 839 1046; x_wconf 82' lang='grc' dir='ltr'>φάναι</span> <span class='ocrx_word' id='word_1_64' title='bbox 868 977 1072 1040; x_wconf 89' lang='grc' dir='ltr'><strong>ταύτας</strong></span> <span class='ocrx_word' id='word_1_65' title='bbox 1105 979 1202 1031; x_wconf 78' lang='grc' dir='ltr'><strong>καὶ</strong></span> <span class='ocrx_word' id='word_1_66' title='bbox 1236 978 1681 1048; x_wconf 84' lang='grc' dir='ltr'><strong>διακεκριμένας,</strong></span> <span class='ocrx_word' id='word_1_67' title='bbox 1730 980 1899 1042; x_wconf 77' lang='grc' dir='ltr'><strong>ἔδειξε</strong></span> 
     </span>
    </p>
   </div>
   <div class='ocr_carea' id='block_1_12' title="bbox 321 1065 1899 1139">
    <p class='ocr_par' dir='ltr' id='par_1_12' title="bbox 321 1065 1899 1139">
     <span class='ocr_line' id='line_1_12' title="bbox 321 1065 1899 1139; baseline 0.004 -24"><span class='ocrx_word' id='word_1_68' title='bbox 321 1067 394 1135; x_wconf 79' lang='grc' dir='ltr'><strong>μὴ</strong></span> <span class='ocrx_word' id='word_1_69' title='bbox 428 1066 527 1137; x_wconf 82' lang='grc' dir='ltr'><strong>τὴν</strong></span> <span class='ocrx_word' id='word_1_70' title='bbox 575 1066 766 1121; x_wconf 85' lang='grc' dir='ltr'><strong>οὐσίαν</strong></span> <span class='ocrx_word' id='word_1_71' title='bbox 820 1065 986 1129; x_wconf 80' lang='grc' dir='ltr'><strong>οῦσας</strong></span> <span class='ocrx_word' id='word_1_72' title='bbox 1039 1068 1241 1132; x_wconf 89' lang='grc' dir='ltr'><strong>ταύτας</strong></span> <span class='ocrx_word' id='word_1_73' title='bbox 1282 1067 1375 1122; x_wconf 86' lang='grc' dir='ltr'><strong>τοῦ</strong></span> <span class='ocrx_word' id='word_1_74' title='bbox 1414 1067 1588 1122; x_wconf 85' lang='grc' dir='ltr'><strong>Θεοῦ·</strong></span> <span class='ocrx_word' id='word_1_75' title='bbox 1647 1069 1743 1139; x_wconf 75' lang='grc' dir='ltr'><strong>μία</strong></span> <span class='ocrx_word' id='word_1_76' title='bbox 1790 1070 1899 1138; x_wconf 79' lang='grc' dir='ltr'><strong>γὰρ</strong></span> 
     </span>
    </p>
   </div>
   <div class='ocr_carea' id='block_1_13' title="bbox 316 1155 1899 1230">
    <p class='ocr_par' dir='ltr' id='par_1_13' title="bbox 316 1155 1899 1230">
     <span class='ocr_line' id='line_1_13' title="bbox 316 1155 1899 1230; baseline 0.004 -22"><span class='ocrx_word' id='word_1_77' title='bbox 316 1155 455 1225; x_wconf 78' lang='grc' dir='ltr'><strong>αῦτη</strong></span> <span class='ocrx_word' id='word_1_78' title='bbox 502 1157 597 1210; x_wconf 81' lang='grc' dir='ltr'><strong>καὶ</strong></span> <span class='ocrx_word' id='word_1_79' title='bbox 651 1159 1000 1212; x_wconf 81' lang='grc' dir='ltr'><strong>παντάπασιν</strong></span> <span class='ocrx_word' id='word_1_80' title='bbox 1042 1158 1371 1230; x_wconf 83' lang='grc' dir='ltr'><strong>ἀδιαίρετος.</strong></span> <span class='ocrx_word' id='word_1_81' title='bbox 1411 1159 1566 1213; x_wconf 79' lang='grc' dir='ltr'><strong>Ἐπεὶ</strong></span> <span class='ocrx_word' id='word_1_82' title='bbox 1608 1161 1665 1215; x_wconf 84' lang='grc' dir='ltr'><strong>δέ</strong></span> <span class='ocrx_word' id='word_1_83' title='bbox 1714 1161 1899 1223; x_wconf 80' lang='grc' dir='ltr'><strong>κοινὰς</strong></span> 
     </span>
    </p>
   </div>
   <div class='ocr_carea' id='block_1_14' title="bbox 316 1246 1896 1320">
    <p class='ocr_par' dir='ltr' id='par_1_14' title="bbox 316 1246 1896 1320">
     <span class='ocr_line' id='line_1_14' title="bbox 316 1246 1896 1320; baseline 0.002 -19"><span class='ocrx_word' id='word_1_84' title='bbox 316 1246 421 1315; x_wconf 61' lang='grc' dir='ltr'><strong>ἔφη</strong></span> <span class='ocrx_word' id='word_1_85' title='bbox 453 1248 555 1313; x_wconf 80' lang='grc' dir='ltr'><strong>τῆς</strong></span> <span class='ocrx_word' id='word_1_86' title='bbox 594 1249 1033 1318; x_wconf 72' lang='grc' dir='ltr'><strong>τρισυποστάτου</strong></span> <span class='ocrx_word' id='word_1_87' title='bbox 1064 1249 1492 1320; x_wconf 86' lang='grc' dir='ltr'><strong>διακεκριμένης</strong></span> <span class='ocrx_word' id='word_1_88' title='bbox 1538 1250 1744 1312; x_wconf 79' lang='grc' dir='ltr'><strong>ένάδος,</strong></span> <span class='ocrx_word' id='word_1_89' title='bbox 1774 1251 1896 1304; x_wconf 80' lang='grc' dir='ltr'><strong>οὐδὲ</strong></span> 
     </span>
    </p>
   </div>
   <div class='ocr_carea' id='block_1_15' title="bbox 316 1336 1895 1411">
    <p class='ocr_par' dir='ltr' id='par_1_15' title="bbox 316 1336 1895 1411">
     <span class='ocr_line' id='line_1_15' title="bbox 316 1336 1895 1411; baseline 0.003 -22"><span class='ocrx_word' id='word_1_90' title='bbox 316 1337 409 1390; x_wconf 74' lang='grc' dir='ltr'><strong>τὸν</strong></span> <span class='ocrx_word' id='word_1_91' title='bbox 440 1338 571 1390; x_wconf 67' lang='grc' dir='ltr'><strong>Υἱὶν</strong></span> <span class='ocrx_word' id='word_1_92' title='bbox 602 1336 765 1403; x_wconf 77' lang='grc' dir='ltr'><strong>εἶναι,</strong></span> <span class='ocrx_word' id='word_1_93' title='bbox 801 1341 897 1392; x_wconf 77' lang='grc' dir='ltr'><strong>καὶ</strong></span> <span class='ocrx_word' id='word_1_94' title='bbox 933 1340 994 1392; x_wconf 76' lang='grc' dir='ltr'><strong>τὸ</strong></span> <span class='ocrx_word' id='word_1_95' title='bbox 1022 1340 1248 1408; x_wconf 85' lang='grc' dir='ltr'><strong>Πνεῦμα</strong></span> <span class='ocrx_word' id='word_1_96' title='bbox 1279 1339 1339 1392; x_wconf 85' lang='grc' dir='ltr'><strong>τὸ</strong></span> <span class='ocrx_word' id='word_1_97' title='bbox 1368 1339 1523 1407; x_wconf 77' lang='grc' dir='ltr'><strong>ἅγιον</strong></span> <span class='ocrx_word' id='word_1_98' title='bbox 1553 1340 1895 1411; x_wconf 79' lang='grc' dir='ltr'><strong>παρέστησεν</strong></span> 
     </span>
    </p>
   </div>
   <div class='ocr_carea' id='block_1_16' title="bbox 316 1428 1892 1503">
    <p class='ocr_par' dir='ltr' id='par_1_16' title="bbox 316 1428 1892 1503">
     <span class='ocr_line' id='line_1_16' title="bbox 316 1428 1892 1503; baseline 0.006 -25"><span class='ocrx_word' id='word_1_99' title='bbox 316 1429 448 1494; x_wconf 78' lang='grc' dir='ltr'><strong>ἡμῖν</strong></span> <span class='ocrx_word' id='word_1_100' title='bbox 470 1442 486 1458; x_wconf 67' lang='grc' dir='ltr'>δ</span> <span class='ocrx_word' id='word_1_101' title='bbox 518 1428 727 1481; x_wconf 85' lang='grc' dir='ltr'><strong>τούτων</strong></span> <span class='ocrx_word' id='word_1_102' title='bbox 754 1430 863 1498; x_wconf 82' lang='grc' dir='ltr'><strong>γὰρ</strong></span> <span class='ocrx_word' id='word_1_103' title='bbox 895 1429 1048 1483; x_wconf 78' lang='grc' dir='ltr'><strong>οὐδὲν</strong></span> <span class='ocrx_word' id='word_1_104' title='bbox 1082 1430 1192 1482; x_wconf 85' lang='grc' dir='ltr'><strong>τῶν</strong></span> <span class='ocrx_word' id='word_1_105' title='bbox 1235 1429 1403 1501; x_wconf 84' lang='grc' dir='ltr'>τριῶν</span> <span class='ocrx_word' id='word_1_106' title='bbox 1431 1431 1682 1501; x_wconf 81' lang='grc' dir='ltr'><strong>ἐνέργεια</strong></span> <span class='ocrx_word' id='word_1_107' title='bbox 1716 1436 1892 1503; x_wconf 76' lang='grc' dir='ltr'><strong>κοινή.</strong></span> 
     </span>
    </p>
   </div>
   <div class='ocr_carea' id='block_1_17' title="bbox 318 1515 1893 1589">
    <p class='ocr_par' dir='ltr' id='par_1_17' title="bbox 318 1515 1893 1589">
     <span class='ocr_line' id='line_1_17' title="bbox 318 1515 1893 1589; baseline 0.005 -22"><span class='ocrx_word' id='word_1_108' title='bbox 318 1515 407 1583; x_wconf 83' lang='grc' dir='ltr'><strong>Τῷ</strong></span> <span class='ocrx_word' id='word_1_109' title='bbox 437 1516 493 1569; x_wconf 79' lang='grc' dir='ltr'><strong>δὲ</strong></span> <span class='ocrx_word' id='word_1_110' title='bbox 525 1517 599 1587; x_wconf 85' lang='grc' dir='ltr'><strong>μὴ</strong></span> <span class='ocrx_word' id='word_1_111' title='bbox 644 1518 806 1586; x_wconf 89' lang='grc' dir='ltr'><strong>μόνον</strong></span> <span class='ocrx_word' id='word_1_112' title='bbox 855 1517 1111 1588; x_wconf 77' lang='grc' dir='ltr'><strong>προνοίας</strong></span> <span class='ocrx_word' id='word_1_113' title='bbox 1137 1520 1339 1582; x_wconf 87' lang='grc' dir='ltr'><strong>ταύτας</strong></span> <span class='ocrx_word' id='word_1_114' title='bbox 1369 1520 1537 1587; x_wconf 85' lang='grc' dir='ltr'><strong>φάναι</strong></span> <span class='ocrx_word' id='word_1_115' title='bbox 1569 1523 1662 1574; x_wconf 78' lang='grc' dir='ltr'><strong>καὶ</strong></span> <span class='ocrx_word' id='word_1_116' title='bbox 1696 1523 1893 1589; x_wconf 83' lang='grc' dir='ltr'><strong>ἀγαθό-</strong></span> 
     </span>
    </p>
   </div>
   <div class='ocr_carea' id='block_1_18' title="bbox 314 1608 1893 1683">
    <p class='ocr_par' dir='ltr' id='par_1_18' title="bbox 314 1608 1893 1683">
     <span class='ocr_line' id='line_1_18' title="bbox 314 1608 1893 1683; baseline 0.005 -26"><span class='ocrx_word' id='word_1_117' title='bbox 314 1624 504 1674; x_wconf 87' lang='grc' dir='ltr'><strong>τητας,</strong></span> <span class='ocrx_word' id='word_1_118' title='bbox 523 1608 659 1662; x_wconf 77' lang='grc' dir='ltr'><strong>ἀλλὰ</strong></span> <span class='ocrx_word' id='word_1_119' title='bbox 679 1608 771 1663; x_wconf 75' lang='grc' dir='ltr'><strong>καὶ</strong></span> <span class='ocrx_word' id='word_1_120' title='bbox 795 1609 858 1678; x_wconf 88' lang='grc' dir='ltr'><strong>δη</strong></span> <span class='ocrx_word' id='word_1_121' title='bbox 869 1609 1217 1678; x_wconf 83' lang='grc' dir='ltr'><strong>μιουργικὰς,</strong></span> <span class='ocrx_word' id='word_1_122' title='bbox 1236 1610 1523 1675; x_wconf 85' lang='grc' dir='ltr'><strong>ἀκτίστους</strong></span> <span class='ocrx_word' id='word_1_123' title='bbox 1543 1612 1893 1683; x_wconf 84' lang='grc' dir='ltr'><strong>ὑπαρχούσας</strong></span> 
     </span>
    </p>
   </div>
   <div class='ocr_carea' id='block_1_19' title="bbox 317 1698 1892 1772">
    <p class='ocr_par' dir='ltr' id='par_1_19' title="bbox 317 1698 1892 1772">
     <span class='ocr_line' id='line_1_19' title="bbox 317 1698 1892 1772; baseline 0.004 -23"><span class='ocrx_word' id='word_1_124' title='bbox 317 1698 539 1764; x_wconf 79' lang='grc' dir='ltr'><strong>ἔδειξεν.</strong></span> <span class='ocrx_word' id='word_1_125' title='bbox 575 1701 632 1752; x_wconf 78' lang='lat' dir='ltr'><strong>Ei</strong></span> <span class='ocrx_word' id='word_1_126' title='bbox 675 1700 783 1770; x_wconf 79' lang='grc' dir='ltr'><strong>γὰρ</strong></span> <span class='ocrx_word' id='word_1_127' title='bbox 821 1699 917 1771; x_wconf 83' lang='grc' dir='ltr'><strong>μὴ,</strong></span> <span class='ocrx_word' id='word_1_128' title='bbox 951 1700 1485 1772; x_wconf 80' lang='grc' dir='ltr'><strong>δεδημιουργημένον</strong></span> <span class='ocrx_word' id='word_1_129' title='bbox 1526 1703 1681 1757; x_wconf 80' lang='grc' dir='ltr'><strong>ἔσται</strong></span> <span class='ocrx_word' id='word_1_130' title='bbox 1714 1703 1775 1756; x_wconf 81' lang='grc' dir='ltr'><strong>τὸ</strong></span> <span class='ocrx_word' id='word_1_131' title='bbox 1798 1704 1892 1772; x_wconf 89' lang='grc' dir='ltr'><strong>δη-</strong></span> 
     </span>
    </p>
   </div>
   <div class='ocr_carea' id='block_1_20' title="bbox 1997 539 3578 618">
    <p class='ocr_par' dir='ltr' id='par_1_20' title="bbox 1997 539 3578 618">
     <span class='ocr_line' id='line_1_20' title="bbox 1997 539 3578 618; baseline 0.009 -30"><span class='ocrx_word' id='word_1_132' title='bbox 1997 539 2319 591; x_wconf 82' lang='lat' dir='ltr'><strong>creatricem</strong></span> <span class='ocrx_word' id='word_1_133' title='bbox 2362 555 2540 592; x_wconf 87' lang='lat' dir='ltr'><strong>rerum</strong></span> <span class='ocrx_word' id='word_1_134' title='bbox 2577 541 2974 608; x_wconf 71' lang='lat' dir='ltr'><strong>providentiam</strong></span> <span class='ocrx_word' id='word_1_135' title='bbox 3005 559 3124 597; x_wconf 84' lang='lat' dir='ltr'><strong>esse</strong></span> <span class='ocrx_word' id='word_1_136' title='bbox 3162 546 3280 600; x_wconf 85' lang='lat' dir='ltr'><strong>illas</strong></span> <span class='ocrx_word' id='word_1_137' title='bbox 3325 550 3416 601; x_wconf 86' lang='lat' dir='ltr'><strong>Dei</strong></span> <span class='ocrx_word' id='word_1_138' title='bbox 3453 565 3578 618; x_wconf 76' lang='lat' dir='ltr'><strong>pro-</strong></span> 
     </span>
    </p>
   </div>
   <div class='ocr_carea' id='block_1_21' title="bbox 1996 628 3576 692">
    <p class='ocr_par' dir='ltr' id='par_1_21' title="bbox 1996 628 3576 692">
     <span class='ocr_line' id='line_1_21' title="bbox 1996 628 3576 692; baseline 0.008 -12"><span class='ocrx_word' id='word_1_139' title='bbox 1996 628 2271 683; x_wconf 81' lang='lat' dir='ltr'><strong>eessiones</strong></span> <span class='ocrx_word' id='word_1_140' title='bbox 2298 630 2543 683; x_wconf 83' lang='lat' dir='ltr'><strong>scribens</strong></span> <span class='ocrx_word' id='word_1_141' title='bbox 2588 632 2640 683; x_wconf 92' lang='lat' dir='ltr'><strong>in</strong></span> <span class='ocrx_word' id='word_1_142' title='bbox 2700 629 2936 686; x_wconf 64' lang='lat' dir='ltr'><strong>St‘ltﬂllls</strong></span> <span class='ocrx_word' id='word_1_143' title='bbox 2970 648 2986 688; x_wconf 84' lang='lat'><strong>:</strong></span> <span class='ocrx_word' id='word_1_144' title='bbox 3026 651 3043 685; x_wconf 86' lang='grc' dir='ltr'><strong>ι</strong></span> <span class='ocrx_word' id='word_1_145' title='bbox 3074 635 3403 691; x_wconf 84' lang='lat' dir='ltr'><strong>Communes</strong></span> <span class='ocrx_word' id='word_1_146' title='bbox 3444 648 3576 692; x_wconf 89' lang='lat' dir='ltr'><strong>sunt</strong></span> 
     </span>
    </p>
   </div>
   <div class='ocr_carea' id='block_1_22' title="bbox 1997 717 3575 795">
    <p class='ocr_par' dir='ltr' id='par_1_22' title="bbox 1997 717 3575 795">
     <span class='ocr_line' id='line_1_22' title="bbox 1997 717 3575 795; baseline 0.008 -26"><span class='ocrx_word' id='word_1_147' title='bbox 1997 717 2191 771; x_wconf 83' lang='lat' dir='ltr'><strong>unitati</strong></span> <span class='ocrx_word' id='word_1_148' title='bbox 2243 718 2418 772; x_wconf 89' lang='lat' dir='ltr'><strong>tribus</strong></span> <span class='ocrx_word' id='word_1_149' title='bbox 2466 721 2713 788; x_wconf 73' lang='lat' dir='ltr'><strong>personis</strong></span> <span class='ocrx_word' id='word_1_150' title='bbox 2759 721 3063 787; x_wconf 64' lang='lat' dir='ltr'><strong>distinctae,</strong></span> <span class='ocrx_word' id='word_1_151' title='bbox 3113 726 3348 779; x_wconf 76' lang='lat' dir='ltr'><strong>creatrix</strong></span> <span class='ocrx_word' id='word_1_152' title='bbox 3393 730 3575 795; x_wconf 83' lang='lat' dir='ltr'><strong>provi-</strong></span> 
     </span>
    </p>
   </div>
   <div class='ocr_carea' id='block_1_23' title="bbox 1996 807 3572 881">
    <p class='ocr_par' dir='ltr' id='par_1_23' title="bbox 1996 807 3572 881">
     <span class='ocr_line' id='line_1_23' title="bbox 1996 807 3572 881; baseline 0.008 -23"><span class='ocrx_word' id='word_1_153' title='bbox 1996 807 2172 861; x_wconf 85' lang='lat' dir='ltr'><strong>dentia</strong></span> <span class='ocrx_word' id='word_1_154' title='bbox 2204 818 2258 861; x_wconf 87' lang='lat' dir='ltr'><strong>et</strong></span> <span class='ocrx_word' id='word_1_155' title='bbox 2281 809 2515 874; x_wconf 92' lang='lat' dir='ltr'><strong>bonitas,</strong></span> <span class='ocrx_word' id='word_1_156' title='bbox 2550 811 2601 864; x_wconf 93' lang='lat' dir='ltr'><strong>id</strong></span> <span class='ocrx_word' id='word_1_157' title='bbox 2636 822 2738 874; x_wconf 85' lang='lat' dir='ltr'><strong>est,</strong></span> <span class='ocrx_word' id='word_1_158' title='bbox 2772 813 3103 867; x_wconf 73' lang='lat' dir='ltr'><strong>exsistentim</strong></span> <span class='ocrx_word' id='word_1_159' title='bbox 3141 826 3192 867; x_wconf 80' lang='lat' dir='ltr'><strong>et</strong></span> <span class='ocrx_word' id='word_1_160' title='bbox 3234 818 3356 870; x_wconf 72' lang='lat' dir='ltr'><strong>vitm</strong></span> <span class='ocrx_word' id='word_1_161' title='bbox 3393 829 3449 871; x_wconf 88' lang='lat' dir='ltr'><strong>et</strong></span> <span class='ocrx_word' id='word_1_162' title='bbox 3483 834 3572 881; x_wconf 81' lang='lat' dir='ltr'><strong>sa-</strong></span> 
     </span>
    </p>
   </div>
   <div class='ocr_carea' id='block_1_24' title="bbox 1995 898 3574 971">
    <p class='ocr_par' dir='ltr' id='par_1_24' title="bbox 1995 898 3574 971">
     <span class='ocr_line' id='line_1_24' title="bbox 1995 898 3574 971; baseline 0.011 -25"><span class='ocrx_word' id='word_1_163' title='bbox 1995 898 2208 965; x_wconf 52' lang='lat' dir='ltr'><strong>pientiai</strong></span> <span class='ocrx_word' id='word_1_164' title='bbox 2240 901 2543 968; x_wconf 76' lang='lat' dir='ltr'><strong>productio.</strong></span> <span class='ocrx_word' id='word_1_165' title='bbox 2578 921 2598 953; x_wconf 80' lang='grc'><strong><em>›</em></strong></span> <span class='ocrx_word' id='word_1_166' title='bbox 2649 903 2751 956; x_wconf 84' lang='lat' dir='ltr'><strong>Eas</strong></span> <span class='ocrx_word' id='word_1_167' title='bbox 2796 905 2962 971; x_wconf 79' lang='lat' dir='ltr'><strong>igitur</strong></span> <span class='ocrx_word' id='word_1_168' title='bbox 3001 910 3335 962; x_wconf 87' lang='lat' dir='ltr'><strong>muneramlo</strong></span> <span class='ocrx_word' id='word_1_169' title='bbox 3370 909 3574 964; x_wconf 86' lang='lat' dir='ltr'><strong>multas</strong></span> 
     </span>
    </p>
   </div>
   <div class='ocr_carea' id='block_1_25' title="bbox 1994 990 3570 1062">
    <p class='ocr_par' dir='ltr' id='par_1_25' title="bbox 1994 990 3570 1062">
     <span class='ocr_line' id='line_1_25' title="bbox 1994 990 3570 1062; baseline 0.006 -20"><span class='ocrx_word' id='word_1_170' title='bbox 1994 1000 2047 1042; x_wconf 88' lang='lat' dir='ltr'><strong>et</strong></span> <span class='ocrx_word' id='word_1_171' title='bbox 2068 990 2375 1051; x_wconf 85' lang='lat' dir='ltr'><strong>distinctas.</strong></span> <span class='ocrx_word' id='word_1_172' title='bbox 2405 995 2642 1047; x_wconf 80' lang='lat' dir='ltr'><strong>ostendit</strong></span> <span class='ocrx_word' id='word_1_173' title='bbox 2673 1008 2764 1048; x_wconf 84' lang='lat' dir='ltr'><strong>cas</strong></span> <span class='ocrx_word' id='word_1_174' title='bbox 2799 1010 2907 1048; x_wconf 89' lang='lat' dir='ltr'><strong>non</strong></span> <span class='ocrx_word' id='word_1_175' title='bbox 2943 1012 3066 1049; x_wconf 82' lang='lat' dir='ltr'><strong>esse</strong></span> <span class='ocrx_word' id='word_1_176' title='bbox 3106 997 3194 1050; x_wconf 85' lang='lat' dir='ltr'><strong>Dei</strong></span> <span class='ocrx_word' id='word_1_177' title='bbox 3230 999 3522 1062; x_wconf 68' lang='lat' dir='ltr'><strong>essentiam</strong></span> <span class='ocrx_word' id='word_1_178' title='bbox 3553 1017 3570 1052; x_wconf 89' lang='lat'><strong>:</strong></span> 
     </span>
    </p>
   </div>
   <div class='ocr_carea' id='block_1_26' title="bbox 1994 1079 3572 1154">
    <p class='ocr_par' dir='ltr' id='par_1_26' title="bbox 1994 1079 3572 1154">
     <span class='ocr_line' id='line_1_26' title="bbox 1994 1079 3572 1154; baseline 0.007 -22"><span class='ocrx_word' id='word_1_179' title='bbox 1994 1079 2110 1135; x_wconf 69' lang='lat' dir='ltr'><strong>litec</strong></span> <span class='ocrx_word' id='word_1_180' title='bbox 2154 1082 2295 1136; x_wconf 91' lang='lat' dir='ltr'><strong>enim</strong></span> <span class='ocrx_word' id='word_1_181' title='bbox 2337 1097 2444 1136; x_wconf 80' lang='lat' dir='ltr'><strong>una</strong></span> <span class='ocrx_word' id='word_1_182' title='bbox 2490 1096 2574 1138; x_wconf 88' lang='lat' dir='ltr'><strong>est</strong></span> <span class='ocrx_word' id='word_1_183' title='bbox 2617 1094 2669 1138; x_wconf 89' lang='lat' dir='ltr'><strong>ct</strong></span> <span class='ocrx_word' id='word_1_184' title='bbox 2701 1087 2923 1139; x_wconf 84' lang='lat' dir='ltr'><strong>omnino</strong></span> <span class='ocrx_word' id='word_1_185' title='bbox 2960 1088 3273 1142; x_wconf 74' lang='lat' dir='ltr'><strong>indiscreta.</strong></span> <span class='ocrx_word' id='word_1_186' title='bbox 3304 1090 3438 1154; x_wconf 80' lang='lat' dir='ltr'><strong>Quia</strong></span> <span class='ocrx_word' id='word_1_187' title='bbox 3477 1106 3572 1143; x_wconf 81' lang='lat' dir='ltr'><strong>au-</strong></span> 
     </span>
    </p>
   </div>
   <div class='ocr_carea' id='block_1_27' title="bbox 1995 1178 3573 1251">
    <p class='ocr_par' dir='ltr' id='par_1_27' title="bbox 1995 1178 3573 1251">
     <span class='ocr_line' id='line_1_27' title="bbox 1995 1178 3573 1251; baseline 0.006 -25"><span class='ocrx_word' id='word_1_188' title='bbox 1995 1184 2102 1226; x_wconf 81' lang='lat' dir='ltr'><strong>tem</strong></span> <span class='ocrx_word' id='word_1_189' title='bbox 2154 1188 2250 1228; x_wconf 85' lang='lat' dir='ltr'><strong>eas</strong></span> <span class='ocrx_word' id='word_1_190' title='bbox 2298 1190 2616 1232; x_wconf 87' lang='lat' dir='ltr'><strong>communes</strong></span> <span class='ocrx_word' id='word_1_191' title='bbox 2665 1178 2801 1230; x_wconf 77' lang='lat' dir='ltr'><strong>dixit</strong></span> <span class='ocrx_word' id='word_1_192' title='bbox 2846 1182 3038 1232; x_wconf 88' lang='lat' dir='ltr'><strong>unitati</strong></span> <span class='ocrx_word' id='word_1_193' title='bbox 3092 1181 3266 1234; x_wconf 86' lang='lat' dir='ltr'><strong>tribus</strong></span> <span class='ocrx_word' id='word_1_194' title='bbox 3322 1186 3573 1251; x_wconf 73' lang='lat' dir='ltr'><strong>personis</strong></span> 
     </span>
    </p>
   </div>
   <div class='ocr_carea' id='block_1_28' title="bbox 1992 1263 3569 1337">
    <p class='ocr_par' dir='ltr' id='par_1_28' title="bbox 1992 1263 3569 1337">
     <span class='ocr_line' id='line_1_28' title="bbox 1992 1263 3569 1337; baseline 0.006 -22"><span class='ocrx_word' id='word_1_195' title='bbox 1992 1263 2282 1331; x_wconf 72' lang='lat' dir='ltr'><strong>distinctaz,</strong></span> <span class='ocrx_word' id='word_1_196' title='bbox 2301 1281 2397 1319; x_wconf 84' lang='lat' dir='ltr'><strong>nec</strong></span> <span class='ocrx_word' id='word_1_197' title='bbox 2422 1266 2612 1320; x_wconf 83' lang='lat' dir='ltr'><strong>Filium</strong></span> <span class='ocrx_word' id='word_1_198' title='bbox 2632 1283 2754 1322; x_wconf 84' lang='lat' dir='ltr'><strong>esse</strong></span> <span class='ocrx_word' id='word_1_199' title='bbox 2778 1284 2878 1322; x_wconf 78' lang='lat' dir='ltr'><strong>nec</strong></span> <span class='ocrx_word' id='word_1_200' title='bbox 2899 1268 3158 1337; x_wconf 87' lang='lat' dir='ltr'><strong>Spiritum</strong></span> <span class='ocrx_word' id='word_1_201' title='bbox 3187 1284 3437 1326; x_wconf 85' lang='lat' dir='ltr'><strong>sanetum</strong></span> <span class='ocrx_word' id='word_1_202' title='bbox 3476 1290 3569 1327; x_wconf 89' lang='lat' dir='ltr'><strong>no-</strong></span> 
     </span>
    </p>
   </div>
   <div class='ocr_carea' id='block_1_29' title="bbox 1994 1354 3570 1429">
    <p class='ocr_par' dir='ltr' id='par_1_29' title="bbox 1994 1354 3570 1429">
     <span class='ocr_line' id='line_1_29' title="bbox 1994 1354 3570 1429; baseline 0.006 -24"><span class='ocrx_word' id='word_1_203' title='bbox 1994 1354 2074 1405; x_wconf 86' lang='lat' dir='ltr'><strong>bis</strong></span> <span class='ocrx_word' id='word_1_204' title='bbox 2108 1355 2364 1409; x_wconf 87' lang='lat' dir='ltr'><strong>indicavit</strong></span> <span class='ocrx_word' id='word_1_205' title='bbox 2396 1373 2409 1409; x_wconf 87' lang='lat'><strong>:</strong></span> <span class='ocrx_word' id='word_1_206' title='bbox 2446 1362 2633 1409; x_wconf 85' lang='lat' dir='ltr'><strong>norum</strong></span> <span class='ocrx_word' id='word_1_207' title='bbox 2657 1359 2797 1411; x_wconf 89' lang='lat' dir='ltr'><strong>enim</strong></span> <span class='ocrx_word' id='word_1_208' title='bbox 2834 1359 2979 1412; x_wconf 86' lang='lat' dir='ltr'><strong>nulla</strong></span> <span class='ocrx_word' id='word_1_209' title='bbox 3005 1363 3251 1429; x_wconf 81' lang='lat' dir='ltr'><strong>operatio</strong></span> <span class='ocrx_word' id='word_1_210' title='bbox 3281 1372 3369 1415; x_wconf 90' lang='lat' dir='ltr'><strong>est</strong></span> <span class='ocrx_word' id='word_1_211' title='bbox 3395 1362 3570 1415; x_wconf 75' lang='lat' dir='ltr'><strong>tritius</strong></span> 
     </span>
    </p>
   </div>
   <div class='ocr_carea' id='block_1_30' title="bbox 1991 1446 3571 1518">
    <p class='ocr_par' dir='ltr' id='par_1_30' title="bbox 1991 1446 3571 1518">
     <span class='ocr_line' id='line_1_30' title="bbox 1991 1446 3571 1518; baseline 0.006 -20"><span class='ocrx_word' id='word_1_212' title='bbox 1991 1446 2318 1499; x_wconf 77' lang='lat' dir='ltr'><strong>Communis.</strong></span> <span class='ocrx_word' id='word_1_213' title='bbox 2357 1447 2533 1516; x_wconf 84' lang='lat' dir='ltr'><strong>Atque</strong></span> <span class='ocrx_word' id='word_1_214' title='bbox 2570 1450 2686 1501; x_wconf 88' lang='lat' dir='ltr'><strong>illas</strong></span> <span class='ocrx_word' id='word_1_215' title='bbox 2722 1465 2827 1502; x_wconf 89' lang='lat' dir='ltr'><strong>non</strong></span> <span class='ocrx_word' id='word_1_216' title='bbox 2858 1452 3033 1503; x_wconf 84' lang='lat' dir='ltr'><strong>solum</strong></span> <span class='ocrx_word' id='word_1_217' title='bbox 3076 1451 3471 1518; x_wconf 88' lang='lat' dir='ltr'><strong>providentiam</strong></span> <span class='ocrx_word' id='word_1_218' title='bbox 3513 1464 3571 1507; x_wconf 70' lang='lat' dir='ltr'><strong>et</strong></span> 
     </span>
    </p>
   </div>
   <div class='ocr_carea' id='block_1_31' title="bbox 1993 1534 3569 1604">
    <p class='ocr_par' dir='ltr' id='par_1_31' title="bbox 1993 1534 3569 1604">
     <span class='ocr_line' id='line_1_31' title="bbox 1993 1534 3569 1604; baseline 0.005 -17"><span class='ocrx_word' id='word_1_219' title='bbox 1993 1534 2312 1601; x_wconf 78' lang='lat' dir='ltr'><strong>bonitatem,</strong></span> <span class='ocrx_word' id='word_1_220' title='bbox 2340 1538 2432 1591; x_wconf 88' lang='lat' dir='ltr'><strong>sed</strong></span> <span class='ocrx_word' id='word_1_221' title='bbox 2468 1540 2764 1593; x_wconf 87' lang='lat' dir='ltr'><strong>creatrices</strong></span> <span class='ocrx_word' id='word_1_222' title='bbox 2794 1541 2960 1593; x_wconf 86' lang='lat' dir='ltr'><strong>etiam</strong></span> <span class='ocrx_word' id='word_1_223' title='bbox 2998 1546 3258 1604; x_wconf 82' lang='lat' dir='ltr'><strong>vocando,</strong></span> <span class='ocrx_word' id='word_1_224' title='bbox 3294 1543 3569 1596; x_wconf 88' lang='lat' dir='ltr'><strong>increatas</strong></span> 
     </span>
    </p>
   </div>
   <div class='ocr_carea' id='block_1_32' title="bbox 1990 1629 3569 1701">
    <p class='ocr_par' dir='ltr' id='par_1_32' title="bbox 1990 1629 3569 1701">
     <span class='ocr_line' id='line_1_32' title="bbox 1990 1629 3569 1701; baseline 0.008 -24"><span class='ocrx_word' id='word_1_225' title='bbox 1990 1640 2110 1678; x_wconf 83' lang='lat' dir='ltr'><strong>esse</strong></span> <span class='ocrx_word' id='word_1_226' title='bbox 2159 1629 2545 1683; x_wconf 82' lang='lat' dir='ltr'><strong>deiuonstravit</strong></span> <span class='ocrx_word' id='word_1_227' title='bbox 2578 1646 2593 1686; x_wconf 89' lang='lat'>:</span> <span class='ocrx_word' id='word_1_228' title='bbox 2623 1648 2745 1685; x_wconf 87' lang='lat' dir='ltr'><strong>nam</strong></span> <span class='ocrx_word' id='word_1_229' title='bbox 2797 1648 2972 1698; x_wconf 78' lang='lat' dir='ltr'><strong>secus,</strong></span> <span class='ocrx_word' id='word_1_230' title='bbox 3021 1635 3165 1701; x_wconf 88' lang='lat' dir='ltr'><strong>quod</strong></span> <span class='ocrx_word' id='word_1_231' title='bbox 3219 1646 3366 1688; x_wconf 81' lang='lat' dir='ltr'><strong>creat</strong></span> <span class='ocrx_word' id='word_1_232' title='bbox 3418 1651 3569 1690; x_wconf 84' lang='lat' dir='ltr'><strong>crea-</strong></span> 
     </span>
    </p>
   </div>
   <div class='ocr_carea' id='block_1_33' title="bbox 1994 1723 3569 1787">
    <p class='ocr_par' dir='ltr' id='par_1_33' title="bbox 1994 1723 3569 1787">
     <span class='ocr_line' id='line_1_33' title="bbox 1994 1723 3569 1787; baseline 0.008 -21"><span class='ocrx_word' id='word_1_233' title='bbox 1994 1723 2107 1768; x_wconf 88' lang='lat' dir='ltr'><strong>tum</strong></span> <span class='ocrx_word' id='word_1_234' title='bbox 2145 1726 2311 1784; x_wconf 80' lang='lat' dir='ltr'><strong>esset,</strong></span> <span class='ocrx_word' id='word_1_235' title='bbox 2349 1723 2658 1774; x_wconf 85' lang='lat' dir='ltr'><strong>necessario</strong></span> <span class='ocrx_word' id='word_1_236' title='bbox 2706 1724 2813 1776; x_wconf 77' lang='lat' dir='ltr'><strong>alio</strong></span> <span class='ocrx_word' id='word_1_237' title='bbox 2860 1736 3122 1787; x_wconf 79' lang='lat' dir='ltr'><strong>creatore,</strong></span> <span class='ocrx_word' id='word_1_238' title='bbox 3159 1734 3211 1777; x_wconf 87' lang='lat' dir='ltr'><strong>et</strong></span> <span class='ocrx_word' id='word_1_239' title='bbox 3246 1725 3331 1778; x_wconf 86' lang='lat' dir='ltr'><strong>hic</strong></span> <span class='ocrx_word' id='word_1_240' title='bbox 3377 1741 3569 1779; x_wconf 80' lang='lat' dir='ltr'><strong>rursus</strong></span> 
     </span>
    </p>
   </div>
   <div class='ocr_carea' id='block_1_34' title="bbox 315 1782 1883 1882">
    <p class='ocr_par' dir='ltr' id='par_1_34' title="bbox 315 1788 1883 1861">
     <span class='ocr_line' id='line_1_34' title="bbox 315 1788 1883 1861; baseline 0.002 -21"><span class='ocrx_word' id='word_1_241' title='bbox 315 1788 658 1856; x_wconf 70' lang='grc' dir='ltr'><strong>μιουργικόν.</strong></span> <span class='ocrx_word' id='word_1_242' title='bbox 692 1789 903 1843; x_wconf 84' lang='grc' dir='ltr'><strong>Οὐκοῦν</strong></span> <span class='ocrx_word' id='word_1_243' title='bbox 924 1790 1098 1860; x_wconf 73' lang='grc' dir='ltr'><strong>ἑτέρῳ</strong></span> <span class='ocrx_word' id='word_1_244' title='bbox 1124 1788 1641 1861; x_wconf 85' lang='grc' dir='ltr'><strong>[δε]δημιουργικῷ·</strong></span> <span class='ocrx_word' id='word_1_245' title='bbox 1669 1793 1883 1844; x_wconf 84' lang='grc' dir='ltr'><strong>κάκεῖνο</strong></span> 
     </span>
    </p>
   </div>
   <div class='ocr_carea' id='block_1_35' title="bbox 1983 1782 3567 1882">
    <p class='ocr_par' dir='ltr' id='par_1_35' title="bbox 1989 1806 3567 1882">
     <span class='ocr_line' id='line_1_35' title="bbox 1989 1806 3567 1882; baseline 0.008 -25"><span class='ocrx_word' id='word_1_246' title='bbox 1989 1806 2095 1859; x_wconf 90' lang='lat' dir='ltr'><strong>alio</strong></span> <span class='ocrx_word' id='word_1_247' title='bbox 2127 1807 2231 1860; x_wconf 89' lang='lat' dir='ltr'><strong>erit</strong></span> <span class='ocrx_word' id='word_1_248' title='bbox 2262 1822 2513 1874; x_wconf 74' lang='lat' dir='ltr'><strong>creatus;</strong></span> <span class='ocrx_word' id='word_1_249' title='bbox 2549 1820 2604 1864; x_wconf 89' lang='lat' dir='ltr'><strong>et</strong></span> <span class='ocrx_word' id='word_1_250' title='bbox 2649 1822 2705 1865; x_wconf 92' lang='lat' dir='ltr'><strong>ut</strong></span> <span class='ocrx_word' id='word_1_251' title='bbox 2754 1814 2833 1866; x_wconf 83' lang='lat' dir='ltr'><strong>sie</strong></span> <span class='ocrx_word' id='word_1_252' title='bbox 2885 1817 3241 1882; x_wconf 74' lang='lat' dir='ltr'><strong>perveniatur</strong></span> <span class='ocrx_word' id='word_1_253' title='bbox 3280 1820 3345 1867; x_wconf 82' lang='lat' dir='ltr'><strong>ad</strong></span> <span class='ocrx_word' id='word_1_254' title='bbox 3387 1828 3567 1869; x_wconf 73' lang='lat' dir='ltr'><strong>extre-</strong></span> 
     </span>
    </p>
   </div>
   <div class='ocr_carea' id='block_1_36' title="bbox 313 1877 1887 1950">
    <p class='ocr_par' dir='ltr' id='par_1_36' title="bbox 313 1877 1887 1950">
     <span class='ocr_line' id='line_1_36' title="bbox 313 1877 1887 1950; baseline 0.004 -23"><span class='ocrx_word' id='word_1_255' title='bbox 313 1877 471 1931; x_wconf 78' lang='grc' dir='ltr'><strong>πάλιν</strong></span> <span class='ocrx_word' id='word_1_256' title='bbox 499 1878 673 1949; x_wconf 82' lang='grc' dir='ltr'><strong>ἐτέρῳ</strong></span> <span class='ocrx_word' id='word_1_257' title='bbox 722 1879 1255 1950; x_wconf 80' lang='grc' dir='ltr'><strong>δεδημιουργημένον</strong></span> <span class='ocrx_word' id='word_1_258' title='bbox 1286 1881 1466 1935; x_wconf 70' lang='grc' dir='ltr'><strong>ἔσται*</strong></span> <span class='ocrx_word' id='word_1_259' title='bbox 1509 1880 1603 1933; x_wconf 80' lang='grc' dir='ltr'><strong>καὶ</strong></span> <span class='ocrx_word' id='word_1_260' title='bbox 1646 1883 1780 1950; x_wconf 78' lang='grc' dir='ltr'><strong>πρὸς</strong></span> <span class='ocrx_word' id='word_1_261' title='bbox 1825 1883 1887 1934; x_wconf 83' lang='grc' dir='ltr'><strong>τὸ</strong></span> 
     </span>
    </p>
   </div>
   <div class='ocr_carea' id='block_1_37' title="bbox 310 1969 1887 2042">
    <p class='ocr_par' dir='ltr' id='par_1_37' title="bbox 310 1969 1887 2042">
     <span class='ocr_line' id='line_1_37' title="bbox 310 1969 1887 2042; baseline 0.002 -21"><span class='ocrx_word' id='word_1_262' title='bbox 310 1971 392 2033; x_wconf 82' lang='grc' dir='ltr'><strong>εἰς</strong></span> <span class='ocrx_word' id='word_1_263' title='bbox 416 1970 646 2040; x_wconf 85' lang='grc' dir='ltr'><strong>ἔσχατον</strong></span> <span class='ocrx_word' id='word_1_264' title='bbox 676 1969 824 2024; x_wconf 82' lang='grc' dir='ltr'><strong>τοῦτ’</strong></span> <span class='ocrx_word' id='word_1_265' title='bbox 854 1970 1101 2025; x_wconf 76' lang='grc' dir='ltr'><strong>ἐλαύνειν</strong></span> <span class='ocrx_word' id='word_1_266' title='bbox 1130 1973 1378 2037; x_wconf 78' lang='grc' dir='ltr'><strong>ἀτοπίας,</strong></span> <span class='ocrx_word' id='word_1_267' title='bbox 1406 1973 1515 2026; x_wconf 85' lang='grc' dir='ltr'><strong>οὐδ’</strong></span> <span class='ocrx_word' id='word_1_268' title='bbox 1545 1974 1631 2026; x_wconf 87' lang='grc' dir='ltr'><strong>ἐπ’</strong></span> <span class='ocrx_word' id='word_1_269' title='bbox 1660 1974 1887 2042; x_wconf 80' lang='grc' dir='ltr'><strong>ἄπειρον</strong></span> 
     </span>
    </p>
   </div>
   <div class='ocr_carea' id='block_1_38' title="bbox 311 2063 1887 2136">
    <p class='ocr_par' dir='ltr' id='par_1_38' title="bbox 311 2063 1887 2136">
     <span class='ocr_line' id='line_1_38' title="bbox 311 2063 1887 2136; baseline 0.001 -22"><span class='ocrx_word' id='word_1_270' title='bbox 311 2063 568 2132; x_wconf 81' lang='grc' dir='ltr'><strong>στήσεται</strong></span> <span class='ocrx_word' id='word_1_271' title='bbox 610 2063 849 2133; x_wconf 77' lang='grc' dir='ltr'><strong>βαδίζον.</strong></span> <span class='ocrx_word' id='word_1_272' title='bbox 905 2065 973 2116; x_wconf 79' lang='lat' dir='ltr'><strong>Ai.</strong></span> <span class='ocrx_word' id='word_1_273' title='bbox 1028 2064 1124 2117; x_wconf 84' lang='grc' dir='ltr'><strong>τοῦ</strong></span> <span class='ocrx_word' id='word_1_274' title='bbox 1178 2063 1316 2117; x_wconf 83' lang='grc' dir='ltr'><strong>Θεοῦ</strong></span> <span class='ocrx_word' id='word_1_275' title='bbox 1364 2064 1475 2136; x_wconf 79' lang='grc' dir='ltr'><strong>ἄρα</strong></span> <span class='ocrx_word' id='word_1_276' title='bbox 1530 2065 1746 2134; x_wconf 79' lang='grc' dir='ltr'><strong>πρόοδοι</strong></span> <span class='ocrx_word' id='word_1_277' title='bbox 1792 2065 1887 2116; x_wconf 79' lang='grc' dir='ltr'><strong>καὶ</strong></span> 
     </span>
    </p>
   </div>
   <div class='ocr_carea' id='block_1_39' title="bbox 309 2152 1889 2222">
    <p class='ocr_par' dir='ltr' id='par_1_39' title="bbox 309 2152 1889 2222">
     <span class='ocr_line' id='line_1_39' title="bbox 309 2152 1889 2222; baseline 0.003 -19"><span class='ocrx_word' id='word_1_278' title='bbox 309 2152 585 2222; x_wconf 82' lang='grc' dir='ltr'><strong>ἐνέργειαι</strong></span> <span class='ocrx_word' id='word_1_279' title='bbox 624 2153 870 2207; x_wconf 79' lang='grc' dir='ltr'><strong>ἄκτιστοί</strong></span> <span class='ocrx_word' id='word_1_280' title='bbox 895 2155 955 2208; x_wconf 82' lang='grc' dir='ltr'><strong>τέ</strong></span> <span class='ocrx_word' id='word_1_281' title='bbox 979 2156 1107 2211; x_wconf 78' lang='grc' dir='ltr'><strong>εἱσι.</strong></span> <span class='ocrx_word' id='word_1_282' title='bbox 1139 2154 1235 2207; x_wconf 72' lang='grc' dir='ltr'><strong>καὶ</strong></span> <span class='ocrx_word' id='word_1_283' title='bbox 1266 2154 1422 2208; x_wconf 81' lang='grc' dir='ltr'><strong>οὐσία</strong></span> <span class='ocrx_word' id='word_1_284' title='bbox 1444 2171 1526 2217; x_wconf 84' lang='grc' dir='ltr'><strong>τις</strong></span> <span class='ocrx_word' id='word_1_285' title='bbox 1556 2154 1760 2207; x_wconf 84' lang='grc' dir='ltr'><strong>τούτων</strong></span> <span class='ocrx_word' id='word_1_286' title='bbox 1786 2154 1889 2207; x_wconf 82' lang='grc' dir='ltr'><strong>ούκ</strong></span> 
     </span>
    </p>
   </div>
   <div class='ocr_carea' id='block_1_40' title="bbox 308 2243 1115 2307">
    <p class='ocr_par' dir='ltr' id='par_1_40' title="bbox 308 2243 1115 2307">
     <span class='ocr_line' id='line_1_40' title="bbox 308 2243 1115 2307; baseline 0.004 -14"><span class='ocrx_word' id='word_1_287' title='bbox 308 2243 476 2305; x_wconf 70' lang='grc' dir='ltr'><strong>ἐστιν,</strong></span> <span class='ocrx_word' id='word_1_288' title='bbox 510 2243 621 2295; x_wconf 77' lang='grc' dir='ltr'><strong>ἀλλ’</strong></span> <span class='ocrx_word' id='word_1_289' title='bbox 653 2244 774 2296; x_wconf 72' lang='grc' dir='ltr'><strong>οὐδὲ</strong></span> <span class='ocrx_word' id='word_1_290' title='bbox 796 2245 1115 2307; x_wconf 81' lang='grc' dir='ltr'><strong>ὑπόστασις.</strong></span> 
     </span>
    </p>
   </div>
   <div class='ocr_carea' id='block_1_41' title="bbox 379 2332 1888 2403">
    <p class='ocr_par' dir='ltr' id='par_1_41' title="bbox 379 2332 1888 2403">
     <span class='ocr_line' id='line_1_41' title="bbox 379 2332 1888 2403; baseline -0.001 -17"><span class='ocrx_word' id='word_1_291' title='bbox 379 2333 487 2402; x_wconf 58' lang='grc' dir='ltr'><strong>ιμ’.</strong></span> <span class='ocrx_word' id='word_1_292' title='bbox 536 2336 688 2387; x_wconf 74' lang='grc' dir='ltr'><strong>Ἐπεὶ</strong></span> <span class='ocrx_word' id='word_1_293' title='bbox 737 2334 793 2388; x_wconf 86' lang='grc' dir='ltr'><strong>δὲ</strong></span> <span class='ocrx_word' id='word_1_294' title='bbox 824 2336 917 2389; x_wconf 79' lang='grc' dir='ltr'><strong>καὶ</strong></span> <span class='ocrx_word' id='word_1_295' title='bbox 962 2333 1241 2397; x_wconf 77' lang='grc' dir='ltr'><strong>πολυειδὲς</strong></span> <span class='ocrx_word' id='word_1_296' title='bbox 1287 2334 1561 2403; x_wconf 77' lang='grc' dir='ltr'><strong>ὑπέστησε</strong></span> <span class='ocrx_word' id='word_1_297' title='bbox 1605 2332 1666 2387; x_wconf 78' lang='grc' dir='ltr'><strong>τὸ</strong></span> <span class='ocrx_word' id='word_1_298' title='bbox 1712 2333 1823 2387; x_wconf 78' lang='grc' dir='ltr'><strong>πᾶν</strong></span> <span class='ocrx_word' id='word_1_299' title='bbox 1858 2333 1888 2385; x_wconf 88' lang='grc' dir='ltr'><strong>ό</strong></span> 
     </span>
    </p>
   </div>
   <div class='ocr_carea' id='block_1_42' title="bbox 309 2424 1888 2496">
    <p class='ocr_par' dir='ltr' id='par_1_42' title="bbox 309 2424 1888 2496">
     <span class='ocr_line' id='line_1_42' title="bbox 309 2424 1888 2496; baseline -0.001 -18"><span class='ocrx_word' id='word_1_300' title='bbox 309 2427 671 2496; x_wconf 76' lang='grc' dir='ltr'><strong>προαγωγεὺς</strong></span> <span class='ocrx_word' id='word_1_301' title='bbox 707 2426 803 2480; x_wconf 77' lang='grc' dir='ltr'><strong>καὶ</strong></span> <span class='ocrx_word' id='word_1_302' title='bbox 835 2427 1131 2495; x_wconf 82' lang='grc' dir='ltr'><strong>κοσμήτωρ</strong></span> <span class='ocrx_word' id='word_1_303' title='bbox 1169 2424 1263 2477; x_wconf 86' lang='grc' dir='ltr'><strong>τοῦ</strong></span> <span class='ocrx_word' id='word_1_304' title='bbox 1313 2425 1515 2487; x_wconf 78' lang='grc' dir='ltr'><strong>παντὸς</strong></span> <span class='ocrx_word' id='word_1_305' title='bbox 1577 2425 1888 2494; x_wconf 81' lang='grc' dir='ltr'><strong>ἀνεικάστῳ</strong></span> 
     </span>
    </p>
   </div>
   <div class='ocr_carea' id='block_1_43' title="bbox 306 2512 1884 2587">
    <p class='ocr_par' dir='ltr' id='par_1_43' title="bbox 306 2512 1884 2587">
     <span class='ocr_line' id='line_1_43' title="bbox 306 2512 1884 2587; baseline -0.002 -16"><span class='ocrx_word' id='word_1_306' title='bbox 306 2518 646 2587; x_wconf 79' lang='grc' dir='ltr'><strong>ἁγαθότητος</strong></span> <span class='ocrx_word' id='word_1_307' title='bbox 677 2516 974 2587; x_wconf 80' lang='grc' dir='ltr'><strong>ὑπερϐολῇ,</strong></span> <span class='ocrx_word' id='word_1_308' title='bbox 998 2516 1067 2569; x_wconf 80' lang='grc' dir='ltr'><strong>τὰ</strong></span> <span class='ocrx_word' id='word_1_309' title='bbox 1100 2516 1198 2585; x_wconf 82' lang='grc' dir='ltr'><strong>μὲν</strong></span> <span class='ocrx_word' id='word_1_310' title='bbox 1227 2512 1367 2569; x_wconf 86' lang='grc' dir='ltr'><strong>εἶναι</strong></span> <span class='ocrx_word' id='word_1_311' title='bbox 1412 2517 1571 2585; x_wconf 85' lang='grc' dir='ltr'><strong>μόνον</strong></span> <span class='ocrx_word' id='word_1_312' title='bbox 1599 2515 1884 2586; x_wconf 78' lang='grc' dir='ltr'><strong>ἐθελήσας,</strong></span> 
     </span>
    </p>
   </div>
   <div class='ocr_carea' id='block_1_44' title="bbox 305 2602 1887 2677">
    <p class='ocr_par' dir='ltr' id='par_1_44' title="bbox 305 2602 1887 2677">
     <span class='ocr_line' id='line_1_44' title="bbox 305 2602 1887 2677; baseline 0.001 -19"><span class='ocrx_word' id='word_1_313' title='bbox 305 2610 372 2660; x_wconf 69' lang='grc' dir='ltr'><strong>τὰ</strong></span> <span class='ocrx_word' id='word_1_314' title='bbox 398 2607 453 2660; x_wconf 77' lang='grc' dir='ltr'><strong>δὲ</strong></span> <span class='ocrx_word' id='word_1_315' title='bbox 490 2607 627 2676; x_wconf 76' lang='grc' dir='ltr'><strong>πρὸς</strong></span> <span class='ocrx_word' id='word_1_316' title='bbox 656 2606 714 2660; x_wconf 83' lang='grc' dir='ltr'><strong>τὸ</strong></span> <span class='ocrx_word' id='word_1_317' title='bbox 743 2602 884 2660; x_wconf 72' lang='grc' dir='ltr'><strong>εἶναι</strong></span> <span class='ocrx_word' id='word_1_318' title='bbox 911 2607 1214 2677; x_wconf 82' lang='grc' dir='ltr'><strong>κεκτῆσθαι</strong></span> <span class='ocrx_word' id='word_1_319' title='bbox 1246 2608 1340 2660; x_wconf 72' lang='grc' dir='ltr'><strong>καὶ</strong></span> <span class='ocrx_word' id='word_1_320' title='bbox 1365 2605 1537 2675; x_wconf 80' lang='grc' dir='ltr'><strong>ζωήν·</strong></span> <span class='ocrx_word' id='word_1_321' title='bbox 1570 2607 1666 2659; x_wconf 75' lang='grc' dir='ltr'><strong>καὶ</strong></span> <span class='ocrx_word' id='word_1_322' title='bbox 1685 2607 1753 2659; x_wconf 69' lang='grc' dir='ltr'><strong>τὰ</strong></span> <span class='ocrx_word' id='word_1_323' title='bbox 1788 2607 1887 2674; x_wconf 84' lang='grc' dir='ltr'><strong>μέν</strong></span> 
     </span>
    </p>
   </div>
   <div class='ocr_carea' id='block_1_45' title="bbox 304 2698 1888 2771">
    <p class='ocr_par' dir='ltr' id='par_1_45' title="bbox 304 2698 1888 2771">
     <span class='ocr_line' id='line_1_45' title="bbox 304 2698 1888 2771; baseline 0.002 -22"><span class='ocrx_word' id='word_1_324' title='bbox 304 2701 497 2769; x_wconf 79' lang='grc' dir='ltr'><strong>νοερᾶς</strong></span> <span class='ocrx_word' id='word_1_325' title='bbox 519 2699 722 2764; x_wconf 79' lang='grc' dir='ltr'><strong>ταύτης</strong></span> <span class='ocrx_word' id='word_1_326' title='bbox 741 2701 1041 2771; x_wconf 86' lang='grc' dir='ltr'><strong>εὑμοιρεῖν,</strong></span> <span class='ocrx_word' id='word_1_327' title='bbox 1087 2698 1229 2752; x_wconf 80' lang='grc' dir='ltr'><strong>τὰδὲ</strong></span> <span class='ocrx_word' id='word_1_328' title='bbox 1259 2698 1427 2769; x_wconf 80' lang='grc' dir='ltr'><strong>μόνης</strong></span> <span class='ocrx_word' id='word_1_329' title='bbox 1460 2698 1757 2752; x_wconf 84' lang='grc' dir='ltr'><strong>ἀπολαύειν</strong></span> <span class='ocrx_word' id='word_1_330' title='bbox 1787 2700 1888 2769; x_wconf 78' lang='grc' dir='ltr'><strong>τῆς</strong></span> 
     </span>
    </p>
   </div>
   <div class='ocr_carea' id='block_1_46' title="bbox 305 2789 1886 2861">
    <p class='ocr_par' dir='ltr' id='par_1_46' title="bbox 305 2789 1886 2861">
     <span class='ocr_line' id='line_1_46' title="bbox 305 2789 1886 2861; baseline 0.001 -20"><span class='ocrx_word' id='word_1_331' title='bbox 305 2791 428 2842; x_wconf 81' lang='grc' dir='ltr'><strong>κατ’</strong></span> <span class='ocrx_word' id='word_1_332' title='bbox 462 2790 810 2861; x_wconf 84' lang='grc' dir='ltr'><strong>ἀμφοτέρων,</strong></span> <span class='ocrx_word' id='word_1_333' title='bbox 848 2791 965 2843; x_wconf 79' lang='grc' dir='ltr'><strong>ἐστι</strong></span> <span class='ocrx_word' id='word_1_334' title='bbox 1018 2790 1063 2842; x_wconf 86' lang='grc' dir='ltr'><strong>δ’</strong></span> <span class='ocrx_word' id='word_1_335' title='bbox 1111 2789 1148 2844; x_wconf 75' lang='grc' dir='ltr'>ἃ</span> <span class='ocrx_word' id='word_1_336' title='bbox 1186 2790 1278 2843; x_wconf 80' lang='grc' dir='ltr'><strong>καὶ</strong></span> <span class='ocrx_word' id='word_1_337' title='bbox 1333 2790 1534 2858; x_wconf 74' lang='grc' dir='ltr'><strong>μικτὴν</strong></span> <span class='ocrx_word' id='word_1_338' title='bbox 1574 2790 1779 2861; x_wconf 85' lang='grc' dir='ltr'><strong>ταύτην</strong></span> <span class='ocrx_word' id='word_1_339' title='bbox 1827 2789 1886 2856; x_wconf 80' lang='grc' dir='ltr'><strong>ἐξ</strong></span> 
     </span>
    </p>
   </div>
   <div class='ocr_carea' id='block_1_47' title="bbox 303 2879 1887 2951">
    <p class='ocr_par' dir='ltr' id='par_1_47' title="bbox 303 2879 1887 2951">
     <span class='ocr_line' id='line_1_47' title="bbox 303 2879 1887 2951; baseline -0.003 -15"><span class='ocrx_word' id='word_1_340' title='bbox 303 2882 637 2951; x_wconf 77' lang='grc' dir='ltr'><strong>ἀμφοτέρων</strong></span> <span class='ocrx_word' id='word_1_341' title='bbox 681 2882 979 2951; x_wconf 78' lang='grc' dir='ltr'><strong>ἐσχηκέναι</strong></span> <span class='ocrx_word' id='word_1_342' title='bbox 1000 2896 1014 2911; x_wconf 84' lang='grc'><em>’</em></span> <span class='ocrx_word' id='word_1_343' title='bbox 1040 2882 1135 2934; x_wconf 76' lang='grc' dir='ltr'><strong>καὶ</strong></span> <span class='ocrx_word' id='word_1_344' title='bbox 1172 2881 1282 2933; x_wconf 81' lang='grc' dir='ltr'><strong>τῶν</strong></span> <span class='ocrx_word' id='word_1_345' title='bbox 1310 2879 1534 2948; x_wconf 81' lang='grc' dir='ltr'><strong>λογικὴν</strong></span> <span class='ocrx_word' id='word_1_346' title='bbox 1570 2881 1665 2933; x_wconf 72' lang='grc' dir='ltr'><strong>καὶ</strong></span> <span class='ocrx_word' id='word_1_347' title='bbox 1694 2880 1887 2947; x_wconf 82' lang='grc' dir='ltr'><strong>νοερὰν</strong></span> 
     </span>
    </p>
   </div>
   <div class='ocr_carea' id='block_1_48' title="bbox 302 2969 1887 3042">
    <p class='ocr_par' dir='ltr' id='par_1_48' title="bbox 302 2969 1887 3042">
     <span class='ocr_line' id='line_1_48' title="bbox 302 2969 1887 3042; baseline -0.001 -18"><span class='ocrx_word' id='word_1_348' title='bbox 302 2973 430 3042; x_wconf 82' lang='grc' dir='ltr'><strong>πιρ’</strong></span> <span class='ocrx_word' id='word_1_349' title='bbox 457 2970 622 3026; x_wconf 72' lang='grc' dir='ltr'><strong>αὐτοῦ</strong></span> <span class='ocrx_word' id='word_1_350' title='bbox 666 2970 941 3024; x_wconf 75' lang='grc' dir='ltr'><strong>λαϐόντων</strong></span> <span class='ocrx_word' id='word_1_351' title='bbox 966 2970 1066 3041; x_wconf 80' lang='grc' dir='ltr'><strong>τὴν</strong></span> <span class='ocrx_word' id='word_1_352' title='bbox 1097 2969 1266 3041; x_wconf 73' lang='grc' dir='ltr'><strong>ζωὴν,</strong></span> <span class='ocrx_word' id='word_1_353' title='bbox 1290 2973 1355 3041; x_wconf 87' lang='grc' dir='ltr'><strong>τῇ</strong></span> <span class='ocrx_word' id='word_1_354' title='bbox 1399 2969 1537 3039; x_wconf 73' lang='grc' dir='ltr'><strong>πρὸς</strong></span> <span class='ocrx_word' id='word_1_355' title='bbox 1569 2970 1734 3022; x_wconf 77' lang='grc' dir='ltr'><strong>αὑτὸν</strong></span> <span class='ocrx_word' id='word_1_356' title='bbox 1768 2969 1887 3023; x_wconf 85' lang='grc' dir='ltr'><strong>ἐθε-</strong></span> 
     </span>
    </p>
   </div>
   <div class='ocr_carea' id='block_1_49' title="bbox 301 3059 1884 3132">
    <p class='ocr_par' dir='ltr' id='par_1_49' title="bbox 301 3059 1884 3132">
     <span class='ocr_line' id='line_1_49' title="bbox 301 3059 1884 3132; baseline -0.001 -20"><span class='ocrx_word' id='word_1_357' title='bbox 301 3062 513 3132; x_wconf 76' lang='grc' dir='ltr'><strong>λουσίῳ</strong></span> <span class='ocrx_word' id='word_1_358' title='bbox 546 3061 727 3114; x_wconf 75' lang='grc' dir='ltr'><strong>νεύσει</strong></span> <span class='ocrx_word' id='word_1_359' title='bbox 751 3061 850 3130; x_wconf 78' lang='grc' dir='ltr'><strong>τῆς</strong></span> <span class='ocrx_word' id='word_1_360' title='bbox 881 3059 1046 3113; x_wconf 79' lang='grc' dir='ltr'><strong>αὐτοῦ</strong></span> <span class='ocrx_word' id='word_1_361' title='bbox 1077 3059 1324 3122; x_wconf 82' lang='grc' dir='ltr'><strong>ἐνώσεως</strong></span> <span class='ocrx_word' id='word_1_362' title='bbox 1365 3060 1769 3128; x_wconf 77' lang='grc' dir='ltr'><strong>ἐπιτυγχάνειν,</strong></span> <span class='ocrx_word' id='word_1_363' title='bbox 1794 3060 1884 3113; x_wconf 63' lang='grc' dir='ltr'><strong>καὶ</strong></span> 
     </span>
    </p>
   </div>
   <div class='ocr_carea' id='block_1_50' title="bbox 302 3147 1874 3222">
    <p class='ocr_par' dir='ltr' id='par_1_50' title="bbox 302 3147 1874 3222">
     <span class='ocr_line' id='line_1_50' title="bbox 302 3147 1874 3222; baseline -0.003 -18"><span class='ocrx_word' id='word_1_364' title='bbox 302 3156 401 3222; x_wconf 71' lang='grc' dir='ltr'><strong>ζῇν</strong></span> <span class='ocrx_word' id='word_1_365' title='bbox 430 3151 573 3204; x_wconf 78' lang='grc' dir='ltr'><strong>οὕτω</strong></span> <span class='ocrx_word' id='word_1_366' title='bbox 597 3151 752 3213; x_wconf 83' lang='grc' dir='ltr'><strong>θείως</strong></span> <span class='ocrx_word' id='word_1_367' title='bbox 781 3150 873 3203; x_wconf 69' lang='grc' dir='ltr'><strong>καὶ</strong></span> <span class='ocrx_word' id='word_1_368' title='bbox 920 3147 1239 3219; x_wconf 78' lang='grc' dir='ltr'><strong>ὑπερφυῶς,</strong></span> <span class='ocrx_word' id='word_1_369' title='bbox 1280 3148 1382 3218; x_wconf 80' lang='grc' dir='ltr'><strong>τῆς</strong></span> <span class='ocrx_word' id='word_1_370' title='bbox 1411 3147 1578 3202; x_wconf 82' lang='grc' dir='ltr'><strong>αὐτοῦ</strong></span> <span class='ocrx_word' id='word_1_371' title='bbox 1610 3147 1874 3214; x_wconf 79' lang='grc' dir='ltr'><strong>κατηξιω-</strong></span> 
     </span>
    </p>
   </div>
   <div class='ocr_carea' id='block_1_51' title="bbox 305 3239 1878 3313">
    <p class='ocr_par' dir='ltr' id='par_1_51' title="bbox 305 3239 1878 3313">
     <span class='ocr_line' id='line_1_51' title="bbox 305 3239 1878 3313; baseline -0.006 -16"><span class='ocrx_word' id='word_1_372' title='bbox 305 3245 440 3313; x_wconf 78' lang='grc' dir='ltr'><strong>μένα</strong></span> <span class='ocrx_word' id='word_1_373' title='bbox 477 3240 739 3312; x_wconf 84' lang='grc' dir='ltr'><strong>θεουργοῦ</strong></span> <span class='ocrx_word' id='word_1_374' title='bbox 787 3242 1030 3311; x_wconf 81' lang='grc' dir='ltr'><strong>χάριτος,</strong></span> <span class='ocrx_word' id='word_1_375' title='bbox 1062 3239 1158 3293; x_wconf 73' lang='grc' dir='ltr'><strong>καὶ</strong></span> <span class='ocrx_word' id='word_1_376' title='bbox 1202 3240 1505 3309; x_wconf 81' lang='grc' dir='ltr'><strong>ἐνεργείας.</strong></span> <span class='ocrx_word' id='word_1_377' title='bbox 1547 3239 1610 3293; x_wconf 86' lang='grc' dir='ltr'><strong>Ἦ</strong></span> <span class='ocrx_word' id='word_1_378' title='bbox 1637 3239 1746 3310; x_wconf 82' lang='grc' dir='ltr'><strong>γὰρ</strong></span> <span class='ocrx_word' id='word_1_379' title='bbox 1775 3239 1878 3292; x_wconf 84' lang='grc' dir='ltr'><strong>αὐ-</strong></span> 
     </span>
    </p>
   </div>
   <div class='ocr_carea' id='block_1_52' title="bbox 300 3331 1880 3404">
    <p class='ocr_par' dir='ltr' id='par_1_52' title="bbox 300 3331 1880 3404">
     <span class='ocr_line' id='line_1_52' title="bbox 300 3331 1880 3404; baseline -0.003 -14"><span class='ocrx_word' id='word_1_380' title='bbox 300 3336 395 3390; x_wconf 89' lang='grc' dir='ltr'><strong>τοῦ</strong></span> <span class='ocrx_word' id='word_1_381' title='bbox 420 3335 663 3403; x_wconf 81' lang='grc' dir='ltr'><strong>θέλησις,</strong></span> <span class='ocrx_word' id='word_1_382' title='bbox 695 3333 907 3402; x_wconf 84' lang='grc' dir='ltr'><strong>γένεσίς</strong></span> <span class='ocrx_word' id='word_1_383' title='bbox 932 3333 1049 3385; x_wconf 82' lang='grc' dir='ltr'><strong>ἐστι</strong></span> <span class='ocrx_word' id='word_1_384' title='bbox 1074 3335 1187 3396; x_wconf 83' lang='grc' dir='ltr'><strong>τοῖς</strong></span> <span class='ocrx_word' id='word_1_385' title='bbox 1216 3331 1387 3396; x_wconf 83' lang='grc' dir='ltr'><strong>οῦσιν,</strong></span> <span class='ocrx_word' id='word_1_386' title='bbox 1422 3332 1455 3402; x_wconf 81' lang='grc' dir='ltr'>ἢ</span> <span class='ocrx_word' id='word_1_387' title='bbox 1479 3332 1880 3404; x_wconf 81' lang='grc' dir='ltr'><strong>προαγομένοις</strong></span> 
     </span>
    </p>
   </div>
   <div class='ocr_carea' id='block_1_53' title="bbox 302 3423 1877 3497">
    <p class='ocr_par' dir='ltr' id='par_1_53' title="bbox 302 3423 1877 3497">
     <span class='ocr_line' id='line_1_53' title="bbox 302 3423 1877 3497; baseline -0.001 -16"><span class='ocrx_word' id='word_1_388' title='bbox 302 3431 367 3481; x_wconf 80' lang='grc' dir='ltr'><strong>ἐκ</strong></span> <span class='ocrx_word' id='word_1_389' title='bbox 401 3427 477 3497; x_wconf 76' lang='grc' dir='ltr'><strong>μὴ</strong></span> <span class='ocrx_word' id='word_1_390' title='bbox 507 3426 700 3491; x_wconf 79' lang='grc' dir='ltr'><strong>ὄντων,</strong></span> <span class='ocrx_word' id='word_1_391' title='bbox 724 3424 758 3494; x_wconf 81' lang='grc' dir='ltr'><strong>ἢ</strong></span> <span class='ocrx_word' id='word_1_392' title='bbox 797 3423 1197 3495; x_wconf 74' lang='grc' dir='ltr'><strong>βελτιουμένοις</strong></span> <span class='ocrx_word' id='word_1_393' title='bbox 1218 3442 1231 3456; x_wconf 87' lang='grc'><strong>·</strong></span> <span class='ocrx_word' id='word_1_394' title='bbox 1258 3425 1353 3478; x_wconf 76' lang='grc' dir='ltr'><strong>καὶ</strong></span> <span class='ocrx_word' id='word_1_395' title='bbox 1382 3424 1540 3479; x_wconf 88' lang='grc' dir='ltr'><strong>τοῦτο</strong></span> <span class='ocrx_word' id='word_1_396' title='bbox 1581 3426 1877 3495; x_wconf 82' lang='grc' dir='ltr'><strong>διαφόρως.</strong></span> 
     </span>
    </p>
   </div>
   <div class='ocr_carea' id='block_1_54' title="bbox 302 3515 1881 3588">
    <p class='ocr_par' dir='ltr' id='par_1_54' title="bbox 302 3515 1881 3588">
     <span class='ocr_line' id='line_1_54' title="bbox 302 3515 1881 3588; baseline -0.001 -16"><span class='ocrx_word' id='word_1_397' title='bbox 302 3521 403 3573; x_wconf 75' lang='grc' dir='ltr'><strong>Διὰ</strong></span> <span class='ocrx_word' id='word_1_398' title='bbox 430 3519 637 3588; x_wconf 85' lang='grc' dir='ltr'><strong>ταύτην</strong></span> <span class='ocrx_word' id='word_1_399' title='bbox 685 3517 786 3586; x_wconf 81' lang='grc' dir='ltr'><strong>τὴν</strong></span> <span class='ocrx_word' id='word_1_400' title='bbox 836 3518 929 3570; x_wconf 77' lang='grc' dir='ltr'><strong>ἐπὶ</strong></span> <span class='ocrx_word' id='word_1_401' title='bbox 961 3517 1030 3570; x_wconf 84' lang='grc' dir='ltr'><strong>τὰ</strong></span> <span class='ocrx_word' id='word_1_402' title='bbox 1065 3515 1195 3569; x_wconf 75' lang='grc' dir='ltr'><strong>ὄντα</strong></span> <span class='ocrx_word' id='word_1_403' title='bbox 1238 3515 1334 3569; x_wconf 89' lang='grc' dir='ltr'><strong>τοῦ</strong></span> <span class='ocrx_word' id='word_1_404' title='bbox 1372 3516 1519 3570; x_wconf 87' lang='grc' dir='ltr'><strong>θείου</strong></span> <span class='ocrx_word' id='word_1_405' title='bbox 1574 3517 1881 3587; x_wconf 82' lang='grc' dir='ltr'><strong>Θελήματος</strong></span> 
     </span>
    </p>
   </div>
   <div class='ocr_carea' id='block_1_55' title="bbox 301 3606 1880 3679">
    <p class='ocr_par' dir='ltr' id='par_1_55' title="bbox 301 3606 1880 3679">
     <span class='ocr_line' id='line_1_55' title="bbox 301 3606 1880 3679; baseline 0.001 -17"><span class='ocrx_word' id='word_1_406' title='bbox 301 3612 567 3679; x_wconf 72' lang='grc' dir='ltr'><strong>διαφορὰν</strong></span> <span class='ocrx_word' id='word_1_407' title='bbox 606 3610 638 3678; x_wconf 83' lang='grc' dir='ltr'><strong>ἡ</strong></span> <span class='ocrx_word' id='word_1_408' title='bbox 673 3609 772 3679; x_wconf 88' lang='grc' dir='ltr'><strong>μία</strong></span> <span class='ocrx_word' id='word_1_409' title='bbox 802 3610 985 3678; x_wconf 79' lang='grc' dir='ltr'><strong>ἐκείνη</strong></span> <span class='ocrx_word' id='word_1_410' title='bbox 1013 3608 1238 3679; x_wconf 84' lang='grc' dir='ltr'><strong>πρόνοια</strong></span> <span class='ocrx_word' id='word_1_411' title='bbox 1261 3610 1355 3662; x_wconf 78' lang='grc' dir='ltr'><strong>καὶ</strong></span> <span class='ocrx_word' id='word_1_412' title='bbox 1386 3606 1660 3676; x_wconf 72' lang='grc' dir='ltr'><strong>ἀγαθότης</strong></span> <span class='ocrx_word' id='word_1_413' title='bbox 1692 3608 1880 3679; x_wconf 80' lang='grc' dir='ltr'><strong>(ταυτὺ</strong></span> 
     </span>
    </p>
   </div>
   <div class='ocr_carea' id='block_1_56' title="bbox 300 3700 1879 3772">
    <p class='ocr_par' dir='ltr' id='par_1_56' title="bbox 300 3700 1879 3772">
     <span class='ocr_line' id='line_1_56' title="bbox 300 3700 1879 3772; baseline 0 -18"><span class='ocrx_word' id='word_1_414' title='bbox 300 3701 347 3754; x_wconf 85' lang='grc' dir='ltr'><strong>δ’</strong></span> <span class='ocrx_word' id='word_1_415' title='bbox 367 3704 567 3764; x_wconf 79' lang='grc' dir='ltr'><strong>εἰπεῖν,</strong></span> <span class='ocrx_word' id='word_1_416' title='bbox 593 3702 626 3772; x_wconf 80' lang='grc' dir='ltr'>ὴ</span> <span class='ocrx_word' id='word_1_417' title='bbox 654 3701 721 3754; x_wconf 86' lang='grc' dir='ltr'><strong>δι’</strong></span> <span class='ocrx_word' id='word_1_418' title='bbox 758 3701 1071 3769; x_wconf 81' lang='grc' dir='ltr'><strong>ἀγαοότητα</strong></span> <span class='ocrx_word' id='word_1_419' title='bbox 1102 3700 1243 3771; x_wconf 81' lang='grc' dir='ltr'><strong>πρὸς</strong></span> <span class='ocrx_word' id='word_1_420' title='bbox 1266 3700 1335 3754; x_wconf 88' lang='grc' dir='ltr'><strong>τὰ</strong></span> <span class='ocrx_word' id='word_1_421' title='bbox 1356 3700 1756 3772; x_wconf 82' lang='grc' dir='ltr'><strong>καταδεέστερα</strong></span> <span class='ocrx_word' id='word_1_422' title='bbox 1782 3700 1879 3754; x_wconf 89' lang='grc' dir='ltr'><strong>τοῦ</strong></span> 
     </span>
    </p>
   </div>
   <div class='ocr_carea' id='block_1_57' title="bbox 302 3790 1875 3866">
    <p class='ocr_par' dir='ltr' id='par_1_57' title="bbox 302 3790 1875 3866">
     <span class='ocr_line' id='line_1_57' title="bbox 302 3790 1875 3866; baseline -0.001 -18"><span class='ocrx_word' id='word_1_423' title='bbox 302 3796 439 3850; x_wconf 70' lang='grc' dir='ltr'><strong>Θεοῦ</strong></span> <span class='ocrx_word' id='word_1_424' title='bbox 454 3793 816 3866; x_wconf 73' lang='grc' dir='ltr'><strong>ἐπιστροφὴ),</strong></span> <span class='ocrx_word' id='word_1_425' title='bbox 836 3795 1027 3848; x_wconf 78' lang='grc' dir='ltr'><strong>πολλαὶ</strong></span> <span class='ocrx_word' id='word_1_426' title='bbox 1051 3794 1297 3865; x_wconf 86' lang='grc' dir='ltr'><strong>πρόνοιαί</strong></span> <span class='ocrx_word' id='word_1_427' title='bbox 1319 3812 1379 3847; x_wconf 84' lang='grc' dir='ltr'><strong>τε</strong></span> <span class='ocrx_word' id='word_1_428' title='bbox 1403 3795 1498 3848; x_wconf 75' lang='grc' dir='ltr'><strong>καὶ</strong></span> <span class='ocrx_word' id='word_1_429' title='bbox 1516 3790 1875 3865; x_wconf 74' lang='grc' dir='ltr'><strong>⁶ξιγαθότητες,</strong></span> 
     </span>
    </p>
   </div>
   <div class='ocr_carea' id='block_1_58' title="bbox 307 3884 1877 3957">
    <p class='ocr_par' dir='ltr' id='par_1_58' title="bbox 307 3884 1877 3957">
     <span class='ocr_line' id='line_1_58' title="bbox 307 3884 1877 3957; baseline -0.002 -16"><span class='ocrx_word' id='word_1_430' title='bbox 307 3890 402 3940; x_wconf 79' lang='grc' dir='ltr'><strong>καὶ</strong></span> <span class='ocrx_word' id='word_1_431' title='bbox 426 3888 534 3940; x_wconf 74' lang='lat' dir='ltr'><strong>eici.</strong></span> <span class='ocrx_word' id='word_1_432' title='bbox 569 3893 664 3939; x_wconf 74' lang='grc' dir='ltr'><strong>καὶ</strong></span> <span class='ocrx_word' id='word_1_433' title='bbox 691 3886 942 3954; x_wconf 87' lang='grc' dir='ltr'><strong>λέγονται</strong></span> <span class='ocrx_word' id='word_1_434' title='bbox 976 3888 1127 3957; x_wconf 86' lang='grc' dir='ltr'><strong>παρὰ</strong></span> <span class='ocrx_word' id='word_1_435' title='bbox 1156 3886 1264 3938; x_wconf 86' lang='grc' dir='ltr'><strong>τῶν</strong></span> <span class='ocrx_word' id='word_1_436' title='bbox 1286 3884 1560 3953; x_wconf 78' lang='grc' dir='ltr'><strong>θεοσόφων</strong></span> <span class='ocrx_word' id='word_1_437' title='bbox 1591 3885 1877 3951; x_wconf 82' lang='grc' dir='ltr'><strong>Θεολόγων,</strong></span> 
     </span>
    </p>
   </div>
   <div class='ocr_carea' id='block_1_59' title="bbox 305 3976 1882 4047">
    <p class='ocr_par' dir='ltr' id='par_1_59' title="bbox 305 3976 1882 4047">
     <span class='ocr_line' id='line_1_59' title="bbox 305 3976 1882 4047; baseline -0.003 -15"><span class='ocrx_word' id='word_1_438' title='bbox 305 3978 618 4047; x_wconf 84' lang='grc' dir='ltr'><strong>ἀμερίστως</strong></span> <span class='ocrx_word' id='word_1_439' title='bbox 656 3981 714 4030; x_wconf 83' lang='grc' dir='ltr'><strong>ἐν</strong></span> <span class='ocrx_word' id='word_1_440' title='bbox 753 3980 864 4038; x_wconf 83' lang='grc' dir='ltr'><strong>τοῖς</strong></span> <span class='ocrx_word' id='word_1_441' title='bbox 918 3979 1192 4047; x_wconf 80' lang='grc' dir='ltr'><strong>μεριστοϊς</strong></span> <span class='ocrx_word' id='word_1_442' title='bbox 1244 3976 1598 4047; x_wconf 79' lang='grc' dir='ltr'><strong>μεριζόμεναι</strong></span> <span class='ocrx_word' id='word_1_443' title='bbox 1637 3976 1733 4029; x_wconf 75' lang='grc' dir='ltr'><strong>καὶ</strong></span> <span class='ocrx_word' id='word_1_444' title='bbox 1762 3993 1882 4029; x_wconf 88' lang='grc' dir='ltr'><strong>ποι-</strong></span> 
     </span>
    </p>
   </div>
   <div class='ocr_carea' id='block_1_60' title="bbox 310 4066 1881 4139">
    <p class='ocr_par' dir='ltr' id='par_1_60' title="bbox 310 4066 1881 4139">
     <span class='ocr_line' id='line_1_60' title="bbox 310 4066 1881 4139; baseline -0.001 -18"><span class='ocrx_word' id='word_1_445' title='bbox 310 4069 648 4139; x_wconf 65' lang='grc' dir='ltr'><strong>ιειλλόμεναν</strong></span> <span class='ocrx_word' id='word_1_446' title='bbox 698 4069 773 4130; x_wconf 81' lang='grc' dir='ltr'><strong>ὡς</strong></span> <span class='ocrx_word' id='word_1_447' title='bbox 822 4068 920 4139; x_wconf 86' lang='grc' dir='ltr'><strong>τὴν</strong></span> <span class='ocrx_word' id='word_1_448' title='bbox 974 4069 1073 4138; x_wconf 79' lang='grc' dir='ltr'><strong>μὲν</strong></span> <span class='ocrx_word' id='word_1_449' title='bbox 1117 4067 1531 4139; x_wconf 84' lang='grc' dir='ltr'><strong>προγνωστικὴν</strong></span> <span class='ocrx_word' id='word_1_450' title='bbox 1582 4066 1677 4120; x_wconf 87' lang='grc' dir='ltr'><strong>τοῦ</strong></span> <span class='ocrx_word' id='word_1_451' title='bbox 1744 4066 1881 4120; x_wconf 87' lang='grc' dir='ltr'><strong>Θεοῦ</strong></span> 
     </span>
    </p>
   </div>
   <div class='ocr_carea' id='block_1_61' title="bbox 301 4158 1881 4230">
    <p class='ocr_par' dir='ltr' id='par_1_61' title="bbox 301 4158 1881 4230">
     <span class='ocr_line' id='line_1_61' title="bbox 301 4158 1881 4230; baseline -0.003 -16"><span class='ocrx_word' id='word_1_452' title='bbox 301 4160 533 4230; x_wconf 76' lang='grc' dir='ltr'><strong>δύναμιν</strong></span> <span class='ocrx_word' id='word_1_453' title='bbox 563 4159 845 4213; x_wconf 86' lang='grc' dir='ltr'><strong>καλεῖσθαι</strong></span> <span class='ocrx_word' id='word_1_454' title='bbox 863 4178 876 4191; x_wconf 73' lang='grc'><strong><em>⁸</em></strong></span> <span class='ocrx_word' id='word_1_455' title='bbox 907 4161 1006 4229; x_wconf 80' lang='grc' dir='ltr'><strong>τὴν</strong></span> <span class='ocrx_word' id='word_1_456' title='bbox 1022 4160 1099 4224; x_wconf 80' lang='grc' dir='ltr'><strong>δὲ,</strong></span> <span class='ocrx_word' id='word_1_457' title='bbox 1124 4159 1525 4230; x_wconf 68' lang='grc' dir='ltr'><strong>δημιουργικὴν</strong></span> <span class='ocrx_word' id='word_1_458' title='bbox 1551 4176 1610 4210; x_wconf 86' lang='grc' dir='ltr'><strong>τε</strong></span> <span class='ocrx_word' id='word_1_459' title='bbox 1637 4158 1731 4211; x_wconf 72' lang='grc' dir='ltr'><strong>καὶ</strong></span> <span class='ocrx_word' id='word_1_460' title='bbox 1766 4176 1881 4211; x_wconf 85' lang='grc' dir='ltr'><strong>συν·</strong></span> 
     </span>
    </p>
   </div>
   <div class='ocr_carea' id='block_1_62' title="bbox 304 4247 1877 4321">
    <p class='ocr_par' dir='ltr' id='par_1_62' title="bbox 304 4247 1877 4321">
     <span class='ocr_line' id='line_1_62' title="bbox 304 4247 1877 4321; baseline 0 -17"><span class='ocrx_word' id='word_1_461' title='bbox 304 4253 530 4321; x_wconf 83' lang='grc' dir='ltr'><strong>εκτικήν</strong></span> <span class='ocrx_word' id='word_1_462' title='bbox 551 4267 566 4283; x_wconf 79' lang='grc'><strong>⁸</strong></span> <span class='ocrx_word' id='word_1_463' title='bbox 614 4251 821 4305; x_wconf 79' lang='grc' dir='ltr'><strong>τούτων</strong></span> <span class='ocrx_word' id='word_1_464' title='bbox 865 4251 910 4305; x_wconf 80' lang='grc' dir='ltr'><strong>δ’</strong></span> <span class='ocrx_word' id='word_1_465' title='bbox 943 4247 1031 4315; x_wconf 80' lang='grc' dir='ltr'><strong>αὖ,</strong></span> <span class='ocrx_word' id='word_1_466' title='bbox 1081 4252 1222 4304; x_wconf 73' lang='grc' dir='ltr'><strong>κατὰ</strong></span> <span class='ocrx_word' id='word_1_467' title='bbox 1253 4251 1346 4304; x_wconf 69' lang='grc' dir='ltr'><strong>τὸν</strong></span> <span class='ocrx_word' id='word_1_468' title='bbox 1380 4251 1551 4320; x_wconf 83' lang='grc' dir='ltr'><strong>μέγαν</strong></span> <span class='ocrx_word' id='word_1_469' title='bbox 1580 4251 1877 4313; x_wconf 87' lang='grc' dir='ltr'><strong>Διονύσιον,</strong></span> 
     </span>
    </p>
   </div>
   <div class='ocr_carea' id='block_1_63' title="bbox 303 4341 1882 4412">
    <p class='ocr_par' dir='ltr' id='par_1_63' title="bbox 303 4341 1882 4412">
     <span class='ocr_line' id='line_1_63' title="bbox 303 4341 1882 4412; baseline -0.001 -16"><span class='ocrx_word' id='word_1_470' title='bbox 303 4348 400 4407; x_wconf 65' lang='grc' dir='ltr'><strong>τὰς</strong></span> <span class='ocrx_word' id='word_1_471' title='bbox 449 4342 548 4412; x_wconf 78' lang='grc' dir='ltr'><strong>μὲν</strong></span> <span class='ocrx_word' id='word_1_472' title='bbox 600 4341 904 4405; x_wconf 80' lang='grc' dir='ltr'><strong>ούσιώσεις,</strong></span> <span class='ocrx_word' id='word_1_473' title='bbox 950 4342 1048 4404; x_wconf 80' lang='grc' dir='ltr'><strong>τὰς</strong></span> <span class='ocrx_word' id='word_1_474' title='bbox 1087 4342 1144 4395; x_wconf 83' lang='grc' dir='ltr'><strong>δὲ</strong></span> <span class='ocrx_word' id='word_1_475' title='bbox 1192 4341 1454 4406; x_wconf 80' lang='grc' dir='ltr'><strong>ζωώσεις,</strong></span> <span class='ocrx_word' id='word_1_476' title='bbox 1493 4343 1591 4404; x_wconf 77' lang='grc' dir='ltr'><strong>τὰς</strong></span> <span class='ocrx_word' id='word_1_477' title='bbox 1626 4342 1678 4395; x_wconf 71' lang='grc' dir='ltr'><strong>δὲ</strong></span> <span class='ocrx_word' id='word_1_478' title='bbox 1724 4359 1882 4411; x_wconf 74' lang='grc' dir='ltr'><strong>σοφοο</strong></span> 
     </span>
    </p>
   </div>
   <div class='ocr_carea' id='block_1_64' title="bbox 1992 1884 3567 1973">
    <p class='ocr_par' dir='ltr' id='par_1_64' title="bbox 1992 1884 3567 1973">
     <span class='ocr_line' id='line_1_64' title="bbox 1992 1884 3567 1973; baseline 0.008 -25"><span class='ocrx_word' id='word_1_479' title='bbox 1992 1912 2107 1951; x_wconf 85' lang='lat' dir='ltr'><strong>mos</strong></span> <span class='ocrx_word' id='word_1_480' title='bbox 2158 1884 2515 1956; x_wconf 68' lang='lat' dir='ltr'><strong>alisnrilitatis</strong></span> <span class='ocrx_word' id='word_1_481' title='bbox 2561 1903 2782 1967; x_wconf 86' lang='lat' dir='ltr'><strong>limites,</strong></span> <span class='ocrx_word' id='word_1_482' title='bbox 2820 1921 2887 1957; x_wconf 90' lang='lat' dir='ltr'><strong>ne</strong></span> <span class='ocrx_word' id='word_1_483' title='bbox 2933 1906 2985 1958; x_wconf 90' lang='lat' dir='ltr'><strong>iu</strong></span> <span class='ocrx_word' id='word_1_484' title='bbox 3030 1906 3299 1959; x_wconf 82' lang='lat' dir='ltr'><strong>ittilnittlttt</strong></span> <span class='ocrx_word' id='word_1_485' title='bbox 3347 1908 3567 1973; x_wconf 84' lang='lat' dir='ltr'><strong>quidem</strong></span> 
     </span>
    </p>
   </div>
   <div class='ocr_carea' id='block_1_65' title="bbox 1991 1991 3568 2067">
    <p class='ocr_par' dir='ltr' id='par_1_65' title="bbox 1991 1991 3568 2067">
     <span class='ocr_line' id='line_1_65' title="bbox 1991 1991 3568 2067; baseline 0.005 -25"><span class='ocrx_word' id='word_1_486' title='bbox 1991 1991 2337 2057; x_wconf 84' lang='lat' dir='ltr'><strong>procedendo</strong></span> <span class='ocrx_word' id='word_1_487' title='bbox 2368 1993 2624 2048; x_wconf 81' lang='lat' dir='ltr'><strong>stabitur.</strong></span> <span class='ocrx_word' id='word_1_488' title='bbox 2656 1994 2799 2064; x_wconf 74' lang='lat' dir='ltr'><strong>Ergo</strong></span> <span class='ocrx_word' id='word_1_489' title='bbox 2834 1995 2922 2049; x_wconf 76' lang='lat' dir='ltr'><strong>Dei</strong></span> <span class='ocrx_word' id='word_1_490' title='bbox 2952 1999 3326 2063; x_wconf 73' lang='lat' dir='ltr'><strong>processiona-s</strong></span> <span class='ocrx_word' id='word_1_491' title='bbox 3356 2009 3410 2052; x_wconf 86' lang='lat' dir='ltr'><strong>et</strong></span> <span class='ocrx_word' id='word_1_492' title='bbox 3439 2016 3568 2067; x_wconf 85' lang='lat' dir='ltr'><strong>Ope-</strong></span> 
     </span>
    </p>
   </div>
   <div class='ocr_carea' id='block_1_66' title="bbox 1989 2079 3567 2155">
    <p class='ocr_par' dir='ltr' id='par_1_66' title="bbox 1989 2079 3567 2155">
     <span class='ocr_line' id='line_1_66' title="bbox 1989 2079 3567 2155; baseline 0.006 -24"><span class='ocrx_word' id='word_1_493' title='bbox 1989 2079 2227 2133; x_wconf 84' lang='lat' dir='ltr'><strong>ratioues</strong></span> <span class='ocrx_word' id='word_1_494' title='bbox 2275 2091 2402 2135; x_wconf 90' lang='lat' dir='ltr'><strong>sunt</strong></span> <span class='ocrx_word' id='word_1_495' title='bbox 2450 2082 2728 2145; x_wconf 70' lang='lat' dir='ltr'><strong>increatze,</strong></span> <span class='ocrx_word' id='word_1_496' title='bbox 2759 2094 2813 2137; x_wconf 88' lang='lat' dir='ltr'><strong>et</strong></span> <span class='ocrx_word' id='word_1_497' title='bbox 2860 2087 3096 2139; x_wconf 88' lang='lat' dir='ltr'><strong>essentia</strong></span> <span class='ocrx_word' id='word_1_498' title='bbox 3143 2086 3320 2155; x_wconf 77' lang='lat' dir='ltr'><strong>aliqua</strong></span> <span class='ocrx_word' id='word_1_499' title='bbox 3376 2089 3567 2141; x_wconf 81' lang='lat' dir='ltr'><strong>harum</strong></span> 
     </span>
    </p>
   </div>
   <div class='ocr_carea' id='block_1_67' title="bbox 1990 2174 2923 2237">
    <p class='ocr_par' dir='ltr' id='par_1_67' title="bbox 1990 2174 2923 2237">
     <span class='ocr_line' id='line_1_67' title="bbox 1990 2174 2923 2237; baseline 0.005 -13"><span class='ocrx_word' id='word_1_500' title='bbox 1990 2187 2097 2227; x_wconf 89' lang='lat' dir='ltr'><strong>non</strong></span> <span class='ocrx_word' id='word_1_501' title='bbox 2138 2181 2241 2237; x_wconf 83' lang='lat' dir='ltr'><strong>est,</strong></span> <span class='ocrx_word' id='word_1_502' title='bbox 2276 2174 2414 2226; x_wconf 83' lang='lat' dir='ltr'><strong>sicut</strong></span> <span class='ocrx_word' id='word_1_503' title='bbox 2455 2190 2551 2227; x_wconf 87' lang='lat' dir='ltr'><strong>nec</strong></span> <span class='ocrx_word' id='word_1_504' title='bbox 2592 2177 2923 2229; x_wconf 82' lang='lat' dir='ltr'><strong>substantia.</strong></span> 
     </span>
    </p>
   </div>
   <div class='ocr_carea' id='block_1_68' title="bbox 2056 2345 3562 2419">
    <p class='ocr_par' dir='ltr' id='par_1_68' title="bbox 2056 2345 3562 2419">
     <span class='ocr_line' id='line_1_68' title="bbox 2056 2345 3562 2419; baseline 0.006 -20"><span class='ocrx_word' id='word_1_505' title='bbox 2056 2345 2144 2400; x_wconf 75' lang='lat' dir='ltr'><strong>9i.</strong></span> <span class='ocrx_word' id='word_1_506' title='bbox 2188 2345 2323 2411; x_wconf 81' lang='lat' dir='ltr'><strong>Quia</strong></span> <span class='ocrx_word' id='word_1_507' title='bbox 2373 2359 2556 2402; x_wconf 86' lang='lat' dir='ltr'><strong>autem</strong></span> <span class='ocrx_word' id='word_1_508' title='bbox 2612 2353 2905 2419; x_wconf 86' lang='lat' dir='ltr'><strong>productor</strong></span> <span class='ocrx_word' id='word_1_509' title='bbox 2953 2364 3007 2407; x_wconf 79' lang='lat' dir='ltr'><strong>ct</strong></span> <span class='ocrx_word' id='word_1_510' title='bbox 3059 2367 3281 2408; x_wconf 84' lang='lat' dir='ltr'><strong>ornatur</strong></span> <span class='ocrx_word' id='word_1_511' title='bbox 3323 2357 3562 2409; x_wconf 74' lang='lat' dir='ltr'><strong>omnium</strong></span> 
     </span>
    </p>
   </div>
   <div class='ocr_carea' id='block_1_69' title="bbox 1988 2436 3568 2510">
    <p class='ocr_par' dir='ltr' id='par_1_69' title="bbox 1988 2436 3568 2510">
     <span class='ocr_line' id='line_1_69' title="bbox 1988 2436 3568 2510; baseline 0.008 -20"><span class='ocrx_word' id='word_1_512' title='bbox 1988 2436 2246 2492; x_wconf 70' lang='lat' dir='ltr'><strong>ineffabili</strong></span> <span class='ocrx_word' id='word_1_513' title='bbox 2280 2439 2537 2492; x_wconf 88' lang='lat' dir='ltr'><strong>bonitatis</strong></span> <span class='ocrx_word' id='word_1_514' title='bbox 2572 2443 2728 2510; x_wconf 86' lang='lat' dir='ltr'><strong>copia</strong></span> <span class='ocrx_word' id='word_1_515' title='bbox 2772 2444 3156 2499; x_wconf 70' lang='lat' dir='ltr'><strong>multiformem</strong></span> <span class='ocrx_word' id='word_1_516' title='bbox 3195 2448 3371 2501; x_wconf 69' lang='lat' dir='ltr'><strong>ell‘eeit</strong></span> <span class='ocrx_word' id='word_1_517' title='bbox 3406 2464 3568 2502; x_wconf 86' lang='lat' dir='ltr'><strong>mun-</strong></span> 
     </span>
    </p>
   </div>
   <div class='ocr_carea' id='block_1_70' title="bbox 1983 2527 3566 2606">
    <p class='ocr_par' dir='ltr' id='par_1_70' title="bbox 1983 2527 3566 2606">
     <span class='ocr_line' id='line_1_70' title="bbox 1983 2527 3566 2606; baseline 0.004 -23"><span class='ocrx_word' id='word_1_518' title='bbox 1983 2527 2152 2593; x_wconf 83' lang='lat' dir='ltr'><strong>dum,</strong></span> <span class='ocrx_word' id='word_1_519' title='bbox 2201 2530 2444 2598; x_wconf 67' lang='lat' dir='ltr'><strong>quaedam</strong></span> <span class='ocrx_word' id='word_1_520' title='bbox 2473 2532 2656 2586; x_wconf 80' lang='lat' dir='ltr'><strong>volens</strong></span> <span class='ocrx_word' id='word_1_521' title='bbox 2713 2534 2976 2589; x_wconf 72' lang='lat' dir='ltr'><strong>exsistere</strong></span> <span class='ocrx_word' id='word_1_522' title='bbox 3023 2545 3269 2603; x_wconf 88' lang='lat' dir='ltr'><strong>tantum,</strong></span> <span class='ocrx_word' id='word_1_523' title='bbox 3319 2540 3566 2606; x_wconf 63' lang='lat' dir='ltr'><strong>quaedam</strong></span> 
     </span>
    </p>
   </div>
   <div class='ocr_carea' id='block_1_71' title="bbox 1985 2627 3564 2696">
    <p class='ocr_par' dir='ltr' id='par_1_71' title="bbox 1985 2627 3564 2696">
     <span class='ocr_line' id='line_1_71' title="bbox 1985 2627 3564 2696; baseline 0.006 -24"><span class='ocrx_word' id='word_1_524' title='bbox 1985 2635 2112 2673; x_wconf 81' lang='lat' dir='ltr'><strong>vero</strong></span> <span class='ocrx_word' id='word_1_525' title='bbox 2138 2629 2329 2688; x_wconf 72' lang='lat' dir='ltr'><strong>praeter</strong></span> <span class='ocrx_word' id='word_1_526' title='bbox 2348 2627 2721 2677; x_wconf 53' lang='lat' dir='ltr'><strong>exsisteutiam</strong></span> <span class='ocrx_word' id='word_1_527' title='bbox 2746 2628 2849 2677; x_wconf 86' lang='lat' dir='ltr'><strong>vita</strong></span> <span class='ocrx_word' id='word_1_528' title='bbox 2876 2643 3086 2695; x_wconf 84' lang='lat' dir='ltr'><strong>quoque</strong></span> <span class='ocrx_word' id='word_1_529' title='bbox 3103 2631 3355 2696; x_wconf 80' lang='lat' dir='ltr'><strong>gaudere,</strong></span> <span class='ocrx_word' id='word_1_530' title='bbox 3381 2643 3428 2683; x_wconf 79' lang='grc' dir='ltr'><strong>ει</strong></span> <span class='ocrx_word' id='word_1_531' title='bbox 3457 2631 3564 2683; x_wconf 74' lang='lat' dir='ltr'><strong>alia</strong></span> 
     </span>
    </p>
   </div>
   <div class='ocr_carea' id='block_1_72' title="bbox 1987 2711 3567 2778">
    <p class='ocr_par' dir='ltr' id='par_1_72' title="bbox 1987 2711 3567 2778">
     <span class='ocr_line' id='line_1_72' title="bbox 1987 2711 3567 2778; baseline 0.005 -15"><span class='ocrx_word' id='word_1_532' title='bbox 1987 2712 2128 2765; x_wconf 85' lang='lat' dir='ltr'><strong>hanc</strong></span> <span class='ocrx_word' id='word_1_533' title='bbox 2157 2711 2578 2766; x_wconf 63' lang='lat' dir='ltr'><strong>intellecnialem</strong></span> <span class='ocrx_word' id='word_1_534' title='bbox 2620 2715 2823 2778; x_wconf 87' lang='lat' dir='ltr'><strong>sortiri,</strong></span> <span class='ocrx_word' id='word_1_535' title='bbox 2855 2717 2961 2769; x_wconf 82' lang='lat' dir='ltr'><strong>alia</strong></span> <span class='ocrx_word' id='word_1_536' title='bbox 2994 2731 3122 2770; x_wconf 86' lang='lat' dir='ltr'><strong>vero</strong></span> <span class='ocrx_word' id='word_1_537' title='bbox 3157 2732 3261 2769; x_wconf 89' lang='lat' dir='ltr'><strong>una</strong></span> <span class='ocrx_word' id='word_1_538' title='bbox 3297 2718 3567 2771; x_wconf 74' lang='lat' dir='ltr'><strong>duntaxat.</strong></span> 
     </span>
    </p>
   </div>
   <div class='ocr_carea' id='block_1_73' title="bbox 1985 2788 3561 2877">
    <p class='ocr_par' dir='ltr' id='par_1_73' title="bbox 1985 2804 3561 2877">
     <span class='ocr_line' id='line_1_73' title="bbox 1985 2804 3561 2877; baseline 0.006 -24"><span class='ocrx_word' id='word_1_539' title='bbox 1985 2804 2272 2856; x_wconf 84' lang='lat' dir='ltr'><strong>ambarum</strong></span> <span class='ocrx_word' id='word_1_540' title='bbox 2308 2804 2438 2871; x_wconf 85' lang='lat' dir='ltr'><strong>frui,</strong></span> <span class='ocrx_word' id='word_1_541' title='bbox 2473 2806 2730 2859; x_wconf 83' lang='lat' dir='ltr'><strong>nonnulla</strong></span> <span class='ocrx_word' id='word_1_542' title='bbox 2763 2808 2997 2877; x_wconf 87' lang='lat' dir='ltr'><strong>denique</strong></span> <span class='ocrx_word' id='word_1_543' title='bbox 3042 2811 3196 2862; x_wconf 59' lang='lat' dir='ltr'><strong>mista</strong></span> <span class='ocrx_word' id='word_1_544' title='bbox 3229 2811 3460 2877; x_wconf 85' lang='lat' dir='ltr'><strong>quadam</strong></span> <span class='ocrx_word' id='word_1_545' title='bbox 3495 2825 3561 2862; x_wconf 71' lang='lat' dir='ltr'><strong>ex</strong></span> 
     </span>
    </p>
   </div>
   <div class='ocr_carea' id='block_1_74' title="bbox 1984 2893 3554 2962">
    <p class='ocr_par' dir='ltr' id='par_1_74' title="bbox 1984 2893 3554 2962">
     <span class='ocr_line' id='line_1_74' title="bbox 1984 2893 3554 2962; baseline 0.004 -18"><span class='ocrx_word' id='word_1_546' title='bbox 1984 2893 2250 2948; x_wconf 86' lang='lat' dir='ltr'><strong>ambabus</strong></span> <span class='ocrx_word' id='word_1_547' title='bbox 2277 2895 2462 2962; x_wconf 83' lang='lat' dir='ltr'><strong>potiri,</strong></span> <span class='ocrx_word' id='word_1_548' title='bbox 2488 2906 2682 2962; x_wconf 77' lang='lat' dir='ltr'><strong>etquae</strong></span> <span class='ocrx_word' id='word_1_549' title='bbox 2709 2897 3027 2953; x_wconf 80' lang='lat' dir='ltr'><strong>rationalem</strong></span> <span class='ocrx_word' id='word_1_550' title='bbox 3057 2910 3111 2951; x_wconf 85' lang='lat' dir='ltr'><strong>et</strong></span> <span class='ocrx_word' id='word_1_551' title='bbox 3138 2901 3554 2955; x_wconf 82' lang='lat' dir='ltr'><strong>intellectualem</strong></span> 
     </span>
    </p>
   </div>
   <div class='ocr_carea' id='block_1_75' title="bbox 1984 2988 3562 3054">
    <p class='ocr_par' dir='ltr' id='par_1_75' title="bbox 1984 2988 3562 3054">
     <span class='ocr_line' id='line_1_75' title="bbox 1984 2988 3562 3054; baseline 0.007 -20"><span class='ocrx_word' id='word_1_552' title='bbox 1984 2998 2012 3034; x_wconf 85' lang='lat' dir='ltr'><strong>a</strong></span> <span class='ocrx_word' id='word_1_553' title='bbox 2041 2999 2098 3036; x_wconf 88' lang='lat' dir='ltr'><strong>se</strong></span> <span class='ocrx_word' id='word_1_554' title='bbox 2130 2995 2458 3054; x_wconf 75' lang='lat' dir='ltr'><strong>acceperant</strong></span> <span class='ocrx_word' id='word_1_555' title='bbox 2491 2988 2679 3052; x_wconf 88' lang='lat' dir='ltr'><strong>vitam,</strong></span> <span class='ocrx_word' id='word_1_556' title='bbox 2719 2989 2891 3043; x_wconf 73' lang='lat' dir='ltr'><strong>Ibero</strong></span> <span class='ocrx_word' id='word_1_557' title='bbox 2926 2992 2992 3043; x_wconf 89' lang='lat' dir='ltr'><strong>ad</strong></span> <span class='ocrx_word' id='word_1_558' title='bbox 3030 3005 3090 3045; x_wconf 83' lang='lat' dir='ltr'><strong>se</strong></span> <span class='ocrx_word' id='word_1_559' title='bbox 3125 3002 3268 3044; x_wconf 75' lang='lat' dir='ltr'><strong>motu</strong></span> <span class='ocrx_word' id='word_1_560' title='bbox 3306 2992 3562 3045; x_wconf 83' lang='lat' dir='ltr'><strong>unionem</strong></span> 
     </span>
    </p>
   </div>
   <div class='ocr_carea' id='block_1_76' title="bbox 1983 3077 3562 3148">
    <p class='ocr_par' dir='ltr' id='par_1_76' title="bbox 1983 3077 3562 3148">
     <span class='ocr_line' id='line_1_76' title="bbox 1983 3077 3562 3148; baseline 0.003 -21"><span class='ocrx_word' id='word_1_561' title='bbox 1983 3089 2187 3140; x_wconf 81' lang='lat' dir='ltr'><strong>set-um,</strong></span> <span class='ocrx_word' id='word_1_562' title='bbox 2225 3085 2281 3129; x_wconf 83' lang='lat' dir='ltr'><strong>et</strong></span> <span class='ocrx_word' id='word_1_563' title='bbox 2321 3077 2523 3130; x_wconf 77' lang='lat' dir='ltr'><strong>exinde</strong></span> <span class='ocrx_word' id='word_1_564' title='bbox 2565 3081 2731 3131; x_wconf 84' lang='lat' dir='ltr'><strong>vitam</strong></span> <span class='ocrx_word' id='word_1_565' title='bbox 2783 3082 3039 3147; x_wconf 81' lang='lat' dir='ltr'><strong>consequi</strong></span> <span class='ocrx_word' id='word_1_566' title='bbox 3092 3082 3562 3148; x_wconf 83' lang='lat' dir='ltr'><strong>supernaturalem</strong></span> 
     </span>
    </p>
   </div>
   <div class='ocr_carea' id='block_1_77' title="bbox 1982 3167 3558 3242">
    <p class='ocr_par' dir='ltr' id='par_1_77' title="bbox 1982 3167 3558 3242">
     <span class='ocr_line' id='line_1_77' title="bbox 1982 3167 3558 3242; baseline 0.004 -23"><span class='ocrx_word' id='word_1_567' title='bbox 1982 3167 2138 3235; x_wconf 79' lang='lat' dir='ltr'><strong>digna</strong></span> <span class='ocrx_word' id='word_1_568' title='bbox 2170 3167 2352 3220; x_wconf 83' lang='lat' dir='ltr'><strong>habita</strong></span> <span class='ocrx_word' id='word_1_569' title='bbox 2385 3169 2573 3221; x_wconf 54' lang='lat' dir='ltr'><strong>dvilica</strong></span> <span class='ocrx_word' id='word_1_570' title='bbox 2606 3169 2772 3238; x_wconf 75' lang='lat' dir='ltr'><strong>ipsius</strong></span> <span class='ocrx_word' id='word_1_571' title='bbox 2818 3172 3138 3239; x_wconf 81' lang='lat' dir='ltr'><strong>operatione</strong></span> <span class='ocrx_word' id='word_1_572' title='bbox 3170 3182 3333 3241; x_wconf 86' lang='lat' dir='ltr'><strong>atque</strong></span> <span class='ocrx_word' id='word_1_573' title='bbox 3363 3175 3558 3242; x_wconf 73' lang='lat' dir='ltr'><strong>gratia.</strong></span> 
     </span>
    </p>
   </div>
   <div class='ocr_carea' id='block_1_78' title="bbox 1980 3255 3561 3331">
    <p class='ocr_par' dir='ltr' id='par_1_78' title="bbox 1980 3255 3561 3331">
     <span class='ocr_line' id='line_1_78' title="bbox 1980 3255 3561 3331; baseline 0.006 -22"><span class='ocrx_word' id='word_1_574' title='bbox 1980 3255 2114 3309; x_wconf 70' lang='lat' dir='ltr'><strong>Nam</strong></span> <span class='ocrx_word' id='word_1_575' title='bbox 2145 3256 2267 3325; x_wconf 86' lang='lat' dir='ltr'><strong>ejus</strong></span> <span class='ocrx_word' id='word_1_576' title='bbox 2300 3258 2549 3313; x_wconf 90' lang='lat' dir='ltr'><strong>voluntas</strong></span> <span class='ocrx_word' id='word_1_577' title='bbox 2592 3268 2673 3313; x_wconf 84' lang='lat' dir='ltr'><strong>est</strong></span> <span class='ocrx_word' id='word_1_578' title='bbox 2714 3276 2875 3313; x_wconf 85' lang='lat' dir='ltr'><strong>causa</strong></span> <span class='ocrx_word' id='word_1_579' title='bbox 2920 3262 3064 3315; x_wconf 83' lang='lat' dir='ltr'><strong>entia</strong></span> <span class='ocrx_word' id='word_1_580' title='bbox 3102 3263 3215 3316; x_wconf 89' lang='lat' dir='ltr'><strong>sive</strong></span> <span class='ocrx_word' id='word_1_581' title='bbox 3251 3268 3561 3331; x_wconf 82' lang='lat' dir='ltr'><strong>producens</strong></span> 
     </span>
    </p>
   </div>
   <div class='ocr_carea' id='block_1_79' title="bbox 1980 3347 3559 3421">
    <p class='ocr_par' dir='ltr' id='par_1_79' title="bbox 1980 3347 3559 3421">
     <span class='ocr_line' id='line_1_79' title="bbox 1980 3347 3559 3421; baseline 0.003 -19"><span class='ocrx_word' id='word_1_582' title='bbox 1980 3362 2011 3402; x_wconf 88' lang='lat' dir='ltr'><strong>e</strong></span> <span class='ocrx_word' id='word_1_583' title='bbox 2037 3347 2202 3401; x_wconf 87' lang='lat' dir='ltr'><strong>nihilo</strong></span> <span class='ocrx_word' id='word_1_584' title='bbox 2224 3349 2337 3403; x_wconf 85' lang='lat' dir='ltr'><strong>sive</strong></span> <span class='ocrx_word' id='word_1_585' title='bbox 2363 3350 2672 3410; x_wconf 86' lang='lat' dir='ltr'><strong>meliorans.</strong></span> <span class='ocrx_word' id='word_1_586' title='bbox 2698 3360 2747 3404; x_wconf 87' lang='lat' dir='ltr'><strong>et</strong></span> <span class='ocrx_word' id='word_1_587' title='bbox 2801 3352 2903 3405; x_wconf 87' lang='lat' dir='ltr'><strong>hoc</strong></span> <span class='ocrx_word' id='word_1_588' title='bbox 2928 3353 3306 3407; x_wconf 81' lang='lat' dir='ltr'><strong>diversimode.</strong></span> <span class='ocrx_word' id='word_1_589' title='bbox 3333 3356 3559 3421; x_wconf 66' lang='lat' dir='ltr'><strong>Proliter</strong></span> 
     </span>
    </p>
   </div>
   <div class='ocr_carea' id='block_1_80' title="bbox 1980 3437 3557 3509">
    <p class='ocr_par' dir='ltr' id='par_1_80' title="bbox 1980 3437 3557 3509">
     <span class='ocr_line' id='line_1_80' title="bbox 1980 3437 3557 3509; baseline 0.004 -20"><span class='ocrx_word' id='word_1_590' title='bbox 1980 3438 2119 3492; x_wconf 81' lang='lat' dir='ltr'><strong>hanc</strong></span> <span class='ocrx_word' id='word_1_591' title='bbox 2147 3437 2346 3492; x_wconf 73' lang='lat' dir='ltr'><strong>divinae</strong></span> <span class='ocrx_word' id='word_1_592' title='bbox 2375 3453 2501 3509; x_wconf 77' lang='lat' dir='ltr'><strong>erga</strong></span> <span class='ocrx_word' id='word_1_593' title='bbox 2535 3442 2679 3493; x_wconf 88' lang='lat' dir='ltr'><strong>entia</strong></span> <span class='ocrx_word' id='word_1_594' title='bbox 2715 3440 3011 3495; x_wconf 87' lang='lat' dir='ltr'><strong>voluntatis</strong></span> <span class='ocrx_word' id='word_1_595' title='bbox 3041 3443 3408 3496; x_wconf 85' lang='lat' dir='ltr'><strong>diversitatem</strong></span> <span class='ocrx_word' id='word_1_596' title='bbox 3451 3459 3557 3496; x_wconf 84' lang='lat' dir='ltr'><strong>una</strong></span> 
     </span>
    </p>
   </div>
   <div class='ocr_carea' id='block_1_81' title="bbox 1980 3529 3557 3601">
    <p class='ocr_par' dir='ltr' id='par_1_81' title="bbox 1980 3529 3557 3601">
     <span class='ocr_line' id='line_1_81' title="bbox 1980 3529 3557 3601; baseline -0.001 -19"><span class='ocrx_word' id='word_1_597' title='bbox 1980 3529 2068 3582; x_wconf 85' lang='lat' dir='ltr'><strong>illa</strong></span> <span class='ocrx_word' id='word_1_598' title='bbox 2102 3530 2438 3597; x_wconf 84' lang='lat' dir='ltr'><strong>providentia</strong></span> <span class='ocrx_word' id='word_1_599' title='bbox 2480 3541 2534 3584; x_wconf 85' lang='lat' dir='ltr'><strong>et</strong></span> <span class='ocrx_word' id='word_1_600' title='bbox 2577 3533 2790 3585; x_wconf 81' lang='lat' dir='ltr'><strong>bonitas</strong></span> <span class='ocrx_word' id='word_1_601' title='bbox 2825 3539 2937 3595; x_wconf 86' lang='lat' dir='ltr'><strong>(seu</strong></span> <span class='ocrx_word' id='word_1_602' title='bbox 2968 3533 3111 3601; x_wconf 87' lang='lat' dir='ltr'><strong>quod</strong></span> <span class='ocrx_word' id='word_1_603' title='bbox 3152 3534 3289 3586; x_wconf 90' lang='lat' dir='ltr'><strong>idem</strong></span> <span class='ocrx_word' id='word_1_604' title='bbox 3321 3543 3422 3595; x_wconf 81' lang='lat' dir='ltr'><strong>est,</strong></span> <span class='ocrx_word' id='word_1_605' title='bbox 3462 3532 3557 3585; x_wconf 70' lang='lat' dir='ltr'><strong>Dei</strong></span> 
     </span>
    </p>
   </div>
   <div class='ocr_carea' id='block_1_82' title="bbox 1977 3620 3563 3692">
    <p class='ocr_par' dir='ltr' id='par_1_82' title="bbox 1977 3620 3563 3692">
     <span class='ocr_line' id='line_1_82' title="bbox 1977 3620 3563 3692; baseline 0.004 -21"><span class='ocrx_word' id='word_1_606' title='bbox 1977 3629 2199 3688; x_wconf 84' lang='lat' dir='ltr'><strong>propter</strong></span> <span class='ocrx_word' id='word_1_607' title='bbox 2244 3621 2540 3676; x_wconf 85' lang='lat' dir='ltr'><strong>bonitatem</strong></span> <span class='ocrx_word' id='word_1_608' title='bbox 2588 3623 2655 3674; x_wconf 88' lang='lat' dir='ltr'><strong>ad</strong></span> <span class='ocrx_word' id='word_1_609' title='bbox 2707 3620 2964 3675; x_wconf 77' lang='lat' dir='ltr'><strong>inferiora</strong></span> <span class='ocrx_word' id='word_1_610' title='bbox 3018 3623 3324 3692; x_wconf 85' lang='lat' dir='ltr'><strong>conversio)</strong></span> <span class='ocrx_word' id='word_1_611' title='bbox 3372 3623 3563 3677; x_wconf 67' lang='lat' dir='ltr'><strong>multa!</strong></span> 
     </span>
    </p>
   </div>
   <div class='ocr_carea' id='block_1_83' title="bbox 1976 3712 3552 3780">
    <p class='ocr_par' dir='ltr' id='par_1_83' title="bbox 1976 3712 3552 3780">
     <span class='ocr_line' id='line_1_83' title="bbox 1976 3712 3552 3780; baseline 0.001 -15"><span class='ocrx_word' id='word_1_612' title='bbox 1976 3712 2331 3780; x_wconf 79' lang='lat' dir='ltr'><strong>providentia:</strong></span> <span class='ocrx_word' id='word_1_613' title='bbox 2357 3727 2421 3766; x_wconf 88' lang='lat' dir='ltr'><strong>ac</strong></span> <span class='ocrx_word' id='word_1_614' title='bbox 2449 3713 2719 3766; x_wconf 68' lang='lat' dir='ltr'><strong>bonitates</strong></span> <span class='ocrx_word' id='word_1_615' title='bbox 2746 3723 2874 3767; x_wconf 75' lang='lat' dir='ltr'><strong>sunt</strong></span> <span class='ocrx_word' id='word_1_616' title='bbox 2902 3723 2955 3766; x_wconf 88' lang='lat' dir='ltr'><strong>et</strong></span> <span class='ocrx_word' id='word_1_617' title='bbox 2993 3724 3252 3767; x_wconf 85' lang='lat' dir='ltr'><strong>vocantur</strong></span> <span class='ocrx_word' id='word_1_618' title='bbox 3297 3730 3326 3766; x_wconf 88' lang='lat' dir='ltr'><strong>a</strong></span> <span class='ocrx_word' id='word_1_619' title='bbox 3371 3713 3552 3767; x_wconf 86' lang='lat' dir='ltr'><strong>divina</strong></span> 
     </span>
    </p>
   </div>
   <div class='ocr_carea' id='block_1_84' title="bbox 1977 3800 3556 3871">
    <p class='ocr_par' dir='ltr' id='par_1_84' title="bbox 1977 3800 3556 3871">
     <span class='ocr_line' id='line_1_84' title="bbox 1977 3800 3556 3871; baseline 0 -16"><span class='ocrx_word' id='word_1_620' title='bbox 1977 3801 2314 3869; x_wconf 84' lang='lat' dir='ltr'><strong>sapientibus</strong></span> <span class='ocrx_word' id='word_1_621' title='bbox 2360 3801 2659 3871; x_wconf 83' lang='lat' dir='ltr'><strong>theologis,</strong></span> <span class='ocrx_word' id='word_1_622' title='bbox 2714 3802 2946 3855; x_wconf 79' lang='lat' dir='ltr'><strong>indivise</strong></span> <span class='ocrx_word' id='word_1_623' title='bbox 3000 3800 3053 3854; x_wconf 90' lang='lat' dir='ltr'><strong>in</strong></span> <span class='ocrx_word' id='word_1_624' title='bbox 3108 3801 3556 3871; x_wconf 81' lang='lat' dir='ltr'><strong>participantibus</strong></span> 
     </span>
    </p>
   </div>
   <div class='ocr_carea' id='block_1_85' title="bbox 1977 3891 3555 3960">
    <p class='ocr_par' dir='ltr' id='par_1_85' title="bbox 1977 3891 3555 3960">
     <span class='ocr_line' id='line_1_85' title="bbox 1977 3891 3555 3960; baseline 0 -17"><span class='ocrx_word' id='word_1_625' title='bbox 1977 3891 2230 3944; x_wconf 81' lang='lat' dir='ltr'><strong>discreta:</strong></span> <span class='ocrx_word' id='word_1_626' title='bbox 2266 3900 2319 3943; x_wconf 90' lang='lat' dir='ltr'><strong>et</strong></span> <span class='ocrx_word' id='word_1_627' title='bbox 2356 3891 2766 3955; x_wconf 56' lang='lat' dir='ltr'><strong>discriminata,</strong></span> <span class='ocrx_word' id='word_1_628' title='bbox 2800 3892 2869 3943; x_wconf 84' lang='lat' dir='ltr'><strong>ita</strong></span> <span class='ocrx_word' id='word_1_629' title='bbox 2914 3903 2971 3943; x_wconf 89' lang='lat' dir='ltr'><strong>ut</strong></span> <span class='ocrx_word' id='word_1_630' title='bbox 3011 3893 3117 3944; x_wconf 75' lang='lat' dir='ltr'><strong>alia</strong></span> <span class='ocrx_word' id='word_1_631' title='bbox 3163 3892 3378 3959; x_wconf 84' lang='lat' dir='ltr'><strong>quidem</strong></span> <span class='ocrx_word' id='word_1_632' title='bbox 3418 3908 3555 3960; x_wconf 81' lang='lat' dir='ltr'><strong>pra:-</strong></span> 
     </span>
    </p>
   </div>
   <div class='ocr_carea' id='block_1_86' title="bbox 1975 3979 3550 4049">
    <p class='ocr_par' dir='ltr' id='par_1_86' title="bbox 1975 3979 3550 4049">
     <span class='ocr_line' id='line_1_86' title="bbox 1975 3979 3550 4049; baseline 0 -14"><span class='ocrx_word' id='word_1_633' title='bbox 1975 3979 2200 4035; x_wconf 81' lang='lat' dir='ltr'><strong>scientia</strong></span> <span class='ocrx_word' id='word_1_634' title='bbox 2235 3979 2327 4032; x_wconf 84' lang='lat' dir='ltr'><strong>Dei</strong></span> <span class='ocrx_word' id='word_1_635' title='bbox 2362 3988 2720 4049; x_wconf 87' lang='lat' dir='ltr'><strong>uuucupetnr,</strong></span> <span class='ocrx_word' id='word_1_636' title='bbox 2746 3982 2851 4033; x_wconf 84' lang='lat' dir='ltr'><strong>alia</strong></span> <span class='ocrx_word' id='word_1_637' title='bbox 2883 3989 3064 4033; x_wconf 75' lang='lat' dir='ltr'><strong>autem</strong></span> <span class='ocrx_word' id='word_1_638' title='bbox 3100 3982 3283 4036; x_wconf 88' lang='lat' dir='ltr'><strong>virtus</strong></span> <span class='ocrx_word' id='word_1_639' title='bbox 3314 3983 3550 4035; x_wconf 77' lang='lat' dir='ltr'><strong>creatrix</strong></span> 
     </span>
    </p>
   </div>
   <div class='ocr_carea' id='block_1_87' title="bbox 1975 4070 3550 4139">
    <p class='ocr_par' dir='ltr' id='par_1_87' title="bbox 1975 4070 3550 4139">
     <span class='ocr_line' id='line_1_87' title="bbox 1975 4070 3550 4139; baseline 0.003 -17"><span class='ocrx_word' id='word_1_640' title='bbox 1975 4081 2028 4122; x_wconf 84' lang='lat' dir='ltr'><strong>et</strong></span> <span class='ocrx_word' id='word_1_641' title='bbox 2057 4070 2452 4131; x_wconf 79' lang='lat' dir='ltr'><strong>coaservatrix,</strong></span> <span class='ocrx_word' id='word_1_642' title='bbox 2481 4081 2535 4123; x_wconf 90' lang='lat' dir='ltr'><strong>et</strong></span> <span class='ocrx_word' id='word_1_643' title='bbox 2566 4071 2679 4124; x_wconf 76' lang='lat' dir='ltr'><strong>haec</strong></span> <span class='ocrx_word' id='word_1_644' title='bbox 2714 4087 2925 4131; x_wconf 85' lang='lat' dir='ltr'><strong>rursus,</strong></span> <span class='ocrx_word' id='word_1_645' title='bbox 2952 4070 3103 4139; x_wconf 77' lang='lat' dir='ltr'><strong>juxta</strong></span> <span class='ocrx_word' id='word_1_646' title='bbox 3143 4088 3395 4139; x_wconf 69' lang='lat' dir='ltr'><strong>nia-gnum</strong></span> <span class='ocrx_word' id='word_1_647' title='bbox 3427 4074 3550 4126; x_wconf 85' lang='lat' dir='ltr'><strong>Dio-</strong></span> 
     </span>
    </p>
   </div>
   <div class='ocr_carea' id='block_1_88' title="bbox 1977 4159 3549 4231">
    <p class='ocr_par' dir='ltr' id='par_1_88' title="bbox 1977 4159 3549 4231">
     <span class='ocr_line' id='line_1_88' title="bbox 1977 4159 3549 4231; baseline 0.002 -15"><span class='ocrx_word' id='word_1_648' title='bbox 1977 4162 2212 4230; x_wconf 85' lang='lat' dir='ltr'><strong>nysium,</strong></span> <span class='ocrx_word' id='word_1_649' title='bbox 2238 4159 2701 4229; x_wconf 79' lang='lat' dir='ltr'><strong>subdistiugnatur</strong></span> <span class='ocrx_word' id='word_1_650' title='bbox 2733 4161 2786 4214; x_wconf 93' lang='lat' dir='ltr'><strong>iu</strong></span> <span class='ocrx_word' id='word_1_651' title='bbox 2815 4165 3080 4225; x_wconf 69' lang='lat' dir='ltr'><strong>essentne,</strong></span> <span class='ocrx_word' id='word_1_652' title='bbox 3111 4164 3232 4217; x_wconf 68' lang='lat' dir='ltr'><strong>vita:</strong></span> <span class='ocrx_word' id='word_1_653' title='bbox 3260 4172 3313 4214; x_wconf 89' lang='lat' dir='ltr'><strong>et</strong></span> <span class='ocrx_word' id='word_1_654' title='bbox 3333 4164 3549 4231; x_wconf 87' lang='lat' dir='ltr'><strong>sapien-</strong></span> 
     </span>
    </p>
   </div>
   <div class='ocr_carea' id='block_1_89' title="bbox 1977 4251 3548 4322">
    <p class='ocr_par' dir='ltr' id='par_1_89' title="bbox 1977 4251 3548 4322">
     <span class='ocr_line' id='line_1_89' title="bbox 1977 4251 3548 4322; baseline 0 -16"><span class='ocrx_word' id='word_1_655' title='bbox 1977 4258 2064 4306; x_wconf 67' lang='lat' dir='ltr'><strong>tiae</strong></span> <span class='ocrx_word' id='word_1_656' title='bbox 2106 4252 2475 4315; x_wconf 72' lang='lat' dir='ltr'><strong>ell&#39;ecuicem;</strong></span> <span class='ocrx_word' id='word_1_657' title='bbox 2533 4251 2744 4305; x_wconf 82' lang='lat' dir='ltr'><strong>illarum</strong></span> <span class='ocrx_word' id='word_1_658' title='bbox 2788 4262 2966 4304; x_wconf 85' lang='lat' dir='ltr'><strong>autem</strong></span> <span class='ocrx_word' id='word_1_659' title='bbox 3019 4268 3352 4322; x_wconf 71' lang='lat' dir='ltr'><strong>unaqumque</strong></span> <span class='ocrx_word' id='word_1_660' title='bbox 3398 4270 3548 4309; x_wconf 84' lang='lat' dir='ltr'><strong>com-</strong></span> 
     </span>
    </p>
   </div>
   <div class='ocr_carea' id='block_1_90' title="bbox 1975 4340 3549 4419">
    <p class='ocr_par' dir='ltr' id='par_1_90' title="bbox 1975 4340 3549 4419">
     <span class='ocr_line' id='line_1_90' title="bbox 1975 4340 3549 4419; baseline 0.003 -26"><span class='ocrx_word' id='word_1_661' title='bbox 1975 4342 2154 4394; x_wconf 85' lang='lat' dir='ltr'><strong>munis</strong></span> <span class='ocrx_word' id='word_1_662' title='bbox 2179 4349 2262 4394; x_wconf 80' lang='lat' dir='ltr'><strong>est</strong></span> <span class='ocrx_word' id='word_1_663' title='bbox 2287 4340 2432 4394; x_wconf 84' lang='lat' dir='ltr'><strong>Patri</strong></span> <span class='ocrx_word' id='word_1_664' title='bbox 2459 4350 2514 4395; x_wconf 90' lang='lat' dir='ltr'><strong>et</strong></span> <span class='ocrx_word' id='word_1_665' title='bbox 2537 4341 2676 4396; x_wconf 82' lang='lat' dir='ltr'><strong>Filio</strong></span> <span class='ocrx_word' id='word_1_666' title='bbox 2699 4352 2753 4396; x_wconf 89' lang='lat' dir='ltr'><strong>et</strong></span> <span class='ocrx_word' id='word_1_667' title='bbox 2778 4342 3002 4409; x_wconf 82' lang='lat' dir='ltr'><strong>Spiritui</strong></span> <span class='ocrx_word' id='word_1_668' title='bbox 3031 4352 3238 4419; x_wconf 70' lang='lat' dir='ltr'><strong>saneto,</strong></span> <span class='ocrx_word' id='word_1_669' title='bbox 3266 4355 3322 4397; x_wconf 87' lang='lat' dir='ltr'><strong>et</strong></span> <span class='ocrx_word' id='word_1_670' title='bbox 3349 4358 3549 4398; x_wconf 81' lang='lat' dir='ltr'><strong>secun-</strong></span> 
     </span>
    </p>
   </div>
   <div class='ocr_carea' id='block_1_91' title="bbox 306 4430 1883 4505">
    <p class='ocr_par' dir='ltr' id='par_1_91' title="bbox 306 4430 1875 4503">
     <span class='ocr_line' id='line_1_91' title="bbox 306 4430 1875 4503; baseline -0.001 -18"><span class='ocrx_word' id='word_1_671' title='bbox 306 4433 571 4503; x_wconf 72' lang='grc' dir='ltr'><strong>ποιήσεις.</strong></span> <span class='ocrx_word' id='word_1_672' title='bbox 616 4432 856 4502; x_wconf 80' lang='grc' dir='ltr'><strong>Ἐκάστη</strong></span> <span class='ocrx_word' id='word_1_673' title='bbox 889 4433 944 4486; x_wconf 83' lang='grc' dir='ltr'><strong>δὲ</strong></span> <span class='ocrx_word' id='word_1_674' title='bbox 988 4432 1194 4485; x_wconf 84' lang='grc' dir='ltr'><strong>τούτων</strong></span> <span class='ocrx_word' id='word_1_675' title='bbox 1222 4433 1373 4503; x_wconf 85' lang='grc' dir='ltr'><strong>κοινή</strong></span> <span class='ocrx_word' id='word_1_676' title='bbox 1400 4434 1518 4486; x_wconf 86' lang='grc' dir='ltr'><strong>ἐστι</strong></span> <span class='ocrx_word' id='word_1_677' title='bbox 1541 4430 1636 4485; x_wconf 89' lang='grc' dir='ltr'><strong>τοῦ</strong></span> <span class='ocrx_word' id='word_1_678' title='bbox 1664 4433 1875 4503; x_wconf 59' lang='lat' dir='ltr'><strong>Hart-pb;</strong></span> 
     </span>
    </p>
   </div>
   <div class='ocr_carea' id='block_1_92' title="bbox 1983 4430 3551 4505">
    <p class='ocr_par' dir='ltr' id='par_1_92' title="bbox 1983 4432 3551 4505">
     <span class='ocr_line' id='line_1_92' title="bbox 1983 4432 3551 4505; baseline 0.003 -21"><span class='ocrx_word' id='word_1_679' title='bbox 1983 4433 2097 4486; x_wconf 74' lang='lat' dir='ltr'><strong>ium</strong></span> <span class='ocrx_word' id='word_1_680' title='bbox 2142 4434 2308 4499; x_wconf 87' lang='lat' dir='ltr'><strong>ipsam</strong></span> <span class='ocrx_word' id='word_1_681' title='bbox 2348 4448 2791 4501; x_wconf 75' lang='lat' dir='ltr'><strong>unamquamque</strong></span> <span class='ocrx_word' id='word_1_682' title='bbox 2822 4432 3060 4486; x_wconf 85' lang='lat' dir='ltr'><strong>divinam</strong></span> <span class='ocrx_word' id='word_1_683' title='bbox 3095 4450 3220 4505; x_wconf 75' lang='lat' dir='ltr'><strong>erga</strong></span> <span class='ocrx_word' id='word_1_684' title='bbox 3263 4452 3364 4491; x_wconf 88' lang='lat' dir='ltr'><strong>nos</strong></span> <span class='ocrx_word' id='word_1_685' title='bbox 3394 4437 3551 4491; x_wconf 85' lang='lat' dir='ltr'><strong>boni-</strong></span> 
     </span>
    </p>
   </div>
   <div class='ocr_carea' id='block_1_93' title="bbox 306 4522 1871 4593">
    <p class='ocr_par' dir='ltr' id='par_1_93' title="bbox 306 4522 1871 4593">
     <span class='ocr_line' id='line_1_93' title="bbox 306 4522 1871 4593; baseline -0.001 -16"><span class='ocrx_word' id='word_1_686' title='bbox 306 4525 394 4577; x_wconf 67' lang='lat' dir='ltr'><strong>zz‘t</strong></span> <span class='ocrx_word' id='word_1_687' title='bbox 428 4526 521 4577; x_wconf 79' lang='grc' dir='ltr'><strong>τοῦ</strong></span> <span class='ocrx_word' id='word_1_688' title='bbox 544 4524 674 4576; x_wconf 85' lang='grc' dir='ltr'><strong>Υἱοῦ</strong></span> <span class='ocrx_word' id='word_1_689' title='bbox 702 4525 796 4576; x_wconf 74' lang='grc' dir='ltr'><strong>καὶ</strong></span> <span class='ocrx_word' id='word_1_690' title='bbox 827 4524 918 4576; x_wconf 87' lang='grc' dir='ltr'><strong>τοῦ</strong></span> <span class='ocrx_word' id='word_1_691' title='bbox 950 4525 1104 4590; x_wconf 79' lang='grc' dir='ltr'><strong>ἁγίου</strong></span> <span class='ocrx_word' id='word_1_692' title='bbox 1134 4522 1446 4593; x_wconf 76' lang='grc' dir='ltr'><strong>Πνεύματος</strong></span> <span class='ocrx_word' id='word_1_693' title='bbox 1465 4539 1481 4553; x_wconf 84' lang='lat'><strong><em>°</em></strong></span> <span class='ocrx_word' id='word_1_694' title='bbox 1513 4525 1603 4576; x_wconf 73' lang='grc' dir='ltr'><strong>καὶ</strong></span> <span class='ocrx_word' id='word_1_695' title='bbox 1628 4525 1745 4577; x_wconf 84' lang='grc' dir='ltr'><strong>κατ’</strong></span> <span class='ocrx_word' id='word_1_696' title='bbox 1774 4525 1871 4576; x_wconf 81' lang='grc' dir='ltr'><strong>αύ-</strong></span> 
     </span>
    </p>
   </div>
   <div class='ocr_carea' id='block_1_94' title="bbox 306 4614 1873 4686">
    <p class='ocr_par' dir='ltr' id='par_1_94' title="bbox 306 4614 1873 4686">
     <span class='ocr_line' id='line_1_94' title="bbox 306 4614 1873 4686; baseline -0.001 -18"><span class='ocrx_word' id='word_1_697' title='bbox 306 4619 405 4686; x_wconf 80' lang='grc' dir='ltr'><strong>τὴν</strong></span> <span class='ocrx_word' id='word_1_698' title='bbox 442 4616 678 4686; x_wconf 83' lang='grc' dir='ltr'><strong>ἑκάστην</strong></span> <span class='ocrx_word' id='word_1_699' title='bbox 698 4615 794 4685; x_wconf 85' lang='grc' dir='ltr'><strong>τὴν</strong></span> <span class='ocrx_word' id='word_1_700' title='bbox 825 4615 954 4684; x_wconf 76' lang='grc' dir='ltr'><strong>περὶ</strong></span> <span class='ocrx_word' id='word_1_701' title='bbox 984 4616 1131 4685; x_wconf 80' lang='grc' dir='ltr'><strong>ἡμᾶς</strong></span> <span class='ocrx_word' id='word_1_702' title='bbox 1166 4614 1374 4685; x_wconf 74' lang='grc' dir='ltr'><strong>ἀγαθὴν</strong></span> <span class='ocrx_word' id='word_1_703' title='bbox 1414 4618 1509 4667; x_wconf 76' lang='grc' dir='ltr'><strong>καὶ</strong></span> <span class='ocrx_word' id='word_1_704' title='bbox 1539 4615 1685 4669; x_wconf 83' lang='grc' dir='ltr'><strong>θείαν</strong></span> <span class='ocrx_word' id='word_1_705' title='bbox 1717 4615 1873 4684; x_wconf 82' lang='grc' dir='ltr'><strong>θέλη-</strong></span> 
     </span>
    </p>
   </div>
   <div class='ocr_carea' id='block_1_95' title="bbox 307 4705 1872 4777">
    <p class='ocr_par' dir='ltr' id='par_1_95' title="bbox 307 4705 1872 4777">
     <span class='ocr_line' id='line_1_95' title="bbox 307 4705 1872 4777; baseline -0.002 -15"><span class='ocrx_word' id='word_1_706' title='bbox 307 4725 413 4771; x_wconf 85' lang='grc' dir='ltr'><strong>σιν,</strong></span> <span class='ocrx_word' id='word_1_707' title='bbox 440 4710 469 4761; x_wconf 85' lang='grc' dir='ltr'>ὁ</span> <span class='ocrx_word' id='word_1_708' title='bbox 516 4706 704 4777; x_wconf 81' lang='grc' dir='ltr'><strong>Πατὴρ</strong></span> <span class='ocrx_word' id='word_1_709' title='bbox 748 4705 844 4758; x_wconf 75' lang='grc' dir='ltr'><strong>καὶ</strong></span> <span class='ocrx_word' id='word_1_710' title='bbox 896 4709 924 4758; x_wconf 87' lang='grc' dir='ltr'>ὁ</span> <span class='ocrx_word' id='word_1_711' title='bbox 950 4707 1075 4769; x_wconf 76' lang='grc' dir='ltr'><strong>Υἱὸς</strong></span> <span class='ocrx_word' id='word_1_712' title='bbox 1101 4706 1195 4759; x_wconf 79' lang='grc' dir='ltr'><strong>καὶ</strong></span> <span class='ocrx_word' id='word_1_713' title='bbox 1245 4706 1304 4759; x_wconf 79' lang='grc' dir='ltr'><strong>τὸ</strong></span> <span class='ocrx_word' id='word_1_714' title='bbox 1343 4706 1565 4776; x_wconf 85' lang='grc' dir='ltr'><strong>Πνεῦμα</strong></span> <span class='ocrx_word' id='word_1_715' title='bbox 1619 4707 1678 4759; x_wconf 78' lang='grc' dir='ltr'><strong>τὸ</strong></span> <span class='ocrx_word' id='word_1_716' title='bbox 1716 4706 1872 4771; x_wconf 64' lang='grc' dir='ltr'><strong>ἅγιόν</strong></span> 
     </span>
    </p>
   </div>
   <div class='ocr_carea' id='block_1_96' title="bbox 308 4796 1874 4869">
    <p class='ocr_par' dir='ltr' id='par_1_96' title="bbox 308 4796 1874 4869">
     <span class='ocr_line' id='line_1_96' title="bbox 308 4796 1874 4869; baseline -0.001 -18"><span class='ocrx_word' id='word_1_717' title='bbox 308 4801 476 4861; x_wconf 89' lang='grc' dir='ltr'><strong>ἐστιν,</strong></span> <span class='ocrx_word' id='word_1_718' title='bbox 531 4800 564 4869; x_wconf 83' lang='grc' dir='ltr'><strong>ὴ</strong></span> <span class='ocrx_word' id='word_1_719' title='bbox 618 4796 924 4859; x_wconf 79' lang='grc' dir='ltr'><strong>ούσιοποιὸς</strong></span> <span class='ocrx_word' id='word_1_720' title='bbox 982 4797 1076 4849; x_wconf 79' lang='grc' dir='ltr'><strong>καὶ</strong></span> <span class='ocrx_word' id='word_1_721' title='bbox 1130 4796 1389 4860; x_wconf 78' lang='grc' dir='ltr'><strong>ζωοποιὺς</strong></span> <span class='ocrx_word' id='word_1_722' title='bbox 1436 4798 1531 4850; x_wconf 79' lang='grc' dir='ltr'><strong>καὶ</strong></span> <span class='ocrx_word' id='word_1_723' title='bbox 1588 4799 1874 4867; x_wconf 72' lang='grc' dir='ltr'><strong>σοφοποιδς</strong></span> 
     </span>
    </p>
   </div>
   <div class='ocr_carea' id='block_1_97' title="bbox 310 4888 1875 4960">
    <p class='ocr_par' dir='ltr' id='par_1_97' title="bbox 310 4888 1875 4960">
     <span class='ocr_line' id='line_1_97' title="bbox 310 4888 1875 4960; baseline -0.001 -17"><span class='ocrx_word' id='word_1_724' title='bbox 310 4890 564 4960; x_wconf 77' lang='grc' dir='ltr'><strong>ἐνέργειά</strong></span> <span class='ocrx_word' id='word_1_725' title='bbox 612 4907 674 4942; x_wconf 89' lang='grc' dir='ltr'><strong>τε</strong></span> <span class='ocrx_word' id='word_1_726' title='bbox 706 4890 800 4941; x_wconf 76' lang='grc' dir='ltr'><strong>καὶ</strong></span> <span class='ocrx_word' id='word_1_727' title='bbox 830 4888 1059 4958; x_wconf 85' lang='grc' dir='ltr'><strong>δύναμις</strong></span> <span class='ocrx_word' id='word_1_728' title='bbox 1080 4904 1094 4919; x_wconf 76' lang='grc' dir='ltr'><strong>ο</strong></span> <span class='ocrx_word' id='word_1_729' title='bbox 1120 4889 1186 4953; x_wconf 80' lang='grc' dir='ltr'><strong>ἃς</strong></span> <span class='ocrx_word' id='word_1_730' title='bbox 1234 4894 1328 4942; x_wconf 72' lang='grc' dir='ltr'><strong>καὶ</strong></span> <span class='ocrx_word' id='word_1_731' title='bbox 1356 4890 1612 4959; x_wconf 81' lang='grc' dir='ltr'><strong>ἀσχέτους</strong></span> <span class='ocrx_word' id='word_1_732' title='bbox 1650 4890 1875 4960; x_wconf 82' lang='grc' dir='ltr'><strong>μεταδό-</strong></span> 
     </span>
    </p>
   </div>
   <div class='ocr_carea' id='block_1_98' title="bbox 310 4979 1871 5050">
    <p class='ocr_par' dir='ltr' id='par_1_98' title="bbox 310 4979 1871 5050">
     <span class='ocr_line' id='line_1_98' title="bbox 310 4979 1871 5050; baseline 0.001 -18"><span class='ocrx_word' id='word_1_733' title='bbox 310 4999 443 5044; x_wconf 77' lang='grc' dir='ltr'><strong>σεις,</strong></span> <span class='ocrx_word' id='word_1_734' title='bbox 463 4981 553 5033; x_wconf 74' lang='grc' dir='ltr'><strong>καὶ</strong></span> <span class='ocrx_word' id='word_1_735' title='bbox 575 4980 873 5046; x_wconf 83' lang='grc' dir='ltr'><strong>ἀμειώτους</strong></span> <span class='ocrx_word' id='word_1_736' title='bbox 897 4979 1247 5049; x_wconf 70' lang='grc' dir='ltr'><strong>προσείρηκε-ι’</strong></span> <span class='ocrx_word' id='word_1_737' title='bbox 1274 4980 1383 5033; x_wconf 84' lang='grc' dir='ltr'><strong>τῶν</strong></span> <span class='ocrx_word' id='word_1_738' title='bbox 1406 4981 1636 5033; x_wconf 81' lang='grc' dir='ltr'><strong>κτιστών</strong></span> <span class='ocrx_word' id='word_1_739' title='bbox 1658 4980 1791 5050; x_wconf 71' lang='grc' dir='ltr'><strong>ὁμοῦ</strong></span> <span class='ocrx_word' id='word_1_740' title='bbox 1814 4998 1871 5033; x_wconf 89' lang='grc' dir='ltr'><strong>τε</strong></span> 
     </span>
    </p>
   </div>
   <div class='ocr_carea' id='block_1_99' title="bbox 309 5068 1873 5143">
    <p class='ocr_par' dir='ltr' id='par_1_99' title="bbox 309 5068 1873 5143">
     <span class='ocr_line' id='line_1_99' title="bbox 309 5068 1873 5143; baseline -0.002 -17"><span class='ocrx_word' id='word_1_741' title='bbox 309 5074 530 5127; x_wconf 76' lang='grc' dir='ltr'><strong>πάντων</strong></span> <span class='ocrx_word' id='word_1_742' title='bbox 560 5068 815 5141; x_wconf 77' lang='grc' dir='ltr'><strong>ἐξαίρων,</strong></span> <span class='ocrx_word' id='word_1_743' title='bbox 846 5071 942 5123; x_wconf 74' lang='grc' dir='ltr'><strong>καὶ</strong></span> <span class='ocrx_word' id='word_1_744' title='bbox 975 5070 1220 5140; x_wconf 79' lang='grc' dir='ltr'><strong>φυσικῶς</strong></span> <span class='ocrx_word' id='word_1_745' title='bbox 1263 5073 1462 5125; x_wconf 78' lang='grc' dir='ltr'><strong>ἐνεῖναι</strong></span> <span class='ocrx_word' id='word_1_746' title='bbox 1500 5072 1766 5125; x_wconf 83' lang='grc' dir='ltr'><strong>διδάσκων</strong></span> <span class='ocrx_word' id='word_1_747' title='bbox 1796 5072 1873 5143; x_wconf 78' lang='grc' dir='ltr'><strong>τῷ</strong></span> 
     </span>
    </p>
   </div>
   <div class='ocr_carea' id='block_1_100' title="bbox 313 5164 668 5236">
    <p class='ocr_par' dir='ltr' id='par_1_100' title="bbox 313 5164 668 5236">
     <span class='ocr_line' id='line_1_100' title="bbox 313 5164 668 5236; baseline -0.006 -18"><span class='ocrx_word' id='word_1_748' title='bbox 313 5164 668 5236; x_wconf 77' lang='grc' dir='ltr'><strong>μεταδιδόντι.</strong></span> 
     </span>
    </p>
   </div>
   <div class='ocr_carea' id='block_1_101' title="bbox 380 5252 1875 5325">
    <p class='ocr_par' dir='ltr' id='par_1_101' title="bbox 380 5252 1875 5325">
     <span class='ocr_line' id='line_1_101' title="bbox 380 5252 1875 5325; baseline 0.006 -24"><span class='ocrx_word' id='word_1_749' title='bbox 380 5256 485 5324; x_wconf 60' lang='grc' dir='ltr'><strong>ιιβν.</strong></span> <span class='ocrx_word' id='word_1_750' title='bbox 548 5254 759 5323; x_wconf 83' lang='grc' dir='ltr'><strong>’Ὠσπερ</strong></span> <span class='ocrx_word' id='word_1_751' title='bbox 791 5254 820 5306; x_wconf 86' lang='grc' dir='ltr'><strong>ό</strong></span> <span class='ocrx_word' id='word_1_752' title='bbox 866 5252 1049 5323; x_wconf 80' lang='grc' dir='ltr'><strong>ἥλιος,</strong></span> <span class='ocrx_word' id='word_1_753' title='bbox 1086 5254 1372 5323; x_wconf 79' lang='grc' dir='ltr'><strong>ἀμειὼτως</strong></span> <span class='ocrx_word' id='word_1_754' title='bbox 1418 5257 1529 5318; x_wconf 87' lang='grc' dir='ltr'><strong>τοῖς</strong></span> <span class='ocrx_word' id='word_1_755' title='bbox 1589 5256 1875 5325; x_wconf 81' lang='grc' dir='ltr'><strong>μετέχουσι</strong></span> 
     </span>
    </p>
   </div>
   <div class='ocr_carea' id='block_1_102' title="bbox 313 5342 1871 5417">
    <p class='ocr_par' dir='ltr' id='par_1_102' title="bbox 313 5342 1871 5417">
     <span class='ocr_line' id='line_1_102' title="bbox 313 5342 1871 5417; baseline 0 -18"><span class='ocrx_word' id='word_1_756' title='bbox 313 5347 630 5416; x_wconf 76' lang='grc' dir='ltr'><strong>μεταδιδοὺς</strong></span> <span class='ocrx_word' id='word_1_757' title='bbox 661 5345 871 5416; x_wconf 84' lang='grc' dir='ltr'><strong>θέρμης</strong></span> <span class='ocrx_word' id='word_1_758' title='bbox 903 5349 995 5399; x_wconf 70' lang='grc' dir='ltr'><strong>καὶ</strong></span> <span class='ocrx_word' id='word_1_759' title='bbox 1025 5347 1223 5415; x_wconf 78' lang='grc' dir='ltr'><strong>φωτὸς,</strong></span> <span class='ocrx_word' id='word_1_760' title='bbox 1260 5348 1533 5417; x_wconf 83' lang='grc' dir='ltr'><strong>ἐμφύτους</strong></span> <span class='ocrx_word' id='word_1_761' title='bbox 1574 5347 1723 5400; x_wconf 82' lang='grc' dir='ltr'><strong>ταῦτ’</strong></span> <span class='ocrx_word' id='word_1_762' title='bbox 1757 5342 1871 5416; x_wconf 74' lang='grc' dir='ltr'><strong>ἔχει</strong></span> 
     </span>
    </p>
   </div>
   <div class='ocr_carea' id='block_1_103' title="bbox 310 5436 1870 5507">
    <p class='ocr_par' dir='ltr' id='par_1_103' title="bbox 310 5436 1870 5507">
     <span class='ocr_line' id='line_1_103' title="bbox 310 5436 1870 5507; baseline 0.001 -19"><span class='ocrx_word' id='word_1_763' title='bbox 310 5439 404 5491; x_wconf 72' lang='grc' dir='ltr'><strong>καὶ</strong></span> <span class='ocrx_word' id='word_1_764' title='bbox 428 5436 707 5499; x_wconf 84' lang='grc' dir='ltr'><strong>ούσιώδεις</strong></span> <span class='ocrx_word' id='word_1_765' title='bbox 740 5437 1017 5506; x_wconf 79' lang='grc' dir='ltr'><strong>ἐνεργείας</strong></span> <span class='ocrx_word' id='word_1_766' title='bbox 1040 5453 1055 5468; x_wconf 76' lang='grc' dir='ltr'><strong>ο</strong></span> <span class='ocrx_word' id='word_1_767' title='bbox 1084 5436 1226 5489; x_wconf 79' lang='grc' dir='ltr'><strong>οὕτω</strong></span> <span class='ocrx_word' id='word_1_768' title='bbox 1253 5437 1347 5491; x_wconf 73' lang='grc' dir='ltr'><strong>καὶ</strong></span> <span class='ocrx_word' id='word_1_769' title='bbox 1370 5438 1426 5490; x_wconf 76' lang='grc' dir='ltr'><strong>αἱ</strong></span> <span class='ocrx_word' id='word_1_770' title='bbox 1464 5437 1605 5490; x_wconf 85' lang='grc' dir='ltr'><strong>θεῖαι</strong></span> <span class='ocrx_word' id='word_1_771' title='bbox 1645 5438 1870 5507; x_wconf 77' lang='grc' dir='ltr'><strong>μεταδόο</strong></span> 
     </span>
    </p>
   </div>
   <div class='ocr_carea' id='block_1_104' title="bbox 311 5526 1870 5602">
    <p class='ocr_par' dir='ltr' id='par_1_104' title="bbox 311 5526 1870 5602">
     <span class='ocr_line' id='line_1_104' title="bbox 311 5526 1870 5602; baseline -0.001 -19"><span class='ocrx_word' id='word_1_772' title='bbox 311 5547 446 5593; x_wconf 81' lang='grc' dir='ltr'><strong>σεις,</strong></span> <span class='ocrx_word' id='word_1_773' title='bbox 482 5526 770 5596; x_wconf 80' lang='grc' dir='ltr'><strong>ἀμειώτως</strong></span> <span class='ocrx_word' id='word_1_774' title='bbox 800 5526 1017 5580; x_wconf 76' lang='grc' dir='ltr'><strong>ἐνοῦσαι</strong></span> <span class='ocrx_word' id='word_1_775' title='bbox 1045 5526 1121 5596; x_wconf 81' lang='grc' dir='ltr'><strong>τῷ</strong></span> <span class='ocrx_word' id='word_1_776' title='bbox 1146 5527 1497 5602; x_wconf 67' lang='grc' dir='ltr'><strong>μεταδιδόντι,</strong></span> <span class='ocrx_word' id='word_1_777' title='bbox 1526 5528 1750 5595; x_wconf 79' lang='grc' dir='ltr'><strong>φυσικαὶ</strong></span> <span class='ocrx_word' id='word_1_778' title='bbox 1779 5529 1870 5581; x_wconf 75' lang='grc' dir='ltr'><strong>καὶ</strong></span> 
     </span>
    </p>
   </div>
   <div class='ocr_carea' id='block_1_105' title="bbox 308 5615 1870 5689">
    <p class='ocr_par' dir='ltr' id='par_1_105' title="bbox 308 5615 1870 5689">
     <span class='ocr_line' id='line_1_105' title="bbox 308 5615 1870 5689; baseline -0.001 -15"><span class='ocrx_word' id='word_1_779' title='bbox 308 5619 585 5683; x_wconf 80' lang='grc' dir='ltr'><strong>οὐσιῶδεις</strong></span> <span class='ocrx_word' id='word_1_780' title='bbox 643 5618 916 5689; x_wconf 86' lang='grc' dir='ltr'><strong>ἐνέργειαί</strong></span> <span class='ocrx_word' id='word_1_781' title='bbox 981 5620 1121 5671; x_wconf 80' lang='grc' dir='ltr'><strong>εἰσιν</strong></span> <span class='ocrx_word' id='word_1_782' title='bbox 1181 5618 1378 5672; x_wconf 81' lang='grc' dir='ltr'><strong>αὐτοῦ·</strong></span> <span class='ocrx_word' id='word_1_783' title='bbox 1434 5615 1733 5688; x_wconf 85' lang='grc' dir='ltr'><strong>τοιγαροῦν</strong></span> <span class='ocrx_word' id='word_1_784' title='bbox 1776 5622 1870 5673; x_wconf 75' lang='grc' dir='ltr'><strong>καὶ</strong></span> 
     </span>
    </p>
   </div>
   <div class='ocr_carea' id='block_1_106' title="bbox 313 5706 1866 5779">
    <p class='ocr_par' dir='ltr' id='par_1_106' title="bbox 313 5706 1866 5779">
     <span class='ocr_line' id='line_1_106' title="bbox 313 5706 1866 5779; baseline -0.001 -16"><span class='ocrx_word' id='word_1_785' title='bbox 313 5709 578 5763; x_wconf 75' lang='grc' dir='ltr'><strong>ἄκτιστοι.</strong></span> <span class='ocrx_word' id='word_1_786' title='bbox 614 5709 878 5779; x_wconf 73' lang='grc' dir='ltr'><strong>Καθάπερ</strong></span> <span class='ocrx_word' id='word_1_787' title='bbox 914 5707 970 5761; x_wconf 79' lang='grc' dir='ltr'><strong>δὲ</strong></span> <span class='ocrx_word' id='word_1_788' title='bbox 1011 5706 1106 5761; x_wconf 84' lang='grc' dir='ltr'><strong>τοῦ</strong></span> <span class='ocrx_word' id='word_1_789' title='bbox 1143 5707 1240 5776; x_wconf 83' lang='grc' dir='ltr'><strong>μὲν</strong></span> <span class='ocrx_word' id='word_1_790' title='bbox 1274 5707 1500 5777; x_wconf 77' lang='grc' dir='ltr'><strong>ἡλιακοῦ</strong></span> <span class='ocrx_word' id='word_1_791' title='bbox 1535 5709 1729 5778; x_wconf 78' lang='grc' dir='ltr'><strong>φωτὸς,</strong></span> <span class='ocrx_word' id='word_1_792' title='bbox 1760 5711 1866 5762; x_wconf 62' lang='grc' dir='ltr'><strong>οὐδ’</strong></span> 
     </span>
    </p>
   </div>
   <div class='ocr_carea' id='block_1_107' title="bbox 1976 4524 3550 4596">
    <p class='ocr_par' dir='ltr' id='par_1_107' title="bbox 1976 4524 3550 4596">
     <span class='ocr_line' id='line_1_107' title="bbox 1976 4524 3550 4596; baseline 0.003 -20"><span class='ocrx_word' id='word_1_793' title='bbox 1976 4532 2136 4577; x_wconf 84' lang='lat' dir='ltr'><strong>tatem</strong></span> <span class='ocrx_word' id='word_1_794' title='bbox 2191 4536 2246 4578; x_wconf 88' lang='lat' dir='ltr'><strong>et</strong></span> <span class='ocrx_word' id='word_1_795' title='bbox 2299 4525 2649 4590; x_wconf 87' lang='lat' dir='ltr'><strong>voluntatem,</strong></span> <span class='ocrx_word' id='word_1_796' title='bbox 2692 4524 2850 4577; x_wconf 80' lang='lat' dir='ltr'><strong>l’ater</strong></span> <span class='ocrx_word' id='word_1_797' title='bbox 2895 4534 2950 4577; x_wconf 92' lang='lat' dir='ltr'><strong>et</strong></span> <span class='ocrx_word' id='word_1_798' title='bbox 3002 4524 3169 4580; x_wconf 83' lang='lat' dir='ltr'><strong>Filius</strong></span> <span class='ocrx_word' id='word_1_799' title='bbox 3214 4539 3266 4580; x_wconf 90' lang='lat' dir='ltr'><strong>et</strong></span> <span class='ocrx_word' id='word_1_800' title='bbox 3310 4529 3550 4596; x_wconf 76' lang='lat' dir='ltr'><strong>Spiritus</strong></span> 
     </span>
    </p>
   </div>
   <div class='ocr_carea' id='block_1_108' title="bbox 1972 4617 3541 4684">
    <p class='ocr_par' dir='ltr' id='par_1_108' title="bbox 1972 4617 3541 4684">
     <span class='ocr_line' id='line_1_108' title="bbox 1972 4617 3541 4684; baseline -0.001 -16"><span class='ocrx_word' id='word_1_801' title='bbox 1972 4626 2191 4668; x_wconf 77' lang='lat' dir='ltr'><strong>Sanctus</strong></span> <span class='ocrx_word' id='word_1_802' title='bbox 2245 4626 2369 4668; x_wconf 89' lang='lat' dir='ltr'><strong>sunt</strong></span> <span class='ocrx_word' id='word_1_803' title='bbox 2415 4617 2686 4681; x_wconf 69' lang='lat' dir='ltr'><strong>essentim,</strong></span> <span class='ocrx_word' id='word_1_804' title='bbox 2731 4628 2854 4669; x_wconf 66' lang='lat' dir='ltr'><strong>vita:</strong></span> <span class='ocrx_word' id='word_1_805' title='bbox 2896 4624 2952 4668; x_wconf 91' lang='lat' dir='ltr'><strong>et</strong></span> <span class='ocrx_word' id='word_1_806' title='bbox 2986 4617 3261 4684; x_wconf 73' lang='lat' dir='ltr'><strong>sapientiae</strong></span> <span class='ocrx_word' id='word_1_807' title='bbox 3302 4617 3541 4670; x_wconf 74' lang='lat' dir='ltr'><strong>ellectrix</strong></span> 
     </span>
    </p>
   </div>
   <div class='ocr_carea' id='block_1_109' title="bbox 1972 4705 3544 4773">
    <p class='ocr_par' dir='ltr' id='par_1_109' title="bbox 1972 4705 3544 4773">
     <span class='ocr_line' id='line_1_109' title="bbox 1972 4705 3544 4773; baseline 0.001 -15"><span class='ocrx_word' id='word_1_808' title='bbox 1972 4705 2214 4770; x_wconf 82' lang='lat' dir='ltr'><strong>Operatio</strong></span> <span class='ocrx_word' id='word_1_809' title='bbox 2267 4720 2321 4758; x_wconf 85' lang='lat' dir='ltr'><strong>et</strong></span> <span class='ocrx_word' id='word_1_810' title='bbox 2370 4706 2580 4768; x_wconf 87' lang='lat' dir='ltr'><strong>virtus,</strong></span> <span class='ocrx_word' id='word_1_811' title='bbox 2638 4721 2773 4773; x_wconf 87' lang='lat' dir='ltr'><strong>quas</strong></span> <span class='ocrx_word' id='word_1_812' title='bbox 2822 4706 2912 4759; x_wconf 87' lang='lat' dir='ltr'><strong>ille</strong></span> <span class='ocrx_word' id='word_1_813' title='bbox 2962 4705 3153 4758; x_wconf 76' lang='lat' dir='ltr'><strong>doctor</strong></span> <span class='ocrx_word' id='word_1_814' title='bbox 3206 4707 3544 4760; x_wconf 77' lang='lat' dir='ltr'><strong>necessarias</strong></span> 
     </span>
    </p>
   </div>
   <div class='ocr_carea' id='block_1_110' title="bbox 1972 4797 3543 4860">
    <p class='ocr_par' dir='ltr' id='par_1_110' title="bbox 1972 4797 3543 4860">
     <span class='ocr_line' id='line_1_110' title="bbox 1972 4797 3543 4860; baseline 0.003 -14"><span class='ocrx_word' id='word_1_815' title='bbox 1972 4797 2491 4851; x_wconf 83' lang='lat' dir='ltr'><strong>commnnicationes</strong></span> <span class='ocrx_word' id='word_1_816' title='bbox 2529 4808 2585 4850; x_wconf 83' lang='lat' dir='ltr'><strong>et</strong></span> <span class='ocrx_word' id='word_1_817' title='bbox 2628 4798 2859 4849; x_wconf 75' lang='lat' dir='ltr'><strong>intactas</strong></span> <span class='ocrx_word' id='word_1_818' title='bbox 2896 4797 3121 4860; x_wconf 81' lang='lat' dir='ltr'><strong>vocavit,</strong></span> <span class='ocrx_word' id='word_1_819' title='bbox 3160 4811 3255 4848; x_wconf 82' lang='lat' dir='ltr'><strong>eas</strong></span> <span class='ocrx_word' id='word_1_820' title='bbox 3290 4797 3454 4850; x_wconf 84' lang='lat' dir='ltr'><strong>simul</strong></span> <span class='ocrx_word' id='word_1_821' title='bbox 3488 4809 3543 4850; x_wconf 89' lang='lat' dir='ltr'><strong>et</strong></span> 
     </span>
    </p>
   </div>
   <div class='ocr_carea' id='block_1_111' title="bbox 1972 4887 3544 4958">
    <p class='ocr_par' dir='ltr' id='par_1_111' title="bbox 1972 4887 3544 4958">
     <span class='ocr_line' id='line_1_111' title="bbox 1972 4887 3544 4958; baseline 0.003 -19"><span class='ocrx_word' id='word_1_822' title='bbox 1972 4902 2001 4938; x_wconf 87' lang='lat' dir='ltr'><strong>a</strong></span> <span class='ocrx_word' id='word_1_823' title='bbox 2033 4887 2303 4941; x_wconf 84' lang='lat' dir='ltr'><strong>creaturis</strong></span> <span class='ocrx_word' id='word_1_824' title='bbox 2331 4889 2584 4941; x_wconf 83' lang='lat' dir='ltr'><strong>omnibus</strong></span> <span class='ocrx_word' id='word_1_825' title='bbox 2613 4901 2898 4958; x_wconf 76' lang='lat' dir='ltr'><strong>separatis,</strong></span> <span class='ocrx_word' id='word_1_826' title='bbox 2930 4896 2985 4942; x_wconf 87' lang='lat' dir='ltr'><strong>et</strong></span> <span class='ocrx_word' id='word_1_827' title='bbox 3016 4888 3332 4941; x_wconf 83' lang='lat' dir='ltr'><strong>naturaliter</strong></span> <span class='ocrx_word' id='word_1_828' title='bbox 3362 4888 3544 4943; x_wconf 81' lang='lat' dir='ltr'><strong>inesse</strong></span> 
     </span>
    </p>
   </div>
   <div class='ocr_carea' id='block_1_112' title="bbox 1971 4978 2646 5032">
    <p class='ocr_par' dir='ltr' id='par_1_112' title="bbox 1971 4978 2646 5032">
     <span class='ocr_line' id='line_1_112' title="bbox 1971 4978 2646 5032; baseline 0.003 -2"><span class='ocrx_word' id='word_1_829' title='bbox 1971 4978 2391 5032; x_wconf 84' lang='lat' dir='ltr'><strong>Communicanti</strong></span> <span class='ocrx_word' id='word_1_830' title='bbox 2424 4982 2646 5032; x_wconf 80' lang='lat' dir='ltr'><strong>docens.</strong></span> 
     </span>
    </p>
   </div>
   <div class='ocr_carea' id='block_1_113' title="bbox 2041 5247 3541 5316">
    <p class='ocr_par' dir='ltr' id='par_1_113' title="bbox 2041 5247 3541 5316">
     <span class='ocr_line' id='line_1_113' title="bbox 2041 5247 3541 5316; baseline -0.002 -14"><span class='ocrx_word' id='word_1_831' title='bbox 2041 5248 2128 5302; x_wconf 73' lang='lat'><strong>92.</strong></span> <span class='ocrx_word' id='word_1_832' title='bbox 2171 5247 2321 5301; x_wconf 69' lang='lat' dir='ltr'><strong>Sicut</strong></span> <span class='ocrx_word' id='word_1_833' title='bbox 2347 5247 2426 5301; x_wconf 85' lang='lat' dir='ltr'><strong>sol</strong></span> <span class='ocrx_word' id='word_1_834' title='bbox 2448 5247 2564 5299; x_wconf 80' lang='lat' dir='ltr'><strong>sine</strong></span> <span class='ocrx_word' id='word_1_835' title='bbox 2590 5247 2984 5301; x_wconf 86' lang='lat' dir='ltr'><strong>imminutione</strong></span> <span class='ocrx_word' id='word_1_836' title='bbox 3010 5247 3362 5316; x_wconf 85' lang='lat' dir='ltr'><strong>participibus</strong></span> <span class='ocrx_word' id='word_1_837' title='bbox 3392 5261 3541 5302; x_wconf 85' lang='lat' dir='ltr'><strong>com-</strong></span> 
     </span>
    </p>
   </div>
   <div class='ocr_carea' id='block_1_114' title="bbox 1973 5338 3535 5400">
    <p class='ocr_par' dir='ltr' id='par_1_114' title="bbox 1973 5338 3535 5400">
     <span class='ocr_line' id='line_1_114' title="bbox 1973 5338 3535 5400; baseline 0.001 -10"><span class='ocrx_word' id='word_1_838' title='bbox 1973 5341 2253 5390; x_wconf 75' lang='lat' dir='ltr'><strong>municatis</strong></span> <span class='ocrx_word' id='word_1_839' title='bbox 2282 5338 2513 5391; x_wconf 85' lang='lat' dir='ltr'><strong>calorem</strong></span> <span class='ocrx_word' id='word_1_840' title='bbox 2544 5346 2598 5390; x_wconf 84' lang='lat' dir='ltr'><strong>et</strong></span> <span class='ocrx_word' id='word_1_841' title='bbox 2626 5338 2820 5400; x_wconf 87' lang='lat' dir='ltr'><strong>lucem,</strong></span> <span class='ocrx_word' id='word_1_842' title='bbox 2848 5338 2960 5393; x_wconf 65' lang='lat' dir='ltr'><strong>hate</strong></span> <span class='ocrx_word' id='word_1_843' title='bbox 2986 5339 3152 5394; x_wconf 78' lang='lat' dir='ltr'><strong>habet</strong></span> <span class='ocrx_word' id='word_1_844' title='bbox 3175 5350 3227 5392; x_wconf 89' lang='lat' dir='ltr'><strong>ut</strong></span> <span class='ocrx_word' id='word_1_845' title='bbox 3258 5340 3535 5393; x_wconf 82' lang='lat' dir='ltr'><strong>naturales</strong></span> 
     </span>
    </p>
   </div>
   <div class='ocr_carea' id='block_1_115' title="bbox 1971 5431 3540 5500">
    <p class='ocr_par' dir='ltr' id='par_1_115' title="bbox 1971 5431 3540 5500">
     <span class='ocr_line' id='line_1_115' title="bbox 1971 5431 3540 5500; baseline -0.001 -15"><span class='ocrx_word' id='word_1_846' title='bbox 1971 5432 2400 5499; x_wconf 82' lang='lat' dir='ltr'><strong>essentialesque</strong></span> <span class='ocrx_word' id='word_1_847' title='bbox 2452 5431 2834 5500; x_wconf 87' lang='lat' dir='ltr'><strong>operationes;</strong></span> <span class='ocrx_word' id='word_1_848' title='bbox 2888 5431 2962 5486; x_wconf 82' lang='lat' dir='ltr'><strong>ita</strong></span> <span class='ocrx_word' id='word_1_849' title='bbox 3017 5431 3540 5487; x_wconf 75' lang='lat' dir='ltr'><strong>communicatioues</strong></span> 
     </span>
    </p>
   </div>
   <div class='ocr_carea' id='block_1_116' title="bbox 1972 5522 3539 5586">
    <p class='ocr_par' dir='ltr' id='par_1_116' title="bbox 1972 5522 3539 5586">
     <span class='ocr_line' id='line_1_116' title="bbox 1972 5522 3539 5586; baseline -0.002 -10"><span class='ocrx_word' id='word_1_850' title='bbox 1972 5525 2186 5584; x_wconf 64' lang='lat' dir='ltr'><strong>divinat,</strong></span> <span class='ocrx_word' id='word_1_851' title='bbox 2219 5537 2322 5576; x_wconf 90' lang='lat' dir='ltr'><strong>non</strong></span> <span class='ocrx_word' id='word_1_852' title='bbox 2366 5522 2668 5576; x_wconf 70' lang='lat' dir='ltr'><strong>minuentes</strong></span> <span class='ocrx_word' id='word_1_853' title='bbox 2705 5524 3212 5586; x_wconf 81' lang='lat' dir='ltr'><strong>conuuunicantem,</strong></span> <span class='ocrx_word' id='word_1_854' title='bbox 3259 5523 3539 5575; x_wconf 77' lang='lat' dir='ltr'><strong>naturales</strong></span> 
     </span>
    </p>
   </div>
   <div class='ocr_carea' id='block_1_117' title="bbox 1969 5614 3536 5684">
    <p class='ocr_par' dir='ltr' id='par_1_117' title="bbox 1969 5614 3536 5684">
     <span class='ocr_line' id='line_1_117' title="bbox 1969 5614 3536 5684; baseline -0.003 -17"><span class='ocrx_word' id='word_1_855' title='bbox 1969 5614 2396 5682; x_wconf 60' lang='lat' dir='ltr'><strong>ossi-utialesque</strong></span> <span class='ocrx_word' id='word_1_856' title='bbox 2439 5626 2563 5666; x_wconf 84' lang='lat' dir='ltr'><strong>sunt</strong></span> <span class='ocrx_word' id='word_1_857' title='bbox 2606 5614 2721 5682; x_wconf 81' lang='lat' dir='ltr'><strong>ejus</strong></span> <span class='ocrx_word' id='word_1_858' title='bbox 2760 5616 3138 5684; x_wconf 85' lang='lat' dir='ltr'><strong>operationes;</strong></span> <span class='ocrx_word' id='word_1_859' title='bbox 3173 5629 3299 5679; x_wconf 72' lang='lat' dir='ltr'><strong>ergo</strong></span> <span class='ocrx_word' id='word_1_860' title='bbox 3340 5622 3396 5664; x_wconf 84' lang='lat' dir='ltr'><strong>et</strong></span> <span class='ocrx_word' id='word_1_861' title='bbox 3448 5614 3536 5664; x_wconf 73' lang='lat' dir='ltr'><strong>in-</strong></span> 
     </span>
    </p>
   </div>
   <div class='ocr_carea' id='block_1_118' title="bbox 1972 5701 3533 5767">
    <p class='ocr_par' dir='ltr' id='par_1_118' title="bbox 1972 5701 3533 5767">
     <span class='ocr_line' id='line_1_118' title="bbox 1972 5701 3533 5767; baseline -0.001 -10"><span class='ocrx_word' id='word_1_862' title='bbox 1972 5712 2161 5758; x_wconf 64' lang='lat' dir='ltr'><strong>creatae</strong></span> <span class='ocrx_word' id='word_1_863' title='bbox 2203 5713 2349 5758; x_wconf 82' lang='lat' dir='ltr'><strong>sunt.</strong></span> <span class='ocrx_word' id='word_1_864' title='bbox 2385 5702 2845 5767; x_wconf 79' lang='lat' dir='ltr'><strong>Quemadmodum</strong></span> <span class='ocrx_word' id='word_1_865' title='bbox 2875 5714 3050 5758; x_wconf 86' lang='lat' dir='ltr'><strong>autem</strong></span> <span class='ocrx_word' id='word_1_866' title='bbox 3085 5703 3279 5757; x_wconf 87' lang='lat' dir='ltr'><strong>so!aris</strong></span> <span class='ocrx_word' id='word_1_867' title='bbox 3308 5701 3533 5755; x_wconf 72' lang='lat' dir='ltr'><strong>luminis</strong></span> 
     </span>
    </p>
   </div>
  </div>
