4122 6322
606 325 748 389 118ῗ

1871 315 2253 377 GREGORH
2297 318 2622 381 PALAM/E

3715 313 3851 379 1Ιῶ

609 442 675 480 ne
726 426 1011 497 vestigium
1063 427 1280 496 quidem
1323 435 1592 493 remanet,
1629 436 1911 497 postquam
1957 431 2038 483 sol
2080 432 2181 483 sub

2279 431 2426 499 ίχνος
2450 427 2801 482 ὑπολείπεται
2824 424 2918 478 τοῦ
2958 423 3108 493 ἡλίου
3139 421 3290 482 ὄντος
3320 418 3424 473 ὑπὸ
3445 418 3570 488 γῆν.
3597 416 3694 471 καὶ
3718 420 3842 479 τοὺς

610 527 750 570 terra
809 527 890 572 est
953 529 1006 572 et
1056 533 1174 586 qua:
1224 533 1388 583 super
1441 525 1585 598 terra
1633 528 1763 572 sunt
1808 521 2044 590 reliquit,
2086 538 2186 577 nec

610 614 783 671 potest
832 606 1114 673 splendore
1172 608 1273 661 hoc
1321 608 1508 662 fruens
1563 608 1754 670 oculus
1801 610 2019 666 misceri
2054 626 2181 666 cum

610 710 698 755 eo,
735 706 787 749 et
822 711 917 765 per
947 713 1067 750 eum
1106 698 1246 750 uniri
1284 714 1405 750 cum
1454 698 1600 751 fonte
1651 699 1810 760 lucis,
1849 700 1968 767 ejus
1998 711 2180 756 tamen

612 786 760 837 color
802 798 853 838 et
923 788 1234 853 quicunque
1273 788 1430 856 hujus
1468 788 1691 844 ell'ectus
1735 791 1799 842 ad
1849 792 2185 845 sensibilium

614 877 1015 942 generationem
1063 884 1118 928 et
1167 878 1565 932 incrementum
1611 890 1666 934 et
1697 879 1763 935 ad
1800 880 2184 936 multiformem

613 968 897 1020 humerum
922 977 976 1021 et
997 967 1320 1037 qualitatum
1346 973 1663 1025 varietatem
1703 971 2050 1026 conferentes
2079 988 2184 1026 non

616 1058 707 1111 illa
742 1059 1141 1124 derelinquunt,
1171 1062 1420 1127 quamvis
1447 1076 1552 1114 non
1584 1062 1819 1116 habeant
1845 1078 1944 1132 per
1974 1064 2183 1117 radium

612 1166 732 1203 cum
771 1151 885 1203 sole
927 1153 1412 1206 communionem:
1443 1155 1630 1208 eodem
1669 1155 1849 1220 modo,
1882 1157 1946 1209 ad
1988 1156 2186 1210 obscu-

616 1257 727 1295 ram
776 1241 913 1295 hanc
959 1242 1033 1296 rei
1087 1243 1365 1298 sensibilis
1414 1245 1730 1313 imaginem,
1771 1247 1805 1301 ii
1847 1257 2051 1301 tantum
2091 1248 2182 1317 qui

612 1334 1012 1403 Supernaturali
1067 1351 1131 1389 ac
1170 1335 1521 1390 divinissima':
1566 1336 1842 1393 adhaerent
1887 1340 2023 1404 luci,
2069 1341 2184 1396 dei-

611 1426 765 1479 ﬁcam
818 1436 1043 1493 possunt
1088 1428 1318 1497 gratiam
1373 1432 1583 1485 sincere
1618 1432 1949 1500 participare
1990 1442 2043 1487 et
2088 1447 2184 1502 per

560 1513 565 1518 ’
611 1534 728 1571 eam
765 1517 872 1571 Deo
897 1519 1060 1582 uniri,
1089 1531 1285 1574 caetera
1319 1536 1446 1576 vero
1475 1523 1655 1576 omnia
1686 1523 1962 1579 creatricis
1989 1539 2181 1593 opera-

553 1654 557 1657 .
613 1610 778 1663 tionis
816 1611 1044 1664 elIectus
1085 1622 1214 1665 sunt
1248 1614 1421 1681 gratia
1457 1615 1701 1681 quidem,
1745 1601 1952 1670 scilicet
1989 1617 2177 1683 gratis,

609 1716 676 1753 cx
715 1702 882 1753 nihilo
912 1703 1183 1767 producti,
1213 1713 1268 1755 et
1303 1720 1407 1756 non
1449 1706 1699 1761 illustrat:
1727 1708 1919 1776 gratia,
1950 1722 2068 1777 qua:
2096 1715 2180 1762 est

611 1791 914 1859 splendoris
948 1792 1037 1846 Dei
1073 1809 1356 1863 agnomen.

679 1966 769 2021 95.
808 1966 901 2021 Illa
945 1967 1033 2021 Dei
1077 1969 1166 2022 lux
1201 1979 1256 2022 et
1288 1971 1474 2025 deities
1521 1973 1789 2040 operatio,
1827 1974 1982 2043 cuius
2016 1975 2186 2044 parti-

612 2059 760 2125 cipes
812 2058 1153 2125 deiﬁcantur,
1193 2062 1371 2115 divina
1432 2066 1678 2126 quietiam
1726 2073 1808 2118 est
1847 2065 2043 2134 gratia,
2084 2066 2182 2122 sed

616 2164 721 2200 non
758 2148 845 2200 Dei
874 2158 1064 2203 natura
1090 2168 1105 2217 ;
1139 2168 1244 2205 non
1271 2153 1413 2219 quod
1443 2153 1557 2208 hmo
1583 2154 1723 2209 absit
1750 2170 1777 2206 a
1798 2156 1990 2222 gratia:
2018 2157 2183 2223 parti-

614 2237 851 2303 cipibus,
888 2250 946 2292 nt
984 2242 1283 2296 adversarii
1334 2243 1615 2298 dementer
1661 2247 2014 2312 mentiuntur,
2059 2263 2182 2301 nam

614 2329 813 2396 ubique
860 2331 1014 2385 adest
1048 2343 1255 2386 .natura
1292 2335 1413 2401 Dei;
1454 2336 1547 2389 sed
1584 2337 1708 2405 quia
1749 2353 1854 2392 non
1899 2347 1984 2394 est
2026 2354 2182 2393 com-

612 2422 977 2488 municahilis,
1003 2441 1123 2478 cum
1161 2426 1295 2480 nihil
1325 2429 1398 2481 sit
1424 2440 1690 2496 creatum,
1725 2440 1785 2483 ut
1815 2445 1977 2497 supra
2002 2441 2186 2486 osten-

613 2514 815 2580 dimus,
840 2519 980 2582 quod
1009 2519 1179 2585 possit
1200 2533 1318 2571 eam
1342 2519 1685 2588 participare.
1710 2519 1772 2575 Et
1794 2521 1971 2577 divina
1993 2536 2185 2589 opera-

615 2608 688 2659 tio
722 2617 774 2660 et
817 2609 990 2676 gratia
1036 2608 1280 2675 spiritus,
1314 2610 1515 2677 ubique
1546 2624 1784 2678 praesens
1812 2620 1869 2664 et
1903 2612 1971 2665 ab
2004 2625 2068 2665 eo
2100 2611 2183 2663 in-

614 2697 970 2765 separabilis,
1024 2698 1088 2754 iis
1121 2699 1211 2767 qui
1269 2699 1340 2753 ob
1394 2699 1792 2753 immunditiam
1844 2714 1952 2755 non
1998 2700 2179 2755 idonei

615 2796 741 2840 sunt
769 2790 835 2843 ad
861 2791 1223 2855 consortium,
1251 2791 1780 2849 incommunicabilis
1809 2804 1893 2848 est
1920 2802 2180 2862 tanquam

613 2880 832 2935 absens.
870 2899 888 2932 ι
918 2880 1072 2937 Slcut
1101 2884 1271 2945 enim,
1305 2883 1483 2951 inquit
1529 2882 1743 2951 doctor,
1771 2886 2012 2941 vultuum
2044 2887 2181 2939 itna-

610 2972 762 3039 gines
787 2988 894 3026 non
933 2974 983 3026 in
1013 2976 1263 3033 omnibus
1298 2976 1540 3031 materiis
1568 2977 1964 3045 exprimuntur,
1997 2978 2090 3032 sed
2118 2978 2180 3030 in

613 3064 680 3117 iis
709 3080 830 3134 quae
862 3065 1149 3120 laevitatem
1198 3068 1400 3123 habent
1441 3074 1497 3121 et
1540 3068 2071 3124 transluciditatem:
2107 3069 2180 3122 ita

612 3172 711 3209 nec
758 3156 809 3209 in
859 3157 1116 3211 omnibus
1165 3158 1365 3213 animis
1402 3157 1581 3227 gratia
1627 3158 1869 3223 spiritus,
1902 3158 1996 3211 sed
2032 3157 2084 3213 in
2110 3157 2186 3213 iis

611 3262 731 3312 qua:
754 3246 890 3302 nihil
924 3248 1231 3318 ambiguum
1261 3248 1466 3303 habent
1492 3258 1546 3304 et
1570 3249 1878 3317 obliquum.
1906 3267 1930 3301 ι
1965 3247 2032 3302 Et
2060 3265 2185 3302 rur-

612 3351 704 3390 sus
734 3353 748 3390 :
780 3355 804 3387 .r
824 3336 1098 3393 Omnibus
1126 3339 1341 3405 quidem
1365 3340 1515 3393 adest
1550 3338 1783 3406 Spiritus
1798 3349 2057 3406 sanctus;
2086 3337 2182 3395 sed

613 3429 680 3482 iis
710 3412 803 3494 qui
834 3429 1017 3484 mundi
1044 3439 1178 3485 sunt
1219 3445 1247 3482 a
1299 3430 1669 3498 passiouihus.
1700 3432 1970 3498 propriam
1994 3439 2186 3484 esten-

612 3520 689 3575 dit
723 3521 998 3586 virtutem,
1032 3523 1098 3575 iis
1126 3537 1256 3576 vero
1286 3522 1378 3591 qui
1414 3534 1647 3575 mentem
1693 3523 1891 3577 habent
1928 3522 2184 3577 sordibus

611 3615 813 3681 peccati
848 3614 1193 3678 maculatam,
1224 3616 1463 3669 nondum
1494 3614 1757 3670 ostendit.
1802 3631 1823 3665 ι

670 3794 948 3851 94.“5ἰριιι
997 3795 1131 3849 solis
1160 3795 1339 3850 lumen
1370 3811 1404 3850 a
1438 3796 1591 3851 radio
1633 3810 1687 3850 et
1714 3811 1746 3850 a
1801 3797 1986 3851 calore
2016 3812 2180 3866 quem

552 3920 574 3938 .
610 3889 703 3943 hic
734 3888 851 3951 dat,
875 3888 1116 3956 separari
1148 3888 1351 3956 nequit,
1399 3887 1495 3944 sed
1516 3902 1580 3942 ex
1607 3888 1735 3942 illud
1765 3890 2183 3958 suscipientibus

612 3980 647 4033 ii
679 3980 770 4050 qui
832 3979 1018 4035 oculos
1064 3995 1173 4035 non
1217 3980 1438 4045 habent,
1477 3981 1650 4036 lucem
1683 3997 1792 4036 non
1829 3983 2179 4054 participant.

2280 521 2422 587 ὑπὲρ
2451 519 2556 587 γῆν
2590 517 2951 582 ἐπιλιπόντος,
2981 515 3089 568 οὐδ’
3120 512 3201 565 ἐνι
3230 511 3291 564 τὸ
3311 511 3409 580 τῆς
3432 508 3610 577 αὐγῆς
3642 506 3846 576 ταύτης

2274 609 2549 665 ἀπολαῦον
2577 610 2730 678 ὄμμα
2773 608 2847 678 μὴ
2876 602 3281 675 ἀνακεκρᾶσθαι
3314 601 3454 672 πρὸς
3500 598 3701 669 αὐτὴν,
3751 599 3848 652 καὶ

2274 701 2345 754 δι’
2381 701 2550 768 αὐτῆς
2576 700 2823 771 ἡνῶσθαι
2851 700 2930 771 τῷ
2960 701 3207 770 βλύζοντι
3241 700 3302 755 τὸ
3333 703 3449 771 φῶς
3467 719 3483 735 ⁶
3507 706 3541 773 ἡ
3570 705 3615 759 δ’
3640 704 3853 761 ἐκεῖθεν

2277 784 2452 863 θέρμη
2504 794 2600 847 καὶ
2657 794 2759 846 ὃσα
2807 796 2865 859 ἐξ
2910 793 3081 863 αὐτῆς
3135 794 3366 848 τελεῖται
3398 795 3853 868 συμϐαλλομένης

2275 884 2413 952 πρὸς
2437 882 2646 950 γένεσίν
2676 900 2735 935 τε
2778 885 2873 937 καὶ
2899 882 3127 952 αὔξησιν
3154 886 3266 946 τοῖς
3298 883 3598 953 αἰσθητοῖς,
3628 886 3723 940 καὶ
3753 887 3851 958 τὴν

2281 975 2395 1028 τῶν
2424 974 2616 1043 χυμῶν
2651 974 2746 1027 καὶ
2797 975 3098 1043 ποιοτήτων
3140 975 3396 1044 πολυειδῆ
3429 975 3719 1047 διαφορὰν.
3749 979 3847 1032 οὑκ

2275 1066 2547 1120 ἐπιλείπει
2582 1064 2777 1127 ταῦτα,
2810 1065 2916 1118 κᾶν
2972 1063 3046 1136 μὴ
3094 1065 3156 1118 τὸ
3208 1066 3443 1134 συναφὲς
3472 1068 3571 1138 ἔχη
3623 1068 3714 1121 διὰ
3752 1069 3847 1139 τῆς

2275 1161 2491 1221 ἀκτῖνος
2529 1156 2664 1227 πρὸς
2693 1157 2784 1209 τὸν
2830 1156 2981 1226 ἥλιον
3003 1174 3018 1190 ο
3050 1157 3142 1210 τὸν
3172 1158 3334 1211 αὐτὸν
3363 1159 3564 1227 τρόπον
3608 1159 3688 1222 ὡς
3730 1161 3847 1213 κατ’

2273 1246 2526 1316 ἀμυδρὰν
2559 1248 2617 1298 ἐν
2639 1244 2919 1314 αἰσθητοῖς
2941 1246 3147 1307 εἰκόνα,
3182 1244 3292 1298 τῶν
3318 1247 3718 1299 ἐπιϐαλλόντων
3749 1247 3843 1317 μό·

2274 1353 2381 1388 νων
2403 1332 2479 1402 τῷ
2529 1334 2803 1403 ὑπερφυεῖ
2841 1333 2939 1385 καὶ
2977 1332 3241 1402 θειοτάτῳ
3277 1333 3435 1397 φωτὶ,
3468 1335 3567 1400 τῆς
3598 1331 3844 1385 θεοποιοῦ

2274 1425 2495 1496 χάριτος
2528 1423 2837 1492 εἰλικρινῶς
2872 1424 3144 1492 μετέχειν,
3177 1423 3271 1475 καὶ
3301 1423 3366 1475 δι’
3406 1425 3578 1492 αὐτῆς
3606 1422 3847 1492 ἡνῶσθαι

2273 1517 2351 1587 τῷ
2369 1516 2520 1585 Θεῷο
2554 1516 2624 1567 τὰ
2646 1514 2690 1565 δ’
2719 1513 2853 1567 ἄλλα
2884 1514 3088 1575 πάντα,
3132 1516 3231 1583 τῆς
3263 1514 3664 1582 δημιουργικῆς
3698 1513 3847 1582 ἐνερ-

2273 1604 2429 1672 γείας
2475 1602 2615 1655 είσὶν
2645 1601 3091 1668 ἀποτελέσματα·
3119 1603 3301 1670 χάριτι
3346 1602 3446 1671 μέν
3474 1604 3539 1653 ἐκ
3573 1602 3647 1669 μὴ
3680 1601 3845 1655 ὄντων

2274 1692 2619 1763 προηγμένα,
2654 1691 2902 1761 δηλονότι
2935 1690 3146 1760 δωρεάν
3166 1707 3179 1720 ο
3212 1693 3273 1744 οὺ
3311 1690 3761 1761 κατηγλαῖσμένα
3791 1691 3848 1743 δὲ

2212 1776 2254 1830 Β
2272 1790 2339 1858 τῇ
2370 1786 2554 1855 χάριτι
2580 1799 2593 1814 ’
2637 1785 2761 1848 ἥτις
2786 1782 2889 1850 τῆς
2916 1781 3013 1836 τοῦ
3053 1782 3190 1836 Θεοῦ
3220 1782 3607 1853 λαμπρότητος
3632 1781 3821 1835 ὲπώνυ

2276 1877 2376 1948 μόν
2406 1878 2579 1929 ἐστιν.

2343 1965 2452 2034 ια’.
2497 1967 2563 2019 Ἠ
2612 1965 2707 2017 τοῦ
2741 1964 2877 2019 θεοῦ
2924 1964 3248 2034 λαμπρότης
3295 1962 3432 2032 αῦτη
3467 1963 3561 2016 καὶ
3604 1962 3847 2025 θεοποιδς

2272 2060 2544 2127 ἐνέργεια,
2594 2052 2660 2128 ἦς
2693 2057 2760 2108 τά
2797 2055 3094 2125 μετέχοντα
3144 2046 3392 2116 θεοῦται,
3427 2053 3549 2106 θεία
3596 2053 3683 2115 τίς
3732 2052 3848 2105 ἐστι

2273 2150 2451 2220 χάρις,
2494 2145 2610 2200 ἀλλ’
2642 2148 2741 2217 οὐχ
2766 2149 2800 2217 ἡ
2847 2146 3012 2216 φύσις
3042 2144 3135 2198 τοῦ
3169 2145 3304 2198 Θεοῦ
3324 2162 3336 2174 ·
3380 2146 3477 2213 οὐχ
3529 2144 3605 2207 ὠς
3638 2142 3849 2196 ἀποῦσα

2273 2242 2380 2295 τῶν
2410 2239 2888 2311 κεχαριτωμένων,
2923 2240 3063 2293 κατὰ
3092 2239 3188 2307 τὴν
3217 2238 3326 2291 τῶν
3356 2237 3615 2291 ἐναντίων
3634 2235 3846 2306 ληρώδη

2276 2334 2641 2401 συκοφαντίαν
2677 2331 2994 2403 (πανταχοῦ
3036 2332 3147 2403 γάρ
3195 2334 3229 2401 ἡ
3272 2332 3435 2399 φύσις
3490 2329 3586 2382 τοῦ
3641 2329 3846 2394 Θεοῦ)·

2275 2428 2391 2481 ἀλλ’
2418 2426 2496 2489 ὼς
2524 2426 2626 2479 οὐκ
2664 2424 2799 2478 οῦσα
2845 2425 3113 2494 μεθεκτὴ”
3160 2424 3387 2493 μηδενὸς
3414 2423 3571 2485 ὖντος
3605 2420 3844 2483 κτιστοῦ,

2274 2516 2416 2569 καθὰ
2444 2516 2947 2585 προῡποδέδεικται,
2986 2515 3080 2569 τοῦ
3101 2515 3419 2586 δυνηθέντος
3440 2515 3506 2569 ἂν
3532 2514 3850 2584 μεταλαχεῢι

2274 2606 2467 2675 αὐτῆς.
2506 2605 2622 2658 Καὶ
2654 2607 2688 2674 ἡ
2713 2606 2834 2658 θεία
2860 2607 3116 2677 ἐνέργεια
3139 2608 3231 2659 καὶ
3270 2606 3432 2676 χάρις
3457 2605 3556 2659 τοῦ
3598 2605 3849 2674 Πνεῦμα-

2274 2712 2387 2757 τος,
2423 2694 2699 2765 πανταχοῦ
2735 2696 3009 2764 παροῦσα,
3039 2697 3134 2751 καὶ
3154 2695 3458 2767 ἀχώριστος
3486 2694 3649 2748 αὐτοῦ
3677 2694 3851 2748 διατε-

2277 2787 2466 2852 Λοῦσα,
2498 2790 2613 2851 τοῖς
2638 2788 2705 2842 δι’
2731 2789 3075 2860 ἀκαθαρσίαν
3103 2788 3499 2858 ἀνεπιτηδείως
3520 2788 3656 2858 πρὸς
3685 2786 3846 2858 pata-

2276 2879 2459 2949 ληψιν,
2484 2880 2786 2950 ἀμέθεκτός
2811 2882 2958 2935 ἐστιν
2974 2881 3169 2951 ὥσπερ
3189 2881 3422 2937 ἀποῦσα.
3451 2881 3697 2949 (Ὥσπερ
3721 2880 3855 2948 γὰρ,

2278 2972 2467 3039 φησὶν,
2505 2974 2562 3025 αί
2600 2972 2710 3024 τῶν
2747 2971 3055 3042 προσώπων
3096 2973 3384 3040 ἐμφάσεις,
3423 2973 3523 3024 οὐκ
3560 2972 3624 3023 ἐν
3652 2971 3847 3032 πάσαις

2278 3065 2399 3126 ταῖς
2430 3062 2583 3126 ὕλαις
2608 3063 2871 3132 γίνονται,
2919 3063 3034 3116 ἀλλ’
3062 3065 3122 3117 ἐν
3149 3067 3271 3127 ταῖς
3309 3063 3562 3133 λειότητά
3590 3079 3713 3115 τινα
3754 3062 3846 3115 καὶ

2282 3151 2599 3219 διαφανειαν
2633 3153 3029 3222 κεκτημέναις·
3076 3153 3252 3216 οὕτως
3281 3154 3381 3206 οὑκ
3414 3155 3474 3206 ἐν
3499 3152 3703 3216 πάσαις
3730 3154 3848 3214 ταῖς

2271 3242 2472 3312 ψυχαῖς
2498 3245 2532 3313 ἡ
2560 3243 2655 3299 τοῦ
2692 3244 2836 3299 Πνεύ
2847 3263 3013 3316 ματος
3055 3247 3327 3315 ἐνέργεια,
3362 3245 3476 3301 ἀλλ’
3504 3247 3562 3299 ἐν
3594 3246 3714 3309 ταῖς
3738 3261 3848 3312 -μη-

2271 3335 2360 3390 at»
2405 3335 2619 3390 σκολιὸν
2660 3337 2945 3406 ἐχούσαις,
2996 3336 3132 3406 μηδέ
3183 3334 3645 3407 στραγγαλιῶδες.
3676 3353 3701 3385 ο
3738 3334 3850 3386 Καὶ

2274 3424 2472 3479 πάλιν·
2522 3444 2548 3477 .r
2572 3426 2719 3479 Πᾶσι
2770 3426 2874 3497 μὲν
2898 3427 3141 3494 πάρεστι
3179 3425 3241 3478 τὺ
3294 3424 3522 3496 Πνεῦμα
3560 3425 3623 3477 ’ὠ
3648 3426 3844 3492 ἅγιον·

2273 3516 2410 3570 ἀλλά
2447 3518 2560 3580 τοῖς
2611 3517 2713 3586 μὲν
2769 3516 3141 3589 καθαρεύουσι
3173 3516 3282 3570 τῶν
3312 3517 3522 3580 παθῶν,
3565 3516 3668 3586 τὴν
3717 3516 3849 3568 ίδξαν

2274 3607 2532 3678 ἐμφαίνει
2569 3606 2797 3676 δύναμιν
2826 3624 2842 3639 ο
2878 3610 2991 3671 τοῖς
3019 3607 3076 3661 δέ
3118 3611 3183 3661 τὸ
3219 3608 3547 3679 ἡγεμονικὸν
3585 3623 3850 3675 συγκεχυ-

2277 3699 2438 3769 μένον
2453 3697 2662 3768 ἔχουσιν
2684 3698 2791 3751 ἀπὸ
2808 3698 2917 3752 τῶν
2931 3700 3027 3769 τῆς
3046 3698 3320 3771 ἁμαρτίας
3341 3700 3569 3763 σπίλων,
3585 3701 3693 3754 οὐκ
3713 3700 3811 3753 ἐτι.
3824 3718 3842 3750 ι

2346 3786 2449 3855 ἥδ’.
2484 3788 2755 3859 Καθάπερ
2776 3789 2836 3843 τὸ
2875 3790 2967 3844 τοῦ
3001 3791 3149 3860 ἡλίου
3187 3791 3331 3860 φῶς,
3356 3794 3454 3862 τῆς
3483 3792 3721 3856 ἀκτῖνος,
3755 3792 3845 3844 καὶ

2274 3879 2373 3949 τῆς
2430 3878 2498 3933 δι’
2551 3879 2723 3950 αὐτῆς
2779 3882 3191 3952 χορηγουμένης
3254 3883 3494 3954 θέρμης,
3546 3882 3846 3954 ἀχώριστόν

2276 3970 2461 4023 ἐστιν·
2513 3968 2650 4023 ἀλλὰ
2684 3971 2794 4023 τῶν
2838 3972 3221 4029 ἀπολασόντων
3250 3974 3380 4036 τοὺς
3422 3974 3735 4044 ὀφθαλμοὺς
3774 3973 3844 4042 μὴ

613 4074 708 4128 sed
730 4089 794 4128 ex
820 4074 973 4128 radio
998 4073 1170 4128 solum
1201 4074 1475 4144 accipiunt
1506 4073 1767 4140 calorem,
1799 4091 1924 4129 nam
1958 4076 2181 4133 minime

2280 4061 2660 4130 κεκτημένοις,
2694 4061 2998 4132 ἀμέθεκτόν
3024 4067 3144 4118 ἐστι
3169 4064 3230 4118 τὸ
3259 4064 3377 4134 φῶς
3396 4104 3411 4128 ,
3440 4067 3545 4136 τῆς
3571 4064 3727 4135 παρὰ
3750 4067 3844 4132 τῆς

612 4166 790 4221 lucem
840 4168 1164 4237 participare
1198 4176 1426 4234 possunt
1464 4167 1636 4223 oculis
1678 4169 1923 4222 carentia
1955 4184 1970 4221 :
2009 4168 2079 4222 ita
2124 4178 2179 4223 et

2277 4153 2494 4214 ἀκτῖνος
2541 4153 2710 4223 μόνης
2753 4153 3310 4225 ἀντιλαμϐανομένοις
3342 4155 3554 4227 θέρμης
3578 4171 3594 4185 ·
3643 4156 3702 4208 οὗ
3743 4155 3844 4223 γὰρ

610 4261 778 4315 multo
837 4260 1009 4328 magis
1061 4260 1244 4314 divino
1290 4260 1577 4329 splendore
1626 4260 1920 4315 {ruentium
2000 4262 2177 4317 nullus

2279 4244 2426 4298 ἐστιν
2460 4245 2597 4308 ὅλως
2642 4245 2927 4316 ἀντίληψιν
2957 4247 3135 4315 φωτὸς
3183 4246 3435 4315 γενέσθαι
3465 4250 3582 4311 τοῖς
3615 4248 3723 4300 τῶν
3751 4249 3842 4318 ὀμ-

606 4353 936 4422 partlcipare
962 4359 1135 4418 potest
1156 4352 1419 4405 creatoris
1437 4351 1751 4406 essentiam.
1783 4349 1902 4405 Non
1920 4360 2008 4406 est
2030 4354 2174 4406 enim

2282 4338 2468 4407 μάτων
2494 4337 2813 4407 ἀμοιροῦσιν
2844 4355 2861 4371 ο
2891 4337 3037 4392 οὕτω
3069 4340 3161 4393 καὶ
3199 4338 3379 4408 πολλῷ
3419 4340 3645 4410 μᾶλλον,
3671 4339 3843 4393 οὐδενὶ

607 4447 881 4498 ullatenus
910 4444 1085 4510 aliqua
1116 4451 1489 4497 creaturarum
1520 4457 1643 4512 quae
1675 4443 1782 4497 vim
1813 4443 2013 4499 habeat
2044 4444 2182 4499 1·θυί-
2213 4445 2385 4520 οτων
2432 4443 2532 4497 της
2601 4443 2751 4491 θείνας
2804 4443 3001 4499 αιγλης
3042 4443 3425 4485 ἀπολαυόντων
3487 4443 3648 4484 ἔσται
3716 4443 3801 4501 μει

609 4539 797 4590 oiendi
826 4546 1078 4590 naturam
1096 4535 1403 4590 Creatoris.
2273 4523 2388 4590 εξις
2422 4522 2524 4590 τῆς
2544 4521 2733 4584 οὐσίας
2775 4523 2872 4576 τοῦ
2916 4524 3243 4587 κτίσαντος.
3275 4523 3354 4579 Οὐ
3396 4528 3505 4590 γὰρ
3539 4525 3711 4590 ἐστιν,
3750 4526 3801 4577 οὗ

2273 4523 2388 4590 εξις
2422 4522 2524 4591 τῆς
2544 4522 2733 4584 οὐσίας
2775 4523 2872 4576 τοῦ
2916 4524 3243 4587 Κτίσαντος.
3275 4523 3354 4579 Οὐ
3396 4528 3505 4594 γὰρ
3539 4525 3711 4590 ἐστιν,
3750 4526 3843 4577 οὒκ

609 4539 797 4608 piendi
826 4546 1078 4590 naturam
1096 4535 1403 4590 Creatoris.

687 4799 777 4856 95.
829 4796 929 4853 llic
970 4807 1025 4852 et
1076 4812 1224 4852 nunc
1256 4810 1356 4851 nec
1384 4806 1694 4852 creaturam
1736 4811 1836 4853 nec
1881 4799 2179 4854 essentiam

602 4904 736 4943 esse
794 4888 885 4942 Dei
923 4891 1377 4944 communicatam
1412 4889 1648 4943 divinam
1688 4889 1980 4943 essentiam
2020 4890 2181 4945 nobis

604 4991 882 5037 uestentur
909 4981 1069 5035 simul
1112 4980 1316 5036 Christi
1365 4979 1604 5048 Baptista
1643 4977 1900 5044 Joannes,
1933 4989 1985 5033 et
2017 4978 2180 5033 Joan-

604 5088 713 5126 uics
746 5082 870 5126 ante
904 5071 1041 5127 alios
1075 5071 1371 5140 discipulos
1395 5072 1612 5125 Christo
1643 5073 1893 5131 dilectos.
1937 5080 1989 5124 et
2017 5071 2181 5124 Joan-

620 5179 713 5217 nes
753 5161 1178 5231 Chrysostomus
1237 5178 1251 5217 :
1294 5177 1454 5225 unus,
1487 5173 1546 5216 ut
1584 5160 1879 5215 historicus
1914 5162 2177 5226 referens,

603 5254 818 5308 Christi
867 5266 1049 5307 autem
1105 5270 1408 5321 prtecursor
1437 5265 1491 5308 et
1527 5255 1767 5322 Baptista
1794 5254 1980 5308 dicens
2020 5272 2041 5304 ‹
2075 5270 2178 5307 non

612 5352 681 5400 nd
712 5360 1025 5401 mensuram
1044 5345 1160 5400 dari
1191 5362 1220 5401 a
1245 5347 1353 5401 Deo
1379 5347 1540 5401 Patre
1586 5346 1852 5415 Spiritum
1877 5344 2121 5411 Christo,
2155 5364 2174 5396 ι

623 5455 823 5497 aureus
856 5440 1071 5493 demum
1107 5454 1203 5495 ore
1235 5441 1507 5509 interpres
1535 5440 1778 5494 scribens
1802 5438 2062 5506 Spiritum
2097 5439 2183 5492 hic

615 5533 994 5598 Operationem
1020 5531 1146 5586 dici.
1185 5550 1204 5583 ι
1240 5530 1448 5585 Omnes
1472 5531 1613 5583 enim
1649 5544 1749 5583 nos
1776 5530 1841 5584 ad
1874 5545 2179 5584 mensuram

623 5624 993 5689 operationem
1028 5621 1266 5691 Spiritus
1297 5621 1621 5690 accipimus,
1675 5621 1761 5674 ille
1790 5634 1920 5673 vero
1953 5622 2182 5674 immen-

622 5730 738 5769 sam
792 5725 846 5770 et
888 5715 1152 5784 integram
1204 5713 1370 5769 habet
1425 5728 1639 5768 onmem
1696 5714 2088 5782 operationem.
2126 5713 2183 5767 Si

2276 4428 2385 4481 τῶν
2432 4430 2532 4497 τῆς
2601 4428 2751 4491 θείας
2804 4429 3001 4499 αἴγλης
3042 4430 3425 4485 ἀπολαυόντων
3487 4430 3648 4484 ἔσται
3716 4431 3841 4501 μέθ-

2275 4615 2390 4668 ἐστι
2424 4613 2532 4667 τῶν
2562 4615 2877 4685 κτισμάτων
2904 4617 3076 4681 οὐδὲν,
3103 4617 3132 4670 ὃ
3160 4617 3393 4686 δύναμιν
3422 4618 3564 4687 ίσχει
3593 4618 3843 4688 δεκτικὴν

2273 4708 2374 4777 τῆς
2396 4706 2488 4760 τοῦ
2514 4706 2811 4770 Κτίσαντος
2843 4707 3076 4775 φύσεως.

2343 4801 2443 4864 ιιεν.
2477 4799 2943 4869 Συμμαρτυρείτω
2958 4801 3019 4852 δὲ
3053 4800 3326 4854 κάνταῦθα
3348 4802 3442 4854 νῦν
3466 4804 3601 4873 ἡμῖν
3625 4803 3687 4856 τὸ
3708 4803 3840 4872 μήτε

2271 4890 2515 4959 κτιστὴν,
2548 4890 2676 4960 μήτ’
2707 4891 2897 4945 οὐσίαν
2932 4888 3079 4945 εἶναι
3127 4895 3222 4947 τοῦ
3248 4894 3380 4947 Θεοῦ
3414 4896 3514 4966 τὴν
3544 4896 3840 4965 μετεχομέ-

2268 4997 2367 5049 νην
2389 4979 2537 5032 θείαν
2567 4980 2868 5050 ἐνέργειαν,
2917 4983 3011 5036 καὶ
3041 4985 3070 5037 ό
3114 4983 3210 5037 τοῦ
3256 4985 3493 5054 Χριστοῦ
3535 4985 3839 5057 Βατετιστὴς

2283 5071 2554 5139 Ἰωάννης,
2594 5071 2692 5123 σὺν
2728 5073 2948 5144 Ἰωάννῃ
2971 5074 3051 5143 τῷ
3086 5076 3285 5144 μᾶλλον
3308 5077 3422 5130 τῶν
3450 5076 3629 5130 ἄλλων
3679 5094 3835 5140 πεφι-

2270 5163 2489 5233 λημίνῳ
2521 5162 2598 5232 τῷ
2653 5165 2874 5235 Χριστῷ
2932 5168 3212 5236 μαθητῶν.
3261 5169 3356 5221 καὶ
3409 5169 3486 5237 τῷ
3524 5170 3712 5240 χρυσῷ
3743 5167 3835 5238 τὴν

2271 5253 2512 5321 γλῶτταν
2555 5255 2771 5325 Ἰωάννῃ
2797 5273 2808 5286 ·
2839 5256 2869 5308 ό
2904 5258 3002 5326 μὲν
3049 5258 3278 5329 ἱστορῶν
3307 5276 3367 5311 τε
3395 5261 3491 5314 καὶ
3524 5260 3832 5331 συγγραφόο

2275 5361 2452 5414 μενος,
2478 5346 2507 5397 ό
2540 5347 2596 5399 δέ
2622 5347 2713 5399 τοῦ
2749 5348 2984 5417 Χριστοῦ
3035 5351 3348 5421 ίΙρόδρομος
3390 5352 3485 5404 καὶ
3531 5351 3827 5421 Βαπτιστὴς

2270 5437 2463 5505 λέγων,
2507 5438 2608 5490 οὐκ
2646 5440 2710 5491 ἐκ
2746 5439 2941 5508 μέτρου
2990 5440 3227 5493 δίδοσθαι
3260 5443 3414 5511 παρά
3457 5443 3595 5496 Θεοῦ
3632 5442 3830 5511 [ἰατρὸς

2272 5525 2331 5579 τὸ
2360 5524 2580 5593 Πνεῦμα
2609 5525 2684 5595 τῷ
2720 5526 2939 5596 Χριστῷ
2961 5542 2975 5556 '
3005 5530 3035 5580 6
3074 5529 3131 5581 δέ
3157 5531 3582 5600 χρυσορρἡμων,
3616 5529 3829 5601 ἐξηγού-

2276 5635 2433 5687 μενος
2465 5619 2557 5669 καὶ
2583 5617 2826 5687 γράφων,
2861 5619 2943 5671 ὅτι
2964 5619 3024 5671 τὸ
3050 5620 3271 5690 Πνεῦμα
3302 5620 3537 5674 ἐνταῦθα
3566 5622 3662 5691 τὴν
3684 5623 3827 5689 ἐνέρ-

2271 5728 2425 5777 γειαν
2453 5709 2622 5777 λέγει.
2650 5711 2853 5772 Πάντες
2880 5712 2987 5781 γὰρ
3012 5713 3189 5782 ἡμεῖς,
3224 5711 3407 5783 μέτρῳ
3427 5713 3526 5783 τὴν
3544 5715 3638 5767 τοῦ
3668 5712 3824 5767 Ilvati-
