4122 6322
541 318 671 384 ιιιιι

1781 319 1826 373 G
1845 317 1885 373 ll
1902 313 2169 372 EGOIHI
2233 312 2421 371 PALA
2434 314 2479 370 31
2498 314 2557 367 ,Ἠ

3657 320 3803 385 1192

537 446 643 498 que
675 442 774 482 nec
807 428 971 483 Deus.
999 425 1140 497 Ergo
1170 427 1422 482 distincta
1452 438 1530 480 est
1564 441 1597 479 a
1622 424 1802 479 divina
1830 425 2099 478 voluntate

2211 429 2434 498 Θεον,ἢ
2497 430 2572 499 μὴ
2647 426 2781 482 εἶναι
2837 429 3060 498 ἀγαθὸν,
3112 430 3310 483 ταυτὸν
3356 430 3401 484 δ’
3451 432 3629 486 εἰπεῖν
3668 437 3795 488 οὐδὲ

537 522 901 590 ντωεοίυιιιίιι,
938 536 1069 590 ergo
1100 529 1156 576 et
1192 531 1420 590 utraque
1447 534 1477 572 a
1518 520 1700 573 divina
1736 518 2001 572 essentia.

614 791 735 844 lOI.
777 790 832 844 Si
890 789 1092 843 nullam
1132 788 1275 841 inter
1304 803 1365 842 se
1414 787 1652 842 habeant
1708 789 2106 843 distinctionum:

540 885 737 937 divinze
762 883 1127 951 operationes,
1156 882 1365 935 creatio
1390 881 1555 949 igitur
1577 896 1605 932 a
1630 882 1967 948 pra:scientia
1999 897 2106 934 non

539 980 642 1031 erit
669 979 947 1031 distincta.
986 977 1063 1028 Ac
1095 976 1322 1040 proinde
1355 975 1480 1043 quia
1521 975 1660 1028 Deus
1692 976 1852 1042 cmpit
1896 991 2105 1039 creare,

534 1085 664 1136 ergo
694 1077 749 1122 et
792 1069 1039 1134 praescire
1071 1066 1254 1133 empit.
1283 1065 1348 1118 Et
1396 1066 1670 1132 quomodo
1704 1066 1843 1118 Deus
1884 1077 1989 1128 est,
2016 1067 2106 1134 qui

535 1177 641 1213 non
674 1160 852 1211 omnia
888 1171 1014 1211 ante
1046 1159 1242 1212 saecula
1266 1158 1573 1227 pricscivitl

607 1251 730 1303 102.
766 1249 821 1301 Si
851 1250 987 1303 nihil
1018 1251 1273 1304 distincta
1330 1251 1401 1302 sit
1440 1265 1467 1301 a
1519 1250 1705 1303 divina
1766 1254 2105 1321 praescientia

533 1343 765 1395 ereatrix
792 1342 881 1395 Dei
906 1344 1167 1410 operatio,
1200 1344 1514 1405 prieseienti
1559 1360 1754 1397 eoaevaa
1775 1353 1935 1396 erunt
1957 1361 2110 1397 crea-

539 1441 698 1495 tnrw,
733 1432 801 1484 ab
832 1441 1037 1485 αξιοι-ιιι)
1067 1443 1265 1485 creata!
1291 1449 1306 1497 ;
1342 1450 1466 1487 nam
1502 1433 1591 1487 ille
1616 1437 1683 1486 ab
1709 1444 1915 1486 :eterno
1946 1451 2108 1485 erea-

537 1534 633 1586 ret,
666 1525 791 1591 quia
829 1535 883 1575 et
911 1524 1022 1591 ipse
1055 1524 1123 1578 ab
1177 1534 1379 1579 aeterno
1434 1528 1670 1593 praescit,
1703 1537 1758 1580 et
1810 1529 2060 1594 prznscita
2087 1569 2104 1593 ,

536 1616 605 1668 ab
641 1625 842 1669 a-terno
870 1616 1242 1682 praascinntur.
1260 1617 1327 1668 At
1345 1619 1613 1685 quomodo
1633 1628 1777 1672 esset
1803 1616 1965 1684 Deus,
1986 1635 2107 1673 cum

536 1707 652 1777 ejus
693 1721 857 1776 Opera
890 1708 1003 1777 ipso
1039 1711 1336 1777 posteriora
1368 1725 1476 1763 non
1506 1710 1736 1765 essent?

615 1980 736 2035 105.
790 1982 847 2032 Si
884 1981 1110 2036 minime
1139 1982 1399 2036 distincta
1449 1984 1521 2037 sit
1563 1999 1592 2037 a
1625 1983 1718 2039 Dei
1769 1987 2107 2055 praescieutia

538 2074 773 2126 creatrix
826 2074 1092 2141 operatio,
1131 2077 1338 2130 creatio
1385 2093 1491 2130 non
1540 2078 1783 2147 subiacet
1813 2079 2104 2145 voluntati,

533 2177 661 2214 cum
697 2161 770 2216 sit
801 2162 1032 2231 ipsamet
1086 2166 1467 2232 praeseientia;
1503 2175 1602 2220 nec
1652 2168 1929 2223 voluntate
1959 2179 2109 2222 creat

536 2256 697 2317 Dens,
736 2256 828 2309 sed
877 2257 990 2310 sola
1020 2265 1234 2311 natura.
1271 2256 1338 2311 Et
1367 2261 1638 2327 quomodo
1665 2244 1828 2328 Deus,
1867 2264 1960 2331 qui
1988 2267 2107 2320 sine

530 2347 812 2400 voluntate
850 2346 1107 2402 crearet?
1884 2368 1889 2375 ’

601 2439 726 2493 104.
766 2440 906 2492 Dens
927 2449 1011 2495 est
1044 2446 1158 2510 ipse
1198 2445 1248 2495 in
1293 2444 1499 2512 seipso,
1529 2445 1657 2512 quia
1702 2455 1813 2498 tres
1860 2459 2106 2514 personae

532 2530 911 2586 counaturales
950 2544 1004 2584 et
1039 2543 1324 2587 coaeternze
1370 2536 1472 2589 sibi
1508 2535 1736 2589 invicem
1769 2548 1915 2600 sunt,
1950 2547 2001 2591 et
2047 2553 2106 2592 se

534 2621 764 2675 invirem
792 2624 909 2676 sine
941 2624 1322 2679 eonnnistione
1379 2635 1807 2693 compenetrant.
1846 2627 1901 2680 In
1929 2631 2107 2681 omni-

532 2714 631 2766 bus
663 2723 840 2766 autem
876 2724 960 2768 est
992 2714 1149 2779 Deus,
1179 2725 1235 2769 et
1284 2717 1472 2770 omnia
1507 2718 1559 2770 in
1596 2732 1685 2781 eo,
1722 2719 1838 2785 ipse
1873 2719 2097 2786 quidem

534 2819 592 2858 ut
631 2821 983 2870 conservans,
1023 2809 1136 2861 haec
1159 2823 1287 2861 vero
1311 2816 1370 2861 nt
1402 2821 1722 2864 conservata
1764 2827 1778 2867 :
1814 2827 1949 2876 ergo
1970 2827 2102 2865 con-

533 2901 883 2952 servatricem
952 2900 1041 2952 Dei
1099 2902 1508 2967 operationem,
1556 2912 1611 2955 et
1660 2919 1763 2957 non
1810 2904 2102 2957 essentiam

532 2990 712 3041 omnia
738 2990 1090 3058 participant.
1123 2991 1307 3058 Itaque
1329 2992 1566 3061 theologi
1602 2995 1973 3061 operationem
2006 2994 2099 3049 Dei

532 3090 730 3135 vocant
767 3083 937 3151 ipsam
970 3083 1091 3152 ejus
1131 3084 1334 3153 ubique
1369 3087 1740 3153 prtesentiam.

602 3259 725 3314 l05.
767 3258 1037 3323 Praeterea
1067 3261 1159 3325 qui
1211 3260 1319 3315 Deo
1349 3262 1566 3331 placent
1603 3273 1659 3318 et
1698 3263 1827 3318 illud
1857 3265 1923 3319 ad
1957 3267 2101 3334 quod

537 3348 662 3403 facti
711 3360 838 3403 sunt
877 3350 1179 3419 possident,
1235 3352 1285 3404 id
1339 3365 1443 3418 est,
1496 3354 1914 3420 deiﬁcationem,
1949 3356 2102 3423 juxta

532 3441 706 3495 Patris
736 3442 995 3507 ellatum;
1036 3461 1053 3493 ι
1089 3442 1170 3497 Ad
1211 3444 1312 3496 hoc
1367 3459 1466 3497 nos
1510 3444 1640 3498 fecit
1676 3447 1836 3510 Deus,
1881 3458 1939 3501 ut
1972 3464 2105 3502 cou-

529 3547 705 3589 sortes
759 3536 959 3590 faceret
995 3536 1230 3605 propria:
1280 3536 1622 3605 divinitatis;
1665 3555 1683 3587 ι
1727 3539 1801 3593 illi
1836 3539 1997 3609 igitur
2048 3542 2099 3591 in

531 3628 637 3679 D.~o
668 3635 793 3679 sunt
819 3636 875 3679 ut
901 3627 969 3681 ab
1003 3642 1068 3680 eo
1099 3628 1355 3688 deiticati.
1379 3637 1433 3681 et
1482 3628 1629 3683 Deus
1661 3642 1743 3685 est
1792 3632 1845 3684 in
1886 3634 2014 3699 ipsis
2044 3644 2101 3686 ut

530 3736 623 3771 eos
651 3720 928 3773 deiticans.
979 3718 1124 3788 Ergo
1150 3729 1207 3773 et
1261 3721 1364 3789 ipsi
1407 3721 1648 3776 divinam
1696 3725 2099 3793 operationem,

530 3812 655 3864 licet
691 3811 793 3865 alio
830 3812 1007 3871 modo.
1036 3813 1131 3866 sed
1159 3828 1262 3867 non
1295 3817 1592 3869 essentiam
1634 3819 1723 3871 Dei
1750 3820 2097 3888 participant.

532 3901 718 3968 Itaque
741 3902 975 3971 theologi
1013 3903 1352 3959 divinitatem
1385 3921 1511 3961 esse
1540 3908 1735 3963 divina:
1767 3913 2099 3980 operationis

531 4011 724 4049 nomen
750 3996 954 4051 dicunt.

602 4178 724 4233 106.
776 4178 1001 4233 Omnem
1037 4182 1452 4250 supereminens
1486 4186 1778 4239 essentiam
1821 4188 2099 4258 vitamun

531 4281 585 4324 et
613 4272 948 4325 divinitatem
991 4284 1153 4341 atque
1204 4275 1500 4329 bonitatem
1554 4291 1772 4344 natura,
1824 4291 2097 4346 quatenus

536 4363 829 4417 bonitatem
858 4380 920 4418 ac
943 4366 1277 4419 divinitatem
1307 4377 1363 4421 et
1384 4369 1488 4422 alia
1509 4369 1821 4439 hujusmodi
1850 4383 2094 4439 superat,

2210 517 2365 572 Θεόν.
2397 520 2653 590 Διαφέρει
2709 521 3000 590 τοιγαροῦν
3056 521 3157 589 τῆς
3218 520 3368 584 θείας
3419 522 3699 590 θελήσεως
3758 528 3793 596 ή

2211 610 2543 679 πρόγνωσις,
2596 612 2794 665 οὐκοῦν
2833 614 2927 666 καὶ
2964 613 3064 684 τῆς
3112 612 3265 677 θείας
3304 614 3496 678 οὐσίας
3549 616 3794 687 ἑκατέρα

2208 701 2433 761 τούτων.

2279 791 2382 858 ρα’.
2414 794 2477 848 Εἰ
2511 794 2586 865 μὴ
2617 795 2753 864 πρὸς
2782 797 3013 867 ἀλλήλας
3053 799 3236 868 ἔχουσι
3262 800 3527 872 διαφορὰν
3549 803 3607 857 αί
3637 801 3789 861 θεῖαι

2206 880 2476 950 ἐνέργειαι
2493 921 2508 945 ,
2528 883 2622 934 καὶ
2643 884 2703 934 τὸ
2717 884 3047 953 δημιουργὸν
3068 887 3251 941 λοιπὸν
3271 889 3365 942 τοῦ
3385 895 3792 960 προγινώσκειν

2206 971 2266 1022 οὐ
2296 971 2618 1042 διενήνοχεν·
2655 976 2776 1027 ἐπεὶ
2797 972 2891 1030 οὖν
2920 978 3125 1047 ἦρξατό
3152 997 3280 1032 ποτε
3315 981 3344 1032 6
3362 981 3495 1044 Θεὸς
3524 983 3791 1057 δημιουρ-

2207 1065 2323 1127 γεῖν
2377 1065 2471 1115 καὶ
2541 1065 2960 1132 προγινώσκειν,
3013 1068 3218 1138 ήρξατυ
3263 1070 3470 1125 λοιπόν.
3506 1074 3616 1127 Καὶ
3667 1076 3789 1140 πῶς

2206 1153 2358 1216 Θεὸς,
2391 1153 2422 1204 6
2448 1154 2521 1223 μὴ
2553 1154 2659 1222 πρὸ
2695 1153 2906 1208 αίώνων
2939 1158 3009 1210 τὰ
3040 1159 3216 1212 πάντα
3242 1161 3505 1230 προειδώς
3533 1179 3549 1229 ;

2278 1244 2380 1316 ρβ’.
2421 1247 2483 1297 El
2515 1247 2680 1317 μηδὲν
2727 1248 2977 1319 διαφέρει
3013 1250 3113 1319 τῆς
3148 1251 3300 1313 θείας
3343 1254 3710 1322 προγνώσεως
3751 1259 3785 1322 ή

2206 1337 2300 1389 τοῦ
2332 1336 2466 1389 Θεοῦ
2492 1338 2862 1411 δημιουργικὴ
2915 1339 3186 1409 ἐνέργεια,
3224 1345 3293 1413 τῇ
3349 1344 3658 1414 προγνώσει
3687 1346 3786 1399 τοῦ

2207 1428 2344 1481 Θεοῦ
2376 1428 2649 1498 σύνδρομα
2678 1431 2829 1483 ἔσται
2875 1430 2944 1484 τὰ
2993 1430 3474 1504 δημιουργήματα,
3519 1436 3787 1507 δημιουρ-

2208 1518 2450 1587 γούμενα
2480 1518 2754 1587 ἀνάρχως,
2783 1520 2860 1583 ώς
2890 1521 3144 1591 ἁνάρχως
3177 1524 3343 1576 αὐτοῦ
3381 1525 3786 1595 δημιουργοῦν-

2207 1627 2316 1674 cog,
2347 1612 2467 1663 ἐπεὶ
2493 1611 2584 1662 καὶ
2608 1611 2858 1680 ἁνάρχως
2885 1612 3049 1675 αὑτός
3076 1630 3135 1666 τε
3168 1615 3557 1683 προγινώσκει,
3589 1618 3685 1671 καὶ
3717 1618 3787 1672 τὰ

2210 1705 2698 1773 προγινωσκόμενα
2731 1703 2981 1774 ἀνάρχως
3020 1704 3478 1773 προγινώσκεται.
3521 1710 3633 1763 Καὶ
3663 1711 3784 1773 πῶς

2209 1794 2360 1857 Θεὸς,
2420 1793 2531 1845 τῶν
2604 1795 2927 1863 ποιημάτων
2988 1796 3154 1849 αὐτοῦ
3209 1797 3473 1868 μηδαμῶς
3539 1800 3787 1871 ὑστέρων

2208 1886 2375 1937 ὄντων
2401 1901 2416 1949 ;

2200 1982 2207 1991 ‘
2283 1972 2386 2045 ργ’.
2419 1976 2478 2026 Et
2510 1975 2677 2045 μηδὲν
2701 1975 2944 2047 διαφέρει
2978 1977 3076 2046 τῆς
3109 1978 3203 2031 τοῦ
3240 1977 3374 2032 Θεοῦ
3421 1980 3787 2049 προγνώσεως

2209 2068 2242 2136 ἠ
2276 2066 2639 2137 δημιουργικὴ
2675 2069 2947 2137 ἐνέργεια,
2988 2069 3119 2139 οὐδὲ,
3152 2070 3215 2123 τὸ
3262 2071 3620 2141 δημιουργεῖν
3652 2074 3787 2125 ὑπό-

2211 2174 2386 2208 κειται
2432 2157 2652 2226 θελήσει
2676 2173 2691 2186 '
2725 2159 2848 2210 ἐπεὶ
2896 2158 2954 2211 δὲ
2991 2156 3386 2232 ήοῇρόγνωσις,
3424 2163 3547 2232 οὐδὲ
3586 2161 3667 2232 τῷ
3693 2162 3786 2214 θέ-

2210 2250 2324 2301 λειν
2364 2250 2691 2320 δημιουργεῖ
2716 2250 2868 2315 Θεὸς,
2929 2230 3077 2305 an?
3114 2253 3177 2304 τδ
3227 2230 3534 2320 πεφυκέναι
3583 2230 3783 2323 μόνον·

2210 2341 2304 2394 καὶ
2338 2342 2455 2403 πῶς
2484 2340 2635 2403 Θεὸς,
2662 2344 2690 2394 ὁ
2710 2340 2980 2411 θελήσεως
3008 2343 3358 2413 δημιουργῶν
3392 2345 3562 2414 χωρίς
3589 2363 3603 2408 ;

2282 2430 2376 2503 ρδ’.
2413 2432 2472 2484 '0
2506 2431 2636 2493 Θεὸς
2669 2431 2829 2494 αὐτὸς
2888 2434 2988 2500 μέν
3025 2434 3174 2485 ἐστιν
3218 2434 3277 2485 ὲν
3322 2435 3519 2503 ἐαυτῷ,
3566 2435 3643 2497 ὡς
3676 2436 3789 2487 τῶν

2207 2525 2377 2595 τριῶν
2410 2523 2566 2578 θείων
2590 2522 2968 2589 ὑποστάσεων,
3005 2525 3269 2595 συμφυῶς
3325 2527 3419 2579 καὶ
3447 2528 3635 2589 ἀϊδίως
3664 2529 3781 2596 ἔχου

2211 2620 2388 2687 μένων
2414 2618 2682 2687 ἀλλήλοιν,
2711 2618 2808 2670 καὶ
2837 2618 3094 2686 ἀφύρτως
3126 2619 3553 2689 περιχωρουσῶν
3584 2621 3665 2680 είς
3685 2619 3784 2673 ἀλ-

2210 2711 2373 2779 λήλας
2397 2724 2412 2739 ⁸
2453 2711 2511 2761 ὲν
2535 2709 2612 2778 τῷ
2639 2709 2802 2761 παντὶ
2823 2709 2880 2761 δέ
2907 2711 3054 2761 ἐστιν
3089 2711 3116 2761 6
3167 2709 3322 2774 Θεὸς,
3356 2712 3446 2763 καὶ
3476 2710 3537 2762 τὸ
3568 2712 3676 2763 πᾶν
3723 2714 3785 2762 ἑν

2207 2802 2285 2870 τῷ
2312 2802 2450 2872 Θεῷ,
2481 2804 2508 2854 δ
2542 2800 2639 2869 μὲν
2664 2801 2740 2864 ὡς
2765 2801 3027 2871 συνέχων,
3053 2802 3115 2855 τὸ
3139 2802 3195 2855 δὲ
3222 2801 3296 2865 ώς
3327 2801 3420 2855 ὑπ’
3443 2804 3610 2855 αὑτοῦ
3653 2822 3749 2856 συν
3768 2838 3779 2843 -

2207 2893 2505 2962 εχὸμενον’
2544 2894 2741 2946 οὐκοῦν
2780 2894 2876 2947 καὶ
2938 2896 3035 2964 τῆς
3095 2897 3420 2964 συνεκτικῆς
3468 2897 3773 2965 ἐνεργείας,

2206 2984 2322 3037 ἀλλ’
2354 2984 2476 3054 οὐχὶ
2528 2984 2629 3051 τῆς
2672 2985 2859 3047 οὐσίας
2897 2987 2966 3039 τὰ
3002 2986 3181 3039 πάντα
3239 2989 3454 3055 μετέχει
3484 2987 3577 3039 τοῦ
3623 2988 3781 3042 Θεοῦ.

2128 3098 2172 3155 c
2208 3076 2371 3131 Ταῦτ’
2410 3078 2518 3147 ἄρα
2570 3077 2665 3130 καὶ
2718 3079 2767 3131 οἱ
2838 3078 3077 3145 θεολόγοι
3136 3080 3416 3150 ἐνέργειά-δ
3473 3095 3604 3148 φασι
3648 3079 3781 3133 Θεοῦ

2207 3163 2369 3231 εἶναι,
2401 3170 2459 3220 τὸ
2498 3164 2636 3220 εἶναι
2664 3169 2853 3221 τοῦτον
2880 3169 3178 3239 πανταχοῦ.

2279 3264 2376 3328 ρε⁹.
2413 3259 2517 3311 Καὶ
2548 3262 2594 3311 οἱ
2619 3259 2698 3330 τῷ
2730 3260 2848 3328 Θεῷ
2878 3260 3373 3331 εὺαρεστήσαντες,
3404 3262 3497 3315 καὶ
3528 3262 3623 3315 τοῦ
3643 3262 3713 3315 δι’
3745 3262 3776 3314 6

2209 3352 2468 3416 γεγόνασι
2521 3352 2900 3420 ἐπιτυχόντες,
2934 3352 3179 3405 τουτέστι
3211 3352 3311 3421 τῆς
3366 3351 3640 3415 θεώσεως.
3687 3353 3780 3415 El;

2212 3441 2370 3493 τοῦτο
2392 3442 2523 3511 γὰρ,
2563 3443 2717 3509 φασὶ,
2765 3443 3067 3509 πεποίηκεν
3114 3444 3262 3513 ἡμᾶς
3300 3443 3329 3496 6
3365 3442 3517 3508 Θεὸς,
3550 3444 3637 3495 ἵνα
3670 3458 3787 3494 κοι-

2206 3532 2406 3595 νωνοὺς
2438 3534 2640 3604 ποιήσῃ
2668 3532 2766 3601 τῆς
2787 3533 2997 3595 οἰκείας
3020 3533 3296 3602 θεότητος,
3324 3538 3418 3588 καὶ
3474 3533 3525 3585 oi
3549 3533 3783 3585 τοιοῦτοι

2206 3621 2385 3674 τοίνυν
2418 3624 2474 3673 ὲν
2506 3622 2582 3691 τῷ
2603 3621 2720 3689 Θεῷ
2741 3625 2880 3674 εἰσιν
2912 3623 2987 3685 ώς
3009 3622 3100 3676 ὑπ’
3145 3624 3311 3676 αὐτοῦ
3347 3623 3777 3693 θεοποιοῦμενοι,

2205 3712 2300 3765 καὶ
2331 3713 2359 3763 6
2386 3712 2518 3775 Θεὸς
2567 3714 2625 3764 ἐν
2653 3714 2857 3777 αὐτοῖς,
2889 3715 2963 3778 ὡς
3015 3715 3280 3768 θεοποιῶν
3333 3715 3532 3780 αὐτούς
3600 3717 3771 3770 ἐστιν.

2205 3801 2414 3854 Οὐκοῦν
2444 3801 2538 3854 καὶ
2569 3802 2723 3854 αὐτοὶ
2759 3803 2860 3872 τῆς
2902 3803 3054 3866 Θείας
3088 3805 3392 3874 ἐνεργείας,
3428 3808 3478 3858 εἰ
3519 3805 3620 3859 καὶ
3649 3806 3775 3875 τρό-

2203 3910 2304 3946 πον
2334 3894 2540 3964 ἒτερον,
2587 3893 2704 3947 ἀλλ’
2738 3895 2859 3966 οὐχὶ
2911 3897 3009 3965 τῆς
3071 3897 3262 3955 οὐσίας
3314 3896 3412 3949 τοῦ
3457 3897 3596 3949 Θεοῦ
3646 3916 3778 3966 μετ·

2204 3984 2407 4055 έχουσι.
2454 3985 2547 4038 Διὸ
2607 3985 2702 4039 καὶ
2750 3987 2801 4039 οί
2853 3986 3093 4055 θεολόγοι
3144 3988 3242 4057 τῆς
3289 3986 3441 4052 θείας
3502 3990 3779 4057 asprata;

2202 4072 2342 4132 εἶναι
2372 4078 2542 4149 ὄνομα
2565 4077 2663 4149 τὴν
2695 4078 2927 4147 θεότητά
2952 4094 3137 4146 φασιν.

2279 4189 2390 4260 pg".
2437 4189 2500 4244 ἸΙ
2531 4188 2875 4260 ὕπερούσιος,
2908 4190 3003 4243 καὶ
3037 4188 3342 4261 ὐπέρζωος,
3373 4188 3470 4243 καὶ
3492 4191 3775 4260 ὕπέρθεος,

2204 4285 2299 4337 καὶ
2331 4283 2675 4354 ὑπεράγαθος
2704 4283 2885 4352 φύσις,
2978 4282 3324 4354 ὕπεράγαθός
3349 4284 3466 4334 ἐστι
3497 4284 3595 4334 καὶ
3616 4281 3783 4349 ὑπὲρ»

2205 4376 2323 4439 θεος
2380 4377 2475 4429 καὶ¹
2522 4375 2591 4428 τὰ
2633 4377 2879 4440 ’τοιαῦτα⁹
2938 4374 3063 4428 οὕτε
3101 4374 3343 4442 λέγεται,
3376 4371 3503 4426 οὔτε
3555 4375 3780 4432 νοεῖται,

533 4470 630 4509 nec
686 4456 1014 4520 nominatur,
1070 4472 1170 4510 nec
1222 4458 1564 4526 intelligitur,
1620 4476 1720 4515 nec
1776 4463 1887 4515 ullo
1933 4465 2094 4518 modo

2204 4467 2324 4524 οὔτε
2351 4468 2488 4529 ὅλως
2511 4484 2629 4530 πως
2653 4464 2963 4536 θεωρεῖται,
2982 4466 3071 4519 διὰ
3095 4465 3179 4529 τὸ,
3208 4466 3424 4522 πάντων
3444 4464 3780 4533 ἐξῃρημένη.

532 4547 795 4609 cernitur,
827 4548 956 4614 quia
999 4548 1255 4603 omnibus
1314 4549 1473 4619 longe
1507 4562 1770 4617 praestans
1800 4564 1855 4607 et
1914 4556 2096 4622 ignota

532 4648 637 4701 est,
674 4647 728 4689 et
778 4638 908 4706 ipsis
953 4638 1267 4692 cmlestibus
1297 4642 1578 4710 spiritibus
1609 4648 1969 4713 supersedens
2011 4648 2096 4701 in-

532 4730 999 4798 comprebensibili
1060 4732 1323 4799 potentia,
1352 4743 1408 4786 et
1441 4735 1693 4790 omnibus
1740 4739 1960 4791 omnino
2010 4743 2096 4792 in-

532 4821 883 4887 intelligibilis
932 4832 986 4877 et
1031 4823 1319 4877 ineli'abilis
1369 4840 1605 4894 semper.
1661 4827 1902 4896 Namque
1955 4830 2097 4884 illius

532 4926 633 4963 non
663 4924 745 4966 est
802 4927 996 4967 nomen
1052 4915 1104 4967 in
1143 4917 1396 4983 praesenti
1456 4919 1654 4971 swenlo
1686 4919 1767 4972 vel
1818 4920 1869 4972 in
1913 4919 2095 4974 futuro

533 5005 892 5072 nominatum,
937 5021 1035 5060 nec
1077 5022 1260 5063 sermo
1315 5009 1366 5060 in
1418 5010 1594 5061 anima
1655 5021 1954 5079 conceptus
2010 5012 2096 5065 vel

533 5098 711 5167 lingua
743 5099 1006 5163 prolatus,
1044 5113 1142 5151 nec
1176 5109 1353 5153 tactus
1392 5111 1481 5153 aut
1513 5101 1789 5167 perceptio
1823 5102 2094 5156 sensualis

535 5188 611 5239 vel
639 5189 1042 5254 intellectualis,
1079 5190 1187 5241 imo
1223 5205 1319 5243 nec
1359 5191 1466 5243 ulla
1498 5191 1865 5254 ‘iutaginalio.
1904 5192 2094 5259 itaque

534 5278 767 5344 theologi
797 5278 983 5331 dicunt
1014 5278 1225 5333 aﬂinins
1256 5295 1377 5334 eam
1414 5283 1594 5334 vocari
1626 5283 2091 5350 propositionibus

534 5368 921 5438 perfectissime
943 5370 1570 5439 incomprebensibilem,
1598 5375 1722 5442 quia
1746 5375 1925 5426 ountia
1950 5390 2094 5441 qnw-

534 5477 740 5533 cunque
792 5473 920 5516 sunt
942 5462 1286 5531 aliquatenus
1318 5475 1444 5519 sunt
1473 5468 1555 5519 vel
1587 5466 1842 5521 dicuntur
1870 5481 2093 5532 supere-

536 5554 801 5607 minenter
839 5555 1068 5621 excedit,
1112 5556 1183 5608 ita
1235 5565 1294 5608 ut
1322 5553 1470 5608 illam
1507 5571 1574 5609 ne
1605 5558 1753 5626 justo
1787 5557 2001 5625 quidem
2039 5567 2094 5612 et

536 5646 748 5712 proprio
783 5647 1002 5700 nomine
1035 5650 1328 5700 essentiam
1360 5660 1414 5701 et
1446 5657 1691 5702 naturam
1734 5665 2091 5717 nuncupave-

538 5735 606 5787 rit
645 5741 954 5806 quicunqne
1007 5738 1252 5793 veritatis
1304 5740 1526 5793 veritaze
1596 5739 1743 5792 omni
1799 5741 2093 5809 superimis

2205 4561 2300 4612 καὶ
2357 4558 2778 4628 ὑπεράγνωστος
2833 4553 2995 4618 εἶναι,
3055 4558 3152 4610 καὶ
3205 4556 3317 4609 τῶν
3367 4555 3781 4625 ὐπερουρανίων

2203 4652 2337 4703 νόων
2366 4648 2772 4718 ὑπεριδρυμένη
2808 4649 3169 4717 ἁπεριλήπτῳ
3215 4648 3469 4715 δυνάμει,
3518 4647 3617 4699 καὶ
3646 4646 3780 4697 erit:

2202 4744 2377 4811 πάντη
2402 4741 2639 4811 ἄληπτός
2657 4758 2715 4792 τε
2738 4742 2831 4792 καὶ
2863 4740 3102 4810 ἄρρητος
3140 4738 3249 4791 αἰεί
3275 4754 3290 4768 ⁸
3323 4737 3444 4789 οὐδὲ
3471 4736 3585 4805 γὰρ
3609 4735 3782 4803 ὅνομί

2201 4834 2349 4884 ἐστιν
2386 4831 2559 4899 αὐτῆς
2596 4831 2739 4881 κατὰ
2762 4829 2852 4882 τὸν
2883 4828 2979 4882 νῦν
3028 4828 3223 4891 αἰῶνα,
3259 4827 3292 4898 ἦ
3325 4827 3468 4880 κατὰ
3512 4827 3606 4877 τὸν
3646 4825 3777 4893 μέλ-

2197 4923 2355 4975 λοντα
2389 4920 2810 4991 ὀνομαζόμενον,
2845 4922 2903 4973 οὐ
2960 4920 3131 4988 λόγος
3155 4922 3213 4973 ὲν
3254 4920 3402 4989 ψυχῇ
3446 4918 3776 4985 συνιστάμε-

2196 5030 2304 5076 νος,
2345 5014 2376 5083 ἦ
2425 5013 2511 5065 διὰ
2563 5011 2810 5080 γλώττης
2844 5011 3272 5082 προ-φερόμενος.
3324 5010 3425 5062 οὐκ
3455 5010 3643 5077 ὲπαφή
3692 5024 3776 5069 τις

2195 5104 2288 5157 καὶ
2313 5103 2530 5174 μέθεξις
2561 5101 2814 5172 αἰσθητὴ,
2854 5102 2885 5171 ἢ
2923 5104 3106 5172 νοερὰ,
3147 5101 3264 5153 ἀλλ’
3313 5101 3438 5153 οὐδὲ
3501 5099 3775 5168 φαντασία

2195 5196 2351 5257 ὅλως.
2383 5197 2474 5247 Διὸ
2502 5196 2550 5247 οί
2581 5193 2822 5260 θεολόγοι
2852 5193 3233 5261 πλησιωτέραν
3274 5193 3412 5261 αὐτῇ
3452 5190 3655 5261 μᾶλλον
3684 5189 3770 5241 τί·

2195 5289 2396 5344 θενται,
2436 5285 2534 5353 τὴν
2581 5283 2650 5335 δι’
2698 5284 3028 5351 ἀποφάσεων
3088 5282 3433 5350 τελεωτάτην
3492 5280 3766 5346 ἀκαταλη-

2191 5377 2340 5446 ψίαν,
2377 5376 2451 5439 ὡς
2506 5375 2685 5428 πάντα
2711 5375 2809 5427 ὅσα
2871 5374 3037 5438 ἐστὶν,
3075 5375 3108 5443 ἢ
3152 5373 3289 5434 ὅλως
3323 5372 3567 5438 λέγεται,
3601 5371 3768 5438 ὑπερ·

2190 5467 2387 5537 οχικῶς
2413 5465 2844 5535 ἀφαιρουμένην”
2869 5466 2962 5517 καὶ
2982 5466 3183 5530 τοίνυν,
3209 5463 3319 5516 οὐδ’
3350 5462 3544 5516 οὐσίαν
3569 5462 3758 5531 αὐτὴν,

2192 5558 2225 5629 ἦ
2261 5558 2443 5624 φύσιν,
2471 5557 2739 5625 ὀνομάσαι
2768 5555 3008 5620 θεμιτὸν,
3042 5553 3378 5624 ὀνομάζοντα
3403 5553 3640 5622 κυρίως,
3673 5552 3764 5603 ὅσ-

2190 5667 2275 5712 τις
2301 5650 2437 5719 ὑπὲρ
2459 5649 2644 5700 πᾶσαν
2661 5648 2918 5717 ἀλήθειαν
2940 5649 3200 5717 ἀληθείας
3219 5645 3573 5714 ἐπιγνώμων.
3613 5642 3763 5696 Ἐπεὶ

2189 5742 2233 5794 δ’
2264 5739 2417 5801 αὖθις
2444 5740 2662 5793 πάντων
2693 5739 2839 5791 ἐστὶν
2862 5738 3029 5803 αἰτία,
3067 5740 3160 5791 καὶ
3188 5738 3314 5801 περὶ
3348 5736 3521 5805 αὐτὴν
3562 5736 3761 5795 πάντα,
