  <div class='ocr_page' id='page_1' title='image "/cluster/home/n/w/nwhite01/storage/ocr_20150623/150/mdp.39015078384743/604.png"; bbox 0 0 4102 6344; ppageno 0'>
   <div class='ocr_carea' id='block_1_1' title="bbox 268 322 407 386">
    <p class='ocr_par' dir='ltr' id='par_1_1' title="bbox 268 322 407 386">
     <span class='ocr_line' id='line_1_1' title="bbox 268 322 407 386; baseline -0.058 0"><span class='ocrx_word' id='word_1_1' title='bbox 268 322 407 386; x_wconf 78' lang='lat'><strong>1193</strong></span> 
     </span>
    </p>
   </div>
   <div class='ocr_carea' id='block_1_2' title="bbox 270 426 1842 518">
    <p class='ocr_par' dir='ltr' id='par_1_2' title="bbox 270 426 1842 518">
     <span class='ocr_line' id='line_1_2' title="bbox 270 426 1842 518; baseline -0.015 -15"><span class='ocrx_word' id='word_1_2' title='bbox 270 451 364 503; x_wconf 79' lang='grc' dir='ltr'>καὶ</span> <span class='ocrx_word' id='word_1_3' title='bbox 417 448 583 518; x_wconf 80' lang='grc' dir='ltr'>αὐτῆς</span> <span class='ocrx_word' id='word_1_4' title='bbox 615 445 795 510; x_wconf 72' lang='grc' dir='ltr'>ἕνεκα,</span> <span class='ocrx_word' id='word_1_5' title='bbox 829 443 922 498; x_wconf 74' lang='grc' dir='ltr'>καὶ</span> <span class='ocrx_word' id='word_1_6' title='bbox 953 442 1089 513; x_wconf 87' lang='grc' dir='ltr'>αὐτή</span> <span class='ocrx_word' id='word_1_7' title='bbox 1120 435 1254 493; x_wconf 54' lang='grc' dir='ltr'>’ἐστι</span> <span class='ocrx_word' id='word_1_8' title='bbox 1309 438 1416 510; x_wconf 77' lang='grc' dir='ltr'><strong>πρὸ</strong></span> <span class='ocrx_word' id='word_1_9' title='bbox 1464 436 1706 496; x_wconf 81' lang='grc' dir='ltr'>πάντων,</span> <span class='ocrx_word' id='word_1_10' title='bbox 1748 426 1842 482; x_wconf 72' lang='grc' dir='ltr'>καὶ</span> 
     </span>
    </p>
   </div>
   <div class='ocr_carea' id='block_1_3' title="bbox 269 521 1840 607">
    <p class='ocr_par' dir='ltr' id='par_1_3' title="bbox 269 521 1840 607">
     <span class='ocr_line' id='line_1_3' title="bbox 269 521 1840 607; baseline -0.013 -14"><span class='ocrx_word' id='word_1_11' title='bbox 269 540 455 602; x_wconf 82' lang='grc' dir='ltr'>ἁπλῶς</span> <span class='ocrx_word' id='word_1_12' title='bbox 483 540 576 592; x_wconf 84' lang='grc' dir='ltr'>καὶ</span> <span class='ocrx_word' id='word_1_13' title='bbox 599 536 993 607; x_wconf 82' lang='grc' dir='ltr'>ἀπεριορίστως</span> <span class='ocrx_word' id='word_1_14' title='bbox 1015 535 1074 587; x_wconf 84' lang='grc' dir='ltr'><strong>ἐν</strong></span> <span class='ocrx_word' id='word_1_15' title='bbox 1107 533 1276 602; x_wconf 80' lang='grc' dir='ltr'>ἑαυτῇ</span> <span class='ocrx_word' id='word_1_16' title='bbox 1305 529 1524 586; x_wconf 72' lang='grc' dir='ltr'>ἅπαντα</span> <span class='ocrx_word' id='word_1_17' title='bbox 1575 521 1840 594; x_wconf 82' lang='grc' dir='ltr'>προείλη-</span> 
     </span>
    </p>
   </div>
   <div class='ocr_carea' id='block_1_4' title="bbox 269 611 1837 700">
    <p class='ocr_par' dir='ltr' id='par_1_4' title="bbox 269 611 1837 700">
     <span class='ocr_line' id='line_1_4' title="bbox 269 611 1837 700; baseline -0.012 -16"><span class='ocrx_word' id='word_1_18' title='bbox 269 649 387 700; x_wconf 85' lang='grc' dir='ltr'>φεν,</span> <span class='ocrx_word' id='word_1_19' title='bbox 421 633 485 685; x_wconf 86' lang='grc' dir='ltr'><strong>ἐκ</strong></span> <span class='ocrx_word' id='word_1_20' title='bbox 530 631 747 686; x_wconf 85' lang='grc' dir='ltr'>πάντων</span> <span class='ocrx_word' id='word_1_21' title='bbox 767 627 937 697; x_wconf 80' lang='grc' dir='ltr'>αὐτὴν</span> <span class='ocrx_word' id='word_1_22' title='bbox 969 623 1320 696; x_wconf 82' lang='grc' dir='ltr'><strong>ὀνομαστέον,</strong></span> <span class='ocrx_word' id='word_1_23' title='bbox 1358 611 1837 688; x_wconf 75' lang='grc' dir='ltr'><strong>καταχρηστικῶς,</strong></span> 
     </span>
    </p>
   </div>
   <div class='ocr_carea' id='block_1_5' title="bbox 266 703 1841 792">
    <p class='ocr_par' dir='ltr' id='par_1_5' title="bbox 266 703 1841 792">
     <span class='ocr_line' id='line_1_5' title="bbox 266 703 1841 792; baseline -0.014 -16"><span class='ocrx_word' id='word_1_24' title='bbox 266 723 384 776; x_wconf 85' lang='grc' dir='ltr'>ἀλλ’</span> <span class='ocrx_word' id='word_1_25' title='bbox 413 723 475 776; x_wconf 83' lang='grc' dir='ltr'>οὐ</span> <span class='ocrx_word' id='word_1_26' title='bbox 502 722 725 792; x_wconf 75' lang='grc' dir='ltr'>κυρίωςο</span> <span class='ocrx_word' id='word_1_27' title='bbox 760 717 955 773; x_wconf 85' lang='grc' dir='ltr'>οὐκοῦν</span> <span class='ocrx_word' id='word_1_28' title='bbox 985 718 1080 771; x_wconf 78' lang='grc' dir='ltr'>καὶ</span> <span class='ocrx_word' id='word_1_29' title='bbox 1110 716 1299 770; x_wconf 87' lang='grc' dir='ltr'>οὐσίαν</span> <span class='ocrx_word' id='word_1_30' title='bbox 1327 713 1499 782; x_wconf 83' lang='grc' dir='ltr'>αὐτὴν</span> <span class='ocrx_word' id='word_1_31' title='bbox 1538 710 1635 764; x_wconf 73' lang='grc' dir='ltr'>καὶ</span> <span class='ocrx_word' id='word_1_32' title='bbox 1679 703 1841 775; x_wconf 80' lang='grc' dir='ltr'>φύσιν</span> 
     </span>
    </p>
   </div>
   <div class='ocr_carea' id='block_1_6' title="bbox 272 803 1842 878">
    <p class='ocr_par' dir='ltr' id='par_1_6' title="bbox 272 803 1842 878">
     <span class='ocr_line' id='line_1_6' title="bbox 272 803 1842 878; baseline -0.001 -18"><span class='ocrx_word' id='word_1_33' title='bbox 272 806 633 878; x_wconf 78' lang='grc' dir='ltr'><strong>προσρητέον,</strong></span> <span class='ocrx_word' id='word_1_34' title='bbox 687 805 894 876; x_wconf 82' lang='grc' dir='ltr'><strong>κυρίως</strong></span> <span class='ocrx_word' id='word_1_35' title='bbox 936 803 994 856; x_wconf 81' lang='grc' dir='ltr'>δὲ</span> <span class='ocrx_word' id='word_1_36' title='bbox 1045 803 1148 873; x_wconf 80' lang='grc' dir='ltr'><strong>τὴν</strong></span> <span class='ocrx_word' id='word_1_37' title='bbox 1206 803 1516 858; x_wconf 85' lang='grc' dir='ltr'>ούσιοποιὺν</span> <span class='ocrx_word' id='word_1_38' title='bbox 1568 804 1664 858; x_wconf 91' lang='grc' dir='ltr'><strong>τοῦ</strong></span> <span class='ocrx_word' id='word_1_39' title='bbox 1704 805 1842 859; x_wconf 82' lang='grc' dir='ltr'><strong>Θεοῦ</strong></span> 
     </span>
    </p>
   </div>
   <div class='ocr_carea' id='block_1_7' title="bbox 271 894 1843 968">
    <p class='ocr_par' dir='ltr' id='par_1_7' title="bbox 271 894 1843 968">
     <span class='ocr_line' id='line_1_7' title="bbox 271 894 1843 968; baseline -0.001 -16"><span class='ocrx_word' id='word_1_40' title='bbox 271 900 494 966; x_wconf 88' lang='grc' dir='ltr'>πρόοδόν</span> <span class='ocrx_word' id='word_1_41' title='bbox 537 915 596 952; x_wconf 85' lang='grc' dir='ltr'><strong>τε</strong></span> <span class='ocrx_word' id='word_1_42' title='bbox 637 897 732 951; x_wconf 78' lang='grc' dir='ltr'><strong>καὶ</strong></span> <span class='ocrx_word' id='word_1_43' title='bbox 777 897 1096 968; x_wconf 77' lang='grc' dir='ltr'>ἐνέργειαν·</span> <span class='ocrx_word' id='word_1_44' title='bbox 1142 894 1347 966; x_wconf 91' lang='grc' dir='ltr'>ταύτην</span> <span class='ocrx_word' id='word_1_45' title='bbox 1379 896 1485 966; x_wconf 90' lang='grc' dir='ltr'><strong>γάρ</strong></span> <span class='ocrx_word' id='word_1_46' title='bbox 1525 895 1624 968; x_wconf 85' lang='grc' dir='ltr'><strong>τὴν</strong></span> <span class='ocrx_word' id='word_1_47' title='bbox 1671 895 1843 960; x_wconf 78' lang='grc' dir='ltr'>ὅντως</span> 
     </span>
    </p>
   </div>
   <div class='ocr_carea' id='block_1_8' title="bbox 271 987 1844 1060">
    <p class='ocr_par' dir='ltr' id='par_1_8' title="bbox 271 987 1844 1060">
     <span class='ocr_line' id='line_1_8' title="bbox 271 987 1844 1060; baseline 0.001 -17"><span class='ocrx_word' id='word_1_48' title='bbox 271 988 438 1044; x_wconf 84' lang='grc' dir='ltr'>οὖσαν</span> <span class='ocrx_word' id='word_1_49' title='bbox 461 989 555 1042; x_wconf 91' lang='grc' dir='ltr'><strong>τοῦ</strong></span> <span class='ocrx_word' id='word_1_50' title='bbox 581 989 755 1054; x_wconf 79' lang='grc' dir='ltr'>ὅντως</span> <span class='ocrx_word' id='word_1_51' title='bbox 784 989 936 1051; x_wconf 77' lang='grc' dir='ltr'>ὄντος</span> <span class='ocrx_word' id='word_1_52' title='bbox 963 987 1282 1059; x_wconf 80' lang='grc' dir='ltr'>θεολογικὴν</span> <span class='ocrx_word' id='word_1_53' title='bbox 1324 989 1716 1060; x_wconf 84' lang='grc' dir='ltr'>οὐσιωνυμίαν,</span> <span class='ocrx_word' id='word_1_54' title='bbox 1747 989 1844 1045; x_wconf 77' lang='grc' dir='ltr'>καὶ</span> 
     </span>
    </p>
   </div>
   <div class='ocr_carea' id='block_1_9' title="bbox 266 1081 1028 1152">
    <p class='ocr_par' dir='ltr' id='par_1_9' title="bbox 266 1081 1028 1152">
     <span class='ocr_line' id='line_1_9' title="bbox 266 1081 1028 1152; baseline 0.003 -18"><span class='ocrx_word' id='word_1_55' title='bbox 266 1083 294 1134; x_wconf 87' lang='grc' dir='ltr'>ὁ</span> <span class='ocrx_word' id='word_1_56' title='bbox 332 1082 505 1152; x_wconf 81' lang='grc' dir='ltr'>μέγας</span> <span class='ocrx_word' id='word_1_57' title='bbox 537 1081 814 1146; x_wconf 84' lang='grc' dir='ltr'>Διονύσιός</span> <span class='ocrx_word' id='word_1_58' title='bbox 842 1097 1028 1151; x_wconf 86' lang='grc' dir='ltr'>φησιν.</span> 
     </span>
    </p>
   </div>
   <div class='ocr_carea' id='block_1_10' title="bbox 345 1235 1844 1308">
    <p class='ocr_par' dir='ltr' id='par_1_10' title="bbox 345 1235 1844 1308">
     <span class='ocr_line' id='line_1_10' title="bbox 345 1235 1844 1308; baseline -0.003 -16"><span class='ocrx_word' id='word_1_59' title='bbox 345 1238 442 1308; x_wconf 79' lang='grc' dir='ltr'>ρξ’.</span> <span class='ocrx_word' id='word_1_60' title='bbox 477 1236 641 1308; x_wconf 83' lang='grc' dir='ltr'>Εὖροι</span> <span class='ocrx_word' id='word_1_61' title='bbox 677 1254 762 1300; x_wconf 91' lang='grc' dir='ltr'><strong>τις</strong></span> <span class='ocrx_word' id='word_1_62' title='bbox 795 1236 861 1291; x_wconf 80' lang='grc' dir='ltr'>ἂν</span> <span class='ocrx_word' id='word_1_63' title='bbox 905 1235 1005 1306; x_wconf 80' lang='grc' dir='ltr'>τὴν</span> <span class='ocrx_word' id='word_1_64' title='bbox 1050 1235 1150 1304; x_wconf 84' lang='grc' dir='ltr'>τῆς</span> <span class='ocrx_word' id='word_1_65' title='bbox 1184 1236 1401 1304; x_wconf 86' lang='grc' dir='ltr'>φύσεως</span> <span class='ocrx_word' id='word_1_66' title='bbox 1448 1238 1844 1306; x_wconf 78' lang='grc' dir='ltr'>προσηγορίαν,</span> 
     </span>
    </p>
   </div>
   <div class='ocr_carea' id='block_1_11' title="bbox 273 1325 1849 1398">
    <p class='ocr_par' dir='ltr' id='par_1_11' title="bbox 273 1325 1849 1398">
     <span class='ocr_line' id='line_1_11' title="bbox 273 1325 1849 1398; baseline -0.004 -15"><span class='ocrx_word' id='word_1_67' title='bbox 273 1332 410 1383; x_wconf 78' lang='grc' dir='ltr'>κάπὶ</span> <span class='ocrx_word' id='word_1_68' title='bbox 439 1329 548 1382; x_wconf 84' lang='grc' dir='ltr'><strong>τῶν</strong></span> <span class='ocrx_word' id='word_1_69' title='bbox 577 1329 822 1397; x_wconf 83' lang='grc' dir='ltr'>φυσικῶς</span> <span class='ocrx_word' id='word_1_70' title='bbox 850 1327 1162 1398; x_wconf 86' lang='grc' dir='ltr'>προσόντων</span> <span class='ocrx_word' id='word_1_71' title='bbox 1188 1325 1500 1396; x_wconf 81' lang='grc' dir='ltr'>τιθεμένην,</span> <span class='ocrx_word' id='word_1_72' title='bbox 1530 1326 1622 1378; x_wconf 89' lang='grc' dir='ltr'><strong>ἐπί</strong></span> <span class='ocrx_word' id='word_1_73' title='bbox 1644 1344 1703 1379; x_wconf 87' lang='grc' dir='ltr'><strong>τε</strong></span> <span class='ocrx_word' id='word_1_74' title='bbox 1740 1327 1849 1380; x_wconf 86' lang='grc' dir='ltr'><strong>τῶν</strong></span> 
     </span>
    </p>
   </div>
   <div class='ocr_carea' id='block_1_12' title="bbox 270 1418 1847 1487">
    <p class='ocr_par' dir='ltr' id='par_1_12' title="bbox 270 1418 1847 1487">
     <span class='ocr_line' id='line_1_12' title="bbox 270 1418 1847 1487; baseline -0.001 -12"><span class='ocrx_word' id='word_1_75' title='bbox 270 1422 507 1482; x_wconf 88' lang='grc' dir='ltr'>κτιστῶς</span> <span class='ocrx_word' id='word_1_76' title='bbox 542 1423 731 1487; x_wconf 79' lang='grc' dir='ltr'>ὄντων,</span> <span class='ocrx_word' id='word_1_77' title='bbox 767 1422 859 1474; x_wconf 75' lang='grc' dir='ltr'>καὶ</span> <span class='ocrx_word' id='word_1_78' title='bbox 907 1420 1001 1473; x_wconf 71' lang='grc' dir='ltr'><strong>ἐπὶ</strong></span> <span class='ocrx_word' id='word_1_79' title='bbox 1045 1419 1140 1474; x_wconf 83' lang='grc' dir='ltr'><strong>τοῦ</strong></span> <span class='ocrx_word' id='word_1_80' title='bbox 1193 1419 1362 1484; x_wconf 83' lang='grc' dir='ltr'>Θεοῦ,</span> <span class='ocrx_word' id='word_1_81' title='bbox 1412 1418 1488 1482; x_wconf 87' lang='grc' dir='ltr'>ὼς</span> <span class='ocrx_word' id='word_1_82' title='bbox 1524 1421 1619 1485; x_wconf 66' lang='grc' dir='ltr'>καὶ</span> <span class='ocrx_word' id='word_1_83' title='bbox 1673 1421 1701 1472; x_wconf 87' lang='grc' dir='ltr'><strong>ό</strong></span> <span class='ocrx_word' id='word_1_84' title='bbox 1737 1419 1847 1474; x_wconf 87' lang='grc' dir='ltr'><strong>τῶν</strong></span> 
     </span>
    </p>
   </div>
   <div class='ocr_carea' id='block_1_13' title="bbox 271 1510 1845 1584">
    <p class='ocr_par' dir='ltr' id='par_1_13' title="bbox 271 1510 1845 1584">
     <span class='ocr_line' id='line_1_13' title="bbox 271 1510 1845 1584; baseline -0.001 -18"><span class='ocrx_word' id='word_1_85' title='bbox 271 1513 598 1584; x_wconf 84' lang='grc' dir='ltr'>Γρηγορίων</span> <span class='ocrx_word' id='word_1_86' title='bbox 653 1511 1109 1581; x_wconf 82' lang='grc' dir='ltr'>θεολογικώτατός</span> <span class='ocrx_word' id='word_1_87' title='bbox 1152 1511 1284 1580; x_wconf 86' lang='grc' dir='ltr'>φησί</span> <span class='ocrx_word' id='word_1_88' title='bbox 1344 1528 1448 1564; x_wconf 92' lang='grc' dir='ltr'><strong>που</strong></span> <span class='ocrx_word' id='word_1_89' title='bbox 1497 1510 1604 1564; x_wconf 88' lang='grc' dir='ltr'><strong>τῶν</strong></span> <span class='ocrx_word' id='word_1_90' title='bbox 1660 1512 1845 1564; x_wconf 77' lang='grc' dir='ltr'>ἐπῶνο</span> 
     </span>
    </p>
   </div>
   <div class='ocr_carea' id='block_1_14' title="bbox 273 1603 1852 1679">
    <p class='ocr_par' dir='ltr' id='par_1_14' title="bbox 273 1603 1852 1679">
     <span class='ocr_line' id='line_1_14' title="bbox 273 1603 1852 1679; baseline -0.001 -19"><span class='ocrx_word' id='word_1_91' title='bbox 273 1604 386 1662; x_wconf 74' lang='grc' dir='ltr'>οἶδε</span> <span class='ocrx_word' id='word_1_92' title='bbox 423 1610 533 1679; x_wconf 84' lang='grc' dir='ltr'>γὰρ</span> <span class='ocrx_word' id='word_1_93' title='bbox 569 1608 633 1662; x_wconf 81' lang='grc' dir='ltr'>ἄν</span> <span class='ocrx_word' id='word_1_94' title='bbox 647 1623 810 1670; x_wconf 89' lang='grc' dir='ltr'>ακτος</span> <span class='ocrx_word' id='word_1_95' title='bbox 838 1604 972 1676; x_wconf 92' lang='grc' dir='ltr'>ἐμοῦ</span> <span class='ocrx_word' id='word_1_96' title='bbox 1028 1605 1190 1674; x_wconf 82' lang='grc' dir='ltr'>φύσις</span> <span class='ocrx_word' id='word_1_97' title='bbox 1224 1603 1382 1659; x_wconf 75' lang='grc' dir='ltr'>δλϐον</span> <span class='ocrx_word' id='word_1_98' title='bbox 1411 1605 1660 1669; x_wconf 79' lang='grc' dir='ltr'><strong>ὀπάζειν.</strong></span> <span class='ocrx_word' id='word_1_99' title='bbox 1716 1605 1852 1659; x_wconf 80' lang='grc' dir='ltr'>Οὐδὲ</span> 
     </span>
    </p>
   </div>
   <div class='ocr_carea' id='block_1_15' title="bbox 269 1698 1852 1770">
    <p class='ocr_par' dir='ltr' id='par_1_15' title="bbox 269 1698 1852 1770">
     <span class='ocr_line' id='line_1_15' title="bbox 269 1698 1852 1770; baseline 0.001 -17"><span class='ocrx_word' id='word_1_100' title='bbox 269 1703 379 1770; x_wconf 85' lang='grc' dir='ltr'><strong>γὰρ</strong></span> <span class='ocrx_word' id='word_1_101' title='bbox 416 1701 477 1753; x_wconf 86' lang='grc' dir='ltr'>τὸ</span> <span class='ocrx_word' id='word_1_102' title='bbox 509 1700 710 1754; x_wconf 82' lang='grc' dir='ltr'>διδόναι</span> <span class='ocrx_word' id='word_1_103' title='bbox 761 1699 921 1769; x_wconf 90' lang='grc' dir='ltr'>φύσις</span> <span class='ocrx_word' id='word_1_104' title='bbox 964 1698 1190 1768; x_wconf 86' lang='grc' dir='ltr'>ὁτῳοῦν,</span> <span class='ocrx_word' id='word_1_105' title='bbox 1223 1698 1360 1751; x_wconf 84' lang='grc' dir='ltr'>ἀλλὰ</span> <span class='ocrx_word' id='word_1_106' title='bbox 1406 1699 1651 1768; x_wconf 85' lang='grc' dir='ltr'>φυσικῶς</span> <span class='ocrx_word' id='word_1_107' title='bbox 1679 1699 1852 1770; x_wconf 89' lang='grc' dir='ltr'>πρόσ-</span> 
     </span>
    </p>
   </div>
   <div class='ocr_carea' id='block_1_16' title="bbox 1182 299 2649 376">
    <p class='ocr_par' dir='ltr' id='par_1_16' title="bbox 1182 299 2649 376">
     <span class='ocr_line' id='line_1_16' title="bbox 1182 299 2649 376; baseline -0.011 -2"><span class='ocrx_word' id='word_1_108' title='bbox 1182 316 1460 376; x_wconf 80' lang='lat' dir='ltr'><strong>CAPITA</strong></span> <span class='ocrx_word' id='word_1_109' title='bbox 1503 310 1832 375; x_wconf 82' lang='lat' dir='ltr'><strong>PHYSICA</strong></span> <span class='ocrx_word' id='word_1_110' title='bbox 1908 303 2424 369; x_wconf 84' lang='lat' dir='ltr'><strong>THEOLOGICA.</strong></span> <span class='ocrx_word' id='word_1_111' title='bbox 2487 299 2649 360; x_wconf 89' lang='lat' dir='ltr'><strong>ETC.</strong></span> 
     </span>
    </p>
   </div>
   <div class='ocr_carea' id='block_1_17' title="bbox 3390 290 3526 358">
    <p class='ocr_par' dir='ltr' id='par_1_17' title="bbox 3390 290 3526 358">
     <span class='ocr_line' id='line_1_17' title="bbox 3390 290 3526 358; baseline -0.022 0"><span class='ocrx_word' id='word_1_112' title='bbox 3390 290 3526 358; x_wconf 75' lang='grc'><strong>1194</strong></span> 
     </span>
    </p>
   </div>
   <div class='ocr_carea' id='block_1_18' title="bbox 1965 407 3527 492">
    <p class='ocr_par' dir='ltr' id='par_1_18' title="bbox 1965 407 3527 492">
     <span class='ocr_line' id='line_1_18' title="bbox 1965 407 3527 492; baseline -0.013 -15"><span class='ocrx_word' id='word_1_113' title='bbox 1965 422 2274 492; x_wconf 72' lang='lat' dir='ltr'><strong>indagator.</strong></span> <span class='ocrx_word' id='word_1_114' title='bbox 2338 416 2475 484; x_wconf 82' lang='lat' dir='ltr'><strong>Quia</strong></span> <span class='ocrx_word' id='word_1_115' title='bbox 2533 409 2750 468; x_wconf 83' lang='lat' dir='ltr'><strong>aliunde</strong></span> <span class='ocrx_word' id='word_1_116' title='bbox 2804 407 3048 465; x_wconf 91' lang='lat' dir='ltr'><strong>omnium</strong></span> <span class='ocrx_word' id='word_1_117' title='bbox 3105 416 3188 463; x_wconf 90' lang='lat' dir='ltr'><strong>est</strong></span> <span class='ocrx_word' id='word_1_118' title='bbox 3235 421 3419 470; x_wconf 83' lang='lat' dir='ltr'><strong>causa,</strong></span> <span class='ocrx_word' id='word_1_119' title='bbox 3470 411 3527 458; x_wconf 91' lang='lat' dir='ltr'><strong>et</strong></span> 
     </span>
    </p>
   </div>
   <div class='ocr_carea' id='block_1_19' title="bbox 1944 498 3528 581">
    <p class='ocr_par' dir='ltr' id='par_1_19' title="bbox 1944 498 3528 581">
     <span class='ocr_line' id='line_1_19' title="bbox 1944 498 3528 581; baseline -0.013 -12"><span class='ocrx_word' id='word_1_120' title='bbox 1944 514 2128 570; x_wconf 85' lang='lat' dir='ltr'><strong>omnia</strong></span> <span class='ocrx_word' id='word_1_121' title='bbox 2169 517 2295 568; x_wconf 89' lang='lat' dir='ltr'><strong>sunt</strong></span> <span class='ocrx_word' id='word_1_122' title='bbox 2339 522 2504 581; x_wconf 87' lang='lat' dir='ltr'><strong>penes</strong></span> <span class='ocrx_word' id='word_1_123' title='bbox 2567 519 2689 560; x_wconf 84' lang='lat' dir='ltr'><strong>eam</strong></span> <span class='ocrx_word' id='word_1_124' title='bbox 2714 513 2769 558; x_wconf 91' lang='lat' dir='ltr'><strong>et</strong></span> <span class='ocrx_word' id='word_1_125' title='bbox 2800 507 3019 572; x_wconf 75' lang='lat' dir='ltr'><strong>propter</strong></span> <span class='ocrx_word' id='word_1_126' title='bbox 3052 513 3193 562; x_wconf 89' lang='lat' dir='ltr'><strong>eam,</strong></span> <span class='ocrx_word' id='word_1_127' title='bbox 3215 507 3269 551; x_wconf 90' lang='lat' dir='ltr'><strong>et</strong></span> <span class='ocrx_word' id='word_1_128' title='bbox 3308 498 3420 566; x_wconf 87' lang='lat' dir='ltr'><strong>ipsa</strong></span> <span class='ocrx_word' id='word_1_129' title='bbox 3444 505 3528 550; x_wconf 90' lang='lat' dir='ltr'><strong>est</strong></span> 
     </span>
    </p>
   </div>
   <div class='ocr_carea' id='block_1_20' title="bbox 1945 592 3527 672">
    <p class='ocr_par' dir='ltr' id='par_1_20' title="bbox 1945 592 3527 672">
     <span class='ocr_line' id='line_1_20' title="bbox 1945 592 3527 672; baseline -0.012 -8"><span class='ocrx_word' id='word_1_130' title='bbox 1945 618 2071 664; x_wconf 84' lang='lat' dir='ltr'><strong>ante</strong></span> <span class='ocrx_word' id='word_1_131' title='bbox 2134 607 2317 662; x_wconf 85' lang='lat' dir='ltr'><strong>omnia</strong></span> <span class='ocrx_word' id='word_1_132' title='bbox 2359 649 2375 672; x_wconf 90' lang='lat'><strong>,</strong></span> <span class='ocrx_word' id='word_1_133' title='bbox 2443 613 2499 658; x_wconf 88' lang='lat' dir='ltr'><strong>et</strong></span> <span class='ocrx_word' id='word_1_134' title='bbox 2559 598 2886 668; x_wconf 72' lang='lat' dir='ltr'><strong>simpliciter</strong></span> <span class='ocrx_word' id='word_1_135' title='bbox 2943 603 2999 650; x_wconf 91' lang='lat' dir='ltr'><strong>et</strong></span> <span class='ocrx_word' id='word_1_136' title='bbox 3053 592 3527 660; x_wconf 88' lang='lat' dir='ltr'><strong>incircumscripte</strong></span> 
     </span>
    </p>
   </div>
   <div class='ocr_carea' id='block_1_21' title="bbox 1944 682 3524 767">
    <p class='ocr_par' dir='ltr' id='par_1_21' title="bbox 1944 682 3524 767">
     <span class='ocr_line' id='line_1_21' title="bbox 1944 682 3524 767; baseline -0.015 -10"><span class='ocrx_word' id='word_1_137' title='bbox 1944 701 2124 757; x_wconf 88' lang='lat' dir='ltr'><strong>omnia</strong></span> <span class='ocrx_word' id='word_1_138' title='bbox 2162 701 2219 755; x_wconf 92' lang='lat' dir='ltr'><strong>in</strong></span> <span class='ocrx_word' id='word_1_139' title='bbox 2250 699 2434 767; x_wconf 89' lang='lat' dir='ltr'><strong>seipsa</strong></span> <span class='ocrx_word' id='word_1_140' title='bbox 2464 692 2794 766; x_wconf 70' lang='lat' dir='ltr'><strong>prmhabuit,</strong></span> <span class='ocrx_word' id='word_1_141' title='bbox 2817 705 2882 746; x_wconf 81' lang='lat' dir='ltr'><strong>ex</strong></span> <span class='ocrx_word' id='word_1_142' title='bbox 2911 687 3169 744; x_wconf 90' lang='lat' dir='ltr'><strong>omnibus</strong></span> <span class='ocrx_word' id='word_1_143' title='bbox 3195 682 3524 740; x_wconf 85' lang='lat' dir='ltr'><strong>nominanda</strong></span> 
     </span>
    </p>
   </div>
   <div class='ocr_carea' id='block_1_22' title="bbox 1945 775 3530 863">
    <p class='ocr_par' dir='ltr' id='par_1_22' title="bbox 1945 775 3530 863">
     <span class='ocr_line' id='line_1_22' title="bbox 1945 775 3530 863; baseline -0.015 -14"><span class='ocrx_word' id='word_1_144' title='bbox 1945 803 2050 861; x_wconf 89' lang='lat' dir='ltr'><strong>est,</strong></span> <span class='ocrx_word' id='word_1_145' title='bbox 2103 791 2388 863; x_wconf 77' lang='lat' dir='ltr'><strong>analogice</strong></span> <span class='ocrx_word' id='word_1_146' title='bbox 2445 786 2690 858; x_wconf 83' lang='lat' dir='ltr'><strong>quidem,</strong></span> <span class='ocrx_word' id='word_1_147' title='bbox 2725 799 2831 838; x_wconf 89' lang='lat' dir='ltr'><strong>non</strong></span> <span class='ocrx_word' id='word_1_148' title='bbox 2885 780 3120 852; x_wconf 84' lang='lat' dir='ltr'><strong>proprie,</strong></span> <span class='ocrx_word' id='word_1_149' title='bbox 3162 787 3218 833; x_wconf 91' lang='lat' dir='ltr'><strong>et</strong></span> <span class='ocrx_word' id='word_1_150' title='bbox 3261 775 3384 830; x_wconf 86' lang='lat' dir='ltr'><strong>ideo</strong></span> <span class='ocrx_word' id='word_1_151' title='bbox 3445 783 3530 827; x_wconf 86' lang='lat' dir='ltr'><strong>est</strong></span> 
     </span>
    </p>
   </div>
   <div class='ocr_carea' id='block_1_23' title="bbox 1946 868 3528 952">
    <p class='ocr_par' dir='ltr' id='par_1_23' title="bbox 1946 868 3528 952">
     <span class='ocr_line' id='line_1_23' title="bbox 1946 868 3528 952; baseline -0.016 -9"><span class='ocrx_word' id='word_1_152' title='bbox 1946 886 2188 942; x_wconf 81' lang='lat' dir='ltr'><strong>essentia</strong></span> <span class='ocrx_word' id='word_1_153' title='bbox 2223 882 2340 952; x_wconf 86' lang='lat' dir='ltr'><strong>ipsa</strong></span> <span class='ocrx_word' id='word_1_154' title='bbox 2371 889 2428 936; x_wconf 89' lang='lat' dir='ltr'><strong>et</strong></span> <span class='ocrx_word' id='word_1_155' title='bbox 2458 886 2656 934; x_wconf 86' lang='lat' dir='ltr'><strong>natura</strong></span> <span class='ocrx_word' id='word_1_156' title='bbox 2691 873 2936 930; x_wconf 87' lang='lat' dir='ltr'><strong>vocanda</strong></span> <span class='ocrx_word' id='word_1_157' title='bbox 2979 881 3098 938; x_wconf 87' lang='lat' dir='ltr'><strong>est;</strong></span> <span class='ocrx_word' id='word_1_158' title='bbox 3137 868 3358 940; x_wconf 84' lang='lat' dir='ltr'><strong>proprie</strong></span> <span class='ocrx_word' id='word_1_159' title='bbox 3396 881 3528 920; x_wconf 84' lang='lat' dir='ltr'><strong>vero</strong></span> 
     </span>
    </p>
   </div>
   <div class='ocr_carea' id='block_1_24' title="bbox 1947 960 3530 1044">
    <p class='ocr_par' dir='ltr' id='par_1_24' title="bbox 1947 960 3530 1044">
     <span class='ocr_line' id='line_1_24' title="bbox 1947 960 3530 1044; baseline -0.014 -10"><span class='ocrx_word' id='word_1_160' title='bbox 1947 977 2187 1034; x_wconf 78' lang='lat' dir='ltr'><strong>creatrix</strong></span> <span class='ocrx_word' id='word_1_161' title='bbox 2216 974 2308 1030; x_wconf 89' lang='lat' dir='ltr'><strong>Dei</strong></span> <span class='ocrx_word' id='word_1_162' title='bbox 2338 970 2622 1044; x_wconf 86' lang='lat' dir='ltr'><strong>processio</strong></span> <span class='ocrx_word' id='word_1_163' title='bbox 2661 979 2715 1024; x_wconf 93' lang='lat' dir='ltr'><strong>et</strong></span> <span class='ocrx_word' id='word_1_164' title='bbox 2751 966 3016 1038; x_wconf 81' lang='lat' dir='ltr'><strong>operatio,</strong></span> <span class='ocrx_word' id='word_1_165' title='bbox 3051 965 3200 1019; x_wconf 90' lang='lat' dir='ltr'><strong>hanc</strong></span> <span class='ocrx_word' id='word_1_166' title='bbox 3231 960 3376 1016; x_wconf 88' lang='lat' dir='ltr'><strong>enim</strong></span> <span class='ocrx_word' id='word_1_167' title='bbox 3405 973 3530 1014; x_wconf 79' lang='lat' dir='ltr'><strong>esse</strong></span> 
     </span>
    </p>
   </div>
   <div class='ocr_carea' id='block_1_25' title="bbox 1948 1050 3530 1124">
    <p class='ocr_par' dir='ltr' id='par_1_25' title="bbox 1948 1050 3530 1124">
     <span class='ocr_line' id='line_1_25' title="bbox 1948 1050 3530 1124; baseline -0.013 -2"><span class='ocrx_word' id='word_1_168' title='bbox 1948 1084 2130 1123; x_wconf 84' lang='lat' dir='ltr'><strong>veram</strong></span> <span class='ocrx_word' id='word_1_169' title='bbox 2173 1066 2283 1122; x_wconf 89' lang='lat' dir='ltr'><strong>veri</strong></span> <span class='ocrx_word' id='word_1_170' title='bbox 2335 1063 2496 1121; x_wconf 80' lang='lat' dir='ltr'><strong>Entis</strong></span> <span class='ocrx_word' id='word_1_171' title='bbox 2545 1059 3078 1123; x_wconf 86' lang='lat' dir='ltr'><strong>denominatiouem,</strong></span> <span class='ocrx_word' id='word_1_172' title='bbox 3125 1067 3356 1124; x_wconf 87' lang='lat' dir='ltr'><strong>magnus</strong></span> <span class='ocrx_word' id='word_1_173' title='bbox 3396 1050 3530 1108; x_wconf 89' lang='lat' dir='ltr'><strong>dicit</strong></span> 
     </span>
    </p>
   </div>
   <div class='ocr_carea' id='block_1_26' title="bbox 1951 1157 2269 1227">
    <p class='ocr_par' dir='ltr' id='par_1_26' title="bbox 1951 1157 2269 1227">
     <span class='ocr_line' id='line_1_26' title="bbox 1951 1157 2269 1227; baseline -0.003 -16"><span class='ocrx_word' id='word_1_174' title='bbox 1951 1157 2269 1227; x_wconf 77' lang='lat' dir='ltr'><strong>Dionysius.</strong></span> 
     </span>
    </p>
   </div>
   <div class='ocr_carea' id='block_1_27' title="bbox 2020 1231 3530 1314">
    <p class='ocr_par' dir='ltr' id='par_1_27' title="bbox 2020 1231 3530 1314">
     <span class='ocr_line' id='line_1_27' title="bbox 2020 1231 3530 1314; baseline -0.013 -11"><span class='ocrx_word' id='word_1_175' title='bbox 2020 1249 2147 1302; x_wconf 81' lang='grc'><strong>107.</strong></span> <span class='ocrx_word' id='word_1_176' title='bbox 2183 1249 2431 1303; x_wconf 89' lang='lat' dir='ltr'><strong>Inveniet</strong></span> <span class='ocrx_word' id='word_1_177' title='bbox 2468 1243 2670 1314; x_wconf 82' lang='lat' dir='ltr'><strong>aliquis</strong></span> <span class='ocrx_word' id='word_1_178' title='bbox 2704 1251 2911 1296; x_wconf 73' lang='lat' dir='ltr'><strong>natura:</strong></span> <span class='ocrx_word' id='word_1_179' title='bbox 2948 1251 3150 1294; x_wconf 90' lang='lat' dir='ltr'><strong>nomen</strong></span> <span class='ocrx_word' id='word_1_180' title='bbox 3185 1231 3393 1304; x_wconf 90' lang='lat' dir='ltr'><strong>imponi</strong></span> <span class='ocrx_word' id='word_1_181' title='bbox 3426 1245 3530 1285; x_wconf 86' lang='lat' dir='ltr'><strong>na-</strong></span> 
     </span>
    </p>
   </div>
   <div class='ocr_carea' id='block_1_28' title="bbox 1951 1322 3534 1410">
    <p class='ocr_par' dir='ltr' id='par_1_28' title="bbox 1951 1322 3534 1410">
     <span class='ocr_line' id='line_1_28' title="bbox 1951 1322 3534 1410; baseline -0.013 -14"><span class='ocrx_word' id='word_1_182' title='bbox 1951 1340 2220 1396; x_wconf 88' lang='lat' dir='ltr'><strong>turalibus</strong></span> <span class='ocrx_word' id='word_1_183' title='bbox 2249 1337 2700 1410; x_wconf 82' lang='lat' dir='ltr'><strong>proprietatibus,</strong></span> <span class='ocrx_word' id='word_1_184' title='bbox 2730 1333 2846 1390; x_wconf 82' lang='lat' dir='ltr'><strong>sive</strong></span> <span class='ocrx_word' id='word_1_185' title='bbox 2899 1331 2954 1386; x_wconf 90' lang='lat' dir='ltr'><strong>in</strong></span> <span class='ocrx_word' id='word_1_186' title='bbox 2986 1328 3276 1393; x_wconf 87' lang='lat' dir='ltr'><strong>creaturis,</strong></span> <span class='ocrx_word' id='word_1_187' title='bbox 3315 1325 3431 1379; x_wconf 89' lang='lat' dir='ltr'><strong>sive</strong></span> <span class='ocrx_word' id='word_1_188' title='bbox 3477 1322 3534 1376; x_wconf 89' lang='lat' dir='ltr'><strong>in</strong></span> 
     </span>
    </p>
   </div>
   <div class='ocr_carea' id='block_1_29' title="bbox 1951 1415 3535 1499">
    <p class='ocr_par' dir='ltr' id='par_1_29' title="bbox 1951 1415 3535 1499">
     <span class='ocr_line' id='line_1_29' title="bbox 1951 1415 3535 1499; baseline -0.011 -14"><span class='ocrx_word' id='word_1_189' title='bbox 1951 1433 2147 1499; x_wconf 89' lang='lat' dir='ltr'><strong>Deo,ut</strong></span> <span class='ocrx_word' id='word_1_190' title='bbox 2163 1432 2467 1488; x_wconf 89' lang='lat' dir='ltr'><strong>acerrimus</strong></span> <span class='ocrx_word' id='word_1_191' title='bbox 2479 1427 2769 1497; x_wconf 82' lang='lat' dir='ltr'><strong>Gregorius</strong></span> <span class='ocrx_word' id='word_1_192' title='bbox 2786 1426 2927 1480; x_wconf 88' lang='lat' dir='ltr'><strong>inter</strong></span> <span class='ocrx_word' id='word_1_193' title='bbox 2940 1421 3220 1490; x_wconf 77' lang='lat' dir='ltr'><strong>theologus</strong></span> <span class='ocrx_word' id='word_1_194' title='bbox 3242 1418 3319 1472; x_wconf 90' lang='lat' dir='ltr'><strong>ait</strong></span> <span class='ocrx_word' id='word_1_195' title='bbox 3336 1415 3535 1472; x_wconf 88' lang='lat' dir='ltr'><strong>alicubi</strong></span> 
     </span>
    </p>
   </div>
   <div class='ocr_carea' id='block_1_30' title="bbox 1951 1509 3534 1594">
    <p class='ocr_par' dir='ltr' id='par_1_30' title="bbox 1951 1509 3534 1594">
     <span class='ocr_line' id='line_1_30' title="bbox 1951 1509 3534 1594; baseline -0.011 -15"><span class='ocrx_word' id='word_1_196' title='bbox 1951 1532 2282 1594; x_wconf 85' lang='lat' dir='ltr'><strong>poematum.</strong></span> <span class='ocrx_word' id='word_1_197' title='bbox 2303 1541 2334 1573; x_wconf 65' lang='lat'><strong><em>1</em></strong></span> <span class='ocrx_word' id='word_1_198' title='bbox 2360 1521 2473 1577; x_wconf 89' lang='lat' dir='ltr'><strong>Scit</strong></span> <span class='ocrx_word' id='word_1_199' title='bbox 2502 1521 2648 1576; x_wconf 85' lang='lat' dir='ltr'><strong>enim</strong></span> <span class='ocrx_word' id='word_1_200' title='bbox 2680 1517 2822 1588; x_wconf 89' lang='lat' dir='ltr'><strong>regis</strong></span> <span class='ocrx_word' id='word_1_201' title='bbox 2862 1514 2972 1570; x_wconf 87' lang='lat' dir='ltr'><strong>mei</strong></span> <span class='ocrx_word' id='word_1_202' title='bbox 3001 1519 3194 1567; x_wconf 83' lang='lat' dir='ltr'><strong>natura</strong></span> <span class='ocrx_word' id='word_1_203' title='bbox 3218 1509 3534 1565; x_wconf 76' lang='lat' dir='ltr'><strong>felicitatem</strong></span> 
     </span>
    </p>
   </div>
   <div class='ocr_carea' id='block_1_31' title="bbox 1950 1599 3534 1686">
    <p class='ocr_par' dir='ltr' id='par_1_31' title="bbox 1950 1599 3534 1686">
     <span class='ocr_line' id='line_1_31' title="bbox 1950 1599 3534 1686; baseline -0.012 -15"><span class='ocrx_word' id='word_1_204' title='bbox 1950 1616 2132 1686; x_wconf 85' lang='lat' dir='ltr'><strong>largiri</strong></span> <span class='ocrx_word' id='word_1_205' title='bbox 2170 1632 2214 1670; x_wconf 74' lang='grc' dir='ltr'><strong>ι.</strong></span> <span class='ocrx_word' id='word_1_206' title='bbox 2250 1612 2383 1668; x_wconf 66' lang='lat' dir='ltr'><strong>Nam</strong></span> <span class='ocrx_word' id='word_1_207' title='bbox 2429 1612 2561 1667; x_wconf 86' lang='lat' dir='ltr'><strong>dare</strong></span> <span class='ocrx_word' id='word_1_208' title='bbox 2600 1625 2706 1664; x_wconf 80' lang='lat' dir='ltr'><strong>non</strong></span> <span class='ocrx_word' id='word_1_209' title='bbox 2758 1617 2841 1663; x_wconf 90' lang='lat' dir='ltr'><strong>est</strong></span> <span class='ocrx_word' id='word_1_210' title='bbox 2919 1613 3114 1660; x_wconf 90' lang='lat' dir='ltr'><strong>natura</strong></span> <span class='ocrx_word' id='word_1_211' title='bbox 3159 1602 3406 1663; x_wconf 89' lang='lat' dir='ltr'><strong>cuilibet,</strong></span> <span class='ocrx_word' id='word_1_212' title='bbox 3440 1599 3534 1654; x_wconf 88' lang='lat' dir='ltr'><strong>sed</strong></span> 
     </span>
    </p>
   </div>
   <div class='ocr_carea' id='block_1_32' title="bbox 1951 1692 3538 1773">
    <p class='ocr_par' dir='ltr' id='par_1_32' title="bbox 1951 1692 3538 1773">
     <span class='ocr_line' id='line_1_32' title="bbox 1951 1692 3538 1773; baseline -0.014 -6"><span class='ocrx_word' id='word_1_213' title='bbox 1951 1708 2274 1767; x_wconf 86' lang='lat' dir='ltr'><strong>naturaliter</strong></span> <span class='ocrx_word' id='word_1_214' title='bbox 2316 1703 2574 1773; x_wconf 89' lang='lat' dir='ltr'><strong>competit</strong></span> <span class='ocrx_word' id='word_1_215' title='bbox 2652 1699 2920 1756; x_wconf 82' lang='lat' dir='ltr'><strong>beneﬂco.</strong></span> <span class='ocrx_word' id='word_1_216' title='bbox 2964 1697 3094 1752; x_wconf 85' lang='lat' dir='ltr'><strong>Item</strong></span> <span class='ocrx_word' id='word_1_217' title='bbox 3152 1695 3219 1750; x_wconf 91' lang='lat' dir='ltr'><strong>de</strong></span> <span class='ocrx_word' id='word_1_218' title='bbox 3266 1694 3390 1762; x_wconf 86' lang='lat' dir='ltr'><strong>igne</strong></span> <span class='ocrx_word' id='word_1_219' title='bbox 3433 1692 3538 1745; x_wconf 81' lang='lat' dir='ltr'><strong>dici</strong></span> 
     </span>
    </p>
   </div>
   <div class='ocr_carea' id='block_1_33' title="bbox 269 1784 1858 1875">
    <p class='ocr_par' dir='ltr' id='par_1_33' title="bbox 269 1786 1853 1860">
     <span class='ocr_line' id='line_1_33' title="bbox 269 1786 1853 1860; baseline 0 -18"><span class='ocrx_word' id='word_1_220' title='bbox 269 1788 491 1860; x_wconf 89' lang='grc' dir='ltr'>εστιτῷ</span> <span class='ocrx_word' id='word_1_221' title='bbox 550 1787 902 1860; x_wconf 86' lang='grc' dir='ltr'>εύεργετικῷ.</span> <span class='ocrx_word' id='word_1_222' title='bbox 939 1788 1092 1840; x_wconf 76' lang='grc' dir='ltr'><strong>Κὰπὶ</strong></span> <span class='ocrx_word' id='word_1_223' title='bbox 1141 1786 1237 1840; x_wconf 89' lang='grc' dir='ltr'><strong>τοῦ</strong></span> <span class='ocrx_word' id='word_1_224' title='bbox 1272 1787 1446 1858; x_wconf 77' lang='grc' dir='ltr'>πυρὸς</span> <span class='ocrx_word' id='word_1_225' title='bbox 1489 1787 1544 1841; x_wconf 84' lang='grc' dir='ltr'>δὲ</span> <span class='ocrx_word' id='word_1_226' title='bbox 1595 1788 1725 1860; x_wconf 81' lang='grc' dir='ltr'>φαίη</span> <span class='ocrx_word' id='word_1_227' title='bbox 1768 1806 1853 1851; x_wconf 84' lang='grc' dir='ltr'><strong>τις</strong></span> 
     </span>
    </p>
   </div>
   <div class='ocr_carea' id='block_1_34' title="bbox 1961 1784 3540 1875">
    <p class='ocr_par' dir='ltr' id='par_1_34' title="bbox 1961 1787 3540 1875">
     <span class='ocr_line' id='line_1_34' title="bbox 1961 1787 3540 1875; baseline -0.014 -17"><span class='ocrx_word' id='word_1_228' title='bbox 1961 1808 2131 1875; x_wconf 86' lang='lat' dir='ltr'><strong>p0test</strong></span> <span class='ocrx_word' id='word_1_229' title='bbox 2162 1799 2304 1854; x_wconf 88' lang='lat' dir='ltr'><strong>hanc</strong></span> <span class='ocrx_word' id='word_1_230' title='bbox 2355 1797 2405 1851; x_wconf 90' lang='lat' dir='ltr'><strong>ei</strong></span> <span class='ocrx_word' id='word_1_231' title='bbox 2440 1809 2562 1850; x_wconf 85' lang='lat' dir='ltr'><strong>esse</strong></span> <span class='ocrx_word' id='word_1_232' title='bbox 2589 1805 2839 1849; x_wconf 88' lang='lat' dir='ltr'><strong>naturam</strong></span> <span class='ocrx_word' id='word_1_233' title='bbox 2876 1799 2936 1844; x_wconf 89' lang='lat' dir='ltr'><strong>ut</strong></span> <span class='ocrx_word' id='word_1_234' title='bbox 2979 1803 3198 1844; x_wconf 82' lang='lat' dir='ltr'><strong>sursum</strong></span> <span class='ocrx_word' id='word_1_235' title='bbox 3249 1787 3453 1842; x_wconf 73' lang='lat' dir='ltr'><strong>teratur</strong></span> <span class='ocrx_word' id='word_1_236' title='bbox 3485 1794 3540 1837; x_wconf 90' lang='lat' dir='ltr'><strong>ct</strong></span> 
     </span>
    </p>
   </div>
   <div class='ocr_carea' id='block_1_35' title="bbox 273 1877 1854 1953">
    <p class='ocr_par' dir='ltr' id='par_1_35' title="bbox 273 1877 1854 1953">
     <span class='ocr_line' id='line_1_35' title="bbox 273 1877 1854 1953; baseline -0.002 -16"><span class='ocrx_word' id='word_1_237' title='bbox 273 1886 360 1946; x_wconf 82' lang='grc' dir='ltr'>ἂν,</span> <span class='ocrx_word' id='word_1_238' title='bbox 394 1883 555 1952; x_wconf 82' lang='grc' dir='ltr'>φύσιν</span> <span class='ocrx_word' id='word_1_239' title='bbox 583 1883 728 1953; x_wconf 73' lang='grc' dir='ltr'>ἔχειν</span> <span class='ocrx_word' id='word_1_240' title='bbox 751 1883 1030 1953; x_wconf 83' lang='grc' dir='ltr'>ἀνωφερὲς</span> <span class='ocrx_word' id='word_1_241' title='bbox 1062 1877 1221 1946; x_wconf 76' lang='grc' dir='ltr'>εἶναι,</span> <span class='ocrx_word' id='word_1_242' title='bbox 1250 1882 1346 1934; x_wconf 78' lang='grc' dir='ltr'>καὶ</span> <span class='ocrx_word' id='word_1_243' title='bbox 1374 1882 1490 1950; x_wconf 84' lang='grc' dir='ltr'><strong>φῶς</strong></span> <span class='ocrx_word' id='word_1_244' title='bbox 1512 1882 1717 1935; x_wconf 80' lang='grc' dir='ltr'>ἐνιέναι</span> <span class='ocrx_word' id='word_1_245' title='bbox 1739 1885 1854 1945; x_wconf 77' lang='grc' dir='ltr'>τοῖς</span> 
     </span>
    </p>
   </div>
   <div class='ocr_carea' id='block_1_36' title="bbox 271 1973 1854 2045">
    <p class='ocr_par' dir='ltr' id='par_1_36' title="bbox 271 1973 1854 2045">
     <span class='ocr_line' id='line_1_36' title="bbox 271 1973 1854 2045; baseline -0.001 -17"><span class='ocrx_word' id='word_1_246' title='bbox 271 1976 491 2045; x_wconf 78' lang='grc' dir='ltr'>ὁρῶσιν,</span> <span class='ocrx_word' id='word_1_247' title='bbox 525 1976 642 2029; x_wconf 88' lang='grc' dir='ltr'>ἀλλ’</span> <span class='ocrx_word' id='word_1_248' title='bbox 670 1975 768 2045; x_wconf 84' lang='grc' dir='ltr'>οὐχ</span> <span class='ocrx_word' id='word_1_249' title='bbox 803 1978 836 2045; x_wconf 84' lang='grc' dir='ltr'>ἠ</span> <span class='ocrx_word' id='word_1_250' title='bbox 868 1977 1079 2045; x_wconf 85' lang='grc' dir='ltr'>κίνησις</span> <span class='ocrx_word' id='word_1_251' title='bbox 1102 1973 1255 2043; x_wconf 80' lang='grc' dir='ltr'>αὐτῷ</span> <span class='ocrx_word' id='word_1_252' title='bbox 1289 1974 1473 2040; x_wconf 85' lang='grc' dir='ltr'>φύσις,</span> <span class='ocrx_word' id='word_1_253' title='bbox 1507 1974 1630 2027; x_wconf 84' lang='grc' dir='ltr'>οὐδὲ</span> <span class='ocrx_word' id='word_1_254' title='bbox 1655 1974 1718 2026; x_wconf 85' lang='grc' dir='ltr'><strong>τὸ</strong></span> <span class='ocrx_word' id='word_1_255' title='bbox 1755 1976 1854 2043; x_wconf 84' lang='grc' dir='ltr'>ἐμ-</span> 
     </span>
    </p>
   </div>
   <div class='ocr_carea' id='block_1_37' title="bbox 276 2063 1854 2133">
    <p class='ocr_par' dir='ltr' id='par_1_37' title="bbox 276 2063 1854 2133">
     <span class='ocr_line' id='line_1_37' title="bbox 276 2063 1854 2133; baseline -0.002 -15"><span class='ocrx_word' id='word_1_256' title='bbox 276 2068 450 2118; x_wconf 82' lang='grc' dir='ltr'>ποιεῖν</span> <span class='ocrx_word' id='word_1_257' title='bbox 473 2065 683 2128; x_wconf 85' lang='grc' dir='ltr'>άπλῶς,</span> <span class='ocrx_word' id='word_1_258' title='bbox 713 2063 828 2118; x_wconf 88' lang='grc' dir='ltr'>ἀλλ’</span> <span class='ocrx_word' id='word_1_259' title='bbox 871 2066 903 2133; x_wconf 80' lang='grc' dir='ltr'><strong>ἡ</strong></span> <span class='ocrx_word' id='word_1_260' title='bbox 940 2064 1039 2132; x_wconf 84' lang='grc' dir='ltr'>τῆς</span> <span class='ocrx_word' id='word_1_261' title='bbox 1084 2063 1352 2130; x_wconf 86' lang='grc' dir='ltr'>κινήσεως</span> <span class='ocrx_word' id='word_1_262' title='bbox 1401 2063 1568 2132; x_wconf 83' lang='grc' dir='ltr'>ἀρχή.</span> <span class='ocrx_word' id='word_1_263' title='bbox 1623 2064 1854 2132; x_wconf 80' lang='grc' dir='ltr'>Λέγεται</span> 
     </span>
    </p>
   </div>
   <div class='ocr_carea' id='block_1_38' title="bbox 273 2152 1860 2226">
    <p class='ocr_par' dir='ltr' id='par_1_38' title="bbox 273 2152 1860 2226">
     <span class='ocr_line' id='line_1_38' title="bbox 273 2152 1860 2226; baseline -0.002 -17"><span class='ocrx_word' id='word_1_264' title='bbox 273 2156 566 2226; x_wconf 82' lang='grc' dir='ltr'>τοιγαροῦν</span> <span class='ocrx_word' id='word_1_265' title='bbox 594 2157 688 2209; x_wconf 71' lang='grc' dir='ltr'>καὶ</span> <span class='ocrx_word' id='word_1_266' title='bbox 717 2155 784 2208; x_wconf 80' lang='grc' dir='ltr'>τὰ</span> <span class='ocrx_word' id='word_1_267' title='bbox 817 2154 1021 2222; x_wconf 84' lang='grc' dir='ltr'>φυσικά</span> <span class='ocrx_word' id='word_1_268' title='bbox 1067 2152 1250 2222; x_wconf 85' lang='grc' dir='ltr'>φύσις,</span> <span class='ocrx_word' id='word_1_269' title='bbox 1283 2153 1356 2212; x_wconf 83' lang='grc' dir='ltr'><strong>ὡς</strong></span> <span class='ocrx_word' id='word_1_270' title='bbox 1381 2153 1476 2206; x_wconf 79' lang='grc' dir='ltr'>καὶ</span> <span class='ocrx_word' id='word_1_271' title='bbox 1503 2153 1665 2219; x_wconf 77' lang='grc' dir='ltr'>αὐτὸς</span> <span class='ocrx_word' id='word_1_272' title='bbox 1691 2156 1720 2207; x_wconf 85' lang='grc' dir='ltr'>ὁ</span> <span class='ocrx_word' id='word_1_273' title='bbox 1763 2156 1860 2226; x_wconf 84' lang='grc' dir='ltr'>μέ-</span> 
     </span>
    </p>
   </div>
   <div class='ocr_carea' id='block_1_39' title="bbox 277 2244 1861 2316">
    <p class='ocr_par' dir='ltr' id='par_1_39' title="bbox 277 2244 1861 2316">
     <span class='ocr_line' id='line_1_39' title="bbox 277 2244 1861 2316; baseline 0 -16"><span class='ocrx_word' id='word_1_274' title='bbox 277 2266 381 2316; x_wconf 88' lang='grc' dir='ltr'><strong>γας</strong></span> <span class='ocrx_word' id='word_1_275' title='bbox 433 2248 709 2310; x_wconf 86' lang='grc' dir='ltr'>Διονύσιος</span> <span class='ocrx_word' id='word_1_276' title='bbox 771 2244 1003 2314; x_wconf 81' lang='grc' dir='ltr'>ἀλλαχοῦ</span> <span class='ocrx_word' id='word_1_277' title='bbox 1057 2262 1220 2314; x_wconf 87' lang='grc' dir='ltr'>φησι,</span> <span class='ocrx_word' id='word_1_278' title='bbox 1253 2245 1440 2310; x_wconf 81' lang='grc' dir='ltr'>Φύσις,</span> <span class='ocrx_word' id='word_1_279' title='bbox 1473 2245 1721 2316; x_wconf 83' lang='grc' dir='ltr'>γράφων,</span> <span class='ocrx_word' id='word_1_280' title='bbox 1783 2246 1861 2316; x_wconf 83' lang='grc' dir='ltr'>τῷ</span> 
     </span>
    </p>
   </div>
   <div class='ocr_carea' id='block_1_40' title="bbox 276 2337 1862 2410">
    <p class='ocr_par' dir='ltr' id='par_1_40' title="bbox 276 2337 1862 2410">
     <span class='ocr_line' id='line_1_40' title="bbox 276 2337 1862 2410; baseline -0.001 -17"><span class='ocrx_word' id='word_1_281' title='bbox 276 2339 466 2410; x_wconf 86' lang='grc' dir='ltr'>ἀγαθῷ</span> <span class='ocrx_word' id='word_1_282' title='bbox 504 2339 566 2392; x_wconf 84' lang='grc' dir='ltr'>τὸ</span> <span class='ocrx_word' id='word_1_283' title='bbox 607 2337 883 2409; x_wconf 81' lang='grc' dir='ltr'>παράγειν</span> <span class='ocrx_word' id='word_1_284' title='bbox 936 2338 1031 2392; x_wconf 74' lang='grc' dir='ltr'>καὶ</span> <span class='ocrx_word' id='word_1_285' title='bbox 1067 2337 1283 2402; x_wconf 79' lang='grc' dir='ltr'>σώζειν,</span> <span class='ocrx_word' id='word_1_286' title='bbox 1326 2338 1574 2408; x_wconf 88' lang='grc' dir='ltr'>δηλονότι</span> <span class='ocrx_word' id='word_1_287' title='bbox 1609 2339 1862 2407; x_wconf 82' lang='grc' dir='ltr'>φυσικῶς</span> 
     </span>
    </p>
   </div>
   <div class='ocr_carea' id='block_1_41' title="bbox 276 2428 1858 2501">
    <p class='ocr_par' dir='ltr' id='par_1_41' title="bbox 276 2428 1858 2501">
     <span class='ocr_line' id='line_1_41' title="bbox 276 2428 1858 2501; baseline -0.002 -16"><span class='ocrx_word' id='word_1_288' title='bbox 276 2431 434 2486; x_wconf 90' lang='grc' dir='ltr'>τοῦτο</span> <span class='ocrx_word' id='word_1_289' title='bbox 456 2433 749 2500; x_wconf 87' lang='grc' dir='ltr'>πρόσεστιν</span> <span class='ocrx_word' id='word_1_290' title='bbox 782 2429 948 2501; x_wconf 81' lang='grc' dir='ltr'>αύτῷ.</span> <span class='ocrx_word' id='word_1_291' title='bbox 979 2430 1091 2484; x_wconf 77' lang='grc' dir='ltr'><strong>Καὶ</strong></span> <span class='ocrx_word' id='word_1_292' title='bbox 1115 2428 1295 2483; x_wconf 80' lang='grc' dir='ltr'>τοίνυν</span> <span class='ocrx_word' id='word_1_293' title='bbox 1330 2430 1459 2483; x_wconf 83' lang='grc' dir='ltr'>ὅταν</span> <span class='ocrx_word' id='word_1_294' title='bbox 1481 2431 1721 2501; x_wconf 83' lang='grc' dir='ltr'>ἀκούσῃς</span> <span class='ocrx_word' id='word_1_295' title='bbox 1750 2431 1858 2484; x_wconf 84' lang='grc' dir='ltr'><strong>τῶν</strong></span> 
     </span>
    </p>
   </div>
   <div class='ocr_carea' id='block_1_42' title="bbox 279 2521 1856 2593">
    <p class='ocr_par' dir='ltr' id='par_1_42' title="bbox 279 2521 1856 2593">
     <span class='ocr_line' id='line_1_42' title="bbox 279 2521 1856 2593; baseline 0.001 -18"><span class='ocrx_word' id='word_1_296' title='bbox 279 2524 564 2593; x_wconf 86' lang='grc' dir='ltr'>Πατέρων,</span> <span class='ocrx_word' id='word_1_297' title='bbox 594 2524 897 2593; x_wconf 85' lang='grc' dir='ltr'>ἀμέθεκτον</span> <span class='ocrx_word' id='word_1_298' title='bbox 939 2521 1210 2589; x_wconf 89' lang='grc' dir='ltr'>λεγόντων</span> <span class='ocrx_word' id='word_1_299' title='bbox 1231 2521 1330 2591; x_wconf 84' lang='grc' dir='ltr'>τὴν</span> <span class='ocrx_word' id='word_1_300' title='bbox 1364 2522 1550 2576; x_wconf 78' lang='grc' dir='ltr'>οὐσίαν</span> <span class='ocrx_word' id='word_1_301' title='bbox 1575 2522 1668 2576; x_wconf 89' lang='grc' dir='ltr'><strong>τοῦ</strong></span> <span class='ocrx_word' id='word_1_302' title='bbox 1699 2522 1856 2587; x_wconf 84' lang='grc' dir='ltr'>Θεοῦ,</span> 
     </span>
    </p>
   </div>
   <div class='ocr_carea' id='block_1_43' title="bbox 277 2611 1862 2686">
    <p class='ocr_par' dir='ltr' id='par_1_43' title="bbox 277 2611 1862 2686">
     <span class='ocr_line' id='line_1_43' title="bbox 277 2611 1862 2686; baseline -0.001 -19"><span class='ocrx_word' id='word_1_303' title='bbox 277 2615 495 2678; x_wconf 87' lang='grc' dir='ltr'>ἐκείνην</span> <span class='ocrx_word' id='word_1_304' title='bbox 523 2632 613 2686; x_wconf 81' lang='grc' dir='ltr'><strong>μοι</strong></span> <span class='ocrx_word' id='word_1_305' title='bbox 651 2614 761 2667; x_wconf 89' lang='grc' dir='ltr'>νόει</span> <span class='ocrx_word' id='word_1_306' title='bbox 795 2612 892 2683; x_wconf 82' lang='grc' dir='ltr'>τὴν</span> <span class='ocrx_word' id='word_1_307' title='bbox 933 2611 1327 2680; x_wconf 83' lang='grc' dir='ltr'>ἀνεκφοίτητόν</span> <span class='ocrx_word' id='word_1_308' title='bbox 1365 2629 1426 2664; x_wconf 88' lang='grc' dir='ltr'><strong>τε</strong></span> <span class='ocrx_word' id='word_1_309' title='bbox 1474 2615 1566 2664; x_wconf 76' lang='grc' dir='ltr'>καὶ</span> <span class='ocrx_word' id='word_1_310' title='bbox 1596 2612 1862 2682; x_wconf 88' lang='grc' dir='ltr'>ἀνέκφαν-</span> 
     </span>
    </p>
   </div>
   <div class='ocr_carea' id='block_1_44' title="bbox 274 2702 1863 2774">
    <p class='ocr_par' dir='ltr' id='par_1_44' title="bbox 274 2702 1863 2774">
     <span class='ocr_line' id='line_1_44' title="bbox 274 2702 1863 2774; baseline -0.001 -16"><span class='ocrx_word' id='word_1_311' title='bbox 274 2721 392 2758; x_wconf 89' lang='grc' dir='ltr'>τον·</span> <span class='ocrx_word' id='word_1_312' title='bbox 420 2707 548 2758; x_wconf 84' lang='grc' dir='ltr'>ὅταν</span> <span class='ocrx_word' id='word_1_313' title='bbox 575 2707 620 2759; x_wconf 89' lang='grc' dir='ltr'>δ’</span> <span class='ocrx_word' id='word_1_314' title='bbox 654 2705 813 2767; x_wconf 78' lang='grc' dir='ltr'>αὖθις</span> <span class='ocrx_word' id='word_1_315' title='bbox 847 2702 1140 2774; x_wconf 83' lang='grc' dir='ltr'>μεθεκτὴν,</span> <span class='ocrx_word' id='word_1_316' title='bbox 1192 2702 1303 2755; x_wconf 88' lang='grc' dir='ltr'>νόει</span> <span class='ocrx_word' id='word_1_317' title='bbox 1355 2719 1444 2772; x_wconf 88' lang='grc' dir='ltr'><strong>μοι</strong></span> <span class='ocrx_word' id='word_1_318' title='bbox 1475 2704 1573 2774; x_wconf 82' lang='grc' dir='ltr'>τὴν</span> <span class='ocrx_word' id='word_1_319' title='bbox 1617 2705 1863 2772; x_wconf 87' lang='grc' dir='ltr'>φυσικῶς</span> 
     </span>
    </p>
   </div>
   <div class='ocr_carea' id='block_1_45' title="bbox 277 2792 1861 2868">
    <p class='ocr_par' dir='ltr' id='par_1_45' title="bbox 277 2792 1861 2868">
     <span class='ocr_line' id='line_1_45' title="bbox 277 2792 1861 2868; baseline -0.001 -20"><span class='ocrx_word' id='word_1_320' title='bbox 277 2797 589 2866; x_wconf 89' lang='grc' dir='ltr'>προσοῦσαν</span> <span class='ocrx_word' id='word_1_321' title='bbox 614 2797 690 2868; x_wconf 83' lang='grc' dir='ltr'>τῷ</span> <span class='ocrx_word' id='word_1_322' title='bbox 722 2795 841 2866; x_wconf 81' lang='grc' dir='ltr'>Θεῷ</span> <span class='ocrx_word' id='word_1_323' title='bbox 893 2793 1140 2862; x_wconf 79' lang='grc' dir='ltr'>πρόοδον,</span> <span class='ocrx_word' id='word_1_324' title='bbox 1176 2792 1272 2846; x_wconf 73' lang='grc' dir='ltr'>καὶ</span> <span class='ocrx_word' id='word_1_325' title='bbox 1311 2793 1409 2863; x_wconf 80' lang='grc' dir='ltr'>τὴν</span> <span class='ocrx_word' id='word_1_326' title='bbox 1445 2793 1728 2862; x_wconf 76' lang='grc' dir='ltr'>ἔκφανσιν,</span> <span class='ocrx_word' id='word_1_327' title='bbox 1768 2797 1861 2847; x_wconf 77' lang='grc' dir='ltr'>καὶ</span> 
     </span>
    </p>
   </div>
   <div class='ocr_carea' id='block_1_46' title="bbox 275 2883 1850 2959">
    <p class='ocr_par' dir='ltr' id='par_1_46' title="bbox 275 2883 1850 2959">
     <span class='ocr_line' id='line_1_46' title="bbox 275 2883 1850 2959; baseline -0.001 -20"><span class='ocrx_word' id='word_1_328' title='bbox 275 2886 377 2958; x_wconf 85' lang='grc' dir='ltr'>τὴν</span> <span class='ocrx_word' id='word_1_329' title='bbox 413 2889 712 2959; x_wconf 88' lang='grc' dir='ltr'>ἐνέργειαν,</span> <span class='ocrx_word' id='word_1_330' title='bbox 745 2887 835 2940; x_wconf 77' lang='grc' dir='ltr'><strong>καὶ</strong></span> <span class='ocrx_word' id='word_1_331' title='bbox 884 2885 1058 2947; x_wconf 77' lang='grc' dir='ltr'>οὕτως</span> <span class='ocrx_word' id='word_1_332' title='bbox 1098 2883 1345 2954; x_wconf 82' lang='grc' dir='ltr'>στέργων</span> <span class='ocrx_word' id='word_1_333' title='bbox 1375 2885 1684 2958; x_wconf 79' lang='grc' dir='ltr'>ἀμφότερα,</span> <span class='ocrx_word' id='word_1_334' title='bbox 1731 2886 1850 2956; x_wconf 75' lang='grc' dir='ltr'>ὀμόο</span> 
     </span>
    </p>
   </div>
   <div class='ocr_carea' id='block_1_47' title="bbox 278 2979 1009 3051">
    <p class='ocr_par' dir='ltr' id='par_1_47' title="bbox 278 2979 1009 3051">
     <span class='ocr_line' id='line_1_47' title="bbox 278 2979 1009 3051; baseline -0.003 -19"><span class='ocrx_word' id='word_1_335' title='bbox 278 2979 438 3047; x_wconf 75' lang='grc' dir='ltr'>λόγος</span> <span class='ocrx_word' id='word_1_336' title='bbox 465 2980 562 3051; x_wconf 79' lang='grc' dir='ltr'>ἔσῃ</span> <span class='ocrx_word' id='word_1_337' title='bbox 592 2981 702 3043; x_wconf 84' lang='grc' dir='ltr'>τοῖς</span> <span class='ocrx_word' id='word_1_338' title='bbox 740 2979 1009 3051; x_wconf 88' lang='grc' dir='ltr'>Πατράσι.</span> 
     </span>
    </p>
   </div>
   <div class='ocr_carea' id='block_1_48' title="bbox 355 3070 1855 3142">
    <p class='ocr_par' dir='ltr' id='par_1_48' title="bbox 355 3070 1855 3142">
     <span class='ocr_line' id='line_1_48' title="bbox 355 3070 1855 3142; baseline -0.009 -3"><span class='ocrx_word' id='word_1_339' title='bbox 355 3070 457 3142; x_wconf 69' lang='grc' dir='ltr'><strong>ρηἐ</strong></span> <span class='ocrx_word' id='word_1_340' title='bbox 491 3073 564 3124; x_wconf 78' lang='grc' dir='ltr'>Τδ</span> <span class='ocrx_word' id='word_1_341' title='bbox 603 3073 767 3142; x_wconf 81' lang='grc' dir='ltr'>μέρος</span> <span class='ocrx_word' id='word_1_342' title='bbox 798 3073 896 3141; x_wconf 84' lang='grc' dir='ltr'>τῆς</span> <span class='ocrx_word' id='word_1_343' title='bbox 924 3073 1115 3138; x_wconf 86' lang='grc' dir='ltr'>οὐσίας</span> <span class='ocrx_word' id='word_1_344' title='bbox 1139 3074 1234 3127; x_wconf 80' lang='grc' dir='ltr'>καὶ</span> <span class='ocrx_word' id='word_1_345' title='bbox 1263 3073 1324 3127; x_wconf 87' lang='grc' dir='ltr'>τὸ</span> <span class='ocrx_word' id='word_1_346' title='bbox 1361 3072 1725 3142; x_wconf 76' lang='grc' dir='ltr'>βραχύτατον,</span> <span class='ocrx_word' id='word_1_347' title='bbox 1759 3071 1855 3126; x_wconf 87' lang='grc' dir='ltr'>πά-</span> 
     </span>
    </p>
   </div>
   <div class='ocr_carea' id='block_1_49' title="bbox 1956 1879 3540 1951">
    <p class='ocr_par' dir='ltr' id='par_1_49' title="bbox 1956 1879 3540 1951">
     <span class='ocr_line' id='line_1_49' title="bbox 1956 1879 3540 1951; baseline -0.013 0"><span class='ocrx_word' id='word_1_348' title='bbox 1956 1899 2132 1951; x_wconf 88' lang='lat' dir='ltr'><strong>lucem</strong></span> <span class='ocrx_word' id='word_1_349' title='bbox 2165 1889 2424 1946; x_wconf 83' lang='lat' dir='ltr'><strong>immittat</strong></span> <span class='ocrx_word' id='word_1_350' title='bbox 2456 1887 2791 1949; x_wconf 88' lang='lat' dir='ltr'><strong>videntibus,</strong></span> <span class='ocrx_word' id='word_1_351' title='bbox 2841 1894 2896 1939; x_wconf 87' lang='lat' dir='ltr'><strong>at</strong></span> <span class='ocrx_word' id='word_1_352' title='bbox 2943 1899 3048 1938; x_wconf 91' lang='lat' dir='ltr'><strong>non</strong></span> <span class='ocrx_word' id='word_1_353' title='bbox 3075 1889 3160 1936; x_wconf 90' lang='lat' dir='ltr'><strong>est</strong></span> <span class='ocrx_word' id='word_1_354' title='bbox 3193 1879 3296 1949; x_wconf 90' lang='lat' dir='ltr'><strong>ipsi</strong></span> <span class='ocrx_word' id='word_1_355' title='bbox 3345 1889 3540 1932; x_wconf 85' lang='lat' dir='ltr'><strong>natura</strong></span> 
     </span>
    </p>
   </div>
   <div class='ocr_carea' id='block_1_50' title="bbox 1955 1969 3541 2050">
    <p class='ocr_par' dir='ltr' id='par_1_50' title="bbox 1955 1969 3541 2050">
     <span class='ocr_line' id='line_1_50' title="bbox 1955 1969 3541 2050; baseline -0.012 -8"><span class='ocrx_word' id='word_1_356' title='bbox 1955 1997 2166 2049; x_wconf 90' lang='lat' dir='ltr'><strong>motus,</strong></span> <span class='ocrx_word' id='word_1_357' title='bbox 2248 1998 2347 2039; x_wconf 89' lang='lat' dir='ltr'><strong>nec</strong></span> <span class='ocrx_word' id='word_1_358' title='bbox 2400 1979 2724 2050; x_wconf 88' lang='lat' dir='ltr'><strong>simpliciter</strong></span> <span class='ocrx_word' id='word_1_359' title='bbox 2777 1983 2957 2030; x_wconf 90' lang='lat' dir='ltr'><strong>motus</strong></span> <span class='ocrx_word' id='word_1_360' title='bbox 3001 1971 3309 2043; x_wconf 86' lang='lat' dir='ltr'><strong>productio,</strong></span> <span class='ocrx_word' id='word_1_361' title='bbox 3338 1969 3434 2024; x_wconf 90' lang='lat' dir='ltr'><strong>sed</strong></span> <span class='ocrx_word' id='word_1_362' title='bbox 3480 1978 3541 2023; x_wconf 91' lang='lat' dir='ltr'><strong>ut</strong></span> 
     </span>
    </p>
   </div>
   <div class='ocr_carea' id='block_1_51' title="bbox 1957 2061 3541 2137">
    <p class='ocr_par' dir='ltr' id='par_1_51' title="bbox 1957 2061 3541 2137">
     <span class='ocr_line' id='line_1_51' title="bbox 1957 2061 3541 2137; baseline -0.013 -3"><span class='ocrx_word' id='word_1_363' title='bbox 1957 2089 2140 2134; x_wconf 87' lang='lat' dir='ltr'><strong>motus</strong></span> <span class='ocrx_word' id='word_1_364' title='bbox 2193 2075 2430 2130; x_wconf 88' lang='lat' dir='ltr'><strong>initium.</strong></span> <span class='ocrx_word' id='word_1_365' title='bbox 2464 2072 2730 2125; x_wconf 87' lang='lat' dir='ltr'><strong>Dicuntur</strong></span> <span class='ocrx_word' id='word_1_366' title='bbox 2752 2067 2916 2137; x_wconf 79' lang='lat' dir='ltr'><strong>igitur</strong></span> <span class='ocrx_word' id='word_1_367' title='bbox 2933 2064 3017 2119; x_wconf 83' lang='lat' dir='ltr'><strong>vel</strong></span> <span class='ocrx_word' id='word_1_368' title='bbox 3039 2061 3308 2118; x_wconf 79' lang='lat' dir='ltr'><strong>naturalia</strong></span> <span class='ocrx_word' id='word_1_369' title='bbox 3339 2070 3541 2122; x_wconf 86' lang='lat' dir='ltr'><strong>motus,</strong></span> 
     </span>
    </p>
   </div>
   <div class='ocr_carea' id='block_1_52' title="bbox 1958 2155 3540 2240">
    <p class='ocr_par' dir='ltr' id='par_1_52' title="bbox 1958 2155 3540 2240">
     <span class='ocr_line' id='line_1_52' title="bbox 1958 2155 3540 2240; baseline -0.011 -15"><span class='ocrx_word' id='word_1_370' title='bbox 1958 2170 2160 2240; x_wconf 88' lang='lat' dir='ltr'><strong>utipse</strong></span> <span class='ocrx_word' id='word_1_371' title='bbox 2211 2180 2443 2238; x_wconf 87' lang='lat' dir='ltr'><strong>magnus</strong></span> <span class='ocrx_word' id='word_1_372' title='bbox 2488 2161 2784 2231; x_wconf 84' lang='lat' dir='ltr'><strong>Dionysius</strong></span> <span class='ocrx_word' id='word_1_373' title='bbox 2831 2158 2960 2213; x_wconf 87' lang='lat' dir='ltr'><strong>alibi</strong></span> <span class='ocrx_word' id='word_1_374' title='bbox 3019 2156 3173 2220; x_wconf 84' lang='lat' dir='ltr'><strong>dicit,</strong></span> <span class='ocrx_word' id='word_1_375' title='bbox 3241 2155 3540 2208; x_wconf 86' lang='lat' dir='ltr'><strong>scribens:</strong></span> 
     </span>
    </p>
   </div>
   <div class='ocr_carea' id='block_1_53' title="bbox 1963 2245 3545 2325">
    <p class='ocr_par' dir='ltr' id='par_1_53' title="bbox 1963 2245 3545 2325">
     <span class='ocr_line' id='line_1_53' title="bbox 1963 2245 3545 2325; baseline -0.014 -7"><span class='ocrx_word' id='word_1_376' title='bbox 1963 2282 1984 2318; x_wconf 76' lang='grc' dir='ltr'><strong>ι</strong></span> <span class='ocrx_word' id='word_1_377' title='bbox 2027 2263 2230 2318; x_wconf 85' lang='lat' dir='ltr'><strong>Natura</strong></span> <span class='ocrx_word' id='word_1_378' title='bbox 2262 2259 2392 2314; x_wconf 89' lang='lat' dir='ltr'><strong>boui</strong></span> <span class='ocrx_word' id='word_1_379' title='bbox 2428 2265 2512 2314; x_wconf 92' lang='lat' dir='ltr'><strong>est</strong></span> <span class='ocrx_word' id='word_1_380' title='bbox 2543 2253 2850 2325; x_wconf 87' lang='lat' dir='ltr'><strong>producere</strong></span> <span class='ocrx_word' id='word_1_381' title='bbox 2879 2258 2934 2304; x_wconf 91' lang='lat' dir='ltr'><strong>et</strong></span> <span class='ocrx_word' id='word_1_382' title='bbox 2988 2261 3234 2310; x_wconf 89' lang='lat' dir='ltr'><strong>servare,</strong></span> <span class='ocrx_word' id='word_1_383' title='bbox 3267 2247 3371 2302; x_wconf 90' lang='lat' dir='ltr'><strong>hoc</strong></span> <span class='ocrx_word' id='word_1_384' title='bbox 3399 2245 3545 2300; x_wconf 71' lang='lat' dir='ltr'><strong>scili-</strong></span> 
     </span>
    </p>
   </div>
   <div class='ocr_carea' id='block_1_54' title="bbox 1961 2338 3541 2413">
    <p class='ocr_par' dir='ltr' id='par_1_54' title="bbox 1961 2338 3541 2413">
     <span class='ocr_line' id='line_1_54' title="bbox 1961 2338 3541 2413; baseline -0.012 -2"><span class='ocrx_word' id='word_1_385' title='bbox 1961 2366 2053 2412; x_wconf 88' lang='lat' dir='ltr'><strong>cet</strong></span> <span class='ocrx_word' id='word_1_386' title='bbox 2085 2354 2134 2409; x_wconf 83' lang='grc' dir='ltr'>εἰ</span> <span class='ocrx_word' id='word_1_387' title='bbox 2171 2351 2498 2408; x_wconf 85' lang='lat' dir='ltr'><strong>naturaliter</strong></span> <span class='ocrx_word' id='word_1_388' title='bbox 2535 2350 2698 2403; x_wconf 86' lang='lat' dir='ltr'><strong>inest.</strong></span> <span class='ocrx_word' id='word_1_389' title='bbox 2733 2365 2752 2399; x_wconf 70' lang='grc' dir='ltr'><strong>ι</strong></span> <span class='ocrx_word' id='word_1_390' title='bbox 2803 2345 2940 2400; x_wconf 88' lang='lat' dir='ltr'><strong>Cum</strong></span> <span class='ocrx_word' id='word_1_391' title='bbox 2966 2343 3132 2413; x_wconf 81' lang='lat' dir='ltr'><strong>igitur</strong></span> <span class='ocrx_word' id='word_1_392' title='bbox 3159 2340 3310 2396; x_wconf 89' lang='lat' dir='ltr'><strong>audis</strong></span> <span class='ocrx_word' id='word_1_393' title='bbox 3349 2338 3541 2394; x_wconf 88' lang='lat' dir='ltr'><strong>Patres</strong></span> 
     </span>
    </p>
   </div>
   <div class='ocr_carea' id='block_1_55' title="bbox 1958 2431 3536 2505">
    <p class='ocr_par' dir='ltr' id='par_1_55' title="bbox 1958 2431 3536 2505">
     <span class='ocr_line' id='line_1_55' title="bbox 1958 2431 3536 2505; baseline -0.013 0"><span class='ocrx_word' id='word_1_394' title='bbox 1958 2443 2526 2505; x_wconf 89' lang='lat' dir='ltr'><strong>incommunieabilem</strong></span> <span class='ocrx_word' id='word_1_395' title='bbox 2560 2441 2803 2495; x_wconf 86' lang='lat' dir='ltr'><strong>dicentes</strong></span> <span class='ocrx_word' id='word_1_396' title='bbox 2829 2436 3128 2491; x_wconf 81' lang='lat' dir='ltr'><strong>essentiam</strong></span> <span class='ocrx_word' id='word_1_397' title='bbox 3185 2433 3306 2497; x_wconf 88' lang='lat' dir='ltr'><strong>Dei,</strong></span> <span class='ocrx_word' id='word_1_398' title='bbox 3389 2431 3536 2487; x_wconf 81' lang='lat' dir='ltr'><strong>illam</strong></span> 
     </span>
    </p>
   </div>
   <div class='ocr_carea' id='block_1_56' title="bbox 1961 2531 3544 2609">
    <p class='ocr_par' dir='ltr' id='par_1_56' title="bbox 1961 2531 3544 2609">
     <span class='ocr_line' id='line_1_56' title="bbox 1961 2531 3544 2609; baseline -0.013 -14"><span class='ocrx_word' id='word_1_399' title='bbox 1961 2539 2200 2609; x_wconf 89' lang='lat' dir='ltr'><strong>intellige</strong></span> <span class='ocrx_word' id='word_1_400' title='bbox 2227 2538 2530 2606; x_wconf 89' lang='lat' dir='ltr'><strong>inapertam</strong></span> <span class='ocrx_word' id='word_1_401' title='bbox 2564 2541 2618 2586; x_wconf 91' lang='lat' dir='ltr'><strong>et</strong></span> <span class='ocrx_word' id='word_1_402' title='bbox 2653 2531 3030 2594; x_wconf 85' lang='lat' dir='ltr'><strong>inaccessam;</strong></span> <span class='ocrx_word' id='word_1_403' title='bbox 3071 2540 3205 2583; x_wconf 91' lang='lat' dir='ltr'><strong>eum</strong></span> <span class='ocrx_word' id='word_1_404' title='bbox 3235 2539 3365 2580; x_wconf 90' lang='lat' dir='ltr'><strong>vero</strong></span> <span class='ocrx_word' id='word_1_405' title='bbox 3391 2539 3544 2578; x_wconf 87' lang='lat' dir='ltr'><strong>com-</strong></span> 
     </span>
    </p>
   </div>
   <div class='ocr_carea' id='block_1_57' title="bbox 1962 2614 3544 2687">
    <p class='ocr_par' dir='ltr' id='par_1_57' title="bbox 1962 2614 3544 2687">
     <span class='ocr_line' id='line_1_57' title="bbox 1962 2614 3544 2687; baseline -0.01 -4"><span class='ocrx_word' id='word_1_406' title='bbox 1962 2627 2348 2683; x_wconf 89' lang='lat' dir='ltr'><strong>municabilem</strong></span> <span class='ocrx_word' id='word_1_407' title='bbox 2384 2625 2595 2686; x_wconf 90' lang='lat' dir='ltr'><strong>dicunt,</strong></span> <span class='ocrx_word' id='word_1_408' title='bbox 2646 2619 2890 2687; x_wconf 89' lang='lat' dir='ltr'><strong>intellige</strong></span> <span class='ocrx_word' id='word_1_409' title='bbox 2931 2617 3240 2672; x_wconf 85' lang='lat' dir='ltr'><strong>naturalem</strong></span> <span class='ocrx_word' id='word_1_410' title='bbox 3293 2614 3384 2670; x_wconf 82' lang='lat' dir='ltr'><strong>Dei</strong></span> <span class='ocrx_word' id='word_1_411' title='bbox 3419 2629 3544 2685; x_wconf 87' lang='lat' dir='ltr'><strong>pro-</strong></span> 
     </span>
    </p>
   </div>
   <div class='ocr_carea' id='block_1_58' title="bbox 1961 2705 3545 2790">
    <p class='ocr_par' dir='ltr' id='par_1_58' title="bbox 1961 2705 3545 2790">
     <span class='ocr_line' id='line_1_58' title="bbox 1961 2705 3545 2790; baseline -0.011 -16"><span class='ocrx_word' id='word_1_412' title='bbox 1961 2719 2274 2790; x_wconf 86' lang='lat' dir='ltr'><strong>cessionem|</strong></span> <span class='ocrx_word' id='word_1_413' title='bbox 2316 2712 2922 2780; x_wconf 81' lang='lat' dir='ltr'><strong>manifestationemque</strong></span> <span class='ocrx_word' id='word_1_414' title='bbox 2967 2718 3022 2764; x_wconf 90' lang='lat' dir='ltr'><strong>et</strong></span> <span class='ocrx_word' id='word_1_415' title='bbox 3054 2705 3454 2778; x_wconf 88' lang='lat' dir='ltr'><strong>operationem,</strong></span> <span class='ocrx_word' id='word_1_416' title='bbox 3489 2713 3545 2757; x_wconf 91' lang='lat' dir='ltr'><strong>et</strong></span> 
     </span>
    </p>
   </div>
   <div class='ocr_carea' id='block_1_59' title="bbox 1961 2799 3538 2882">
    <p class='ocr_par' dir='ltr' id='par_1_59' title="bbox 1961 2799 3538 2882">
     <span class='ocr_line' id='line_1_59' title="bbox 1961 2799 3538 2882; baseline -0.01 -16"><span class='ocrx_word' id='word_1_417' title='bbox 1961 2813 2041 2867; x_wconf 89' lang='lat' dir='ltr'><strong>sic</strong></span> <span class='ocrx_word' id='word_1_418' title='bbox 2063 2815 2350 2882; x_wconf 76' lang='lat' dir='ltr'><strong>tttruque</strong></span> <span class='ocrx_word' id='word_1_419' title='bbox 2367 2806 2721 2878; x_wconf 82' lang='lat' dir='ltr'><strong>amplectens,</strong></span> <span class='ocrx_word' id='word_1_420' title='bbox 2751 2801 3102 2858; x_wconf 87' lang='lat' dir='ltr'><strong>consentiens</strong></span> <span class='ocrx_word' id='word_1_421' title='bbox 3125 2802 3232 2856; x_wconf 89' lang='lat' dir='ltr'><strong>eris</strong></span> <span class='ocrx_word' id='word_1_422' title='bbox 3258 2799 3538 2854; x_wconf 85' lang='lat' dir='ltr'><strong>Patribus.</strong></span> 
     </span>
    </p>
   </div>
   <div class='ocr_carea' id='block_1_60' title="bbox 2038 3060 3551 3125">
    <p class='ocr_par' dir='ltr' id='par_1_60' title="bbox 2038 3060 3551 3125">
     <span class='ocr_line' id='line_1_60' title="bbox 2038 3060 3551 3125; baseline -0.005 -3"><span class='ocrx_word' id='word_1_423' title='bbox 2038 3071 2162 3122; x_wconf 79' lang='grc'><strong>108.</strong></span> <span class='ocrx_word' id='word_1_424' title='bbox 2204 3069 2340 3125; x_wconf 83' lang='lat' dir='ltr'><strong>Pars</strong></span> <span class='ocrx_word' id='word_1_425' title='bbox 2364 3073 2620 3120; x_wconf 58' lang='lat' dir='ltr'><strong>essentia;</strong></span> <span class='ocrx_word' id='word_1_426' title='bbox 2663 3061 2745 3118; x_wconf 89' lang='lat' dir='ltr'><strong>vel</strong></span> <span class='ocrx_word' id='word_1_427' title='bbox 2781 3060 3109 3119; x_wconf 86' lang='lat' dir='ltr'><strong>tenuissima</strong></span> <span class='ocrx_word' id='word_1_428' title='bbox 3163 3075 3354 3116; x_wconf 89' lang='lat' dir='ltr'><strong>omnes</strong></span> <span class='ocrx_word' id='word_1_429' title='bbox 3389 3061 3551 3114; x_wconf 65' lang='lat' dir='ltr'><strong>habet</strong></span> 
     </span>
    </p>
   </div>
   <div class='ocr_carea' id='block_1_61' title="bbox 281 3154 1858 3244">
    <p class='ocr_par' dir='ltr' id='par_1_61' title="bbox 281 3163 1858 3235">
     <span class='ocr_line' id='line_1_61' title="bbox 281 3163 1858 3235; baseline -0.001 -17"><span class='ocrx_word' id='word_1_430' title='bbox 281 3181 380 3226; x_wconf 86' lang='grc' dir='ltr'><strong>σας</strong></span> <span class='ocrx_word' id='word_1_431' title='bbox 404 3163 516 3233; x_wconf 82' lang='grc' dir='ltr'>ἔχει</span> <span class='ocrx_word' id='word_1_432' title='bbox 551 3163 650 3226; x_wconf 77' lang='grc' dir='ltr'><strong>τὰς</strong></span> <span class='ocrx_word' id='word_1_433' title='bbox 672 3164 844 3232; x_wconf 81' lang='grc' dir='ltr'>αὐτῆς</span> <span class='ocrx_word' id='word_1_434' title='bbox 864 3164 1145 3234; x_wconf 85' lang='grc' dir='ltr'>δυνάμεις,</span> <span class='ocrx_word' id='word_1_435' title='bbox 1171 3165 1244 3228; x_wconf 85' lang='grc' dir='ltr'>ὡς</span> <span class='ocrx_word' id='word_1_436' title='bbox 1279 3164 1374 3218; x_wconf 69' lang='grc' dir='ltr'><strong>καὶ</strong></span> <span class='ocrx_word' id='word_1_437' title='bbox 1399 3165 1427 3216; x_wconf 87' lang='grc' dir='ltr'><strong>ὁ</strong></span> <span class='ocrx_word' id='word_1_438' title='bbox 1455 3164 1688 3235; x_wconf 82' lang='grc' dir='ltr'>σπινθὴρ</span> <span class='ocrx_word' id='word_1_439' title='bbox 1720 3163 1858 3234; x_wconf 90' lang='grc' dir='ltr'>λαμ-</span> 
     </span>
    </p>
   </div>
   <div class='ocr_carea' id='block_1_62' title="bbox 1961 3154 3548 3244">
    <p class='ocr_par' dir='ltr' id='par_1_62' title="bbox 1969 3154 3548 3231">
     <span class='ocr_line' id='line_1_62' title="bbox 1969 3154 3548 3231; baseline -0.006 -17"><span class='ocrx_word' id='word_1_440' title='bbox 1969 3160 2134 3231; x_wconf 85' lang='lat' dir='ltr'><strong>hujus</strong></span> <span class='ocrx_word' id='word_1_441' title='bbox 2165 3159 2417 3226; x_wconf 89' lang='lat' dir='ltr'><strong>virtutes;</strong></span> <span class='ocrx_word' id='word_1_442' title='bbox 2443 3158 2586 3212; x_wconf 86' lang='lat' dir='ltr'><strong>sicut</strong></span> <span class='ocrx_word' id='word_1_443' title='bbox 2619 3155 2864 3212; x_wconf 91' lang='lat' dir='ltr'><strong>scintilla</strong></span> <span class='ocrx_word' id='word_1_444' title='bbox 2904 3165 2992 3210; x_wconf 89' lang='lat' dir='ltr'><strong>est</strong></span> <span class='ocrx_word' id='word_1_445' title='bbox 3018 3154 3194 3209; x_wconf 90' lang='lat' dir='ltr'><strong>lucida</strong></span> <span class='ocrx_word' id='word_1_446' title='bbox 3224 3165 3278 3208; x_wconf 87' lang='lat' dir='ltr'><strong>et</strong></span> <span class='ocrx_word' id='word_1_447' title='bbox 3301 3155 3548 3218; x_wconf 76' lang='lat' dir='ltr'><strong>lucifera,</strong></span> 
     </span>
    </p>
   </div>
   <div class='ocr_carea' id='block_1_63' title="bbox 282 3253 1862 3327">
    <p class='ocr_par' dir='ltr' id='par_1_63' title="bbox 282 3253 1862 3327">
     <span class='ocr_line' id='line_1_63' title="bbox 282 3253 1862 3327; baseline 0.001 -19"><span class='ocrx_word' id='word_1_448' title='bbox 282 3256 421 3325; x_wconf 85' lang='grc' dir='ltr'>πρόν</span> <span class='ocrx_word' id='word_1_449' title='bbox 454 3272 513 3307; x_wconf 89' lang='grc' dir='ltr'><strong>τε</strong></span> <span class='ocrx_word' id='word_1_450' title='bbox 563 3253 658 3308; x_wconf 75' lang='grc' dir='ltr'>καὶ</span> <span class='ocrx_word' id='word_1_451' title='bbox 717 3255 1048 3320; x_wconf 88' lang='grc' dir='ltr'>φωτιστικόν</span> <span class='ocrx_word' id='word_1_452' title='bbox 1095 3257 1233 3318; x_wconf 84' lang='grc' dir='ltr'>ἐστι,</span> <span class='ocrx_word' id='word_1_453' title='bbox 1290 3255 1632 3327; x_wconf 79' lang='grc' dir='ltr'>διακριτικόν</span> <span class='ocrx_word' id='word_1_454' title='bbox 1675 3273 1730 3309; x_wconf 87' lang='grc' dir='ltr'><strong>τε</strong></span> <span class='ocrx_word' id='word_1_455' title='bbox 1765 3256 1862 3310; x_wconf 80' lang='grc' dir='ltr'>καὶ</span> 
     </span>
    </p>
   </div>
   <div class='ocr_carea' id='block_1_64' title="bbox 282 3344 1862 3418">
    <p class='ocr_par' dir='ltr' id='par_1_64' title="bbox 282 3344 1862 3418">
     <span class='ocr_line' id='line_1_64' title="bbox 282 3344 1862 3418; baseline 0.001 -17"><span class='ocrx_word' id='word_1_456' title='bbox 282 3347 578 3401; x_wconf 82' lang='grc' dir='ltr'>καυστικὸν</span> <span class='ocrx_word' id='word_1_457' title='bbox 603 3345 711 3399; x_wconf 89' lang='grc' dir='ltr'><strong>τῶν</strong></span> <span class='ocrx_word' id='word_1_458' title='bbox 742 3344 1093 3414; x_wconf 78' lang='grc' dir='ltr'>ἐγγιζόντων,</span> <span class='ocrx_word' id='word_1_459' title='bbox 1118 3347 1469 3418; x_wconf 82' lang='grc' dir='ltr'>αὐτοκίνητόν</span> <span class='ocrx_word' id='word_1_460' title='bbox 1500 3364 1557 3400; x_wconf 86' lang='grc' dir='ltr'><strong>τε</strong></span> <span class='ocrx_word' id='word_1_461' title='bbox 1581 3346 1741 3414; x_wconf 86' lang='grc' dir='ltr'>φύσει</span> <span class='ocrx_word' id='word_1_462' title='bbox 1765 3348 1862 3402; x_wconf 79' lang='grc' dir='ltr'>καὶ</span> 
     </span>
    </p>
   </div>
   <div class='ocr_carea' id='block_1_65' title="bbox 281 3431 1861 3510">
    <p class='ocr_par' dir='ltr' id='par_1_65' title="bbox 281 3431 1861 3510">
     <span class='ocr_line' id='line_1_65' title="bbox 281 3431 1861 3510; baseline 0.001 -18"><span class='ocrx_word' id='word_1_463' title='bbox 281 3439 585 3507; x_wconf 82' lang='grc' dir='ltr'>ἀνωφερὲς,</span> <span class='ocrx_word' id='word_1_464' title='bbox 635 3439 728 3492; x_wconf 77' lang='grc' dir='ltr'>καὶ</span> <span class='ocrx_word' id='word_1_465' title='bbox 771 3437 957 3502; x_wconf 82' lang='grc' dir='ltr'>ἁπλῶς</span> <span class='ocrx_word' id='word_1_466' title='bbox 992 3438 1090 3491; x_wconf 82' lang='grc' dir='ltr'>ὅσα</span> <span class='ocrx_word' id='word_1_467' title='bbox 1118 3438 1213 3491; x_wconf 72' lang='grc' dir='ltr'>καὶ</span> <span class='ocrx_word' id='word_1_468' title='bbox 1250 3438 1311 3490; x_wconf 85' lang='grc' dir='ltr'>τὸ</span> <span class='ocrx_word' id='word_1_469' title='bbox 1361 3437 1492 3508; x_wconf 87' lang='grc' dir='ltr'>πῦρ,</span> <span class='ocrx_word' id='word_1_470' title='bbox 1535 3431 1596 3491; x_wconf 79' lang='grc' dir='ltr'><strong>οῦ</strong></span> <span class='ocrx_word' id='word_1_471' title='bbox 1670 3440 1861 3510; x_wconf 83' lang='grc' dir='ltr'>μόριόν</span> 
     </span>
    </p>
   </div>
   <div class='ocr_carea' id='block_1_66' title="bbox 287 3526 1862 3598">
    <p class='ocr_par' dir='ltr' id='par_1_66' title="bbox 287 3526 1862 3598">
     <span class='ocr_line' id='line_1_66' title="bbox 287 3526 1862 3598; baseline 0.001 -18"><span class='ocrx_word' id='word_1_472' title='bbox 287 3530 439 3580; x_wconf 81' lang='grc' dir='ltr'>ἐστι’</span> <span class='ocrx_word' id='word_1_473' title='bbox 471 3528 566 3580; x_wconf 73' lang='grc' dir='ltr'>καὶ</span> <span class='ocrx_word' id='word_1_474' title='bbox 605 3530 637 3598; x_wconf 78' lang='grc' dir='ltr'>ἠ</span> <span class='ocrx_word' id='word_1_475' title='bbox 669 3527 884 3594; x_wconf 88' lang='grc' dir='ltr'>σταγὼν</span> <span class='ocrx_word' id='word_1_476' title='bbox 914 3528 982 3581; x_wconf 86' lang='grc' dir='ltr'><strong>τά</strong></span> <span class='ocrx_word' id='word_1_477' title='bbox 1020 3526 1178 3580; x_wconf 80' lang='grc' dir='ltr'>πάντ’</span> <span class='ocrx_word' id='word_1_478' title='bbox 1214 3527 1328 3596; x_wconf 81' lang='grc' dir='ltr'>ἔχει</span> <span class='ocrx_word' id='word_1_479' title='bbox 1359 3529 1460 3581; x_wconf 87' lang='grc' dir='ltr'>ὅσα</span> <span class='ocrx_word' id='word_1_480' title='bbox 1491 3528 1582 3581; x_wconf 83' lang='grc' dir='ltr'>καὶ</span> <span class='ocrx_word' id='word_1_481' title='bbox 1626 3529 1686 3580; x_wconf 80' lang='grc' dir='ltr'>τὸ</span> <span class='ocrx_word' id='word_1_482' title='bbox 1718 3529 1862 3598; x_wconf 81' lang='grc' dir='ltr'>ὕδωρ</span> 
     </span>
    </p>
   </div>
   <div class='ocr_carea' id='block_1_67' title="bbox 283 3611 1862 3689">
    <p class='ocr_par' dir='ltr' id='par_1_67' title="bbox 283 3611 1862 3689">
     <span class='ocr_line' id='line_1_67' title="bbox 283 3611 1862 3689; baseline 0.002 -19"><span class='ocrx_word' id='word_1_483' title='bbox 283 3611 344 3671; x_wconf 74' lang='grc' dir='ltr'><strong>οὗ</strong></span> <span class='ocrx_word' id='word_1_484' title='bbox 379 3622 498 3672; x_wconf 86' lang='grc' dir='ltr'>ἐστι</span> <span class='ocrx_word' id='word_1_485' title='bbox 542 3617 777 3687; x_wconf 87' lang='grc' dir='ltr'>σταγὼν,</span> <span class='ocrx_word' id='word_1_486' title='bbox 812 3618 961 3689; x_wconf 79' lang='grc' dir='ltr'>καὶὴ</span> <span class='ocrx_word' id='word_1_487' title='bbox 1003 3619 1192 3688; x_wconf 85' lang='grc' dir='ltr'>βῶλος,</span> <span class='ocrx_word' id='word_1_488' title='bbox 1215 3619 1317 3672; x_wconf 84' lang='grc' dir='ltr'>ὃσα</span> <span class='ocrx_word' id='word_1_489' title='bbox 1351 3619 1445 3673; x_wconf 71' lang='grc' dir='ltr'>καὶ</span> <span class='ocrx_word' id='word_1_490' title='bbox 1496 3621 1556 3674; x_wconf 81' lang='grc' dir='ltr'>τὸ</span> <span class='ocrx_word' id='word_1_491' title='bbox 1600 3621 1862 3688; x_wconf 79' lang='grc' dir='ltr'>μέταλλον</span> 
     </span>
    </p>
   </div>
   <div class='ocr_carea' id='block_1_68' title="bbox 283 3707 1861 3785">
    <p class='ocr_par' dir='ltr' id='par_1_68' title="bbox 283 3707 1861 3785">
     <span class='ocr_line' id='line_1_68' title="bbox 283 3707 1861 3785; baseline 0.002 -20"><span class='ocrx_word' id='word_1_492' title='bbox 283 3712 572 3781; x_wconf 85' lang='grc' dir='ltr'>κέκτηται,</span> <span class='ocrx_word' id='word_1_493' title='bbox 603 3707 773 3782; x_wconf 75' lang='grc' dir='ltr'>οὗπερ</span> <span class='ocrx_word' id='word_1_494' title='bbox 817 3711 1077 3784; x_wconf 73' lang='grc' dir='ltr'>ἀπορρὼξ</span> <span class='ocrx_word' id='word_1_495' title='bbox 1105 3713 1383 3782; x_wconf 83' lang='grc' dir='ltr'>τυγχάνει.</span> <span class='ocrx_word' id='word_1_496' title='bbox 1443 3715 1747 3785; x_wconf 81' lang='grc' dir='ltr'>Τοιγαροῦν</span> <span class='ocrx_word' id='word_1_497' title='bbox 1787 3716 1861 3768; x_wconf 80' lang='grc' dir='ltr'><strong>εἴ-</strong></span> 
     </span>
    </p>
   </div>
   <div class='ocr_carea' id='block_1_69' title="bbox 285 3803 1866 3876">
    <p class='ocr_par' dir='ltr' id='par_1_69' title="bbox 285 3803 1866 3876">
     <span class='ocr_line' id='line_1_69' title="bbox 285 3803 1866 3876; baseline 0.003 -23"><span class='ocrx_word' id='word_1_498' title='bbox 285 3818 391 3872; x_wconf 87' lang='grc' dir='ltr'><strong>περ</strong></span> <span class='ocrx_word' id='word_1_499' title='bbox 433 3804 530 3873; x_wconf 85' lang='grc' dir='ltr'>τῆς</span> <span class='ocrx_word' id='word_1_500' title='bbox 565 3804 907 3872; x_wconf 84' lang='grc' dir='ltr'>ἀνεκφάντου</span> <span class='ocrx_word' id='word_1_501' title='bbox 937 3803 1156 3873; x_wconf 85' lang='grc' dir='ltr'>ἐκείνης</span> <span class='ocrx_word' id='word_1_502' title='bbox 1188 3803 1376 3867; x_wconf 83' lang='grc' dir='ltr'>οὐσίας</span> <span class='ocrx_word' id='word_1_503' title='bbox 1434 3804 1529 3858; x_wconf 91' lang='grc' dir='ltr'><strong>τοῦ</strong></span> <span class='ocrx_word' id='word_1_504' title='bbox 1564 3805 1701 3857; x_wconf 85' lang='grc' dir='ltr'>Θεοῦ</span> <span class='ocrx_word' id='word_1_505' title='bbox 1740 3823 1866 3876; x_wconf 84' lang='grc' dir='ltr'>μετ-</span> 
     </span>
    </p>
   </div>
   <div class='ocr_carea' id='block_1_70' title="bbox 287 3892 1862 3966">
    <p class='ocr_par' dir='ltr' id='par_1_70' title="bbox 287 3892 1862 3966">
     <span class='ocr_line' id='line_1_70' title="bbox 287 3892 1862 3966; baseline 0.004 -23"><span class='ocrx_word' id='word_1_506' title='bbox 287 3892 507 3962; x_wconf 87' lang='grc' dir='ltr'>έχομεν,</span> <span class='ocrx_word' id='word_1_507' title='bbox 533 3893 636 3952; x_wconf 77' lang='grc' dir='ltr'>κᾶν</span> <span class='ocrx_word' id='word_1_508' title='bbox 663 3896 711 3946; x_wconf 80' lang='grc' dir='ltr'>εἰ</span> <span class='ocrx_word' id='word_1_509' title='bbox 749 3894 952 3963; x_wconf 62' lang='grc' dir='ltr'>πάσης,</span> <span class='ocrx_word' id='word_1_510' title='bbox 980 3894 1085 3946; x_wconf 82' lang='grc' dir='ltr'>κᾶν</span> <span class='ocrx_word' id='word_1_511' title='bbox 1111 3895 1160 3946; x_wconf 83' lang='grc' dir='ltr'><strong>εί</strong></span> <span class='ocrx_word' id='word_1_512' title='bbox 1191 3893 1380 3963; x_wconf 88' lang='grc' dir='ltr'>μορίου</span> <span class='ocrx_word' id='word_1_513' title='bbox 1420 3893 1622 3966; x_wconf 82' lang='grc' dir='ltr'>μετέχῃ</span> <span class='ocrx_word' id='word_1_514' title='bbox 1646 3913 1728 3957; x_wconf 91' lang='grc' dir='ltr'><strong>τις</strong></span> <span class='ocrx_word' id='word_1_515' title='bbox 1764 3897 1862 3949; x_wconf 80' lang='grc' dir='ltr'>αύο</span> 
     </span>
    </p>
   </div>
   <div class='ocr_carea' id='block_1_71' title="bbox 285 3983 1866 4056">
    <p class='ocr_par' dir='ltr' id='par_1_71' title="bbox 285 3983 1866 4056">
     <span class='ocr_line' id='line_1_71' title="bbox 285 3983 1866 4056; baseline 0.001 -19"><span class='ocrx_word' id='word_1_516' title='bbox 285 3986 406 4055; x_wconf 84' lang='grc' dir='ltr'>τῆς,</span> <span class='ocrx_word' id='word_1_517' title='bbox 433 3985 844 4056; x_wconf 84' lang='grc' dir='ltr'>παντοδύναμος</span> <span class='ocrx_word' id='word_1_518' title='bbox 874 3985 1046 4049; x_wconf 79' lang='grc' dir='ltr'>ἔσται,</span> <span class='ocrx_word' id='word_1_519' title='bbox 1079 3986 1168 4038; x_wconf 57' lang='grc' dir='ltr'>καὶ</span> <span class='ocrx_word' id='word_1_520' title='bbox 1201 3983 1343 4037; x_wconf 74' lang='grc' dir='ltr'>οὕτω</span> <span class='ocrx_word' id='word_1_521' title='bbox 1382 3984 1490 4038; x_wconf 87' lang='grc' dir='ltr'><strong>τῶν</strong></span> <span class='ocrx_word' id='word_1_522' title='bbox 1547 3985 1716 4038; x_wconf 74' lang='grc' dir='ltr'>ὅντων</span> <span class='ocrx_word' id='word_1_523' title='bbox 1743 3985 1866 4039; x_wconf 77' lang='grc' dir='ltr'>ἐκα-</span> 
     </span>
    </p>
   </div>
   <div class='ocr_carea' id='block_1_72' title="bbox 287 4075 1868 4146">
    <p class='ocr_par' dir='ltr' id='par_1_72' title="bbox 287 4075 1868 4146">
     <span class='ocr_line' id='line_1_72' title="bbox 287 4075 1868 4146; baseline -0.001 -17"><span class='ocrx_word' id='word_1_524' title='bbox 287 4092 414 4129; x_wconf 86' lang='grc' dir='ltr'>στον</span> <span class='ocrx_word' id='word_1_525' title='bbox 466 4075 616 4129; x_wconf 78' lang='grc' dir='ltr'>ἔσται</span> <span class='ocrx_word' id='word_1_526' title='bbox 669 4076 1107 4144; x_wconf 71' lang='grc' dir='ltr'>παντοδύναμονο</span> <span class='ocrx_word' id='word_1_527' title='bbox 1145 4075 1174 4128; x_wconf 84' lang='grc' dir='ltr'><strong>ὃ</strong></span> <span class='ocrx_word' id='word_1_528' title='bbox 1231 4075 1366 4146; x_wconf 85' lang='grc' dir='ltr'>μηδὲ</span> <span class='ocrx_word' id='word_1_529' title='bbox 1414 4076 1618 4139; x_wconf 88' lang='grc' dir='ltr'>πάντες</span> <span class='ocrx_word' id='word_1_530' title='bbox 1673 4077 1868 4146; x_wconf 81' lang='grc' dir='ltr'>ἔχομεν</span> 
     </span>
    </p>
   </div>
   <div class='ocr_carea' id='block_1_73' title="bbox 285 4165 1864 4240">
    <p class='ocr_par' dir='ltr' id='par_1_73' title="bbox 285 4165 1864 4240">
     <span class='ocr_line' id='line_1_73' title="bbox 285 4165 1864 4240; baseline 0.003 -21"><span class='ocrx_word' id='word_1_531' title='bbox 285 4165 446 4236; x_wconf 81' lang='grc' dir='ltr'>ὁμοῦ,</span> <span class='ocrx_word' id='word_1_532' title='bbox 481 4167 584 4220; x_wconf 80' lang='grc' dir='ltr'>κᾶν</span> <span class='ocrx_word' id='word_1_533' title='bbox 614 4169 794 4220; x_wconf 76' lang='grc' dir='ltr'>πᾶσαν</span> <span class='ocrx_word' id='word_1_534' title='bbox 839 4167 940 4238; x_wconf 82' lang='grc' dir='ltr'>τὴν</span> <span class='ocrx_word' id='word_1_535' title='bbox 994 4168 1172 4220; x_wconf 88' lang='grc' dir='ltr'>κτίσιν</span> <span class='ocrx_word' id='word_1_536' title='bbox 1210 4167 1635 4238; x_wconf 79' lang='grc' dir='ltr'>συμπεριλαϐὼν</span> <span class='ocrx_word' id='word_1_537' title='bbox 1682 4170 1864 4240; x_wconf 79' lang='grc' dir='ltr'>εἴπῃς.</span> 
     </span>
    </p>
   </div>
   <div class='ocr_carea' id='block_1_74' title="bbox 287 4257 1867 4330">
    <p class='ocr_par' dir='ltr' id='par_1_74' title="bbox 287 4257 1867 4330">
     <span class='ocr_line' id='line_1_74' title="bbox 287 4257 1867 4330; baseline 0.002 -20"><span class='ocrx_word' id='word_1_538' title='bbox 287 4257 459 4312; x_wconf 87' lang='grc' dir='ltr'>Τοῦτο</span> <span class='ocrx_word' id='word_1_539' title='bbox 486 4258 700 4322; x_wconf 82' lang='grc' dir='ltr'>δεικνὺς</span> <span class='ocrx_word' id='word_1_540' title='bbox 745 4262 772 4312; x_wconf 90' lang='grc' dir='ltr'><strong>ό</strong></span> <span class='ocrx_word' id='word_1_541' title='bbox 802 4259 1013 4323; x_wconf 85' lang='grc' dir='ltr'>Παῦλος</span> <span class='ocrx_word' id='word_1_542' title='bbox 1058 4261 1121 4313; x_wconf 87' lang='grc' dir='ltr'><strong>ἐκ</strong></span> <span class='ocrx_word' id='word_1_543' title='bbox 1170 4261 1508 4330; x_wconf 85' lang='grc' dir='ltr'>περιουσίας,</span> <span class='ocrx_word' id='word_1_544' title='bbox 1545 4260 1643 4313; x_wconf 78' lang='grc' dir='ltr'>καὶ</span> <span class='ocrx_word' id='word_1_545' title='bbox 1685 4261 1867 4323; x_wconf 84' lang='grc' dir='ltr'>αὐτοῖς</span> 
     </span>
    </p>
   </div>
   <div class='ocr_carea' id='block_1_75' title="bbox 287 4351 1866 4422">
    <p class='ocr_par' dir='ltr' id='par_1_75' title="bbox 287 4351 1866 4422">
     <span class='ocr_line' id='line_1_75' title="bbox 287 4351 1866 4422; baseline 0.002 -20"><span class='ocrx_word' id='word_1_546' title='bbox 287 4352 401 4413; x_wconf 82' lang='grc' dir='ltr'>τοῖς</span> <span class='ocrx_word' id='word_1_547' title='bbox 457 4351 816 4422; x_wconf 82' lang='grc' dir='ltr'>εύμοιρηκόσι</span> <span class='ocrx_word' id='word_1_548' title='bbox 873 4351 982 4404; x_wconf 90' lang='grc' dir='ltr'><strong>τῶν</strong></span> <span class='ocrx_word' id='word_1_549' title='bbox 1031 4352 1296 4406; x_wconf 85' lang='grc' dir='ltr'>θεοποιῶν</span> <span class='ocrx_word' id='word_1_550' title='bbox 1357 4352 1716 4422; x_wconf 81' lang='grc' dir='ltr'>χαρισμάτων</span> <span class='ocrx_word' id='word_1_551' title='bbox 1771 4351 1866 4405; x_wconf 91' lang='grc' dir='ltr'><strong>τοῦ</strong></span> 
     </span>
    </p>
   </div>
   <div class='ocr_carea' id='block_1_76' title="bbox 292 4442 1868 4514">
    <p class='ocr_par' dir='ltr' id='par_1_76' title="bbox 292 4442 1868 4514">
     <span class='ocr_line' id='line_1_76' title="bbox 292 4442 1868 4514; baseline 0.003 -20"><span class='ocrx_word' id='word_1_552' title='bbox 292 4442 625 4512; x_wconf 80' lang='grc' dir='ltr'>Πνεύματος,</span> <span class='ocrx_word' id='word_1_553' title='bbox 659 4445 717 4498; x_wconf 84' lang='grc' dir='ltr'><strong>ού</strong></span> <span class='ocrx_word' id='word_1_554' title='bbox 748 4442 906 4496; x_wconf 78' lang='grc' dir='ltr'>πάνθ’</span> <span class='ocrx_word' id='word_1_555' title='bbox 931 4443 1148 4514; x_wconf 77' lang='grc' dir='ltr'>ἑκάστῳ</span> <span class='ocrx_word' id='word_1_556' title='bbox 1178 4445 1460 4514; x_wconf 79' lang='grc' dir='ltr'>προσεῖναι</span> <span class='ocrx_word' id='word_1_557' title='bbox 1506 4446 1774 4514; x_wconf 80' lang='grc' dir='ltr'>μαρτυρεῖ</span> <span class='ocrx_word' id='word_1_558' title='bbox 1802 4444 1868 4498; x_wconf 88' lang='grc' dir='ltr'><strong>τά</strong></span> 
     </span>
    </p>
   </div>
   <div class='ocr_carea' id='block_1_77' title="bbox 1975 3250 3550 3322">
    <p class='ocr_par' dir='ltr' id='par_1_77' title="bbox 1975 3250 3550 3322">
     <span class='ocr_line' id='line_1_77' title="bbox 1975 3250 3550 3322; baseline -0.003 -14"><span class='ocrx_word' id='word_1_559' title='bbox 1975 3260 2030 3308; x_wconf 90' lang='lat' dir='ltr'><strong>et</strong></span> <span class='ocrx_word' id='word_1_560' title='bbox 2065 3252 2310 3322; x_wconf 83' lang='lat' dir='ltr'><strong>proxima</strong></span> <span class='ocrx_word' id='word_1_561' title='bbox 2344 3251 2655 3305; x_wconf 83' lang='lat' dir='ltr'><strong>dissolvens</strong></span> <span class='ocrx_word' id='word_1_562' title='bbox 2687 3257 2742 3304; x_wconf 90' lang='lat' dir='ltr'><strong>et</strong></span> <span class='ocrx_word' id='word_1_563' title='bbox 2767 3263 2956 3312; x_wconf 87' lang='lat' dir='ltr'><strong>urens,</strong></span> <span class='ocrx_word' id='word_1_564' title='bbox 2997 3258 3051 3304; x_wconf 88' lang='lat' dir='ltr'><strong>et</strong></span> <span class='ocrx_word' id='word_1_565' title='bbox 3099 3263 3221 3306; x_wconf 89' lang='lat' dir='ltr'><strong>sese</strong></span> <span class='ocrx_word' id='word_1_566' title='bbox 3263 3250 3405 3304; x_wconf 86' lang='lat' dir='ltr'><strong>ultro</strong></span> <span class='ocrx_word' id='word_1_567' title='bbox 3434 3266 3550 3303; x_wconf 77' lang='lat' dir='ltr'><strong>lll0~</strong></span> 
     </span>
    </p>
   </div>
   <div class='ocr_carea' id='block_1_78' title="bbox 1974 3341 3550 3411">
    <p class='ocr_par' dir='ltr' id='par_1_78' title="bbox 1974 3341 3550 3411">
     <span class='ocr_line' id='line_1_78' title="bbox 1974 3341 3550 3411; baseline -0.004 -9"><span class='ocrx_word' id='word_1_568' title='bbox 1974 3360 2110 3402; x_wconf 86' lang='lat' dir='ltr'><strong>vens</strong></span> <span class='ocrx_word' id='word_1_569' title='bbox 2140 3353 2195 3400; x_wconf 90' lang='lat' dir='ltr'><strong>et</strong></span> <span class='ocrx_word' id='word_1_570' title='bbox 2219 3359 2434 3398; x_wconf 89' lang='lat' dir='ltr'><strong>sursum</strong></span> <span class='ocrx_word' id='word_1_571' title='bbox 2468 3343 2673 3407; x_wconf 81' lang='lat' dir='ltr'><strong>ferens,</strong></span> <span class='ocrx_word' id='word_1_572' title='bbox 2698 3349 2755 3398; x_wconf 91' lang='lat' dir='ltr'><strong>et</strong></span> <span class='ocrx_word' id='word_1_573' title='bbox 2788 3342 3087 3411; x_wconf 88' lang='lat' dir='ltr'><strong>generatim</strong></span> <span class='ocrx_word' id='word_1_574' title='bbox 3127 3351 3356 3398; x_wconf 84' lang='lat' dir='ltr'><strong>cunctas</strong></span> <span class='ocrx_word' id='word_1_575' title='bbox 3387 3341 3550 3396; x_wconf 79' lang='lat' dir='ltr'><strong>habet</strong></span> 
     </span>
    </p>
   </div>
   <div class='ocr_carea' id='block_1_79' title="bbox 1976 3433 3554 3510">
    <p class='ocr_par' dir='ltr' id='par_1_79' title="bbox 1976 3433 3554 3510">
     <span class='ocr_line' id='line_1_79' title="bbox 1976 3433 3554 3510; baseline 0 -18"><span class='ocrx_word' id='word_1_576' title='bbox 1976 3441 2351 3510; x_wconf 85' lang='lat' dir='ltr'><strong>proprietates</strong></span> <span class='ocrx_word' id='word_1_577' title='bbox 2388 3437 2550 3509; x_wconf 81' lang='lat' dir='ltr'><strong>ignis,</strong></span> <span class='ocrx_word' id='word_1_578' title='bbox 2578 3436 2738 3508; x_wconf 90' lang='lat' dir='ltr'><strong>cujus</strong></span> <span class='ocrx_word' id='word_1_579' title='bbox 2771 3445 2855 3492; x_wconf 90' lang='lat' dir='ltr'><strong>est</strong></span> <span class='ocrx_word' id='word_1_580' title='bbox 2891 3451 3032 3506; x_wconf 90' lang='lat' dir='ltr'><strong>pars.</strong></span> <span class='ocrx_word' id='word_1_581' title='bbox 3066 3433 3128 3490; x_wconf 89' lang='lat' dir='ltr'><strong>Et</strong></span> <span class='ocrx_word' id='word_1_582' title='bbox 3183 3445 3333 3507; x_wconf 82' lang='lat' dir='ltr'><strong>gutta</strong></span> <span class='ocrx_word' id='word_1_583' title='bbox 3363 3452 3554 3492; x_wconf 87' lang='lat' dir='ltr'><strong>omnes</strong></span> 
     </span>
    </p>
   </div>
   <div class='ocr_carea' id='block_1_80' title="bbox 1975 3529 3554 3600">
    <p class='ocr_par' dir='ltr' id='par_1_80' title="bbox 1975 3529 3554 3600">
     <span class='ocr_line' id='line_1_80' title="bbox 1975 3529 3554 3600; baseline -0.001 -16"><span class='ocrx_word' id='word_1_584' title='bbox 1975 3533 2136 3587; x_wconf 87' lang='lat' dir='ltr'><strong>habet</strong></span> <span class='ocrx_word' id='word_1_585' title='bbox 2168 3531 2310 3586; x_wconf 87' lang='lat' dir='ltr'><strong>vires</strong></span> <span class='ocrx_word' id='word_1_586' title='bbox 2337 3545 2512 3600; x_wconf 66' lang='lat' dir='ltr'><strong>aqum,</strong></span> <span class='ocrx_word' id='word_1_587' title='bbox 2553 3529 2713 3600; x_wconf 89' lang='lat' dir='ltr'><strong>cujus</strong></span> <span class='ocrx_word' id='word_1_588' title='bbox 2767 3537 2855 3584; x_wconf 88' lang='lat' dir='ltr'><strong>est</strong></span> <span class='ocrx_word' id='word_1_589' title='bbox 2893 3529 3075 3596; x_wconf 85' lang='lat' dir='ltr'><strong>stilla;</strong></span> <span class='ocrx_word' id='word_1_590' title='bbox 3108 3539 3163 3583; x_wconf 90' lang='lat' dir='ltr'><strong>et</strong></span> <span class='ocrx_word' id='word_1_591' title='bbox 3196 3543 3377 3585; x_wconf 86' lang='lat' dir='ltr'><strong>massa</strong></span> <span class='ocrx_word' id='word_1_592' title='bbox 3415 3545 3554 3585; x_wconf 88' lang='lat' dir='ltr'><strong>eun-</strong></span> 
     </span>
    </p>
   </div>
   <div class='ocr_carea' id='block_1_81' title="bbox 1971 3621 3531 3694">
    <p class='ocr_par' dir='ltr' id='par_1_81' title="bbox 1971 3621 3531 3694">
     <span class='ocr_line' id='line_1_81' title="bbox 1971 3621 3531 3694; baseline -0.004 -13"><span class='ocrx_word' id='word_1_593' title='bbox 1971 3633 2092 3681; x_wconf 91' lang='lat' dir='ltr'><strong>ctas</strong></span> <span class='ocrx_word' id='word_1_594' title='bbox 2124 3622 2486 3694; x_wconf 87' lang='lat' dir='ltr'><strong>proprietates</strong></span> <span class='ocrx_word' id='word_1_595' title='bbox 2521 3622 2722 3676; x_wconf 88' lang='lat' dir='ltr'><strong>metalli</strong></span> <span class='ocrx_word' id='word_1_596' title='bbox 2751 3623 2902 3692; x_wconf 86' lang='lat' dir='ltr'><strong>cujus</strong></span> <span class='ocrx_word' id='word_1_597' title='bbox 2933 3631 3016 3678; x_wconf 90' lang='lat' dir='ltr'><strong>est</strong></span> <span class='ocrx_word' id='word_1_598' title='bbox 3065 3621 3447 3694; x_wconf 83' lang='lat' dir='ltr'><strong>fragmentum.</strong></span> <span class='ocrx_word' id='word_1_599' title='bbox 3475 3621 3531 3675; x_wconf 92' lang='lat' dir='ltr'><strong>Si</strong></span> 
     </span>
    </p>
   </div>
   <div class='ocr_carea' id='block_1_82' title="bbox 1972 3714 3543 3788">
    <p class='ocr_par' dir='ltr' id='par_1_82' title="bbox 1972 3714 3543 3788">
     <span class='ocr_line' id='line_1_82' title="bbox 1972 3714 3543 3788; baseline -0.003 -15"><span class='ocrx_word' id='word_1_600' title='bbox 1972 3732 2102 3788; x_wconf 88' lang='lat' dir='ltr'><strong>ergo</strong></span> <span class='ocrx_word' id='word_1_601' title='bbox 2159 3716 2446 3772; x_wconf 79' lang='lat' dir='ltr'><strong>ineﬂ‘ahilis</strong></span> <span class='ocrx_word' id='word_1_602' title='bbox 2504 3715 2592 3771; x_wconf 80' lang='lat' dir='ltr'><strong>illa</strong></span> <span class='ocrx_word' id='word_1_603' title='bbox 2661 3714 2756 3769; x_wconf 85' lang='lat' dir='ltr'><strong>Dei</strong></span> <span class='ocrx_word' id='word_1_604' title='bbox 2805 3716 3039 3772; x_wconf 89' lang='lat' dir='ltr'><strong>essentia</strong></span> <span class='ocrx_word' id='word_1_605' title='bbox 3089 3716 3246 3771; x_wconf 85' lang='lat' dir='ltr'><strong>nobis</strong></span> <span class='ocrx_word' id='word_1_606' title='bbox 3290 3731 3543 3771; x_wconf 80' lang='lat' dir='ltr'><strong>commu-</strong></span> 
     </span>
    </p>
   </div>
   <div class='ocr_carea' id='block_1_83' title="bbox 1973 3808 3551 3880">
    <p class='ocr_par' dir='ltr' id='par_1_83' title="bbox 1973 3808 3551 3880">
     <span class='ocr_line' id='line_1_83' title="bbox 1973 3808 3551 3880; baseline -0.001 -16"><span class='ocrx_word' id='word_1_607' title='bbox 1973 3811 2268 3876; x_wconf 88' lang='lat' dir='ltr'><strong>nicaretur,</strong></span> <span class='ocrx_word' id='word_1_608' title='bbox 2301 3809 2415 3864; x_wconf 89' lang='lat' dir='ltr'><strong>sive</strong></span> <span class='ocrx_word' id='word_1_609' title='bbox 2445 3810 2672 3880; x_wconf 85' lang='lat' dir='ltr'><strong>integre,</strong></span> <span class='ocrx_word' id='word_1_610' title='bbox 2703 3808 2819 3864; x_wconf 88' lang='lat' dir='ltr'><strong>sive</strong></span> <span class='ocrx_word' id='word_1_611' title='bbox 2852 3809 3050 3878; x_wconf 88' lang='lat' dir='ltr'><strong>partim</strong></span> <span class='ocrx_word' id='word_1_612' title='bbox 3115 3809 3233 3879; x_wconf 84' lang='lat' dir='ltr'><strong>ejus</strong></span> <span class='ocrx_word' id='word_1_613' title='bbox 3259 3810 3329 3864; x_wconf 86' lang='lat' dir='ltr'><strong>sit</strong></span> <span class='ocrx_word' id='word_1_614' title='bbox 3355 3809 3551 3879; x_wconf 84' lang='lat' dir='ltr'><strong>aliquis</strong></span> 
     </span>
    </p>
   </div>
   <div class='ocr_carea' id='block_1_84' title="bbox 1972 3900 3550 3972">
    <p class='ocr_par' dir='ltr' id='par_1_84' title="bbox 1972 3900 3550 3972">
     <span class='ocr_line' id='line_1_84' title="bbox 1972 3900 3550 3972; baseline 0.002 -18"><span class='ocrx_word' id='word_1_615' title='bbox 1972 3915 2219 3967; x_wconf 82' lang='lat' dir='ltr'><strong>consors,</strong></span> <span class='ocrx_word' id='word_1_616' title='bbox 2254 3901 2358 3955; x_wconf 89' lang='lat' dir='ltr'><strong>erit</strong></span> <span class='ocrx_word' id='word_1_617' title='bbox 2416 3904 2760 3970; x_wconf 87' lang='lat' dir='ltr'><strong>omnipotens</strong></span> <span class='ocrx_word' id='word_1_618' title='bbox 2809 3917 2823 3958; x_wconf 92' lang='lat'><strong>:</strong></span> <span class='ocrx_word' id='word_1_619' title='bbox 2869 3907 2923 3955; x_wconf 92' lang='lat' dir='ltr'><strong>et</strong></span> <span class='ocrx_word' id='word_1_620' title='bbox 2983 3900 3062 3956; x_wconf 91' lang='lat' dir='ltr'><strong>sic</strong></span> <span class='ocrx_word' id='word_1_621' title='bbox 3095 3915 3427 3972; x_wconf 87' lang='lat' dir='ltr'><strong>unaquaeque</strong></span> <span class='ocrx_word' id='word_1_622' title='bbox 3466 3918 3550 3957; x_wconf 74' lang='lat' dir='ltr'><strong>res</strong></span> 
     </span>
    </p>
   </div>
   <div class='ocr_carea' id='block_1_85' title="bbox 1971 3995 3552 4063">
    <p class='ocr_par' dir='ltr' id='par_1_85' title="bbox 1971 3995 3552 4063">
     <span class='ocr_line' id='line_1_85' title="bbox 1971 3995 3552 4063; baseline 0.001 -14"><span class='ocrx_word' id='word_1_623' title='bbox 1971 3995 2076 4049; x_wconf 87' lang='lat' dir='ltr'><strong>erit</strong></span> <span class='ocrx_word' id='word_1_624' title='bbox 2107 3995 2474 4063; x_wconf 87' lang='lat' dir='ltr'><strong>omnipotens,</strong></span> <span class='ocrx_word' id='word_1_625' title='bbox 2547 3995 2690 4063; x_wconf 89' lang='lat' dir='ltr'><strong>quod</strong></span> <span class='ocrx_word' id='word_1_626' title='bbox 2749 4008 2846 4048; x_wconf 84' lang='lat' dir='ltr'><strong>nec</strong></span> <span class='ocrx_word' id='word_1_627' title='bbox 2905 4007 3096 4051; x_wconf 86' lang='lat' dir='ltr'><strong>omnes</strong></span> <span class='ocrx_word' id='word_1_628' title='bbox 3158 3995 3317 4052; x_wconf 88' lang='lat' dir='ltr'><strong>simul</strong></span> <span class='ocrx_word' id='word_1_629' title='bbox 3386 3997 3552 4051; x_wconf 82' lang='lat' dir='ltr'><strong>hahe-</strong></span> 
     </span>
    </p>
   </div>
   <div class='ocr_carea' id='block_1_86' title="bbox 1972 4081 3550 4146">
    <p class='ocr_par' dir='ltr' id='par_1_86' title="bbox 1972 4081 3550 4146">
     <span class='ocr_line' id='line_1_86' title="bbox 1972 4081 3550 4146; baseline 0.004 -12"><span class='ocrx_word' id='word_1_630' title='bbox 1972 4096 2141 4146; x_wconf 90' lang='lat' dir='ltr'><strong>mus,</strong></span> <span class='ocrx_word' id='word_1_631' title='bbox 2201 4081 2415 4136; x_wconf 88' lang='lat' dir='ltr'><strong>etiamsi</strong></span> <span class='ocrx_word' id='word_1_632' title='bbox 2475 4082 2782 4137; x_wconf 83' lang='lat' dir='ltr'><strong>universam</strong></span> <span class='ocrx_word' id='word_1_633' title='bbox 2847 4083 3177 4139; x_wconf 87' lang='lat' dir='ltr'><strong>creationem</strong></span> <span class='ocrx_word' id='word_1_634' title='bbox 3263 4085 3550 4140; x_wconf 79' lang='lat' dir='ltr'><strong>collective</strong></span> 
     </span>
    </p>
   </div>
   <div class='ocr_carea' id='block_1_87' title="bbox 1973 4169 3554 4245">
    <p class='ocr_par' dir='ltr' id='par_1_87' title="bbox 1973 4169 3554 4245">
     <span class='ocr_line' id='line_1_87' title="bbox 1973 4169 3554 4245; baseline 0.003 -18"><span class='ocrx_word' id='word_1_635' title='bbox 1973 4171 2202 4227; x_wconf 82' lang='lat' dir='ltr'><strong>dixeris.</strong></span> <span class='ocrx_word' id='word_1_636' title='bbox 2233 4169 2296 4225; x_wconf 90' lang='lat' dir='ltr'><strong>ld</strong></span> <span class='ocrx_word' id='word_1_637' title='bbox 2331 4170 2552 4241; x_wconf 88' lang='lat' dir='ltr'><strong>copiose</strong></span> <span class='ocrx_word' id='word_1_638' title='bbox 2573 4171 2912 4228; x_wconf 87' lang='lat' dir='ltr'><strong>demonstrat</strong></span> <span class='ocrx_word' id='word_1_639' title='bbox 2936 4173 3154 4239; x_wconf 87' lang='lat' dir='ltr'><strong>Paulus,</strong></span> <span class='ocrx_word' id='word_1_640' title='bbox 3182 4175 3310 4245; x_wconf 88' lang='lat' dir='ltr'><strong>ipsis</strong></span> <span class='ocrx_word' id='word_1_641' title='bbox 3327 4190 3554 4231; x_wconf 79' lang='lat' dir='ltr'><strong>consor-</strong></span> 
     </span>
    </p>
   </div>
   <div class='ocr_carea' id='block_1_88' title="bbox 1974 4265 3553 4334">
    <p class='ocr_par' dir='ltr' id='par_1_88' title="bbox 1974 4265 3553 4334">
     <span class='ocr_line' id='line_1_88' title="bbox 1974 4265 3553 4334; baseline 0.003 -15"><span class='ocrx_word' id='word_1_642' title='bbox 1974 4266 2117 4320; x_wconf 88' lang='lat' dir='ltr'><strong>tibus</strong></span> <span class='ocrx_word' id='word_1_643' title='bbox 2149 4265 2467 4321; x_wconf 83' lang='lat' dir='ltr'><strong>deiﬁcorum</strong></span> <span class='ocrx_word' id='word_1_644' title='bbox 2496 4265 2722 4334; x_wconf 89' lang='lat' dir='ltr'><strong>spiritus</strong></span> <span class='ocrx_word' id='word_1_645' title='bbox 2762 4265 3156 4320; x_wconf 67' lang='lat' dir='ltr'><strong>charismatum</strong></span> <span class='ocrx_word' id='word_1_646' title='bbox 3205 4269 3553 4324; x_wconf 83' lang='lat' dir='ltr'><strong>consortibus</strong></span> 
     </span>
    </p>
   </div>
   <div class='ocr_carea' id='block_1_89' title="bbox 1971 4356 3547 4429">
    <p class='ocr_par' dir='ltr' id='par_1_89' title="bbox 1971 4356 3547 4429">
     <span class='ocr_line' id='line_1_89' title="bbox 1971 4356 3547 4429; baseline 0.003 -18"><span class='ocrx_word' id='word_1_647' title='bbox 1971 4371 2078 4412; x_wconf 90' lang='lat' dir='ltr'><strong>non</strong></span> <span class='ocrx_word' id='word_1_648' title='bbox 2112 4357 2294 4412; x_wconf 89' lang='lat' dir='ltr'><strong>omnia</strong></span> <span class='ocrx_word' id='word_1_649' title='bbox 2329 4356 2557 4427; x_wconf 85' lang='lat' dir='ltr'><strong>singulis</strong></span> <span class='ocrx_word' id='word_1_650' title='bbox 2589 4357 2770 4412; x_wconf 82' lang='lat' dir='ltr'><strong>inesse</strong></span> <span class='ocrx_word' id='word_1_651' title='bbox 2802 4357 3100 4426; x_wconf 89' lang='lat' dir='ltr'><strong>perhibens</strong></span> <span class='ocrx_word' id='word_1_652' title='bbox 3122 4358 3360 4429; x_wconf 89' lang='lat' dir='ltr'><strong>Spiritus</strong></span> <span class='ocrx_word' id='word_1_653' title='bbox 3386 4361 3547 4427; x_wconf 86' lang='lat' dir='ltr'><strong>dona,</strong></span> 
     </span>
    </p>
   </div>
   <div class='ocr_carea' id='block_1_90' title="bbox 1973 4449 3550 4523">
    <p class='ocr_par' dir='ltr' id='par_1_90' title="bbox 1973 4449 3550 4523">
     <span class='ocr_line' id='line_1_90' title="bbox 1973 4449 3550 4523; baseline 0.001 -14"><span class='ocrx_word' id='word_1_654' title='bbox 1973 4451 2073 4509; x_wconf 86' lang='lat' dir='ltr'><strong>sed</strong></span> <span class='ocrx_word' id='word_1_655' title='bbox 2102 4470 2117 4504; x_wconf 84' lang='lat' dir='ltr'><strong>t</strong></span> <span class='ocrx_word' id='word_1_656' title='bbox 2153 4451 2266 4516; x_wconf 88' lang='lat' dir='ltr'><strong>alii,</strong></span> <span class='ocrx_word' id='word_1_657' title='bbox 2301 4451 2498 4520; x_wconf 92' lang='lat' dir='ltr'><strong>inquit,</strong></span> <span class='ocrx_word' id='word_1_658' title='bbox 2529 4449 2691 4505; x_wconf 90' lang='lat' dir='ltr'><strong>datur</strong></span> <span class='ocrx_word' id='word_1_659' title='bbox 2716 4465 2901 4507; x_wconf 88' lang='lat' dir='ltr'><strong>sermo</strong></span> <span class='ocrx_word' id='word_1_660' title='bbox 2919 4452 3221 4523; x_wconf 66' lang='lat' dir='ltr'><strong>sapientiae,</strong></span> <span class='ocrx_word' id='word_1_661' title='bbox 3251 4455 3339 4508; x_wconf 89' lang='lat' dir='ltr'><strong>alii</strong></span> <span class='ocrx_word' id='word_1_662' title='bbox 3367 4470 3550 4510; x_wconf 80' lang='lat' dir='ltr'><strong>seruzo</strong></span> 
     </span>
    </p>
   </div>
   <div class='ocr_carea' id='block_1_91' title="bbox 290 4533 1858 4612">
    <p class='ocr_par' dir='ltr' id='par_1_91' title="bbox 290 4533 1858 4607">
     <span class='ocr_line' id='line_1_91' title="bbox 290 4533 1858 4607; baseline -0.001 -18"><span class='ocrx_word' id='word_1_663' title='bbox 290 4537 600 4607; x_wconf 86' lang='grc' dir='ltr'>χαρίσματα</span> <span class='ocrx_word' id='word_1_664' title='bbox 613 4536 706 4589; x_wconf 84' lang='grc' dir='ltr'><strong>τοῦ</strong></span> <span class='ocrx_word' id='word_1_665' title='bbox 725 4535 1060 4604; x_wconf 87' lang='grc' dir='ltr'>Πνεύματος,</span> <span class='ocrx_word' id='word_1_666' title='bbox 1075 4533 1230 4598; x_wconf 69' lang='grc' dir='ltr'>ἀλλὰ,</span> <span class='ocrx_word' id='word_1_667' title='bbox 1246 4533 1337 4606; x_wconf 80' lang='grc' dir='ltr'>Τῷ</span> <span class='ocrx_word' id='word_1_668' title='bbox 1352 4534 1471 4603; x_wconf 82' lang='grc' dir='ltr'>μὲν,</span> <span class='ocrx_word' id='word_1_669' title='bbox 1491 4534 1645 4604; x_wconf 63' lang='grc' dir='ltr'>φησι,</span> <span class='ocrx_word' id='word_1_670' title='bbox 1667 4535 1858 4588; x_wconf 89' lang='grc' dir='ltr'>δίδοται</span> 
     </span>
    </p>
   </div>
   <div class='ocr_carea' id='block_1_92' title="bbox 1961 4533 3547 4612">
    <p class='ocr_par' dir='ltr' id='par_1_92' title="bbox 1970 4540 3547 4612">
     <span class='ocr_line' id='line_1_92' title="bbox 1970 4540 3547 4612; baseline 0.002 -16"><span class='ocrx_word' id='word_1_671' title='bbox 1970 4542 2236 4607; x_wconf 62' lang='lat' dir='ltr'><strong>scientiae,</strong></span> <span class='ocrx_word' id='word_1_672' title='bbox 2286 4549 2341 4597; x_wconf 90' lang='lat' dir='ltr'><strong>et</strong></span> <span class='ocrx_word' id='word_1_673' title='bbox 2399 4540 2491 4595; x_wconf 89' lang='lat' dir='ltr'><strong>alii</strong></span> <span class='ocrx_word' id='word_1_674' title='bbox 2549 4540 2692 4595; x_wconf 88' lang='lat' dir='ltr'><strong>aliud</strong></span> <span class='ocrx_word' id='word_1_675' title='bbox 2749 4543 2879 4612; x_wconf 88' lang='lat' dir='ltr'><strong>quid</strong></span> <span class='ocrx_word' id='word_1_676' title='bbox 2940 4545 3238 4599; x_wconf 86' lang='lat' dir='ltr'><strong>secundum</strong></span> <span class='ocrx_word' id='word_1_677' title='bbox 3298 4549 3547 4600; x_wconf 88' lang='lat' dir='ltr'><strong>eumdem</strong></span> 
     </span>
    </p>
   </div>
   <div class='ocr_carea' id='block_1_93' title="bbox 289 4625 1866 4696">
    <p class='ocr_par' dir='ltr' id='par_1_93' title="bbox 289 4625 1866 4696">
     <span class='ocr_line' id='line_1_93' title="bbox 289 4625 1866 4696; baseline -0.003 -15"><span class='ocrx_word' id='word_1_678' title='bbox 289 4628 444 4695; x_wconf 80' lang='grc' dir='ltr'>λόγος</span> <span class='ocrx_word' id='word_1_679' title='bbox 469 4627 682 4696; x_wconf 87' lang='grc' dir='ltr'>σοφίας,</span> <span class='ocrx_word' id='word_1_680' title='bbox 724 4626 800 4696; x_wconf 79' lang='grc' dir='ltr'>τῷ</span> <span class='ocrx_word' id='word_1_681' title='bbox 818 4627 876 4678; x_wconf 83' lang='grc' dir='ltr'>δὲ</span> <span class='ocrx_word' id='word_1_682' title='bbox 903 4626 1062 4694; x_wconf 84' lang='grc' dir='ltr'>λόγος</span> <span class='ocrx_word' id='word_1_683' title='bbox 1091 4625 1366 4694; x_wconf 84' lang='grc' dir='ltr'>γνώσεως,</span> <span class='ocrx_word' id='word_1_684' title='bbox 1391 4625 1537 4695; x_wconf 76' lang='grc' dir='ltr'>ἄλλῳ</span> <span class='ocrx_word' id='word_1_685' title='bbox 1578 4625 1622 4678; x_wconf 84' lang='grc' dir='ltr'>δ’</span> <span class='ocrx_word' id='word_1_686' title='bbox 1659 4625 1789 4678; x_wconf 79' lang='grc' dir='ltr'>ἄλλο</span> <span class='ocrx_word' id='word_1_687' title='bbox 1811 4642 1866 4678; x_wconf 91' lang='grc' dir='ltr'><strong>τι</strong></span> 
     </span>
    </p>
   </div>
   <div class='ocr_carea' id='block_1_94' title="bbox 291 4716 1864 4788">
    <p class='ocr_par' dir='ltr' id='par_1_94' title="bbox 291 4716 1864 4788">
     <span class='ocr_line' id='line_1_94' title="bbox 291 4716 1864 4788; baseline -0.001 -16"><span class='ocrx_word' id='word_1_688' title='bbox 291 4719 434 4772; x_wconf 86' lang='grc' dir='ltr'>κατὰ</span> <span class='ocrx_word' id='word_1_689' title='bbox 464 4718 525 4771; x_wconf 86' lang='grc' dir='ltr'>τὸ</span> <span class='ocrx_word' id='word_1_690' title='bbox 547 4718 680 4772; x_wconf 82' lang='grc' dir='ltr'>αὐτὸ</span> <span class='ocrx_word' id='word_1_691' title='bbox 717 4716 959 4786; x_wconf 88' lang='grc' dir='ltr'>πνεῦμα.</span> <span class='ocrx_word' id='word_1_692' title='bbox 1002 4718 1059 4770; x_wconf 88' lang='lat'><strong>&#39;0</strong></span> <span class='ocrx_word' id='word_1_693' title='bbox 1109 4717 1165 4770; x_wconf 80' lang='grc' dir='ltr'>δὲ</span> <span class='ocrx_word' id='word_1_694' title='bbox 1216 4717 1602 4787; x_wconf 84' lang='grc' dir='ltr'>Χρυσόστομος</span> <span class='ocrx_word' id='word_1_695' title='bbox 1650 4716 1864 4788; x_wconf 83' lang='grc' dir='ltr'>Πατὴρ,</span> 
     </span>
    </p>
   </div>
   <div class='ocr_carea' id='block_1_95' title="bbox 294 4807 1864 4879">
    <p class='ocr_par' dir='ltr' id='par_1_95' title="bbox 294 4807 1864 4879">
     <span class='ocr_line' id='line_1_95' title="bbox 294 4807 1864 4879; baseline -0.002 -17"><span class='ocrx_word' id='word_1_696' title='bbox 294 4810 542 4879; x_wconf 81' lang='grc' dir='ltr'>φανερῶς</span> <span class='ocrx_word' id='word_1_697' title='bbox 578 4807 1029 4879; x_wconf 85' lang='grc' dir='ltr'>προαναστέλλων</span> <span class='ocrx_word' id='word_1_698' title='bbox 1071 4807 1170 4876; x_wconf 84' lang='grc' dir='ltr'><strong>τὴν</strong></span> <span class='ocrx_word' id='word_1_699' title='bbox 1193 4807 1300 4860; x_wconf 87' lang='grc' dir='ltr'><strong>τῶν</strong></span> <span class='ocrx_word' id='word_1_700' title='bbox 1337 4807 1593 4860; x_wconf 84' lang='grc' dir='ltr'>ἐναντίων</span> <span class='ocrx_word' id='word_1_701' title='bbox 1618 4807 1828 4877; x_wconf 85' lang='grc' dir='ltr'>πλάνην</span> <span class='ocrx_word' id='word_1_702' title='bbox 1849 4822 1864 4838; x_wconf 73' lang='grc' dir='ltr'><strong>ο</strong></span> 
     </span>
    </p>
   </div>
   <div class='ocr_carea' id='block_1_96' title="bbox 295 4894 1867 4969">
    <p class='ocr_par' dir='ltr' id='par_1_96' title="bbox 295 4894 1867 4969">
     <span class='ocr_line' id='line_1_96' title="bbox 295 4894 1867 4969; baseline -0.001 -18"><span class='ocrx_word' id='word_1_703' title='bbox 295 4899 368 4951; x_wconf 67' lang='lat' dir='ltr'><strong>Uti</strong></span> <span class='ocrx_word' id='word_1_704' title='bbox 392 4899 569 4952; x_wconf 86' lang='grc' dir='ltr'>πάντα</span> <span class='ocrx_word' id='word_1_705' title='bbox 603 4915 688 4960; x_wconf 89' lang='grc' dir='ltr'><strong>τις</strong></span> <span class='ocrx_word' id='word_1_706' title='bbox 738 4898 874 4966; x_wconf 78' lang='grc' dir='ltr'>ἔχει,</span> <span class='ocrx_word' id='word_1_707' title='bbox 921 4897 1107 4966; x_wconf 65' lang='grc' dir='ltr'>φησιν,</span> <span class='ocrx_word' id='word_1_708' title='bbox 1159 4897 1246 4951; x_wconf 86' lang='grc' dir='ltr'>ἴνα</span> <span class='ocrx_word' id='word_1_709' title='bbox 1283 4897 1358 4969; x_wconf 82' lang='grc' dir='ltr'>μὴ</span> <span class='ocrx_word' id='word_1_710' title='bbox 1399 4898 1558 4966; x_wconf 87' lang='grc' dir='ltr'>φύσιν</span> <span class='ocrx_word' id='word_1_711' title='bbox 1591 4894 1732 4953; x_wconf 75' lang='grc' dir='ltr'>εἶναι</span> <span class='ocrx_word' id='word_1_712' title='bbox 1766 4898 1867 4968; x_wconf 80' lang='grc' dir='ltr'><strong>τὴν</strong></span> 
     </span>
    </p>
   </div>
   <div class='ocr_carea' id='block_1_97' title="bbox 294 4987 1866 5060">
    <p class='ocr_par' dir='ltr' id='par_1_97' title="bbox 294 4987 1866 5060">
     <span class='ocr_line' id='line_1_97' title="bbox 294 4987 1866 5060; baseline 0.001 -19"><span class='ocrx_word' id='word_1_713' title='bbox 294 4991 453 5059; x_wconf 85' lang='grc' dir='ltr'>χάριν</span> <span class='ocrx_word' id='word_1_714' title='bbox 479 4989 728 5058; x_wconf 75' lang='grc' dir='ltr'>νομίσῃς,</span> <span class='ocrx_word' id='word_1_715' title='bbox 774 4987 910 5040; x_wconf 78' lang='grc' dir='ltr'>Ἀλλ’</span> <span class='ocrx_word' id='word_1_716' title='bbox 940 4987 1062 5040; x_wconf 85' lang='grc' dir='ltr'><strong>ούδέ</strong></span> <span class='ocrx_word' id='word_1_717' title='bbox 1096 4987 1319 5057; x_wconf 79' lang='grc' dir='ltr'>κτιστὴν</span> <span class='ocrx_word' id='word_1_718' title='bbox 1344 4990 1616 5060; x_wconf 82' lang='grc' dir='ltr'>ἡγήσαιτό</span> <span class='ocrx_word' id='word_1_719' title='bbox 1643 5007 1726 5054; x_wconf 90' lang='grc' dir='ltr'><strong>τις</strong></span> <span class='ocrx_word' id='word_1_720' title='bbox 1745 4988 1866 5043; x_wconf 89' lang='grc' dir='ltr'>νοῦν</span> 
     </span>
    </p>
   </div>
   <div class='ocr_carea' id='block_1_98' title="bbox 295 5072 1868 5151">
    <p class='ocr_par' dir='ltr' id='par_1_98' title="bbox 295 5072 1868 5151">
     <span class='ocr_line' id='line_1_98' title="bbox 295 5072 1868 5151; baseline 0.001 -19"><span class='ocrx_word' id='word_1_721' title='bbox 295 5081 454 5151; x_wconf 77' lang='grc' dir='ltr'>ἔχων,</span> <span class='ocrx_word' id='word_1_722' title='bbox 481 5081 579 5150; x_wconf 86' lang='grc' dir='ltr'>τὴν</span> <span class='ocrx_word' id='word_1_723' title='bbox 633 5079 1208 5149; x_wconf 88' lang='grc' dir='ltr'>ἀντιδιαστελλομένην</span> <span class='ocrx_word' id='word_1_724' title='bbox 1254 5072 1355 5132; x_wconf 82' lang='grc' dir='ltr'>ὧδε</span> <span class='ocrx_word' id='word_1_725' title='bbox 1387 5081 1544 5151; x_wconf 85' lang='grc' dir='ltr'>χάριν</span> <span class='ocrx_word' id='word_1_726' title='bbox 1583 5081 1682 5150; x_wconf 83' lang='grc' dir='ltr'>τῆς</span> <span class='ocrx_word' id='word_1_727' title='bbox 1719 5081 1868 5144; x_wconf 86' lang='grc' dir='ltr'>Θείας</span> 
     </span>
    </p>
   </div>
   <div class='ocr_carea' id='block_1_99' title="bbox 296 5173 1870 5244">
    <p class='ocr_par' dir='ltr' id='par_1_99' title="bbox 296 5173 1870 5244">
     <span class='ocr_line' id='line_1_99' title="bbox 296 5173 1870 5244; baseline -0.001 -17"><span class='ocrx_word' id='word_1_728' title='bbox 296 5174 534 5244; x_wconf 84' lang='grc' dir='ltr'>φύσεως,</span> <span class='ocrx_word' id='word_1_729' title='bbox 561 5175 641 5226; x_wconf 79' lang='grc' dir='ltr'>ὅτι</span> <span class='ocrx_word' id='word_1_730' title='bbox 682 5191 741 5225; x_wconf 92' lang='grc' dir='ltr'><strong>τε</strong></span> <span class='ocrx_word' id='word_1_731' title='bbox 773 5173 910 5226; x_wconf 88' lang='grc' dir='ltr'>Θεοῦ</span> <span class='ocrx_word' id='word_1_732' title='bbox 951 5173 1115 5242; x_wconf 88' lang='grc' dir='ltr'>φύσιν</span> <span class='ocrx_word' id='word_1_733' title='bbox 1154 5174 1256 5226; x_wconf 85' lang='grc' dir='ltr'>οὐκ</span> <span class='ocrx_word' id='word_1_734' title='bbox 1282 5174 1348 5227; x_wconf 81' lang='grc' dir='ltr'>ἂν</span> <span class='ocrx_word' id='word_1_735' title='bbox 1382 5174 1511 5226; x_wconf 85' lang='grc' dir='ltr'>ποτέ</span> <span class='ocrx_word' id='word_1_736' title='bbox 1549 5191 1632 5236; x_wconf 89' lang='grc' dir='ltr'><strong>τις</strong></span> <span class='ocrx_word' id='word_1_737' title='bbox 1671 5174 1870 5227; x_wconf 85' lang='grc' dir='ltr'>δείσειε</span> 
     </span>
    </p>
   </div>
   <div class='ocr_carea' id='block_1_100' title="bbox 297 5259 1870 5334">
    <p class='ocr_par' dir='ltr' id='par_1_100' title="bbox 297 5259 1870 5334">
     <span class='ocr_line' id='line_1_100' title="bbox 297 5259 1870 5334; baseline -0.003 -20"><span class='ocrx_word' id='word_1_738' title='bbox 297 5264 372 5334; x_wconf 85' lang='grc' dir='ltr'>μή</span> <span class='ocrx_word' id='word_1_739' title='bbox 407 5279 491 5325; x_wconf 87' lang='grc' dir='ltr'><strong>τις</strong></span> <span class='ocrx_word' id='word_1_740' title='bbox 525 5262 586 5315; x_wconf 82' lang='grc' dir='ltr'>τὸ</span> <span class='ocrx_word' id='word_1_741' title='bbox 625 5262 830 5330; x_wconf 88' lang='grc' dir='ltr'>κτίσμα</span> <span class='ocrx_word' id='word_1_742' title='bbox 859 5261 1075 5332; x_wconf 84' lang='grc' dir='ltr'>νομίσῃ,</span> <span class='ocrx_word' id='word_1_743' title='bbox 1111 5261 1204 5313; x_wconf 75' lang='grc' dir='ltr'>καὶ</span> <span class='ocrx_word' id='word_1_744' title='bbox 1241 5259 1322 5312; x_wconf 83' lang='grc' dir='ltr'>ὅτι</span> <span class='ocrx_word' id='word_1_745' title='bbox 1353 5261 1402 5311; x_wconf 82' lang='grc' dir='ltr'><strong>εί</strong></span> <span class='ocrx_word' id='word_1_746' title='bbox 1451 5260 1545 5312; x_wconf 71' lang='grc' dir='ltr'>καὶ</span> <span class='ocrx_word' id='word_1_747' title='bbox 1592 5259 1870 5328; x_wconf 81' lang='grc' dir='ltr'>διενήνοχε</span> 
     </span>
    </p>
   </div>
   <div class='ocr_carea' id='block_1_101' title="bbox 295 5349 1870 5425">
    <p class='ocr_par' dir='ltr' id='par_1_101' title="bbox 295 5349 1870 5425">
     <span class='ocr_line' id='line_1_101' title="bbox 295 5349 1870 5425; baseline -0.003 -18"><span class='ocrx_word' id='word_1_748' title='bbox 295 5356 392 5425; x_wconf 80' lang='grc' dir='ltr'>τῆς</span> <span class='ocrx_word' id='word_1_749' title='bbox 414 5353 564 5417; x_wconf 82' lang='grc' dir='ltr'>Θείας</span> <span class='ocrx_word' id='word_1_750' title='bbox 591 5353 828 5423; x_wconf 84' lang='grc' dir='ltr'>φύσεως,</span> <span class='ocrx_word' id='word_1_751' title='bbox 857 5353 916 5404; x_wconf 82' lang='grc' dir='ltr'>οὐ</span> <span class='ocrx_word' id='word_1_752' title='bbox 964 5352 1259 5405; x_wconf 81' lang='grc' dir='ltr'>διασπᾶται</span> <span class='ocrx_word' id='word_1_753' title='bbox 1287 5349 1490 5420; x_wconf 85' lang='grc' dir='ltr'>ταύτης</span> <span class='ocrx_word' id='word_1_754' title='bbox 1519 5353 1552 5420; x_wconf 85' lang='grc' dir='ltr'>ὴ</span> <span class='ocrx_word' id='word_1_755' title='bbox 1583 5349 1676 5403; x_wconf 85' lang='grc' dir='ltr'><strong>τοῦ</strong></span> <span class='ocrx_word' id='word_1_756' title='bbox 1702 5349 1870 5402; x_wconf 87' lang='grc' dir='ltr'>Πνεύ-</span> 
     </span>
    </p>
   </div>
   <div class='ocr_carea' id='block_1_102' title="bbox 301 5442 1868 5518">
    <p class='ocr_par' dir='ltr' id='par_1_102' title="bbox 301 5442 1868 5518">
     <span class='ocr_line' id='line_1_102' title="bbox 301 5442 1868 5518; baseline -0.002 -19"><span class='ocrx_word' id='word_1_757' title='bbox 301 5462 471 5518; x_wconf 88' lang='grc' dir='ltr'>ματος</span> <span class='ocrx_word' id='word_1_758' title='bbox 493 5446 674 5517; x_wconf 82' lang='grc' dir='ltr'>χάρις,</span> <span class='ocrx_word' id='word_1_759' title='bbox 709 5445 1006 5498; x_wconf 80' lang='grc' dir='ltr'>ἐπισπᾶται</span> <span class='ocrx_word' id='word_1_760' title='bbox 1044 5443 1100 5496; x_wconf 79' lang='grc' dir='ltr'>δὲ</span> <span class='ocrx_word' id='word_1_761' title='bbox 1134 5443 1336 5515; x_wconf 81' lang='grc' dir='ltr'>μᾶλλον</span> <span class='ocrx_word' id='word_1_762' title='bbox 1379 5442 1507 5506; x_wconf 81' lang='grc' dir='ltr'>τοὺς</span> <span class='ocrx_word' id='word_1_763' title='bbox 1537 5444 1868 5515; x_wconf 75' lang='grc' dir='ltr'>ἠξιωμένους</span> 
     </span>
    </p>
   </div>
   <div class='ocr_carea' id='block_1_103' title="bbox 298 5533 1570 5607">
    <p class='ocr_par' dir='ltr' id='par_1_103' title="bbox 298 5533 1570 5607">
     <span class='ocr_line' id='line_1_103' title="bbox 298 5533 1570 5607; baseline -0.002 -15"><span class='ocrx_word' id='word_1_764' title='bbox 298 5539 434 5606; x_wconf 76' lang='grc' dir='ltr'>πρὸς</span> <span class='ocrx_word' id='word_1_765' title='bbox 457 5539 555 5607; x_wconf 83' lang='grc' dir='ltr'>τὴν</span> <span class='ocrx_word' id='word_1_766' title='bbox 596 5537 891 5607; x_wconf 81' lang='grc' dir='ltr'>συνάφειαν</span> <span class='ocrx_word' id='word_1_767' title='bbox 922 5536 1014 5590; x_wconf 87' lang='grc' dir='ltr'><strong>τοῦ</strong></span> <span class='ocrx_word' id='word_1_768' title='bbox 1047 5533 1191 5589; x_wconf 86' lang='grc' dir='ltr'>θείου</span> <span class='ocrx_word' id='word_1_769' title='bbox 1221 5535 1570 5607; x_wconf 86' lang='grc' dir='ltr'>Πνεύματος.</span> 
     </span>
    </p>
   </div>
   <div class='ocr_carea' id='block_1_104' title="bbox 369 5673 807 5740">
    <p class='ocr_par' dir='ltr' id='par_1_104' title="bbox 369 5673 807 5740">
     <span class='ocr_line' id='line_1_104' title="bbox 369 5673 807 5740; baseline 0.005 -13"><span class='ocrx_word' id='word_1_770' title='bbox 369 5673 449 5727; x_wconf 73' lang='grc'><strong>³⁸1</strong></span> <span class='ocrx_word' id='word_1_771' title='bbox 478 5674 718 5740; x_wconf 77' lang='lat' dir='ltr'><strong>Comm,</strong></span> <span class='ocrx_word' id='word_1_772' title='bbox 753 5673 807 5729; x_wconf 91' lang='lat'><strong>8.</strong></span> 
     </span>
    </p>
   </div>
   <div class='ocr_carea' id='block_1_105' title="bbox 608 5771 1186 5836">
    <p class='ocr_par' dir='ltr' id='par_1_105' title="bbox 608 5771 1186 5836">
     <span class='ocr_line' id='line_1_105' title="bbox 608 5771 1186 5836; baseline 0.005 -7"><span class='ocrx_word' id='word_1_773' title='bbox 608 5772 878 5835; x_wconf 78' lang='grc' dir='ltr'>ΡΑτιιοι..</span> <span class='ocrx_word' id='word_1_774' title='bbox 913 5773 1034 5836; x_wconf 77' lang='lat' dir='ltr'><strong>Gtt.</strong></span> <span class='ocrx_word' id='word_1_775' title='bbox 1074 5771 1186 5833; x_wconf 79' lang='lat' dir='ltr'><strong>CL.</strong></span> 
     </span>
    </p>
   </div>
   <div class='ocr_carea' id='block_1_106' title="bbox 1966 4632 3545 4704">
    <p class='ocr_par' dir='ltr' id='par_1_106' title="bbox 1966 4632 3545 4704">
     <span class='ocr_line' id='line_1_106' title="bbox 1966 4632 3545 4704; baseline 0.002 -15"><span class='ocrx_word' id='word_1_776' title='bbox 1966 4634 2228 4704; x_wconf 89' lang='lat' dir='ltr'><strong>Spiritum</strong></span> <span class='ocrx_word' id='word_1_777' title='bbox 2259 4632 2326 4688; x_wconf 83' lang='grc'><strong>³⁸.</strong></span> <span class='ocrx_word' id='word_1_778' title='bbox 2369 4653 2387 4686; x_wconf 77' lang='grc' dir='ltr'><strong>ι</strong></span> <span class='ocrx_word' id='word_1_779' title='bbox 2419 4634 2845 4696; x_wconf 77' lang='lat' dir='ltr'><strong>Chrysostomus</strong></span> <span class='ocrx_word' id='word_1_780' title='bbox 2876 4647 3057 4691; x_wconf 89' lang='lat' dir='ltr'><strong>autem</strong></span> <span class='ocrx_word' id='word_1_781' title='bbox 3091 4635 3271 4702; x_wconf 84' lang='lat' dir='ltr'><strong>Pater,</strong></span> <span class='ocrx_word' id='word_1_782' title='bbox 3322 4638 3545 4692; x_wconf 85' lang='lat' dir='ltr'><strong>eviden-</strong></span> 
     </span>
    </p>
   </div>
   <div class='ocr_carea' id='block_1_107' title="bbox 1963 4727 3544 4796">
    <p class='ocr_par' dir='ltr' id='par_1_107' title="bbox 1963 4727 3544 4796">
     <span class='ocr_line' id='line_1_107' title="bbox 1963 4727 3544 4796; baseline 0.002 -15"><span class='ocrx_word' id='word_1_783' title='bbox 1963 4736 2047 4781; x_wconf 89' lang='lat' dir='ltr'><strong>ter</strong></span> <span class='ocrx_word' id='word_1_784' title='bbox 2076 4736 2406 4796; x_wconf 74' lang='lat' dir='ltr'><strong>prtevertens</strong></span> <span class='ocrx_word' id='word_1_785' title='bbox 2461 4727 2901 4783; x_wconf 85' lang='lat' dir='ltr'><strong>adversariorum</strong></span> <span class='ocrx_word' id='word_1_786' title='bbox 2959 4743 3202 4784; x_wconf 88' lang='lat' dir='ltr'><strong>errorem</strong></span> <span class='ocrx_word' id='word_1_787' title='bbox 3259 4747 3274 4785; x_wconf 86' lang='lat'><strong>:</strong></span> <span class='ocrx_word' id='word_1_788' title='bbox 3341 4749 3360 4783; x_wconf 72' lang='grc' dir='ltr'><strong>ι</strong></span> <span class='ocrx_word' id='word_1_789' title='bbox 3425 4731 3544 4786; x_wconf 86' lang='grc' dir='ltr'>Νοιι</span> 
     </span>
    </p>
   </div>
   <div class='ocr_carea' id='block_1_108' title="bbox 1966 4819 3546 4891">
    <p class='ocr_par' dir='ltr' id='par_1_108' title="bbox 1966 4819 3546 4891">
     <span class='ocr_line' id='line_1_108' title="bbox 1966 4819 3546 4891; baseline 0.004 -18"><span class='ocrx_word' id='word_1_790' title='bbox 1966 4819 2148 4874; x_wconf 85' lang='lat' dir='ltr'><strong>omnia</strong></span> <span class='ocrx_word' id='word_1_791' title='bbox 2175 4820 2410 4890; x_wconf 88' lang='lat' dir='ltr'><strong>quisque</strong></span> <span class='ocrx_word' id='word_1_792' title='bbox 2441 4820 2626 4886; x_wconf 85' lang='lat' dir='ltr'><strong>habet,</strong></span> <span class='ocrx_word' id='word_1_793' title='bbox 2660 4821 2858 4891; x_wconf 84' lang='lat' dir='ltr'><strong>inquit,</strong></span> <span class='ocrx_word' id='word_1_794' title='bbox 2888 4829 2946 4874; x_wconf 92' lang='lat' dir='ltr'><strong>ut</strong></span> <span class='ocrx_word' id='word_1_795' title='bbox 2978 4837 3084 4876; x_wconf 88' lang='lat' dir='ltr'><strong>non</strong></span> <span class='ocrx_word' id='word_1_796' title='bbox 3124 4831 3377 4877; x_wconf 88' lang='lat' dir='ltr'><strong>naturam</strong></span> <span class='ocrx_word' id='word_1_797' title='bbox 3424 4840 3546 4880; x_wconf 88' lang='lat' dir='ltr'><strong>esse</strong></span> 
     </span>
    </p>
   </div>
   <div class='ocr_carea' id='block_1_109' title="bbox 1965 4911 3545 4983">
    <p class='ocr_par' dir='ltr' id='par_1_109' title="bbox 1965 4911 3545 4983">
     <span class='ocr_line' id='line_1_109' title="bbox 1965 4911 3545 4983; baseline 0.001 -17"><span class='ocrx_word' id='word_1_798' title='bbox 1965 4912 2199 4982; x_wconf 82' lang='lat' dir='ltr'><strong>gratiam</strong></span> <span class='ocrx_word' id='word_1_799' title='bbox 2233 4913 2540 4968; x_wconf 83' lang='lat' dir='ltr'><strong>existimes.</strong></span> <span class='ocrx_word' id='word_1_800' title='bbox 2581 4931 2601 4964; x_wconf 73' lang='grc' dir='ltr'><strong>ι</strong></span> <span class='ocrx_word' id='word_1_801' title='bbox 2642 4911 2748 4968; x_wconf 84' lang='lat' dir='ltr'><strong>Sed</strong></span> <span class='ocrx_word' id='word_1_802' title='bbox 2796 4926 2892 4967; x_wconf 90' lang='lat' dir='ltr'><strong>nec</strong></span> <span class='ocrx_word' id='word_1_803' title='bbox 2930 4922 3171 4968; x_wconf 89' lang='lat' dir='ltr'><strong>creatam</strong></span> <span class='ocrx_word' id='word_1_804' title='bbox 3203 4914 3399 4983; x_wconf 77' lang='lat' dir='ltr'><strong>aliquis</strong></span> <span class='ocrx_word' id='word_1_805' title='bbox 3452 4933 3545 4971; x_wconf 89' lang='lat' dir='ltr'><strong>sa-</strong></span> 
     </span>
    </p>
   </div>
   <div class='ocr_carea' id='block_1_110' title="bbox 1969 5003 3543 5077">
    <p class='ocr_par' dir='ltr' id='par_1_110' title="bbox 1969 5003 3543 5077">
     <span class='ocr_line' id='line_1_110' title="bbox 1969 5003 3543 5077; baseline 0.003 -19"><span class='ocrx_word' id='word_1_806' title='bbox 1969 5003 2124 5074; x_wconf 82' lang='lat' dir='ltr'><strong>piens</strong></span> <span class='ocrx_word' id='word_1_807' title='bbox 2161 5004 2387 5060; x_wconf 90' lang='lat' dir='ltr'><strong>duceret</strong></span> <span class='ocrx_word' id='word_1_808' title='bbox 2422 5005 2500 5060; x_wconf 91' lang='lat' dir='ltr'><strong>sic</strong></span> <span class='ocrx_word' id='word_1_809' title='bbox 2530 5005 2844 5061; x_wconf 83' lang='lat' dir='ltr'><strong>distinctam</strong></span> <span class='ocrx_word' id='word_1_810' title='bbox 2877 5019 2905 5058; x_wconf 91' lang='lat' dir='ltr'><strong>a</strong></span> <span class='ocrx_word' id='word_1_811' title='bbox 2970 5014 3156 5059; x_wconf 90' lang='lat' dir='ltr'><strong>natura</strong></span> <span class='ocrx_word' id='word_1_812' title='bbox 3193 5007 3372 5060; x_wconf 87' lang='lat' dir='ltr'><strong>divina</strong></span> <span class='ocrx_word' id='word_1_813' title='bbox 3415 5023 3543 5077; x_wconf 83' lang='lat' dir='ltr'><strong>gra-</strong></span> 
     </span>
    </p>
   </div>
   <div class='ocr_carea' id='block_1_111' title="bbox 1967 5096 3544 5170">
    <p class='ocr_par' dir='ltr' id='par_1_111' title="bbox 1967 5096 3544 5170">
     <span class='ocr_line' id='line_1_111' title="bbox 1967 5096 3544 5170; baseline 0.004 -21"><span class='ocrx_word' id='word_1_814' title='bbox 1967 5097 2095 5150; x_wconf 88' lang='lat' dir='ltr'><strong>tiam</strong></span> <span class='ocrx_word' id='word_1_815' title='bbox 2125 5135 2140 5161; x_wconf 96' lang='lat'><strong>,</strong></span> <span class='ocrx_word' id='word_1_816' title='bbox 2173 5096 2297 5167; x_wconf 90' lang='lat' dir='ltr'><strong>quia</strong></span> <span class='ocrx_word' id='word_1_817' title='bbox 2341 5111 2501 5151; x_wconf 87' lang='lat' dir='ltr'><strong>nemo</strong></span> <span class='ocrx_word' id='word_1_818' title='bbox 2539 5111 2772 5166; x_wconf 89' lang='lat' dir='ltr'><strong>unquam</strong></span> <span class='ocrx_word' id='word_1_819' title='bbox 2811 5097 3026 5153; x_wconf 85' lang='lat' dir='ltr'><strong>timeret</strong></span> <span class='ocrx_word' id='word_1_820' title='bbox 3057 5112 3124 5154; x_wconf 90' lang='lat' dir='ltr'><strong>ne</strong></span> <span class='ocrx_word' id='word_1_821' title='bbox 3149 5108 3396 5154; x_wconf 83' lang='lat' dir='ltr'><strong>creatura</strong></span> <span class='ocrx_word' id='word_1_822' title='bbox 3447 5117 3544 5170; x_wconf 91' lang='lat' dir='ltr'><strong>pro</strong></span> 
     </span>
    </p>
   </div>
   <div class='ocr_carea' id='block_1_112' title="bbox 1971 5189 3541 5258">
    <p class='ocr_par' dir='ltr' id='par_1_112' title="bbox 1971 5189 3541 5258">
     <span class='ocr_line' id='line_1_112' title="bbox 1971 5189 3541 5258; baseline 0.005 -18"><span class='ocrx_word' id='word_1_823' title='bbox 1971 5196 2162 5242; x_wconf 90' lang='lat' dir='ltr'><strong>natura</strong></span> <span class='ocrx_word' id='word_1_824' title='bbox 2205 5189 2296 5243; x_wconf 86' lang='lat' dir='ltr'><strong>Dei</strong></span> <span class='ocrx_word' id='word_1_825' title='bbox 2331 5189 2649 5254; x_wconf 83' lang='lat' dir='ltr'><strong>haberetur,</strong></span> <span class='ocrx_word' id='word_1_826' title='bbox 2699 5199 2750 5244; x_wconf 90' lang='lat' dir='ltr'><strong>et</strong></span> <span class='ocrx_word' id='word_1_827' title='bbox 2785 5191 2912 5258; x_wconf 91' lang='lat' dir='ltr'><strong>quia</strong></span> <span class='ocrx_word' id='word_1_828' title='bbox 2943 5189 3068 5245; x_wconf 89' lang='lat' dir='ltr'><strong>licet</strong></span> <span class='ocrx_word' id='word_1_829' title='bbox 3124 5191 3368 5247; x_wconf 84' lang='lat' dir='ltr'><strong>distincta</strong></span> <span class='ocrx_word' id='word_1_830' title='bbox 3413 5195 3541 5248; x_wconf 86' lang='lat' dir='ltr'><strong>sita</strong></span> 
     </span>
    </p>
   </div>
   <div class='ocr_carea' id='block_1_113' title="bbox 1965 5278 3541 5349">
    <p class='ocr_par' dir='ltr' id='par_1_113' title="bbox 1965 5278 3541 5349">
     <span class='ocr_line' id='line_1_113' title="bbox 1965 5278 3541 5349; baseline 0 -18"><span class='ocrx_word' id='word_1_831' title='bbox 1965 5286 2155 5334; x_wconf 84' lang='lat' dir='ltr'><strong>natura</strong></span> <span class='ocrx_word' id='word_1_832' title='bbox 2191 5279 2396 5348; x_wconf 85' lang='lat' dir='ltr'><strong>divina,</strong></span> <span class='ocrx_word' id='word_1_833' title='bbox 2440 5295 2546 5334; x_wconf 89' lang='lat' dir='ltr'><strong>non</strong></span> <span class='ocrx_word' id='word_1_834' title='bbox 2597 5279 2664 5334; x_wconf 92' lang='lat' dir='ltr'><strong>ab</strong></span> <span class='ocrx_word' id='word_1_835' title='bbox 2703 5294 2766 5334; x_wconf 86' lang='lat' dir='ltr'><strong>ea</strong></span> <span class='ocrx_word' id='word_1_836' title='bbox 2799 5278 3121 5334; x_wconf 85' lang='lat' dir='ltr'><strong>distrahitur</strong></span> <span class='ocrx_word' id='word_1_837' title='bbox 3168 5280 3389 5349; x_wconf 88' lang='lat' dir='ltr'><strong>spiritus</strong></span> <span class='ocrx_word' id='word_1_838' title='bbox 3419 5295 3541 5347; x_wconf 85' lang='lat' dir='ltr'><strong>gra-</strong></span> 
     </span>
    </p>
   </div>
   <div class='ocr_carea' id='block_1_114' title="bbox 1967 5371 3542 5441">
    <p class='ocr_par' dir='ltr' id='par_1_114' title="bbox 1967 5371 3542 5441">
     <span class='ocr_line' id='line_1_114' title="bbox 1967 5371 3542 5441; baseline 0.001 -17"><span class='ocrx_word' id='word_1_839' title='bbox 1967 5371 2067 5436; x_wconf 89' lang='lat' dir='ltr'><strong>tia,</strong></span> <span class='ocrx_word' id='word_1_840' title='bbox 2097 5371 2191 5425; x_wconf 90' lang='lat' dir='ltr'><strong>sed</strong></span> <span class='ocrx_word' id='word_1_841' title='bbox 2225 5372 2404 5441; x_wconf 90' lang='lat' dir='ltr'><strong>potius</strong></span> <span class='ocrx_word' id='word_1_842' title='bbox 2454 5371 2681 5426; x_wconf 87' lang='lat' dir='ltr'><strong>attrahit</strong></span> <span class='ocrx_word' id='word_1_843' title='bbox 2727 5374 2953 5428; x_wconf 84' lang='lat' dir='ltr'><strong>meritos</strong></span> <span class='ocrx_word' id='word_1_844' title='bbox 2993 5371 3061 5426; x_wconf 89' lang='lat' dir='ltr'><strong>ad</strong></span> <span class='ocrx_word' id='word_1_845' title='bbox 3113 5371 3280 5426; x_wconf 90' lang='lat' dir='ltr'><strong>divini</strong></span> <span class='ocrx_word' id='word_1_846' title='bbox 3317 5372 3542 5440; x_wconf 87' lang='lat' dir='ltr'><strong>spiritus</strong></span> 
     </span>
    </p>
   </div>
   <div class='ocr_carea' id='block_1_115' title="bbox 1967 5464 2430 5520">
    <p class='ocr_par' dir='ltr' id='par_1_115' title="bbox 1967 5464 2430 5520">
     <span class='ocr_line' id='line_1_115' title="bbox 1967 5464 2430 5520; baseline 0.006 -3"><span class='ocrx_word' id='word_1_847' title='bbox 1967 5464 2430 5520; x_wconf 86' lang='lat' dir='ltr'><strong>communionem.</strong></span> 
     </span>
    </p>
   </div>
   <div class='ocr_carea' id='block_1_116' title="bbox 3060 5722 3142 5785">
    <p class='ocr_par' dir='ltr' id='par_1_116' title="bbox 3060 5722 3142 5785">
     <span class='ocr_line' id='line_1_116' title="bbox 3060 5722 3142 5785; baseline 0.049 -4"><span class='ocrx_word' id='word_1_848' title='bbox 3060 5722 3142 5785; x_wconf 86' lang='lat'><strong>38</strong></span> 
     </span>
    </p>
   </div>
  </div>
