4122 6322
627 367 767 435 1195

594 599 598 603 '
624 579 796 637 multa
848 574 1010 632 habet
1041 573 1345 643 supposita.
1380 568 1593 624 Etenim
1626 574 1761 636 quot
1792 563 2071 632 lampadas
2097 560 2201 616 ali-

616 674 751 745 quis
768 686 834 726 ex
865 684 968 723 una
1001 664 1268 730 accendit,
1289 670 1369 717 tot
1394 660 1538 731 ignis
1562 656 1842 728 supposita
1873 654 2027 709 facit.
2052 653 2200 708 Con-

622 771 925 836 sequenter
959 761 1143 832 igitur,
1164 760 1234 824 si,
1265 764 1324 811 ut
1354 754 1526 810 nostri
1569 753 1905 808 contendunt
1945 750 2204 804 adversa—

628 859 721 924 rii,
753 853 994 912 essentia
1041 851 1135 907 Dei
1170 848 1551 920 participetur,
1577 854 1633 901 et
1671 844 1894 915 quidem
1923 841 1992 897 ab
2022 839 2203 896 omni-

636 950 762 1013 bus,
783 949 895 1018 jam
938 958 1045 999 non
1084 951 1194 998 tres
1234 947 1348 996 haec
1376 953 1639 1009 personas
1696 937 1882 1003 habet,
1908 934 2002 990 sed
2040 933 2207 987 inuuo

636 1053 819 1095 meras
870 1049 1151 1107 personas.
1201 1031 1339 1098 Quis
1366 1041 1563 1098 .autem
1616 1028 1815 1084 divinis
1869 1025 2207 1097 dogmatibus

635 1131 932 1187 innutritus
953 1126 1128 1182 nescit
1152 1125 1295 1180 hunc
1324 1138 1446 1180 esse
1469 1120 1920 1179 Massalianorum
1940 1129 2204 1181 errorem,

638 1222 892 1280 essentia
922 1221 1016 1276 Dei
1058 1218 1175 1274 ﬁeri
1220 1217 1513 1288 participes
1546 1214 1638 1284 qui
1682 1213 1751 1269 ad
1780 1226 2053 1268 summum
2088 1223 2210 1279 per-

634 1314 892 1372 fectionis
936 1320 989 1368 in
1042 1326 1231 1367 eorum
1275 1324 1439 1365 sensu
1479 1307 1769 1364 intellectae
1804 1302 2213 1376 pervenerunt?

636 1413 876 1482 Quorum
908 1407 1299 1478 blasphemiam
1325 1401 1626 1458 adversarii
1658 1414 1920 1470 superare
1949 1397 2212 1453 aﬂ'ectan-

642 1518 743 1569 tes,
794 1519 897 1558 non
954 1501 1126 1557 solum
1165 1498 1337 1553 elatos
1376 1497 1443 1550 ad
1494 1493 1885 1566 perfectionem
1938 1491 2209 1553 homines,

636 1599 734 1653 sed
787 1595 948 1649 etiam
1004 1590 1303 1663 generatim
1365 1588 1647 1643 universos
1712 1584 1910 1639 divinae
1960 1582 2215 1639 essentia:

643 1689 832 1743 dicunt
869 1683 1186 1755 participes,
1221 1678 1542 1734 stultissime
1581 1684 1871 1731 causantes
1896 1674 2038 1745 hanc
2093 1673 2215 1729 ubi-

643 1796 750 1849 que
800 1779 1010 1832 adesse.
1064 1772 1168 1828 Sed
1223 1771 1426 1826 multus
1480 1769 1535 1824 iu
1588 1769 1860 1839 theologia
1901 1765 2215 1838 Gregorius,

1872 349 2258 415 GREGORII
2304 348 2640 408 PALAME

698 484 823 541 £09.
856 482 1104 537 Essentia
1158 495 1186 535 a
1234 490 1400 550 quam
1453 473 1640 531 multis
1674 470 2059 542 participatur.
2092 475 2200 522 tam
2234 474 2280 533 Α

3771 354 3907 418 1196

2407 470 2506 544 ρο⁹.
2549 472 2615 526 ’ll
2646 472 2804 526 οὐσία
2838 473 2966 544 παρ’
2994 473 3136 527 ὅσων
3166 472 3285 527 ἐστὶ
3317 472 3685 545 μετεχομένη,
3715 476 3917 530 τοσαύ-

2335 580 2432 627 τας
2459 566 2549 617 καὶ
2596 565 2696 628 τὰς
2728 566 3056 628 ὑποστάσεις
3086 565 3221 636 ἔχει.
3279 566 3392 619 Καὶ
3443 567 3554 636 γάρ
3611 567 3824 630 ὁπόσας
3853 568 3916 621 ἂν

2336 654 2626 727 λαμπάδας
2662 656 2860 727 ἀνάψοι
2889 674 2974 721 τις
3023 658 3133 711 ἀπὸ
3172 657 3273 727 τῆς
3317 658 3469 727 μιᾶς,
3519 657 3797 722 τοσαύτας
3828 660 3920 712 καὶ

2335 747 2435 809 τάς
2460 747 2785 811 ὑποστάσεις
2811 746 2906 803 τοῦ
2941 747 3114 818 πυρὸς
3157 748 3440 820 ἐποίησεν.
3474 748 3776 818 Συμὸαίνει
3810 750 3919 803 τοί-

2334 855 2451 905 νυν,
2483 841 2641 911 εἴπερ
2671 840 2813 894 κατά
2848 840 2976 904 τοὺς
3024 841 3155 912 ἡμῖν
3209 841 3618 910 ἀντικειμένως
3676 843 3711 913 ὴ
3764 842 3919 895 οὐσία

2337 936 2433 989 τοῦ
2462 935 2597 990 Θεοῦ
2637 935 2945 1007 μετέχεται,
3006 936 3309 990 καὶταῦτα
3339 935 3491 1006 παρά
3531 936 3780 1002 πάντων,
3824 954 3920 1007 μηο

2339 1027 2458 1082 κέτι
2482 1028 2911 1098 τρισυπόστατον
2932 1020 3074 1081 εἶναι
3099 1025 3324 1096 ταύτην,
3342 1025 3477 1080 ἀλλά
3509 1031 3709 1097 μυριοῦ
3722 1028 3920 1080 πόστι-

2329 1149 2441 1186 τον.
2481 1132 2578 1196 Τίς
2605 1131 2662 1186 δὲ
2698 1131 2793 1187 καὶ
2816 1130 2927 1186 τῶν
2954 1135 3070 1197 τοῖς
3112 1132 3279 1196 Θείοις
3307 1132 3573 1204 δόγμασιν
3601 1134 3912 1208 ἐντεθραμ-

2310 1227 2508 1296 ,μένων
2535 1225 2637 1280 οὐκ
2683 1225 2973 1280 ἐπίσταται
3019 1224 3421 1279 Μασσαλιανῶν
3472 1223 3612 1283 εἶναι
3648 1228 3816 1283 τοῦτο
3859 1232 3916 1283 τὸ

2332 1314 2707 1387 παράλημμα,
2759 1317 2861 1387 τῆς
2923 1314 3115 1379 οὐσίας
3148 1313 3241 1369 τοῦ
3311 1314 3447 1370 Θεοῦ
3511 1318 3910 1389 μετεσχηκέναι

2328 1405 2456 1469 τοὺς
2480 1406 2558 1467 είς
2602 1405 2772 1477 ἄκρον
2797 1404 2895 1474 τῆς
2921 1405 3043 1458 κατ’
3073 1405 3272 1468 αὐτοὺς
3297 1405 3501 1476 ἀρετῆς
3537 1406 3910 1476 έληλακόταες

2329 1490 2402 1551 ὧν
2429 1498 2529 1568 τὴν
2562 1496 2912 1568 βλασφημίαν
2973 1498 3022 1551 oi
3078 1497 3472 1568 ἀντικείμενοι,
3532 1500 3627 1551 καὶ¹
3672 1499 3916 1570 ὑπερϐα-

2329 1589 2516 1643 λέσθαι
2547 1589 3013 1661 φιλοτιμούμενοι.
3060 1590 3121 1645 οὐ
3175 1590 3305 1653 τοῦς
3363 1590 3487 1664 κμτ⁹
3512 1591 3721 1663 ἀρετὴν
3753 1594 3916 1662 μόνον

2331 1679 2705 1745 διενεγκόντας
2737 1679 2845 1733 τῶν
2892 1679 3217 1752 ἀνθρώπων,
3257 1680 3392 1735 ἀλλὰ
3419 1682 3513 1735 καὶ⁵
3545 1681 3731 1747 ἁπλῶς
3786 1682 3920 1753 ξύμ.

2334 1786 2542 1834 πάντας
2572 1764 2855 1840 τῆςϐείας
2894 1771 3081 1835 οὐσίας
3122 1772 3257 1842 φασὶ
3303 1772 3575 1844 μετέχειν,
3597 1775 3917 1847 ἀνουστάτῳ

638 1869 890 1923 insanam
927 1865 1120 1920 horum
1148 1871 1203 1918 et
1230 1861 1445 1917 illorum
1485 1859 1789 1914 doctrinam
1819 1872 1849 1911 a
1884 1856 2042 1926 longe
2080 1871 2217 1925 pra:-

2337 1862 2626 1935 προφάσει,
2660 1862 2755 1916 τοῦ
2782 1865 3035 1933 παρεῖναι
3069 1863 3272 1935 ταύτην
3302 1866 3604 1936 πανταχοῦ.
3642 1866 3702 1921 '0
3724 1869 3785 1921 δὲ
3822 1888 3915 1923 πο-

642 1969 903 2015 vertens:
942 1974 962 2008 ι
1007 1955 1284 2019 Christus,
1317 1953 1412 2018 ait,
1457 1950 1659 2006 dicitur
1708 1949 1779 2004 ob
1822 1950 2160 2017 divinitatem
2194 1964 2212 2006 ς

640 2051 770 2107 Bato
804 2051 947 2106 enim
984 2046 1169 2102 unctio
1214 2045 1608 2100 humanitatem
1655 2056 1762 2095 non
1795 2041 2134 2109 operatione,
2160 2049 2220 2096 ut

642 2148 781 2200 alios
823 2144 1080 2207 christos,
1108 2138 1430 2202 sanctilicat,
1460 2135 1553 2191 sed
1595 2134 1882 2205 praesentia
1918 2136 2080 2189 totius
2119 2149 2218 2188 un-

643 2239 840 2307 geutis.
882 2253 901 2288 ι
937 2236 1006 2289 Ει
1030 2233 1139 2288 divi
1183 2231 1368 2285 Patres
1397 2227 1673 2284 communi
1708 2240 1981 2281 consensu
2018 2227 2219 2281 docue-

644 2334 770 2381 runt
819 2323 1125 2380 inhabitare
1182 2320 1400 2391 quidem
1455 2316 1792 2374 divinitatem
1849 2316 2047 2370 animis
2090 2328 2221 2368 con-

640 2437 677 2490 g
707 2430 900 2473 acriter
921 2414 1213 2481 mundatis,
1230 2411 1324 2467 sed
1352 2424 1457 2466 non
1483 2419 1749 2479 quatenus
1763 2415 1847 2462 est
1871 2415 2082 2461 natura.
2103 2403 2219 2460 Non

645 2513 809 2581 igitur
850 2507 1148 2564 secundum
1202 2503 1517 2567 essentiam,
1557 2515 1658 2556 nec
1705 2499 2005 2555 secundum
2050 2497 2220 2568 hypo-

646 2605 836 2659 stasim
884 2600 1175 2671 quamdam
1227 2596 1287 2651 lit
1331 2595 1529 2664 aliquis
1563 2591 1655 2648 Dei
1691 2592 2221 2661 particepstneutra

647 2698 790 2749 enim
840 2694 1033 2748 harum
1085 2690 1356 2743 ullatenus
1407 2685 1689 2748 dividitur,
1721 2691 1817 2736 aut
1848 2681 1940 2736 ulli
1998 2693 2223 2751 prorsus

648 2789 1103 2843 communicatur.
1161 2782 1289 2836 ldco
1342 2777 1642 2834 secundum
1679 2776 1780 2831 hos
1811 2774 2065 2830 Omnibus
2101 2786 2222 2826 om-

650 2880 784 2934 nino
828 2873 1359 2931 incommnnicahilis
1399 2879 1487 2926 est
1538 2869 1705 2933 Deus,
1733 2867 1982 2936 quamvis
2028 2865 2227 2933 ubique

650 2973 954 3027 secundum
1006 2969 1105 3022 has
1136 2966 1309 3030 adsit;
1345 2962 1651 3017 communis
1690 2970 1868 3014 autem
1909 2958 2072 3012 trium
2104 2970 2226 3026 per-

649 3076 907 3118 sonarum
939 3062 1148 3114 naturae
1170 3054 1418 3124 operatio
1449 3062 1505 3107 et
1532 3054 1726 3115 virtus,
1752 3064 1873 3104 cum
1909 3048 2123 3102 diverse
2152 3060 2226 3102 ac

660 3169 747 3208 co.
774 3162 1031 3223 gruenter
1051 3149 1413 3204 distribuatur
1447 3145 1803 3216 participibus
1824 3187 1840 3211 ,
1866 3140 2071 3197 idcirco
2099 3157 2226 3211 gra-

2332 1952 2429 2016 λὺς
2456 1956 2511 2006 ὲν
2535 1952 2786 2024 θεολογίᾳ
2808 1952 3130 2025 Γρηγόριος,
3158 1953 3257 2017 τὰς
3288 1954 3680 2027 φρενοϐλαϐεῖς
3709 1956 3915 2010 τούτων

2335 2062 2396 2099 τε
2428 2045 2695 2098 κάκείνων
2717 2043 2871 2109 δόξας
2905 2044 3186 2117 πόρρωθεν
3218 2046 3629 2112 ἀνασκευάζων,
3655 2049 3912 2120 Χριστὸς,

2337 2138 2493 2209 φησὶ,
2524 2137 2612 2192 διὰ
2650 2137 2746 2209 τὴν
2774 2136 3026 2207 θεότητα·
3051 2137 3230 2209 χρίσις
3261 2139 3369 2211 γὰρ
3391 2138 3530 2210 αῦτη
3558 2140 3662 2210 τῆς
3701 2141 3909 2213 avem.

2334 2229 2586 2300 πότητος,
2623 2230 2720 2283 οὐκ
2753 2228 3001 2299 ἐνεργείᾳ
3045 2229 3185 2285 κατά
3237 2232 3363 2295 τοὺς
3411 2230 3606 2295 ἄλλους
3653 2235 3907 2302 χριοτοῦς

2335 2318 2661 2389 ἀγιάζουσα,
2710 2322 2984 2391 παρουσίᾳ
3019 2319 3076 2374 δὲ
3107 2320 3229 2373 ὅλου
3260 2319 3355 2373 τοῦ
3415 2322 3687 2393 χρίοντος.
3732 2325 3844 2377 Καὶ
3873 2327 3916 2377 οι

2338 2414 2587 2483 θεόσοφοι
2626 2411 2683 2467 δὲ
2715 2412 2980 2483 Πατέρες,
3043 2414 3196 2483 κοινῇ
3249 2413 3675 2485 συνεληλυθότες
3705 2417 3914 2487 ἀπεφὴ-

2337 2521 2517 2569 ναντο,
2560 2504 2792 2558 ἐνοικεῖν
2821 2503 2922 2573 μὲν
2953 2504 3052 2575 τὴν
3076 2502 3306 2574 Θεότητα
3332 2508 3443 2568 τοῖς
3490 2505 3566 2566 ὡς
3621 2508 3802 2577 χρεὼν
3826 2525 3917 2561 κε·
4015 2553 4025 2563 .

2338 2595 2728 2668 καθαρμένοις,
2765 2595 2880 2650 ἀλλ’
2904 2595 3003 2666 οὐχ
3042 2593 3117 2657 ὡς
3149 2595 3263 2663 ἔχει
3297 2592 3512 2662 φύσεως
3534 2613 3548 2626 ·
3582 2596 3708 2650 οὗτε
3740 2599 3916 2651 τοίνυν

2338 2689 2482 2745 κατὰ
2518 2689 2616 2761 τὴν
2639 2689 2850 2754 οὐσίαν,
2881 2688 3004 2743 οὔτε
3040 2687 3160 2742 καθ’
3202 2687 3501 2768 ῦπόστασίν
3534 2708 3660 2746 τινα
3692 2691 3917 2763 μέτοχός

2336 2799 2421 2846 τις
2451 2782 2660 2852 γίνεται
2698 2782 2868 2836 Θεοῦ·
2918 2783 3205 2856 μερίζεται
3250 2782 3358 2855 γάρ
3395 2785 3603 2837 τούτων
3655 2786 3918 2857 ἑκάτερον

2338 2875 2446 2928 οὐδ’
2475 2875 2749 2940 ὁπωσοῦν,
2775 2876 2895 2929 οὐδὲ
2943 2877 3283 2947 μεταδίδοται
3334 2879 3663 2949 τοπαράπαν
3720 2879 3918 2945 οὐδενί,

2338 2968 2430 3022 Διὸ
2466 2969 2563 3023 καὶ
2593 2970 2728 3023 πᾶσι
2761 2968 3107 3023 παντάπασιν
3157 2967 3459 3040 ἀχὼρητος,
3503 2971 3643 3026 κατά
3696 2971 3920 3027 ταῦταὸ

2340 3060 2500 3125 Θεόςο
2543 3064 2591 3116 εί
2623 3061 2717 3118 καὶ
2755 3061 3034 3132 πανταχοῦ
3067 3061 3209 3117 κατὰ
3259 3063 3431 3117 ταῦτα
3464 3066 3750 3136 πάρεστιν,
3785 3068 3822 3136 ἡ
3863 3066 3917 3118 δὲ

2342 3147 2494 3219 κοινὴ
2523 3149 2624 3222 τῆς
2677 3150 3112 3220 τρισυποστάτυυ
3157 3151 3373 3221 φύσεως
3426 3153 3677 3223 ἐνέργειά
3710 3172 3773 3208 τε
3829 3158 3921 3209 καὶ

655 3248 727 3300 tia
753 3245 969 3300 donatis
999 3241 1460 3298 communicatur.
1505 3234 1641 3291 Nam
1698 3235 1934 3304 Spiritus
1983 3244 2227 3300 sanctus,

2339 3242 2588 3313 δύναμις,
2622 3244 2891 3315 διαφόρως
2918 3243 3250 3316 μεριζομένη
3300 3246 3394 3298 καὶ
3424 3245 3777 3317 καταλλήλως
3809 3250 3918 3312 τοῖς

655 3350 713 3393 ιιι
745 3339 819 3391 ait
870 3351 1099 3406 magnus
1150 3332 1402 3399 Basilius,
1447 3347 1552 3386 non
1590 3330 1655 3385 ad
1705 3344 1868 3384 unam
1920 3341 2227 3382 mensuram

655 3430 831 3500 dignis
861 3442 919 3483 se
946 3428 1057 3489 dat,
1096 3428 1189 3479 sed
1239 3438 1336 3493 pro
1383 3423 1592 3476 ratione
1635 3419 1763 3474 ﬁdei
1812 3417 2001 3473 dividit
2036 3430 2231 3485 opera-

658 3524 885 3586 tionem,
937 3520 1168 3589 simplex
1223 3517 1444 3586 quidem
1476 3512 1738 3579 essentia,
1789 3510 2066 3579 ntnltiplex
2103 3524 2232 3563 vero

659 3613 972 3668 virtutibus.

736 3912 857 3969 HO.
916 3908 1072 3977 Quod
1126 3906 1455 3979 participare
1505 3902 1706 3974 aliquid
1753 3902 1976 3967 dicitur,
2030 3910 2239 3971 partem

664 4010 827 4065 habet
852 4005 1156 4077 participati
1186 4020 1201 4057 :
1232 4018 1354 4055 nam
1375 4001 1418 4056 si
1445 4014 1549 4054 non
1568 3999 1761 4070 partis,
1780 3997 1872 4052 scd
1906 3997 2071 4051 totius
2100 4003 2244 4052 esset

666 4116 918 4170 ronsors,
965 4097 1245 4169 possidere
1299 4095 1524 4165 proprie
1574 4092 1876 4153 diceretur.
1922 4088 2064 4144 haud
2113 4104 2242 4144 vero

666 4194 997 4265 participare
1024 4209 1039 4246 :
1078 4189 1356 4245 divisibile
1385 4201 1515 4257 ergo
1544 4194 1630 4242 est
1678 4184 2087 4254 participatum,
2117 4182 2243 4253 quia

668 4290 864 4359 partim
920 4280 1314 4340 communit-ari
1368 4278 1528 4333 debet
1578 4275 1943 4347 participanti.
1995 4275 2243 4331 Essentia

671 4397 800 4435 vero
837 4379 930 4433 Dei
969 4386 1054 4432 est
1096 4375 1319 4429 omnino
1364 4371 1731 4433 indivisibilis,
1755 4382 1884 4439 ergo
1911 4376 1969 4424 et
2023 4369 2247 4424 omnino

669 4485 754 4530 cst
789 4468 1280 4543 imparticipahilis.
1312 4465 1643 4521 Divisibilem
1667 4471 1848 4518 tamen
1866 4476 1988 4517 esse
2010 4463 2243 4516 divinam

669 4565 1041 4636 operationem
1076 4561 1268 4613 crebro
1298 4556 1353 4612 in
1404 4554 1751 4611 sermonibus
1780 4553 2023 4610 ostendit
2065 4551 2244 4625 Chry-

672 4666 951 4715 sostomus
976 4654 1132 4709 Pater
1159 4668 1175 4719 ;
1202 4667 1264 4704 ea
1295 4649 1460 4721 igitur
1488 4659 1574 4703 est
1604 4662 1724 4719 quae
1755 4662 1787 4702 a
1819 4647 2024 4702 deiﬁcze
2054 4646 2244 4718 gratia:

672 4749 1017 4821 compotibus
1066 4744 1451 4818 participatur.
1499 4742 1637 4796 Audi
1691 4756 1823 4811 ergo
1868 4756 1992 4795 eum
2052 4755 2246 4797 rursus

674 4858 840 4899 aurea
873 4843 1051 4913 lingua
1083 4840 1243 4892 ambo
1294 4834 1595 4890 clarissime
1626 4835 1930 4898 docentem,
1965 4846 2161 4902 nempe
2191 4840 2246 4887 et

677 4929 1076 5001 operationem,
1110 4926 1253 4980 haud
1282 4939 1412 4980 vero
1455 4924 1746 4979 essentiam
1777 4923 1970 4989 dividi,
1997 4933 2052 4976 et
2096 4921 2246 4976 illam

672 5021 1010 5093 participari,
1027 5018 1173 5073 haud
1195 5033 1322 5074 vero
1340 5013 1905 5071 incommuuicabilem
1931 5016 2250 5083 essentiam,

670 5130 745 5168 ex
776 5129 881 5183 qua
910 5112 1094 5167 divina
1125 5110 1380 5179 procedet
1408 5107 1653 5178 operatio
1702 5126 1717 5162 :
1753 5122 1988 5179 namque
2020 5106 2255 5162 aﬂcrens

671 5205 1053 5275 evangelicum
1085 5203 1212 5257 illud
1238 5216 1254 5264 ;
1287 5221 1305 5253 ι
1333 5201 1408 5255 De
1441 5199 1776 5270 plenitudine
1802 5199 1921 5270 ejus
1947 5212 2042 5254 nos
2066 5212 2256 5255 omnes
2336 5244 2339 5249 .

678 5272 1039 5366 accepimus
1064 5296 1110 5328 ”
1152 5314 1169 5346 ι
1201 5294 1386 5350 subdit
1418 5311 1476 5350 τι
1522 5292 1581 5347 Si
1615 5293 1760 5346 enim
1790 5291 1988 5360 ignem,
2021 5291 2092 5345 ibi
2114 5291 2255 5361 quod

686 5390 945 5444 dividitur
977 5389 1210 5445 essentia
1242 5396 1299 5440 et
1328 5399 1526 5455 corpus
1556 5394 1660 5451 est,
1691 5383 1987 5441 dividimus
2021 5384 2260 5438 simulet

676 5495 793 5534 non
819 5479 1135 5545 dividimus,
1167 5489 1372 5546 quanto
1406 5476 1576 5547 magis
1609 5475 2003 5545 operationem,
2031 5484 2081 5528 ct
2130 5488 2258 5544 ope-

675 5577 948 5630 rationem
981 5576 1197 5645 quidmn
1221 5572 1577 5642 incorporalis
1603 5570 1890 5628 essentiael
1938 5587 1956 5621 ι

758 5860 806 5893 ³⁹
829 5862 990 5917 Joln.
1023 5878 1063 5928 1,
1084 5863 1161 5916 16

2343 3335 2649 3405 μετέχουσι,
2686 3338 2774 3390 διὰ
2798 3340 2957 3395 τοῦτο
2987 3343 3081 3397 καὶ
3121 3346 3345 3416 χωρητὴ
3379 3347 3592 3414 γίνεται
3622 3350 3739 3412 τοῖς
3767 3366 3919 3419 κεχα-

2341 3426 2661 3497 ριτωμένοις
2685 3446 2698 3461 ·
2732 3430 2790 3483 τὸ
2813 3431 2921 3501 γὰρ
2948 3432 3175 3513 Πνεῦμα
3204 3436 3266 3490 τὸ
3296 3437 3474 3506 ἅγιον,
3508 3438 3653 3494 κιτά
3686 3440 3781 3494 τὸν
3825 3442 3918 3511 ps-

2338 3532 2442 3584 γαν
2478 3518 2644 3587 φάναι
2683 3521 2987 3589 Βασίλειον,
3051 3526 3149 3597 οὐχ
3216 3528 3297 3582 ἐνὶ
3353 3529 3539 3600 μέτρῳ
3588 3534 3705 3595 τοῖς
3753 3532 3917 3597 ἀξίοις

2343 3610 2701 3681 μετεχὸμενόν
2741 3615 2911 3682 ἐστιν,
2964 3615 3104 3672 ἀλλά
3162 3621 3305 3675 κατά
3353 3622 3647 3691 ἀναλογίαν
3701 3627 3805 3695 τῆς
3836 3625 3919 3678 πί·

2341 3715 2508 3766 στεως
2542 3701 2744 3773 διαιρεῖ
2764 3704 2865 3777 τὴν
2902 3706 3208 3780 ἐνέργειαν,
3238 3712 3445 3768 ἀπλοῦν
3490 3714 3594 3786 μιν
3631 3715 3695 3772 ὃν
3725 3720 3795 3790 τῇ
3844 3717 3920 3771 οὗ·

2339 3792 2449 3864 σία,
2484 3795 2726 3849 ποικίλον
2764 3797 2822 3851 δὲ
2854 3802 2974 3862 ταῖς
3006 3801 3294 3870 δυνάμεσι.

2412 3880 2498 3952 ρι’.
2527 3883 2600 3936 Τὸ
2628 3886 2877 3956 μετέχειν
2921 3887 3065 3951 τινος
3108 3887 3424 3961 λεγόμενον,
3472 3891 3639 3964 μέρος
3678 3893 3795 3965 ἔχει
3828 3891 3915 3947 τοῦ

2343 3973 2732 4041 μετεχομένου’
2760 3974 2867 4029 κᾶν
2895 3975 3005 4048 γάρ
3040 3979 3089 4031 εί
3139 3978 3214 4048 μὴ
3250 3979 3474 4050 μέρους,
3501 3981 3637 4033 ἀλλά
3660 3982 3758 4034 τοῦ
3798 4000 3913 4035 πάνυ

2339 4062 2429 4126 τὲς
2460 4064 2698 4134 μετέχει,
2728 4064 2875 4136 ἔχειν
2907 4065 2974 4121 ἂν
3030 4068 3237 4141 κυρίως
3265 4069 3464 4140 λέγοιτ’
3497 4072 3596 4139 ἂν,
3642 4074 3760 4126 ἀλλ’
3801 4074 3912 4142 οὐχὶ

2343 4154 2591 4225 μετέχειν
2619 4158 2808 4210 τούτου
2831 4173 2844 4187 ⁸
2869 4160 3122 4230 μεριστὸν
3143 4159 3251 4234 ἄρα
3278 4162 3337 4214 τὸ
3365 4163 3734 4233 μετεχόμενόν
3754 4166 3911 4225 ἐστιν,

2342 4242 2500 4314 είπερ
2546 4245 2743 4315 μέρους
2793 4249 3047 4320 μετέχειν
3090 4251 3306 4324 ἀνάγκη
3343 4252 3405 4305 τὸ
3456 4255 3713 4326 μετέχον.
3766 4255 3829 4308 Ἦ
3859 4255 3909 4307 δὲ

2340 4335 2498 4389 οὐσία
2519 4337 2614 4391 τοῦ
2637 4337 2773 4392 Θεοῦ
2813 4341 3159 4397 παντάπασίν
3187 4343 3335 4396 ἐστιν
3361 4343 3687 4415 ἀμέριστος·
3729 4344 3910 4400 οὖκὺῦν

2341 4425 2438 4479 καὶ
2473 4428 2822 4482 παντάπασίν
2855 4432 3003 4484 ἐστιν
3029 4432 3356 4504 ἀμέθεκτος.
3388 4435 3462 4487 Τὸ
3490 4434 3546 4488 δὲ
3574 4435 3906 4507 μερίζεσθαι,

2341 4518 2440 4589 τῆς
2482 4519 2631 4584 θείας
2660 4522 2944 4592 ἐνεργείας
3002 4521 3162 4589 εἶναι,
3220 4526 3489 4598 πολλαχοῦ
3529 4528 3640 4582 τῶν
3693 4529 3908 4599 λόγωνό

2275 4595 2320 4653 Ῐ)
2344 4609 2729 4682 Χρυσόστομος
2760 4614 3124 4682 ἀποφαίνεται
3185 4595 3424 4691 Πατήρ-⁷
3448 4617 3591 4691 αὕτη
3634 4595 3906 4690 τοιγαροῦν

2344 4701 2490 4755 ἔστιν
2523 4703 2557 4773 ἡ
2587 4704 2682 4756 καὶ
2713 4704 2865 4773 παρὰ
2890 4704 2999 4758 τῶν
3023 4706 3344 4776 ἠξιωμένων
3373 4710 3473 4778 τῆς
3510 4709 3781 4781 θεουργοῦ
3824 4711 3906 4781 xci-

2349 4811 2496 4867 ριτος
2525 4797 2883 4867 μετεχομένη.
2912 4798 3182 4852 Ἄκουσον
3203 4796 3296 4854 οῦν
3325 4800 3490 4854 αὐτοῦ
3518 4803 3686 4856 πάλιν
3714 4804 3805 4856 τοῦ
3825 4802 3907 4873 tif:

2344 4886 2591 4956 γλῶτταν
2644 4887 2871 4958 χρυσοῦ,
2909 4890 3286 4961 προδηλότατα
3339 4892 3692 4960 διδάσκοντος
3743 4896 3906 4964 άμςό-

2344 4992 2510 5048 τερα’
2545 4977 2603 5030 τό
2632 4993 2687 5030 τε
2715 4978 2813 5050 τὴν
2852 4979 3158 5049 ἐνέργειαν,
3190 4982 3305 5035 ἀλλ’
3335 4983 3395 5036 οὐ
3437 4985 3537 5053 τὴν
3575 4986 3767 5039 οὐσίαν
3787 4982 3912 5039 εἶναι

2345 5067 2443 5140 τὴν
2495 5069 2862 5141 μεριξομένην
2901 5072 3215 5143 ἀμερίστως
3259 5074 3356 5127 καὶ
3386 5076 3780 5148 μετεχομένην,

2342 5161 2467 5230 οὐχὶ
2492 5162 2593 5232 τὴν
2623 5162 2927 5232 ἀμέθεκτον
2965 5164 3175 5229 οὐσίαν,
3225 5165 3284 5230 ἐξ
3314 5160 3382 5239 ἧς
3417 5169 3446 5238 ἡ
3509 5168 3632 5223 θεία
3678 5169 3916 5243 πρόεισιν

2347 5254 2615 5324 ἐνέργεια·
2663 5253 2919 5324 προσθεὶς
2940 5254 3047 5326 γάρ
3080 5255 3141 5309 τὸ
3172 5257 3529 5326 εὑαγγελικδν
3555 5258 3753 5323 ὲκείνο,
3787 5280 3805 5312 ι
3830 5260 3916 5313 Ἐκ

2347 5346 2440 5401 τοῦ
2468 5345 2834 5416 πληρώματος
2875 5347 3039 5400 αὐτοῦ
3062 5348 3223 5419 ἡμεῖς
3256 5348 3455 5411 πάντες
3493 5350 3787 5421 ἐλάϐομεν,
3808 5371 3828 5400 ι
3860 5349 3918 5402 Εἰ

2348 5439 2458 5511 γὰρ
2483 5438 2576 5492 ἐπὶ
2609 5438 2702 5492 τοῦ
2734 5438 2931 5510 πυρὸς,
2965 5442 3152 5509 φησὶν,
3192 5440 3318 5495 ἔνθα
3343 5440 3505 5496 οὖσία
3528 5442 3590 5495 τδ
3632 5442 3915 5513 μεριζόμε-

2347 5549 2437 5587 νον
2456 5531 2550 5584 xui.
2572 5531 2752 5600 σῶμα,
2773 5532 2867 5584 καὶ
2892 5531 3210 5604 μερίζομεν.
3237 5532 3329 5585 καὶ
3354 5533 3414 5585 οὐ
3447 5533 3750 5604 μερίζομεν
3770 5533 3917 5592 αὐτὸ.

2348 5623 2500 5696 πόσῳ
2533 5623 2731 5695 μᾶλλον
2769 5623 2860 5676 ἐπὶ
2889 5624 2989 5697 τῆς
3030 5624 3329 5696 ἐνεργείας.
3364 5624 3459 5677 καὶ
3489 5625 3778 5695 ἐνεργείας
3818 5622 3915 5690 τῆς

2348 5716 2408 5781 ἐξ
2437 5714 2728 5784 ἀσωμάτου
2760 5713 2946 5776 οὐσίας
2966 5730 2982 5779 ;
