4122 6322
340 357 477 422 1197

1239 350 1506 411 CAPITA
1547 342 1902 413 PHYSlCA,
1941 339 2462 410 THEOIDGICA,
2504 338 2664 400 ETC.

3450 339 3586 404 1198

396 456 522 531 ρια’.
561 458 682 512 Ἔτι
710 458 773 512 τό
813 475 958 523 τινος
1010 459 1259 531 μετέχειν
1285 465 1406 515 κατ’
1455 459 1665 522 οὐσίαν,
1713 456 1900 530 κοινὴν

2075 456 2198 512 ill.
2225 455 2471 526 Insuper,
2507 456 2650 528 quod
2683 454 2974 526 participat
3022 454 3225 526 aliquid
3285 460 3584 512 secundum

322 553 536 624 ἀνάγκη
569 552 709 622 μετὰ
741 551 834 606 τοῦ
875 551 1241 622 μετεχομένου
1264 550 1364 622 τὴν
1391 549 1582 605 οὐσίαν
1609 549 1774 622 ἔχειν,
1805 550 1900 604 καὶ

322 645 466 697 κατά
492 662 546 696 τι
571 645 670 714 τὴν
697 643 888 713 αὑτήν.
923 643 1017 706 Τίς
1047 639 1142 696 οὖν
1165 643 1285 696 ποτ’
1313 643 1514 716 ήκουσε
1573 641 1705 713 μίαν
1753 635 1897 696 εἶναι

327 735 421 788 τοῦ
448 734 583 788 Θεοῦ
641 735 733 787 καὶ
759 733 914 802 ἡμῶν
967 735 1108 789 κατά
1134 752 1186 788 τι
1218 735 1317 807 τὴν
1343 734 1571 800 οὐσίανς
1601 733 1696 788 καὶ
1726 733 1899 787 ταῦτα

330 827 423 880 τοῦ
457 827 696 894 μεγάλου
729 826 1009 879 Βασιλείου
1039 827 1288 895 λέγοντος
1315 843 1330 858 ο
1383 826 1449 879 Αἰ
1481 826 1580 896 μὲν
1625 826 1899 896 ἐνέργειαι

327 917 420 971 τοῦ
444 917 578 968 Θεοῦ
610 916 747 983 πρὸς
777 917 921 987 ἡμᾶς
950 917 1387 982 καταϐαίνουσιν,
1414 917 1522 989 ἡδὲ
1545 916 1704 970 οὐσία
1735 913 1900 970 αὐτοῦ

335 1013 486 1081 μένει
515 1009 809 1079 ἀπρόσιτος
830 1024 845 1040 ⁶
877 1011 972 1064 καὶ
998 1009 1091 1064 τοῦ
1124 1011 1270 1064 θείου
1290 1011 1542 1083 Μαξίμου
1565 1008 1867 1082 φάσκοντος
1884 1022 1900 1041 ⁸

329 1102 534 1164 Πάντα,
581 1100 680 1153 ὅσα
704 1102 731 1152 6
751 1100 908 1163 Θεὸς,
941 1101 1035 1152 καὶ
1062 1103 1091 1154 ὁ
1119 1101 1208 1154 διὰ
1230 1101 1328 1171 τῆς
1357 1101 1580 1172 χάριτος
1626 1098 1905 1172 τεθεωμὲ-

323 1221 413 1269 νος
451 1201 624 1264 ἔσται,
660 1202 830 1272 χωρὶς
881 1200 982 1270 τῆς
1012 1204 1133 1256 κατ’
1183 1203 1371 1258 οὐσίαν
1397 1221 1746 1276 τσυτοτητος.
1783 1209 1899 1264 Οῦκ

327 1298 434 1368 ἀρα
485 1295 585 1364 τῆς
616 1294 765 1357 θείας
814 1295 1001 1357 οὐσίας
1036 1293 1210 1348 ἔνεστι
1261 1296 1529 1367 μετέχειν,
1559 1299 1670 1352 οὐδ’
1704 1300 1902 1364 αὐτοὺς

328 1389 452 1449 τοὺς
483 1387 571 1440 διὰ
615 1387 715 1457 τῆς
746 1386 896 1450 θείας
957 1387 1179 1458 χάριτος
1223 1388 1633 1456 τεθεωμένουςο
1679 1391 1790 1462 Tr];
1844 1391 1900 1445 δὲ

330 1479 477 1541 θείας
502 1478 780 1548 ἐνεργείας
811 1477 987 1531 ἔνεστι
1034 1479 1306 1549 μετέχειν.
1353 1481 1447 1542 Εἰς
1477 1481 1634 1534 τοῦτο
1686 1483 1793 1554 γάρ
1832 1499 1901 1553 με

329 1571 487 1642 φέρει
513 1572 574 1624 τὸ
603 1571 821 1642 μέτριον
847 1571 1080 1625 ὲνταίθα
1107 1572 1306 1640 φέγγος
1326 1573 1426 1642 τῆς
1457 1573 1733 1644 ἀληθείας,
1761 1574 1902 1645 λαμ-

331 1664 573 1733 πρότητα
599 1663 732 1717 Θεοῦ
773 1663 903 1716 ἰδεῖν
946 1665 1042 1718 καὶ
1076 1664 1287 1729 παθεῖν,
1345 1667 1513 1735 φησὶν
1564 1669 1592 1719 6
1641 1667 1902 1733 Θεολόγος

328 1756 626 1828 Γρηγὸριος
653 1771 667 1788 ³
697 1756 790 1808 καὶ
831 1756 863 1824 ἡ
915 1756 1233 1826 λαμπρότης
1298 1756 1390 1809 τοῦ
1435 1755 1571 1809 Θεοῦ
1632 1757 1789 1828 ἡμῶν
1815 1757 1901 1826 ἐφ’

328 1849 474 1918 ἡμᾶς
501 1847 641 1900 κατά
667 1847 758 1899 τὸν
789 1846 1080 1915 ψαλμῳδδν
1110 1847 1400 1917 προφήτην
1423 1862 1437 1877 ·
1470 1847 1566 1900 καὶ
1597 1848 1730 1918 μίαν
1761 1843 1903 1902 εἶναι

331 1938 425 1993 τοῦ
463 1937 598 1992 Θεοῦ
628 1939 724 1991 καὶ
764 1938 872 1990 τῶν
902 1937 1075 2005 ἀγίων
1135 1939 1236 2005 τὴν
1275 1939 1582 2008 ἐνέργειαν,
1619 1939 1648 1991 6
1697 1939 1908 2004 τούτοις

332 2030 642 2100 ἐναρίθμιος
686 2028 936 2097 Μάξιμος
981 2029 1182 2098 γράιρει
1219 2029 1536 2100 διαρρήδην,
1571 2029 1668 2083 καὶ
1723 2029 1904 2094 ζώσας

330 2123 542 2184 εἰκόνας
573 2117 718 2173 εἶναι
774 2118 996 2182 τούτους
1019 2119 1296 2190 Χριστοῦ,
1351 2120 1449 2174 καὶ⁵
1498 2120 1666 2174 ταυτὸ
1710 2121 1910 2192 μᾶλλον

331 2213 478 2283 αὑτῷ
505 2212 649 2266 κατά
684 2211 782 2282 τὴν
815 2210 996 2280 χάριν,
1031 2211 1063 2277 ἢ
1093 2210 1449 2281 ἀφομοίωμα.

401 2307 526 2378 ριβ⁴.
570 2307 628 2360 Ὀ
681 2304 812 2369 Θεὸς
840 2304 1003 2367 αὐτός
1059 2304 1208 2358 ἐστιν
1255 2305 1313 2356 ὲν
1359 2301 1560 2374 ἑαυτῷ,
1600 2303 1711 2358 τῶν
1735 2301 1908 2374 τριῶν

333 2399 493 2452 θείων
537 2395 890 2451 ὕποστάσεων
947 2394 1212 2463 φυσικῶς,
1271 2394 1488 2461 ὑλικῶς,
1545 2395 1752 2459 ἀϊδίως,
1813 2394 1909 2448 καὶ

330 2489 752 2557 ἀνεκφοιτήτως,
786 2486 904 2557 ἅμα
925 2486 981 2540 δὲ
1008 2487 1100 2540 καὶ
1128 2483 1406 2556 ἀφύρτως,
1441 2486 1537 2539 καὶ
1583 2483 1908 2554 ἀσυγχύτως

333 2579 604 2649 ἐχομένων
642 2577 908 2646 ἀλλήλων,
953 2579 1045 2631 καὶ
1067 2576 1494 2649 περιχωρουσῶν
1544 2575 1623 2640 είς
1649 2575 1909 2646 ἀλλήλας,

330 2673 405 2734 ὡς
445 2671 573 2741 μίαν
618 2665 756 2723 εῖναι
789 2668 994 2744 τούτων
1021 2671 1113 2722 καὶ
1149 2668 1247 2739 τὴν
1273 2668 1578 2741 ἐνέργειαν.
1607 2669 1788 2742 Ὅπερ
1821 2649 1912 2722 ἐπ’

331 2760 543 2824 οὐδενὸς
565 2759 630 2814 ἄν
674 2776 758 2823 τις
788 2758 940 2829 εὖροι
964 2757 1072 2812 τῶν
1113 2759 1371 2813 κτιστῶν.
1404 2759 1631 2829 (Ὁμοία
1671 2760 1769 2830 μὲν
1802 2759 1912 2829 γὰρ

333 2854 392 2906 ἐν
426 2854 538 2916 τοῖς
571 2851 914 2922 ὁμογενέσιν,
948 2851 1063 2906 ἀλλ’
1111 2843 1348 2923 ἕκάστης
1378 2851 1737 2916 ὑποστάσεως
1789 2851 1911 2906 καθ’

335 2943 534 3013 ἑαυτὴν
565 2941 914 3014 ἐνεργούσης,
971 2942 1076 2995 ίδία
1107 2943 1199 2996 καὶ
1226 2945 1259 3015 ή
1299 2942 1596 3014 ἐνέργεια.)
1651 2942 1766 2996 Οὐκ
1795 2941 1908 3011 ἔχει

331 3030 388 3082 δὲ
410 3028 580 3093 οὕτως
613 3031 708 3083 ἐπὶ
733 3029 842 3083 τῶν
868 3029 1036 3100 τριῶν
1061 3030 1286 3084 ἐκείνων
1339 3030 1502 3085 θείων
1533 3031 1627 3084 καὶ⁸
1667 3047 1910 3103 προσκυ-

335 3117 509 3188 νητῶν
544 3117 914 3172 ὑποστάσεων’
950 3117 1026 3181 ὡς
1074 3117 1290 3188 ἀληθῶς
1319 3119 1427 3190 γὰρ
1461 3118 1560 3188 μία
1611 3120 1726 3173 ἐκεῖ
1756 3117 1850 3172 καὶ
1879 3119 1911 3188 ἠ
1941 3150 1985 3208 c

335 3210 472 3278 αὐτή
503 3211 618 3262 ἐστι
650 3225 665 3239 °
701 3209 800 3279 μία
822 3209 930 3281 γὰρ
959 3212 991 3280 ἡ
1015 3210 1108 3263 τοῦ
1131 3209 1278 3264 θείου
1309 3209 1649 3280 βουλήματος
1676 3211 1912 3282 κίνησις,

335 3305 398 3355 ἐκ
426 3301 868 3372 προκαταρτικοῦ
905 3300 1080 3355 αἰτίου
1104 3300 1196 3354 τοῦ
1230 3300 1444 3372 Πατρὸς
1474 3302 1796 3372 ὁρμωμένη,
1818 3299 1914 3354 καὶ

335 3393 421 3448 διὰ
463 3392 557 3444 τοῦ
593 3391 723 3446 Υἱοῦ
777 3391 1062 3462 προϊοῦσα,
1093 3392 1186 3444 καὶ
1217 3393 1276 3445 ὲν
1329 3391 1408 3462 τῷ
1460 3391 1601 3463 ἁγίῳ
1635 3393 1913 3462 Πνεύματι

338 3483 767 3554 προφαινομένη.
799 3485 908 3538 Καὶ
940 3482 1096 3536 τοῦτο
1123 3483 1281 3553 δῆλον
1309 3485 1372 3537 ὲκ
1395 3483 1502 3537 τῶν
1537 3481 1914 3553 ἀποτελεσμά-

335 3594 478 3632 των⁹
499 3577 747 3630 ἐντεῦθεν
772 3577 880 3648 γὰρ
907 3580 1056 3632 πᾶσα
1083 3577 1289 3646 φυσικὴ
1309 3576 1564 3647 ἐνέργεια
1593 3574 1915 3631 καθίσταται

340 3668 641 3740 γνώριμος.
669 3668 780 3722 Καὶ
802 3669 982 3722 τοίνυν
1008 3670 1106 3739 οὐχ
1135 3667 1325 3740 ὥσπερ
1346 3668 1507 3738 ὁμοία
1541 3667 1660 3739 μὲν,
1694 3667 1826 3738 άλλη
1857 3665 1914 3720 δὲ

341 3764 467 3836 παρ’
491 3764 656 3834 ἄλλης
671 3761 935 3832 χελιδόνος
957 3760 1257 3815 ἑκτελείται
1283 3759 1448 3814 καλιά
1463 3777 1477 3790 ’
1502 3760 1597 3814 καὶ
1618 3759 1756 3828 άλλη
1779 3759 1910 3829 παρ’

341 3853 500 3908 ἀλλου
534 3851 792 3924 γραφέως
815 3851 1232 3924 καταγράφεται
1262 3850 1430 3914 σελὶς,
1467 3849 1571 3903 κᾶν
1589 3851 1655 3902 ὲκ
1683 3850 1790 3902 τῶν
1821 3848 1912 3901 αῦ-

341 3946 449 4000 τῶν
477 3944 756 4015 στοιχείων
793 3943 850 4018 ᾖ,
905 3943 1050 3998 οὕτω
1077 3946 1172 3998 καὶ
1217 3943 1310 3997 ἐπὶ
1348 3942 1582 4012 Πατρὺς,
1621 3941 1716 3994 καὶ
1757 3939 1910 4002 Υίοῦ,

344 4037 436 4095 καὶ
479 4036 637 4104 ἀγίου
685 4036 1022 4105 Πνεύματος,
1070 4035 1199 4088 ἴδιον
1234 4033 1582 4102 ἀποτέλεσμα
1611 4029 1742 4100 παρ’
1782 4029 1914 4084 ἑκά-

345 4144 478 4198 στης
501 4129 692 4197 ὁρᾶται
725 4127 834 4180 τῶν
880 4126 1230 4180 ὑποστάσεων
1256 4141 1271 4154 ο
1300 4123 1436 4178 ἀλλά
1463 4123 1614 4177 πᾶσα
1639 4123 1672 4192 ἡ
1717 4120 1914 4185 κτίσις,

341 4221 452 4274 τῶν
484 4221 648 4290 τριῶν
670 4221 814 4274 ἐστιν
842 4218 1001 4289 ἔργον
1039 4217 1116 4273 ἓν.
1146 4217 1257 4274 Καὶ
1280 4215 1388 4268 ἀπὸ
1416 4213 1620 4285 ταύτης
1664 4213 1794 4282 μίαν
1823 4213 1918 4266 καὶ

347 4311 516 4380 αὐτὴν
546 4309 652 4364 τῶν
684 4311 845 4381 τριῶν
878 4307 1268 4379 προσκυνητῶν
1313 4305 1641 4375 προσώπων,
1668 4302 1785 4358 ἀλλ’
1818 4303 1918 4356 οὐκ

348 4403 791 4470 ἀποτεταγμένην
814 4400 1054 4469 ’ἑκάστῳ
1105 4401 1200 4452 καὶ
1257 4397 1449 4468 ὁμοίαν
1482 4398 1621 4449 νοεῖν
1674 4392 1780 4448 ὑπὸ
1807 4391 1917 4446 τῶν

349 4493 604 4564 Πατέρων
635 4493 965 4563 μεμυήμεθα
999 4493 1096 4563 τὴν
1121 4491 1268 4544 θείαν
1299 4490 1598 4560 ἐνέργειαν.

420 4592 542 4655 ριγ⁸.
579 4586 733 4638 Ἐπεὶ
756 4587 812 4637 ὲν
839 4584 1084 4654 ἀλλήλοις
1105 4582 1423 4652 ἀσυγχύτως
1453 4599 1512 4633 τε
1539 4590 1633 4634 και
1664 4579 1918 4649 ἀφύρτως

350 4677 376 4726 ὸ
411 4673 596 4744 Πατὴρ
621 4674 715 4726 καὶ
742 4674 771 4724 6
794 4673 918 4736 Υἱὸς
958 4673 1051 4726 καὶ
1101 4671 1164 4726 τὸ
1199 4671 1422 4740 Πνεῦμα
1471 4670 1532 4722 τὸ
1570 4668 1730 4737 ἅγιόν
1756 4669 1917 4731 εἰσιν,

350 4765 468 4818 ὅθεν
509 4765 665 4834 ίσμεν
690 4764 819 4832 μίαν
842 4759 983 4815 εἶναι
1029 4763 1233 4816 τούτων
1289 4760 1532 4833 ἀκριϐῶς
1563 4761 1662 4830 τὴν
1708 4759 1920 4824 κίνησιν

351 4858 444 4912 καὶ
467 4856 566 4927 τὴν
605 4857 908 4926 ἐνέργειαν,
945 4855 1018 4924 ἣν.
1045 4853 1159 4924 ἔχει
1184 4856 1213 4907 6
1251 4853 1435 4924 Πατὴρ
1473 4854 1532 4906 ὲν
1568 4850 1745 4920 ἑαυτῷ
1776 4848 1920 4922 ζωὴν

353 4947 386 5017 ἢ
416 4947 664 5015 δύναμιν,
701 4945 798 5016 οὐχ
829 4943 1016 5014 ἕτερόν
1055 4945 1170 4997 ἐστι
1222 4942 1371 5012 παρά
1405 4942 1494 4995 τὸν
1525 4941 1674 5006 Υἱὸν,
1706 4941 1782 5003 ὡς
1822 4939 1918 5010 τὴν

353 5037 520 5106 αὐτὴν
553 5038 747 5105 ἐκείνῳ
805 5036 898 5088 καὶ
934 5034 1080 5105 ζωὴν
1139 5035 1233 5087 καὶ
1258 5034 1489 5103 δύναμιν
1526 5032 1740 5102 ἔχοντα,
1780 5029 1921 5084 οὕτω

354 5128 420 5198 δὴ
446 5130 538 5182 καὶ
565 5129 593 5181 6
614 5128 762 5192 Υίὸς,
785 5127 879 5181 καὶ
926 5127 989 5180 τὸ
1020 5125 1242 5196 Πνεῦμα
1285 5125 1346 5178 τὸ
1385 5124 1562 5194 ἅγιον.
1591 5124 1654 5178 Οἱ
1679 5123 1737 5176 δὲ
1769 5122 1920 5193 νομί-

358 5219 538 5284 ζοντες
566 5219 731 5290 μηδὲν
764 5219 1042 5288 διαφέρειν
1086 5218 1184 5288 τῆς
1222 5217 1372 5280 θείας
1393 5215 1582 5279 οὐσίας
1627 5205 1727 5284 τὴν
1774 5213 1922 5268 θείαν

360 5313 658 5383 ἐνέργειαν,
691 5313 988 5383 ἐπειδήπερ
1014 5311 1115 5364 οὐκ
1161 5309 1341 5376 ἄλλος,
1382 5307 1499 5365 ἀλλ’
1526 5307 1686 5372 αὑτός
1719 5308 1866 5361 ἐστιν
1891 5305 1919 5358 6

359 5402 490 5466 Θεὸς
525 5404 560 5472 ή
583 5403 694 5473 ζωὴ
725 5403 901 5472 ήμῶν,
931 5403 1026 5455 καὶ
1075 5401 1236 5465 αὐτός
1284 5401 1432 5454 ἐστιν
1465 5401 1494 5453 6
1525 5399 1600 5470 μὴ
1638 5398 1774 5470 πρὸς
1805 5397 1924 5452 ’ἐτε-

365 5511 476 5563 ρον,
529 5494 664 5548 άλλά
690 5495 812 5550 καθ’
858 5493 1049 5548 ἑαυτὸν
1099 5491 1427 5563 προαιὼνιος
1476 5491 1590 5561 ζωὴ
1639 5491 1923 5562 ὑπάρχων,

363 5585 640 5650 δυσσεϐεῖς
669 5587 729 5639 τέ
769 5589 876 5640 εισι
916 5586 1012 5640 καὶ
1050 5585 1320 5656 ἀμαθεῖς·
1370 5583 1604 5654 ἀμαθεῖς
1634 5581 1756 5652 μὲν,
1801 5583 1926 5636 ἐπεὶ

369 5677 531 5745 μήπω
580 5675 954 5747 ἐδιδάχθησαν,
999 5675 1080 5728 ὅτι
1133 5675 1223 5727 καὶ
1256 5676 1289 5744 ή
1341 5672 1600 5727 ἀνωτάτω
1631 5673 1801 5742 Τριάς
1829 5675 1925 5744 οὐχ

365 5764 573 5834 ἕτερος,
605 5765 716 5819 ἀλλ’
741 5767 900 5828 αὐτός
923 5769 1070 5820 ἐστιν
1103 5766 1131 5834 ῥ
1163 5764 1313 5829 Θεὸς,
1350 5765 1443 5818 καὶ
1467 5763 1626 5817 οὐδὲν
1646 5764 1925 5831 ἐμποδίζει

1951 4463 2000 4536 ι)

2005 548 2321 615 essentiam,
2352 563 2700 604 communem
2749 548 2951 604 habere
2980 549 3141 605 debet
3193 565 3316 605 cum
3369 549 3590 620 partici—

2006 649 2134 710 pato
2186 641 2511 702 essentiam,
2565 649 2620 694 et
2680 640 3079 710 quodammodo
3123 642 3394 698 eamdem.
3457 641 3588 708 Quis

2006 742 2189 787 autem
2249 749 2486 802 unquam
2541 734 2750 789 audivit
2798 749 2960 790 unam
2985 748 3107 790 esse
3158 735 3270 792 Deo
3319 743 3376 789 et
3428 735 3587 788 nobis

2005 825 2411 893 quodammodo
2464 827 2758 880 essentiam
2788 825 2812 880 ’ί
2837 841 2959 882 cum
2999 827 3297 896 praesertim
3360 841 3588 894 magnus

2005 915 2150 970 dicat
2183 915 2414 971 Basilius
2447 932 2462 971 :
2501 935 2520 968 ι
2555 918 2911 987 Uperationes
2955 919 3173 987 quidem
3219 917 3314 974 Dei
3360 921 3425 971 ad
3491 932 3588 970 nos

2005 1006 2365 1074 descendunt,
2401 1009 2639 1064 essentia
2693 1023 2827 1065 vero
2854 1010 2973 1080 ejus
3000 1019 3183 1064 manet
3203 1011 3478 1066 inaccessa
3515 1027 3532 1061 ι
3571 1025 3586 1074 ;

2007 1107 2060 1154 et
2118 1099 2274 1154 divus
2333 1099 2641 1156 Maximus:
2681 1118 2700 1152 ι
2741 1099 2915 1156 Omne
2965 1101 3224 1171 quidquid
3284 1101 3446 1168 Deus,
3487 1101 3589 1156 erit

2007 1189 2120 1259 ipse
2139 1190 2316 1262 gratia
2345 1188 2634 1246 deificattts
2657 1199 2856 1259 praeter
2874 1192 3134 1246 essentia:
3160 1190 3525 1245 identitatem.
3567 1207 3583 1238 ι

2005 1282 2125 1337 Non
2179 1282 2347 1352 igitur
2395 1282 2634 1336 divinam
2674 1284 2968 1338 essentiam
3023 1284 3185 1337 datur
3240 1283 3587 1353 participare.

2007 1391 2075 1431 ne
2114 1377 2246 1445 ipsis
2274 1376 2490 1445 quidem
2538 1376 2721 1430 divina
2775 1376 2952 1446 gratia
2989 1375 3272 1430 deiﬁcatis.
3323 1374 3570 1428 Divinam

2006 1481 2134 1521 vero
2175 1469 2469 1521 essentiam
2506 1466 2636 1522 licet
2693 1469 3060 1537 participare:
3101 1485 3118 1519 ι
3164 1466 3231 1520 ad
3285 1466 3391 1521 hoc
3441 1468 3586 1520 enim

2007 1574 2092 1614 me
2113 1573 2259 1612 nunc
2286 1560 2434 1614 ducit
2465 1562 2709 1616 veritatis
2736 1561 2925 1628 iubar,
2953 1569 3008 1613 ut
3045 1560 3220 1614 lucem
3253 1559 3348 1614 Dei
3383 1559 3589 1612 videam

2007 1660 2061 1704 et
2107 1651 2375 1720 experiar,
2415 1653 2494 1706 ait
2541 1653 2839 1723 Gregorius
2872 1652 3202 1723 Theologus,
3250 1670 3270 1704 ι
3301 1650 3367 1705 Ει
3406 1650 3588 1704 lumen

2013 1742 2102 1796 Dei
2137 1758 2302 1812 super
2337 1760 2458 1809 nos,
2494 1745 2647 1816 juxta
2693 1744 3039 1801 Psalmistam
3076 1744 3419 1814 prophetam.
3455 1759 3475 1792 ι
3519 1742 3588 1796 Et

2012 1848 2174 1887 unam
2208 1849 2328 1889 esse
2347 1833 2442 1889 Dei
2469 1846 2520 1890 cl
2552 1845 2866 1890 sanctorum
2892 1838 3281 1905 operationem,
3308 1835 3586 1889 ascriben-

2012 1925 2121 1978 dus
2175 1924 2241 1978 ad
2283 1927 2381 1980 ltos
2434 1922 2703 1979 Maximus
2751 1925 2964 1994 precise
3017 1923 3227 1990 criliit,
3255 1925 3440 1978 ethos
3469 1939 3590 1978 esse

2009 2015 2160 2070 vivas
2190 2014 2449 2084 imagines
2474 2014 2702 2079 Christi,
2735 2025 2790 2070 et
2820 2015 2962 2072 idem
3005 2016 3185 2084 potius
3211 2028 3332 2068 cum
3368 2027 3435 2069 eo
3468 2028 3592 2068 esse

2012 2122 2108 2175 per
2135 2109 2322 2178 gratiae
2356 2108 2832 2163 assimilationem.

2085 2282 2208 2337 ΗΞ.
2237 2282 2378 2338 Deus
2410 2291 2492 2338 est
2526 2283 2658 2354 iipse
2703 2283 2760 2339 in
2811 2282 3009 2353 seipse,
3043 2283 3169 2352 quia
3205 2294 3318 2338 tres
3346 2296 3593 2353 personae

2013 2389 2289 2446 nunquam
2323 2389 2353 2428 a
2385 2390 2446 2430 se
2477 2375 2710 2429 invicem
2743 2384 3032 2441 exeuntes,
3077 2374 3402 2430 naturaliter
3453 2375 3589 2430 inte-

2013 2481 2106 2540 gre
2149 2477 2206 2524 et
2251 2478 2477 2533 aeterne,
2509 2467 2638 2522 sine
2688 2466 2794 2522 ulla
2857 2475 3039 2522 tamen
3090 2467 3477 2524 commistione
3528 2484 3591 2522 ac

2012 2560 2329 2617 confusione
2356 2576 2416 2616 se
2454 2559 2684 2615 invicem
2729 2569 3158 2629 compenetrant,
3191 2561 3265 2614 ita
3317 2570 3375 2615 ut
3425 2576 3585 2614 unam

2014 2653 2248 2709 habeant
2286 2655 2676 2723 operationem.
2724 2638 2895 2718 Quod.
2933 2654 2989 2707 in
3025 2653 3171 2708 nulla
3207 2633 3586 2709 creaturarum

2015 2747 2250 2817 reperiri
2271 2755 2470 2818 potest.
2487 2743 2622 2799 Nam
2645 2745 2841 2800 similis
2859 2745 3075 2815 quidem
3098 2746 3153 2800 in
3177 2749 3590 2817 congenerinus.

2015 2849 2070 2894 at
2116 2840 2243 2909 quia
2293 2852 2572 2908 unumque
2625 2838 2964 2908 suppositum
3002 2853 3156 2892 more
3205 2838 3305 2892 sibi
3353 2854 3594 2908 congrum

2017 2931 2147 3001 agit,
2171 2931 2391 3002 propria
2425 2930 2590 2986 simul
2640 2931 2782 2986 inest
2827 2930 3094 3000 operatio.
3125 2930 3240 2986 Non
3281 2932 3408 2984 item
3463 2946 3593 2984 vero

2017 3022 2084 3077 de
2119 3023 2296 3079 tribus
2349 3023 2456 3078 illis
2519 3021 2721 3078 divinis
2779 3022 3187 3091 adorandisque
3226 3024 3500 3091 personis,
3539 3022 3589 3074 in

2021 3115 2216 3185 quibus
2245 3131 2348 3170 una
2385 3126 2441 3172 et
2475 3118 2664 3171 eadem
2711 3117 2956 3185 operatio
2985 3123 3108 3171 est:
3147 3131 3288 3170 unus
3327 3116 3472 3169 enim
3509 3124 3592 3168 est

2016 3207 2213 3263 divina:
2238 3207 2528 3262 voluntatis
2559 3217 2769 3274 motus,
2798 3222 2830 3262 a
2857 3208 3118 3276 primario
3144 3208 3410 3278 principio
3435 3207 3593 3263 Patre

2014 3300 2304 3366 excitatus,
2332 3308 2387 3356 et
2439 3314 2533 3369 per
2592 3299 2784 3354 Filium
2839 3300 3160 3368 procedens,
3195 3309 3250 3354 et
3287 3300 3340 3353 in
3388 3299 3591 3367 Spintu

2015 3399 2206 3446 sancto
2257 3389 2662 3469 manifestatus.
2714 3390 2782 3445 Et
2834 3390 2941 3447 hoc
3006 3400 3154 3460 patet
3201 3407 3265 3445 ex
3311 3394 3590 3462 operibus,

2014 3485 2210 3542 exinde
2240 3485 2384 3541 enim
2420 3486 2600 3538 omnis
2624 3485 2889 3540 naturalis
2918 3486 3166 3556 operatio
3193 3486 3246 3539 lit
3275 3498 3423 3540 nota.
3453 3486 3589 3556 Ergo

2017 3592 2122 3632 non
2152 3576 2291 3631 sicut
2324 3576 2519 3632 similis
2545 3577 2786 3646 quidem,
2821 3576 2916 3632 sed
2959 3577 3100 3631 alius
3135 3577 3202 3631 ab
3249 3578 3354 3630 alia
3396 3578 3588 3632 hirun-

2015 3670 2142 3726 dine
2170 3672 2452 3728 coniicitur
2481 3671 2662 3735 nidus,
2687 3683 2789 3726 nec
2833 3670 2976 3726 sicut
3008 3671 3115 3725 alia
3157 3673 3223 3724 ab
3254 3671 3359 3724 alio
3410 3672 3588 3725 scriba

2018 3762 2346 3818 describitur
2374 3763 2590 3833 pagina,
2629 3762 2844 3818 etiamsi
2896 3776 2962 3817 ex
3007 3762 3202 3816 iisdem
3233 3761 3428 3817 litteris
3463 3777 3593 3816 con-

2018 3861 2142 3918 stet,
2177 3854 2249 3906 ita
2283 3865 2339 3909 et
2367 3854 2417 3907 in
2445 3854 2610 3910 Patre
2635 3864 2687 3909 et
2711 3853 2849 3908 Filio
2879 3863 2934 3908 et
2968 3853 3174 3923 Spiritu
3225 3864 3416 3908 sancto
3466 3871 3592 3922 pro-

2019 3943 2196 4012 prium
2230 3959 2365 4012 opus
2392 3945 2460 3998 ab
2497 3959 2819 4015 unaquaque
2840 3945 2899 3999 lit
2929 3959 3180 4012 persona.
3213 3947 3306 4000 sed
3335 3947 3591 4002 universa

2018 4034 2224 4090 creatio
2255 4036 2418 4089 trium
2451 4045 2534 4089 est
2585 4051 2724 4106 opus
2775 4051 2962 4090 unum.
3011 4035 3078 4090 Et
3123 4036 3316 4090 exinde
3345 4053 3506 4091 unam
3540 4050 3593 4094 et

2020 4123 2264 4176 eamdem
2297 4123 2474 4177 tribus
2499 4125 2790 4179 adorandis
2818 4125 3086 4193 personis,
3105 4135 3288 4180 etnon
3319 4131 3588 4195 propriam

2021 4214 2220 4284 cuique
2266 4224 2321 4270 et
2371 4215 2604 4270 similem
2664 4216 2907 4272 tribuere
2937 4233 2965 4272 a
3004 4217 3258 4272 Patribtts
3302 4219 3592 4275 didicimus

2022 4306 2260 4360 divinam
2295 4306 2686 4376 Operationem.

2103 4577 2224 4633 H5.
2245 4578 2378 4644 Quia
2412 4580 2464 4632 in
2499 4595 2557 4635 se
2587 4581 2817 4636 tnvicetu
2843 4582 2962 4638 sine
3008 4583 3328 4640 confusion
3355 4600 3420 4640 ac
3449 4602 3596 4641 com-

2029 4669 2280 4726 mistione
2308 4668 2468 4724 Pater
2492 4681 2550 4724 et
2577 4668 2750 4726 Filius
2787 4679 2844 4725 et
2883 4671 3116 4742 Spiritus
3147 4685 3368 4728 sanctus
3414 4677 3599 4730 coesi-

2026 4771 2198 4825 stunt,
2231 4761 2372 4815 unde
2402 4761 2609 4816 scimus
2647 4775 2808 4816 unam
2835 4777 2959 4818 esse
3002 4765 3193 4817 ltorum
3223 4764 3466 4832 profemo
3506 4782 3596 4818 ac-

2029 4847 2232 4908 tion'em
2259 4862 2314 4910 et
2342 4854 2714 4922 operationem
2741 4869 2756 4909 :
2796 4854 2918 4913 ideo
2946 4869 3110 4924 quam
3142 4854 3307 4910 habet
3349 4855 3510 4910 Pater
3543 4858 3594 4910 in

2027 4946 2207 5015 seipso
2233 4945 2402 5000 vitam
2434 4955 2527 5001 aut
2559 4948 2872 5016 potentiam,
2909 4947 3024 5004 haec
3056 4961 3165 5002 non
3195 4947 3301 5002 alia
3341 4957 3427 5002 est
3454 4951 3595 5017 apud

2026 5037 2248 5104 Filium,
2280 5037 2483 5109 quippe
2509 5040 2602 5106 qui
2632 5039 2879 5093 eamdem
2925 5052 2988 5092 ac
3018 5038 3110 5094 ille
3156 5040 3317 5094 habet
3345 5040 3510 5095 vitam
3540 5051 3596 5096 et

2030 5127 2368 5196 potentiam;
2402 5135 2460 5180 ut
2509 5135 2691 5182 autem
2728 5125 2918 5192 Filius,
2949 5129 3028 5184 sic
3079 5138 3135 5184 et
3183 5130 3419 5198 Spiritus
3468 5147 3597 5186 san-

2029 5229 2174 5278 ctus.
2197 5218 2298 5286 Qui
2334 5235 2466 5276 vero
2501 5220 2839 5276 arbitrantur
2869 5220 3093 5278 minime
3135 5221 3449 5278 distinctam
3479 5239 3599 5278 esse

2030 5324 2062 5366 a
2093 5310 2273 5367 divina
2324 5311 2559 5367 essentia
2605 5310 2845 5368 divinam
2895 5311 3286 5382 Operationem,
3331 5311 3596 5380 quianon

2029 5402 2192 5468 alius,
2214 5402 2308 5458 sed
2341 5403 2456 5472 ipse
2481 5410 2566 5461 est
2597 5400 2736 5458 Deus
2767 5402 2872 5458 vita
2903 5413 3110 5471 nostra,
3143 5411 3198 5458 et
3231 5403 3346 5473 ipse
3376 5418 3481 5457 non
3517 5417 3598 5456 re-

2029 5491 2192 5549 lative
2219 5493 2287 5548 ad
2319 5492 2490 5560 aliud,
2528 5492 2621 5549 sed
2669 5493 2722 5548 in
2769 5494 2949 5564 seipse
2993 5505 3202 5550 aeterna
3232 5495 3342 5549 vita
3379 5503 3481 5554 est.
3520 5494 3597 5548 illi

2031 5592 2160 5640 sunt
2186 5582 2335 5652 impii
2362 5591 2417 5642 et
2461 5584 2632 5652 ignari
2661 5599 2679 5642 :
2714 5584 2890 5654 ignari
2915 5585 3158 5657 quidem,
3186 5599 3310 5644 cum
3357 5584 3597 5639 nondum

2029 5673 2318 5727 didicerint
2349 5688 2614 5729 summam
2661 5675 2978 5732 Trinitatem
3030 5692 3139 5732 non
3169 5676 3358 5748 alium,
3381 5675 3476 5732 sed
3521 5676 3598 5745 ip-

2031 5778 2151 5819 sum
2204 5779 2326 5820 esse
2385 5765 2574 5832 Deum,
2611 5783 2785 5838 neque
2840 5770 2891 5824 id
2941 5780 3125 5826 tamen
3166 5770 3424 5840 impedire
3469 5769 3598 5838 quin

2165 5884 2270 5914 ..δ”
