  <div class='ocr_page' id='page_1' title='image "/cluster/home/n/w/nwhite01/storage/ocr_20150623/150/mdp.39015078384743/607.png"; bbox 0 0 4102 6344; ppageno 0'>
   <div class='ocr_carea' id='block_1_1' title="bbox 614 288 754 354">
    <p class='ocr_par' dir='ltr' id='par_1_1' title="bbox 614 288 754 354">
     <span class='ocr_line' id='line_1_1' title="bbox 614 288 754 354; baseline -0.014 0"><span class='ocrx_word' id='word_1_1' title='bbox 614 288 754 354; x_wconf 79' lang='grc'><strong>1199</strong></span> 
     </span>
    </p>
   </div>
   <div class='ocr_carea' id='block_1_2' title="bbox 605 491 2188 563">
    <p class='ocr_par' dir='ltr' id='par_1_2' title="bbox 605 491 2188 563">
     <span class='ocr_line' id='line_1_2' title="bbox 605 491 2188 563; baseline -0.001 -17"><span class='ocrx_word' id='word_1_2' title='bbox 605 493 866 547; x_wconf 86' lang='lat' dir='ltr'><strong>alterutra</strong></span> <span class='ocrx_word' id='word_1_3' title='bbox 904 491 1127 546; x_wconf 79' lang='lat' dir='ltr'><strong>alteram</strong></span> <span class='ocrx_word' id='word_1_4' title='bbox 1167 494 1451 548; x_wconf 89' lang='lat' dir='ltr'><strong>destruunt</strong></span> <span class='ocrx_word' id='word_1_5' title='bbox 1495 495 1786 548; x_wconf 74' lang='lat' dir='ltr'><strong>essentiam</strong></span> <span class='ocrx_word' id='word_1_6' title='bbox 1819 505 1876 549; x_wconf 92' lang='lat' dir='ltr'><strong>et</strong></span> <span class='ocrx_word' id='word_1_7' title='bbox 1908 500 2188 563; x_wconf 88' lang='lat' dir='ltr'><strong>operatio-</strong></span> 
     </span>
    </p>
   </div>
   <div class='ocr_carea' id='block_1_3' title="bbox 606 583 2184 654">
    <p class='ocr_par' dir='ltr' id='par_1_3' title="bbox 606 583 2184 654">
     <span class='ocr_line' id='line_1_3' title="bbox 606 583 2184 654; baseline 0.006 -20"><span class='ocrx_word' id='word_1_8' title='bbox 606 599 746 638; x_wconf 88' lang='lat' dir='ltr'><strong>nem.</strong></span> <span class='ocrx_word' id='word_1_9' title='bbox 781 583 913 644; x_wconf 79' lang='lat' dir='ltr'><strong>Nam</strong></span> <span class='ocrx_word' id='word_1_10' title='bbox 962 585 1101 652; x_wconf 91' lang='lat' dir='ltr'><strong>quod</strong></span> <span class='ocrx_word' id='word_1_11' title='bbox 1144 593 1225 638; x_wconf 84' lang='lat' dir='ltr'><strong>est</strong></span> <span class='ocrx_word' id='word_1_12' title='bbox 1261 584 1328 637; x_wconf 88' lang='lat' dir='ltr'><strong>ad</strong></span> <span class='ocrx_word' id='word_1_13' title='bbox 1376 583 1540 648; x_wconf 87' lang='lat' dir='ltr'><strong>aliud,</strong></span> <span class='ocrx_word' id='word_1_14' title='bbox 1587 599 1692 639; x_wconf 88' lang='lat' dir='ltr'><strong>non</strong></span> <span class='ocrx_word' id='word_1_15' title='bbox 1749 587 2053 642; x_wconf 77' lang='lat' dir='ltr'><strong>substantia</strong></span> <span class='ocrx_word' id='word_1_16' title='bbox 2082 605 2101 654; x_wconf 89' lang='lat'><strong><em>;</em></strong></span> <span class='ocrx_word' id='word_1_17' title='bbox 2128 597 2184 644; x_wconf 90' lang='lat' dir='ltr'><strong>et</strong></span> 
     </span>
    </p>
   </div>
   <div class='ocr_carea' id='block_1_4' title="bbox 599 663 2185 747">
    <p class='ocr_par' dir='ltr' id='par_1_4' title="bbox 599 663 2185 747">
     <span class='ocr_line' id='line_1_4' title="bbox 599 663 2185 747; baseline 0.006 -24"><span class='ocrx_word' id='word_1_18' title='bbox 599 674 744 742; x_wconf 85' lang='lat' dir='ltr'><strong>quod</strong></span> <span class='ocrx_word' id='word_1_19' title='bbox 771 663 842 726; x_wconf 64' lang='lat' dir='ltr'><strong>‘in</strong></span> <span class='ocrx_word' id='word_1_20' title='bbox 877 675 1055 742; x_wconf 88' lang='lat' dir='ltr'><strong>seipso</strong></span> <span class='ocrx_word' id='word_1_21' title='bbox 1081 674 1348 737; x_wconf 89' lang='lat' dir='ltr'><strong>subsistit,</strong></span> <span class='ocrx_word' id='word_1_22' title='bbox 1373 673 1441 728; x_wconf 89' lang='lat' dir='ltr'><strong>ad</strong></span> <span class='ocrx_word' id='word_1_23' title='bbox 1470 675 1614 728; x_wconf 86' lang='lat' dir='ltr'><strong>aliud</strong></span> <span class='ocrx_word' id='word_1_24' title='bbox 1653 689 1760 729; x_wconf 91' lang='lat' dir='ltr'><strong>non</strong></span> <span class='ocrx_word' id='word_1_25' title='bbox 1804 687 1908 732; x_wconf 85' lang='lat' dir='ltr'><strong>est.</strong></span> <span class='ocrx_word' id='word_1_26' title='bbox 1947 674 2006 730; x_wconf 87' lang='lat' dir='ltr'><strong>Si</strong></span> <span class='ocrx_word' id='word_1_27' title='bbox 2056 692 2185 747; x_wconf 88' lang='lat' dir='ltr'><strong>ergo</strong></span> 
     </span>
    </p>
   </div>
   <div class='ocr_carea' id='block_1_5' title="bbox 604 767 2182 834">
    <p class='ocr_par' dir='ltr' id='par_1_5' title="bbox 604 767 2182 834">
     <span class='ocr_line' id='line_1_5' title="bbox 604 767 2182 834; baseline 0.003 -15"><span class='ocrx_word' id='word_1_28' title='bbox 604 767 708 820; x_wconf 69' lang='lat' dir='ltr'><strong>illae</strong></span> <span class='ocrx_word' id='word_1_29' title='bbox 748 768 882 820; x_wconf 86' lang='lat' dir='ltr'><strong>nihil</strong></span> <span class='ocrx_word' id='word_1_30' title='bbox 932 783 959 819; x_wconf 90' lang='lat' dir='ltr'><strong>a</strong></span> <span class='ocrx_word' id='word_1_31' title='bbox 998 781 1058 820; x_wconf 89' lang='lat' dir='ltr'><strong>se</strong></span> <span class='ocrx_word' id='word_1_32' title='bbox 1094 767 1321 821; x_wconf 83' lang='lat' dir='ltr'><strong>invicem</strong></span> <span class='ocrx_word' id='word_1_33' title='bbox 1377 767 1643 822; x_wconf 84' lang='lat' dir='ltr'><strong>distinctae</strong></span> <span class='ocrx_word' id='word_1_34' title='bbox 1673 769 1810 834; x_wconf 84' lang='lat' dir='ltr'><strong>sint,</strong></span> <span class='ocrx_word' id='word_1_35' title='bbox 1839 785 1896 824; x_wconf 91' lang='lat' dir='ltr'><strong>se</strong></span> <span class='ocrx_word' id='word_1_36' title='bbox 1949 770 2182 824; x_wconf 87' lang='lat' dir='ltr'><strong>invicem</strong></span> 
     </span>
    </p>
   </div>
   <div class='ocr_carea' id='block_1_6' title="bbox 601 857 2178 929">
    <p class='ocr_par' dir='ltr' id='par_1_6' title="bbox 601 857 2178 929">
     <span class='ocr_line' id='line_1_6' title="bbox 601 857 2178 929; baseline 0.004 -20"><span class='ocrx_word' id='word_1_37' title='bbox 601 859 895 926; x_wconf 80' lang='lat' dir='ltr'><strong>perimunt,</strong></span> <span class='ocrx_word' id='word_1_38' title='bbox 929 857 1011 912; x_wconf 86' lang='lat' dir='ltr'><strong>vel</strong></span> <span class='ocrx_word' id='word_1_39' title='bbox 1051 859 1232 927; x_wconf 79' lang='lat' dir='ltr'><strong>potius</strong></span> <span class='ocrx_word' id='word_1_40' title='bbox 1261 872 1358 912; x_wconf 86' lang='lat' dir='ltr'><strong>eos</strong></span> <span class='ocrx_word' id='word_1_41' title='bbox 1405 859 1496 927; x_wconf 90' lang='lat' dir='ltr'><strong>qui</strong></span> <span class='ocrx_word' id='word_1_42' title='bbox 1547 869 1745 927; x_wconf 76' lang='lat' dir='ltr'><strong>negant</strong></span> <span class='ocrx_word' id='word_1_43' title='bbox 1769 860 1915 929; x_wconf 87' lang='lat' dir='ltr'><strong>ipsas</strong></span> <span class='ocrx_word' id='word_1_44' title='bbox 1942 875 2068 917; x_wconf 88' lang='lat' dir='ltr'><strong>esse</strong></span> <span class='ocrx_word' id='word_1_45' title='bbox 2096 862 2178 916; x_wconf 89' lang='lat' dir='ltr'><strong>di-</strong></span> 
     </span>
    </p>
   </div>
   <div class='ocr_carea' id='block_1_7' title="bbox 601 950 1726 1018">
    <p class='ocr_par' dir='ltr' id='par_1_7' title="bbox 601 950 1726 1018">
     <span class='ocr_line' id='line_1_7' title="bbox 601 950 1726 1018; baseline -0.001 -14"><span class='ocrx_word' id='word_1_46' title='bbox 601 951 853 1014; x_wconf 85' lang='lat' dir='ltr'><strong>stinctas,</strong></span> <span class='ocrx_word' id='word_1_47' title='bbox 877 965 940 1002; x_wconf 83' lang='lat' dir='ltr'><strong>cx</strong></span> <span class='ocrx_word' id='word_1_48' title='bbox 973 950 1180 1018; x_wconf 88' lang='lat' dir='ltr'><strong>piorum</strong></span> <span class='ocrx_word' id='word_1_49' title='bbox 1208 964 1434 1005; x_wconf 89' lang='lat' dir='ltr'><strong>numero</strong></span> <span class='ocrx_word' id='word_1_50' title='bbox 1465 951 1726 1005; x_wconf 78' lang='lat' dir='ltr'><strong>eximunt.</strong></span> 
     </span>
    </p>
   </div>
   <div class='ocr_carea' id='block_1_8' title="bbox 673 1131 2174 1188">
    <p class='ocr_par' dir='ltr' id='par_1_8' title="bbox 673 1131 2174 1188">
     <span class='ocr_line' id='line_1_8' title="bbox 673 1131 2174 1188; baseline 0 -2"><span class='ocrx_word' id='word_1_51' title='bbox 673 1133 796 1186; x_wconf 75' lang='grc'><strong>114.</strong></span> <span class='ocrx_word' id='word_1_52' title='bbox 842 1133 912 1186; x_wconf 84' lang='lat' dir='ltr'><strong>At</strong></span> <span class='ocrx_word' id='word_1_53' title='bbox 949 1147 1050 1187; x_wconf 93' lang='lat' dir='ltr'><strong>nos</strong></span> <span class='ocrx_word' id='word_1_54' title='bbox 1091 1131 1289 1186; x_wconf 86' lang='lat' dir='ltr'><strong>Filium</strong></span> <span class='ocrx_word' id='word_1_55' title='bbox 1329 1131 1424 1185; x_wconf 85' lang='lat' dir='ltr'><strong>Dei</strong></span> <span class='ocrx_word' id='word_1_56' title='bbox 1475 1132 1800 1188; x_wconf 80' lang='lat' dir='ltr'><strong>conﬁtemur</strong></span> <span class='ocrx_word' id='word_1_57' title='bbox 1839 1146 1960 1188; x_wconf 83' lang='lat' dir='ltr'><strong>esse</strong></span> <span class='ocrx_word' id='word_1_58' title='bbox 2007 1133 2174 1188; x_wconf 88' lang='lat' dir='ltr'><strong>vitam</strong></span> 
     </span>
    </p>
   </div>
   <div class='ocr_carea' id='block_1_9' title="bbox 592 1223 2176 1292">
    <p class='ocr_par' dir='ltr' id='par_1_9' title="bbox 592 1223 2176 1292">
     <span class='ocr_line' id='line_1_9' title="bbox 592 1223 2176 1292; baseline 0 -16"><span class='ocrx_word' id='word_1_59' title='bbox 592 1232 861 1288; x_wconf 83' lang='lat' dir='ltr'><strong>nostram,</strong></span> <span class='ocrx_word' id='word_1_60' title='bbox 886 1232 1150 1291; x_wconf 80' lang='lat' dir='ltr'><strong>quatenus</strong></span> <span class='ocrx_word' id='word_1_61' title='bbox 1184 1237 1300 1275; x_wconf 89' lang='lat' dir='ltr'><strong>eam</strong></span> <span class='ocrx_word' id='word_1_62' title='bbox 1333 1223 1584 1285; x_wconf 74' lang='lat' dir='ltr'><strong>producit</strong></span> <span class='ocrx_word' id='word_1_63' title='bbox 1613 1232 1667 1276; x_wconf 90' lang='lat' dir='ltr'><strong>et</strong></span> <span class='ocrx_word' id='word_1_64' title='bbox 1695 1233 1980 1292; x_wconf 84' lang='lat' dir='ltr'><strong>operatur,</strong></span> <span class='ocrx_word' id='word_1_65' title='bbox 2023 1238 2176 1278; x_wconf 89' lang='lat' dir='ltr'><strong>eum-</strong></span> 
     </span>
    </p>
   </div>
   <div class='ocr_carea' id='block_1_10' title="bbox 591 1313 2181 1383">
    <p class='ocr_par' dir='ltr' id='par_1_10' title="bbox 591 1313 2181 1383">
     <span class='ocr_line' id='line_1_10' title="bbox 591 1313 2181 1383; baseline 0.004 -22"><span class='ocrx_word' id='word_1_66' title='bbox 591 1329 697 1382; x_wconf 84' lang='lat' dir='ltr'><strong>que</strong></span> <span class='ocrx_word' id='word_1_67' title='bbox 729 1327 851 1366; x_wconf 82' lang='lat' dir='ltr'><strong>esse</strong></span> <span class='ocrx_word' id='word_1_68' title='bbox 897 1315 950 1366; x_wconf 91' lang='lat' dir='ltr'><strong>in</strong></span> <span class='ocrx_word' id='word_1_69' title='bbox 983 1313 1159 1382; x_wconf 83' lang='lat' dir='ltr'><strong>seipso</strong></span> <span class='ocrx_word' id='word_1_70' title='bbox 1193 1314 1377 1378; x_wconf 87' lang='lat' dir='ltr'><strong>vitam,</strong></span> <span class='ocrx_word' id='word_1_71' title='bbox 1403 1323 1456 1368; x_wconf 93' lang='lat' dir='ltr'><strong>et</strong></span> <span class='ocrx_word' id='word_1_72' title='bbox 1500 1315 1744 1368; x_wconf 81' lang='lat' dir='ltr'><strong>absolute</strong></span> <span class='ocrx_word' id='word_1_73' title='bbox 1769 1329 1829 1369; x_wconf 88' lang='lat' dir='ltr'><strong>ac</strong></span> <span class='ocrx_word' id='word_1_74' title='bbox 1858 1314 2181 1383; x_wconf 84' lang='lat' dir='ltr'><strong>simpliciter</strong></span> 
     </span>
    </p>
   </div>
   <div class='ocr_carea' id='block_1_11' title="bbox 593 1405 2182 1474">
    <p class='ocr_par' dir='ltr' id='par_1_11' title="bbox 593 1405 2182 1474">
     <span class='ocr_line' id='line_1_11' title="bbox 593 1405 2182 1474; baseline 0.003 -20"><span class='ocrx_word' id='word_1_75' title='bbox 593 1419 814 1474; x_wconf 88' lang='lat' dir='ltr'><strong>prorsus</strong></span> <span class='ocrx_word' id='word_1_76' title='bbox 857 1413 912 1458; x_wconf 91' lang='lat' dir='ltr'><strong>et</strong></span> <span class='ocrx_word' id='word_1_77' title='bbox 949 1405 1185 1457; x_wconf 86' lang='lat' dir='ltr'><strong>increate</strong></span> <span class='ocrx_word' id='word_1_78' title='bbox 1233 1407 1406 1472; x_wconf 90' lang='lat' dir='ltr'><strong>ipsum</strong></span> <span class='ocrx_word' id='word_1_79' title='bbox 1430 1418 1552 1458; x_wconf 80' lang='lat' dir='ltr'><strong>esse</strong></span> <span class='ocrx_word' id='word_1_80' title='bbox 1584 1416 1874 1473; x_wconf 89' lang='lat' dir='ltr'><strong>utrumque</strong></span> <span class='ocrx_word' id='word_1_81' title='bbox 1903 1406 2003 1459; x_wconf 89' lang='lat' dir='ltr'><strong>hoc</strong></span> <span class='ocrx_word' id='word_1_82' title='bbox 2044 1405 2182 1459; x_wconf 82' lang='lat' dir='ltr'><strong>diri-</strong></span> 
     </span>
    </p>
   </div>
   <div class='ocr_carea' id='block_1_12' title="bbox 584 1490 2180 1562">
    <p class='ocr_par' dir='ltr' id='par_1_12' title="bbox 584 1490 2180 1562">
     <span class='ocr_line' id='line_1_12' title="bbox 584 1490 2180 1562; baseline 0.003 -18"><span class='ocrx_word' id='word_1_83' title='bbox 584 1507 734 1554; x_wconf 82' lang='lat' dir='ltr'><strong>ntus,</strong></span> <span class='ocrx_word' id='word_1_84' title='bbox 767 1493 1006 1559; x_wconf 86' lang='lat' dir='ltr'><strong>itemque</strong></span> <span class='ocrx_word' id='word_1_85' title='bbox 1041 1490 1259 1544; x_wconf 80' lang='lat' dir='ltr'><strong>Patrem</strong></span> <span class='ocrx_word' id='word_1_86' title='bbox 1307 1501 1362 1545; x_wconf 92' lang='lat' dir='ltr'><strong>et</strong></span> <span class='ocrx_word' id='word_1_87' title='bbox 1409 1490 1670 1560; x_wconf 85' lang='lat' dir='ltr'><strong>Spiritum</strong></span> <span class='ocrx_word' id='word_1_88' title='bbox 1729 1505 1998 1548; x_wconf 85' lang='lat' dir='ltr'><strong>sanctum.</strong></span> <span class='ocrx_word' id='word_1_89' title='bbox 2036 1493 2180 1562; x_wconf 85' lang='lat' dir='ltr'><strong>Ergo</strong></span> 
     </span>
    </p>
   </div>
   <div class='ocr_carea' id='block_1_13' title="bbox 591 1579 2178 1649">
    <p class='ocr_par' dir='ltr' id='par_1_13' title="bbox 591 1579 2178 1649">
     <span class='ocr_line' id='line_1_13' title="bbox 591 1579 2178 1649; baseline 0.001 -15"><span class='ocrx_word' id='word_1_90' title='bbox 591 1586 706 1635; x_wconf 69' lang='lat' dir='ltr'><strong>inec</strong></span> <span class='ocrx_word' id='word_1_91' title='bbox 736 1584 845 1635; x_wconf 88' lang='lat' dir='ltr'><strong>vita</strong></span> <span class='ocrx_word' id='word_1_92' title='bbox 872 1591 1076 1644; x_wconf 81' lang='lat' dir='ltr'><strong>nostra,</strong></span> <span class='ocrx_word' id='word_1_93' title='bbox 1102 1595 1206 1649; x_wconf 86' lang='lat' dir='ltr'><strong>qua</strong></span> <span class='ocrx_word' id='word_1_94' title='bbox 1239 1579 1383 1633; x_wconf 89' lang='lat' dir='ltr'><strong>velut</strong></span> <span class='ocrx_word' id='word_1_95' title='bbox 1413 1595 1574 1635; x_wconf 75' lang='lat' dir='ltr'><strong>causa</strong></span> <span class='ocrx_word' id='word_1_96' title='bbox 1606 1580 1902 1634; x_wconf 72' lang='lat' dir='ltr'><strong>viventium</strong></span> <span class='ocrx_word' id='word_1_97' title='bbox 1936 1582 2178 1635; x_wconf 82' lang='lat' dir='ltr'><strong>viviﬁca-</strong></span> 
     </span>
    </p>
   </div>
   <div class='ocr_carea' id='block_1_14' title="bbox 591 1670 2163 1739">
    <p class='ocr_par' dir='ltr' id='par_1_14' title="bbox 591 1670 2163 1739">
     <span class='ocr_line' id='line_1_14' title="bbox 591 1670 2163 1739; baseline 0 -12"><span class='ocrx_word' id='word_1_98' title='bbox 591 1690 734 1738; x_wconf 84' lang='lat' dir='ltr'><strong>mur,</strong></span> <span class='ocrx_word' id='word_1_99' title='bbox 765 1673 895 1726; x_wconf 84' lang='lat' dir='ltr'><strong>nihil</strong></span> <span class='ocrx_word' id='word_1_100' title='bbox 931 1673 1075 1725; x_wconf 89' lang='lat' dir='ltr'><strong>aliud</strong></span> <span class='ocrx_word' id='word_1_101' title='bbox 1119 1680 1201 1726; x_wconf 88' lang='lat' dir='ltr'><strong>est</strong></span> <span class='ocrx_word' id='word_1_102' title='bbox 1222 1685 1382 1739; x_wconf 87' lang='lat' dir='ltr'><strong>quam</strong></span> <span class='ocrx_word' id='word_1_103' title='bbox 1404 1672 1570 1726; x_wconf 87' lang='lat' dir='ltr'><strong>Pater</strong></span> <span class='ocrx_word' id='word_1_104' title='bbox 1586 1682 1640 1726; x_wconf 88' lang='lat' dir='ltr'><strong>et</strong></span> <span class='ocrx_word' id='word_1_105' title='bbox 1664 1670 1833 1724; x_wconf 77' lang='lat' dir='ltr'><strong>Filius</strong></span> <span class='ocrx_word' id='word_1_106' title='bbox 1855 1684 1908 1726; x_wconf 90' lang='lat' dir='ltr'><strong>et</strong></span> <span class='ocrx_word' id='word_1_107' title='bbox 1929 1672 2163 1739; x_wconf 86' lang='lat' dir='ltr'><strong>Spiritus</strong></span> 
     </span>
    </p>
   </div>
   <div class='ocr_carea' id='block_1_15' title="bbox 595 1756 2246 1831">
    <p class='ocr_par' dir='ltr' id='par_1_15' title="bbox 595 1756 2246 1831">
     <span class='ocr_line' id='line_1_15' title="bbox 595 1756 2246 1831; baseline -0.002 -12"><span class='ocrx_word' id='word_1_108' title='bbox 595 1776 841 1820; x_wconf 83' lang='lat' dir='ltr'><strong>sanctus.</strong></span> <span class='ocrx_word' id='word_1_109' title='bbox 889 1765 1024 1818; x_wconf 83' lang='lat' dir='ltr'><strong>Nam</strong></span> <span class='ocrx_word' id='word_1_110' title='bbox 1087 1764 1263 1816; x_wconf 81' lang='lat' dir='ltr'><strong>tritius</strong></span> <span class='ocrx_word' id='word_1_111' title='bbox 1313 1763 1560 1831; x_wconf 84' lang='lat' dir='ltr'><strong>personis</strong></span> <span class='ocrx_word' id='word_1_112' title='bbox 1624 1761 1767 1817; x_wconf 85' lang='lat' dir='ltr'><strong>Deus</strong></span> <span class='ocrx_word' id='word_1_113' title='bbox 1815 1762 1925 1816; x_wconf 90' lang='lat' dir='ltr'><strong>vita</strong></span> <span class='ocrx_word' id='word_1_114' title='bbox 1986 1773 2168 1820; x_wconf 80' lang='lat' dir='ltr'><strong>nostra</strong></span> <span class='ocrx_word' id='word_1_115' title='bbox 2201 1756 2246 1815; x_wconf 80' lang='grc' dir='ltr'><strong><em>Β</em></strong></span> 
     </span>
    </p>
   </div>
   <div class='ocr_carea' id='block_1_16' title="bbox 585 1855 2166 1925">
    <p class='ocr_par' dir='ltr' id='par_1_16' title="bbox 585 1855 2166 1925">
     <span class='ocr_line' id='line_1_16' title="bbox 585 1855 2166 1925; baseline -0.001 -16"><span class='ocrx_word' id='word_1_116' title='bbox 585 1858 809 1918; x_wconf 79' lang='lat' dir='ltr'><strong>dicitur,</strong></span> <span class='ocrx_word' id='word_1_117' title='bbox 833 1856 956 1924; x_wconf 83' lang='lat' dir='ltr'><strong>quia</strong></span> <span class='ocrx_word' id='word_1_118' title='bbox 990 1855 1153 1925; x_wconf 85' lang='lat' dir='ltr'><strong>hujus</strong></span> <span class='ocrx_word' id='word_1_119' title='bbox 1212 1869 1374 1907; x_wconf 86' lang='lat' dir='ltr'><strong>causa</strong></span> <span class='ocrx_word' id='word_1_120' title='bbox 1406 1863 1512 1918; x_wconf 88' lang='lat' dir='ltr'><strong>est,</strong></span> <span class='ocrx_word' id='word_1_121' title='bbox 1537 1855 1788 1923; x_wconf 76' lang='lat' dir='ltr'><strong>quamvis</strong></span> <span class='ocrx_word' id='word_1_122' title='bbox 1823 1869 1928 1908; x_wconf 87' lang='lat' dir='ltr'><strong>non</strong></span> <span class='ocrx_word' id='word_1_123' title='bbox 1970 1869 2166 1909; x_wconf 88' lang='lat' dir='ltr'><strong>causa—</strong></span> 
     </span>
    </p>
   </div>
   <div class='ocr_carea' id='block_1_17' title="bbox 585 1945 2168 2013">
    <p class='ocr_par' dir='ltr' id='par_1_17' title="bbox 585 1945 2168 2013">
     <span class='ocr_line' id='line_1_17' title="bbox 585 1945 2168 2013; baseline 0.002 -15"><span class='ocrx_word' id='word_1_124' title='bbox 585 1948 732 2013; x_wconf 81' lang='lat' dir='ltr'><strong>liter,</strong></span> <span class='ocrx_word' id='word_1_125' title='bbox 767 1963 870 2002; x_wconf 85' lang='lat' dir='ltr'><strong>nec</strong></span> <span class='ocrx_word' id='word_1_126' title='bbox 909 1947 1134 2000; x_wconf 76' lang='lat' dir='ltr'><strong>relative</strong></span> <span class='ocrx_word' id='word_1_127' title='bbox 1196 1945 1265 1999; x_wconf 90' lang='lat' dir='ltr'><strong>ad</strong></span> <span class='ocrx_word' id='word_1_128' title='bbox 1313 1945 1478 2011; x_wconf 88' lang='lat' dir='ltr'><strong>aliud,</strong></span> <span class='ocrx_word' id='word_1_129' title='bbox 1511 1947 1606 2000; x_wconf 92' lang='lat' dir='ltr'><strong>sed</strong></span> <span class='ocrx_word' id='word_1_130' title='bbox 1647 1946 1895 1999; x_wconf 75' lang='lat' dir='ltr'><strong>absolute</strong></span> <span class='ocrx_word' id='word_1_131' title='bbox 1922 1956 1976 2000; x_wconf 90' lang='lat' dir='ltr'><strong>et</strong></span> <span class='ocrx_word' id='word_1_132' title='bbox 2008 1947 2060 2000; x_wconf 91' lang='lat' dir='ltr'><strong>in</strong></span> <span class='ocrx_word' id='word_1_133' title='bbox 2086 1962 2168 2001; x_wconf 72' lang='lat' dir='ltr'><strong>se~</strong></span> 
     </span>
    </p>
   </div>
   <div class='ocr_carea' id='block_1_18' title="bbox 586 2039 2164 2110">
    <p class='ocr_par' dir='ltr' id='par_1_18' title="bbox 586 2039 2164 2110">
     <span class='ocr_line' id='line_1_18' title="bbox 586 2039 2164 2110; baseline -0.003 -15"><span class='ocrx_word' id='word_1_134' title='bbox 586 2041 703 2110; x_wconf 83' lang='lat' dir='ltr'><strong>ipsa</strong></span> <span class='ocrx_word' id='word_1_135' title='bbox 752 2041 1048 2094; x_wconf 88' lang='lat' dir='ltr'><strong>subsistens</strong></span> <span class='ocrx_word' id='word_1_136' title='bbox 1082 2055 1112 2093; x_wconf 88' lang='lat' dir='ltr'><strong>a</strong></span> <span class='ocrx_word' id='word_1_137' title='bbox 1149 2039 1408 2106; x_wconf 81' lang='lat' dir='ltr'><strong>theologis</strong></span> <span class='ocrx_word' id='word_1_138' title='bbox 1459 2039 1784 2106; x_wconf 66' lang='lat' dir='ltr'><strong>praedicetur</strong></span> <span class='ocrx_word' id='word_1_139' title='bbox 1829 2039 2008 2094; x_wconf 89' lang='lat' dir='ltr'><strong>divina</strong></span> <span class='ocrx_word' id='word_1_140' title='bbox 2034 2041 2164 2104; x_wconf 87' lang='lat' dir='ltr'><strong>vita,</strong></span> 
     </span>
    </p>
   </div>
   <div class='ocr_carea' id='block_1_19' title="bbox 589 2129 2161 2201">
    <p class='ocr_par' dir='ltr' id='par_1_19' title="bbox 589 2129 2161 2201">
     <span class='ocr_line' id='line_1_19' title="bbox 589 2129 2161 2201; baseline -0.001 -15"><span class='ocrx_word' id='word_1_141' title='bbox 589 2150 688 2186; x_wconf 88' lang='lat' dir='ltr'><strong>nec</strong></span> <span class='ocrx_word' id='word_1_142' title='bbox 717 2134 862 2186; x_wconf 91' lang='lat' dir='ltr'><strong>aliud</strong></span> <span class='ocrx_word' id='word_1_143' title='bbox 896 2134 966 2186; x_wconf 88' lang='lat' dir='ltr'><strong>sit</strong></span> <span class='ocrx_word' id='word_1_144' title='bbox 1000 2148 1160 2201; x_wconf 84' lang='lat' dir='ltr'><strong>quam</strong></span> <span class='ocrx_word' id='word_1_145' title='bbox 1196 2131 1354 2186; x_wconf 83' lang='lat' dir='ltr'><strong>Pater</strong></span> <span class='ocrx_word' id='word_1_146' title='bbox 1380 2141 1435 2184; x_wconf 91' lang='lat' dir='ltr'><strong>et</strong></span> <span class='ocrx_word' id='word_1_147' title='bbox 1480 2129 1651 2184; x_wconf 86' lang='lat' dir='ltr'><strong>Filius</strong></span> <span class='ocrx_word' id='word_1_148' title='bbox 1684 2140 1738 2182; x_wconf 90' lang='lat' dir='ltr'><strong>et</strong></span> <span class='ocrx_word' id='word_1_149' title='bbox 1768 2131 2003 2201; x_wconf 88' lang='lat' dir='ltr'><strong>Spiritus</strong></span> <span class='ocrx_word' id='word_1_150' title='bbox 2032 2147 2161 2186; x_wconf 86' lang='lat' dir='ltr'><strong>san-</strong></span> 
     </span>
    </p>
   </div>
   <div class='ocr_carea' id='block_1_20' title="bbox 582 2223 2160 2292">
    <p class='ocr_par' dir='ltr' id='par_1_20' title="bbox 582 2223 2160 2292">
     <span class='ocr_line' id='line_1_20' title="bbox 582 2223 2160 2292; baseline -0.001 -15"><span class='ocrx_word' id='word_1_151' title='bbox 582 2237 730 2278; x_wconf 71' lang='lat' dir='ltr'><strong>ctus.</strong></span> <span class='ocrx_word' id='word_1_152' title='bbox 771 2223 966 2277; x_wconf 79' lang='lat' dir='ltr'><strong>Verum</strong></span> <span class='ocrx_word' id='word_1_153' title='bbox 1027 2229 1137 2278; x_wconf 75' lang='lat' dir='ltr'><strong>hzec</strong></span> <span class='ocrx_word' id='word_1_154' title='bbox 1187 2223 1317 2276; x_wconf 91' lang='lat' dir='ltr'><strong>nulli</strong></span> <span class='ocrx_word' id='word_1_155' title='bbox 1354 2230 1480 2276; x_wconf 88' lang='lat' dir='ltr'><strong>sunt</strong></span> <span class='ocrx_word' id='word_1_156' title='bbox 1515 2223 1905 2290; x_wconf 86' lang='lat' dir='ltr'><strong>impedimento</strong></span> <span class='ocrx_word' id='word_1_157' title='bbox 1957 2225 2024 2278; x_wconf 88' lang='lat' dir='ltr'><strong>iis</strong></span> <span class='ocrx_word' id='word_1_158' title='bbox 2068 2223 2160 2292; x_wconf 91' lang='lat' dir='ltr'><strong>qui</strong></span> 
     </span>
    </p>
   </div>
   <div class='ocr_carea' id='block_1_21' title="bbox 587 2315 2164 2384">
    <p class='ocr_par' dir='ltr' id='par_1_21' title="bbox 587 2315 2164 2384">
     <span class='ocr_line' id='line_1_21' title="bbox 587 2315 2164 2384; baseline -0.001 -15"><span class='ocrx_word' id='word_1_159' title='bbox 587 2316 883 2369; x_wconf 69' lang='lat' dir='ltr'><strong>incrratum</strong></span> <span class='ocrx_word' id='word_1_160' title='bbox 912 2330 1030 2369; x_wconf 92' lang='lat' dir='ltr'><strong>esse</strong></span> <span class='ocrx_word' id='word_1_161' title='bbox 1065 2323 1368 2384; x_wconf 80' lang='lat' dir='ltr'><strong>agnoscunt</strong></span> <span class='ocrx_word' id='word_1_162' title='bbox 1396 2315 1584 2380; x_wconf 89' lang='lat' dir='ltr'><strong>Deum,</strong></span> <span class='ocrx_word' id='word_1_163' title='bbox 1615 2315 1756 2368; x_wconf 86' lang='lat' dir='ltr'><strong>haud</strong></span> <span class='ocrx_word' id='word_1_164' title='bbox 1781 2316 1940 2369; x_wconf 89' lang='lat' dir='ltr'><strong>modo</strong></span> <span class='ocrx_word' id='word_1_165' title='bbox 1972 2331 2164 2369; x_wconf 89' lang='lat' dir='ltr'><strong>secun-</strong></span> 
     </span>
    </p>
   </div>
   <div class='ocr_carea' id='block_1_22' title="bbox 587 2407 2161 2476">
    <p class='ocr_par' dir='ltr' id='par_1_22' title="bbox 587 2407 2161 2476">
     <span class='ocr_line' id='line_1_22' title="bbox 587 2407 2161 2476; baseline 0.001 -16"><span class='ocrx_word' id='word_1_166' title='bbox 587 2412 709 2460; x_wconf 87' lang='lat' dir='ltr'><strong>dum</strong></span> <span class='ocrx_word' id='word_1_167' title='bbox 747 2409 1038 2461; x_wconf 82' lang='lat' dir='ltr'><strong>essentiam</strong></span> <span class='ocrx_word' id='word_1_168' title='bbox 1080 2416 1135 2460; x_wconf 90' lang='lat' dir='ltr'><strong>et</strong></span> <span class='ocrx_word' id='word_1_169' title='bbox 1183 2407 1586 2476; x_wconf 77' lang='lat' dir='ltr'><strong>personas,sed</strong></span> <span class='ocrx_word' id='word_1_170' title='bbox 1635 2415 1689 2460; x_wconf 90' lang='lat' dir='ltr'><strong>et</strong></span> <span class='ocrx_word' id='word_1_171' title='bbox 1733 2410 2035 2462; x_wconf 84' lang='lat' dir='ltr'><strong>secundum</strong></span> <span class='ocrx_word' id='word_1_172' title='bbox 2075 2421 2161 2462; x_wconf 83' lang='lat' dir='ltr'><strong>es-</strong></span> 
     </span>
    </p>
   </div>
   <div class='ocr_carea' id='block_1_23' title="bbox 582 2499 2160 2565">
    <p class='ocr_par' dir='ltr' id='par_1_23' title="bbox 582 2499 2160 2565">
     <span class='ocr_line' id='line_1_23' title="bbox 582 2499 2160 2565; baseline 0.001 -13"><span class='ocrx_word' id='word_1_173' title='bbox 582 2502 812 2552; x_wconf 81' lang='lat' dir='ltr'><strong>sentiam</strong></span> <span class='ocrx_word' id='word_1_174' title='bbox 851 2511 902 2552; x_wconf 83' lang='lat' dir='ltr'><strong>et</strong></span> <span class='ocrx_word' id='word_1_175' title='bbox 929 2513 1214 2565; x_wconf 86' lang='lat' dir='ltr'><strong>personas,</strong></span> <span class='ocrx_word' id='word_1_176' title='bbox 1246 2499 1341 2552; x_wconf 90' lang='lat' dir='ltr'><strong>sed</strong></span> <span class='ocrx_word' id='word_1_177' title='bbox 1375 2507 1430 2550; x_wconf 92' lang='lat' dir='ltr'><strong>et</strong></span> <span class='ocrx_word' id='word_1_178' title='bbox 1462 2499 1758 2551; x_wconf 90' lang='lat' dir='ltr'><strong>secundum</strong></span> <span class='ocrx_word' id='word_1_179' title='bbox 1817 2514 2160 2553; x_wconf 86' lang='lat' dir='ltr'><strong>communem</strong></span> 
     </span>
    </p>
   </div>
   <div class='ocr_carea' id='block_1_24' title="bbox 586 2590 2156 2656">
    <p class='ocr_par' dir='ltr' id='par_1_24' title="bbox 586 2590 2156 2656">
     <span class='ocr_line' id='line_1_24' title="bbox 586 2590 2156 2656; baseline 0.003 -13"><span class='ocrx_word' id='word_1_180' title='bbox 586 2593 759 2643; x_wconf 80' lang='lat' dir='ltr'><strong>tribus</strong></span> <span class='ocrx_word' id='word_1_181' title='bbox 802 2591 1041 2643; x_wconf 80' lang='lat' dir='ltr'><strong>divinam</strong></span> <span class='ocrx_word' id='word_1_182' title='bbox 1078 2591 1468 2656; x_wconf 87' lang='lat' dir='ltr'><strong>operationem.</strong></span> <span class='ocrx_word' id='word_1_183' title='bbox 1502 2590 1678 2644; x_wconf 87' lang='lat' dir='ltr'><strong>Unum</strong></span> <span class='ocrx_word' id='word_1_184' title='bbox 1714 2592 1857 2644; x_wconf 94' lang='lat' dir='ltr'><strong>enim</strong></span> <span class='ocrx_word' id='word_1_185' title='bbox 1901 2592 2066 2646; x_wconf 84' lang='lat' dir='ltr'><strong>Deum</strong></span> <span class='ocrx_word' id='word_1_186' title='bbox 2104 2593 2156 2647; x_wconf 87' lang='lat' dir='ltr'><strong>itt</strong></span> 
     </span>
    </p>
   </div>
   <div class='ocr_carea' id='block_1_25' title="bbox 587 2679 2158 2747">
    <p class='ocr_par' dir='ltr' id='par_1_25' title="bbox 587 2679 2158 2747">
     <span class='ocr_line' id='line_1_25' title="bbox 587 2679 2158 2747; baseline 0.003 -14"><span class='ocrx_word' id='word_1_187' title='bbox 587 2686 760 2734; x_wconf 61' lang='lat' dir='ltr'><strong>tritius</strong></span> <span class='ocrx_word' id='word_1_188' title='bbox 788 2682 1030 2747; x_wconf 85' lang='lat' dir='ltr'><strong>personis</strong></span> <span class='ocrx_word' id='word_1_189' title='bbox 1071 2679 1421 2743; x_wconf 80' lang='lat' dir='ltr'><strong>confitemur,</strong></span> <span class='ocrx_word' id='word_1_190' title='bbox 1445 2694 1605 2733; x_wconf 88' lang='lat' dir='ltr'><strong>unam</strong></span> <span class='ocrx_word' id='word_1_191' title='bbox 1642 2682 1928 2736; x_wconf 86' lang='lat' dir='ltr'><strong>habentem</strong></span> <span class='ocrx_word' id='word_1_192' title='bbox 1971 2697 2158 2738; x_wconf 88' lang='lat' dir='ltr'><strong>essen-</strong></span> 
     </span>
    </p>
   </div>
   <div class='ocr_carea' id='block_1_26' title="bbox 588 2771 2156 2841">
    <p class='ocr_par' dir='ltr' id='par_1_26' title="bbox 588 2771 2156 2841">
     <span class='ocr_line' id='line_1_26' title="bbox 588 2771 2156 2841; baseline 0.003 -18"><span class='ocrx_word' id='word_1_193' title='bbox 588 2777 736 2834; x_wconf 70' lang='lat' dir='ltr'><strong>tiam,</strong></span> <span class='ocrx_word' id='word_1_194' title='bbox 768 2781 818 2823; x_wconf 87' lang='lat' dir='ltr'><strong>et</strong></span> <span class='ocrx_word' id='word_1_195' title='bbox 857 2771 1172 2841; x_wconf 85' lang='lat' dir='ltr'><strong>potentiam,</strong></span> <span class='ocrx_word' id='word_1_196' title='bbox 1221 2780 1277 2824; x_wconf 89' lang='lat' dir='ltr'><strong>et</strong></span> <span class='ocrx_word' id='word_1_197' title='bbox 1334 2773 1732 2838; x_wconf 85' lang='lat' dir='ltr'><strong>operationem,</strong></span> <span class='ocrx_word' id='word_1_198' title='bbox 1774 2782 1831 2826; x_wconf 86' lang='lat' dir='ltr'><strong>et</strong></span> <span class='ocrx_word' id='word_1_199' title='bbox 1887 2774 2156 2840; x_wconf 89' lang='lat' dir='ltr'><strong>quaslibet</strong></span> 
     </span>
    </p>
   </div>
   <div class='ocr_carea' id='block_1_27' title="bbox 587 2864 2154 2936">
    <p class='ocr_par' dir='ltr' id='par_1_27' title="bbox 587 2864 2154 2936">
     <span class='ocr_line' id='line_1_27' title="bbox 587 2864 2154 2936; baseline 0.003 -21"><span class='ocrx_word' id='word_1_200' title='bbox 587 2865 717 2917; x_wconf 73' lang='lat' dir='ltr'><strong>alias</strong></span> <span class='ocrx_word' id='word_1_201' title='bbox 771 2866 1022 2919; x_wconf 71' lang='lat' dir='ltr'><strong>essentia:</strong></span> <span class='ocrx_word' id='word_1_202' title='bbox 1071 2864 1453 2931; x_wconf 82' lang='lat' dir='ltr'><strong>proprietates,</strong></span> <span class='ocrx_word' id='word_1_203' title='bbox 1487 2879 1608 2933; x_wconf 68' lang='lat' dir='ltr'><strong>quae</strong></span> <span class='ocrx_word' id='word_1_204' title='bbox 1647 2865 1930 2932; x_wconf 76' lang='lat' dir='ltr'><strong>congeries</strong></span> <span class='ocrx_word' id='word_1_205' title='bbox 1962 2877 2015 2921; x_wconf 90' lang='lat' dir='ltr'><strong>et</strong></span> <span class='ocrx_word' id='word_1_206' title='bbox 2044 2867 2154 2936; x_wconf 90' lang='lat' dir='ltr'><strong>ple-</strong></span> 
     </span>
    </p>
   </div>
   <div class='ocr_carea' id='block_1_28' title="bbox 584 2956 2153 3028">
    <p class='ocr_par' dir='ltr' id='par_1_28' title="bbox 584 2956 2153 3028">
     <span class='ocr_line' id='line_1_28' title="bbox 584 2956 2153 3028; baseline 0.001 -18"><span class='ocrx_word' id='word_1_207' title='bbox 584 2959 771 3010; x_wconf 83' lang='lat' dir='ltr'><strong>nitudo</strong></span> <span class='ocrx_word' id='word_1_208' title='bbox 804 2956 1104 3009; x_wconf 68' lang='lat' dir='ltr'><strong>divinitatis</strong></span> <span class='ocrx_word' id='word_1_209' title='bbox 1126 2957 1378 3010; x_wconf 86' lang='lat' dir='ltr'><strong>dicuntur</strong></span> <span class='ocrx_word' id='word_1_210' title='bbox 1404 2957 1457 3010; x_wconf 86' lang='lat' dir='ltr'><strong>in</strong></span> <span class='ocrx_word' id='word_1_211' title='bbox 1485 2956 1791 3027; x_wconf 79' lang='lat' dir='ltr'><strong>Scriptura,</strong></span> <span class='ocrx_word' id='word_1_212' title='bbox 1821 2958 1876 3011; x_wconf 88' lang='lat' dir='ltr'><strong>in</strong></span> <span class='ocrx_word' id='word_1_213' title='bbox 1909 2974 2153 3028; x_wconf 90' lang='lat' dir='ltr'><strong>unaqua-</strong></span> 
     </span>
    </p>
   </div>
   <div class='ocr_carea' id='block_1_29' title="bbox 586 3048 2151 3120">
    <p class='ocr_par' dir='ltr' id='par_1_29' title="bbox 586 3048 2151 3120">
     <span class='ocr_line' id='line_1_29' title="bbox 586 3048 2151 3120; baseline 0.002 -18"><span class='ocrx_word' id='word_1_214' title='bbox 586 3063 687 3116; x_wconf 85' lang='lat' dir='ltr'><strong>que</strong></span> <span class='ocrx_word' id='word_1_215' title='bbox 716 3057 918 3102; x_wconf 69' lang='lat' dir='ltr'><strong>sancta:</strong></span> <span class='ocrx_word' id='word_1_216' title='bbox 953 3048 1241 3102; x_wconf 87' lang='lat' dir='ltr'><strong>Trinitatis</strong></span> <span class='ocrx_word' id='word_1_217' title='bbox 1293 3063 1653 3117; x_wconf 89' lang='lat' dir='ltr'><strong>personarum</strong></span> <span class='ocrx_word' id='word_1_218' title='bbox 1707 3049 1991 3118; x_wconf 63' lang='lat' dir='ltr'><strong>aequaliter</strong></span> <span class='ocrx_word' id='word_1_219' title='bbox 2032 3066 2151 3120; x_wconf 82' lang='lat' dir='ltr'><strong>spe-</strong></span> 
     </span>
    </p>
   </div>
   <div class='ocr_carea' id='block_1_30' title="bbox 587 3139 1516 3210">
    <p class='ocr_par' dir='ltr' id='par_1_30' title="bbox 587 3139 1516 3210">
     <span class='ocr_line' id='line_1_30' title="bbox 587 3139 1516 3210; baseline 0 -15"><span class='ocrx_word' id='word_1_220' title='bbox 587 3151 740 3195; x_wconf 68' lang='lat' dir='ltr'><strong>elatae</strong></span> <span class='ocrx_word' id='word_1_221' title='bbox 769 3149 824 3193; x_wconf 89' lang='lat' dir='ltr'><strong>ct</strong></span> <span class='ocrx_word' id='word_1_222' title='bbox 855 3154 886 3193; x_wconf 87' lang='lat' dir='ltr'><strong>a</strong></span> <span class='ocrx_word' id='word_1_223' title='bbox 916 3139 1176 3210; x_wconf 80' lang='lat' dir='ltr'><strong>theologis</strong></span> <span class='ocrx_word' id='word_1_224' title='bbox 1200 3141 1516 3196; x_wconf 70' lang='lat' dir='ltr'><strong>celebratae.</strong></span> 
     </span>
    </p>
   </div>
   <div class='ocr_carea' id='block_1_31' title="bbox 655 3232 2152 3305">
    <p class='ocr_par' dir='ltr' id='par_1_31' title="bbox 655 3232 2152 3305">
     <span class='ocr_line' id='line_1_31' title="bbox 655 3232 2152 3305; baseline 0.002 -17"><span class='ocrx_word' id='word_1_225' title='bbox 655 3235 780 3291; x_wconf 82' lang='grc'><strong>115.</strong></span> <span class='ocrx_word' id='word_1_226' title='bbox 805 3234 906 3299; x_wconf 85' lang='lat' dir='ltr'><strong>Qui</strong></span> <span class='ocrx_word' id='word_1_227' title='bbox 943 3234 1177 3288; x_wconf 85' lang='lat' dir='ltr'><strong>divinam</strong></span> <span class='ocrx_word' id='word_1_228' title='bbox 1207 3232 1345 3286; x_wconf 89' lang='lat' dir='ltr'><strong>hanc</strong></span> <span class='ocrx_word' id='word_1_229' title='bbox 1369 3235 1548 3288; x_wconf 89' lang='lat' dir='ltr'><strong>delent</strong></span> <span class='ocrx_word' id='word_1_230' title='bbox 1569 3234 1964 3305; x_wconf 86' lang='lat' dir='ltr'><strong>operationem,</strong></span> <span class='ocrx_word' id='word_1_231' title='bbox 1991 3241 2152 3291; x_wconf 88' lang='lat' dir='ltr'><strong>modo</strong></span> 
     </span>
    </p>
   </div>
   <div class='ocr_carea' id='block_1_32' title="bbox 579 3326 2154 3391">
    <p class='ocr_par' dir='ltr' id='par_1_32' title="bbox 579 3326 2154 3391">
     <span class='ocr_line' id='line_1_32' title="bbox 579 3326 2154 3391; baseline 0.001 -11"><span class='ocrx_word' id='word_1_232' title='bbox 579 3342 700 3380; x_wconf 80' lang='lat' dir='ltr'><strong>eam</strong></span> <span class='ocrx_word' id='word_1_233' title='bbox 733 3343 852 3382; x_wconf 87' lang='lat' dir='ltr'><strong>esse</strong></span> <span class='ocrx_word' id='word_1_234' title='bbox 879 3337 1140 3391; x_wconf 85' lang='lat' dir='ltr'><strong>creatam,</strong></span> <span class='ocrx_word' id='word_1_235' title='bbox 1171 3326 1329 3379; x_wconf 92' lang='lat' dir='ltr'><strong>modo</strong></span> <span class='ocrx_word' id='word_1_236' title='bbox 1361 3341 1390 3378; x_wconf 89' lang='lat' dir='ltr'><strong>a</strong></span> <span class='ocrx_word' id='word_1_237' title='bbox 1422 3326 1606 3380; x_wconf 84' lang='lat' dir='ltr'><strong>divina</strong></span> <span class='ocrx_word' id='word_1_238' title='bbox 1655 3329 1889 3381; x_wconf 84' lang='lat' dir='ltr'><strong>essentia</strong></span> <span class='ocrx_word' id='word_1_239' title='bbox 1930 3329 2154 3384; x_wconf 90' lang='lat' dir='ltr'><strong>minimo</strong></span> 
     </span>
    </p>
   </div>
   <div class='ocr_carea' id='block_1_33' title="bbox 579 3418 2154 3483">
    <p class='ocr_par' dir='ltr' id='par_1_33' title="bbox 579 3418 2154 3483">
     <span class='ocr_line' id='line_1_33' title="bbox 579 3418 2154 3483; baseline 0.001 -9"><span class='ocrx_word' id='word_1_240' title='bbox 579 3423 894 3474; x_wconf 79' lang='lat' dir='ltr'><strong>distinctam</strong></span> <span class='ocrx_word' id='word_1_241' title='bbox 935 3419 1196 3483; x_wconf 86' lang='lat' dir='ltr'><strong>dicentes,</strong></span> <span class='ocrx_word' id='word_1_242' title='bbox 1231 3419 1368 3472; x_wconf 89' lang='lat' dir='ltr'><strong>alias</strong></span> <span class='ocrx_word' id='word_1_243' title='bbox 1419 3418 1582 3471; x_wconf 85' lang='lat' dir='ltr'><strong>aliam</strong></span> <span class='ocrx_word' id='word_1_244' title='bbox 1641 3433 1833 3472; x_wconf 88' lang='lat' dir='ltr'><strong>rursus</strong></span> <span class='ocrx_word' id='word_1_245' title='bbox 1891 3421 2154 3476; x_wconf 89' lang='lat' dir='ltr'><strong>innovant</strong></span> 
     </span>
    </p>
   </div>
   <div class='ocr_carea' id='block_1_34' title="bbox 586 3509 2154 3580">
    <p class='ocr_par' dir='ltr' id='par_1_34' title="bbox 586 3509 2154 3580">
     <span class='ocr_line' id='line_1_34' title="bbox 586 3509 2154 3580; baseline 0 -16"><span class='ocrx_word' id='word_1_246' title='bbox 586 3511 941 3580; x_wconf 79' lang='lat' dir='ltr'><strong>impietatem,</strong></span> <span class='ocrx_word' id='word_1_247' title='bbox 971 3509 1214 3563; x_wconf 82' lang='lat' dir='ltr'><strong>docendo</strong></span> <span class='ocrx_word' id='word_1_248' title='bbox 1261 3523 1423 3562; x_wconf 86' lang='lat' dir='ltr'><strong>unam</strong></span> <span class='ocrx_word' id='word_1_249' title='bbox 1473 3523 1593 3563; x_wconf 86' lang='lat' dir='ltr'><strong>esse</strong></span> <span class='ocrx_word' id='word_1_250' title='bbox 1638 3510 1934 3563; x_wconf 85' lang='lat' dir='ltr'><strong>increatam</strong></span> <span class='ocrx_word' id='word_1_251' title='bbox 1961 3526 2154 3579; x_wconf 84' lang='lat' dir='ltr'><strong>opera-</strong></span> 
     </span>
    </p>
   </div>
   <div class='ocr_carea' id='block_1_35' title="bbox 583 3599 2151 3669">
    <p class='ocr_par' dir='ltr' id='par_1_35' title="bbox 583 3599 2151 3669">
     <span class='ocr_line' id='line_1_35' title="bbox 583 3599 2151 3669; baseline 0.001 -13"><span class='ocrx_word' id='word_1_252' title='bbox 583 3605 810 3663; x_wconf 86' lang='lat' dir='ltr'><strong>tionem,</strong></span> <span class='ocrx_word' id='word_1_253' title='bbox 840 3615 1031 3668; x_wconf 84' lang='lat' dir='ltr'><strong>ucmpe</strong></span> <span class='ocrx_word' id='word_1_254' title='bbox 1089 3601 1421 3669; x_wconf 78' lang='lat' dir='ltr'><strong>unigenitum</strong></span> <span class='ocrx_word' id='word_1_255' title='bbox 1456 3600 1634 3654; x_wconf 87' lang='lat' dir='ltr'><strong>Patris</strong></span> <span class='ocrx_word' id='word_1_256' title='bbox 1667 3599 1900 3666; x_wconf 90' lang='lat' dir='ltr'><strong>Filium;</strong></span> <span class='ocrx_word' id='word_1_257' title='bbox 1923 3611 1978 3655; x_wconf 92' lang='lat' dir='ltr'><strong>et</strong></span> <span class='ocrx_word' id='word_1_258' title='bbox 2015 3605 2151 3658; x_wconf 90' lang='lat' dir='ltr'><strong>hanc</strong></span> 
     </span>
    </p>
   </div>
   <div class='ocr_carea' id='block_1_36' title="bbox 583 3691 2152 3761">
    <p class='ocr_par' dir='ltr' id='par_1_36' title="bbox 583 3691 2152 3761">
     <span class='ocr_line' id='line_1_36' title="bbox 583 3691 2152 3761; baseline 0.003 -15"><span class='ocrx_word' id='word_1_259' title='bbox 583 3694 826 3746; x_wconf 73' lang='lat' dir='ltr'><strong>volentes</strong></span> <span class='ocrx_word' id='word_1_260' title='bbox 853 3692 1179 3744; x_wconf 84' lang='lat' dir='ltr'><strong>sententiam</strong></span> <span class='ocrx_word' id='word_1_261' title='bbox 1220 3691 1571 3754; x_wconf 80' lang='lat' dir='ltr'><strong>conﬁrmare.</strong></span> <span class='ocrx_word' id='word_1_262' title='bbox 1594 3691 1712 3746; x_wconf 76' lang='lat' dir='ltr'><strong>haec</strong></span> <span class='ocrx_word' id='word_1_263' title='bbox 1750 3692 2031 3761; x_wconf 75' lang='lat' dir='ltr'><strong>proferunt</strong></span> <span class='ocrx_word' id='word_1_264' title='bbox 2060 3710 2152 3750; x_wconf 80' lang='lat' dir='ltr'><strong>ve-</strong></span> 
     </span>
    </p>
   </div>
   <div class='ocr_carea' id='block_1_37' title="bbox 578 3781 2152 3853">
    <p class='ocr_par' dir='ltr' id='par_1_37' title="bbox 578 3781 2152 3853">
     <span class='ocr_line' id='line_1_37' title="bbox 578 3781 2152 3853; baseline 0.003 -15"><span class='ocrx_word' id='word_1_265' title='bbox 578 3785 838 3838; x_wconf 70' lang='lat' dir='ltr'><strong>nerabilis</strong></span> <span class='ocrx_word' id='word_1_266' title='bbox 864 3783 1050 3853; x_wconf 84' lang='lat' dir='ltr'><strong>Cyrilli</strong></span> <span class='ocrx_word' id='word_1_267' title='bbox 1103 3782 1310 3838; x_wconf 86' lang='lat' dir='ltr'><strong>verba:</strong></span> <span class='ocrx_word' id='word_1_268' title='bbox 1349 3800 1368 3834; x_wconf 80' lang='grc' dir='ltr'>ι</span> <span class='ocrx_word' id='word_1_269' title='bbox 1417 3781 1535 3837; x_wconf 79' lang='lat' dir='ltr'><strong>Vita</strong></span> <span class='ocrx_word' id='word_1_270' title='bbox 1584 3799 1744 3853; x_wconf 89' lang='lat' dir='ltr'><strong>quam</strong></span> <span class='ocrx_word' id='word_1_271' title='bbox 1796 3785 1954 3841; x_wconf 89' lang='lat' dir='ltr'><strong>habet</strong></span> <span class='ocrx_word' id='word_1_272' title='bbox 1996 3788 2152 3842; x_wconf 83' lang='lat' dir='ltr'><strong>Pater</strong></span> 
     </span>
    </p>
   </div>
   <div class='ocr_carea' id='block_1_38' title="bbox 579 3877 2148 3946">
    <p class='ocr_par' dir='ltr' id='par_1_38' title="bbox 579 3877 2148 3946">
     <span class='ocr_line' id='line_1_38' title="bbox 579 3877 2148 3946; baseline 0.003 -16"><span class='ocrx_word' id='word_1_273' title='bbox 579 3880 632 3930; x_wconf 85' lang='lat' dir='ltr'><strong>in</strong></span> <span class='ocrx_word' id='word_1_274' title='bbox 672 3879 989 3945; x_wconf 87' lang='lat' dir='ltr'><strong>semetipso,</strong></span> <span class='ocrx_word' id='word_1_275' title='bbox 1022 3892 1127 3930; x_wconf 88' lang='lat' dir='ltr'><strong>non</strong></span> <span class='ocrx_word' id='word_1_276' title='bbox 1182 3877 1327 3930; x_wconf 89' lang='lat' dir='ltr'><strong>aliud</strong></span> <span class='ocrx_word' id='word_1_277' title='bbox 1362 3885 1450 3931; x_wconf 91' lang='lat' dir='ltr'><strong>est</strong></span> <span class='ocrx_word' id='word_1_278' title='bbox 1499 3892 1662 3946; x_wconf 89' lang='lat' dir='ltr'><strong>quam</strong></span> <span class='ocrx_word' id='word_1_279' title='bbox 1714 3877 2004 3944; x_wconf 85' lang='lat' dir='ltr'><strong>Filius;et</strong></span> <span class='ocrx_word' id='word_1_280' title='bbox 2039 3881 2148 3936; x_wconf 87' lang='lat' dir='ltr'><strong>vita</strong></span> 
     </span>
    </p>
   </div>
   <div class='ocr_carea' id='block_1_39' title="bbox 575 3967 2148 4038">
    <p class='ocr_par' dir='ltr' id='par_1_39' title="bbox 575 3967 2148 4038">
     <span class='ocr_line' id='line_1_39' title="bbox 575 3967 2148 4038; baseline 0.004 -17"><span class='ocrx_word' id='word_1_281' title='bbox 575 3985 700 4038; x_wconf 69' lang='lat' dir='ltr'><strong>qua:</strong></span> <span class='ocrx_word' id='word_1_282' title='bbox 727 3971 887 4022; x_wconf 85' lang='lat' dir='ltr'><strong>estin</strong></span> <span class='ocrx_word' id='word_1_283' title='bbox 918 3967 1079 4033; x_wconf 80' lang='lat' dir='ltr'><strong>Filio,</strong></span> <span class='ocrx_word' id='word_1_284' title='bbox 1103 3983 1212 4022; x_wconf 90' lang='lat' dir='ltr'><strong>nou</strong></span> <span class='ocrx_word' id='word_1_285' title='bbox 1253 3969 1396 4022; x_wconf 90' lang='lat' dir='ltr'><strong>aliud</strong></span> <span class='ocrx_word' id='word_1_286' title='bbox 1453 3986 1617 4037; x_wconf 85' lang='lat' dir='ltr'><strong>quam</strong></span> <span class='ocrx_word' id='word_1_287' title='bbox 1663 3971 1828 4027; x_wconf 89' lang='lat' dir='ltr'><strong>Pater</strong></span> <span class='ocrx_word' id='word_1_288' title='bbox 1854 3984 1959 4027; x_wconf 84' lang='lat' dir='ltr'><strong>est.</strong></span> <span class='ocrx_word' id='word_1_289' title='bbox 1994 3973 2148 4037; x_wconf 87' lang='lat' dir='ltr'><strong>Quod</strong></span> 
     </span>
    </p>
   </div>
   <div class='ocr_carea' id='block_1_40' title="bbox 572 4059 2140 4129">
    <p class='ocr_par' dir='ltr' id='par_1_40' title="bbox 572 4059 2140 4129">
     <span class='ocr_line' id='line_1_40' title="bbox 572 4059 2140 4129; baseline 0.003 -18"><span class='ocrx_word' id='word_1_290' title='bbox 572 4063 770 4127; x_wconf 79' lang='lat' dir='ltr'><strong>probat</strong></span> <span class='ocrx_word' id='word_1_291' title='bbox 802 4061 892 4128; x_wconf 85' lang='lat' dir='ltr'><strong>qui</strong></span> <span class='ocrx_word' id='word_1_292' title='bbox 921 4061 1092 4127; x_wconf 84' lang='lat' dir='ltr'><strong>dicit;</strong></span> <span class='ocrx_word' id='word_1_293' title='bbox 1130 4077 1148 4110; x_wconf 82' lang='grc' dir='ltr'>ι</span> <span class='ocrx_word' id='word_1_294' title='bbox 1196 4059 1308 4128; x_wconf 83' lang='lat' dir='ltr'><strong>Ego</strong></span> <span class='ocrx_word' id='word_1_295' title='bbox 1339 4061 1390 4113; x_wconf 91' lang='lat' dir='ltr'><strong>in</strong></span> <span class='ocrx_word' id='word_1_296' title='bbox 1416 4060 1596 4125; x_wconf 85' lang='lat' dir='ltr'><strong>Patre,</strong></span> <span class='ocrx_word' id='word_1_297' title='bbox 1619 4071 1674 4116; x_wconf 89' lang='lat' dir='ltr'><strong>et</strong></span> <span class='ocrx_word' id='word_1_298' title='bbox 1705 4061 1862 4116; x_wconf 87' lang='lat' dir='ltr'><strong>Pater</strong></span> <span class='ocrx_word' id='word_1_299' title='bbox 1900 4064 1954 4129; x_wconf 86' lang='lat' dir='ltr'><strong>in</strong></span> <span class='ocrx_word' id='word_1_300' title='bbox 1986 4080 2090 4118; x_wconf 88' lang='lat' dir='ltr'><strong>me.</strong></span> <span class='ocrx_word' id='word_1_301' title='bbox 2120 4083 2140 4116; x_wconf 75' lang='grc' dir='ltr'><strong>ι</strong></span> 
     </span>
    </p>
   </div>
   <div class='ocr_carea' id='block_1_41' title="bbox 577 4152 2146 4222">
    <p class='ocr_par' dir='ltr' id='par_1_41' title="bbox 577 4152 2146 4222">
     <span class='ocr_line' id='line_1_41' title="bbox 577 4152 2146 4222; baseline 0.004 -19"><span class='ocrx_word' id='word_1_302' title='bbox 577 4154 647 4203; x_wconf 77' lang='lat' dir='ltr'><strong>At</strong></span> <span class='ocrx_word' id='word_1_303' title='bbox 686 4167 781 4204; x_wconf 88' lang='lat' dir='ltr'><strong>nos</strong></span> <span class='ocrx_word' id='word_1_304' title='bbox 834 4152 980 4204; x_wconf 79' lang='lat' dir='ltr'><strong>velut</strong></span> <span class='ocrx_word' id='word_1_305' title='bbox 1034 4153 1087 4203; x_wconf 90' lang='lat' dir='ltr'><strong>in</strong></span> <span class='ocrx_word' id='word_1_306' title='bbox 1135 4152 1476 4220; x_wconf 86' lang='lat' dir='ltr'><strong>compendio,</strong></span> <span class='ocrx_word' id='word_1_307' title='bbox 1504 4162 1768 4222; x_wconf 88' lang='lat' dir='ltr'><strong>quantum</strong></span> <span class='ocrx_word' id='word_1_308' title='bbox 1825 4157 2146 4222; x_wconf 85' lang='lat' dir='ltr'><strong>poterimus,</strong></span> 
     </span>
    </p>
   </div>
   <div class='ocr_carea' id='block_1_42' title="bbox 577 4243 2148 4312">
    <p class='ocr_par' dir='ltr' id='par_1_42' title="bbox 577 4243 2148 4312">
     <span class='ocr_line' id='line_1_42' title="bbox 577 4243 2148 4312; baseline 0.005 -17"><span class='ocrx_word' id='word_1_309' title='bbox 577 4245 924 4296; x_wconf 79' lang='lat' dir='ltr'><strong>ostendemus</strong></span> <span class='ocrx_word' id='word_1_310' title='bbox 958 4243 1151 4295; x_wconf 86' lang='lat' dir='ltr'><strong>horum</strong></span> <span class='ocrx_word' id='word_1_311' title='bbox 1183 4244 1357 4295; x_wconf 87' lang='lat' dir='ltr'><strong>sancti</strong></span> <span class='ocrx_word' id='word_1_312' title='bbox 1393 4247 1687 4297; x_wconf 83' lang='lat' dir='ltr'><strong>verborum</strong></span> <span class='ocrx_word' id='word_1_313' title='bbox 1724 4249 2148 4312; x_wconf 88' lang='lat' dir='ltr'><strong>sententiam,et</strong></span> 
     </span>
    </p>
   </div>
   <div class='ocr_carea' id='block_1_43' title="bbox 493 4332 2150 4403">
    <p class='ocr_par' dir='ltr' id='par_1_43' title="bbox 493 4332 2150 4403">
     <span class='ocr_line' id='line_1_43' title="bbox 493 4332 2150 4403; baseline 0.005 -17"><span class='ocrx_word' id='word_1_314' title='bbox 493 4353 500 4356; x_wconf 83' lang='grc'><strong>-</strong></span> <span class='ocrx_word' id='word_1_315' title='bbox 569 4349 762 4387; x_wconf 76' lang='lat' dir='ltr'><strong>eorum</strong></span> <span class='ocrx_word' id='word_1_316' title='bbox 792 4334 880 4400; x_wconf 83' lang='lat' dir='ltr'><strong>qui</strong></span> <span class='ocrx_word' id='word_1_317' title='bbox 911 4332 1230 4385; x_wconf 82' lang='lat' dir='ltr'><strong>densissima</strong></span> <span class='ocrx_word' id='word_1_318' title='bbox 1272 4333 1446 4400; x_wconf 84' lang='lat' dir='ltr'><strong>operti</strong></span> <span class='ocrx_word' id='word_1_319' title='bbox 1479 4335 1708 4403; x_wconf 79' lang='lat' dir='ltr'><strong>caligine</strong></span> <span class='ocrx_word' id='word_1_320' title='bbox 1746 4335 1900 4390; x_wconf 85' lang='lat' dir='ltr'><strong>nobis</strong></span> <span class='ocrx_word' id='word_1_321' title='bbox 1934 4349 2150 4394; x_wconf 81' lang='lat' dir='ltr'><strong>contra-</strong></span> 
     </span>
    </p>
   </div>
   <div class='ocr_carea' id='block_1_44' title="bbox 1873 291 2624 360">
    <p class='ocr_par' dir='ltr' id='par_1_44' title="bbox 1873 291 2624 360">
     <span class='ocr_line' id='line_1_44' title="bbox 1873 291 2624 360; baseline 0.012 -9"><span class='ocrx_word' id='word_1_322' title='bbox 1873 291 2261 355; x_wconf 80' lang='lat' dir='ltr'><strong>GREGORII</strong></span> <span class='ocrx_word' id='word_1_323' title='bbox 2299 295 2624 360; x_wconf 78' lang='lat' dir='ltr'><strong>PALAM/E</strong></span> 
     </span>
    </p>
   </div>
   <div class='ocr_carea' id='block_1_45' title="bbox 609 397 2160 491">
    <p class='ocr_par' dir='ltr' id='par_1_45' title="bbox 609 397 2160 473">
     <span class='ocr_line' id='line_1_45' title="bbox 609 397 2160 473; baseline 0.003 -19"><span class='ocrx_word' id='word_1_324' title='bbox 609 401 863 454; x_wconf 86' lang='lat' dir='ltr'><strong>distincta</strong></span> <span class='ocrx_word' id='word_1_325' title='bbox 918 399 990 453; x_wconf 89' lang='lat' dir='ltr'><strong>sit</strong></span> <span class='ocrx_word' id='word_1_326' title='bbox 1024 414 1052 454; x_wconf 91' lang='lat' dir='ltr'><strong>a</strong></span> <span class='ocrx_word' id='word_1_327' title='bbox 1091 397 1360 456; x_wconf 85' lang='lat' dir='ltr'><strong>Trinitate</strong></span> <span class='ocrx_word' id='word_1_328' title='bbox 1412 400 1592 456; x_wconf 87' lang='lat' dir='ltr'><strong>unitas</strong></span> <span class='ocrx_word' id='word_1_329' title='bbox 1621 416 1638 468; x_wconf 87' lang='lat'><strong>;</strong></span> <span class='ocrx_word' id='word_1_330' title='bbox 1675 401 1823 471; x_wconf 87' lang='lat' dir='ltr'><strong>impii</strong></span> <span class='ocrx_word' id='word_1_331' title='bbox 1863 416 2012 470; x_wconf 90' lang='lat' dir='ltr'><strong>vero,</strong></span> <span class='ocrx_word' id='word_1_332' title='bbox 2048 406 2160 473; x_wconf 77' lang='lat' dir='ltr'><strong>qui:</strong></span> 
     </span>
    </p>
   </div>
   <div class='ocr_carea' id='block_1_46' title="bbox 2263 397 3924 491">
    <p class='ocr_par' dir='ltr' id='par_1_46' title="bbox 2303 409 3924 491">
     <span class='ocr_line' id='line_1_46' title="bbox 2303 409 3924 491; baseline 0.009 -32"><span class='ocrx_word' id='word_1_333' title='bbox 2303 409 2440 478; x_wconf 81' lang='grc' dir='ltr'>πρὸς</span> <span class='ocrx_word' id='word_1_334' title='bbox 2492 410 2669 476; x_wconf 89' lang='grc' dir='ltr'>τοῦτο,</span> <span class='ocrx_word' id='word_1_335' title='bbox 2719 411 2854 482; x_wconf 71' lang='grc' dir='ltr'>πρὸς</span> <span class='ocrx_word' id='word_1_336' title='bbox 2909 415 2971 466; x_wconf 81' lang='grc' dir='ltr'>τὸ</span> <span class='ocrx_word' id='word_1_337' title='bbox 3012 415 3288 490; x_wconf 80' lang='grc' dir='ltr'><strong>διαφέρειν</strong></span> <span class='ocrx_word' id='word_1_338' title='bbox 3339 416 3443 488; x_wconf 84' lang='grc' dir='ltr'><strong>τῆς</strong></span> <span class='ocrx_word' id='word_1_339' title='bbox 3492 418 3769 489; x_wconf 80' lang='grc' dir='ltr'><strong>Τριάδος</strong></span> <span class='ocrx_word' id='word_1_340' title='bbox 3821 423 3924 491; x_wconf 63' lang='grc' dir='ltr'>τὴν</span> 
     </span>
    </p>
   </div>
   <div class='ocr_carea' id='block_1_47' title="bbox 2305 502 3915 583">
    <p class='ocr_par' dir='ltr' id='par_1_47' title="bbox 2305 502 3915 583">
     <span class='ocr_line' id='line_1_47' title="bbox 2305 502 3915 583; baseline 0.006 -29"><span class='ocrx_word' id='word_1_341' title='bbox 2305 502 2527 570; x_wconf 84' lang='grc' dir='ltr'>μονάδα⁶</span> <span class='ocrx_word' id='word_1_342' title='bbox 2551 503 2830 568; x_wconf 77' lang='grc' dir='ltr'>δυσσεϐεῖς</span> <span class='ocrx_word' id='word_1_343' title='bbox 2867 507 2946 572; x_wconf 88' lang='grc' dir='ltr'>δὲ,</span> <span class='ocrx_word' id='word_1_344' title='bbox 2983 508 3065 560; x_wconf 83' lang='grc' dir='ltr'>ὅτι</span> <span class='ocrx_word' id='word_1_345' title='bbox 3093 508 3163 560; x_wconf 87' lang='grc' dir='ltr'><strong>δι’</strong></span> <span class='ocrx_word' id='word_1_346' title='bbox 3189 509 3436 578; x_wconf 77' lang='grc' dir='ltr'>ἀλλήλων</span> <span class='ocrx_word' id='word_1_347' title='bbox 3458 511 3787 583; x_wconf 81' lang='grc' dir='ltr'>ἀναιροῦσι</span> <span class='ocrx_word' id='word_1_348' title='bbox 3824 516 3915 565; x_wconf 63' lang='grc' dir='ltr'>καί</span> 
     </span>
    </p>
   </div>
   <div class='ocr_carea' id='block_1_48' title="bbox 2300 595 3916 676">
    <p class='ocr_par' dir='ltr' id='par_1_48' title="bbox 2300 595 3916 676">
     <span class='ocr_line' id='line_1_48' title="bbox 2300 595 3916 676; baseline 0.007 -28"><span class='ocrx_word' id='word_1_349' title='bbox 2300 595 2400 664; x_wconf 86' lang='grc' dir='ltr'>τὴν</span> <span class='ocrx_word' id='word_1_350' title='bbox 2433 597 2626 651; x_wconf 86' lang='grc' dir='ltr'>οὐσίαν</span> <span class='ocrx_word' id='word_1_351' title='bbox 2654 599 2748 652; x_wconf 80' lang='grc' dir='ltr'><strong>καὶ</strong></span> <span class='ocrx_word' id='word_1_352' title='bbox 2767 600 2865 670; x_wconf 82' lang='grc' dir='ltr'>τὴν</span> <span class='ocrx_word' id='word_1_353' title='bbox 2895 602 3198 670; x_wconf 78' lang='grc' dir='ltr'><strong>ἐνέργειαν.</strong></span> <span class='ocrx_word' id='word_1_354' title='bbox 3236 603 3308 657; x_wconf 81' lang='grc' dir='ltr'><strong>Τὸ</strong></span> <span class='ocrx_word' id='word_1_355' title='bbox 3336 605 3445 676; x_wconf 86' lang='grc' dir='ltr'>γὰρ</span> <span class='ocrx_word' id='word_1_356' title='bbox 3479 607 3630 674; x_wconf 74' lang='grc' dir='ltr'>πρὸς</span> <span class='ocrx_word' id='word_1_357' title='bbox 3679 608 3916 676; x_wconf 67' lang='grc' dir='ltr'>ἕτερον,</span> 
     </span>
    </p>
   </div>
   <div class='ocr_carea' id='block_1_49' title="bbox 2297 690 3912 768">
    <p class='ocr_par' dir='ltr' id='par_1_49' title="bbox 2297 690 3912 768">
     <span class='ocr_line' id='line_1_49' title="bbox 2297 690 3912 768; baseline 0.006 -27"><span class='ocrx_word' id='word_1_358' title='bbox 2297 690 2401 743; x_wconf 82' lang='grc' dir='ltr'><strong>οὐκ</strong></span> <span class='ocrx_word' id='word_1_359' title='bbox 2429 691 2575 743; x_wconf 77' lang='grc' dir='ltr'>ἐστιν</span> <span class='ocrx_word' id='word_1_360' title='bbox 2603 691 2780 754; x_wconf 84' lang='grc' dir='ltr'>οὐσία,</span> <span class='ocrx_word' id='word_1_361' title='bbox 2809 694 2903 746; x_wconf 78' lang='grc' dir='ltr'><strong>καὶ</strong></span> <span class='ocrx_word' id='word_1_362' title='bbox 2927 695 2989 747; x_wconf 82' lang='grc' dir='ltr'>τὸ</span> <span class='ocrx_word' id='word_1_363' title='bbox 3018 695 3142 748; x_wconf 83' lang='grc' dir='ltr'>καθ’</span> <span class='ocrx_word' id='word_1_364' title='bbox 3170 697 3352 759; x_wconf 80' lang='grc' dir='ltr'>ἑαυτὸ,</span> <span class='ocrx_word' id='word_1_365' title='bbox 3391 699 3536 768; x_wconf 80' lang='grc' dir='ltr'>πρὸς</span> <span class='ocrx_word' id='word_1_366' title='bbox 3569 698 3794 768; x_wconf 79' lang='grc' dir='ltr'>ἕτερον</span> <span class='ocrx_word' id='word_1_367' title='bbox 3813 702 3912 752; x_wconf 67' lang='grc' dir='ltr'><strong>οὐ)</strong></span> 
     </span>
    </p>
   </div>
   <div class='ocr_carea' id='block_1_50' title="bbox 2299 781 3919 861">
    <p class='ocr_par' dir='ltr' id='par_1_50' title="bbox 2299 781 3919 861">
     <span class='ocr_line' id='line_1_50' title="bbox 2299 781 3919 861; baseline 0.007 -27"><span class='ocrx_word' id='word_1_368' title='bbox 2299 781 2466 836; x_wconf 78' lang='grc' dir='ltr'>ἔστιν.</span> <span class='ocrx_word' id='word_1_369' title='bbox 2498 783 2558 836; x_wconf 80' lang='lat' dir='ltr'><strong>Ei</strong></span> <span class='ocrx_word' id='word_1_370' title='bbox 2588 784 2716 852; x_wconf 90' lang='grc' dir='ltr'>γοῦν</span> <span class='ocrx_word' id='word_1_371' title='bbox 2745 785 2918 840; x_wconf 88' lang='grc' dir='ltr'>ταῦτα</span> <span class='ocrx_word' id='word_1_372' title='bbox 2948 789 3115 857; x_wconf 76' lang='grc' dir='ltr'>μηδὲν</span> <span class='ocrx_word' id='word_1_373' title='bbox 3136 789 3481 860; x_wconf 77' lang='grc' dir='ltr'><strong>διαφέρουσιν</strong></span> <span class='ocrx_word' id='word_1_374' title='bbox 3505 791 3822 861; x_wconf 72' lang='grc' dir='ltr'>ἀλλήλων,</span> <span class='ocrx_word' id='word_1_375' title='bbox 3853 794 3919 845; x_wconf 72' lang='grc' dir='ltr'><strong>δι’</strong></span> 
     </span>
    </p>
   </div>
   <div class='ocr_carea' id='block_1_51' title="bbox 2296 874 3902 953">
    <p class='ocr_par' dir='ltr' id='par_1_51' title="bbox 2296 874 3902 953">
     <span class='ocr_line' id='line_1_51' title="bbox 2296 874 3902 953; baseline 0.006 -27"><span class='ocrx_word' id='word_1_376' title='bbox 2296 874 2541 944; x_wconf 82' lang='grc' dir='ltr'>ἀλλήλων</span> <span class='ocrx_word' id='word_1_377' title='bbox 2576 875 2924 946; x_wconf 73' lang='grc' dir='ltr'><strong>ἀναιροῦνται</strong></span> <span class='ocrx_word' id='word_1_378' title='bbox 2952 895 2966 910; x_wconf 79' lang='grc' dir='ltr'>ο</span> <span class='ocrx_word' id='word_1_379' title='bbox 2997 880 3194 948; x_wconf 78' lang='grc' dir='ltr'>μᾶλλον</span> <span class='ocrx_word' id='word_1_380' title='bbox 3223 882 3281 933; x_wconf 86' lang='grc' dir='ltr'><strong>δέ</strong></span> <span class='ocrx_word' id='word_1_381' title='bbox 3308 883 3432 944; x_wconf 86' lang='grc' dir='ltr'>τοὺς</span> <span class='ocrx_word' id='word_1_382' title='bbox 3479 882 3665 953; x_wconf 83' lang='grc' dir='ltr'>μηδὲν</span> <span class='ocrx_word' id='word_1_383' title='bbox 3711 883 3902 950; x_wconf 67' lang='grc' dir='ltr'>διαιρέ·</span> 
     </span>
    </p>
   </div>
   <div class='ocr_carea' id='block_1_52' title="bbox 2299 963 3913 1041">
    <p class='ocr_par' dir='ltr' id='par_1_52' title="bbox 2299 963 3913 1041">
     <span class='ocr_line' id='line_1_52' title="bbox 2299 963 3913 1041; baseline 0.006 -26"><span class='ocrx_word' id='word_1_384' title='bbox 2299 979 2412 1032; x_wconf 89' lang='grc' dir='ltr'>ρειν</span> <span class='ocrx_word' id='word_1_385' title='bbox 2443 963 2618 1019; x_wconf 89' lang='grc' dir='ltr'>ταῦτα</span> <span class='ocrx_word' id='word_1_386' title='bbox 2642 966 2918 1035; x_wconf 85' lang='grc' dir='ltr'>λέγοντας,</span> <span class='ocrx_word' id='word_1_387' title='bbox 2939 969 3032 1023; x_wconf 89' lang='grc' dir='ltr'><strong>τοῦ</strong></span> <span class='ocrx_word' id='word_1_388' title='bbox 3077 971 3381 1041; x_wconf 76' lang='grc' dir='ltr'><strong>καταλόγου</strong></span> <span class='ocrx_word' id='word_1_389' title='bbox 3433 973 3548 1026; x_wconf 89' lang='grc' dir='ltr'><strong>τῶν</strong></span> <span class='ocrx_word' id='word_1_390' title='bbox 3605 973 3913 1026; x_wconf 67' lang='grc' dir='ltr'>θεοσεόὠν</span> 
     </span>
    </p>
   </div>
   <div class='ocr_carea' id='block_1_53' title="bbox 2296 1055 2620 1128">
    <p class='ocr_par' dir='ltr' id='par_1_53' title="bbox 2296 1055 2620 1128">
     <span class='ocr_line' id='line_1_53' title="bbox 2296 1055 2620 1128; baseline 0.006 -17"><span class='ocrx_word' id='word_1_391' title='bbox 2296 1055 2620 1128; x_wconf 79' lang='grc' dir='ltr'>ἐξαίρουσιν.</span> 
     </span>
    </p>
   </div>
   <div class='ocr_carea' id='block_1_54' title="bbox 2351 1171 3891 1249">
    <p class='ocr_par' dir='ltr' id='par_1_54' title="bbox 2351 1171 3891 1249">
     <span class='ocr_line' id='line_1_54' title="bbox 2351 1171 3891 1249; baseline 0.008 -23"><span class='ocrx_word' id='word_1_392' title='bbox 2351 1171 2467 1244; x_wconf 83' lang='grc' dir='ltr'>ριδ’.</span> <span class='ocrx_word' id='word_1_393' title='bbox 2512 1174 2652 1228; x_wconf 82' lang='grc' dir='ltr'>Ἀλλ’</span> <span class='ocrx_word' id='word_1_394' title='bbox 2678 1176 2841 1246; x_wconf 78' lang='grc' dir='ltr'>ἡμεῖς</span> <span class='ocrx_word' id='word_1_395' title='bbox 2884 1176 2980 1230; x_wconf 78' lang='grc' dir='ltr'><strong>καὶ</strong></span> <span class='ocrx_word' id='word_1_396' title='bbox 3015 1177 3160 1247; x_wconf 69' lang='grc' dir='ltr'>ζωὴν</span> <span class='ocrx_word' id='word_1_397' title='bbox 3201 1178 3358 1249; x_wconf 81' lang='grc' dir='ltr'>ἡμῶν</span> <span class='ocrx_word' id='word_1_398' title='bbox 3400 1179 3523 1233; x_wconf 83' lang='grc' dir='ltr'>κατ’</span> <span class='ocrx_word' id='word_1_399' title='bbox 3581 1181 3792 1236; x_wconf 80' lang='grc' dir='ltr'>αἰτίαν</span> <span class='ocrx_word' id='word_1_400' title='bbox 3831 1201 3891 1238; x_wconf 86' lang='grc' dir='ltr'><strong>τε</strong></span> 
     </span>
    </p>
   </div>
   <div class='ocr_carea' id='block_1_55' title="bbox 2275 1263 3884 1336">
    <p class='ocr_par' dir='ltr' id='par_1_55' title="bbox 2275 1263 3884 1336">
     <span class='ocr_line' id='line_1_55' title="bbox 2275 1263 3884 1336; baseline 0.006 -20"><span class='ocrx_word' id='word_1_401' title='bbox 2275 1264 2371 1317; x_wconf 70' lang='grc' dir='ltr'><strong>καὶ</strong></span> <span class='ocrx_word' id='word_1_402' title='bbox 2397 1265 2702 1335; x_wconf 76' lang='grc' dir='ltr'><strong>ἐνέργειαν,</strong></span> <span class='ocrx_word' id='word_1_403' title='bbox 2731 1267 3103 1336; x_wconf 84' lang='grc' dir='ltr'>ὁμολογοῦμεν</span> <span class='ocrx_word' id='word_1_404' title='bbox 3133 1263 3272 1322; x_wconf 76' lang='grc' dir='ltr'>εἶναι</span> <span class='ocrx_word' id='word_1_405' title='bbox 3301 1268 3391 1321; x_wconf 81' lang='grc' dir='ltr'>τὸν</span> <span class='ocrx_word' id='word_1_406' title='bbox 3412 1269 3506 1322; x_wconf 90' lang='grc' dir='ltr'><strong>τοῦ</strong></span> <span class='ocrx_word' id='word_1_407' title='bbox 3539 1270 3696 1323; x_wconf 84' lang='grc' dir='ltr'>Θεοῦ</span> <span class='ocrx_word' id='word_1_408' title='bbox 3732 1273 3884 1336; x_wconf 52' lang='lat' dir='ltr'><strong>Tib,</strong></span> 
     </span>
    </p>
   </div>
   <div class='ocr_carea' id='block_1_56' title="bbox 3763 311 3920 375">
    <p class='ocr_par' dir='ltr' id='par_1_56' title="bbox 3763 311 3920 375">
     <span class='ocr_line' id='line_1_56' title="bbox 3763 311 3920 375; baseline 0 0"><span class='ocrx_word' id='word_1_409' title='bbox 3763 311 3920 375; x_wconf 68' lang='lat' dir='ltr'><strong>12m</strong></span> 
     </span>
    </p>
   </div>
   <div class='ocr_carea' id='block_1_57' title="bbox 2275 1351 3884 1431">
    <p class='ocr_par' dir='ltr' id='par_1_57' title="bbox 2275 1351 3884 1431">
     <span class='ocr_line' id='line_1_57' title="bbox 2275 1351 3884 1431; baseline 0.005 -25"><span class='ocrx_word' id='word_1_410' title='bbox 2275 1353 2370 1406; x_wconf 75' lang='grc' dir='ltr'><strong>καὶ</strong></span> <span class='ocrx_word' id='word_1_411' title='bbox 2405 1353 2550 1425; x_wconf 80' lang='grc' dir='ltr'>ζωὴν</span> <span class='ocrx_word' id='word_1_412' title='bbox 2579 1351 2717 1408; x_wconf 75' lang='grc' dir='ltr'>εἶναι</span> <span class='ocrx_word' id='word_1_413' title='bbox 2745 1354 2934 1409; x_wconf 86' lang='grc' dir='ltr'>τοῦτον</span> <span class='ocrx_word' id='word_1_414' title='bbox 2989 1358 3152 1411; x_wconf 83' lang='grc' dir='ltr'>αὐτὸν</span> <span class='ocrx_word' id='word_1_415' title='bbox 3195 1359 3316 1412; x_wconf 85' lang='grc' dir='ltr'>καθ’</span> <span class='ocrx_word' id='word_1_416' title='bbox 3361 1360 3582 1422; x_wconf 78' lang='grc' dir='ltr'>ἑαυτὸν,</span> <span class='ocrx_word' id='word_1_417' title='bbox 3617 1363 3884 1431; x_wconf 77' lang='grc' dir='ltr'><strong>ἀσχέτως</strong></span> 
     </span>
    </p>
   </div>
   <div class='ocr_carea' id='block_1_58' title="bbox 2271 1446 3879 1521">
    <p class='ocr_par' dir='ltr' id='par_1_58' title="bbox 2271 1446 3879 1521">
     <span class='ocr_line' id='line_1_58' title="bbox 2271 1446 3879 1521; baseline 0.005 -24"><span class='ocrx_word' id='word_1_418' title='bbox 2271 1460 2333 1497; x_wconf 87' lang='grc' dir='ltr'><strong>τε</strong></span> <span class='ocrx_word' id='word_1_419' title='bbox 2363 1446 2458 1498; x_wconf 80' lang='grc' dir='ltr'><strong>καὶ</strong></span> <span class='ocrx_word' id='word_1_420' title='bbox 2490 1446 2906 1518; x_wconf 79' lang='grc' dir='ltr'>ἀπρλελυμένως</span> <span class='ocrx_word' id='word_1_421' title='bbox 2935 1449 3134 1516; x_wconf 78' lang='grc' dir='ltr'>πάντη,</span> <span class='ocrx_word' id='word_1_422' title='bbox 3158 1451 3252 1502; x_wconf 72' lang='grc' dir='ltr'>καὶ</span> <span class='ocrx_word' id='word_1_423' title='bbox 3275 1451 3545 1512; x_wconf 76' lang='grc' dir='ltr'>ἀκτίστως</span> <span class='ocrx_word' id='word_1_424' title='bbox 3570 1451 3666 1521; x_wconf 73' lang='grc' dir='ltr'>ἔχε</span> <span class='ocrx_word' id='word_1_425' title='bbox 3679 1471 3738 1504; x_wconf 87' lang='grc' dir='ltr'>ιν</span> <span class='ocrx_word' id='word_1_426' title='bbox 3769 1453 3879 1505; x_wconf 71' lang='grc' dir='ltr'>τοῦ·</span> 
     </span>
    </p>
   </div>
   <div class='ocr_carea' id='block_1_59' title="bbox 2271 1537 3878 1616">
    <p class='ocr_par' dir='ltr' id='par_1_59' title="bbox 2271 1537 3878 1616">
     <span class='ocr_line' id='line_1_59' title="bbox 2271 1537 3878 1616; baseline 0.006 -29"><span class='ocrx_word' id='word_1_427' title='bbox 2271 1551 2363 1588; x_wconf 89' lang='grc' dir='ltr'><strong>τον</strong></span> <span class='ocrx_word' id='word_1_428' title='bbox 2392 1537 2683 1608; x_wconf 77' lang='grc' dir='ltr'>ἀμφότερά</span> <span class='ocrx_word' id='word_1_429' title='bbox 2724 1555 2924 1609; x_wconf 74' lang='grc' dir='ltr'>φαμενο</span> <span class='ocrx_word' id='word_1_430' title='bbox 2953 1540 3215 1604; x_wconf 82' lang='grc' dir='ltr'><strong>ὡσαύτως</strong></span> <span class='ocrx_word' id='word_1_431' title='bbox 3249 1543 3342 1594; x_wconf 70' lang='grc' dir='ltr'><strong>καὶ</strong></span> <span class='ocrx_word' id='word_1_432' title='bbox 3371 1543 3462 1594; x_wconf 71' lang='grc' dir='ltr'><strong>τὸν</strong></span> <span class='ocrx_word' id='word_1_433' title='bbox 3503 1545 3750 1616; x_wconf 79' lang='grc' dir='ltr'>Πατέρα</span> <span class='ocrx_word' id='word_1_434' title='bbox 3788 1549 3878 1598; x_wconf 68' lang='grc' dir='ltr'><strong>καὶ</strong></span> 
     </span>
    </p>
   </div>
   <div class='ocr_carea' id='block_1_60' title="bbox 2267 1628 3874 1708">
    <p class='ocr_par' dir='ltr' id='par_1_60' title="bbox 2267 1628 3874 1708">
     <span class='ocr_line' id='line_1_60' title="bbox 2267 1628 3874 1708; baseline 0.007 -28"><span class='ocrx_word' id='word_1_435' title='bbox 2267 1628 2330 1681; x_wconf 82' lang='grc' dir='ltr'>τὸ</span> <span class='ocrx_word' id='word_1_436' title='bbox 2353 1628 2575 1699; x_wconf 83' lang='grc' dir='ltr'>Πνεῦμα</span> <span class='ocrx_word' id='word_1_437' title='bbox 2603 1631 2664 1683; x_wconf 83' lang='grc' dir='ltr'>τὸ</span> <span class='ocrx_word' id='word_1_438' title='bbox 2696 1631 2870 1699; x_wconf 78' lang='grc' dir='ltr'>ἅγιον.</span> <span class='ocrx_word' id='word_1_439' title='bbox 2900 1632 3108 1686; x_wconf 82' lang='grc' dir='ltr'>Οὐκοῦν</span> <span class='ocrx_word' id='word_1_440' title='bbox 3132 1635 3226 1687; x_wconf 77' lang='grc' dir='ltr'><strong>καὶ</strong></span> <span class='ocrx_word' id='word_1_441' title='bbox 3273 1638 3305 1703; x_wconf 81' lang='grc' dir='ltr'>ἡ</span> <span class='ocrx_word' id='word_1_442' title='bbox 3341 1635 3452 1705; x_wconf 78' lang='grc' dir='ltr'><strong>ζωὴ</strong></span> <span class='ocrx_word' id='word_1_443' title='bbox 3492 1637 3662 1706; x_wconf 80' lang='grc' dir='ltr'>ἡμῶν</span> <span class='ocrx_word' id='word_1_444' title='bbox 3702 1637 3874 1708; x_wconf 70' lang='grc' dir='ltr'>αῦτη,</span> 
     </span>
    </p>
   </div>
   <div class='ocr_carea' id='block_1_61' title="bbox 2273 1717 3874 1798">
    <p class='ocr_par' dir='ltr' id='par_1_61' title="bbox 2273 1717 3874 1798">
     <span class='ocr_line' id='line_1_61' title="bbox 2273 1717 3874 1798; baseline 0.006 -26"><span class='ocrx_word' id='word_1_445' title='bbox 2273 1721 2406 1789; x_wconf 87' lang='grc' dir='ltr'>παρ’</span> <span class='ocrx_word' id='word_1_446' title='bbox 2443 1717 2511 1791; x_wconf 84' lang='grc' dir='ltr'><strong>ἦς</strong></span> <span class='ocrx_word' id='word_1_447' title='bbox 2537 1721 2818 1785; x_wconf 70' lang='grc' dir='ltr'>οὒς-αἰτίας</span> <span class='ocrx_word' id='word_1_448' title='bbox 2843 1723 2952 1778; x_wconf 90' lang='grc' dir='ltr'><strong>τῶν</strong></span> <span class='ocrx_word' id='word_1_449' title='bbox 2987 1725 3205 1789; x_wconf 84' lang='grc' dir='ltr'>ζώντων</span> <span class='ocrx_word' id='word_1_450' title='bbox 3236 1726 3683 1798; x_wconf 79' lang='grc' dir='ltr'>ζωοποιούμεθα,</span> <span class='ocrx_word' id='word_1_451' title='bbox 3714 1731 3874 1784; x_wconf 66' lang='grc' dir='ltr'>οὐδὲν</span> 
     </span>
    </p>
   </div>
   <div class='ocr_carea' id='block_1_62' title="bbox 2271 1807 3874 1886">
    <p class='ocr_par' dir='ltr' id='par_1_62' title="bbox 2271 1807 3874 1886">
     <span class='ocr_line' id='line_1_62' title="bbox 2271 1807 3874 1886; baseline 0.004 -24"><span class='ocrx_word' id='word_1_452' title='bbox 2271 1807 2399 1862; x_wconf 80' lang='grc' dir='ltr'><strong>ἄλλο</strong></span> <span class='ocrx_word' id='word_1_453' title='bbox 2426 1809 2578 1878; x_wconf 77' lang='grc' dir='ltr'>παρὰ</span> <span class='ocrx_word' id='word_1_454' title='bbox 2616 1810 2709 1862; x_wconf 82' lang='grc' dir='ltr'>τὸν</span> <span class='ocrx_word' id='word_1_455' title='bbox 2739 1811 2955 1881; x_wconf 81' lang='grc' dir='ltr'><strong>Πατέρα</strong></span> <span class='ocrx_word' id='word_1_456' title='bbox 2990 1813 3084 1864; x_wconf 77' lang='grc' dir='ltr'><strong>καὶ</strong></span> <span class='ocrx_word' id='word_1_457' title='bbox 3118 1813 3209 1866; x_wconf 82' lang='grc' dir='ltr'>τὸν</span> <span class='ocrx_word' id='word_1_458' title='bbox 3238 1814 3366 1866; x_wconf 85' lang='grc' dir='ltr'>Υἱὸν</span> <span class='ocrx_word' id='word_1_459' title='bbox 3397 1814 3493 1866; x_wconf 75' lang='grc' dir='ltr'><strong>καὶ</strong></span> <span class='ocrx_word' id='word_1_460' title='bbox 3536 1817 3604 1867; x_wconf 79' lang='grc' dir='ltr'>τὸ</span> <span class='ocrx_word' id='word_1_461' title='bbox 3635 1816 3874 1886; x_wconf 79' lang='grc' dir='ltr'>Πνεῦμα</span> 
     </span>
    </p>
   </div>
   <div class='ocr_carea' id='block_1_63' title="bbox 2271 1898 3872 1977">
    <p class='ocr_par' dir='ltr' id='par_1_63' title="bbox 2271 1898 3872 1977">
     <span class='ocr_line' id='line_1_63' title="bbox 2271 1898 3872 1977; baseline 0.007 -26"><span class='ocrx_word' id='word_1_462' title='bbox 2271 1898 2332 1952; x_wconf 86' lang='grc' dir='ltr'><strong>τδ</strong></span> <span class='ocrx_word' id='word_1_463' title='bbox 2388 1899 2542 1966; x_wconf 78' lang='grc' dir='ltr'>ἅγιόν</span> <span class='ocrx_word' id='word_1_464' title='bbox 2592 1901 2747 1952; x_wconf 87' lang='grc' dir='ltr'>ἐστι·</span> <span class='ocrx_word' id='word_1_465' title='bbox 2796 1901 2917 1955; x_wconf 82' lang='grc' dir='ltr'>κατ’</span> <span class='ocrx_word' id='word_1_466' title='bbox 2973 1903 3157 1955; x_wconf 79' lang='grc' dir='ltr'>αἰτίαν</span> <span class='ocrx_word' id='word_1_467' title='bbox 3202 1904 3311 1973; x_wconf 84' lang='grc' dir='ltr'><strong>γὰρ</strong></span> <span class='ocrx_word' id='word_1_468' title='bbox 3360 1906 3388 1959; x_wconf 89' lang='lat'><strong>6</strong></span> <span class='ocrx_word' id='word_1_469' title='bbox 3425 1907 3872 1977; x_wconf 74' lang='grc' dir='ltr'>τρισυπόστατος</span> 
     </span>
    </p>
   </div>
   <div class='ocr_carea' id='block_1_64' title="bbox 2273 1989 3869 2067">
    <p class='ocr_par' dir='ltr' id='par_1_64' title="bbox 2273 1989 3869 2067">
     <span class='ocr_line' id='line_1_64' title="bbox 2273 1989 3869 2067; baseline -0.003 -24"><span class='ocrx_word' id='word_1_470' title='bbox 2273 1989 2430 2060; x_wconf 77' lang='grc' dir='ltr'>ἡμῶν</span> <span class='ocrx_word' id='word_1_471' title='bbox 2455 1989 2611 2056; x_wconf 75' lang='grc' dir='ltr'>Θεὸς,</span> <span class='ocrx_word' id='word_1_472' title='bbox 2642 1991 2800 2062; x_wconf 83' lang='grc' dir='ltr'>ἡμῶν</span> <span class='ocrx_word' id='word_1_473' title='bbox 2845 1993 3060 2061; x_wconf 88' lang='grc' dir='ltr'>λέγεται</span> <span class='ocrx_word' id='word_1_474' title='bbox 3091 1996 3224 2065; x_wconf 82' lang='grc' dir='ltr'>ζωὴ,</span> <span class='ocrx_word' id='word_1_475' title='bbox 3268 1997 3362 2050; x_wconf 74' lang='grc' dir='ltr'><strong>καὶ</strong></span> <span class='ocrx_word' id='word_1_476' title='bbox 3417 1999 3465 2050; x_wconf 81' lang='grc' dir='ltr'>εἰ</span> <span class='ocrx_word' id='word_1_477' title='bbox 3505 1999 3584 2067; x_wconf 77' lang='grc' dir='ltr'>μὴ</span> <span class='ocrx_word' id='word_1_478' title='bbox 3619 2003 3761 2051; x_wconf 66' lang='grc' dir='ltr'>κατ’</span> <span class='ocrx_word' id='word_1_479' title='bbox 3788 2003 3869 2052; x_wconf 71' lang='grc' dir='ltr'><strong>αξ-</strong></span> 
     </span>
    </p>
   </div>
   <div class='ocr_carea' id='block_1_65' title="bbox 2272 2078 3865 2153">
    <p class='ocr_par' dir='ltr' id='par_1_65' title="bbox 2272 2078 3865 2153">
     <span class='ocr_line' id='line_1_65' title="bbox 2272 2078 3865 2153; baseline 0.007 -23"><span class='ocrx_word' id='word_1_480' title='bbox 2272 2078 2415 2141; x_wconf 86' lang='grc' dir='ltr'>τίαν,</span> <span class='ocrx_word' id='word_1_481' title='bbox 2453 2080 2589 2148; x_wconf 88' lang='grc' dir='ltr'><strong>μηδέ</strong></span> <span class='ocrx_word' id='word_1_482' title='bbox 2629 2079 2767 2150; x_wconf 86' lang='grc' dir='ltr'>πρὸς</span> <span class='ocrx_word' id='word_1_483' title='bbox 2791 2081 2998 2153; x_wconf 76' lang='grc' dir='ltr'>ἕτερον,</span> <span class='ocrx_word' id='word_1_484' title='bbox 3032 2083 3146 2136; x_wconf 85' lang='grc' dir='ltr'><strong>ἀλλ’</strong></span> <span class='ocrx_word' id='word_1_485' title='bbox 3171 2085 3416 2153; x_wconf 79' lang='grc' dir='ltr'><strong>ἀσχέτως</strong></span> <span class='ocrx_word' id='word_1_486' title='bbox 3449 2087 3544 2138; x_wconf 71' lang='grc' dir='ltr'><strong>καὶ</strong></span> <span class='ocrx_word' id='word_1_487' title='bbox 3565 2088 3702 2141; x_wconf 82' lang='grc' dir='ltr'>καθ’</span> <span class='ocrx_word' id='word_1_488' title='bbox 3733 2091 3865 2141; x_wconf 78' lang='grc' dir='ltr'>ἑαν-</span> 
     </span>
    </p>
   </div>
   <div class='ocr_carea' id='block_1_66' title="bbox 2270 2169 3866 2249">
    <p class='ocr_par' dir='ltr' id='par_1_66' title="bbox 2270 2169 3866 2249">
     <span class='ocr_line' id='line_1_66' title="bbox 2270 2169 3866 2249; baseline 0.007 -29"><span class='ocrx_word' id='word_1_489' title='bbox 2270 2169 2368 2239; x_wconf 85' lang='grc' dir='ltr'>τὴν</span> <span class='ocrx_word' id='word_1_490' title='bbox 2394 2169 2788 2242; x_wconf 87' lang='grc' dir='ltr'>θεολογουμένη</span> <span class='ocrx_word' id='word_1_491' title='bbox 2822 2175 2853 2242; x_wconf 79' lang='grc' dir='ltr'>ἡ</span> <span class='ocrx_word' id='word_1_492' title='bbox 2876 2173 2995 2227; x_wconf 89' lang='grc' dir='ltr'>θεία</span> <span class='ocrx_word' id='word_1_493' title='bbox 3024 2174 3159 2243; x_wconf 80' lang='grc' dir='ltr'><strong>ζωὴ.</strong></span> <span class='ocrx_word' id='word_1_494' title='bbox 3184 2176 3336 2229; x_wconf 78' lang='grc' dir='ltr'>οὐδὲν</span> <span class='ocrx_word' id='word_1_495' title='bbox 3363 2178 3551 2246; x_wconf 79' lang='grc' dir='ltr'>ἕτερον</span> <span class='ocrx_word' id='word_1_496' title='bbox 3579 2180 3749 2249; x_wconf 82' lang='grc' dir='ltr'><strong>παρά</strong></span> <span class='ocrx_word' id='word_1_497' title='bbox 3778 2183 3866 2235; x_wconf 67' lang='grc' dir='ltr'><strong>τὸν</strong></span> 
     </span>
    </p>
   </div>
   <div class='ocr_carea' id='block_1_67' title="bbox 2269 2259 3865 2340">
    <p class='ocr_par' dir='ltr' id='par_1_67' title="bbox 2269 2259 3865 2340">
     <span class='ocr_line' id='line_1_67' title="bbox 2269 2259 3865 2340; baseline 0.006 -28"><span class='ocrx_word' id='word_1_498' title='bbox 2269 2259 2511 2329; x_wconf 84' lang='grc' dir='ltr'>Πατέρα,</span> <span class='ocrx_word' id='word_1_499' title='bbox 2551 2261 2688 2316; x_wconf 77' lang='grc' dir='ltr'><strong>ἀλλὰ</strong></span> <span class='ocrx_word' id='word_1_500' title='bbox 2716 2263 2781 2334; x_wconf 81' lang='grc' dir='ltr'><strong>δὴ</strong></span> <span class='ocrx_word' id='word_1_501' title='bbox 2831 2264 2925 2318; x_wconf 76' lang='grc' dir='ltr'><strong>καὶ</strong></span> <span class='ocrx_word' id='word_1_502' title='bbox 2960 2265 3052 2317; x_wconf 79' lang='grc' dir='ltr'>τὸν</span> <span class='ocrx_word' id='word_1_503' title='bbox 3081 2266 3229 2331; x_wconf 82' lang='grc' dir='ltr'>Υίὸν,</span> <span class='ocrx_word' id='word_1_504' title='bbox 3273 2269 3370 2322; x_wconf 78' lang='grc' dir='ltr'><strong>καὶ</strong></span> <span class='ocrx_word' id='word_1_505' title='bbox 3421 2270 3481 2322; x_wconf 76' lang='grc' dir='ltr'><strong>τὸ</strong></span> <span class='ocrx_word' id='word_1_506' title='bbox 3533 2271 3778 2340; x_wconf 78' lang='grc' dir='ltr'>Πνεῦμα</span> <span class='ocrx_word' id='word_1_507' title='bbox 3808 2273 3865 2322; x_wconf 75' lang='grc' dir='ltr'><strong>τὸ</strong></span> 
     </span>
    </p>
   </div>
   <div class='ocr_carea' id='block_1_68' title="bbox 2271 2351 3860 2430">
    <p class='ocr_par' dir='ltr' id='par_1_68' title="bbox 2271 2351 3860 2430">
     <span class='ocr_line' id='line_1_68' title="bbox 2271 2351 3860 2430; baseline 0.006 -25"><span class='ocrx_word' id='word_1_508' title='bbox 2271 2351 2426 2419; x_wconf 73' lang='grc' dir='ltr'>ἅγιόν</span> <span class='ocrx_word' id='word_1_509' title='bbox 2464 2355 2632 2406; x_wconf 87' lang='grc' dir='ltr'>ἐστιν.</span> <span class='ocrx_word' id='word_1_510' title='bbox 2663 2355 2927 2424; x_wconf 81' lang='grc' dir='ltr'><strong>Οὐδαμῶς</strong></span> <span class='ocrx_word' id='word_1_511' title='bbox 2981 2357 3037 2410; x_wconf 85' lang='grc' dir='ltr'><strong>δέ</strong></span> <span class='ocrx_word' id='word_1_512' title='bbox 3084 2359 3153 2410; x_wconf 78' lang='grc' dir='ltr'><strong>τὰ</strong></span> <span class='ocrx_word' id='word_1_513' title='bbox 3201 2359 3424 2414; x_wconf 86' lang='grc' dir='ltr'>τοιαῦτα</span> <span class='ocrx_word' id='word_1_514' title='bbox 3461 2361 3860 2430; x_wconf 82' lang='grc' dir='ltr'>προσίσταται,</span> 
     </span>
    </p>
   </div>
   <div class='ocr_carea' id='block_1_69' title="bbox 2270 2440 3858 2522">
    <p class='ocr_par' dir='ltr' id='par_1_69' title="bbox 2270 2440 3858 2522">
     <span class='ocr_line' id='line_1_69' title="bbox 2270 2440 3858 2522; baseline 0.007 -30"><span class='ocrx_word' id='word_1_515' title='bbox 2270 2443 2382 2503; x_wconf 87' lang='grc' dir='ltr'>τοῖς</span> <span class='ocrx_word' id='word_1_516' title='bbox 2406 2441 2658 2494; x_wconf 81' lang='grc' dir='ltr'>ἄκτιστον</span> <span class='ocrx_word' id='word_1_517' title='bbox 2679 2440 2817 2496; x_wconf 77' lang='grc' dir='ltr'>εἶναι</span> <span class='ocrx_word' id='word_1_518' title='bbox 2846 2444 2937 2498; x_wconf 78' lang='grc' dir='ltr'>τὸν</span> <span class='ocrx_word' id='word_1_519' title='bbox 2956 2446 3089 2499; x_wconf 79' lang='grc' dir='ltr'>Θεὸν</span> <span class='ocrx_word' id='word_1_520' title='bbox 3115 2447 3416 2515; x_wconf 80' lang='grc' dir='ltr'><strong>δοξάζουσι,</strong></span> <span class='ocrx_word' id='word_1_521' title='bbox 3456 2451 3529 2520; x_wconf 77' lang='grc' dir='ltr'>μὴ</span> <span class='ocrx_word' id='word_1_522' title='bbox 3568 2452 3718 2505; x_wconf 82' lang='grc' dir='ltr'><strong>κατὰ</strong></span> <span class='ocrx_word' id='word_1_523' title='bbox 3759 2453 3858 2522; x_wconf 74' lang='grc' dir='ltr'>τὴν</span> 
     </span>
    </p>
   </div>
   <div class='ocr_carea' id='block_1_70' title="bbox 2268 2531 3855 2603">
    <p class='ocr_par' dir='ltr' id='par_1_70' title="bbox 2268 2531 3855 2603">
     <span class='ocr_line' id='line_1_70' title="bbox 2268 2531 3855 2603; baseline 0.008 -22"><span class='ocrx_word' id='word_1_524' title='bbox 2268 2531 2455 2583; x_wconf 83' lang='grc' dir='ltr'>οὐσίαν</span> <span class='ocrx_word' id='word_1_525' title='bbox 2505 2532 2662 2601; x_wconf 86' lang='grc' dir='ltr'>μόνον</span> <span class='ocrx_word' id='word_1_526' title='bbox 2713 2537 2805 2587; x_wconf 81' lang='grc' dir='ltr'><strong>καὶ</strong></span> <span class='ocrx_word' id='word_1_527' title='bbox 2840 2536 2938 2599; x_wconf 80' lang='grc' dir='ltr'><strong>τὰς</strong></span> <span class='ocrx_word' id='word_1_528' title='bbox 2991 2539 3341 2603; x_wconf 73' lang='grc' dir='ltr'><strong>ὑποστάσεις,</strong></span> <span class='ocrx_word' id='word_1_529' title='bbox 3389 2541 3526 2594; x_wconf 70' lang='grc' dir='ltr'>ἀλλὰ</span> <span class='ocrx_word' id='word_1_530' title='bbox 3570 2543 3669 2594; x_wconf 76' lang='grc' dir='ltr'><strong>καὶ</strong></span> <span class='ocrx_word' id='word_1_531' title='bbox 3712 2543 3855 2595; x_wconf 68' lang='grc' dir='ltr'>κατὰ</span> 
     </span>
    </p>
   </div>
   <div class='ocr_carea' id='block_1_71' title="bbox 2266 2622 3852 2702">
    <p class='ocr_par' dir='ltr' id='par_1_71' title="bbox 2266 2622 3852 2702">
     <span class='ocr_line' id='line_1_71' title="bbox 2266 2622 3852 2702; baseline 0.008 -30"><span class='ocrx_word' id='word_1_532' title='bbox 2266 2622 2364 2688; x_wconf 77' lang='grc' dir='ltr'>τὴν</span> <span class='ocrx_word' id='word_1_533' title='bbox 2393 2623 2577 2692; x_wconf 76' lang='grc' dir='ltr'>κοινὴν</span> <span class='ocrx_word' id='word_1_534' title='bbox 2613 2625 2719 2677; x_wconf 90' lang='grc' dir='ltr'><strong>τῶν</strong></span> <span class='ocrx_word' id='word_1_535' title='bbox 2762 2627 2926 2697; x_wconf 83' lang='grc' dir='ltr'>τριῶν</span> <span class='ocrx_word' id='word_1_536' title='bbox 2979 2627 3128 2682; x_wconf 89' lang='grc' dir='ltr'>θείαν</span> <span class='ocrx_word' id='word_1_537' title='bbox 3186 2631 3484 2699; x_wconf 86' lang='grc' dir='ltr'>ἐνέργειαν.</span> <span class='ocrx_word' id='word_1_538' title='bbox 3546 2632 3693 2686; x_wconf 73' lang='lat' dir='ltr'><strong>&quot;Eva</strong></span> <span class='ocrx_word' id='word_1_539' title='bbox 3744 2634 3852 2702; x_wconf 72' lang='grc' dir='ltr'>γὰρ</span> 
     </span>
    </p>
   </div>
   <div class='ocr_carea' id='block_1_72' title="bbox 2265 2713 3847 2794">
    <p class='ocr_par' dir='ltr' id='par_1_72' title="bbox 2265 2713 3847 2794">
     <span class='ocr_line' id='line_1_72' title="bbox 2265 2713 3847 2794; baseline 0.007 -29"><span class='ocrx_word' id='word_1_540' title='bbox 2265 2713 2398 2766; x_wconf 71' lang='grc' dir='ltr'>Θεὸν</span> <span class='ocrx_word' id='word_1_541' title='bbox 2429 2716 2486 2767; x_wconf 88' lang='grc' dir='ltr'><strong>ἐν</strong></span> <span class='ocrx_word' id='word_1_542' title='bbox 2516 2717 2693 2786; x_wconf 75' lang='grc' dir='ltr'>τρισὶν</span> <span class='ocrx_word' id='word_1_543' title='bbox 2723 2718 3053 2772; x_wconf 80' lang='grc' dir='ltr'>ὑποστάσεσι</span> <span class='ocrx_word' id='word_1_544' title='bbox 3082 2720 3459 2791; x_wconf 77' lang='grc' dir='ltr'>θεολογοῦμεν,</span> <span class='ocrx_word' id='word_1_545' title='bbox 3492 2724 3624 2792; x_wconf 89' lang='grc' dir='ltr'>μίαν</span> <span class='ocrx_word' id='word_1_546' title='bbox 3654 2724 3847 2794; x_wconf 78' lang='grc' dir='ltr'>έχοντα</span> 
     </span>
    </p>
   </div>
   <div class='ocr_carea' id='block_1_73' title="bbox 2266 2795 3844 2884">
    <p class='ocr_par' dir='ltr' id='par_1_73' title="bbox 2266 2795 3844 2884">
     <span class='ocr_line' id='line_1_73' title="bbox 2266 2795 3844 2884; baseline 0.006 -30"><span class='ocrx_word' id='word_1_547' title='bbox 2266 2803 2368 2874; x_wconf 84' lang='grc' dir='ltr'>τὴν</span> <span class='ocrx_word' id='word_1_548' title='bbox 2400 2804 2611 2868; x_wconf 82' lang='grc' dir='ltr'>οὐσίαν,</span> <span class='ocrx_word' id='word_1_549' title='bbox 2663 2807 2757 2860; x_wconf 70' lang='grc' dir='ltr'><strong>καὶ</strong></span> <span class='ocrx_word' id='word_1_550' title='bbox 2815 2808 2915 2876; x_wconf 78' lang='grc' dir='ltr'>τὴν</span> <span class='ocrx_word' id='word_1_551' title='bbox 2967 2795 3219 2880; x_wconf 73' lang='grc' dir='ltr'>δῦναμιν,</span> <span class='ocrx_word' id='word_1_552' title='bbox 3261 2816 3354 2864; x_wconf 73' lang='grc' dir='ltr'><strong>καὶ</strong></span> <span class='ocrx_word' id='word_1_553' title='bbox 3397 2813 3496 2882; x_wconf 79' lang='grc' dir='ltr'>τὴν</span> <span class='ocrx_word' id='word_1_554' title='bbox 3538 2814 3844 2884; x_wconf 75' lang='grc' dir='ltr'>ἐνέργειαν,</span> 
     </span>
    </p>
   </div>
   <div class='ocr_carea' id='block_1_74' title="bbox 2264 2895 3844 2973">
    <p class='ocr_par' dir='ltr' id='par_1_74' title="bbox 2264 2895 3844 2973">
     <span class='ocr_line' id='line_1_74' title="bbox 2264 2895 3844 2973; baseline 0.008 -28"><span class='ocrx_word' id='word_1_555' title='bbox 2264 2895 2358 2946; x_wconf 78' lang='grc' dir='ltr'>καὶ</span> <span class='ocrx_word' id='word_1_556' title='bbox 2405 2895 2504 2948; x_wconf 83' lang='grc' dir='ltr'>ὅσα</span> <span class='ocrx_word' id='word_1_557' title='bbox 2555 2897 2689 2950; x_wconf 79' lang='grc' dir='ltr'>ἄλλα</span> <span class='ocrx_word' id='word_1_558' title='bbox 2743 2900 2870 2970; x_wconf 77' lang='grc' dir='ltr'>περὶ</span> <span class='ocrx_word' id='word_1_559' title='bbox 2913 2901 3011 2970; x_wconf 81' lang='grc' dir='ltr'>τὴν</span> <span class='ocrx_word' id='word_1_560' title='bbox 3068 2903 3252 2957; x_wconf 71' lang='grc' dir='ltr'>οὐσίαν</span> <span class='ocrx_word' id='word_1_561' title='bbox 3305 2904 3610 2973; x_wconf 81' lang='grc' dir='ltr'>θεωρεῖται,</span> <span class='ocrx_word' id='word_1_562' title='bbox 3668 2905 3705 2959; x_wconf 75' lang='grc' dir='ltr'><strong>ἃ</strong></span> <span class='ocrx_word' id='word_1_563' title='bbox 3751 2907 3844 2958; x_wconf 74' lang='grc' dir='ltr'><strong>καὶ</strong></span> 
     </span>
    </p>
   </div>
   <div class='ocr_carea' id='block_1_75' title="bbox 2261 2984 3842 3066">
    <p class='ocr_par' dir='ltr' id='par_1_75' title="bbox 2261 2984 3842 3066">
     <span class='ocr_line' id='line_1_75' title="bbox 2261 2984 3842 3066; baseline 0.006 -28"><span class='ocrx_word' id='word_1_564' title='bbox 2261 2984 2533 3056; x_wconf 79' lang='grc' dir='ltr'>ἄθροισμα</span> <span class='ocrx_word' id='word_1_565' title='bbox 2581 2989 2676 3042; x_wconf 79' lang='grc' dir='ltr'>καὶ</span> <span class='ocrx_word' id='word_1_566' title='bbox 2709 2987 2988 3062; x_wconf 79' lang='grc' dir='ltr'>πλήρωμα</span> <span class='ocrx_word' id='word_1_567' title='bbox 3022 2993 3240 3062; x_wconf 84' lang='grc' dir='ltr'>λέγεται</span> <span class='ocrx_word' id='word_1_568' title='bbox 3264 2996 3516 3066; x_wconf 83' lang='grc' dir='ltr'>θεότητος</span> <span class='ocrx_word' id='word_1_569' title='bbox 3571 2998 3711 3051; x_wconf 83' lang='grc' dir='ltr'><strong>κατᾶ</strong></span> <span class='ocrx_word' id='word_1_570' title='bbox 3744 2997 3842 3066; x_wconf 84' lang='grc' dir='ltr'>τὴν</span> 
     </span>
    </p>
   </div>
   <div class='ocr_carea' id='block_1_76' title="bbox 2181 3077 3841 3162">
    <p class='ocr_par' dir='ltr' id='par_1_76' title="bbox 2181 3077 3841 3162">
     <span class='ocr_line' id='line_1_76' title="bbox 2181 3077 3841 3162; baseline 0.008 -34"><span class='ocrx_word' id='word_1_571' title='bbox 2181 3106 2222 3162; x_wconf 78' lang='lat' dir='ltr'><strong><em>C</em></strong></span> <span class='ocrx_word' id='word_1_572' title='bbox 2262 3077 2503 3149; x_wconf 77' lang='grc' dir='ltr'>Γραφὴν,</span> <span class='ocrx_word' id='word_1_573' title='bbox 2539 3080 2664 3134; x_wconf 84' lang='grc' dir='ltr'>καθ’</span> <span class='ocrx_word' id='word_1_574' title='bbox 2696 3083 2931 3154; x_wconf 82' lang='grc' dir='ltr'>ἑκάστην</span> <span class='ocrx_word' id='word_1_575' title='bbox 2963 3085 3069 3138; x_wconf 89' lang='grc' dir='ltr'><strong>τῶν</strong></span> <span class='ocrx_word' id='word_1_576' title='bbox 3088 3087 3257 3155; x_wconf 85' lang='grc' dir='ltr'>ἁγίων</span> <span class='ocrx_word' id='word_1_577' title='bbox 3286 3087 3454 3157; x_wconf 83' lang='grc' dir='ltr'>τριῶν</span> <span class='ocrx_word' id='word_1_578' title='bbox 3488 3089 3841 3142; x_wconf 76' lang='grc' dir='ltr'>ὕποστάσεων</span> 
     </span>
    </p>
   </div>
   <div class='ocr_carea' id='block_1_77' title="bbox 2260 3169 3409 3247">
    <p class='ocr_par' dir='ltr' id='par_1_77' title="bbox 2260 3169 3409 3247">
     <span class='ocr_line' id='line_1_77' title="bbox 2260 3169 3409 3247; baseline 0.011 -27"><span class='ocrx_word' id='word_1_579' title='bbox 2260 3169 2459 3241; x_wconf 80' lang='grc' dir='ltr'>ἐπίσης</span> <span class='ocrx_word' id='word_1_580' title='bbox 2487 3171 2835 3244; x_wconf 83' lang='grc' dir='ltr'>θεωρούμενα</span> <span class='ocrx_word' id='word_1_581' title='bbox 2863 3177 2956 3229; x_wconf 73' lang='grc' dir='ltr'><strong>καὶ</strong></span> <span class='ocrx_word' id='word_1_582' title='bbox 2993 3177 3409 3247; x_wconf 78' lang='grc' dir='ltr'>θεολογούμενα.</span> 
     </span>
    </p>
   </div>
   <div class='ocr_carea' id='block_1_78' title="bbox 2334 3265 3836 3340">
    <p class='ocr_par' dir='ltr' id='par_1_78' title="bbox 2334 3265 3836 3340">
     <span class='ocr_line' id='line_1_78' title="bbox 2334 3265 3836 3340; baseline 0.007 -26"><span class='ocrx_word' id='word_1_583' title='bbox 2334 3269 2450 3330; x_wconf 87' lang='grc' dir='ltr'>ριε’.</span> <span class='ocrx_word' id='word_1_584' title='bbox 2491 3265 2554 3317; x_wconf 90' lang='grc' dir='ltr'><strong>Οί</strong></span> <span class='ocrx_word' id='word_1_585' title='bbox 2586 3265 2683 3336; x_wconf 78' lang='grc' dir='ltr'><strong>τὴν</strong></span> <span class='ocrx_word' id='word_1_586' title='bbox 2727 3265 2877 3321; x_wconf 85' lang='grc' dir='ltr'>θείαν</span> <span class='ocrx_word' id='word_1_587' title='bbox 2909 3268 3115 3340; x_wconf 83' lang='grc' dir='ltr'>ταύτην</span> <span class='ocrx_word' id='word_1_588' title='bbox 3173 3270 3492 3334; x_wconf 80' lang='grc' dir='ltr'>ἀθετοῦντες</span> <span class='ocrx_word' id='word_1_589' title='bbox 3531 3272 3836 3339; x_wconf 75' lang='grc' dir='ltr'>ἐνέργειαν,</span> 
     </span>
    </p>
   </div>
   <div class='ocr_carea' id='block_1_79' title="bbox 2259 3353 3835 3431">
    <p class='ocr_par' dir='ltr' id='par_1_79' title="bbox 2259 3353 3835 3431">
     <span class='ocr_line' id='line_1_79' title="bbox 2259 3353 3835 3431; baseline 0.006 -26"><span class='ocrx_word' id='word_1_590' title='bbox 2259 3353 2354 3406; x_wconf 69' lang='grc' dir='ltr'><strong>καὶ</strong></span> <span class='ocrx_word' id='word_1_591' title='bbox 2382 3353 2476 3406; x_wconf 90' lang='grc' dir='ltr'><strong>νῦν</strong></span> <span class='ocrx_word' id='word_1_592' title='bbox 2503 3356 2600 3424; x_wconf 82' lang='grc' dir='ltr'>μὲν</span> <span class='ocrx_word' id='word_1_593' title='bbox 2629 3356 2854 3428; x_wconf 73' lang='grc' dir='ltr'>κτιστὴν</span> <span class='ocrx_word' id='word_1_594' title='bbox 2883 3353 3024 3414; x_wconf 73' lang='grc' dir='ltr'>εἶναι</span> <span class='ocrx_word' id='word_1_595' title='bbox 3044 3361 3316 3431; x_wconf 80' lang='grc' dir='ltr'>λέγοντες,</span> <span class='ocrx_word' id='word_1_596' title='bbox 3344 3361 3440 3414; x_wconf 92' lang='grc' dir='ltr'><strong>νῦν</strong></span> <span class='ocrx_word' id='word_1_597' title='bbox 3471 3363 3528 3415; x_wconf 81' lang='grc' dir='ltr'><strong>δὲ</strong></span> <span class='ocrx_word' id='word_1_598' title='bbox 3554 3363 3645 3431; x_wconf 79' lang='grc' dir='ltr'><strong>τῆς</strong></span> <span class='ocrx_word' id='word_1_599' title='bbox 3677 3363 3835 3425; x_wconf 83' lang='grc' dir='ltr'>θείας</span> 
     </span>
    </p>
   </div>
   <div class='ocr_carea' id='block_1_80' title="bbox 2256 3444 3835 3522">
    <p class='ocr_par' dir='ltr' id='par_1_80' title="bbox 2256 3444 3835 3522">
     <span class='ocr_line' id='line_1_80' title="bbox 2256 3444 3835 3522; baseline 0.003 -24"><span class='ocrx_word' id='word_1_600' title='bbox 2256 3444 2444 3508; x_wconf 79' lang='grc' dir='ltr'>οὐσίας</span> <span class='ocrx_word' id='word_1_601' title='bbox 2481 3447 2746 3518; x_wconf 83' lang='grc' dir='ltr'><strong>μηδαμῶς</strong></span> <span class='ocrx_word' id='word_1_602' title='bbox 2791 3449 3178 3520; x_wconf 77' lang='grc' dir='ltr'>διαφέρουσαν,</span> <span class='ocrx_word' id='word_1_603' title='bbox 3209 3453 3388 3506; x_wconf 68' lang='grc' dir='ltr'>ἄλλοτ’</span> <span class='ocrx_word' id='word_1_604' title='bbox 3435 3452 3586 3516; x_wconf 80' lang='grc' dir='ltr'>αὖθις</span> <span class='ocrx_word' id='word_1_605' title='bbox 3637 3453 3835 3522; x_wconf 78' lang='grc' dir='ltr'>ἑτέραν</span> 
     </span>
    </p>
   </div>
   <div class='ocr_carea' id='block_1_81' title="bbox 2256 3538 3838 3613">
    <p class='ocr_par' dir='ltr' id='par_1_81' title="bbox 2256 3538 3838 3613">
     <span class='ocr_line' id='line_1_81' title="bbox 2256 3538 3838 3613; baseline 0.004 -25"><span class='ocrx_word' id='word_1_606' title='bbox 2256 3538 2700 3607; x_wconf 85' lang='grc' dir='ltr'>καινοτομοῦντες</span> <span class='ocrx_word' id='word_1_607' title='bbox 2761 3538 3100 3605; x_wconf 81' lang='grc' dir='ltr'>δυσσέὸειαν,</span> <span class='ocrx_word' id='word_1_608' title='bbox 3168 3543 3334 3612; x_wconf 78' lang='grc' dir='ltr'>μόνην</span> <span class='ocrx_word' id='word_1_609' title='bbox 3395 3543 3646 3596; x_wconf 77' lang='grc' dir='ltr'>ἄκτιστον</span> <span class='ocrx_word' id='word_1_610' title='bbox 3687 3545 3838 3613; x_wconf 80' lang='grc' dir='ltr'>ἐνέρ-</span> 
     </span>
    </p>
   </div>
   <div class='ocr_carea' id='block_1_82' title="bbox 2256 3627 3834 3704">
    <p class='ocr_par' dir='ltr' id='par_1_82' title="bbox 2256 3627 3834 3704">
     <span class='ocr_line' id='line_1_82' title="bbox 2256 3627 3834 3704; baseline 0.007 -26"><span class='ocrx_word' id='word_1_611' title='bbox 2256 3641 2432 3693; x_wconf 86' lang='grc' dir='ltr'>γειαν,</span> <span class='ocrx_word' id='word_1_612' title='bbox 2480 3627 2571 3681; x_wconf 67' lang='grc' dir='ltr'><strong>τὸν</strong></span> <span class='ocrx_word' id='word_1_613' title='bbox 2598 3629 2691 3682; x_wconf 89' lang='grc' dir='ltr'><strong>τοῦ</strong></span> <span class='ocrx_word' id='word_1_614' title='bbox 2727 3631 2938 3702; x_wconf 80' lang='grc' dir='ltr'>Πατρὺς</span> <span class='ocrx_word' id='word_1_615' title='bbox 2967 3635 3245 3704; x_wconf 80' lang='grc' dir='ltr'>Μονογενῆ</span> <span class='ocrx_word' id='word_1_616' title='bbox 3279 3633 3695 3704; x_wconf 74' lang='grc' dir='ltr'>δογματίζουσι,</span> <span class='ocrx_word' id='word_1_617' title='bbox 3739 3637 3834 3689; x_wconf 72' lang='grc' dir='ltr'><strong>καὶ</strong></span> 
     </span>
    </p>
   </div>
   <div class='ocr_carea' id='block_1_83' title="bbox 2254 3715 3834 3794">
    <p class='ocr_par' dir='ltr' id='par_1_83' title="bbox 2254 3715 3834 3794">
     <span class='ocr_line' id='line_1_83' title="bbox 2254 3715 3834 3794; baseline 0.009 -29"><span class='ocrx_word' id='word_1_618' title='bbox 2254 3715 2459 3786; x_wconf 77' lang='grc' dir='ltr'>ταύτην</span> <span class='ocrx_word' id='word_1_619' title='bbox 2489 3717 2550 3786; x_wconf 83' lang='grc' dir='ltr'><strong>δὴ</strong></span> <span class='ocrx_word' id='word_1_620' title='bbox 2603 3717 2916 3790; x_wconf 80' lang='grc' dir='ltr'>βουλόμενοι</span> <span class='ocrx_word' id='word_1_621' title='bbox 2961 3723 3058 3792; x_wconf 80' lang='grc' dir='ltr'>τὴν</span> <span class='ocrx_word' id='word_1_622' title='bbox 3101 3723 3260 3788; x_wconf 66' lang='grc' dir='ltr'>δόξαν</span> <span class='ocrx_word' id='word_1_623' title='bbox 3295 3726 3567 3794; x_wconf 74' lang='grc' dir='ltr'>συνιστᾷν,</span> <span class='ocrx_word' id='word_1_624' title='bbox 3604 3727 3834 3780; x_wconf 74' lang='grc' dir='ltr'>κάκεῖνα</span> 
     </span>
    </p>
   </div>
   <div class='ocr_carea' id='block_1_84' title="bbox 2253 3804 3831 3885">
    <p class='ocr_par' dir='ltr' id='par_1_84' title="bbox 2253 3804 3831 3885">
     <span class='ocr_line' id='line_1_84' title="bbox 2253 3804 3831 3885; baseline 0.008 -29"><span class='ocrx_word' id='word_1_625' title='bbox 2253 3804 2345 3857; x_wconf 89' lang='grc' dir='ltr'><strong>τοῦ</strong></span> <span class='ocrx_word' id='word_1_626' title='bbox 2379 3807 2576 3860; x_wconf 88' lang='grc' dir='ltr'>σεπτοῦ</span> <span class='ocrx_word' id='word_1_627' title='bbox 2607 3811 2875 3880; x_wconf 85' lang='grc' dir='ltr'>Κυρίλλου</span> <span class='ocrx_word' id='word_1_628' title='bbox 2903 3813 3316 3882; x_wconf 77' lang='grc' dir='ltr'><strong>προϐάλ).ονται’</strong></span> <span class='ocrx_word' id='word_1_629' title='bbox 3341 3815 3460 3884; x_wconf 78' lang='grc' dir='ltr'><strong>Ζωὴ</strong></span> <span class='ocrx_word' id='word_1_630' title='bbox 3486 3815 3551 3885; x_wconf 82' lang='grc' dir='ltr'>ἣν</span> <span class='ocrx_word' id='word_1_631' title='bbox 3581 3817 3607 3867; x_wconf 90' lang='lat'><strong>6</strong></span> <span class='ocrx_word' id='word_1_632' title='bbox 3638 3817 3831 3885; x_wconf 77' lang='grc' dir='ltr'>Πατὴρ</span> 
     </span>
    </p>
   </div>
   <div class='ocr_carea' id='block_1_85' title="bbox 2253 3895 3827 3978">
    <p class='ocr_par' dir='ltr' id='par_1_85' title="bbox 2253 3895 3827 3978">
     <span class='ocr_line' id='line_1_85' title="bbox 2253 3895 3827 3978; baseline 0.008 -30"><span class='ocrx_word' id='word_1_633' title='bbox 2253 3895 2365 3967; x_wconf 76' lang='grc' dir='ltr'>ἔχει</span> <span class='ocrx_word' id='word_1_634' title='bbox 2399 3899 2457 3950; x_wconf 86' lang='grc' dir='ltr'><strong>ἐν</strong></span> <span class='ocrx_word' id='word_1_635' title='bbox 2490 3901 2687 3972; x_wconf 81' lang='grc' dir='ltr'>ἐαυτῷ,</span> <span class='ocrx_word' id='word_1_636' title='bbox 2715 3902 2813 3972; x_wconf 81' lang='grc' dir='ltr'><strong>οὐχ</strong></span> <span class='ocrx_word' id='word_1_637' title='bbox 2844 3903 3008 3975; x_wconf 79' lang='grc' dir='ltr'>ἑτέρα</span> <span class='ocrx_word' id='word_1_638' title='bbox 3045 3905 3130 3968; x_wconf 88' lang='grc' dir='ltr'><strong>τίς</strong></span> <span class='ocrx_word' id='word_1_639' title='bbox 3177 3908 3293 3958; x_wconf 83' lang='grc' dir='ltr'>ἐστι</span> <span class='ocrx_word' id='word_1_640' title='bbox 3353 3906 3504 3978; x_wconf 76' lang='grc' dir='ltr'>παρὰ</span> <span class='ocrx_word' id='word_1_641' title='bbox 3533 3907 3620 3959; x_wconf 73' lang='grc' dir='ltr'><strong>τὸν</strong></span> <span class='ocrx_word' id='word_1_642' title='bbox 3673 3907 3827 3971; x_wconf 69' lang='grc' dir='ltr'>Υίδν,</span> 
     </span>
    </p>
   </div>
   <div class='ocr_carea' id='block_1_86' title="bbox 2251 3989 3820 4066">
    <p class='ocr_par' dir='ltr' id='par_1_86' title="bbox 2251 3989 3820 4066">
     <span class='ocr_line' id='line_1_86' title="bbox 2251 3989 3820 4066; baseline 0.006 -27"><span class='ocrx_word' id='word_1_643' title='bbox 2251 3989 2346 4040; x_wconf 81' lang='grc' dir='ltr'><strong>καὶ</strong></span> <span class='ocrx_word' id='word_1_644' title='bbox 2374 3989 2456 4042; x_wconf 85' lang='grc' dir='ltr'>ὅτι</span> <span class='ocrx_word' id='word_1_645' title='bbox 2488 3991 2519 4060; x_wconf 75' lang='grc' dir='ltr'><strong>ἡ</strong></span> <span class='ocrx_word' id='word_1_646' title='bbox 2549 3993 2605 4042; x_wconf 89' lang='grc' dir='ltr'><strong>ἐν</strong></span> <span class='ocrx_word' id='word_1_647' title='bbox 2637 3992 2749 4061; x_wconf 84' lang='grc' dir='ltr'><strong>Υίῷ</strong></span> <span class='ocrx_word' id='word_1_648' title='bbox 2777 3993 2911 4064; x_wconf 80' lang='grc' dir='ltr'>ζωὴ,</span> <span class='ocrx_word' id='word_1_649' title='bbox 2951 3994 3048 4064; x_wconf 77' lang='grc' dir='ltr'>οὐχ</span> <span class='ocrx_word' id='word_1_650' title='bbox 3079 3994 3239 4065; x_wconf 77' lang='grc' dir='ltr'>ἑτέρα</span> <span class='ocrx_word' id='word_1_651' title='bbox 3282 3996 3366 4058; x_wconf 86' lang='grc' dir='ltr'><strong>τίς</strong></span> <span class='ocrx_word' id='word_1_652' title='bbox 3400 3997 3515 4050; x_wconf 85' lang='grc' dir='ltr'>ἐστι</span> <span class='ocrx_word' id='word_1_653' title='bbox 3559 3997 3709 4066; x_wconf 75' lang='grc' dir='ltr'>παρὰ</span> <span class='ocrx_word' id='word_1_654' title='bbox 3733 3998 3820 4050; x_wconf 78' lang='grc' dir='ltr'>τὸν</span> 
     </span>
    </p>
   </div>
   <div class='ocr_carea' id='block_1_87' title="bbox 2253 4081 3814 4160">
    <p class='ocr_par' dir='ltr' id='par_1_87' title="bbox 2253 4081 3814 4160">
     <span class='ocr_line' id='line_1_87' title="bbox 2253 4081 3814 4160; baseline 0.005 -28"><span class='ocrx_word' id='word_1_655' title='bbox 2253 4081 2492 4151; x_wconf 87' lang='grc' dir='ltr'>Πατέρα.</span> <span class='ocrx_word' id='word_1_656' title='bbox 2525 4083 2636 4136; x_wconf 71' lang='grc' dir='ltr'><strong>Καὶ</strong></span> <span class='ocrx_word' id='word_1_657' title='bbox 2652 4084 2908 4154; x_wconf 77' lang='grc' dir='ltr'>ἀληθεύει</span> <span class='ocrx_word' id='word_1_658' title='bbox 2935 4089 2962 4139; x_wconf 92' lang='lat'><strong>6</strong></span> <span class='ocrx_word' id='word_1_659' title='bbox 2983 4086 3178 4154; x_wconf 86' lang='grc' dir='ltr'>λέγων,</span> <span class='ocrx_word' id='word_1_660' title='bbox 3216 4106 3236 4138; x_wconf 76' lang='grc' dir='ltr'>ι</span> <span class='ocrx_word' id='word_1_661' title='bbox 3274 4089 3413 4155; x_wconf 87' lang='grc' dir='ltr'><strong>Ἐγὼ</strong></span> <span class='ocrx_word' id='word_1_662' title='bbox 3440 4089 3498 4140; x_wconf 83' lang='grc' dir='ltr'><strong>ἐν</strong></span> <span class='ocrx_word' id='word_1_663' title='bbox 3529 4089 3606 4158; x_wconf 84' lang='grc' dir='ltr'>τῷ</span> <span class='ocrx_word' id='word_1_664' title='bbox 3627 4091 3814 4160; x_wconf 67' lang='grc' dir='ltr'>Πατρὶ,</span> 
     </span>
    </p>
   </div>
   <div class='ocr_carea' id='block_1_88' title="bbox 2251 4173 3814 4250">
    <p class='ocr_par' dir='ltr' id='par_1_88' title="bbox 2251 4173 3814 4250">
     <span class='ocr_line' id='line_1_88' title="bbox 2251 4173 3814 4250; baseline 0.005 -26"><span class='ocrx_word' id='word_1_665' title='bbox 2251 4173 2348 4225; x_wconf 76' lang='grc' dir='ltr'>καὶ</span> <span class='ocrx_word' id='word_1_666' title='bbox 2403 4175 2431 4226; x_wconf 94' lang='lat'><strong>6</strong></span> <span class='ocrx_word' id='word_1_667' title='bbox 2459 4174 2648 4245; x_wconf 78' lang='grc' dir='ltr'>Πατὴρ</span> <span class='ocrx_word' id='word_1_668' title='bbox 2689 4178 2747 4229; x_wconf 89' lang='grc' dir='ltr'><strong>ἐν</strong></span> <span class='ocrx_word' id='word_1_669' title='bbox 2804 4177 2943 4246; x_wconf 88' lang='grc' dir='ltr'>ἐμοί,</span> <span class='ocrx_word' id='word_1_670' title='bbox 2978 4195 2997 4230; x_wconf 71' lang='grc' dir='ltr'><strong>ι</strong></span> <span class='ocrx_word' id='word_1_671' title='bbox 3055 4178 3249 4248; x_wconf 80' lang='grc' dir='ltr'>Ἡμεῖς</span> <span class='ocrx_word' id='word_1_672' title='bbox 3293 4179 3337 4231; x_wconf 83' lang='grc' dir='ltr'><strong>δ’</strong></span> <span class='ocrx_word' id='word_1_673' title='bbox 3359 4181 3435 4242; x_wconf 88' lang='grc' dir='ltr'><strong>ὼς</strong></span> <span class='ocrx_word' id='word_1_674' title='bbox 3467 4181 3525 4232; x_wconf 82' lang='grc' dir='ltr'><strong>ἐν</strong></span> <span class='ocrx_word' id='word_1_675' title='bbox 3565 4181 3814 4250; x_wconf 80' lang='grc' dir='ltr'>ἐπιτόμῳ,</span> 
     </span>
    </p>
   </div>
   <div class='ocr_carea' id='block_1_89' title="bbox 2249 4263 3814 4344">
    <p class='ocr_par' dir='ltr' id='par_1_89' title="bbox 2249 4263 3814 4344">
     <span class='ocr_line' id='line_1_89' title="bbox 2249 4263 3814 4344; baseline 0.005 -28"><span class='ocrx_word' id='word_1_676' title='bbox 2249 4263 2392 4316; x_wconf 78' lang='grc' dir='ltr'>κατὰ</span> <span class='ocrx_word' id='word_1_677' title='bbox 2425 4265 2486 4316; x_wconf 81' lang='grc' dir='ltr'>τὸ</span> <span class='ocrx_word' id='word_1_678' title='bbox 2519 4266 2817 4336; x_wconf 77' lang='grc' dir='ltr'>ἐγχωροῦν,</span> <span class='ocrx_word' id='word_1_679' title='bbox 2850 4268 3200 4339; x_wconf 83' lang='grc' dir='ltr'>ὑποδείξομεν</span> <span class='ocrx_word' id='word_1_680' title='bbox 3227 4271 3325 4340; x_wconf 79' lang='grc' dir='ltr'>τὴν</span> <span class='ocrx_word' id='word_1_681' title='bbox 3379 4273 3440 4322; x_wconf 85' lang='grc' dir='ltr'><strong>ἐν</strong></span> <span class='ocrx_word' id='word_1_682' title='bbox 3474 4276 3591 4336; x_wconf 89' lang='grc' dir='ltr'>τοῖς</span> <span class='ocrx_word' id='word_1_683' title='bbox 3642 4275 3814 4344; x_wconf 81' lang='grc' dir='ltr'>ῥητοῖς</span> 
     </span>
    </p>
   </div>
   <div class='ocr_carea' id='block_1_90' title="bbox 2247 4355 3811 4430">
    <p class='ocr_par' dir='ltr' id='par_1_90' title="bbox 2247 4355 3811 4430">
     <span class='ocr_line' id='line_1_90' title="bbox 2247 4355 3811 4430; baseline 0.006 -23"><span class='ocrx_word' id='word_1_684' title='bbox 2247 4355 2458 4418; x_wconf 77' lang='grc' dir='ltr'>τούτοις</span> <span class='ocrx_word' id='word_1_685' title='bbox 2485 4355 2578 4409; x_wconf 91' lang='grc' dir='ltr'><strong>τοῦ</strong></span> <span class='ocrx_word' id='word_1_686' title='bbox 2618 4358 2774 4425; x_wconf 85' lang='grc' dir='ltr'>ἁγίου</span> <span class='ocrx_word' id='word_1_687' title='bbox 2814 4358 3075 4425; x_wconf 85' lang='grc' dir='ltr'>διάνοιαν,</span> <span class='ocrx_word' id='word_1_688' title='bbox 3114 4362 3209 4414; x_wconf 72' lang='grc' dir='ltr'><strong>καὶ</strong></span> <span class='ocrx_word' id='word_1_689' title='bbox 3229 4359 3588 4425; x_wconf 67' lang='grc' dir='ltr'>τὸδυσσεδές</span> <span class='ocrx_word' id='word_1_690' title='bbox 3631 4365 3736 4416; x_wconf 86' lang='grc' dir='ltr'><strong>τῶν</strong></span> <span class='ocrx_word' id='word_1_691' title='bbox 3759 4364 3811 4430; x_wconf 79' lang='grc' dir='ltr'>ἐξ</span> 
     </span>
    </p>
   </div>
   <div class='ocr_carea' id='block_1_91' title="bbox 578 4422 2160 4523">
    <p class='ocr_par' dir='ltr' id='par_1_91' title="bbox 578 4422 2143 4499">
     <span class='ocr_line' id='line_1_91' title="bbox 578 4422 2143 4499; baseline 0.006 -25"><span class='ocrx_word' id='word_1_692' title='bbox 578 4425 782 4487; x_wconf 89' lang='lat' dir='ltr'><strong>dicunt,</strong></span> <span class='ocrx_word' id='word_1_693' title='bbox 833 4422 1158 4488; x_wconf 85' lang='lat' dir='ltr'><strong>impietatem</strong></span> <span class='ocrx_word' id='word_1_694' title='bbox 1202 4434 1530 4492; x_wconf 72' lang='lat' dir='ltr'><strong>retegcnius.</strong></span> <span class='ocrx_word' id='word_1_695' title='bbox 1584 4425 1712 4479; x_wconf 85' lang='lat' dir='ltr'><strong>Illos</strong></span> <span class='ocrx_word' id='word_1_696' title='bbox 1767 4427 1861 4494; x_wconf 92' lang='lat' dir='ltr'><strong>qui</strong></span> <span class='ocrx_word' id='word_1_697' title='bbox 1925 4427 2143 4499; x_wconf 86' lang='lat' dir='ltr'><strong>Filium,</strong></span> 
     </span>
    </p>
   </div>
   <div class='ocr_carea' id='block_1_92' title="bbox 2263 4422 3816 4523">
    <p class='ocr_par' dir='ltr' id='par_1_92' title="bbox 2263 4422 3816 4523">
     <span class='ocr_line' id='line_1_92' title="bbox 2263 4422 3816 4523; baseline 0.006 -24"><span class='ocrx_word' id='word_1_698' title='bbox 2263 4445 2558 4517; x_wconf 70' lang='lat' dir='ltr'><strong>l6taxplrou</strong></span> <span class='ocrx_word' id='word_1_699' title='bbox 2593 4422 2757 4517; x_wconf 49' lang='grc' dir='ltr'>ζόφου</span> <span class='ocrx_word' id='word_1_700' title='bbox 2811 4451 2948 4522; x_wconf 80' lang='grc' dir='ltr'>πρὸς</span> <span class='ocrx_word' id='word_1_701' title='bbox 2983 4422 3131 4523; x_wconf 79' lang='grc' dir='ltr'>ἡμᾶς</span> <span class='ocrx_word' id='word_1_702' title='bbox 3165 4422 3816 4523; x_wconf 38' lang='grc' dir='ltr'>ἀντιλεγόντων-ἀπελέτί</span> 
     </span>
    </p>
   </div>
   <div class='ocr_carea' id='block_1_93' title="bbox 497 4510 2160 4618">
    <p class='ocr_par' dir='ltr' id='par_1_93' title="bbox 497 4510 2148 4590">
     <span class='ocr_line' id='line_1_93' title="bbox 497 4510 2148 4590; baseline 0.007 -24"><span class='ocrx_word' id='word_1_703' title='bbox 497 4585 504 4590; x_wconf 82' lang='lat'>_</span> <span class='ocrx_word' id='word_1_704' title='bbox 571 4530 684 4567; x_wconf 73' lang='lat' dir='ltr'><strong>«eo</strong></span> <span class='ocrx_word' id='word_1_705' title='bbox 716 4513 873 4566; x_wconf 82' lang='lat' dir='ltr'><strong>modo</strong></span> <span class='ocrx_word' id='word_1_706' title='bbox 898 4511 1222 4564; x_wconf 79' lang='lat' dir='ltr'><strong>dissimilem</strong></span> <span class='ocrx_word' id='word_1_707' title='bbox 1236 4510 1436 4578; x_wconf 69' lang='lat' dir='ltr'><strong>Patris,</strong></span> <span class='ocrx_word' id='word_1_708' title='bbox 1460 4513 1554 4568; x_wconf 86' lang='lat' dir='ltr'><strong>sed</strong></span> <span class='ocrx_word' id='word_1_709' title='bbox 1577 4523 1630 4568; x_wconf 91' lang='lat' dir='ltr'><strong>et</strong></span> <span class='ocrx_word' id='word_1_710' title='bbox 1651 4517 1812 4569; x_wconf 76' lang='lat' dir='ltr'><strong>Patre</strong></span> <span class='ocrx_word' id='word_1_711' title='bbox 1830 4519 2148 4576; x_wconf 80' lang='lat' dir='ltr'><strong>inferiorem</strong></span> 
     </span>
    </p>
   </div>
   <div class='ocr_carea' id='block_1_94' title="bbox 2263 4510 3813 4618">
    <p class='ocr_par' dir='ltr' id='par_1_94' title="bbox 2263 4510 3813 4618">
     <span class='ocr_line' id='line_1_94' title="bbox 2263 4510 3813 4618; baseline 0.008 -29"><span class='ocrx_word' id='word_1_712' title='bbox 2263 4510 2426 4606; x_wconf 55' lang='lat'><strong>£051.59:</strong></span> <span class='ocrx_word' id='word_1_713' title='bbox 2480 4510 2616 4602; x_wconf 75' lang='grc' dir='ltr'>Τοῖς</span> <span class='ocrx_word' id='word_1_714' title='bbox 2666 4510 2776 4612; x_wconf 77' lang='grc' dir='ltr'>γὰρ</span> <span class='ocrx_word' id='word_1_715' title='bbox 2819 4510 3221 4596; x_wconf 33' lang='grc' dir='ltr'>τδν’Υ’ίὸν.οὑκ</span> <span class='ocrx_word' id='word_1_716' title='bbox 3262 4510 3515 4614; x_wconf 74' lang='grc' dir='ltr'>ἀνόμοιον</span> <span class='ocrx_word' id='word_1_717' title='bbox 3553 4547 3714 4616; x_wconf 84' lang='grc' dir='ltr'>μόνον</span> <span class='ocrx_word' id='word_1_718' title='bbox 3746 4510 3813 4618; x_wconf 64' lang='grc' dir='ltr'>τῷ</span> 
     </span>
    </p>
   </div>
   <div class='ocr_carea' id='block_1_95' title="bbox 580 4603 2151 4674">
    <p class='ocr_par' dir='ltr' id='par_1_95' title="bbox 580 4603 2151 4674">
     <span class='ocr_line' id='line_1_95' title="bbox 580 4603 2151 4674; baseline 0.007 -18"><span class='ocrx_word' id='word_1_719' title='bbox 580 4605 718 4656; x_wconf 82' lang='lat' dir='ltr'><strong>male</strong></span> <span class='ocrx_word' id='word_1_720' title='bbox 773 4603 1048 4668; x_wconf 82' lang='lat' dir='ltr'><strong>dicebant,</strong></span> <span class='ocrx_word' id='word_1_721' title='bbox 1081 4610 1334 4668; x_wconf 84' lang='lat' dir='ltr'><strong>tanquam</strong></span> <span class='ocrx_word' id='word_1_722' title='bbox 1383 4603 1428 4656; x_wconf 88' lang='lat' dir='ltr'><strong>si</strong></span> <span class='ocrx_word' id='word_1_723' title='bbox 1483 4619 1594 4658; x_wconf 90' lang='lat' dir='ltr'><strong>non</strong></span> <span class='ocrx_word' id='word_1_724' title='bbox 1635 4609 2022 4674; x_wconf 76' lang='lat' dir='ltr'><strong>essentialt‘ter,</strong></span> <span class='ocrx_word' id='word_1_725' title='bbox 2053 4615 2151 4667; x_wconf 86' lang='lat' dir='ltr'><strong>sed</strong></span> 
     </span>
    </p>
   </div>
   <div class='ocr_carea' id='block_1_96' title="bbox 576 4692 2151 4760">
    <p class='ocr_par' dir='ltr' id='par_1_96' title="bbox 576 4692 2151 4760">
     <span class='ocr_line' id='line_1_96' title="bbox 576 4692 2151 4760; baseline 0.006 -14"><span class='ocrx_word' id='word_1_726' title='bbox 576 4694 875 4748; x_wconf 80' lang='lat' dir='ltr'><strong>adventitie</strong></span> <span class='ocrx_word' id='word_1_727' title='bbox 905 4702 958 4747; x_wconf 90' lang='lat' dir='ltr'><strong>et</strong></span> <span class='ocrx_word' id='word_1_728' title='bbox 1015 4707 1112 4760; x_wconf 82' lang='lat' dir='ltr'><strong>per</strong></span> <span class='ocrx_word' id='word_1_729' title='bbox 1171 4692 1642 4760; x_wconf 84' lang='lat' dir='ltr'><strong>participationem</strong></span> <span class='ocrx_word' id='word_1_730' title='bbox 1705 4707 1760 4751; x_wconf 92' lang='lat' dir='ltr'><strong>et</strong></span> <span class='ocrx_word' id='word_1_731' title='bbox 1815 4700 2151 4757; x_wconf 80' lang='lat' dir='ltr'><strong>auditionem</strong></span> 
     </span>
    </p>
   </div>
   <div class='ocr_carea' id='block_1_97' title="bbox 571 4786 2150 4858">
    <p class='ocr_par' dir='ltr' id='par_1_97' title="bbox 571 4786 2150 4858">
     <span class='ocr_line' id='line_1_97' title="bbox 571 4786 2150 4858; baseline 0.006 -19"><span class='ocrx_word' id='word_1_732' title='bbox 571 4788 799 4841; x_wconf 83' lang='lat' dir='ltr'><strong>haberet</strong></span> <span class='ocrx_word' id='word_1_733' title='bbox 829 4787 1006 4840; x_wconf 72' lang='lat' dir='ltr'><strong>vivere</strong></span> <span class='ocrx_word' id='word_1_734' title='bbox 1023 4795 1083 4838; x_wconf 83' lang='lat' dir='ltr'><strong>et</strong></span> <span class='ocrx_word' id='word_1_735' title='bbox 1107 4786 1314 4850; x_wconf 86' lang='lat' dir='ltr'><strong>vitam;</strong></span> <span class='ocrx_word' id='word_1_736' title='bbox 1349 4803 1368 4836; x_wconf 77' lang='grc' dir='ltr'><strong>ι</strong></span> <span class='ocrx_word' id='word_1_737' title='bbox 1396 4794 1450 4839; x_wconf 88' lang='lat' dir='ltr'><strong>et</strong></span> <span class='ocrx_word' id='word_1_738' title='bbox 1495 4787 1657 4854; x_wconf 84' lang='lat' dir='ltr'><strong>quasi</strong></span> <span class='ocrx_word' id='word_1_739' title='bbox 1712 4789 1980 4858; x_wconf 88' lang='lat' dir='ltr'><strong>recipiens</strong></span> <span class='ocrx_word' id='word_1_740' title='bbox 2029 4807 2150 4848; x_wconf 87' lang='lat' dir='ltr'><strong>eam</strong></span> 
     </span>
    </p>
   </div>
   <div class='ocr_carea' id='block_1_98' title="bbox 575 4877 2151 4948">
    <p class='ocr_par' dir='ltr' id='par_1_98' title="bbox 575 4877 2151 4948">
     <span class='ocr_line' id='line_1_98' title="bbox 575 4877 2151 4948; baseline 0.001 -12"><span class='ocrx_word' id='word_1_741' title='bbox 575 4883 883 4936; x_wconf 75' lang='lat' dir='ltr'><strong>desumeret</strong></span> <span class='ocrx_word' id='word_1_742' title='bbox 913 4893 944 4932; x_wconf 84' lang='lat' dir='ltr'><strong>a</strong></span> <span class='ocrx_word' id='word_1_743' title='bbox 970 4877 1159 4944; x_wconf 82' lang='lat' dir='ltr'><strong>.Patre,</strong></span> <span class='ocrx_word' id='word_1_744' title='bbox 1201 4888 1361 4948; x_wconf 88' lang='lat' dir='ltr'><strong>prout</strong></span> <span class='ocrx_word' id='word_1_745' title='bbox 1397 4880 1659 4947; x_wconf 86' lang='lat' dir='ltr'><strong>scriptum</strong></span> <span class='ocrx_word' id='word_1_746' title='bbox 1691 4891 1788 4934; x_wconf 80' lang='lat' dir='ltr'><strong>est</strong></span> <span class='ocrx_word' id='word_1_747' title='bbox 1821 4882 1909 4932; x_wconf 70' lang='lat' dir='ltr'><strong>z“</strong></span> <span class='ocrx_word' id='word_1_748' title='bbox 1945 4901 1964 4934; x_wconf 79' lang='grc' dir='ltr'>ι</span> <span class='ocrx_word' id='word_1_749' title='bbox 1999 4882 2151 4939; x_wconf 85' lang='lat' dir='ltr'><strong>Sicut</strong></span> 
     </span>
    </p>
   </div>
   <div class='ocr_carea' id='block_1_99' title="bbox 564 4976 2148 5044">
    <p class='ocr_par' dir='ltr' id='par_1_99' title="bbox 564 4976 2148 5044">
     <span class='ocr_line' id='line_1_99' title="bbox 564 4976 2148 5044; baseline 0.001 -12"><span class='ocrx_word' id='word_1_750' title='bbox 564 4978 736 5032; x_wconf 78' lang='lat' dir='ltr'><strong>Pater</strong></span> <span class='ocrx_word' id='word_1_751' title='bbox 767 4979 925 5031; x_wconf 77' lang='lat' dir='ltr'><strong>habet</strong></span> <span class='ocrx_word' id='word_1_752' title='bbox 957 4977 1119 5029; x_wconf 87' lang='lat' dir='ltr'><strong>vitam</strong></span> <span class='ocrx_word' id='word_1_753' title='bbox 1147 4976 1198 5029; x_wconf 91' lang='lat' dir='ltr'><strong>iu</strong></span> <span class='ocrx_word' id='word_1_754' title='bbox 1248 4976 1562 5044; x_wconf 82' lang='lat' dir='ltr'><strong>semetipso,</strong></span> <span class='ocrx_word' id='word_1_755' title='bbox 1595 4976 1677 5030; x_wconf 83' lang='lat' dir='ltr'><strong>sic</strong></span> <span class='ocrx_word' id='word_1_756' title='bbox 1738 4976 1885 5031; x_wconf 86' lang='lat' dir='ltr'><strong>dedit</strong></span> <span class='ocrx_word' id='word_1_757' title='bbox 1912 4987 1968 5032; x_wconf 89' lang='lat' dir='ltr'><strong>et</strong></span> <span class='ocrx_word' id='word_1_758' title='bbox 2005 4977 2148 5034; x_wconf 75' lang='lat' dir='ltr'><strong>Filio</strong></span> 
     </span>
    </p>
   </div>
   <div class='ocr_carea' id='block_1_100' title="bbox 551 5065 2150 5137">
    <p class='ocr_par' dir='ltr' id='par_1_100' title="bbox 551 5065 2150 5137">
     <span class='ocr_line' id='line_1_100' title="bbox 551 5065 2150 5137; baseline 0.003 -17"><span class='ocrx_word' id='word_1_759' title='bbox 551 5069 950 5121; x_wconf 34' lang='lat' dir='ltr'><strong>‘baberevitam</strong></span> <span class='ocrx_word' id='word_1_760' title='bbox 982 5066 1034 5119; x_wconf 93' lang='lat' dir='ltr'><strong>in</strong></span> <span class='ocrx_word' id='word_1_761' title='bbox 1066 5067 1411 5135; x_wconf 84' lang='lat' dir='ltr'><strong>semetipsum</strong></span> <span class='ocrx_word' id='word_1_762' title='bbox 1434 5081 1500 5131; x_wconf 64' lang='grc' dir='ltr'>μ</span> <span class='ocrx_word' id='word_1_763' title='bbox 1525 5065 1643 5120; x_wconf 84' lang='lat' dir='ltr'><strong>illos</strong></span> <span class='ocrx_word' id='word_1_764' title='bbox 1671 5065 1836 5135; x_wconf 83' lang='lat' dir='ltr'><strong>igitur</strong></span> <span class='ocrx_word' id='word_1_765' title='bbox 1866 5069 1957 5137; x_wconf 91' lang='lat' dir='ltr'><strong>qui</strong></span> <span class='ocrx_word' id='word_1_766' title='bbox 1981 5084 2150 5124; x_wconf 85' lang='lat' dir='ltr'><strong>evan-</strong></span> 
     </span>
    </p>
   </div>
   <div class='ocr_carea' id='block_1_101' title="bbox 573 5158 2150 5230">
    <p class='ocr_par' dir='ltr' id='par_1_101' title="bbox 573 5158 2150 5230">
     <span class='ocr_line' id='line_1_101' title="bbox 573 5158 2150 5230; baseline 0.004 -19"><span class='ocrx_word' id='word_1_767' title='bbox 573 5161 800 5227; x_wconf 84' lang='lat' dir='ltr'><strong>gelicum</strong></span> <span class='ocrx_word' id='word_1_768' title='bbox 840 5159 944 5212; x_wconf 85' lang='lat' dir='ltr'><strong>hoc</strong></span> <span class='ocrx_word' id='word_1_769' title='bbox 990 5158 1208 5211; x_wconf 72' lang='lat' dir='ltr'><strong>effatum</strong></span> <span class='ocrx_word' id='word_1_770' title='bbox 1272 5169 1378 5213; x_wconf 86' lang='lat' dir='ltr'><strong>tam</strong></span> <span class='ocrx_word' id='word_1_771' title='bbox 1432 5159 1599 5227; x_wconf 87' lang='lat' dir='ltr'><strong>impie</strong></span> <span class='ocrx_word' id='word_1_772' title='bbox 1639 5160 2032 5230; x_wconf 81' lang='lat' dir='ltr'><strong>intelligebant;</strong></span> <span class='ocrx_word' id='word_1_773' title='bbox 2065 5178 2150 5217; x_wconf 89' lang='lat' dir='ltr'><strong>re-</strong></span> 
     </span>
    </p>
   </div>
   <div class='ocr_carea' id='block_1_102' title="bbox 569 5250 2147 5318">
    <p class='ocr_par' dir='ltr' id='par_1_102' title="bbox 569 5250 2147 5318">
     <span class='ocr_line' id='line_1_102' title="bbox 569 5250 2147 5318; baseline 0.003 -13"><span class='ocrx_word' id='word_1_774' title='bbox 569 5253 764 5305; x_wconf 75' lang='lat' dir='ltr'><strong>fellens</strong></span> <span class='ocrx_word' id='word_1_775' title='bbox 788 5251 944 5303; x_wconf 74' lang='lat' dir='ltr'><strong>divus</strong></span> <span class='ocrx_word' id='word_1_776' title='bbox 988 5250 1221 5318; x_wconf 70' lang='lat' dir='ltr'><strong>Cyrillus</strong></span> <span class='ocrx_word' id='word_1_777' title='bbox 1252 5253 1328 5305; x_wconf 88' lang='lat' dir='ltr'><strong>ait</strong></span> <span class='ocrx_word' id='word_1_778' title='bbox 1357 5267 1374 5306; x_wconf 89' lang='lat'><strong>:</strong></span> <span class='ocrx_word' id='word_1_779' title='bbox 1400 5269 1431 5303; x_wconf 53' lang='grc' dir='ltr'>μι</span> <span class='ocrx_word' id='word_1_780' title='bbox 1466 5251 1603 5318; x_wconf 84' lang='lat' dir='ltr'><strong>Quia</strong></span> <span class='ocrx_word' id='word_1_781' title='bbox 1630 5254 1739 5307; x_wconf 89' lang='lat' dir='ltr'><strong>vita</strong></span> <span class='ocrx_word' id='word_1_782' title='bbox 1774 5251 1917 5308; x_wconf 84' lang='lat' dir='ltr'><strong>Deos</strong></span> <span class='ocrx_word' id='word_1_783' title='bbox 1945 5255 2147 5309; x_wconf 87' lang='lat' dir='ltr'><strong>dicitur</strong></span> 
     </span>
    </p>
   </div>
   <div class='ocr_carea' id='block_1_103' title="bbox 569 5344 2147 5418">
    <p class='ocr_par' dir='ltr' id='par_1_103' title="bbox 569 5344 2147 5418">
     <span class='ocr_line' id='line_1_103' title="bbox 569 5344 2147 5418; baseline 0.003 -20"><span class='ocrx_word' id='word_1_784' title='bbox 569 5344 1304 5410; x_wconf 79' lang='lat' dir='ltr'><strong>secundumoperationem,</strong></span> <span class='ocrx_word' id='word_1_785' title='bbox 1331 5357 1392 5399; x_wconf 91' lang='lat' dir='ltr'><strong>ut</strong></span> <span class='ocrx_word' id='word_1_786' title='bbox 1441 5346 1717 5400; x_wconf 82' lang='lat' dir='ltr'><strong>viviﬁcans</strong></span> <span class='ocrx_word' id='word_1_787' title='bbox 1741 5347 1998 5414; x_wconf 82' lang='lat' dir='ltr'><strong>viventia,</strong></span> <span class='ocrx_word' id='word_1_788' title='bbox 2032 5351 2147 5418; x_wconf 90' lang='lat' dir='ltr'><strong>ipse</strong></span> 
     </span>
    </p>
   </div>
   <div class='ocr_carea' id='block_1_104' title="bbox 569 5435 2144 5505">
    <p class='ocr_par' dir='ltr' id='par_1_104' title="bbox 569 5435 2144 5505">
     <span class='ocr_line' id='line_1_104' title="bbox 569 5435 2144 5505; baseline 0.004 -17"><span class='ocrx_word' id='word_1_789' title='bbox 569 5439 716 5489; x_wconf 88' lang='lat' dir='ltr'><strong>enim</strong></span> <span class='ocrx_word' id='word_1_790' title='bbox 778 5444 862 5489; x_wconf 84' lang='lat' dir='ltr'><strong>est</strong></span> <span class='ocrx_word' id='word_1_791' title='bbox 921 5435 1032 5487; x_wconf 85' lang='lat' dir='ltr'><strong>vita</strong></span> <span class='ocrx_word' id='word_1_792' title='bbox 1084 5437 1408 5490; x_wconf 81' lang='lat' dir='ltr'><strong>naturaliter</strong></span> <span class='ocrx_word' id='word_1_793' title='bbox 1470 5437 1791 5505; x_wconf 84' lang='lat' dir='ltr'><strong>viventium,</strong></span> <span class='ocrx_word' id='word_1_794' title='bbox 1831 5449 1888 5492; x_wconf 92' lang='lat' dir='ltr'><strong>ut</strong></span> <span class='ocrx_word' id='word_1_795' title='bbox 1931 5451 2144 5495; x_wconf 76' lang='lat' dir='ltr'><strong>natura:</strong></span> 
     </span>
    </p>
   </div>
   <div class='ocr_carea' id='block_1_105' title="bbox 571 5528 2140 5602">
    <p class='ocr_par' dir='ltr' id='par_1_105' title="bbox 571 5528 2140 5602">
     <span class='ocr_line' id='line_1_105' title="bbox 571 5528 2140 5602; baseline 0.004 -20"><span class='ocrx_word' id='word_1_796' title='bbox 571 5538 807 5593; x_wconf 81' lang='lat' dir='ltr'><strong>creator,</strong></span> <span class='ocrx_word' id='word_1_797' title='bbox 839 5529 950 5581; x_wconf 79' lang='lat' dir='ltr'><strong>imo</strong></span> <span class='ocrx_word' id='word_1_798' title='bbox 972 5535 1033 5580; x_wconf 80' lang='lat' dir='ltr'><strong>et</strong></span> <span class='ocrx_word' id='word_1_799' title='bbox 1069 5528 1251 5582; x_wconf 81' lang='lat' dir='ltr'><strong>divine</strong></span> <span class='ocrx_word' id='word_1_800' title='bbox 1270 5530 1591 5597; x_wconf 75' lang='lat' dir='ltr'><strong>viventium,</strong></span> <span class='ocrx_word' id='word_1_801' title='bbox 1625 5540 1690 5585; x_wconf 86' lang='lat' dir='ltr'><strong>ut</strong></span> <span class='ocrx_word' id='word_1_802' title='bbox 1717 5531 1904 5602; x_wconf 71' lang='lat' dir='ltr'><strong>gratiae</strong></span> <span class='ocrx_word' id='word_1_803' title='bbox 1943 5535 2140 5600; x_wconf 84' lang='lat' dir='ltr'><strong>dator;</strong></span> 
     </span>
    </p>
   </div>
   <div class='ocr_carea' id='block_1_106' title="bbox 633 5697 1103 5768">
    <p class='ocr_par' dir='ltr' id='par_1_106' title="bbox 633 5697 1103 5768">
     <span class='ocr_line' id='line_1_106' title="bbox 633 5697 1103 5768; baseline 0.009 -16"><span class='ocrx_word' id='word_1_804' title='bbox 633 5699 688 5732; x_wconf 74' lang='lat'><em>“</em></span> <span class='ocrx_word' id='word_1_805' title='bbox 709 5697 878 5756; x_wconf 79' lang='lat' dir='ltr'><strong>Joan.</strong></span> <span class='ocrx_word' id='word_1_806' title='bbox 895 5716 974 5768; x_wconf 55' lang='grc' dir='ltr'>ην,</span> <span class='ocrx_word' id='word_1_807' title='bbox 994 5699 1062 5754; x_wconf 61' lang='lat' dir='ltr'><em>Q6</em></span> <span class='ocrx_word' id='word_1_808' title='bbox 1079 5739 1103 5756; x_wconf 58' lang='grc' dir='ltr'><strong>η</strong></span> 
     </span>
    </p>
   </div>
   <div class='ocr_carea' id='block_1_107' title="bbox 2244 4628 3812 4704">
    <p class='ocr_par' dir='ltr' id='par_1_107' title="bbox 2244 4628 3812 4704">
     <span class='ocr_line' id='line_1_107' title="bbox 2244 4628 3812 4704; baseline 0.008 -25"><span class='ocrx_word' id='word_1_809' title='bbox 2244 4628 2443 4699; x_wconf 73' lang='grc' dir='ltr'>Πατρὶ,</span> <span class='ocrx_word' id='word_1_810' title='bbox 2472 4629 2607 4682; x_wconf 82' lang='grc' dir='ltr'>ἀλλὰ</span> <span class='ocrx_word' id='word_1_811' title='bbox 2627 4634 2718 4684; x_wconf 73' lang='grc' dir='ltr'><strong>καὶ</strong></span> <span class='ocrx_word' id='word_1_812' title='bbox 2744 4633 2882 4702; x_wconf 74' lang='grc' dir='ltr'>μετὰ</span> <span class='ocrx_word' id='word_1_813' title='bbox 2911 4633 3002 4686; x_wconf 70' lang='grc' dir='ltr'><strong>τὸν</strong></span> <span class='ocrx_word' id='word_1_814' title='bbox 3024 4635 3245 4704; x_wconf 83' lang='grc' dir='ltr'>Πατέρα</span> <span class='ocrx_word' id='word_1_815' title='bbox 3270 4636 3490 4704; x_wconf 79' lang='grc' dir='ltr'>λέγουσι</span> <span class='ocrx_word' id='word_1_816' title='bbox 3516 4639 3726 4701; x_wconf 82' lang='grc' dir='ltr'>κακῶς,</span> <span class='ocrx_word' id='word_1_817' title='bbox 3751 4640 3812 4701; x_wconf 86' lang='grc' dir='ltr'>ὡς</span> 
     </span>
    </p>
   </div>
   <div class='ocr_carea' id='block_1_108' title="bbox 2243 4718 3814 4800">
    <p class='ocr_par' dir='ltr' id='par_1_108' title="bbox 2243 4718 3814 4800">
     <span class='ocr_line' id='line_1_108' title="bbox 2243 4718 3814 4800; baseline 0.008 -31"><span class='ocrx_word' id='word_1_818' title='bbox 2243 4718 2305 4770; x_wconf 76' lang='grc' dir='ltr'><strong>οὐ</strong></span> <span class='ocrx_word' id='word_1_819' title='bbox 2352 4721 2493 4774; x_wconf 80' lang='grc' dir='ltr'>κατὰ</span> <span class='ocrx_word' id='word_1_820' title='bbox 2540 4723 2723 4788; x_wconf 83' lang='grc' dir='ltr'>φύσιν,</span> <span class='ocrx_word' id='word_1_821' title='bbox 2757 4723 2870 4776; x_wconf 84' lang='grc' dir='ltr'><strong>ἀλλ’</strong></span> <span class='ocrx_word' id='word_1_822' title='bbox 2901 4724 3229 4779; x_wconf 72' lang='grc' dir='ltr'>ἐπείσακτον</span> <span class='ocrx_word' id='word_1_823' title='bbox 3279 4729 3372 4779; x_wconf 73' lang='grc' dir='ltr'><strong>καὶ</strong></span> <span class='ocrx_word' id='word_1_824' title='bbox 3407 4730 3548 4781; x_wconf 79' lang='grc' dir='ltr'>κατὰ</span> <span class='ocrx_word' id='word_1_825' title='bbox 3585 4729 3814 4800; x_wconf 78' lang='grc' dir='ltr'>μετοχὴν</span> 
     </span>
    </p>
   </div>
   <div class='ocr_carea' id='block_1_109' title="bbox 2239 4811 3810 4889">
    <p class='ocr_par' dir='ltr' id='par_1_109' title="bbox 2239 4811 3810 4889">
     <span class='ocr_line' id='line_1_109' title="bbox 2239 4811 3810 4889; baseline 0.007 -27"><span class='ocrx_word' id='word_1_826' title='bbox 2239 4811 2337 4864; x_wconf 73' lang='grc' dir='ltr'><strong>καὶ</strong></span> <span class='ocrx_word' id='word_1_827' title='bbox 2360 4813 2680 4884; x_wconf 82' lang='grc' dir='ltr'>προσθήκην</span> <span class='ocrx_word' id='word_1_828' title='bbox 2715 4815 2905 4883; x_wconf 78' lang='grc' dir='ltr'>ἔχοντα</span> <span class='ocrx_word' id='word_1_829' title='bbox 2932 4817 2993 4869; x_wconf 81' lang='grc' dir='ltr'>τὸ</span> <span class='ocrx_word' id='word_1_830' title='bbox 3039 4817 3138 4888; x_wconf 79' lang='grc' dir='ltr'><strong>ζῇν</strong></span> <span class='ocrx_word' id='word_1_831' title='bbox 3168 4820 3260 4871; x_wconf 73' lang='grc' dir='ltr'>καὶ</span> <span class='ocrx_word' id='word_1_832' title='bbox 3290 4819 3386 4889; x_wconf 82' lang='grc' dir='ltr'>τὴν</span> <span class='ocrx_word' id='word_1_833' title='bbox 3421 4819 3588 4888; x_wconf 76' lang='grc' dir='ltr'>ζωὴν,</span> <span class='ocrx_word' id='word_1_834' title='bbox 3625 4822 3719 4872; x_wconf 72' lang='grc' dir='ltr'><strong>καί</strong></span> <span class='ocrx_word' id='word_1_835' title='bbox 3743 4821 3810 4884; x_wconf 82' lang='grc' dir='ltr'><strong>ὡς</strong></span> 
     </span>
    </p>
   </div>
   <div class='ocr_carea' id='block_1_110' title="bbox 2245 4900 3809 4982">
    <p class='ocr_par' dir='ltr' id='par_1_110' title="bbox 2245 4900 3809 4982">
     <span class='ocr_line' id='line_1_110' title="bbox 2245 4900 3809 4982; baseline 0.008 -30"><span class='ocrx_word' id='word_1_836' title='bbox 2245 4900 2591 4970; x_wconf 76' lang='grc' dir='ltr'>λαμϐάνοντα</span> <span class='ocrx_word' id='word_1_837' title='bbox 2645 4905 2938 4976; x_wconf 82' lang='grc' dir='ltr'>δεχόμενον</span> <span class='ocrx_word' id='word_1_838' title='bbox 2999 4909 3204 4980; x_wconf 84' lang='grc' dir='ltr'>ταύτην</span> <span class='ocrx_word' id='word_1_839' title='bbox 3253 4911 3402 4978; x_wconf 80' lang='grc' dir='ltr'>παρὰ</span> <span class='ocrx_word' id='word_1_840' title='bbox 3445 4913 3540 4963; x_wconf 84' lang='grc' dir='ltr'><strong>τοῦ</strong></span> <span class='ocrx_word' id='word_1_841' title='bbox 3586 4911 3809 4982; x_wconf 78' lang='grc' dir='ltr'>Πατρδς,</span> 
     </span>
    </p>
   </div>
   <div class='ocr_carea' id='block_1_111' title="bbox 2249 4993 3808 5072">
    <p class='ocr_par' dir='ltr' id='par_1_111' title="bbox 2249 4993 3808 5072">
     <span class='ocr_line' id='line_1_111' title="bbox 2249 4993 3808 5072; baseline 0.008 -29"><span class='ocrx_word' id='word_1_842' title='bbox 2249 4993 2389 5045; x_wconf 71' lang='grc' dir='ltr'>κατὰ</span> <span class='ocrx_word' id='word_1_843' title='bbox 2408 4993 2467 5046; x_wconf 80' lang='grc' dir='ltr'><strong>τὸ</strong></span> <span class='ocrx_word' id='word_1_844' title='bbox 2500 4998 2906 5067; x_wconf 83' lang='grc' dir='ltr'>γεγραμμένον,</span> <span class='ocrx_word' id='word_1_845' title='bbox 2942 5018 2960 5051; x_wconf 79' lang='grc' dir='ltr'>ι</span> <span class='ocrx_word' id='word_1_846' title='bbox 3000 5001 3209 5071; x_wconf 78' lang='grc' dir='ltr'>Ὥσπερ</span> <span class='ocrx_word' id='word_1_847' title='bbox 3243 5003 3270 5052; x_wconf 97' lang='lat'><strong>6</strong></span> <span class='ocrx_word' id='word_1_848' title='bbox 3307 5001 3496 5071; x_wconf 79' lang='grc' dir='ltr'>Πατὴρ</span> <span class='ocrx_word' id='word_1_849' title='bbox 3531 5003 3643 5072; x_wconf 76' lang='grc' dir='ltr'>ἔχει</span> <span class='ocrx_word' id='word_1_850' title='bbox 3673 5004 3808 5072; x_wconf 84' lang='grc' dir='ltr'>ζωὴν</span> 
     </span>
    </p>
   </div>
   <div class='ocr_carea' id='block_1_112' title="bbox 2246 5084 3808 5164">
    <p class='ocr_par' dir='ltr' id='par_1_112' title="bbox 2246 5084 3808 5164">
     <span class='ocr_line' id='line_1_112' title="bbox 2246 5084 3808 5164; baseline 0.007 -29"><span class='ocrx_word' id='word_1_851' title='bbox 2246 5084 2307 5136; x_wconf 84' lang='grc' dir='ltr'><strong>ἐν</strong></span> <span class='ocrx_word' id='word_1_852' title='bbox 2345 5084 2544 5155; x_wconf 84' lang='grc' dir='ltr'>ἐαυτῷ,</span> <span class='ocrx_word' id='word_1_853' title='bbox 2575 5087 2750 5151; x_wconf 79' lang='grc' dir='ltr'>οὕτως</span> <span class='ocrx_word' id='word_1_854' title='bbox 2782 5089 2949 5144; x_wconf 81' lang='grc' dir='ltr'>ἔδωκε</span> <span class='ocrx_word' id='word_1_855' title='bbox 2981 5091 3075 5144; x_wconf 60' lang='grc' dir='ltr'><strong>καὶ⁷</strong></span> <span class='ocrx_word' id='word_1_856' title='bbox 3118 5091 3195 5161; x_wconf 84' lang='grc' dir='ltr'><strong>τῷ</strong></span> <span class='ocrx_word' id='word_1_857' title='bbox 3225 5093 3340 5163; x_wconf 85' lang='grc' dir='ltr'><strong>Υίῷ</strong></span> <span class='ocrx_word' id='word_1_858' title='bbox 3390 5093 3532 5164; x_wconf 80' lang='grc' dir='ltr'>ζωὴν</span> <span class='ocrx_word' id='word_1_859' title='bbox 3580 5096 3725 5164; x_wconf 79' lang='grc' dir='ltr'>ἔχειν</span> <span class='ocrx_word' id='word_1_860' title='bbox 3756 5096 3808 5147; x_wconf 86' lang='grc' dir='ltr'><strong>ἐν</strong></span> 
     </span>
    </p>
   </div>
   <div class='ocr_carea' id='block_1_113' title="bbox 2244 5174 3807 5251">
    <p class='ocr_par' dir='ltr' id='par_1_113' title="bbox 2244 5174 3807 5251">
     <span class='ocr_line' id='line_1_113' title="bbox 2244 5174 3807 5251; baseline 0.006 -24"><span class='ocrx_word' id='word_1_861' title='bbox 2244 5174 2462 5245; x_wconf 72' lang='grc' dir='ltr'>ἐαυτῷσ</span> <span class='ocrx_word' id='word_1_862' title='bbox 2517 5196 2534 5230; x_wconf 76' lang='grc' dir='ltr'><strong>ι</strong></span> <span class='ocrx_word' id='word_1_863' title='bbox 2581 5181 2694 5242; x_wconf 85' lang='grc' dir='ltr'>τοῖς</span> <span class='ocrx_word' id='word_1_864' title='bbox 2742 5175 2834 5234; x_wconf 84' lang='grc' dir='ltr'>οὖν</span> <span class='ocrx_word' id='word_1_865' title='bbox 2883 5182 2943 5233; x_wconf 81' lang='grc' dir='ltr'>τὸ</span> <span class='ocrx_word' id='word_1_866' title='bbox 2994 5184 3348 5251; x_wconf 75' lang='grc' dir='ltr'>εὐαγγελικδν</span> <span class='ocrx_word' id='word_1_867' title='bbox 3396 5185 3554 5238; x_wconf 85' lang='grc' dir='ltr'>τοῦτο</span> <span class='ocrx_word' id='word_1_868' title='bbox 3603 5185 3807 5238; x_wconf 87' lang='grc' dir='ltr'>νοοῦσιν</span> 
     </span>
    </p>
   </div>
   <div class='ocr_carea' id='block_1_114' title="bbox 2239 5264 3806 5342">
    <p class='ocr_par' dir='ltr' id='par_1_114' title="bbox 2239 5264 3806 5342">
     <span class='ocr_line' id='line_1_114' title="bbox 2239 5264 3806 5342; baseline 0.006 -26"><span class='ocrx_word' id='word_1_869' title='bbox 2239 5264 2382 5318; x_wconf 81' lang='grc' dir='ltr'>οὕτω</span> <span class='ocrx_word' id='word_1_870' title='bbox 2411 5265 2706 5336; x_wconf 76' lang='grc' dir='ltr'>δυσσεϐῶς,</span> <span class='ocrx_word' id='word_1_871' title='bbox 2739 5271 3035 5338; x_wconf 80' lang='grc' dir='ltr'>ἀντιλέγων</span> <span class='ocrx_word' id='word_1_872' title='bbox 3069 5274 3097 5325; x_wconf 90' lang='lat'><strong>6</strong></span> <span class='ocrx_word' id='word_1_873' title='bbox 3137 5272 3277 5334; x_wconf 85' lang='grc' dir='ltr'>Θεῖος</span> <span class='ocrx_word' id='word_1_874' title='bbox 3318 5273 3614 5342; x_wconf 72' lang='grc' dir='ltr'><strong>Κύριλλος·</strong></span> <span class='ocrx_word' id='word_1_875' title='bbox 3658 5273 3806 5326; x_wconf 69' lang='grc' dir='ltr'><strong>Ἐπεὶ</strong></span> 
     </span>
    </p>
   </div>
   <div class='ocr_carea' id='block_1_115' title="bbox 2237 5355 3803 5434">
    <p class='ocr_par' dir='ltr' id='par_1_115' title="bbox 2237 5355 3803 5434">
     <span class='ocr_line' id='line_1_115' title="bbox 2237 5355 3803 5434; baseline 0.006 -27"><span class='ocrx_word' id='word_1_876' title='bbox 2237 5355 2350 5426; x_wconf 79' lang='grc' dir='ltr'><strong>ζωὴ</strong></span> <span class='ocrx_word' id='word_1_877' title='bbox 2379 5357 2477 5426; x_wconf 80' lang='grc' dir='ltr'>μὲν</span> <span class='ocrx_word' id='word_1_878' title='bbox 2501 5359 2529 5410; x_wconf 89' lang='lat'><strong>6</strong></span> <span class='ocrx_word' id='word_1_879' title='bbox 2558 5360 2689 5422; x_wconf 77' lang='grc' dir='ltr'>θεὸς</span> <span class='ocrx_word' id='word_1_880' title='bbox 2720 5362 2812 5414; x_wconf 76' lang='grc' dir='ltr'><strong>καὶ</strong></span> <span class='ocrx_word' id='word_1_881' title='bbox 2837 5363 2976 5414; x_wconf 82' lang='grc' dir='ltr'>κατὰ</span> <span class='ocrx_word' id='word_1_882' title='bbox 3003 5363 3100 5432; x_wconf 84' lang='grc' dir='ltr'>τὴν</span> <span class='ocrx_word' id='word_1_883' title='bbox 3142 5364 3425 5434; x_wconf 73' lang='grc' dir='ltr'>ἐνέργειαν</span> <span class='ocrx_word' id='word_1_884' title='bbox 3457 5363 3694 5433; x_wconf 82' lang='grc' dir='ltr'>λέγεται,</span> <span class='ocrx_word' id='word_1_885' title='bbox 3730 5364 3803 5426; x_wconf 82' lang='grc' dir='ltr'><strong>ὡς</strong></span> 
     </span>
    </p>
   </div>
   <div class='ocr_carea' id='block_1_116' title="bbox 2237 5447 3796 5528">
    <p class='ocr_par' dir='ltr' id='par_1_116' title="bbox 2237 5447 3796 5528">
     <span class='ocr_line' id='line_1_116' title="bbox 2237 5447 3796 5528; baseline 0.006 -29"><span class='ocrx_word' id='word_1_886' title='bbox 2237 5447 2513 5511; x_wconf 82' lang='grc' dir='ltr'>ζωοποιῶν</span> <span class='ocrx_word' id='word_1_887' title='bbox 2539 5453 2606 5504; x_wconf 74' lang='grc' dir='ltr'>τὰ</span> <span class='ocrx_word' id='word_1_888' title='bbox 2657 5453 2872 5516; x_wconf 77' lang='grc' dir='ltr'>ζῶντα·</span> <span class='ocrx_word' id='word_1_889' title='bbox 2909 5457 3075 5517; x_wconf 72' lang='grc' dir='ltr'>αὐτὸς</span> <span class='ocrx_word' id='word_1_890' title='bbox 3110 5457 3218 5526; x_wconf 85' lang='grc' dir='ltr'><strong>γάρ</strong></span> <span class='ocrx_word' id='word_1_891' title='bbox 3267 5459 3419 5510; x_wconf 80' lang='grc' dir='ltr'>ἐστιν</span> <span class='ocrx_word' id='word_1_892' title='bbox 3463 5460 3494 5528; x_wconf 82' lang='grc' dir='ltr'>ἡ</span> <span class='ocrx_word' id='word_1_893' title='bbox 3543 5457 3654 5527; x_wconf 79' lang='grc' dir='ltr'><strong>ζωὴ</strong></span> <span class='ocrx_word' id='word_1_894' title='bbox 3697 5457 3796 5509; x_wconf 64' lang='grc' dir='ltr'><strong>τῶν</strong></span> 
     </span>
    </p>
   </div>
   <div class='ocr_carea' id='block_1_117' title="bbox 2237 5541 3792 5618">
    <p class='ocr_par' dir='ltr' id='par_1_117' title="bbox 2237 5541 3792 5618">
     <span class='ocr_line' id='line_1_117' title="bbox 2237 5541 3792 5618; baseline 0.006 -25"><span class='ocrx_word' id='word_1_895' title='bbox 2237 5541 2378 5594; x_wconf 76' lang='grc' dir='ltr'>κατὰ</span> <span class='ocrx_word' id='word_1_896' title='bbox 2406 5541 2566 5610; x_wconf 77' lang='grc' dir='ltr'>φύσιν</span> <span class='ocrx_word' id='word_1_897' title='bbox 2597 5544 2834 5613; x_wconf 76' lang='grc' dir='ltr'>ζώντων,</span> <span class='ocrx_word' id='word_1_898' title='bbox 2866 5545 2941 5610; x_wconf 88' lang='grc' dir='ltr'><strong>ὼς</strong></span> <span class='ocrx_word' id='word_1_899' title='bbox 2973 5547 3071 5617; x_wconf 83' lang='grc' dir='ltr'><strong>τῆς</strong></span> <span class='ocrx_word' id='word_1_900' title='bbox 3104 5546 3317 5615; x_wconf 81' lang='grc' dir='ltr'>φύσεως</span> <span class='ocrx_word' id='word_1_901' title='bbox 3368 5549 3610 5618; x_wconf 83' lang='grc' dir='ltr'>κτίστης,</span> <span class='ocrx_word' id='word_1_902' title='bbox 3668 5549 3792 5603; x_wconf 76' lang='grc' dir='ltr'><strong>ἀλλᾶ</strong></span> 
     </span>
    </p>
   </div>
   <div class='ocr_carea' id='block_1_118' title="bbox 4013 1145 4041 1300">
    <p class='ocr_par' dir='ltr' id='par_1_118' title="bbox 4013 1145 4041 1300">
     <span class='ocr_line' id='line_1_118' title="bbox 4013 1145 4041 1300; baseline -0.286 0"><span class='ocrx_word' id='word_1_903' title='bbox 4013 1145 4032 1300; x_wconf 75' lang='lat' dir='ltr'><strong>l</strong></span> 
     </span>
    </p>
   </div>
   <div class='ocr_carea' id='block_1_119' title="bbox 4025 2185 4030 2224">
    <p class='ocr_par' dir='ltr' id='par_1_119' title="bbox 4025 2185 4030 2224">
     <span class='ocr_line' id='line_1_119' title="bbox 4025 2185 4030 2224; baseline 0 0"><span class='ocrx_word' id='word_1_904' title='bbox 4025 2185 4030 2224; x_wconf 88' lang='lat' dir='ltr'><strong>l</strong></span> 
     </span>
    </p>
   </div>
  </div>
