4122 6322
543 368 684 448 1203

1789 378 2182 441 GREGORll
2224 375 2552 439 PALAM/E

3651 363 3792 426 12οι

551 519 566 550 ι
602 495 918 560 lmmortali,
951 495 1234 560 invisibili,
1265 493 1364 550 soli
1393 492 1624 562 sapienti
1655 492 1763 548 Deo
1785 492 1870 548 u’:
1912 512 1931 545 ι
1969 491 2116 547 unde

2253 499 2426 568 ιύσία;
2467 497 2648 552 Θέλων
2699 495 2755 552 δέ
2789 495 2963 560 δεῖξαι
3013 495 3109 550 καί
3161 513 3284 552 τινα
3331 497 3444 553 τῶν
3493 502 3812 571 προσόντων

555 591 727 655 magis
763 588 939 642 adhuc
1004 585 1308 642 ostenditur
1340 585 1545 638 nullum
1580 584 1964 638 attributorum
2019 584 2110 638 Dei

531 681 822 734 essentiam
859 693 996 734 esse.
1023 676 1302 742 Quomodo
1331 677 1476 730 enim
1538 675 1942 740 immortalitas,
1968 675 2106 729 invi-

533 771 783 835 sibilitas,
815 779 869 823 et
889 769 1185 838 generatim
1230 769 1411 822 omnia
1457 767 1722 837 privative
1743 778 1836 821 aut
1863 769 2112 838 negative

534 866 703 927 dicta,
742 863 856 917 sive
900 861 1059 916 simul
1115 860 1230 913 sive
1293 859 1524 914 seorsim
1587 860 1824 915 essentia
1885 858 2113 914 forent?

536 955 725 1010 Omnis
753 955 895 1008 enim
947 952 1184 1006 essentia
1211 951 1429 1008 nonnisi
1462 952 1567 1006 hoc
1586 953 1673 1006 vel
1707 952 1838 1006 illud
1863 960 1964 1006 est.
1998 952 2113 1008 lmo

536 1048 578 1103 si
612 1063 733 1101 cum
765 1046 869 1099 illis
901 1042 1309 1113 coojungantur
1336 1059 1455 1113 qua:
1485 1058 1516 1097 a
1557 1043 1827 1114 theologis
1857 1044 2114 1099 dicuntur

536 1139 848 1192 aliirmativa
900 1135 995 1190 Dei
1046 1136 1323 1200 attributa,
1361 1143 1508 1201 patet
1558 1137 1750 1190 borum
1783 1136 1930 1190 nullo
1957 1136 2104 1193 desi-

535 1231 686 1299 gnari
718 1229 1013 1290 essentiam
1058 1227 1177 1293 Dei,
1208 1228 1457 1298 quamvis
1485 1228 1741 1283 omnibus
1790 1229 1980 1282 horum
2016 1243 2113 1284 no-

538 1323 792 1387 minibus,
813 1322 1028 1391 quando
1045 1335 1182 1390 opus
1203 1326 1307 1386 est,
1335 1328 1576 1386 utamur,
1603 1321 1667 1374 ad
1691 1319 2110 1390 signiﬁcandum

537 1415 831 1468 essentiam
865 1413 1011 1470 illam
1039 1414 1187 1468 omni
1227 1412 1435 1468 nomini
1482 1413 1837 1482 superiorem.

2229 592 2435 647 τούτων
2494 589 2983 660 πλεονεκτημάτων
3025 589 3102 660 τῷ
3141 591 3338 662 Πατρὶ,
3397 593 3685 663 προήγαγε
3718 597 3813 647 τὸν

2229 686 2439 741 Παῦλον
2464 686 2712 753 λέγοντα,
2730 683 3034 752 Ἀφθάρτῳ,
3053 683 3292 753 ἀοράτῳ,
3322 683 3468 754 μόνῳ
3496 686 3644 754 σοφῷ
3665 687 3808 757 θεῷ.

2229 778 2350 832 ὅθεν
2381 778 2460 830 ἐτι
2482 777 2753 831 δείκνυται
2785 773 3007 846 μᾶλλον,
3037 773 3113 837 ὡς
3157 775 3312 828 οὐδὲν
3340 776 3450 828 τῶν
3496 779 3814 848 προσόντων

2228 873 2306 945 τῷ
2353 871 2472 943 Θεῷ
2496 869 2652 924 οὐσία
2697 868 2835 922 ἐστί.
2883 867 3005 931 Πῶς
3034 867 3143 937 γὰρ
3183 867 3248 920 ἂν
3301 867 3386 938 εἴη
3419 869 3480 920 τὸ
3508 869 3811 942 ἀερθαιρτον⁹

2231 964 2326 1018 καὶ
2357 963 2417 1016 τὸ
2437 961 2688 1033 ἀόρατον,
2721 959 2815 1013 καὶ
2843 959 3029 1022 ἁπλῶς
3060 958 3238 1012 πάντα
3271 957 3338 1011 τὰ
3363 961 3809 1030 άφαιρεματικὰ,

2230 1057 2265 1128 ἢ
2298 1056 2392 1110 καὶ
2412 1053 2482 1108 τὰ
2506 1051 2855 1121 ἀποφατικὰ,
2902 1049 3037 1120 ὁμοῦ
3098 1067 3176 1114 τε,
3233 1049 3267 1120 ἢ
3323 1051 3493 1121 χωρὶς
3551 1054 3810 1120 ἕκαστον,

2232 1147 2427 1212 οὐσίας
2458 1143 2684 1215 οὐδεμία
2713 1143 2821 1213 γὰρ
2852 1142 3032 1207 οὐσία,
3058 1142 3140 1194 ὅτι
3178 1142 3252 1212 μὴ
3281 1142 3398 1194 τόδε
3429 1142 3462 1214 ἢ
3492 1143 3619 1196 τάδε
3668 1145 3809 1197 ἐστί·

2231 1238 2444 1302 τούτοις
2490 1238 2546 1291 δὲ
2574 1237 2668 1290 καὶ
2711 1235 2780 1289 τά
2812 1235 3085 1305 προσόντα
3114 1233 3191 1302 τῷ
3230 1233 3370 1302 Θεῷ,
3421 1236 3812 1302 καταφατικῶς

2237 1329 2644 1398 συνταττόμενα
2671 1325 2820 1398 παρὰ
2848 1325 2957 1378 τῶν
2996 1324 3285 1393 Θεολόγων,
3335 1324 3614 1378 δείκνυται
3645 1327 3812 1396 μηδὲν

2237 1422 2418 1475 αὐτῶν
2447 1420 2641 1491 δηλοῦν
2665 1419 2765 1489 τὴν
2788 1416 2976 1472 οὐσίαν
3005 1416 3100 1468 τοῦ
3136 1415 3293 1481 Θεοῦ,
3322 1417 3368 1468 εί
3404 1417 3497 1469 καὶ
3538 1419 3672 1469 πᾶσι
3703 1421 3815 1480 τοῖς

540 1501 744 1549 τἰύτων
793 1496 1074 1566 ὀνόμασιν,
1121 1497 1195 1559 ὡς
1227 1499 1581 1554 παντάπασιν
1617 1500 1910 1571 ἀνωνύμου
1959 1504 2060 1574 τῆς
2091 1503 2560 1577 ὑπερουσιότητος
2592 1506 2812 1580 ἐκείνης
2841 1507 3029 1579 οὔσης,
3065 1509 3152 1562 ἐπ’
3176 1508 3368 1577 αὐτῆς,
3401 1503 3548 1577 ἡνίκ’
3579 1505 3648 1559 ἂν
3677 1505 3801 1573 δέη,

542 1592 824 1662 χρώμεθα.

617 1690 740 1743 119.
771 1685 1047 1740 Naturalia
1071 1685 1376 1741 necessario
1399 1685 1662 1754 quaeritur
1689 1684 1844 1754 cujus
1871 1684 1981 1739 sint
2003 1699 2022 1752 ;
2042 1691 2116 1750 et,

547 1784 591 1838 si
620 1782 816 1835 nullius
870 1780 1000 1846 sint,
1031 1777 1293 1832 naturalia
1324 1792 1430 1830 non
1476 1785 1646 1843 sunt;
1678 1777 1721 1831 si
1778 1791 1907 1831 vero
1952 1777 2119 1832 unius

2310 1695 2433 1766 ριθ’.
2464 1694 2545 1749 Τὰ
2567 1693 2856 1764 προσόντα,
2883 1689 2942 1754 ἐξ
2972 1688 3218 1758 ἀνάγκης
3236 1686 3477 1758 ζητεῖται
3501 1687 3611 1740 τίνι
3639 1688 3815 1754 πρόσο

2238 1803 2376 1848 εστι,
2411 1785 2504 1839 καὶ
2529 1787 2577 1838 εί
2605 1783 2814 1852 μηδενὶ,
2863 1781 2985 1834 οὐδὲ
3017 1780 3289 1851 προσόντα
3331 1779 3502 1840 ἐστὶν,
3560 1779 3610 1829 εί
3657 1779 3700 1830 δ’
3739 1776 3816 1830 ἐνί

549 1876 825 1947 cujusdam
857 1875 966 1928 sint
995 1871 1287 1935 naturalia,
1309 1885 1430 1925 cum
1471 1868 1573 1925 hoc
1622 1869 1859 1925 essentia
1892 1869 1983 1936 sit,
2028 1870 2131 1924 mi-

2253 1894 2346 1930 τινι
2376 1875 2638 1946 πρόσεστι
2675 1875 2744 1926 τὰ
2773 1872 3064 1942 προσόντα,
3099 1869 3324 1924 τοῦτοὸ
3363 1869 3515 1922 ἐστὶν
3556 1870 3588 1937 ἡ
3633 1868 3814 1930 οὐσία,

551 1969 696 2022 nime
761 1975 938 2018 autem
993 1961 1315 2032 hmc,juxta
1352 1961 1716 2028 adversarios,
1752 1962 2006 2016 distincta
2047 1961 2124 2017 sit

552 2076 580 2113 a
614 2057 841 2128 singulis
864 2066 918 2110 et
943 2055 1103 2110 simul
1155 2056 1223 2110 ab
1250 2052 1502 2110 omnibus
1540 2053 1842 2121 attributis,
1873 2055 2128 2110 attributa

553 2166 680 2206 vero
697 2151 803 2204 sint
823 2151 1011 2214 multa,
1025 2163 1152 2218 ergo
1180 2161 1284 2199 una
1303 2145 1392 2199 illa
1411 2146 1649 2200 essentia
1698 2145 1803 2200 erit
1825 2145 2129 2216 multiplex,

552 2251 605 2295 et
635 2241 761 2294 illud
797 2240 1030 2294 essentia
1081 2251 1244 2290 unum
1291 2235 1398 2290 erit
1430 2239 1667 2290 essentia
1730 2235 2046 2304 plurimum,
2078 2245 2134 2292 et

557 2332 752 2386 multas
783 2329 1009 2400 proinde
1031 2327 1254 2383 habebit
1281 2328 1572 2382 essentias.
1595 2326 1657 2384 Si
1685 2336 1864 2382 autem
1887 2339 1941 2384 et
1966 2341 2132 2382 unum

555 2433 638 2478 est
664 2432 720 2476 et
747 2419 944 2476 multas
969 2418 1133 2473 habet
1158 2416 1443 2481 essentias,
1463 2425 1547 2470 est
1568 2417 1878 2473 necessario
1909 2429 2136 2487 prorsus

555 2516 934 2584 compositum.
961 2511 1007 2566 Α
1042 2519 1193 2565 tanta
1233 2509 1513 2579 impietate
1533 2515 1586 2564 et
1617 2508 1920 2580 ignorantia
1952 2509 2138 2564 fideles

556 2607 801 2662 eximens
835 2604 991 2659 divus
1014 2600 1273 2672 Cyrillus,
1307 2601 1361 2654 in
1389 2599 1520 2670 ipsis
1547 2599 1845 2656 Thesauris
1875 2600 1951 2653 ait
1980 2617 1994 2654 :
2023 2619 2041 2652 ι
2079 2600 2134 2654 Si

558 2702 921 2771 quodcunque
975 2695 1118 2750 inest
1170 2694 1272 2749 soli
1309 2695 1436 2757 Deo,
1470 2692 1602 2747 illud
1637 2693 1708 2748 sit
1737 2693 1984 2764 profecto
2016 2692 2132 2758 ejus

558 2788 816 2853 essentia,
845 2800 914 2844 ex
942 2785 1125 2839 multis
1156 2783 1319 2854 igitur
1365 2791 1582 2837 constat
1629 2781 1883 2838 essentiis
1924 2799 1939 2838 :
1972 2783 2138 2836 multa

561 2891 687 2934 sunt
707 2879 851 2932 enim
880 2891 998 2947 qua:
1025 2875 1099 2929 illi
1129 2875 1230 2929 soli
1265 2875 1587 2929 naturaliter
1623 2873 1829 2941 insunt,
1855 2876 1989 2930 nulli
2015 2891 2142 2932 vero

565 2974 654 3028 alii
689 2990 704 3038 ;
735 2985 969 3041 namque
1000 2979 1086 3025 est
1131 2967 1244 3024 Rex
1277 2978 1330 3024 et
1359 2968 1618 3025 Dominus
1649 2978 1705 3023 et
1735 2969 2057 3024 immortalis
2088 2978 2144 3024 et

567 3064 874 3129 invisibilis,
904 3070 958 3118 et
984 3070 1182 3134 praeter
1211 3062 1325 3116 haec
1359 3061 1426 3116 de
1476 3073 1542 3115 eo
1567 3069 1820 3115 sexcenta
1851 3059 2041 3116 dicunt
2063 3061 2146 3116 di-

565 3159 702 3211 vinae
734 3155 1050 3224 Scriptum.
1075 3153 1131 3210 Si
1151 3155 1317 3225 igitur
1363 3153 1790 3222 unumquodque
1819 3152 2143 3208 naturalium

566 3249 685 3319 ejus
711 3249 777 3303 ad
806 3249 1097 3304 essentiam
1154 3246 1519 3314 adscribatur,
1565 3260 1744 3302 nonne
1787 3247 1891 3300 erit
1923 3259 2141 3314 compo-

566 3342 704 3395 situs
724 3337 1060 3410 etsimplex‘l
1087 3356 1104 3390 ι
1123 3337 1275 3404 Quod
1298 3345 1384 3392 est
1400 3337 1639 3408 cogitatu
1663 3335 2139 3392 absurdissimum.

639 3599 765 3658 120.
795 3599 1086 3670 Postquam
1115 3597 1510 3652 demonstravit
1559 3597 1749 3654 multis
1809 3601 2143 3670 argumentis

572 3708 736 3765 Saga!
782 3693 1094 3746 divinorum
1141 3690 1379 3762 Cyrillus
1427 3689 1643 3757 Filium,
1683 3706 1990 3760 quanquam
2037 3693 2144 3749 vita

573 3787 644 3840 sit
667 3795 723 3838 et
746 3783 912 3835 vitam
943 3781 1156 3835 dicatur
1184 3781 1386 3834 habere
1414 3782 1713 3836 secundum
1749 3784 2145 3853 Operationem,

575 3877 698 3948 quia
727 3874 967 3930 \tivilicat
1017 3887 1117 3928 nos
1143 3882 1196 3928 et
1219 3873 1326 3927 vita
1361 3874 1664 3929 viventium
1721 3887 1826 3942 est,
1863 3892 1968 3932 non
2029 3893 2149 3934 esse

575 3971 628 4024 in
689 3970 789 4022 huc
843 3966 1165 4021 dissimilem
1199 3963 1375 4034 Patri,
1439 3983 1560 4020 nam
1614 3977 1669 4022 et
1720 3969 1810 4024 hic
1864 3970 2147 4038 viviﬁcat;

578 4058 770 4114 deinde
795 4058 1082 4112 OStendere
1141 4055 1324 4110 volens
1354 4057 1600 4112 eumdem
1649 4059 1869 4127 Filium,
1904 4062 2151 4130 quamvis

581 4167 687 4204 non
724 4151 948 4204 relative
998 4151 1063 4203 ad
1096 4149 1262 4215 aliud,
1303 4150 1397 4205 sed
1448 4148 1871 4221 independenter
1931 4170 2154 4223 prorsus

580 4257 630 4298 et
655 4245 899 4299 absolute
923 4245 1029 4297 vita
1053 4244 1123 4297 sit
1153 4253 1207 4298 et
1251 4249 1415 4298 vitam
1444 4244 1647 4300 habere
1702 4247 1940 4309 dicatur,
1971 4261 2040 4301 ne
2074 4249 2154 4302 sic

580 4339 790 4407 quidem
814 4352 934 4391 esse
951 4338 1093 4390 Patri
1122 4339 1228 4390 vita
1247 4337 1581 4403 dissimilem,
1605 4340 1726 4407 quia
1751 4342 1966 4408 quando
1988 4339 2153 4395 Deum

583 4446 686 4482 non
725 4431 884 4481 vitam
922 4441 1162 4482 nostram
1196 4439 1253 4482 ut
1311 4446 1410 4484 nos
1440 4431 1822 4496 viviﬁcantem,
1865 4433 1959 4487 sed
2006 4435 2154 4489 inde-

2171 3202 2218 3264 C

2244 1965 2410 2038 μηδὲν
2438 1963 2482 2018 δ’
2515 1961 2655 2032 αὕτη
2687 1963 2862 2031 πάντη
2898 1959 3017 2014 κατ’
3063 1958 3262 2022 αὐτοὺς
3291 1957 3558 2027 διαφέρει,
3584 1958 3817 2010 ἑκάστου

2241 2075 2301 2112 τε
2329 2057 2423 2110 καὶ
2452 2056 2585 2127 όμοῦ
2609 2055 2828 2110 πάντων
2853 2052 2961 2106 τῶν
2986 2051 3316 2123 προσόντων.
3345 2051 3426 2103 Τὰ
3453 2050 3512 2103 δὲ
3543 2050 3820 2120 προσόντα

2243 2150 2435 2214 πολλὰ,
2467 2150 2500 2220 ἡ
2553 2147 2650 2218 μία
2688 2146 2869 2216 ἐκείνη
2904 2145 3098 2198 πολλαὶ
3133 2143 3348 2196 ἔσονται
3395 2143 3597 2205 οὐσίαι,
3637 2141 3737 2194 καὶ
3763 2141 3819 2193 τδ

2246 2241 2305 2296 ἓν
2337 2243 2513 2295 ἐκεῖνο
2545 2240 2668 2294 κατ’
2695 2238 2885 2292 οὐσίαν
2912 2235 3084 2290 πολλὰ
3116 2235 3272 2288 ἔσται
3303 2234 3446 2288 κατὰ
3476 2235 3575 2305 τὴν
3607 2233 3819 2295 οὐσίαν,

2249 2334 2343 2388 καὶ
2372 2333 2574 2397 πολλὰς
2599 2330 2792 2386 οὐκοῦν
2846 2329 3035 2392 οὐσίας
3075 2327 3208 2399 ἔχει,
3264 2327 3326 2380 E!
3361 2327 3416 2380 δὲ
3469 2326 3561 2380 καὶ
3605 2326 3667 2379 ἐν
3707 2328 3821 2379 ἐστι

2247 2428 2342 2480 καὶ
2375 2425 2573 2488 πολλὰς
2599 2424 2786 2486 οὐσίας
2831 2421 2967 2493 ἔχει,
3020 2419 3273 2473 σύνθετόν
3306 2419 3422 2472 ἐστι
3463 2417 3603 2471 κατὰ
3643 2420 3821 2470 πᾶσαν

2248 2515 2513 2584 ἀνάγκην.
2547 2512 2764 2567 Τούτων
2815 2507 2909 2565 οὖν
2961 2510 3071 2562 τῶν
3097 2509 3188 2561 ἐπὶ
3232 2507 3485 2561 τοσοῦτον
3549 2506 3823 2560 δυσσεεῶν

2248 2606 2632 2676 ἀγνοημάτων,
2663 2605 2692 2656 ό
2741 2601 2884 2664 θεῖος
2939 2597 3212 2669 Κύριλλος
3261 2597 3649 2668 ἐξαιρούμενος
3699 2599 3825 2658 τοὺς

2252 2697 2629 2767 πειθομένους,
2672 2696 2728 2748 ἐν
2793 2695 2980 2756 αὐτοῖς
3013 2694 3124 2754 τοῖς
3159 2692 3464 2761 Θησαυροίς
3517 2707 3718 2760 φησιν·
3763 2690 3824 2742 Εἰ

2252 2792 2388 2860 ὅπερ
2414 2789 2479 2843 ἂν
2507 2789 2728 2858 ὑπάρχῃ
2763 2787 2910 2857 μόνῳ
2943 2784 3019 2856 τῷ
3043 2781 3183 2853 Θεῷ,
3217 2782 3374 2835 τοῦτο
3409 2782 3625 2844 πάντως
3656 2779 3826 2834 αὐτοῦ

2252 2881 2406 2935 ἔσται
2438 2881 2531 2934 καὶ
2551 2881 2729 2941 οὐσία,
2749 2880 2811 2930 ἐκ
2841 2876 3050 2930 πολλῶν
3068 2877 3200 2947 μῖν
3219 2875 3415 2929 οὐσιῶν
3450 2875 3823 2942 συγκείσεται·

2251 2973 2425 3027 πολλὰ
2478 2973 2587 3042 γάρ
2619 2973 2764 3024 ἐστιν
2799 2969 2834 3023 ἃ.
2899 2970 3046 3039 μόνῳ
3107 2969 3206 3036 μὲν
3264 2967 3409 3038 αὐτῷ
3468 2967 3610 3021 κατὰ
3670 2967 3826 3034 φύσιν

2255 3065 2507 3136 ὑπάρχει,
2537 3064 2707 3135 ἐτέρῳ
2739 3062 2794 3115 δὲ
2819 3060 2926 3114 τῶν
2950 3061 3120 3114 ὄντων
3148 3059 3321 3113 οὐδενί
3348 3075 3361 3088 ·
3398 3059 3495 3112 καὶ
3522 3059 3629 3129 γάρ
3665 3059 3826 3111 Βασι-

2253 3157 2378 3220 λεύς
2407 3159 2502 3211 καὶ
2525 3157 2730 3228 Κύριος
2765 3154 2858 3208 καὶ
2885 3153 3158 3223 ἄφθαρτος
3182 3152 3274 3205 καὶ
3291 3151 3543 3221 ἀόρατος,
3566 3149 3658 3203 καὶ
3695 3149 3831 3218 πρὸς

2255 3249 2464 3313 τούτοις
2499 3248 2664 3316 ἕτερα
2699 3247 2869 3318 μυρία
2903 3247 3032 3317 περὶ
3079 3245 3244 3298 αὐτοῦ
3300 3244 3550 3312 λέγουσιν
3592 3243 3648 3297 αἱ
3688 3243 3830 3297 Θεῖαι

2257 3339 2492 3412 Γραφαί.
2535 3323 2595 3390 fit
2624 3339 2805 3391 τοίνυν
2835 3338 3063 3390 ἕκαστον
3100 3337 3206 3390 τῶν
3238 3335 3386 3406 αὐτῷ
3427 3335 3740 3405 προσόντων
3777 3337 3831 3398 ἐν

2257 3431 2444 3492 οὐσίας
2479 3428 2630 3494 τάξει
2684 3429 2950 3491 κείσεται,
2997 3427 3112 3490 πῶς
3155 3428 3255 3481 οὐκ
3296 3426 3449 3480 ἔσται
3506 3425 3763 3487 σύνθετος
3808 3427 3835 3476 ὁ

2258 3520 2494 3588 ἀπλοῦς;
2530 3520 2666 3589 ὅπερ
2694 3521 2840 3572 ἐστὶν
2872 3519 3071 3570 ἐννοεῖν
3107 3517 3474 3569 ἀτοπώτατον.

2334 3619 2436 3684 ρκ’.
2470 3612 2833 3682 Παραστήσας
2862 3611 2949 3663 διὰ
2997 3608 3205 3662 πολλῶν
3230 3610 3257 3661 ό
3285 3607 3442 3675 σοφὸς
3473 3605 3540 3658 τὰ
3571 3603 3692 3659 θεῖα
3718 3603 3836 3656 K6-

2266 3704 2462 3776 ριλλος,
2490 3702 2564 3766 ὡς
2587 3703 2635 3755 εί
2666 3703 2757 3755 καὶ
2791 3703 2902 3773 ζωή
2937 3703 3073 3764 ἐστι,
3119 3700 3212 3752 καὶ
3261 3698 3404 3769 ζωὴν
3440 3697 3579 3767 ἐχειν
3614 3697 3837 3764 λέγεται

2263 3795 2385 3847 κατ’
2416 3792 2698 3864 ἐνέργειαν
2726 3793 2753 3845 ὁ
2785 3791 2935 3854 Υἱὸς,
2964 3791 3039 3852 ὼς
3067 3787 3347 3854 ζωοποιῶν
3380 3788 3552 3858 ἡμᾶς,
3601 3789 3697 3839 καὶ
3725 3784 3836 3854 ζωὴ

2266 3886 2374 3940 τῶν
2407 3883 2625 3949 ζώντων
2653 3883 2749 3948 ὢν,
2781 3883 2883 3936 οὐκ
2910 3882 3056 3935 ἐστιν
3084 3883 3340 3950 ἀνόμοιος
3379 3881 3473 3932 καὶ
3509 3879 3650 3932 κατὰ
3675 3878 3837 3930 τοῦτο

2262 3978 2340 4048 τῷ
2375 3976 2549 4045 Πατρί
2569 3993 2584 4008 ο
2605 3977 2698 4030 καὶ
2727 3970 2880 4038 οὗτος
2902 3975 3009 4044 γὰρ
3043 3975 3323 4038 ζωοποιεῖ·
3358 3971 3528 4024 θέλων
3557 3987 3837 4040 προσαπο-

2262 4071 2454 4138 δεῖξαι,
2479 4070 2555 4133 ὡς
2589 4072 2637 4122 εἰ
2699 4070 2792 4122 καὶ
2831 4069 2903 4138 μὴ
2935 4066 3072 4137 πρὸς
3111 4065 3297 4132 ἕτερόν
3348 4081 3421 4125 τι,
3475 4063 3594 4118 ἀλλ’
3624 4064 3837 4132 ἀφέτοις

2265 4164 2440 4231 πάντη
2473 4161 2568 4214 καὶ
2598 4160 2880 4223 ἁπολύτως
2921 4158 3034 4229 ζωὴ
3063 4160 3156 4210 καὶ
3190 4158 3334 4226 ζωὴν
3371 4155 3518 4223 ἔχειν
3569 4155 3789 4223 λέγεται
3811 4155 3836 4207 ὁ

2265 4253 2415 4318 Υἱὸς,
2438 4251 2570 4305 ἀλλ’
2596 4251 2702 4304 οὐδ’
2736 4249 2910 4312 οὕτως
2933 4249 3184 4318 ἀνόμοιός
3216 4249 3329 4299 ἐστι
3359 4245 3434 4314 τῷ
3469 4245 3652 4315 Πατρὶ
3705 4244 3836 4296 κατὰ

2263 4344 2362 4414 τὴν
2389 4344 2555 4412 ζωὴν,
2588 4344 2884 4412 ἐπειδήπερ
2923 4340 3085 4411 ἡνίκα
3110 4341 3182 4411 μὴ
3215 4337 3357 4409 ζωὴν
3380 4338 3538 4407 ἡμῶν
3569 4338 3644 4398 ὡς
3699 4337 3837 4406 ἡμᾶς

2267 4431 2635 4498 ζωοποιοῦντα
2665 4432 2754 4484 τὸν
2793 4431 2925 4484 Θεὸν
2950 4431 3203 4498 λέγομεν,
3252 4428 3367 4482 ἀλλ’
3407 4428 3625 4496 ἁφέτως
3669 4429 3838 4494 πάντη

588 4519 878 4589 pendenter
928 4533 1150 4588 prorsus
1177 4530 1230 4572 et
1278 4521 1526 4575 absolute
1579 4521 1831 4590 dicimus,
1865 4533 1992 4580 tunc
2037 4527 2140 4595 ejus

2267 4525 2362 4577 καὶ
2389 4522 2829 4593 ἁπολελυμένως,
2861 4521 3169 4591 τηνικαῦτα
3189 4521 3287 4589 τὴν
3319 4519 3512 4573 οὐσίαν
3544 4518 3716 4572 αὐτοῦ
3747 4536 3839 4570 κα-

587 4617 874 4668 essentiam
900 4627 1152 4667 vocamus
1175 4626 1206 4664 a
1232 4613 1464 4667 naturali
1498 4615 1614 4686 ejus
1654 4619 1988 4685 operatione,
2017 4620 2158 4674 sicut

586 4714 640 4758 et
669 4704 987 4772 sapientiam
1021 4702 1428 4772 bonitatemque
1456 4717 1510 4757 et
1550 4713 1742 4758 caatera
1775 4709 1959 4761 omnia
1998 4725 2015 4776 ;
2055 4711 2155 4764 hoc

588 4797 750 4866 igitur
797 4795 1078 4848 ostendere
1133 4794 1315 4848 volens
1363 4795 1492 4850 dicit
1533 4813 1594 4849 ει
1635 4797 1767 4851 Cum
1800 4799 1880 4852 sic
1927 4801 2160 4855 dicimus

588 4891 796 4946 Putrem
829 4888 1031 4941 habere
1060 4889 1113 4941 in
1146 4887 1436 4955 semetipso
1497 4890 1686 4957 vitam,
1717 4899 1844 4944 tunc
1883 4891 2045 4945 vitam
2072 4908 2165 4961 ap-

591 4980 851 5048 pellamus
879 4977 1095 5042 Filiuni,
1130 4979 1218 5048 qui
1267 4989 1350 5034 est
1379 4980 1515 5035 alius
1544 4997 1706 5050 quam
1741 4981 1901 5037 Pater
1935 4998 2166 5051 persona

595 5083 823 5138 tantum,
853 5073 944 5126 sed
1000 5086 1108 5126 non
1165 5071 1274 5125 vita
1308 5089 1321 5124 :
1357 5075 1497 5128 unde
1527 5075 1657 5128 nihil
1718 5078 2081 5142 compositum
2117 5087 2175 5131 et

586 5165 775 5233 duplex
807 5166 870 5220 de
891 5178 955 5218 eo
975 5166 1258 5232 cogitatur.
1288 5163 1491 5220 Etcum
1514 5168 1688 5220 adhuc
1709 5166 1940 5222 dicimus
1970 5167 2168 5222 Filium

589 5257 792 5309 habere
820 5255 869 5308 in
913 5257 1204 5325 semetipso
1235 5259 1421 5323 vitam,
1456 5259 1601 5311 illam
1640 5259 1848 5314 scilicet
1901 5277 2022 5330 qua:
2079 5262 2171 5313 ab-

588 5349 764 5403 solute
810 5346 1147 5416 intelligitur,
1171 5349 1335 5402 vitam
1381 5351 1712 5419 appellamus
1752 5350 1966 5406 Patrem
1997 5371 2010 5406 :
2045 5369 2167 5406 nam

590 5443 696 5494 vita
724 5451 806 5494 est
827 5455 930 5493 non
951 5441 1174 5494 relative
1200 5441 1264 5494 ad
1293 5441 1459 5504 aliud,
1484 5444 1575 5496 sed
1600 5444 1848 5497 absolute
1878 5444 1928 5502 in
1958 5445 2168 5512 seipsu,

590 5544 642 5587 et
674 5533 777 5586 vita
805 5543 928 5586 sunt
953 5533 1006 5586 in
1032 5533 1222 5600 seipsis
1274 5534 1504 5587 invicem
1540 5533 1697 5589 Pater
1754 5545 1804 5590 et
1850 5533 2039 5600 Filius,
2073 5537 2164 5590 hic

587 5626 729 5679 enim
763 5625 898 5678 dixit
932 5642 947 5679 :
987 5646 1005 5676 ι
1046 5625 1156 5691 E30
1191 5625 1241 5678 in
1278 5623 1457 5689 Patre,
1491 5636 1545 5681 et
1581 5627 1739 5682 l‘utcr
1785 5629 1836 5682 in
1867 5645 1970 5683 me.
2018 5647 2035 5680 ι
2074 5630 2163 5686 Sic

667 5801 709 5831 ⁸⁵
767 5807 786 5862 ι
836 5805 975 5862 Tim.
1003 5824 1038 5873 1,
1080 5808 1166 5867 Π.

2266 4614 2466 4684 λοῦμεν
2497 4613 2604 4668 ἀπὸ
2638 4614 2736 4682 τῆς
2764 4615 2906 4667 κατὰ
2938 4612 3097 4682 φύσιν
3142 4611 3291 4681 αὐτῷ
3336 4609 3648 4681 προσούσης
3696 4612 3840 4678 ἐνερο

2269 4705 2445 4772 γείας,
2469 4705 2621 4758 ὥσπε
2632 4721 2663 4774 ρ
2712 4704 2806 4757 καὶ
2837 4704 3029 4770 σοφίαν
3059 4701 3156 4756 καὶ
3181 4701 3492 4771 ἁγαθότητα
3538 4701 3633 4754 καὶ
3681 4701 3840 4754 τᾶλλα

2271 4798 2467 4850 πάντα.
2497 4795 2668 4848 Τοῦτο
2693 4795 2869 4848 τοίνυν
2888 4793 3056 4846 Θέλων
3080 4793 3356 4860 ἀποδεῖξαί
3377 4809 3565 4861 φησιν,
3583 4793 3656 4854 ὡς
3685 4790 3840 4844 Ὅταν

2269 4890 2442 4952 οὕτως
2483 4888 2753 4958 λέγωμεν,
2784 4887 2928 4958 ζωὴν
2955 4885 3103 4956 ἔχειν
3161 4889 3217 4939 ἐν
3256 4885 3435 4955 ἐαυτῷ
3478 4886 3572 4938 τὸν
3610 4885 3838 4952 Πατέρα,

2272 4981 2416 5053 ζωὴν
2449 4980 2572 5033 τότε
2621 4977 2898 5049 καλοῦμεν
2933 4977 3024 5031 τόν
3077 4978 3229 5046 Υίδν,
3258 4978 3445 5045 ἕτερον
3503 4977 3598 5030 τοῦ
3633 4976 3837 5045 Πατρὶς

2273 5076 2401 5129 δντα
2429 5073 2571 5128 κατὰ
2605 5073 2774 5144 μόνην
2823 5072 2921 5144 τὴν
2984 5072 3304 5131 ὑπόστασιν,
3359 5070 3496 5123 ἀλλὰ
3551 5068 3674 5138 ούχὶ
3708 5067 3842 5120 κατὰ

2273 5171 2372 5240 τὴν
2403 5168 2571 5238 ζωήν.
2626 5167 2717 5220 Διδ
2767 5165 2890 5219 οὐδὲ
2922 5164 3172 5228 σύνθεσίς
3210 5181 3291 5226 τις
3335 5167 3429 5216 καὶ
3481 5162 3672 5232 διπλόη
3724 5163 3842 5230 περὶ

2269 5261 2433 5315 αὐτὸν
2459 5261 2681 5324 νοεῖται,
2725 5259 2821 5310 καὶ
2861 5257 2951 5309 ὅτε
2998 5253 3160 5311 πάλιν
3198 5253 3341 5322 ζωὴν
3373 5256 3429 5305 ἐν
3453 5253 3631 5322 ἐαυτῷ
3669 5269 3842 5320 φαμεν

2270 5357 2414 5426 ἔχειν
2437 5354 2527 5407 τὸν
2550 5353 2698 5416 Υίὸν,
2722 5351 2820 5422 τὴν
2839 5347 3259 5418 ἀπολελυμένως
3287 5347 3588 5415 νοουμένην
3611 5345 3838 5410 ἐκείνην,

2271 5447 2415 5518 ζωὴν
2439 5442 2714 5512 καλοῦμεν
2751 5441 2841 5494 τὸν
2879 5440 3100 5510 Πατέρα
3132 5454 3147 5470 ο
3181 5437 3294 5506 ζωὴ
3340 5437 3450 5507 γὰρ
3497 5435 3573 5489 ὣν
3618 5435 3678 5488 οὐ
3713 5434 3842 5502 πρὸς

2270 5535 2478 5608 ἕτερον,
2511 5535 2626 5588 ἀλλ’
2657 5532 2873 5600 άφὲτως
2904 5529 3066 5596 αὐτὸς
3089 5527 3213 5582 καθ’
3250 5526 3444 5579 ἑαυτὸν
3475 5527 3503 5578 ό
3527 5526 3718 5596 Πατὴρ
3750 5522 3844 5573 καὶ

2272 5634 2298 5685 ό
2339 5630 2464 5693 Υἱὸς
2482 5629 2539 5682 ἐν
2566 5625 2815 5698 ἀλλήλοις
2838 5621 2979 5677 εἰσίν
3003 5640 3016 5654 '
3049 5621 3209 5684 αὐτὸς
3231 5619 3338 5688 γὰρ
3367 5618 3614 5690 εἴρηκεν,
3646 5637 3666 5671 ι
3703 5613 3840 5681 Ἐγὼ
