4102 6344
583 281 726 348 ῙΞΟἸ

1831 293 2208 356 GREGORII
2267 297 2598 360 PALAMJI

3703 317 3863 382 12⁵8

577 404 640 447 ιιι
699 403 866 458 entia.
902 393 1016 450 lmo
1077 406 1158 452 est
1203 400 1448 468 quaedam
1507 399 1826 456 aﬂirmativa
1883 404 2131 475 theologi:

2288 416 2406 452 σκει
2436 403 2593 500 αὑτά.
2615 406 2769 462 Ἔστι
2800 409 2857 466 δέ
2878 414 2972 466 καὶ
3005 423 3356 496 καταφατικὴ
3403 426 3681 500 θεολογία,
3705 436 3883 490 δύνει⁹

577 484 841 554 ηιιεαιὶνω
892 485 1178 556 theologia:
1228 487 1332 541 vim
1397 489 1604 543 habens
1638 506 1654 557 ;
1692 490 1836 546 sicut
1869 507 1992 548 cum
2034 497 2165 550 dicit

576 575 818 642 aliquis:
847 574 1036 632 Omnis
1100 577 1326 632 scientia
1366 577 1433 634 de
1467 579 1652 650 aliquo
1697 581 1907 650 objecto
1943 585 2162 652 dicitur,

577 666 788 722 scilicet
825 668 892 722 de
923 682 989 723 eo
1017 670 1162 738 quod
1184 672 1528 740 cognoscitur
1557 673 1829 741 ;scientia
1853 684 2034 732 autem
2065 677 2159 734 Dei

576 761 722 813 circa
793 759 999 814 nullum
1041 759 1314 828 obiectum
1357 761 1577 818 dicitur.
1611 765 1792 834 Ipsum
1842 767 1987 824 enim
2029 769 2159 825 illud

576 852 712 906 dicit
737 852 908 906 Deum
970 869 1077 907 non
1119 868 1448 924 cognoscere
1475 857 1620 911 entia
1679 869 1947 928 quatenus
1983 863 2156 927 entia,

581 951 637 995 et
675 942 963 998 scientiam
1007 957 1187 997 rerum
1219 959 1326 999 non
1349 944 1570 1012 habere,
1602 947 1744 1001 sicut
1769 962 1870 1004 nos
1889 947 2156 1004 videlicet.

573 1033 770 1090 Eodem
811 1049 907 1103 per
944 1033 1272 1104 hyherboleu
1328 1037 1488 1092 modo
1532 1037 1733 1093 dicitur
1781 1040 1946 1094 etiam
1983 1039 2156 1095 Demn

573 1141 681 1181 non
715 1141 854 1183 esse.
889 1126 992 1193 Qui
1023 1138 1200 1182 autem
1232 1130 1337 1184 hoc
1361 1128 1583 1184 dicitad
1599 1129 2013 1201 signiﬁcandum
2049 1145 2154 1185 non

574 1221 714 1273 bene
747 1219 931 1274 dicere
958 1234 1050 1274 eos
1079 1220 1169 1289 qui
1206 1220 1393 1276 dicunt
1435 1235 1555 1278 esse
1601 1221 1790 1289 Deum,
1817 1231 1965 1293 patet
2011 1225 2152 1278 enim

570 1325 678 1364 non
719 1325 814 1378 per
871 1311 1222 1390 hyperbolem
1280 1313 1356 1367 uti
1403 1315 1650 1384 negativa
1709 1314 2004 1385 theologia.
2057 1315 2154 1372 sed

568 1416 669 1470 per
712 1401 966 1471 ellipsim.
999 1403 1220 1472 perinde
1243 1419 1306 1459 ac
1355 1405 1399 1458 si
1421 1404 1604 1462 nullus
1657 1405 1764 1460 ullo
1797 1405 1958 1463 modo
2009 1416 2154 1463 esset

567 1493 710 1548 Deus
747 1509 763 1550 :
798 1495 941 1564 quod
995 1505 1080 1549 est
1128 1495 1423 1565 impietatis
1472 1495 1816 1567 hyperbola;
1871 1507 1925 1556 et
1986 1502 2151 1579 quod,

568 1585 708 1636 eheu
741 1583 755 1638 ι
789 1582 1000 1636 faciunt
1028 1582 1122 1653 qui
1156 1586 1402 1654 negativa
1441 1583 1709 1654 theologia
1771 1584 2000 1641 inllciari
2056 1601 2148 1641 co-

2287 508 2380 560 μιν
2407 496 2782 605 ,ἶπρφατικῗις
2841 504 3120 577 θεολογίας
3152 512 3350 584 ἔχουσα
3379 536 3394 552 ο
3440 521 3516 586 ὡς
3545 496 3682 581 ὅταν
3731 534 3880 605 εἴπῃ

2283 603 2368 690 τις
2395 605 2408 618 ·
2444 591 2598 645 Πᾶσα
2635 596 2836 662 γνῶσις
2863 601 3005 654 κατά
3033 620 3180 669 τινος
3219 611 3581 684 ὑποκειμένου
3609 590 3874 690 λέγεταί

2280 677 2520 781 δηλονότι
2551 685 2645 781 τοῦ
2676 693 3104 760 γινωσκομένου.
3147 698 3213 752 Ἦ
3241 700 3300 754 δὲ
3332 677 3432 757 τοῦ
3483 707 3620 764 Θεοῦ
3649 677 3876 781 γνῶσις

2280 772 2400 824 κατ’
2428 773 2642 874 οὐδενὸς
2672 781 3052 874 Δὑποκειμένου
3081 788 3320 858 λέγεται.
3353 796 3493 852 Αὐτὸ
3516 803 3626 874 γὰρ
3660 772 3872 863 ’ἐκεῖνῦ

2279 879 2468 965 φὶιισινζ
2496 866 2570 965 ὡς
2597 871 2625 923 6
2662 871 2793 935 Θεὸς
2831 876 2891 928 οὐ
2922 877 3184 945 γινώσκει
3217 885 3286 938 τὰ
3314 886 3443 942 ὄντα
3480 866 3689 965 ᾖνὸντα
3710 915 3725 929 ’
3761 902 3870 953 καὶ

2401 957 2508 1012 τῶν
2531 959 2701 1058 ῦντων
2727 965 2928 1032 γνῶσιν
2955 971 3057 1025 οὐκ
3107 973 3242 1045 ἔχει,
3283 977 3360 1042 ὡς
3386 953 3548 1052 ήμέίς
3578 986 3863 1058 δηλονότι.

2277 1045 2476 1140 Τοῦτον
2501 1050 2610 1122 γὰρ
2655 1052 2744 1107 τὸν
2783 1057 3007 1126 τρόπον,
3059 1063 3153 1116 καὶ
3199 1067 3262 1119 τὸ
3296 1069 3371 1140 μὴ
3405 1045 3544 1126 εἶναι
3578 1045 3672 1130 τδν
3716 1045 3864 1135 Θεδν

2433 1141 2706 1235 ὑπεροχὴν
2729 1146 2972 1218 λέγεται.
3048 1152 3107 1209 ⁸0
3140 1156 3198 1210 δὲ
3241 1136 3399 1214 τοῦτο
3444 1163 3636 1233 λέγων,
3676 1173 3757 1235 είς
3789 1175 3858 1227 τὸ

2271 1225 2441 1319 δείξαι
2498 1234 2574 1306 μὴ
2629 1238 2809 1303 καλῶς
2853 1241 3030 1310 λέγειν
3079 1248 3207 1312 τοὺς
3263 1225 3526 1319 λέγοντας
3567 1225 3850 1317 sitiat-1:61;

2270 1315 2425 1425 Θεὸν.
2456 1327 2684 1425 φανερλός
2857 1330 2956 1425 pq
2979 1333 3100 1425 καθ’
3133 1315 3410 1411 ὑπεροχὴν
3459 1315 3848 1425 χρώμενος

2268 1408 2591 1515 ἀποφατικῗγ
2612 1415 2876 1515 θεολογίᾳ,
2906 1423 3046 1515 αλλὰ
3070 1429 3191 1480 κατ’
3219 1408 3593 1501 ἔλλέιφινῖὼξ
3611 1408 3846 1515 μηδαμῆ

2268 1501 2531 1574 μηδαμῶς
2565 1507 2719 1574 ὄντος
2742 1512 2835 1565 τοῦ
2892 1513 3052 1572 Θεοῦ.
3084 1518 3256 1574 Τοῦτο
3293 1523 3350 1578 δὲ
3383 1501 3640 1594 ἀσεϐείας
3675 1501 3846 1590 ἰσὲιᾷ

2264 1597 2559 1690 ὑπερϐολή.
2582 1600 2670 1666 Ὃ,
2698 1600 2830 1670 φεῦε
2859 1603 3159 1674 πάσχουσιν
3185 1608 3336 1663 οίδιὰ
3356 1611 3458 1682 τῆς
3485 1616 3842 1690 ἀποφατικῆς

564 1684 766 1729 nantur
802 1675 1105 1729 increatam
1145 1675 1324 1731 inesse
1359 1674 1471 1731 Deo
1511 1686 1623 1730 tum
1683 1676 2002 1743 essentiam,
2037 1686 2131 1731 tun

2256 1689 2533 1759 θεολογίας
2573 1693 2978 1763 ἐπιχειροῦντες
3029 1697 3310 1768 ἀναιρεῖν,
3349 1674 3449 1767 ὠςῗ
3481 1674 3666 1778 ἔχείὸ
3700 1674 3837 1778 656,:

572 1768 970 1836 Operatiouem.
1003 1765 1115 1822 Nos
1144 1782 1273 1824 vero
1301 1783 1408 1823 non
1468 1768 1787 1822 alterutram
1835 1769 2006 1824 altera
2057 1769 2131 1824 de-

2255 1781 2346 1877 iecti.
2374 1756 2562 1877 οῦσίαν
2591 1756 2992 1854 καί-ἐνέργειαν
3021 1756 3309 1845 ἄκτιστονί
3341 1756 3606 1864 Ἡμείὲδ

566 1867 869 1926 struentes,
910 1861 1090 1928 p0tius
1121 1861 1185 1914 de
1221 1868 1453 1930 utraque
1470 1861 1614 1930 piam
1649 1859 1879 1915 ﬁrmiter
1904 1869 2146 1916 tenemus

562 1952 886 2009 doctrinam.

637 2132 762 2186 124.
795 2133 876 2188 Ad
914 2143 1139 2188 cunctas
1177 2133 1610 2188 adversariorum
1645 2134 2022 2190 cavillationes
2056 2136 2140 2189 di-

560 2224 814 2278 luendum
846 2232 900 2277 et
947 2224 1182 2292 amplam
1218 2224 1568 2295 retegendum
1612 2225 1959 2286 dementiam.
1997 2227 2145 2281 solli-

559 2315 710 2370 cieus
739 2324 868 2384 puto
902 2313 1066 2370 breve
1095 2316 1198 2370 hoc
1232 2315 1408 2371 Patris
1435 2314 1658 2371 effatum
1693 2333 1709 2372 :
1749 2334 1768 2367 ‹
1809 2315 1940 2370 Sine
1991 2319 2142 2386 prin-

559 2407 702 2476 cipio
747 2414 849 2474 est,
912 2407 1170 2476 inquit,ct
1211 2408 1560 2478 principium,
1589 2417 1643 2462 et
1697 2410 1842 2476 quod
1888 2417 1971 2463 est
2010 2423 2134 2464 cum

564 2501 850 2571 principio.
896 2499 1046 2556 Unus
1067 2501 1212 2557 Deus
1241 2518 1255 2566 ;
1291 2502 1386 2556 sed
1431 2501 1777 2572 principium,
1807 2516 1872 2556 eo
1900 2502 2044 2572 quod
2069 2502 2142 2557 sit

563 2595 921 2665 principium,
950 2609 1058 2648 non
1096 2593 1216 2649 ideo
1249 2605 1538 2664 separatur
1558 2594 1624 2648 ab
1650 2608 1716 2648 eo
1739 2593 1882 2664 quod
1915 2603 1996 2646 est
2021 2593 2140 2648 sine

559 2688 846 2758 principio.
880 2686 1000 2742 Non
1025 2688 1171 2742 enim
1203 2697 1392 2741 natura
1427 2687 1505 2741 illi
1531 2696 1615 2742 est
1643 2701 1762 2741 esse
1789 2686 2136 2756 principium,

556 2781 700 2835 sicut
735 2793 833 2834 nec
868 2778 995 2833 huic
1023 2793 1147 2834 esse
1193 2779 1314 2835 sine
1347 2779 1634 2848 principio.
1677 2779 1804 2833 Haec
1835 2779 1978 2833 enim
2010 2789 2138 2834 sunt

555 2875 703 2928 circa
770 2881 1044 2934 naturam,
1085 2886 1188 2926 non
1245 2885 1376 2925 vero
1424 2880 1637 2924 natura.
1675 2889 1694 2921 ›
1727 2869 1872 2936 Quid
1919 2871 2138 2942 igitur?

553 2963 691 3018 Num
725 2963 851 3032 quia
883 2977 990 3017 non
1019 2973 1236 3026 natura,
1265 2963 1359 3017 sed
1395 2963 1537 3016 circa
1572 2971 1825 3016 naturam
1858 2973 1986 3017 sunt
2011 2978 2133 3018 esse

555 3055 878 3126 principium
910 3063 963 3110 et
995 3068 1119 3110 esse
1147 3054 1268 3110 sine
1319 3054 1607 3125 principio,
1646 3063 1830 3110 creata
1854 3055 1974 3110 ideo
2015 3057 2130 3110 haec

555 3147 753 3218 aliquis
783 3147 1005 3213 dixerit,
1042 3148 1150 3202 nisi
1183 3147 1374 3203 deliret
1406 3147 1428 3202 ?
1465 3147 1602 3214 Quia
1631 3159 1812 3202 autem
1866 3147 1980 3203 haec
2008 3157 2135 3204 sunt

554 3241 796 3294 iucreata
839 3249 893 3294 et
927 3241 980 3294 in
1023 3249 1215 3294 natura
1249 3238 1343 3293 Dei
1378 3239 1587 3305 insunt,
1616 3241 2018 3311 compositnsne
2049 3240 2130 3294 id-

553 3335 702 3390 circo
764 3334 910 3390 Deus
961 3333 1362 3403 iNequaquam
1395 3351 1410 3388 :
1448 3349 1628 3389 nonne
1679 3335 1822 3391 enim
1878 3335 2133 3389 distincta

551 3432 680 3479 sunt
713 3439 741 3477 a
773 3435 963 3480 natura
996 3425 1236 3480 ?Verum
1268 3423 1316 3479 si
1359 3434 1582 3480 econtra
1608 3426 1749 3480 idem
1774 3434 1916 3480 esset
1939 3433 2127 3478 natura

550 3531 712 3584 quam
734 3518 998 3572 naturalia
1027 3518 1122 3571 Dei
1148 3519 1426 3584 attributa,
1451 3521 1810 3586 compositum
1857 3527 1984 3572 tunc
2011 3530 2130 3571 esse

553 3607 720 3661 Deum
756 3620 952 3676 praeter
979 3609 1116 3663 alios
1151 3611 1343 3665 Patres
1370 3611 1556 3664 multis
1575 3609 1756 3664 verbis
1781 3623 2010 3679 magnus
2039 3611 2130 3663 de-

553 3709 826 3756 monstrat
859 3699 1118 3771 Cyrillus.
1150 3703 1230 3755 Tu
1271 3717 1398 3756 vero
1438 3717 1692 3772 percurre
1723 3716 1932 3756 mecum
1988 3703 2124 3757 scri-

551 3803 638 3865 pta
673 3795 853 3865 magni
896 3794 1080 3850 Basilii
1141 3805 1197 3851 et
1227 3798 1468 3867 germani
1531 3796 1650 3865 ejus
1685 3811 1940 3863 germana
2003 3812 2127 3853 sen-

551 3888 736 3944 tientis
771 3899 960 3944 contra
985 3887 1332 3946 Eunomium.
1361 3890 1436 3946 Ibi
1463 3891 1608 3946 enim
1639 3893 1877 3961 reperies
1903 3893 2124 3949 eviden-

551 3993 632 4038 ter
656 3999 781 4040 cum
848 3982 1112 4039 Eunomia
1141 3985 1431 4040 conciuere
1461 3985 1825 4051 adversarios,
1894 3995 1949 4042 et
1973 3986 2125 4040 suﬂi-

549 4075 780 4130 cientem
813 4089 1002 4130 eorum
1041 4074 1266 4131 habebis
1288 4071 1732 4132 confutationem.

619 4343 743 4399 125.
786 4344 1013 4414 Propter
1059 4347 1428 4402 Eunomlauos
1460 4348 1790 4403 arbitrantes
1825 4363 1930 4403 non
1972 4365 2119 4405 eam-

2251 1869 2343 1964 t:m:
2373 1871 2618 1964 ἀλλήλων
2660 1875 3087 1946 ἀναιρουμένας,
3124 1881 3442 1954 ἀμφοτέρας
3494 1869 3830 1964 στέργομενί

2251 1959 2625 2056 βεβαιούμενοι
2654 1966 2856 2034 μᾶλλον
2913 1968 3004 2037 ὑφ’
3046 1970 3313 2044 ἑκατέρας
3356 1977 3437 2040 είς
3484 1959 3824 2056 τὴννεὺσεῦῆ

2237 2044 2504 2106 ⁸6ιάνοιαν.

2326 2143 2457 2211 ρκδῖ
2486 2146 2596 2209 Τὰς
2625 2146 2733 2200 τῶν
2760 2149 3015 2206 ἐναντίων
3045 2154 3358 2227 ἐρεσχελίας
3393 2160 3596 2230 πάσας,
3630 2165 3832 2229 τελέως

2247 2235 2518 2328 καθελεῖν,
2577 2238 2674 2291 καὶ
2728 2239 2938 2296 πλατὺν
2994 2243 3158 2317 λῆρον
3208 2249 3512 2317 ἀποδεῖξαι,
3569 2256 3828 2328 ἀποχρῶν

2241 2321 2380 2381 εἶναι
2429 2330 2654 2400 νομίζω,
2693 2333 2786 2386 καὶ
2815 2333 2991 2405 βραχὺ
3033 2338 3186 2406 ῥῆμα
3223 2340 3517 2412 Πατρικόν.
3557 2321 3827 2419 Ἀναρχον

2244 2419 2377 2490 γὰρ,
2415 2422 2568 2491 φησὶ,
2606 2424 2701 2476 καὶ
2757 2424 2920 2496 ἀρχὴ,
2963 2427 3058 2481 καὶ
3096 2430 3155 2483 τὸ
3195 2433 3334 2501 μετὰ
3372 2434 3472 2505 τῆς
3501 2439 3695 2507 ἀρχῆς.
3731 2437 3823 2507 Εἷς

2241 2510 2375 2603 Θεος
2402 2528 2415 2542 ·
2449 2512 2563 2565 ἀλλ’
2605 2515 2758 2587 οὺχή
2801 2517 2968 2588 ἁρχὴ,
2993 2519 3069 2590 τῷ
3107 2521 3248 2593 ἀρχὴ
3281 2519 3420 2579 εῖναι
3455 2527 3550 2580 τοῦ
3582 2532 3818 2603 ἁνάρχου

2242 2599 2561 2693 διείργεται.
2603 2606 2676 2658 Οὐ
2710 2606 2819 2679 γὰρ
2845 2608 3007 2676 φύσις
3039 2611 3188 2683 αὐτῷ
3217 2616 3250 2686 ή
3279 2616 3420 2688 ἀρχή
3449 2633 3462 2647 ⁶
3494 2599 3820 2693 ῶσπερνοῦδ

2239 2692 2434 2764 ἐκείνῳ
2463 2695 2523 2746 τὸ
2561 2696 2815 2768 ἄναρχον.
2863 2700 2998 2772 Περὶ
3032 2703 3141 2773 γὰρ
3190 2701 3288 2777 τὴν
3338 2709 3518 2778 φύσιν,
3557 2715 3620 2766 οὐ
3651 2692 3818 2772 ταῦτα

2240 2784 2421 2880 φύσις.
2452 2786 2516 2837 Τί
2546 2780 2638 2840 οῦν
2665 2805 2680 2854 ;
2715 2790 2795 2843 ὃτι
2831 2791 2906 2862 μὴ
2933 2793 3120 2861 φύσις,
3145 2795 3282 2850 ἀλλὰ
3306 2801 3434 2870 περὶ
3475 2803 3574 2873 τὴν
3603 2806 3814 2880 φύσινῆ

2242 2874 2405 2972 ἁρχὴ,
2440 2878 2623 2932 καὶτὸ
2666 2880 2920 2954 ἄναρχον,
2962 2888 3156 2942 κτιστὰ
3193 2890 3343 2944 ταῦτ’
3371 2895 3489 2964 ἐρεῖ
3522 2914 3626 2960 τις,
3658 2902 3705 2952 εί
3739 2874 3813 2972 μή

2242 2968 2490 3036 μαίνοιτο
2517 2987 2534 3038 ;
2565 2972 2770 3028 τούτων
2793 2976 2850 3028 δὲ
2881 2977 3153 3034 ἁκτίστων
3181 2982 3370 3050 ὄντων,
3420 2987 3516 3040 καὶ
3554 2993 3616 3059 τῇ
3651 2968 3812 3058 φύσει

2237 3058 2332 3110 τοῦ
2366 3059 2502 3114 Θεοῦ
2542 3066 2874 3134 προσόντων,
2908 3070 3163 3136 σύνθετος
3191 3076 3344 3144 παρὰ
3377 3079 3535 3132 τοῦτο
3573 3058 3760 3146 δΘεός
3788 3102 3804 3148 ;

2237 3153 2509 3226 Οὐδαμῶς
2541 3173 2555 3188 ·
2577 3159 2638 3211 οὐ
2671 3161 2780 3232 γὰρ
2812 3163 3084 3236 διενήνοχε
3117 3168 3215 3239 τῆς
3236 3169 3387 3234 θείας
3410 3175 3621 3240 φύσεως
3647 3192 3662 3207 ·
3691 3177 3790 3229 ἀλλ

2235 3246 2297 3340 είΔ
2315 3247 2476 3340 φύσις
2512 3251 2715 3340 μαλλον
2745 3253 2830 3324 εἴη
2874 3257 2942 3311 τὰ
2995 3261 3237 3327 φυσικῶς
3268 3266 3537 3332 προσόντα
3563 3268 3634 3338 τῷ
3663 3269 3804 3340 Θεῷ,

2239 3337 2495 3394 σύνθετον
2525 3338 2664 3397 εἶναι
2697 3344 2762 3398 τὸ
2797 3346 2952 3400 Θεῖον
2987 3351 3122 3420 πρὸς
3171 3357 3282 3417 τοῖς
3315 3355 3496 3422 ἄλλοις
3538 3337 3806 3430 Πατρὰσῂι,

2236 3431 2327 3482 καὶ
2357 3433 2384 3484 ὁ
2441 3432 2616 3502 μέγας
2665 3436 2752 3490 διὰ
2799 3439 3011 3495 πολλῶν
3054 3443 3298 3498 διδάσκει
3333 3448 3616 3517 Κύριλλος.
3652 3452 3722 3504 Σὺ
3751 3453 3807 3505 δέ

2237 3540 2328 3592 μοι
2365 3524 2540 3580 δίελθε
2584 3529 2656 3582 τὰ
2714 3530 2807 3602 τοῦ
2863 3532 3098 3602 μεγάλου
3150 3535 3450 3604 Βασιλείου,
3492 3543 3586 3593 καὶ
3617 3545 3684 3595 τὰ
3714 3545 3806 3597 τοῦ

2233 3615 2461 3684 ἀδελφοῦ
2495 3619 2590 3671 καὶ
2619 3619 2824 3688 ἀδελφὰ
2871 3623 3196 3694 φρονοῦντος
3247 3630 3421 3700 τούτῳ
3479 3633 3618 3702 πρὸς
3646 3635 3804 3688 Εὐνό-

2235 3723 2378 3774 μιον.
2416 3709 2562 3763 Ἐκεῖ
2581 3711 2687 3782 γὰρ
2714 3714 2974 3786 εὑρήσεις
2999 3719 3244 3791 ἐναργῶς
3275 3722 3520 3794 Εὐνομίῳ
3555 3729 3800 3799 συνᾴδονι

2231 3813 2328 3860 τας
2354 3801 2479 3863 τοὺς
2513 3803 2653 3857 κατὰ
2674 3804 2781 3858 τῶν
2819 3808 3076 3862 ἐναντίων
3107 3850 3122 3877 ,
3160 3814 3248 3866 καὶ
3283 3814 3392 3868 τῶν
3433 3817 3568 3886 πρὸς
3613 3820 3803 3884 αὐτοὺς

2231 3889 2604 3963 ἀντιρρήσεων
2641 3895 2781 3962 ἔξεις
2813 3897 3048 3969 διαρκῶς

2291 4356 2421 4428 ρκε’.
2443 4357 2542 4412 Διὰ
2561 4359 2685 4422 τοὺς
2712 4359 3102 4428 Εὐνομιανοὺς,
3132 4357 3420 4423 δοκοῦντας
3461 4357 3537 4429 μὴ
3566 4357 3664 4427 τὴν
3691 4356 3783 4411 αὺ-

545 4436 668 4490 dem
694 4449 815 4490 esse
841 4434 1022 4491 Patris
1043 4447 1096 4490 et
1122 4437 1244 4492 Filii
1274 4440 1589 4507 essentiam,
1620 4442 1747 4510 quia
1779 4455 1944 4496 omne
1969 4444 2112 4512 quod

2242 4449 2317 4521 τὴν
2371 4450 2585 4520 Πατρὸς
2636 4446 2776 4505 εἶναι
2817 4451 2914 4506 καὶ
2940 4451 3071 4504 Υίοῦ
3102 4451 3312 4516 οὐσίαν,
3353 4451 3544 4521 ἐπειδὴ
3581 4453 3688 4503 πᾶν
3733 4448 3791 4501 τὸ

545 4530 611 4585 de
630 4529 738 4584 Deo
759 4529 978 4595 dicitur,
1006 4531 1301 4585 secundum
1322 4535 1612 4587 essentiam
1636 4533 1744 4587 dici
1771 4533 2107 4604 existimant,

545 4632 596 4674 et
628 4620 857 4690 probare
877 4631 1167 4686 conantur,
1203 4635 1270 4676 eo
1300 4623 1445 4690 quod
1486 4638 1750 4694 generare
1780 4635 1834 4680 et
1857 4627 2109 4696 generari

544 4711 653 4764 sint
699 4711 934 4779 diversa,
973 4712 1094 4767 ideo
1145 4721 1199 4766 et
1252 4715 1522 4769 essentias
1553 4728 1674 4769 esse
1724 4717 2001 4782 diversas;
2057 4726 2112 4771 et

543 4816 762 4874 promer
799 4819 892 4859 eos
923 4805 1017 4875 qui
1069 4819 1256 4861 coiitra
1310 4806 1496 4861 dicunt
1531 4823 1636 4862 non
1693 4810 1942 4863 eumdem
1989 4825 2111 4865 esse

541 4897 708 4950 Deum
762 4898 856 4966 qui
915 4897 1080 4950 habet
1125 4891 1365 4952 divinam
1420 4899 1714 4952 essentiam
1763 4910 1820 4953 et
1871 4902 2107 4956 divinam

539 4990 934 5058 operationem,
997 4990 1122 5058 quia
1172 5006 1333 5046 omne
1388 4992 1535 5061 quod
1595 4991 1665 5046 de
1716 4993 1826 5046 Deo
1888 4995 2106 5061 dicitur,

538 5082 833 5134 essentiam
858 5095 977 5136 esse
1005 5092 1220 5152 putant,
1241 5093 1292 5136 et
1312 5083 1544 5152 probare
1561 5095 1853 5152 conantur,
1879 5102 1944 5140 eo
1964 5087 2106 5155 quod

539 5175 718 5242 aliqua
744 5175 815 5227 sit
847 5173 1128 5229 distinctio
1158 5177 1410 5230 essentia:
1441 5185 1495 5230 et
1517 5179 1850 5246 operationis
1881 5179 2099 5246 divinas,

541 5265 739 5317 multos
787 5262 910 5317 ideo
943 5278 1008 5318 ac
1040 5265 1285 5322 diversos
1316 5282 1440 5321 esse
1463 5269 1594 5322 deos
1627 5271 1976 5325 :ostendi‘tur
1999 5287 2103 5327 non

539 5370 700 5410 omne
740 5355 882 5424 quod
933 5355 999 5409 de
1037 5355 1147 5411 Deo
1201 5359 1420 5422 dicitur,
1480 5363 1777 5414 secundum
1809 5362 2104 5418 essentiam

539 5449 667 5513 dici,
692 5449 785 5502 sed
803 5449 905 5502 dici
939 5449 1103 5503 etiam
1142 5451 1384 5517 relative,
1413 5452 1464 5506 id
1505 5463 1590 5508 est
1618 5463 1864 5521 respectu
1896 5454 1962 5508 ad
2007 5456 2107 5508 ali-

535 5541 664 5606 quid
695 5543 837 5608 quod
869 5541 982 5609 ipse
1008 5557 1116 5594 non
1157 5552 1261 5605 est,
1304 5545 1452 5598 verbi
1490 5549 1669 5616 gratia
1698 5547 1862 5601 Pater
1907 5549 2106 5603 dicitur

536 5630 760 5683 relative
809 5631 874 5684 ad
911 5631 1132 5698 Filium,
1183 5647 1306 5696 nam
1343 5633 1504 5689 Pater
1535 5650 1640 5690 uOu
1677 5648 1760 5692 est
1788 5637 1994 5703 Filius;
2050 5651 2105 5695 ct

537 5717 796 5781 Dominus
825 5724 1122 5792 respective
1151 5723 1216 5778 ad
1253 5723 1552 5782 servientes
1582 5737 1878 5792 creaturas,
1914 5730 2087 5783 domi-

2215 4542 2343 4612 περὶ
2367 4541 2504 4595 Θεοῦ
2535 4542 2848 4614 λεγόμενον,
2895 4542 3016 4597 κατ’
3048 4544 3236 4596 οὐσίαν
3261 4542 3518 4611 λέγεσθαι
3569 4543 3786 4604 οἴονται,

2215 4633 2310 4686 καὶ
2337 4635 2757 4704 φιλονεικοῦσιν,
2785 4636 2859 4698 ὡς
2891 4637 3013 4690 ἐπεὶ
3049 4638 3110 4688 τὸ
3148 4637 3344 4706 γεννᾷν
3377 4636 3474 4689 καὶ
3502 4634 3790 4703 γεννᾶσθαι

2213 4724 2444 4795 διάφορά
2484 4728 2626 4790 ἐστι,
2659 4725 2747 4779 διὰ
2776 4725 2934 4779 τοῦτο
2971 4727 3064 4779 καὶ
3085 4726 3270 4790 οὐσίας
3302 4725 3594 4795 διαφόρους
3631 4721 3786 4786 εἶναι,

2213 4814 2307 4868 καὶ
2331 4815 2418 4868 διὰ
2452 4817 2578 4878 τοὺς
2613 4817 2996 4884 ἀντιλέγοντας
3039 4817 3114 4888 μὴ
3143 4817 3234 4871 τὸν
3267 4818 3425 4871 αὑτὸν
3457 4818 3591 4870 Θεὸν
3629 4812 3788 4876 εἶναι,

2212 4907 2303 4958 τὸν
2333 4906 2524 4975 ἔχοντα
2558 4908 2652 4960 καὶ
2682 4912 2787 4978 τὴν
2825 4908 2974 4961 θείαν
3033 4910 3220 4963 οὐσίαν
3271 4911 3363 4962 καὶ
3403 4910 3501 4980 τὴν
3529 4908 3680 4962 θείαν
3709 4911 3791 4960 ἐν·

2215 4998 2432 5065 έργειαν
2460 5014 2475 5028 ο
2510 4995 2698 5069 ἐπειδὴ
2731 5000 2836 5053 πᾶν
2866 4999 2928 5052 τὸ
2960 5000 3090 5069 περὶ
3123 5000 3260 5053 Θεοῦ
3291 5001 3580 5071 λεγόμενον
3602 5000 3786 5053 οὐσίαν

2214 5084 2352 5140 εἶναι
2375 5089 2598 5153 οἴονται,
2629 5091 2726 5144 καὶ
2747 5090 3146 5159 φιλονεικοῦσιν
3166 5091 3239 5154 ὡς
3269 5091 3502 5161 διαφορά
3532 5091 3614 5152 τίς
3645 5092 3787 5142 ἐστιν

2213 5181 2404 5243 οὐσίας
2438 5181 2532 5234 καὶ
2576 5182 2859 5251 ἐνεργείας
2900 5182 3072 5247 θείας,
3116 5181 3345 5246 πολλοὺς
3379 5184 3469 5236 καὶ
3503 5181 3788 5251 διαφόρους

2215 5265 2354 5323 εἶναι
2398 5270 2552 5334 θεούς
2579 5286 2593 5302 ⁶
2649 5272 2926 5326 δείκνυται
2974 5273 3049 5342 μὴ
3083 5275 3190 5327 παν
3217 5274 3275 5326 τὸ
3302 5275 3428 5342 περὶ
3463 5272 3597 5324 Θεοῦ
3639 5271 3786 5338 λεγό⁹

2219 5379 2379 5432 μενον
2405 5363 2523 5414 κατ’
2549 5363 2738 5416 οὐσίαν
2760 5363 3014 5432 λέγεσθαι
3039 5381 3053 5395 ο
3079 5364 3216 5418 ἀλλὰ
3249 5364 3504 5431 λέγεσθαι
3529 5365 3620 5418 καὶ
3655 5364 3784 5416 ἀνα·

2217 5454 2458 5523 φορικῶς
2489 5473 2502 5490 ο
2540 5456 2786 5508 τουτέστι
2817 5455 2954 5526 πρός
2985 5473 3060 5517 τι,
3090 5457 3228 5527 ὅπερ
3265 5455 3428 5518 αὐτὸς
3458 5456 3556 5507 οὐκ
3594 5454 3735 5506 ἐστιν
3765 5468 3780 5482 ⁸

2214 5547 2401 5617 ὥσπερ
2429 5550 2456 5600 6
2486 5547 2674 5618 Πατὴρ
2714 5547 2930 5615 λέγεται
2966 5549 3100 5620 πρὸς
3139 5549 3228 5602 τὸν
3252 5548 3399 5600 Υίόν.
3433 5547 3506 5599 Οὐ
3540 5547 3642 5615 γάρ
3671 5549 3785 5598 ἐστι

2217 5640 2405 5711 Πατὴρ
2433 5641 2459 5692 6
2498 5640 2629 5704 Υἱός
2660 5656 2676 5672 ο
2714 5642 2806 5693 καὶ
2857 5639 3058 5710 Κύριος
3108 5639 3245 5712 πρὸς
3295 5640 3394 5710 τὴν
3437 5637 3786 5692 δουλεύουσαν

2220 5733 2396 5786 κτίσιν
2431 5749 2442 5762 ⁸
2478 5733 2720 5804 κυριεύει
2759 5735 2864 5804 γὰρ
2913 5736 2940 5787 6
2969 5734 3100 5804 θεὸς
3127 5734 3236 5787 τῶν
3284 5733 3340 5785 ἐν
3378 5732 3554 5804 χρόνῳ
3600 5732 3690 5786 καὶ
3730 5733 3785 5782 ἐν
