4122 6322
345 354 482 418 1εος

1253 366 1524 426 CAPITA
1569 366 1915 439 PHYSICA,
1947 367 2464 441 THEOLOGICA,
2500 369 2666 433 ETC.

3447 377 3588 443 12ἱο

332 485 510 549 αἰῶνι,
547 485 642 538 καὶ
699 485 882 540 αὐτῶν
925 485 1036 539 τῶν
1082 486 1334 541 αἰώνωνο
1382 487 1444 542 τὸ
1498 487 1556 542 δὲ
1609 489 1901 559 κυριεύειν,

2015 496 2178 542 natur
2219 489 2363 543 enim
2417 487 2560 542 Deus
2617 488 2669 542 in
2722 488 3036 556 temporalia
3088 498 3142 542 et
3186 498 3384 545 aeterna
3433 505 3486 545 et
3531 494 3581 546 in

331 576 586 639 ἄκτιστός
611 578 766 630 ἐστιν
793 579 1039 647 ἐνέργεια
1062 578 1196 630 Θεοῦ
1219 579 1550 650 διαφέρουσα
1577 582 1674 650 τῆς
1700 581 1905 646 οὐσίας,

328 667 402 731 ὡς
434 669 570 740 πρὸς
601 669 790 740 ’έτερόν
816 688 868 724 τι
910 671 1206 743 λεγομένη,
1256 673 1393 744 ὅπερ
1422 675 1584 737 αὐτὸς
1612 675 1712 727 οὐκ
1737 674 1906 729 ἔστιν.

405 851 552 922 ρκς’.
587 855 1027 925 ΟεηΕὐνομιανοὶ,
1062 859 1173 912 πᾶν
1209 859 1345 930 ὅπερ
1375 857 1467 911 ἐπὶ
1491 858 1626 912 Θεοῦ
1669 858 1910 928 λέγεται,

332 943 520 996 οὐσίαν
572 940 713 997 εῖναι
746 945 1019 1015 λέγουσιν,
1073 949 1160 1004 ἵνα
1216 952 1315 1017 τὴν
1351 951 1676 1022 ἀγεννησίαν
1725 952 1914 1004 οὐσίαν

334 1031 473 1086 εἶναι
499 1035 868 1105 δογματίσωσι
898 1056 914 1072 ο
972 1041 1066 1092 καὶ
1107 1042 1198 1094 τὸν
1249 1041 1378 1094 Υἱὸν
1434 1043 1682 1096 ἐντεῦθεν
1714 1044 1790 1107 ὡς
1815 1042 1912 1096 τοῦ

335 1127 546 1196 Πατρὺς
580 1129 927 1198 διαφέροντα,
982 1135 1062 1194 εἰς
1127 1133 1353 1204 κτίσμα,
1405 1136 1465 1188 τό
1497 1152 1558 1206 γε
1604 1137 1683 1196 είς
1716 1136 1913 1200 αὐτοὺς

333 1209 490 1286 ἧκον,
530 1221 944 1273 κατασπάσωσι.
982 1222 1155 1292 Καὶὴ
1218 1225 1493 1294 πρόφασις
1539 1226 1740 1290 αὐτοῖς,
1798 1228 1908 1290 ἵνα,

335 1309 487 1376 φασὶ,
546 1309 620 1378 μὴ
654 1310 745 1363 δύο
797 1312 1038 1379 γένοιντο
1065 1315 1212 1368 θεοίο
1242 1317 1269 1368 ὅ
1309 1335 1368 1370 τε
1423 1318 1639 1389 πρῶτος
1684 1321 1713 1372 6
1753 1321 1912 1390 ἀγέν-

333 1413 514 1466 νητος,
551 1400 643 1452 καὶ
674 1402 701 1452 6
740 1401 1074 1472 δευτερεύων
1127 1405 1318 1460 τούτου
1365 1409 1440 1472 ὡς
1488 1413 1776 1482 γεννητὸς,
1801 1414 1909 1466 ὐπ-

334 1487 538 1557 άρχων.
572 1491 726 1544 Κατὰ
763 1493 998 1563 μίμησιν
1031 1496 1238 1553 τούτων
1270 1502 1363 1554 καὶ
1413 1503 1462 1554 οἱ
1513 1503 1766 1571 ἐναντίοι,
1801 1504 1910 1560 πᾶν

333 1581 467 1650 ὅπερ
495 1582 585 1633 ἐπὶ
609 1582 745 1636 Θεοῦ
789 1585 1026 1654 λέγεται,
1078 1591 1268 1644 οὐσίαν
1321 1588 1461 1648 εἶναι
1497 1595 1748 1665 λέγουσιν
1775 1614 1791 1628 ⁸
1823 1599 1910 1654 ἵνα

332 1674 430 1743 τὴν
476 1674 548 1745 μὴ
603 1677 1002 1748 χωριζομένην,
1062 1682 1425 1754 διαφέρουσαν
1483 1687 1540 1740 δὲ
1587 1689 1690 1758 τῆς
1719 1689 1909 1754 οὐσίας

338 1762 429 1816 τοῦ
453 1764 587 1817 Θεοῦ
619 1767 900 1837 ἐνέργειαν
920 1771 995 1834 ὡς
1018 1773 1075 1839 ἐξ
1098 1775 1314 1846 ἐκείνης
1332 1773 1516 1843 οὖσαν,
1541 1783 1908 1853 μετεχομένην

343 1855 524 1923 μέντοι
584 1857 735 1926 παρά
783 1859 890 1912 τῶν
945 1865 1264 1933 ποιημάτων
1302 1867 1525 1939 (Πάντα
1573 1872 1702 1943 γὰρ,
1751 1877 1904 1944 φησι,

343 1947 558 2016 μετέχει
589 1950 851 2019 προνοίας
883 1956 946 2006 ἐκ
973 1958 1071 2025 τῆς
1106 1959 1388 2012 παναιτίου
1433 1960 1686 2033 θεότητος
1713 1965 1907 2018 exsan-

343 2037 621 2109 ζομένης),
648 2041 926 2108 δυσσεϐῶς
970 2049 1050 2108 είς
1079 2050 1283 2120 κτίσμα
1329 2055 1741 2112 κατασπάσωσι.
1797 2058 1908 2113 Καὶ

337 2141 364 2212 ίι
397 2139 666 2209 πρόφασις
700 2139 904 2202 αὐτοῖς,
933 2140 1041 2202 ἵνα,
1075 2142 1229 2208 φασὶ,
1265 2142 1337 2212 μὴ
1372 2142 1466 2196 δύο
1503 2145 1746 2213 γένοιντο
1779 2152 1900 2206 Θεό-

328 2247 507 2303 τητεςο
535 2232 569 2300 ἦ
601 2248 661 2283 τε
713 2232 850 2301 ὑπὲρ
899 2232 1236 2302 ἐπωνυμίαν,
1271 2235 1362 2287 καὶ
1399 2236 1599 2303 αἰτίαν,
1641 2242 1734 2294 καὶ
1771 2244 1899 2313 μέθ-

326 2324 438 2391 εξιν
467 2323 899 2394 τρισυπόστατος
933 2324 1111 2387 οὐσία,
1152 2327 1244 2377 καὶ
1273 2328 1304 2396 ἡ
1336 2327 1395 2392 ἐξ
1429 2329 1601 2399 αὐτῆς
1635 2349 1904 2407 προερχο-

329 2418 487 2486 μένη,
513 2417 847 2485 μετεχομένη
889 2416 945 2468 δὲ
991 2417 1087 2468 καὶ
1117 2417 1490 2489 ὀνομαζομένη
1516 2421 1608 2474 τοῦ
1642 2425 1776 2476 Θεοῦ
1814 2428 1903 2478 ὲν-

328 2510 540 2578 ἐργεια.
585 2509 694 2559 Καὶ
724 2508 832 2575 γὰρ
871 2509 932 2558 οὐ
989 2511 1286 2578 συνορῶσιν
1324 2511 1405 2563 ὅτι
1435 2513 1684 2583 καθάπερ
1712 2517 1739 2568 6
1772 2516 1902 2580 Θεὸς

325 2600 419 2652 καὶ
441 2598 651 2670 Πατὴρ,
682 2598 871 2669 Πατὴρ
916 2597 1131 2666 λέγεται
1163 2601 1300 2672 πρὸς
1341 2603 1432 2655 τὸν
1469 2604 1598 2657 ἴδιον
1630 2606 1778 2671 Υίὸν,
1812 2609 1903 2660 καὶ

326 2690 593 2752 ἀκτίστως
645 2689 757 2759 ἔχει
787 2692 846 2741 τὸ
878 2690 1080 2758 Πατήρ
1127 2689 1289 2757 εἶναι,
1342 2695 1392 2746 εἰ
1438 2697 1534 2747 καὶ
1587 2697 1661 2767 μὴ
1712 2698 1902 2752 οὐσίαν

329 2782 586 2851 σημαίνει
624 2783 683 2834 τὸ
714 2783 904 2852 Πατήρ
933 2798 946 2811 ·
1001 2781 1142 2836 οὕτω
1177 2784 1272 2838 καὶ
1303 2785 1401 2855 τὴν
1436 2787 1718 2858 ἐνέργειαν
1751 2791 1901 2844 ἀκτί-

327 2889 466 2935 στως
501 2872 612 2943 ἔχει
663 2875 689 2925 6
737 2873 904 2935 Θεὸς,
958 2875 1006 2925 εί
1044 2875 1138 2927 καὶ
1189 2876 1440 2946 διαφέρει
1495 2879 1593 2947 τῆς
1639 2879 1829 2943 οὐσίας
1865 2884 1900 2953 ἡ

326 2965 594 3037 ἐνέργεια.
631 2966 739 3019 Καὶ
782 2966 868 3018 ὅτε
903 2965 1030 3034 μίαν
1084 2967 1315 3038 θεότητά
1364 2986 1564 3038 φαμεν,
1601 2972 1778 3026 πάντα
1804 2975 1903 3027 ὅσα

327 3057 472 3109 ἐστὶν
501 3059 529 3110 6
561 3056 696 3119 Θεός
737 3074 939 3127 φαμεν,
987 3057 1083 3110 καὶ
1136 3058 1235 3128 τὴν
1283 3060 1472 3114 οὐσίαν
1505 3064 1598 3114 καὶ
1625 3063 1722 3133 τὴν
1751 3065 1902 3135 ἐνέρ-

2012 581 2186 648 ipsam
2227 581 2588 634 aeternitatem
2625 597 2640 634 :
2670 579 2972 634 dominatio
2999 591 3182 634 autem
3217 591 3303 636 est
3339 584 3580 637 increata

2011 671 2106 726 Dei
2157 673 2431 740 operatio,
2480 673 2738 726 distincta
2793 672 2859 724 ab
2907 672 3168 738 essentia,
3206 681 3391 743 utpote
3436 675 3580 730 dicta

2010 763 2243 818 relative
2278 764 2345 817 ad
2376 763 2520 817 aliud
2548 763 2689 833 quod
2725 764 2840 832 ipse
2871 779 2974 817 non
3000 775 3102 818 est.

2077 851 2202 906 126.
2255 853 2579 907 Eunomiani
2638 854 3007 924 quodcunque
3076 855 3145 910 de
3198 854 3308 910 Deo
3359 857 3580 924 dicitur,

2004 944 2296 997 essentiam
2327 959 2452 999 esse
2482 945 2696 1012 dicunt,
2724 953 2782 999 ut
2811 945 3106 1014 ingenitam
3139 948 3428 1001 essentiam
3460 963 3582 1001 esse

2004 1038 2256 1098 doceant,
2293 1049 2349 1090 et
2372 1037 2499 1091 inde
2522 1036 2718 1091 Filium
2740 1045 2993 1107 tanquam
3025 1054 3054 1093 a
3076 1039 3235 1093 Patre
3259 1040 3578 1095 distinctum

2002 1125 2069 1178 ad
2093 1134 2425 1192 creaturam,
2466 1135 2529 1181 ut
2572 1126 2678 1180 sibi
2737 1126 2934 1196 placet,
2969 1129 3298 1195 deprimant.
3339 1129 3404 1182 Et
3443 1143 3583 1197 pra:-

2003 1223 2186 1270 textus
2211 1217 2292 1270 eis
2323 1226 2409 1272 est
2437 1231 2524 1280 ne,
2559 1219 2736 1284 aiunt,
2769 1219 2878 1273 duo
2901 1221 3010 1273 sint
3033 1221 3126 1282 dii,
3155 1235 3344 1290 nempe
3370 1221 3580 1289 primus

2000 1309 2088 1373 qui
2129 1306 2200 1362 sit
2231 1308 2530 1376 ingenitus,
2561 1317 2618 1364 et
2662 1314 2934 1365 secundus
2975 1311 3066 1380 qui
3117 1314 3218 1366 hoc
3250 1313 3321 1367 sit
3354 1311 3581 1364 inferior

2002 1407 2191 1467 utpote
2238 1401 2477 1470 genitus.
2546 1401 2686 1456 istos
2727 1403 3008 1457 imitantes
3055 1404 3377 1466 adversarii,
3409 1403 3584 1472 quod-

2003 1504 2216 1560 cunque
2238 1492 2306 1546 de
2359 1491 2470 1548 Deo
2510 1493 2733 1560 dicitur,
2794 1497 3081 1549 essentiam
3113 1511 3234 1550 esse
3261 1497 3471 1560 dicunt,
3525 1495 3584 1547 ut

2001 1581 2166 1650 impie
2197 1583 2264 1637 ad
2296 1595 2576 1640 creaturas
2608 1586 2917 1656 deprimant
2951 1603 3058 1640 non
3110 1597 3435 1656 separatam,
3483 1587 3580 1640 sed

2001 1675 2320 1730 distinctam
2376 1678 2444 1731 ab
2481 1680 2716 1732 essentia
2765 1678 2859 1732 Dei
2903 1679 3298 1747 operationem,
3347 1693 3466 1746 quae
3512 1694 3579 1732 ex

2009 1765 2124 1821 Deo
2154 1777 2260 1832 est,
2294 1769 2652 1838 participatur
2709 1781 2889 1823 autem
2923 1785 2951 1822 a
2978 1771 3244 1825 creaturis
3283 1789 3296 1824 :
3333 1789 3350 1821 ι
3381 1767 3576 1824 Omnia

1997 1857 2164 1920 enim,
2198 1857 2420 1920 dicitur,
2474 1861 3234 1929 participantprovidentiam
3283 1877 3313 1915 e
3360 1876 3579 1915 summo

1993 1947 2265 2018 principio
2304 1961 2638 2006 manantem.
2697 1969 2716 2002 ι
2779 1953 2844 2005 Et
2897 1960 3187 2019 praetextus
3228 1953 3308 2006 eis
3355 1960 3440 2006 est
3487 1966 3577 2016 ne,

1995 2039 2172 2104 aiunt,
2223 2041 2330 2095 duo
2380 2043 2494 2096 sint
2549 2041 2884 2109 divinitates,
2952 2058 3147 2113 nempe
3185 2044 3325 2097 elata
3388 2057 3581 2111 supra,

1992 2145 2190 2184 nomen
2239 2131 2726 2202 causalitatemque
2761 2143 2815 2186 et
2845 2135 3398 2188 communicationem
3435 2133 3575 2188 trina

1993 2221 2245 2288 personis
2274 2223 2534 2288 essentia,
2585 2231 2639 2276 et
2677 2225 2985 2293 procedens
3018 2241 3086 2280 ex
3145 2231 3247 2281 hac
3277 2231 3581 2296 participa-

1997 2321 2159 2380 taqne
2184 2321 2240 2366 et
2275 2314 2550 2368 nominata
2583 2315 2678 2368 Dei
2709 2318 2978 2384 operatio.
3009 2317 3223 2372 Etenim
3252 2335 3357 2373 non
3385 2323 3585 2378 adver-

1996 2411 2140 2468 tunt,
2176 2405 2318 2458 sicut
2370 2404 2511 2459 Deus
2567 2405 2733 2462 Pater
2791 2409 2992 2462 dicitur
3028 2411 3197 2464 Pater
3233 2413 3458 2469 relative
3505 2416 3574 2470 ad

1994 2496 2270 2564 proprium
2314 2495 2533 2562 Filium,
2579 2507 2634 2553 et
2687 2500 2929 2554 increata
2967 2510 3051 2555 est
3086 2503 3412 2571 paternitas,
3453 2504 3582 2560 licet

1993 2603 2100 2640 non
2143 2589 2434 2643 essentiam
2467 2589 2736 2658 signiﬁcet
2767 2607 2869 2646 vox
2900 2590 3095 2656 Pater,
3133 2595 3204 2647 ita
3235 2597 3401 2648 etiam
3437 2612 3572 2666 ope-

1990 2679 2256 2734 rationem
2307 2681 2606 2736 increatam
2645 2683 2756 2736 Deo
2806 2684 3008 2748 inesse,
3045 2685 3176 2740 licet
3207 2687 3460 2742 distincta
3502 2690 3578 2744 sit

1989 2773 2058 2824 ab
2111 2773 2348 2826 essentia
2395 2774 2664 2839 operatio.
2727 2775 2792 2830 Et
2842 2792 2964 2831 cum
3016 2793 3179 2832 unam
3239 2779 3577 2836 divinitatem

1988 2863 2243 2927 dicimus,
2308 2866 2490 2919 omnia
2547 2867 2782 2922 dicimus
2835 2883 2956 2937 quae
3013 2868 3156 2926 Deus
3218 2883 3324 2936 est,
3382 2888 3576 2942 nempe

1987 2957 2284 3013 essentiam
2314 2967 2367 3012 et
2402 2959 2794 3028 operationem.
2826 2961 2909 3015 Illi
2943 2961 3112 3028 igitur
3142 2977 3268 3018 sunt
3289 2965 3380 3030 qui
3417 2965 3580 3034 impie

1991 3049 2295 3119 bipartiunt
2354 3065 2515 3104 unam
2576 3051 2669 3106 Dei
2728 3052 3068 3109 divinitatem
3118 3057 3174 3109 in
3229 3067 3469 3112 creatam
3524 3067 3580 3112 et

328 3163 504 3214 γειαν.
576 3147 805 3200 Ἐκεῖνοι
858 3147 1151 3218 τοιγαροῦν
1202 3151 1345 3202 είσισ
1384 3153 1432 3203 οἱ
1488 3152 1966 3227 διχοτομοῦντεςο
1997 3145 2318 3201 Ῐιὶϐΐθειιαιηο

325 3240 598 3306 δυσσεϐῶς
626 3242 726 3312 τὴν
763 3243 892 3313 μίαν
914 3243 1009 3296 τοῦ
1043 3243 1178 3297 Θεοῦ
1211 3245 1441 3316 θεότητα
1472 3247 1552 3309 εἰς
1587 3249 1780 3302 κτιστὰ
1807 3252 1900 3304 καὶ

327 3331 575 3385 ἄκτιστα.

399 3424 536 3494 ρκζ’.
574 3423 930 3493 Συμϐεϐηκός
956 3425 1070 3479 ἐστι
1104 3425 1164 3478 τὸ
1201 3441 1486 3497 γινομενον
1523 3430 1615 3482 καὶ
1646 3431 1900 3500 ἀπογινό-

329 3530 507 3584 μενονο
532 3513 625 3583 ἀφ’
656 3509 717 3568 οῦ
743 3516 836 3568 καὶ
856 3516 922 3568 τὰ
951 3517 1230 3586 ἀχώριστα
1258 3518 1642 3590 συμϐεϐηκότα
1671 3525 1902 3592 συνορῶ-

328 3622 448 3678 μεν.
483 3605 636 3658 Ἐστι
689 3607 748 3658 δέ
803 3625 920 3671 πως
976 3607 1344 3679 συμϐεϐηκὸς,
1393 3612 1488 3664 καὶ
1537 3613 1596 3665 τὸ
1655 3615 1902 3681 φυσικῶς

327 3703 548 3771 προσὸν,
578 3701 652 3764 ὡς
683 3702 981 3772 αὐξόμενόν
1019 3721 1078 3756 τε
1128 3708 1222 3756 καὶ¹
1252 3704 1570 3775 μειούμενον
1601 3722 1615 3737 ⁸
1653 3709 1902 3780 καθάπερ

326 3791 382 3842 ὲν
431 3793 497 3861 τῇ
540 3791 731 3860 λογικῇ
762 3791 906 3862 ψυχῇ
939 3793 973 3862 ἡ
1003 3791 1222 3860 γνῶσις.
1269 3794 1408 3846 Ἀλλ’
1461 3796 1614 3850 οὐδὲν
1658 3799 1901 3852 τοιοῦτον

247 3945 250 3948 γ
325 3882 476 3949 ἐντῷ
518 3881 656 3951 Θεῷ,
690 3882 772 3934 ὅτι
821 3881 884 3952 δὴ
921 3882 1267 3936 παντάπασιν
1303 3885 1680 3954 ἀμετάϐλητος
1709 3889 1897 3955 μένει·

325 3969 393 4022 δι’
421 3973 486 4041 ἣν
522 3973 724 4039 αἰτίαν,
762 3971 913 4024 οὐδὲν
959 3971 1106 4042 αὐτῷ
1145 3975 1286 4025 κατὰ
1325 3974 1671 4045 συμϐεϐηκὸς
1703 3976 1899 4043 λέγοιτ’

325 4064 414 4115 ἂν.
445 4065 517 4116 Οὐ
549 4067 656 4134 μὴν
704 4067 811 4116 πᾶν
851 4065 989 4134 ὅπερ
1025 4065 1117 4116 ἐπὶ
1156 4064 1293 4118 Θεοῦ
1324 4066 1555 4133 λέγεται,
1588 4067 1774 4121 οὐσίαν
1806 4085 1902 4138 ση-

330 4156 511 4226 μαίνει
541 4174 554 4189 ·
582 4157 803 4226 λέγεται
836 4156 944 4226 γὰρ
993 4156 1086 4209 καὶ
1125 4155 1187 4210 τὸ
1234 4159 1372 4228 πρός
1401 4175 1453 4211 τι
1487 4174 1502 4189 ’
1533 4161 1669 4230 ὅπερ
1700 4163 1896 4229 ἀναφο-

329 4248 480 4318 ρικόν
505 4251 640 4315 ἐστι,
672 4251 766 4302 καὶ
795 4249 1074 4318 ἀναφορᾶς
1110 4249 1245 4319 πρὸς
1275 4249 1479 4320 ἕτερον,
1514 4249 1628 4302 ἀλλ’
1663 4252 1762 4303 οὐκ
1806 4253 1898 4304 οὐ·

329 4336 448 4399 σίας
472 4335 786 4407 δηλωτικόν.
845 4337 1098 4390 Τοιοῦτόν
1151 4342 1265 4391 ἐστι
1317 4339 1468 4408 καὶή
1506 4340 1625 4394 θεία
1654 4342 1898 4411 ἐνέργεια

325 4429 419 4478 ἐπὶ
443 4427 576 4480 Θεοῦ
611 4442 625 4458 ο
656 4427 777 4480 οὐτε
802 4428 910 4499 γὰρ
940 4429 1096 4480 οὐσία
1136 4430 1303 4494 ἐστὶν,
1348 4429 1471 4483 οὕτε
1512 4431 1854 4503 συμϐεϐηκός
1877 4449 1892 4463 ⁸

2069 3411 2193 3466 127.
2242 3411 2508 3466 Accidens
2555 3418 2639 3466 est
2691 3411 2832 3481 quod
2868 3411 3091 3468 advenit
3125 3422 3180 3468 et
3238 3413 3372 3476 abit,
3430 3416 3576 3471 unde

1998 3502 2386 3572 inseparabilia
2451 3502 2614 3557 etiam
2679 3502 2986 3558 accidentia
3039 3505 3423 3573 intelligimus.
3482 3507 3576 3561 Est

2001 3598 2166 3651 etiam
2221 3601 2458 3666 quodam
2515 3595 2674 3650 modo
2733 3596 2990 3652 accidens
3045 3599 3190 3667 quod
3248 3599 3576 3654 naturaliter

1998 3689 2163 3754 inest,
2212 3691 2339 3759 quia
2393 3699 2622 3759 augetur
2674 3698 2730 3744 et
2779 3689 3044 3744 minuitur
3088 3691 3278 3745 :sictit
3310 3690 3361 3744 in
3393 3693 3574 3747 anima

1998 3781 2248 3834 rationali
2301 3781 2550 3835 scientia.
2610 3779 2714 3835 Sed
2752 3797 2859 3835 non
2897 3781 3028 3836 item
3087 3793 3171 3836 est
3210 3783 3260 3835 in
3313 3782 3449 3846 Deo,
3483 3784 3572 3851 qui

1997 3871 2226 3941 omnino.
2267 3873 2619 3928 immutabilis
2666 3884 2946 3944 permanet
2995 3891 3012 3930 :
3049 3889 3211 3941 quam
3247 3876 3315 3927 ob
3350 3889 3572 3928 causam

1999 3965 2132 4019 nihil
2181 3965 2236 4018 in
2266 3981 2332 4019 eo
2361 3967 2616 4020 accidens
2651 3967 2755 4020 dici
2789 3975 2988 4034 potest.
3029 3966 3143 4020 Non
3185 3976 3364 4020 tamen
3401 3966 3574 4034 quod-

1996 4069 2216 4123 cunque
2265 4054 2331 4109 de
2367 4055 2474 4110 Deo
2520 4055 2743 4118 dicitur,
2774 4055 3071 4110 essentiam
3131 4055 3416 4123 designat;
3451 4073 3571 4109 nant

1996 4145 2192 4199 dicitur
2219 4145 2381 4198 etiam
2415 4145 2558 4210 quod
2585 4155 2670 4198 est
2701 4145 2766 4198 ad
2797 4144 3020 4212 aliquid,
3064 4155 3119 4198 et
3169 4147 3313 4213 quod
3347 4147 3573 4214 proinde

1999 4238 2283 4292 relativum
2342 4247 2446 4303 est,
2503 4247 2556 4292 et
2602 4237 2920 4291 relationem
2979 4238 3044 4289 ad
3092 4237 3259 4300 aliud,
3299 4253 3401 4290 non
3446 4254 3572 4292 vero

1995 4329 2290 4384 essentiam
2340 4329 2563 4384 indicat.
2609 4309 2930 4398 Huiusmodi
2982 4338 3066 4383 est
3128 4329 3178 4382 in
3234 4327 3344 4383 Deo
3389 4330 3570 4384 divina

1994 4421 2273 4490 operatio;
2318 4435 2440 4473 nam
2475 4434 2650 4488 neque
2671 4421 2910 4475 essentia
2946 4429 3051 4483 est,
3085 4436 3260 4490 neque
3291 4423 3600 4486 accidens;

325 4519 374 4570 εί
399 4519 491 4572 καὶ
525 4519 868 4589 συμϐεϐηκός
906 4519 1026 4582 πώς
1059 4522 1175 4573 ἐστι
1211 4521 1340 4591 παρ’
1379 4517 1453 4575 ὧν
1487 4525 1749 4588 καλεῖται,
1783 4525 1896 4577 Θεο-

1997 4514 2242 4582 qnamvis
2257 4512 2656 4580 quodammodo
2687 4510 2944 4566 accidens
2961 4525 2990 4565 a
3006 4511 3330 4580 quibusdam
3346 4523 3572 4566 vocetur

325 4610 496 4678 λόγιεν
521 4609 844 4663 δεικνύντων
870 4613 1027 4665 τοῦτο
1057 4612 1238 4683 μόνον,
1272 4615 1354 4666 ὅτι
1391 4616 1540 4669 ἐστιν
1567 4619 1623 4669 ὲν
1651 4619 1728 4685 τῷ
1753 4615 1893 4687 Θεῷ,

325 4703 418 4753 καὶ
443 4701 601 4753 οὐσία
622 4702 724 4752 οὐκ
754 4702 922 4757 ἐστιν.

396 4799 540 4864 ρκη’.
598 4793 719 4845 Ἔτι
774 4794 807 4863 ἡ
864 4793 984 4846 θεία
1032 4796 1301 4867 ἐνέργεια,
1344 4797 1392 4850 εί
1427 4798 1519 4850 καὶ
1555 4798 1898 4871 συμϐεϐηκός

298 4885 473 4938 ’ἔστιν
512 4885 658 4946 ὅπως
693 4884 931 4952 λέγεται,
981 4885 1095 4939 ἀλλ’
1140 4888 1484 4957 ὲνθεωρεῖται
1521 4888 1599 4960 τῷ
1633 4891 1771 4956 Θεῷ,
1802 4892 1898 4945 καὶ

329 4975 575 5027 σύνθεσιν
607 4975 708 5027 οὐκ
738 4977 976 5045 ἐμποιεῖ.
1015 4978 1123 5028 Καὶ⁸
1157 4978 1456 5048 Γρηγόριος
1509 4982 1536 5032 6
1583 4983 1683 5052 τῆς
1729 4981 1899 5034 θεολο-

327 5065 450 5131 γίας
489 5064 797 5133 ἐπώνυμος,
841 5066 1068 5134 γράφων
1115 5068 1243 5138 περὶ
1277 5067 1369 5120 τοῦ
1399 5070 1552 5138 ἁγίου
1584 5068 1896 5140 Πνεύματος

329 5158 472 5226 ἡμᾶς
502 5156 743 5208 διδάσκει
774 5171 787 5186 ο
837 5157 909 5208 Τὸ
954 5155 1180 5226 Πνεῦμα
1223 5159 1349 5229 γὰρ,
1410 5161 1564 5230 φησι,
1615 5162 1674 5215 τὸ
1721 5164 1893 5231 ἆγιον,

328 5246 361 5317 ἢ
384 5246 489 5298 τῶν
512 5247 633 5300 καθ’
654 5247 814 5300 ἑαυτὸ
843 5248 1226 5317 ὑφεστηκότων
1263 5251 1428 5313 ἐστὶν,
1459 5251 1491 5321 ἢ
1516 5251 1622 5305 τῶν
1645 5254 1701 5304 έν
1729 5254 1898 5324 ἑτέρῳ

329 5337 719 5406 Θεωρουμένων
743 5352 757 5368 ⁶
791 5331 866 5390 ὧν
899 5339 960 5389 τδ
989 5337 1086 5406 μὲν
1117 5338 1303 5389 οὐσίαν
1353 5337 1610 5391 καλοῦσιν
1662 5341 1710 5392 οί
1769 5344 1898 5409 περὶ⁵

330 5425 499 5478 ταῦτα
529 5426 712 5490 δεινοὶ,
737 5427 797 5478 τὸ
816 5427 873 5480 δὲ
898 5427 1264 5497 συμϐεϐηκός.
1289 5428 1350 5480 Ei
1370 5427 1500 5496 γοῦν
1529 5429 1894 5499 συμϐέϐηκεν,

331 5517 580 5587 ἐνέργεια
612 5518 757 5571 τοῦτ’
787 5519 852 5572 ἂν
895 5521 982 5586 εἴη
1033 5519 1126 5572 τοῦ
1174 5521 1308 5572 Θεοῦ
1336 5537 1347 5549 ·
1380 5522 1430 5572 τί
1463 5523 1571 5590 γὰρ
1603 5522 1824 5592 ἓτερον;
1863 5524 1896 5594 ἢ

330 5609 471 5671 τίνος
506 5629 521 5677 ;
556 5610 726 5664 Τοῦτο
759 5614 866 5681 γάρ
895 5628 1011 5673 πως
1050 5613 1143 5664 καὶ
1190 5613 1381 5681 φεύγει
1421 5614 1667 5666 σύνθεσιν
1696 5632 1709 5645 ·
1741 5616 1898 5668 τοῦτο

331 5701 503 5767 λέγων
534 5703 798 5773 φανερῶς,
842 5705 916 5766 ὡς
945 5707 992 5754 εἰ
1026 5703 1133 5754 τῶν
1164 5706 1219 5755 ὲν
1249 5704 1325 5774 τῷ
1354 5705 1472 5775 Θεῴ
1511 5705 1898 5776 θεωρουμένων

333 5795 488 5847 ἐστί’
529 5795 608 5847 διὸ
655 5796 751 5849 ’καὶ
785 5797 882 5849 οὐκ
938 5794 1114 5869 οὐσία,
1171 5795 1306 5850 ἀλλὰ
1361 5797 1702 5868 συμϐεϐηκός
1756 5800 1892 5860 ἐστι,

1997 4602 2283 4672 theologis,
2332 4602 2744 4657 ostendentibus
2777 4602 2882 4656 hoc
2937 4612 3169 4670 tantum,
3215 4618 3405 4673 nempe
3449 4616 3570 4658 eam

1997 4693 2049 4747 in
2084 4694 2191 4748 Deo
2219 4710 2358 4758 esse,
2384 4710 2483 4750 nec
2504 4710 2624 4750 esse
2655 4697 2974 4750 essentiam.

2069 4787 2193 4842 128.
2245 4788 2476 4858 Insuper
2521 4789 2702 4842 divina
2739 4789 3005 4857 operatio,
3039 4789 3289 4859 quamvis
3319 4789 3573 4843 accidens

1996 4877 2397 4947 quodammodo
2439 4880 2661 4945 dicitur,
2716 4878 3062 4933 considerata
3123 4864 3301 4933 tamen
3364 4879 3417 4932 in
3464 4877 3571 4932 Deo

1997 4971 2448 5039 compositionum
2495 4986 2600 5023 non
2639 4971 2790 5026 facit.
2825 4971 2880 5025 Id
2913 4972 3209 5043 Gregorius
3245 4976 3570 5042 c0gnomine

1999 5060 2304 5131 Theulogus
2339 5062 2406 5116 de
2428 5060 2634 5129 Spiritu
2685 5070 2878 5136 sancto
2920 5064 3166 5118 scribens
3215 5079 3310 5117 nos
3363 5066 3566 5118 docet:

2004 5173 2020 5206 ι
2063 5153 2302 5223 Spiritus
2351 5163 2595 5221 sanctus,
2655 5155 2850 5224 inquit,
2905 5154 2988 5208 vel
3034 5166 3120 5210 est
3153 5172 3249 5211 ens
3295 5158 3348 5209 in
3392 5157 3569 5225 seipso

1998 5247 2325 5313 subsistens,
2353 5247 2434 5301 vel
2467 5263 2567 5302 ens
2593 5248 2644 5300 in
2679 5248 2786 5301 alio
2816 5251 3062 5304 residens
3097 5265 3113 5306 ι
3147 5265 3374 5319 quorum
3405 5266 3565 5302 unum

1997 5343 2326 5408 substantia,
2364 5341 2595 5395 alterum
2633 5356 2764 5396 vero
2820 5343 3074 5397 accidens
3120 5359 3148 5397 a
3188 5345 3453 5413 theologis
3483 5344 3568 5396 di-

1997 5435 2162 5489 citur.
2227 5435 2284 5488 Si
2339 5449 2468 5499 ergo
2524 5435 2613 5490 ille
2654 5435 2721 5488 sit
2765 5436 2894 5504 quid
2954 5438 3233 5501 accidens,
3284 5437 3385 5490 hoc
3424 5445 3570 5490 esset

1996 5527 2242 5594 operatio
2296 5523 2386 5580 Dei
2438 5543 2452 5579 :
2495 5527 2620 5595 quid
2673 5528 2817 5582 enim
2860 5529 3002 5582 aliud
3059 5541 3203 5583 esset
3253 5537 3346 5582 aut
3411 5530 3566 5598 cujus

1998 5617 2182 5672 foret?
2212 5617 2325 5672 Hoc
2375 5618 2518 5672 enim
2570 5621 2967 5687 quodammodo
3027 5621 3161 5690 fugit
3213 5623 3566 5690 composition

1999 5724 2142 5762 nem.
2207 5729 2226 5761 ι
2275 5711 2440 5780 hique
2481 5711 2628 5766 clare
2681 5711 2814 5767 dicit
2863 5728 2930 5768 ιι
2982 5714 3039 5769 Si
3078 5717 3309 5782 qualitas
3347 5715 3397 5767 in
3456 5715 3567 5772 Deo

2001 5801 2239 5864 residens
2275 5802 2364 5868 sit,
2416 5802 2535 5858 ideo
2571 5819 2670 5860 nec
2706 5804 2775 5860 sit
2805 5802 3131 5873 substantia,
3167 5809 3256 5864 sed
3289 5808 3567 5873 accidens,
