4102 6344
605 296 731 363 1211
1843 302 2145 363 GREGOB

2279 304 2365 363 PA
2377 304 2605 367 ιΑΜΑι

596 425 686 492 qui
731 423 954 491 spiritus
998 429 1243 486 vocatur,
1291 419 1431 474 nlhil
1466 420 1608 474 aliud
1634 432 1757 475 esse
1788 428 1966 488 potest
1998 435 2145 489 quan

2258 425 2354 480 καὶ
2381 425 2604 496 Πνεῦμα
2631 426 2979 495 ὀνομάζεται,
3019 413 3174 480 οὐδὲν
3214 429 3404 499 ἐτερον
3437 431 3584 482 εἶναι
3605 430 3878 482 δυνατὸν

599 517 694 569 Dei
736 514 1002 583 operatio.
1044 531 1062 564 ι
1100 511 1217 566 Hoc
1234 512 1378 566 enim
1418 511 1658 566 ostendit
1685 512 1875 567 dicens
1912 529 1928 566 :
1972 530 1991 564 ι
2022 512 2145 579 Quit

2256 521 2304 570 εἰ
2330 517 2406 590 μὴ
2426 519 2706 588 ἐνέργειαν
2753 517 2909 571 Θεοῦ.
2965 517 3135 570 Τοῦτο
3180 519 3289 589 γὰρ
3319 519 3589 589 ἐδήλωσεν
3609 520 3823 572 είπών
3857 539 3873 550 ·

594 607 738 661 enim
769 606 912 661 aliud
953 605 1135 660 esset?
1163 603 1424 673 autcujus
1452 604 1631 659 esset?
1664 624 1682 656 ι
1715 605 1782 659 Ει
1814 605 2167 672 praestituens

597 698 869 768 quomodo
911 696 1045 750 nihil
1083 695 1254 761 aliud,
1295 711 1402 749 non
1438 696 1694 762 qualitas,
1725 711 1825 752 nec
1859 699 2162 766 quantitas,

597 807 695 846 nec
727 793 928 859 aliquid
966 790 1272 860 hujusmodi
1320 791 1559 845 residere
1590 791 1643 844 in
1683 791 1790 844 Deo
1829 790 2024 860 possit,
2070 789 2166 845 sed

595 885 838 954 operatio
869 893 1095 948 tantum,
1125 882 1311 937 subdit
1341 897 1356 938 :
1387 899 1405 933 ι
1442 882 1556 937 Hoc
1583 885 1728 937 enim
1762 882 2166 952 quodammodo

599 978 732 1048 fugit
779 978 1250 1046 compositionem.
1311 995 1330 1028 ι
1377 976 1662 1044 Quomodo
1707 986 1888 1032 autem
1919 978 2166 1046 operatio

599 1069 649 1121 in
688 1068 796 1122 Deo
836 1078 1074 1135 spectata
1119 1067 1253 1134 fugit
1301 1065 1788 1131 compositionem?
1825 1064 1962 1131 Quia
2009 1064 2165 1120 solus

593 1160 814 1233 pmuino
841 1156 1228 1225 impassibilem
1260 1155 1424 1210 habet
1446 1155 1843 1223 operationem,
1879 1161 1935 1209 et
1969 1168 2167 1210 secun-

2255 699 2408 752 οὐδὲν
2451 699 2658 768 ἕτερον,
2703 699 2765 751 οὐ
2796 700 3075 766 ποιότητα,
3110 700 3143 770 ἢ
3184 701 3480 770 ποσότητα,
3534 703 3570 773 ἡ
3621 720 3687 754 τι
3749 705 3876 754 τῶν

2259 880 2448 950 μόνην,
2482 881 2733 951 ἐπιφέρει
2757 896 2770 910 °
2808 879 2978 933 Τοῦτο
3007 881 3114 952 γάρ
3153 899 3269 945 πως
3301 885 3393 936 καὶ
3422 883 3616 952 φεύγει
3647 885 3874 937 σύνθε-

2257 987 2364 1026 σιν.
2391 972 2511 1034 Πῶς
2538 971 2595 1024 δέ
2613 974 2647 1042 ἡ
2678 972 2929 1042 ἐνέργεια
2957 972 3360 1043 ἐνθεωρουμένη
3391 974 3468 1044 τῷ
3494 974 3617 1044 Θεῷ
3641 975 3868 1042 φεύγει

2254 1060 2355 1132 τὴν
2385 1060 2632 1115 σύνθεσιν
2666 1078 2682 1127 ;
2724 1060 2944 1132 Ἐπειδὴ
2977 1061 3137 1130 μόνος
3171 1062 3558 1132 ὰπαθεστάτην
3595 1066 3727 1134 ἔχει
3755 1069 3866 1136 τὴν

2257 1151 2562 1220 ἐνέργειαν,
2620 1150 2858 1220 ἐνεργῶν
2893 1152 3077 1221 μόνον,
3133 1151 3251 1204 ἀλλ’
3303 1153 3425 1222 οὐχὶ
3463 1156 3559 1206 καὶ
3605 1158 3860 1226 πάσχων

2256 1241 2380 1296 κατ’
2410 1242 2601 1313 αὐτὴν,
2628 1241 2752 1299 οὐδὲ
2792 1243 3097 1312 γινόμενος,
3131 1243 3253 1297 οὺδέ
3289 1243 3707 1316 ἀλλοιούμενος.

3755 312 3909 371 ηιξ.

2257 610 2323 662 Τί
2350 612 2458 680 γὰρ
2488 610 2675 680 ἓτερον
2706 625 2722 675 ;
2753 609 2786 680 ἦ
2831 609 3009 678 τίνος;
3039 612 3575 682 προκατασκευάζων
3607 613 3703 679 δὲ,
3741 614 3880 678 πῶς

2259 789 2515 844 τοιούτων
2531 789 2915 860 ἐνθεωρείσθαι
2930 789 3008 861 τῷ
3025 791 3142 862 Θεῷ
3161 792 3404 859 δυνατὸν,
3417 793 3532 847 ἀλλ’
3553 794 3877 865 ἐνέργειαν

594 1248 720 1300 dum
752 1263 870 1303 eam
900 1257 1156 1316 operatur
1184 1257 1416 1314 tantum,
1439 1246 1538 1302 sed
1563 1261 1670 1301 non
1697 1245 1918 1317 patitur,
1951 1260 2050 1302 nec
2081 1246 2164 1312 tit,

595 1342 693 1396 nec
728 1350 988 1395 mutatur.

664 1435 785 1490 129.
843 1435 1142 1489 lucreatam
1199 1443 1386 1488 autem
1438 1434 1786 1488 innotescere
1845 1432 1952 1488 sibi
2009 1431 2159 1487 iltam

593 1526 962 1595 operationem
997 1525 1304 1595 Theologus
1332 1525 1495 1595 paulo
1529 1529 1782 1596 superius
1822 1526 1938 1594 ipse
1981 1525 2160 1591 docet,

593 1631 711 1672 eam
745 1631 773 1670 a
823 1625 1072 1672 creatura
1127 1616 1468 1687 distinguens
1505 1637 1519 1674 :
1556 1636 1577 1671 ι
1637 1618 1960 1674 Nostrorum
1991 1619 2158 1683 enim,

597 1710 792 1778 inquit,
841 1710 1124 1765 doctorum
1166 1709 1258 1763 alii
1309 1709 1569 1779 Spiritum
1603 1717 1932 1780 putaverunt
1967 1723 2163 1777 opera-

2335 1440 2470 1512 pr'.
2527 1437 2742 1494 Ὅτιδέ
2775 1438 2871 1491 καὶ
2922 1437 3178 1492 ἄκτιστον
3231 1435 3395 1490 οὖσαν
3457 1431 3567 1488 οἶδε
3621 1435 3850 1505 ταύτην

2257 1533 2355 1604 τὴν
2386 1532 2668 1604 ἐνέργειαν
2705 1531 2734 1583 6
2779 1529 3064 1598 Θεολόγος,
3117 1529 3372 1599 ἀνωτέρω
3421 1528 3620 1596 μικρὸν
3677 1528 3854 1588 αὐτὸς

2257 1626 2447 1693 ἔδειξε,
2491 1627 2627 1696 πρὸς
2667 1624 2732 1678 τὸ
2760 1623 2965 1694 κτίσμα
2994 1621 3198 1692 ταύτην
3233 1620 3682 1683 ἀντιδιαστεῦας.
3723 1621 3852 1672 Τῶν

2259 1719 2380 1774 καθ’
2413 1719 2562 1787 ἡμᾶς
2589 1715 2718 1787 γὰρ,
2754 1716 2907 1786 φησι.
2967 1713 3168 1782 σοφῶν,
3225 1714 3274 1765 οἱ
3331 1711 3428 1781 μὲν
3471 1711 3768 1780 ἐνέργειαν
3791 1712 3851 1762 τὸ

593 1803 817 1870 tionem,
837 1802 1271 1869 aliicreaturam,
1304 1802 1395 1856 alii
1427 1801 1618 1857 Deum.
1659 1820 1678 1852 ι
1713 1801 1880 1856 Deum
1911 1802 2002 1857 hic
2032 1817 2145 1872 per-

2261 1779 2482 1878 Πνεῠμὶἑι
2513 1779 2892 1870 esseom
2945 1805 3002 1858 δέ
3043 1779 3274 1875 νκτίσμα,
3322 1779 3372 1857 .5:
3417 1804 3474 1857 δέ
3509 1779 3665 1856 θεάν.
3702 1803 3845 1854 θεδν

591 1909 781 1949 sonam
827 1898 1002 1966 ipsam
1045 1894 1197 1950 dicit.
1240 1893 1286 1950 A
1333 1902 1582 1948 creatura
1635 1902 1816 1946 autem
1845 1892 2159 1948 distinctam

589 1989 883 2043 ostendens
931 1987 1324 2058 operationem,
1357 1988 1497 2042 hanc
1543 2000 1650 2040 non
1682 2001 1806 2042 esse
1852 1995 2156 2041 creaturam

586 2082 733 2136 clare
755 2082 1120 2136 subostendit.
1153 2079 1259 2136 Sed
1297 2089 1354 2135 et
1407 2080 1568 2149 paulo
1623 2086 1768 2149 post,
1825 2090 2032 2134 motum
2062 2078 2158 2134 Dei

585 2185 745 2228 vocat
775 2174 920 2229 illam
973 2173 1347 2242 operationem
1380 2191 1397 2228 :
1447 2190 1467 2225 ι
1507 2170 1702 2228 Nonne
1751 2172 2033 2229 increatus
2071 2183 2158 2228 est

585 2265 679 2320 Dei
735 2264 950 2320 motus?
986 2283 1006 2318 ι
1064 2264 1140 2321 De
1191 2280 1296 2332 qua
1325 2267 1492 2320 etiam
1536 2264 1905 2320 Damascenus
1959 2265 2153 2329 deiter,

584 2359 637 2412 in
668 2360 1121 2430 quinquagesimo
1150 2373 1293 2413 nono
1316 2358 1553 2428 capitulo
1579 2359 1769 2413 scribit
1801 2375 1816 2413 :
1848 2377 1867 2410 ι
1899 2359 2155 2428 Operatio

580 2461 663 2505 est
695 2453 908 2506 activus
939 2461 992 2505 et
1018 2451 1329 2507 essentialis
1376 2461 1585 2504 naturae
1636 2463 1851 2516 matus;
1901 2454 2154 2509 activitas

585 2552 766 2596 autem
798 2551 882 2596 est
913 2551 1129 2608 natura,
1154 2557 1219 2595 ex
1249 2555 1354 2610 qua
1391 2542 1639 2611 operatio
1676 2544 1957 2612 procedit;
2016 2559 2153 2613 opus

579 2649 707 2689 vero
752 2642 834 2689 est
861 2632 1212 2708 _operatiouis
1258 2635 1514 2699 eHectus;
1577 2648 1744 2704 agens
1798 2636 2015 2691 demum
2068 2645 2152 2691 est

579 2728 671 2798 qui
708 2730 876 2781 utitur
916 2727 1258 2798 operatione,
1292 2726 1505 2782 scilicet
1545 2742 1798 2797 persona.

647 2915 772 2972 150.
793 2915 1127 2983 Adversarii,
1155 2931 1221 2970 ex
1246 2932 1311 2970 eo
1338 2919 1480 2985 quod
1506 2914 1811 2986 Theologns
1839 2917 1928 2973 hic
1953 2917 2098 2973 dicat
2127 2935 2147 2976 :

581 3025 600 3058 ι
643 3007 697 3062 Si
732 3018 913 3063 autem
953 3008 1026 3062 sit
1083 3007 1351 3077 operatio,
1407 3019 1620 3080 agetur,
1652 3019 1707 3066 at
1756 3027 1866 3066 non
1897 3021 2039 3082 aget,
2088 3021 2143 3067 et

575 3099 736 3155 simul
796 3101 881 3171 agi
929 3100 1167 3167 desinet,
1207 3119 1228 3154 ι
1263 3111 1505 3157 creatam
1565 3103 1690 3158 inde
1724 3113 2056 3175 putaverunt
2089 3115 2144 3160 et
2170 3109 2214 3170 (ζ

571 3195 874 3250 docuerunt
906 3195 1145 3250 divinam
1182 3195 1326 3250 illam
1368 3198 1763 3266 operationem.
1818 3196 2144 3254 Nescierunt

574 3293 718 3346 enim
749 3293 912 3346 etiam
946 3291 1186 3347 increata
1213 3293 1320 3348 dici
1345 3308 1529 3362 opera,
1553 3293 1973 3364 proutostendit
1998 3293 2140 3349 ident

573 3384 877 3457 Theologus
910 3384 1038 3440 alibi
1089 3385 1380 3442 scribens;
1431 3403 1450 3438 ι
1489 3384 1546 3440 Si
1591 3398 1768 3441 autem
1802 3384 1966 3442 Pater
1997 3397 2144 3442 esset

572 3494 766 3532 nomen
823 3477 1178 3546 operationis,
1234 3478 1350 3533 haec
1398 3488 1715 3542 operaretur
1775 3479 2139 3534 consubstan-

571 3571 721 3625 tiale.
778 3587 798 3622 ι
851 3569 994 3624 Dicit
1024 3584 1242 3639 quoque
1278 3569 1646 3626 Damascenus
1694 3570 1866 3625 deiter
1918 3586 1933 3627 :
1989 3590 2008 3624 ι
2054 3571 2138 3627 Ad

573 3663 846 3714 dexteram
901 3658 1078 3714 Patris
1129 3659 1380 3714 Christus
1436 3661 1611 3726 sedet,
1669 3662 1850 3716 divine
1902 3678 2138 3732 operans

569 3749 941 3805 universorum
972 3750 1386 3820 providentiam,
1412 3769 1510 3807 nec
1537 3751 1624 3806 illa
1644 3767 1740 3806 Vox
1767 3772 1785 3805 ι
1822 3756 2128 3823 requievit,»

569 3845 698 3909 quin
760 3845 1000 3896 increata
1052 3842 1124 3896 sit
1173 3844 1419 3911 operatio
1474 3843 1720 3911 impedit.
1769 3843 1902 3900 Nam
1944 3862 2132 3902 creare

568 3936 709 3991 Deus
770 3935 959 4004 incipit
1023 3951 1087 3990 ac
1153 3937 1375 4001 desinit,
1435 3937 1576 3992 sicut
1642 3937 1776 3994 dicit
1839 3938 2053 4013 Moyses
2111 3959 2127 3996 :

569 4047 589 4081 ι
639 4027 921 4098 Requievit
967 4027 1108 4082 Deus
1147 4031 1214 4084 ab
1266 4028 1518 4085 universo
1571 4045 1737 4100 opere
1781 4033 1923 4102 quod
1953 4033 2132 4088 facere

565 4124 846 4192 inceperat
894 4122 961 4176 ⁸⁵.
1017 4140 1036 4174 ι
1084 4119 1304 4177 Creatio
1365 4130 1545 4178 tamen
1603 4123 1693 4179 illa
1730 4141 1892 4196 quam
1937 4125 2132 4196 incipit

562 4218 702 4270 Deus
731 4226 784 4270 et
817 4215 1071 4282 absolvit,
1097 4225 1182 4270 est
1213 4217 1476 4273 naturalis
1503 4227 1560 4273 et
1587 4216 1828 4273 increata
1861 4218 1958 4274 Dei
1993 4235 2128 4291 ope-

561 4310 726 4364 ratio.
750 4328 770 4363 ι

629 4421 754 4476 151.
787 4418 952 4474 Divus
997 4427 1194 4473 iterum
1227 4417 1617 4485 Damascenus,
1665 4429 1953 4490 postquam
1987 4420 2125 4474 dixit

557 4515 930 4585 operationem
969 4525 1095 4565 esse
1139 4511 1375 4564 activum
1431 4521 1483 4565 et
1527 4513 1873 4566 essentialem
1913 4522 2125 4568 natura:

563 4621 789 4671 inomni,
821 4605 1116 4660 ostendere
1139 4603 1326 4656 volens
1354 4601 1688 4674 Tlieologum
1708 4605 1908 4658 dixisse
1937 4603 2129 4673 hujus-

562 4699 703 4752 modi
743 4697 1109 4765 Operatiouem
1148 4694 1233 4764 agi
1257 4700 1313 4747 et
1333 4695 1558 4761 absolvi,
1589 4695 1793 4749 addidit
1829 4713 1843 4750 :
1883 4713 1901 4748 ι
1937 4695 2127 4750 Scien-

560 4794 688 4844 dum
723 4799 807 4844 est
858 4789 1224 4858 Operationem
1275 4801 1396 4841 esse
1435 4797 1664 4850 nimum,
1709 4796 1762 4841 et
1817 4789 1900 4858 agi
1952 4788 2128 4852 potius

560 4895 719 4948 quant
744 4895 927 4948 agere,
959 4891 1013 4932 ut
1043 4878 1121 4933 ait
1149 4876 1454 4949 TlteOIOgus
1475 4879 1768 4950 Gregorius
1791 4879 1845 4933 in
1878 4895 2129 4934 sermone

561 4975 628 5026 de
661 4973 866 5041 Spiritu
902 4984 1130 5025 sancto:
1175 4990 1194 5024 ι
1227 4969 1282 5024 Si
1312 4980 1490 5025 autem
1525 4971 1773 5039 operatio
1808 4969 1899 5034 sit,
1936 4979 2130 5040 agetur

561 5063 789 5126 scilicet,
844 5074 900 5117 at
961 5079 1068 5116 nou
1128 5073 1272 5132 aget,
1335 5072 1392 5117 et
1437 5063 1600 5118 simul
1654 5062 1738 5132 agi
1799 5062 2031 5117 desinet.
2102 5079 2122 5115 ι

561 5152 845 5208 Mauil‘esIe
877 5156 1038 5220 igitur
1079 5155 1382 5210 adversarii
1423 5167 1662 5210 creatam
1699 5170 1820 5208 esse
1869 5155 2130 5209 docentes

562 5264 725 5314 quam
752 5247 838 5303 hic
880 5245 1172 5314 Gregorius
1200 5247 1510 5317 Theologus
1562 5248 1696 5302 dicit
1727 5250 2125 5316 operationem,

563 5342 735 5405 ipsam
771 5340 1068 5392 naturalem
1116 5349 1171 5392 et
1202 5341 1546 5396 essentialem
1603 5338 1693 5395 Dei
1749 5342 2124 5409 operationem

560 5430 840 5483 detueuter
886 5429 954 5482 ad
1005 5441 1281 5484 creaturas
1338 5431 1650 5500 deprimunt
1702 5448 1716 5486 :
1761 5447 1922 5502 quam
1969 5447 2126 5486 sacer

564 5523 934 5578 Damasceuus
980 5539 1085 5577 non
1146 5532 1319 5576 actam
1368 5527 1560 5590 solum,
1618 5526 1710 5581 sed
1769 5534 1827 5580 et
1877 5537 2124 5596 agentem

631 5703 676 5740 ⁸³
695 5706 831 5762 Gen.
853 5708 1012 5772 “,2.-

2263 1898 2364 1974 μὲν
2394 1897 2486 1952 οῦν
2537 1897 2771 1951 ἐνταῦθα
2821 1896 2918 1966 τὴν
2945 1896 3241 1950 ὑπόστασιν
3266 1895 3434 1966 αὐτὴν
3462 1895 3633 1964 λέγει.
3694 1897 3845 1963 Πρὸς

2261 1989 2317 2042 δὲ
2344 1987 2405 2040 τὸ
2428 1989 2633 2058 κτίσμα
2679 1987 3145 2058 ἀντιδιῃρημένην
3187 1987 3366 2052 δείξας
3397 1988 3493 2054 τὴν
3525 1985 3842 2054 ἐνέργειαν,

2270 2079 2346 2148 μὴ
2375 2073 2514 2132 εἶναι
2544 2077 2750 2148 κτίσμα
2781 2077 2964 2146 σαφῶς
2997 2075 3294 2142 ὑπέδειξεν.
3334 2076 3495 2130 Ἀλλά
3514 2076 3609 2127 καὶ
3638 2075 3843 2144 μικρὸν

2253 2171 2479 2242 προῖὼν,
2533 2175 2747 2246 κίνησιν
2784 2177 2922 2231 Θεοῦ
2971 2181 3176 2248 ταύτην
3220 2175 3340 2234 εἷπε
3373 2181 3472 2251 τὴν
3517 2183 3841 2252 ἐνέργειαν.

2251 2263 2375 2327 Πῶς
2412 2265 2505 2320 οὖν
2533 2268 2635 2321 οὐκ
2671 2268 2926 2331 ἄκτιστος
2977 2271 3010 2340 ἠ
3057 2271 3151 2324 τοῦ
3203 2272 3337 2324 Θεοῦ
3385 2273 3647 2344 κίνησιςς
3707 2278 3844 2347 περὶ

2250 2347 2320 2424 ἦς
2350 2356 2446 2410 καὶ
2477 2361 2836 2430 Δαμασκηνὸς
2893 2363 2921 2414 6
2969 2361 3251 2432 θεοφόρος,
3301 2367 3360 2417 ἐν
3411 2365 3486 2417 νθ⁹
3545 2367 3839 2437 κεφαλαίῳ

2249 2445 2476 2514 γράφων
2507 2487 2523 2512 ,
2570 2450 2848 2520 Ἐνέργεια
2904 2451 3003 2521 μέν
3055 2454 3194 2514 ἐστι,
3245 2455 3429 2523 φησὶν,
3475 2456 3509 2524 ἡ
3565 2455 3838 2527 δραστικὴ

2247 2536 2342 2588 καὶ
2377 2537 2641 2609 οῦσιώδης
2689 2542 2788 2610 τῆς
2839 2541 3053 2608 φύσεως
3089 2543 3301 2610 κίνησις
3333 2560 3348 2575 ο
3383 2545 3741 2613 ἐνεργητικὸν
3776 2547 3831 2597 δὲ

2247 2627 2281 2696 ἡ
2312 2627 2494 2696 φύσις,
2547 2630 2604 2697 ἐξ
2636 2626 2703 2699 ἧς
2739 2634 2774 2700 ἡ
2825 2633 3076 2704 ἐνέργεια
3127 2635 3374 2703 πρόεισιν
3401 2650 3414 2663 ο
3451 2635 3741 2703 ἐνέργημα
3776 2635 3833 2687 δὲ

2245 2717 2306 2769 τὸ
2335 2718 2435 2787 τῆς
2456 2721 2739 2788 ἐνεργείας
2760 2723 3107 2792 ἀποτέλεσμα
3130 2740 3146 2756 ο
3178 2724 3417 2794 ἐνεργῶν
3453 2724 3530 2788 δέ,
3562 2726 3590 2777 6
3623 2742 3831 2796 κεχρη-

2247 2808 2415 2877 μένος
2445 2813 2510 2882 τῇ
2544 2814 2814 2884 ἐνεργείᾳ,
2850 2814 3024 2884 ἧτοιὴ
3058 2815 3376 2878 ὑπόστασις.

2317 2901 2416 2970 ρλ’.
2435 2905 2495 2955 Οἱ
2517 2905 2770 2968 ἐναντίοι,
2801 2907 2866 2957 ἐκ
2884 2905 2977 2958 τοῦ
2997 2907 3084 2958 τὸν
3109 2906 3368 2974 Θεολόγον
3385 2905 3618 2960 ἐνταῦθα
3637 2909 3829 2976 φάναι,

2244 2990 2306 3043 Εἰ
2359 2991 2418 3044 δέ
2484 2993 2735 3062 ἐνέργεια
2769 2994 3194 3064 ἐνεργηθήσεται
3239 2999 3331 3046 καὶ
3387 2998 3486 3048 οὐκ
3520 2997 3827 3066 ἐνεργήσει,

2243 3080 2337 3131 καὶ
2363 3079 2500 3150 ὁμοῦ
2535 3082 2596 3133 τὸ
2627 3083 2989 3154 ἐνεργηθῆναι
3047 3084 3338 3151 παύσεται,
3383 3086 3603 3155 κτιστὴν
3630 3087 3825 3139 ἐντεῦ·⁵

2244 3171 2338 3226 θεν
2382 3174 2690 3244 ὑπενόησαν
2724 3175 2816 3228 καὶ
2867 3176 3216 3244 ἀπεφήναντο
3277 3176 3378 3246 τὴν
3417 3177 3570 3230 θείαν
3619 3178 3824 3248 ταύτην

2240 3263 2545 3334 ἐνέργειαν.
2613 3265 2917 3335 Ἠγνόησαν
2965 3267 3074 3334 γὰρ
3101 3268 3181 3320 ὅτι
3219 3268 3280 3321 τὸ
3335 3268 3676 3342 ἐνεργεῖσθαι
3731 3272 3823 3325 καὶ

2241 3354 2335 3405 ἐπὶ
2360 3353 2469 3406 τῶν
2498 3355 2770 3408 ἀκτίστων
2798 3357 3046 3424 λέγεται,
3089 3358 3164 3422 ὡς
3202 3361 3299 3413 καὶ
3325 3363 3352 3413 6
3382 3359 3645 3429 Θεολόγος
3670 3358 3823 3425 οὗτος

2241 3440 2511 3495 δείκνυσιν
2542 3443 2778 3511 ἀλλαχοῦ
2821 3446 3048 3517 γράφων
3076 3464 3088 3476 ·
3127 3449 3189 3501 Εἰ
3237 3448 3294 3502 δέ
3324 3451 3603 3520 ἐνεργείας
3655 3453 3823 3523 ὄνομα

2239 3533 2268 3585 6
2292 3533 2500 3604 Πατὴρ,
2535 3534 2693 3588 τοῦτο
2739 3539 3043 3608 ἐνηργηκδς
3075 3538 3140 3592 ἂν
3166 3539 3251 3610 εἴη
3275 3542 3339 3592 τὸ
3368 3544 3824 3612 ὀμοούσιον.Φησὶ

2239 3624 2293 3676 δὲ
2327 3625 2421 3677 καὶ
2448 3627 2476 3676 6
2505 3627 2860 3697 Δαμασκηνὸς
2890 3633 2917 3682 6
2939 3629 3196 3701 θεοφόρος
3231 3647 3246 3662 ·
3297 3633 3385 3685 Ἐν
3409 3633 3555 3704 δεξιᾷ
3584 3635 3680 3687 τοῦ
3713 3637 3824 3689 Πα-

2245 3715 2373 3785 τρὸς
2404 3716 2433 3768 6
2474 3717 2710 3787 Χριστὸς
2770 3720 3013 3784 ἐκάθισε,
3075 3721 3273 3786 θεῖκῶς
3324 3725 3560 3796 ἐνεργῶν
3590 3726 3690 3795 τὴν
3717 3728 3823 3778 τῶν

2235 3806 2373 3860 ὅλων
2393 3807 2670 3878 πρόνοιαν.
2690 3810 2828 3863 Ἀλλ’
2855 3813 2974 3866 οὐδὲ
2998 3813 3079 3877 τὸ,
3117 3815 3451 3880 κατέπαυσε,
3482 3816 3558 3884 τῷ
3579 3817 3821 3888 ἁκτίστῳ

2235 3896 2335 3966 τῆς
2365 3898 2645 3968 ἐνεργείας
2677 3902 3059 3970 προσίσταται.
3089 3903 3248 3958 Κατὰ
3277 3906 3387 3976 γὰρ
3418 3905 3478 3958 τὸ
3500 3907 3818 3976 δημιουγείν

2234 3986 2462 4058 ἄρχεται
2504 3992 2532 4042 6
2580 3991 2712 4056 Θεὸς
2764 3994 2859 4046 καὶ
2908 3993 3180 4048 παύεται*
3235 3995 3312 4058 ὡς
3364 3996 3461 4050 καὶ
3507 3997 3536 4047 ὁ
3582 3999 3816 4065 Μωῦσῆς

2234 4093 2422 4162 φησιν,
2453 4079 2534 4133 ὅτι
2579 4100 2596 4132 ι
2625 4083 2984 4140 Κατέπαυσεν
3007 4085 3183 4148 όΘεὸς
3205 4087 3315 4139 ἀπὸ
3344 4090 3560 4143 πάντων
3595 4091 3701 4142 τῶν
3721 4091 3811 4162 ἔρα

2231 4182 2344 4234 γων
2395 4161 2468 4221 ὧν
2497 4169 2701 4238 ἤρξατο
2748 4172 2994 4242 ποιῆσαι.
3044 4191 3063 4224 ι
3104 4173 3178 4226 Τὸ
3233 4176 3415 4245 μέντοι
3465 4161 3809 4248 δημιουργεῖν

2230 4257 2388 4311 τοῦτο
2433 4260 2554 4312 καθ’
2585 4261 2612 4313 ὃ
2641 4262 2870 4332 ἄρχεται
2898 4264 2925 4314 6
2959 4263 3092 4328 Θεὸς
3149 4267 3245 4318 καὶ
3293 4265 3552 4333 παύεται,
3612 4266 3807 4337 φυσική

2229 4349 2325 4404 καὶ
2346 4350 2605 4414 ἅκτιστός
2643 4355 2794 4406 ἐστιν
2829 4355 3078 4426 ἐνέργεια
3109 4356 3267 4411 Θεοῦ.

2302 4440 2434 4510 pla}.
2482 4441 2538 4494 '0
2563 4444 2702 4506 θεῖος
2739 4444 2898 4509 αὖθις
2946 4448 3328 4518 Δαμασκηνὸς,
3360 4449 3499 4518 μετὰ
3528 4450 3588 4502 τὸ
3639 4450 3808 4502 εἰπεῖν

2227 4532 2310 4585 ὅτι
2356 4531 2609 4602 ἐνέργειά
2655 4536 2805 4588 ἐστιν
2852 4537 2884 4607 ἡ
2939 4537 3207 4608 δραστικὴ
3261 4539 3357 4592 καὶ
3405 4540 3672 4610 οὑσιώδης
3713 4540 3807 4610 τῆς

2228 4623 2445 4693 φύσεως
2503 4625 2741 4697 κίνησις,
2797 4627 2965 4681 θέλων
3018 4629 3211 4696 δεῖξαι,
3268 4631 3344 4694 ὡς
3402 4632 3499 4703 τὴν
3553 4635 3805 4703 τοιαύτην

2233 4716 2522 4788 ἐνέργειαν
2542 4721 2569 4770 ό
2600 4719 2856 4786 Θεο).όγος
2882 4717 3034 4772 εἶπεν
3071 4723 3409 4793 ἐνεργεῖσθαι
3427 4740 3487 4775 τε
3520 4725 3613 4776 καὶ
3638 4725 3802 4776 παύε-

2235 4808 2377 4873 σθαι,
2421 4810 2865 4880 προσεπήνεγκεν
2899 4827 2913 4842 ·
2958 4811 3176 4878 Ἰστέον,
3228 4813 3302 4877 ὡς
3352 4815 3386 4884 ἡ
3443 4815 3692 4884 ἐνέργεια
3720 4817 3802 4866 κί-

2232 4899 2386 4968 νησίς
2421 4901 2560 4964 ἐστι,
2587 4901 2681 4952 καὶ
2707 4903 3012 4971 ἐνεργεῖται
3041 4904 3238 4973 μᾶλλον
3269 4905 3301 4975 ἢ
3332 4908 3584 4977 ἐνεργεῖ,
3623 4907 3802 4969 καθώς

2231 5005 2393 5057 φησιν
2429 4991 2457 5042 6
2486 4989 2743 5058 Θεολόγος
2781 4991 3102 5064 Γρηγόριος,
3146 4996 3202 5048 ἐν
3247 4995 3325 5066 τῷ
3359 4999 3485 5068 περὶ
3512 4998 3604 5051 τοῦ
3645 4999 3800 5064 ἁγίου

2232 5079 2544 5150 Πνεύματος
2583 5079 2747 5152 λόγῳ.
2798 5084 2861 5136 Ei
2893 5084 2948 5137 δὲ
3001 5088 3249 5158 ἐνέργειά
3297 5090 3462 5150 ἐστιν.
3497 5091 3798 5160 ἐνεργηθή-

2231 5188 2380 5225 σεται
2445 5171 2685 5244 δηλονότι
2745 5176 2840 5228 καὶ
2889 5178 2991 5230 οὐκ
3053 5181 3357 5250 ἐνεργήσει,
3414 5181 3506 5233 καὶ
3551 5181 3688 5250 ὁμοῦ
3737 5183 3797 5236 τὺ

2228 5263 2587 5333 ἐνεργηθῆναι
2631 5265 2919 5323 παύσεται.
2969 5271 3202 5342 Φανερὸν
3249 5268 3342 5326 οὖν
3371 5272 3446 5334 ὡς
3475 5273 3523 5325 οί
3574 5276 3641 5328 τὰ
3689 5275 3796 5328 τῶν

2228 5355 2488 5409 ἐναντίων
2550 5359 2898 5428 φρονοῦντες,
2931 5362 3152 5434 κτιστὴν
3200 5359 3340 5417 εἶναι
3379 5365 3792 5433 δογματίζοντες

2226 5446 2291 5516 ἣν
2317 5447 2550 5500 ἐνταῦθα
2580 5450 2876 5520 Γρηγόριος
2900 5455 2927 5505 6
2949 5453 3207 5521 Θεολόγος
3240 5454 3460 5525 εἴρηκεν
3488 5459 3786 5528 ἐνέργειαν,

2226 5539 2393 5610 αὐτὴν
2419 5541 2517 5612 τὴν
2551 5543 2783 5614 φυσικὴν
2811 5547 2902 5597 καὶ
2934 5547 3160 5617 οὐσιὼδη
3198 5548 3290 5602 τοῦ
3319 5549 3448 5602 Θεοῦ
3483 5551 3786 5620 ἐνέργειαν,
