4122 6322
323 363 460 428 PH

1241 387 1512 448 CAPITA
1559 383 1913 450 PHYSICA.
1953 381 2467 454 THEOLOGICA,
2503 381 2643 441 ETC

3431 373 3568 439 12M

329 481 709 550 ςρενοσλασῶς
759 483 839 546 εις
883 486 1086 554 κτίσμα
1126 489 1476 540 κατασπῶσιν
1506 505 1520 520 ·
1558 487 1624 559 ἢν
1672 489 1702 540 6
1753 487 1894 555 ἱερὸς

2011 494 2319 556 ostendens,
2372 493 2667 546 increatant
2716 503 2841 544 esse
2894 486 3305 548 demonstravit,
3356 486 3408 536 in
3464 485 3567 536 hoc

327 572 705 640 Δαμασκηνὸς,
767 576 840 644 μὴ
900 576 1298 645 ἐνεργουμένην
1365 579 1544 646 μόνον,
1605 577 1744 630 ἀλλὰ
1801 578 1895 630 καὶ

325 662 652 732 ἐνεργοῦσαν
713 667 1012 737 ὑποφήνας,
1071 668 1322 722 ᾶκτιστον
1371 671 1718 739 ὑπάρχουσαν
1757 686 1898 738 παρ-

2001 603 2106 640 non
2148 587 2438 642 dissonans
2481 600 2508 637 a
2543 585 2926 653 cognominata
2969 579 3268 650 Theologo,
3321 578 3463 632 sicut
3511 576 3565 629 in

1998 692 2253 734 sermone
2283 691 2404 732 meo
2429 678 2536 730 late
2563 676 2847 742 prohatntn
2879 684 2980 727 est.

323 750 553 816 ἐστησεν
582 793 598 818 ,
650 755 798 815 ὅπως
845 771 910 822 γε
965 757 1072 826 μὴν
1133 760 1192 811 οὺ
1244 760 1504 827 διαφωνεῖ
1544 763 1683 815 κατὰ
1733 763 1895 816 τοῦτο
1944 762 2078 832 πρὸς
2112 758 2203 812 τὸν
2229 760 2326 827 τῆς
2357 758 2634 824 θεολογίας
2665 757 2972 826 ἐπώνυμον,
3017 759 3078 809 ἂν
3149 756 3254 817 τοῖς
3297 754 3384 806 διὰ
3415 753 3550 806 πλά-

325 855 450 898 τους
484 854 575 906 μοι
599 837 775 904 λόγοις
801 837 1194 891 ἀποδέδεικται.

397 925 528 998 ρλβ’.
568 928 648 980 Τὰ
696 928 1037 982 ὑποστατικὰ
1085 929 1372 1000 ἰδιώματα,
1416 930 1765 1001 ἀναφορικῶς
1795 933 1898 984 κάν

323 1021 401 1091 τῷ
427 1019 546 1090 θεῷ
575 1020 924 1091 προσάλληλα
950 1023 1188 1089 λέγεται.
1221 1024 1330 1076 Καὶ
1351 1024 1698 1094 διαφέρουσιν
1731 1024 1899 1094 aut].

326 1115 432 1167 λων
461 1115 517 1166 αἱ
545 1114 896 1176 ὑποστάσεις,
929 1115 1043 1168 ἀλλ’
1078 1119 1139 1169 οὐ
1169 1117 1288 1170 κατ’
1319 1119 1525 1172 οὐσίαν.
1567 1119 1722 1170 Ἐστι
1747 1118 1789 1172 δ’
1823 1120 1898 1182 ὡς

327 1207 423 1259 καὶ
455 1207 592 1275 πρὸς
640 1207 738 1276 τὴν
786 1207 962 1260 κτίσιν
1010 1209 1358 1279 ἀναφορικῶς
1399 1213 1427 1262 6
1477 1211 1610 1274 Θεὸς
1657 1210 1893 1278 λέγεται.

328 1297 400 1347 Οὐ
458 1295 564 1364 γὰρ
617 1295 805 1369 ὥσπερ
855 1295 1073 1364 λέγεται
1130 1299 1472 1368 προαιὼνιος,
1535 1300 1896 1371 προάναρχος,

330 1388 522 1453 μέγας,
563 1388 790 1453 ἀγαθὸς,
847 1386 981 1450 Θεὸς
1014 1390 1048 1457 ή
1100 1390 1341 1456 παναγία
1392 1389 1583 1459 Τριὰς,
1633 1389 1775 1443 οὕτω
1802 1391 1896 1442 δύ-

327 1494 482 1529 ναται
541 1478 796 1544 λέγεσθαι
849 1480 942 1531 καὶ
982 1481 1172 1550 Πατήρ
1204 1497 1220 1511 ⁸
1267 1482 1328 1534 οὐ
1369 1481 1480 1552 γὰρ
1529 1483 1731 1551 ἑκάστη
1789 1483 1898 1536 τῶν

329 1567 702 1633 ὑποστάσεων,
733 1568 869 1622 ἀλλὰ
895 1569 996 1638 μία
1017 1570 1126 1622 τῶν
1158 1570 1325 1641 τριῶν
1358 1571 1592 1642 ὑπάρχει
1620 1574 1648 1624 6
1672 1573 1861 1642 Πατήρ
1880 1590 1893 1603 ·

328 1658 386 1722 ἐξ
417 1651 478 1708 οὗ
512 1657 606 1710 καὶ⁸
633 1657 713 1719 εἰς
747 1657 806 1709 ὃν
843 1659 1104 1728 ἀνάγεται
1132 1662 1198 1714 τὰ
1227 1661 1376 1731 ἑξῆς.
1407 1663 1548 1732 Πρὸς
1583 1663 1766 1732 μέντοι
1798 1666 1897 1734 τὴν

330 1747 524 1807 κτίσιν,
566 1747 656 1800 διὰ
695 1749 756 1801 τὸ
789 1749 845 1801 ἓν
879 1749 1039 1820 ἔργον
1070 1748 1208 1805 εἶναι
1233 1754 1342 1806 τῶν
1361 1754 1554 1830 τριῶν,
1580 1755 1645 1806 ὲκ
1671 1754 1895 1823 μηδαμῆ

2069 925 2193 980 132.
2226 925 2540 980 Personalia
2565 927 2823 980 idiomata
2845 928 3007 982 etiam
3034 927 3090 981 in
3117 928 3226 982 Deo
3251 929 3476 984 relative
3501 928 3569 984 ad

1997 1033 2058 1073 se
2092 1019 2323 1072 invicem
2355 1019 2626 1073 dicuntur.
2659 1018 2724 1072 Et
2749 1021 3021 1074 distincta
3040 1030 3168 1076 sunt
3195 1037 3223 1075 a
3256 1022 3568 1075 seinvicem

2001 1126 2268 1180 personae,
2293 1125 2400 1166 non
2424 1121 2601 1166 tamen
2622 1116 2917 1167 secundum
2938 1113 3570 1182 essentiam.Aliquando

1998 1201 2162 1254 etiam
2191 1201 2416 1256 relative
2445 1206 2512 1256 ad
2543 1213 2848 1257 creaturam
2875 1203 3014 1258 Deus
3035 1205 3251 1258 dicitur.
3286 1203 3398 1259 Non
3423 1205 3570 1258 enim

2001 1293 2343 1348 sanctissima
2374 1294 2638 1361 Trinitas,
2671 1304 2730 1348 ιιι
2759 1295 2958 1348 dicitur
2988 1305 3243 1359 aeternus,
3275 1298 3394 1351 sine
3425 1298 3576 1365 prin-

2001 1387 2164 1455 cipio,
2186 1401 2414 1456 magnus
2443 1387 2726 1456 bOnusque
2746 1389 2908 1451 Deus,
2941 1388 3023 1442 sic
3044 1389 3147 1442 dici
3168 1400 3346 1456 posset
3379 1387 3574 1446 Pater:

2002 1494 2106 1532 non
2136 1480 2282 1533 enim
2333 1494 2672 1549 unaquaeque
2705 1495 3094 1549 personarum,
3129 1483 3226 1536 sed
3279 1495 3384 1534 una
3413 1481 3574 1535 trium

2004 1571 2165 1624 Pater
2203 1581 2309 1637 est,
2337 1585 2368 1625 a
2397 1587 2508 1640 quo
2541 1582 2670 1626 sunt
2708 1582 2766 1626 et
2793 1574 2858 1626 ad
2889 1587 3051 1642 quem
3087 1570 3399 1626 referuntur
3432 1573 3572 1626 alite.

2003 1661 2250 1717 Relative
2282 1671 2461 1717 tamen
2485 1663 2552 1718 ad
2576 1673 2906 1731 creaturam,
2939 1665 3067 1732 quia
3100 1673 3187 1717 est
3211 1678 3376 1716 unum
3410 1666 3574 1718 trium

2003 1767 2144 1821 Opus
2171 1767 2236 1808 ex
2271 1769 2424 1810 mero
2453 1755 2624 1810 nihilo
2671 1755 3016 1824 productum,
3049 1771 3079 1810 a
3130 1756 3257 1810 [iliis
3303 1755 3576 1810 communi

332 1840 593 1910 μηδαμῶς
639 1841 789 1904 ὄντος
834 1845 1126 1912 προαχθὲν,
1177 1846 1270 1897 καὶ
1325 1844 1413 1897 διὰ
1457 1845 1564 1900 τῶν
1616 1845 1747 1898 υἱῶν
1794 1845 1898 1898 ὑπὸ

2011 1845 2169 1899 trium
2213 1845 2390 1915 gratia
2440 1847 2506 1898 ad
2537 1847 2810 1900 actionem
2856 1846 3074 1902 donatis
3115 1845 3357 1901 Trinitas
3394 1847 3574 1902 vocari

329 1933 426 2000 τῆς
479 1933 889 2001 χορηγουμένης
939 1935 1122 2002 κοινῆς
1177 1935 1285 1988 τῶν
1338 1937 1505 2006 τριῶν
1550 1937 1770 2008 χάριτος
1818 1938 1899 2000 εις

329 2021 562 2089 ποίησιν,
589 2023 773 2094 Πατὴρ
801 2025 998 2093 λέγοιτ’
1023 2026 1090 2080 ἂν
1113 2028 1208 2081 καὶ
1233 2030 1265 2098 ἡ
1293 2029 1482 2099 Τριάς.
1516 2029 1610 2094 Τὸ,
1639 2047 1659 2079 t
1694 2029 1896 2098 Κύριος

329 2115 356 2164 6
393 2113 523 2175 Θεός
562 2130 682 2179 σου,
716 2115 917 2186 Κύριος
968 2112 1046 2182 εἷς
1080 2119 1228 2173 ἐστιν
1261 2136 1273 2149 ·
1319 2139 1337 2172 ι
1378 2121 1469 2172 κα¹ι
1517 2121 1598 2183 τὸ,
1651 2141 1670 2171 ι
1710 2119 1898 2186 Πατὴρ

329 2204 486 2270 ἡμῶν
513 2197 590 2266 εἷς
634 2207 662 2257 6
690 2207 746 2258 ὲν
776 2210 888 2270 τοῖς
929 2208 1200 2278 οὐρανοῖς,
1229 2227 1247 2261 t
1292 2210 1389 2263 ἕνα
1422 2210 1624 2276 Κύριον
1652 2213 1746 2262 καὶ
1767 2207 1901 2262 θεὸν

336 2301 497 2374 ἡμῶν
541 2301 643 2373 τὴν
689 2303 849 2371 ἁγίαν
882 2303 1088 2372 Τριάδα
1120 2303 1279 2374 φησὶ,
1315 2303 1410 2357 καὶ
1448 2301 1514 2374 δὴ
1544 2302 1638 2357 καὶ
1691 2303 1913 2374 Πατέρα

336 2395 517 2465 ἡμῶν,
563 2396 652 2449 διὰ
698 2396 797 2465 τῆς
837 2395 1002 2450 αὐτοῦ
1049 2397 1264 2467 χάριτος
1301 2396 1448 2466 ἡμᾶς
1505 2394 1910 2462 ἀναγεννῶντα,

338 2485 555 2554 λέγεται
586 2487 958 2558 ἁναφορικῶς,
986 2486 1239 2560 καθάπερ
1261 2486 1476 2556 ἔφημεν
1504 2503 1517 2517 ο
1550 2486 1644 2539 καὶ
1672 2487 1700 2538 6
1727 2485 1913 2554 Πατὴρ

343 2577 522 2647 μόνος.
559 2577 696 2648 πρὸς
743 2579 834 2632 τὶν
885 2563 1169 2647 όμοούσιον
1219 2578 1349 2632 Υιὸν
1410 2579 1624 2646 Πατήρ.
1670 2576 1728 2630 ’0
1756 2577 1914 2637 αὐτὸς

339 2671 397 2724 δὲ
418 2671 632 2732 λέγεται
660 2671 754 2724 καὶ
786 2671 930 2741 ἁρχὴ
956 2671 1091 2741 πρὸς
1107 2673 1198 2724 τὸν
1221 2671 1348 2724 Υίὸν
1366 2689 1427 2724 τε
1456 2671 1552 2723 καὶ
1577 2671 1639 2723 τὸ
1669 2670 1912 2738 Πνεῦμα.

341 2761 575 2829 Λέγεται
607 2762 665 2815 δὲ
721 2763 816 2816 καὶ
873 2765 1006 2832 πρὸς
1051 2763 1151 2831 τὴν
1203 2763 1379 2818 κτίσιν
1436 2764 1466 2816 6
1513 2763 1702 2834 Πατὴρ
1750 2762 1912 2833 ἀρχὴ,

341 2853 455 2907 ἀλλ’
487 2855 562 2916 ὡς
589 2855 816 2925 κτίστης
849 2857 941 2909 καὶ
971 2854 1250 2925 Δεσπότης
1281 2857 1501 2909 πάντων
1530 2857 1640 2910 τῶν
1685 2857 1919 2926 κτισμά-

339 2962 471 3003 των.
506 2949 675 3001 Ὅταν
725 2944 818 3002 οὖν
864 2948 1038 3002 ταῦτα
1084 2949 1224 3019 πρὸς
1276 2949 1377 3018 τὴν
1429 2951 1606 3003 κτίσιν
1657 2950 1686 3002 6
1729 2949 1918 3017 Πατὴρ

343 3045 594 3112 λέγηται,
620 3043 763 3112 ἀρχή
799 3025 930 3094 ’ἐστι
984 3043 1076 3094 καὶ
1137 3043 1166 3094 6
1219 3041 1368 3105 Υίὸς,
1415 3042 1511 3095 καὶ
1549 3040 1649 3094 οὐκ
1683 3041 1790 3094 εἰσὶ
1824 3041 1918 3094 δύο

343 3137 530 3207 ἀρχαὶ,
563 3135 698 3188 ἀλλὰ
726 3133 825 3204 μία
851 3151 864 3164 ο
907 3136 1004 3188 καὶ
1040 3135 1151 3205 γὰρ
1173 3133 1522 3204 ἀναφορικῶς
1557 3133 1774 3201 λέγεται
1820 3133 1916 3186 καὶ
1934 3163 1978 3222 C

341 3229 369 3280 6
400 3227 527 3289 Υίὺς
552 3223 716 3295 ἀρχὴ,
749 3225 822 3286 ὡς
854 3225 991 3293 πρὸς
1021 3225 1121 3295 τὴν
1151 3225 1352 3284 κτίσιν,
1373 3223 1564 3295 ῶσπερ
1590 3227 1685 3277 καὶ
1713 3225 1917 3277 Δεσπό-

341 3333 440 3384 της
483 3316 619 3384 πρὸς
678 3315 746 3368 τὰ
795 3314 976 3369 δοῦλα.
1015 3314 1224 3368 Οὐκοῦν
1273 3317 1302 3368 6
1340 3315 1528 3386 Πατὴρ
1571 3316 1667 3368 καὶ
1719 3315 1749 3367 ὁ
1792 3315 1918 3376 Υίὸς

345 3407 485 3476 μετὰ
513 3406 606 3459 τοῦ
636 3406 973 3476 Πνεῦματος,
1012 3406 1088 3469 ὡς
1136 3406 1274 3476 πρὸς
1309 3407 1408 3478 τὴν
1439 3407 1615 3460 κτίσιν
1644 3408 1742 3476 μία
1773 3407 1914 3477 ἀρχή

343 3503 458 3552 ἐστι
515 3498 609 3550 καὶ
658 3491 736 3560 εἷς
783 3499 1082 3569 Δεσπότης,
1139 3502 1234 3552 καὶ
1271 3492 1352 3561 είς
1405 3499 1650 3567 κτίστης,
1693 3501 1788 3554 καὶ
1835 3493 1916 3561 εἷς

341 3591 472 3654 θεός
531 3607 591 3643 τε
641 3593 736 3644 καὶ
776 3591 988 3662 Πατὴρ,
1035 3591 1130 3645 καὶ
1178 3590 1516 3662 προμηθεὺς,
1559 3594 1653 3643 καὶ
1699 3591 1915 3660 ἔφορος,

343 3687 436 3737 καὶ
485 3683 654 3737 τᾶλλα
711 3684 910 3737 πάντα.
966 3685 1078 3736 Καὶ
1102 3683 1212 3736 τῶν
1235 3683 1492 3736 τοιούτων
1541 3684 1771 3738 ἕκαστον
1818 3685 1918 3738 οῦκ

344 3778 490 3830 ἔστιν
523 3776 678 3830 οὐσία
707 3791 720 3805 ·
761 3775 819 3827 οὐ
871 3775 977 3845 γὰρ
1028 3774 1092 3827 ἂν
1142 3775 1280 3845 πρὸς
1335 3775 1521 3847 ἕτερον
1571 3775 1918 3847 ἀναφορικῶς

344 3870 578 3938 ἐλέγετο,
601 3869 758 3938 εἴπερ
783 3863 850 3938 ἦν
886 3867 1050 3920 αὐτοῦ
1077 3868 1256 3921 οὐσία.

418 3960 552 4029 ρλγ’.
585 3960 793 4022 Θέσεις,
854 3960 945 4011 καὶ
980 3959 1144 4024 ἕξεις,
1202 3961 1297 4012 καὶ
1331 3959 1507 4021 τόποι,
1569 3961 1662 4014 καὶ
1713 3960 1917 4030 χρόνοι,

346 4053 438 4104 καὶ
466 4053 584 4104 εἴτι
606 4051 867 4114 τοιοῦτον,
901 4052 960 4104 οὐ
987 4053 1189 4122 κυρίως
1218 4054 1312 4104 ἐπὶ
1329 4052 1464 4105 θεοῦ
1486 4051 1754 4120 λέγονται,
1785 4052 1919 4106 ἀλλὰ

349 4143 750 4212 μεταφορικῶς.
793 4145 863 4195 Τὸ
894 4143 952 4195 δὲ
993 4146 1164 4195 ποιεῖν
1197 4145 1291 4196 καὶ
1320 4145 1584 4214 ἐνεργεῖν,
1619 4145 1712 4197 ἐπὶ
1755 4144 1918 4214 μόνου

344 4235 438 4288 τοῦ
463 4235 599 4288 Θεοῦ
621 4236 963 4306 ἀληθέστατα
993 4235 1058 4289 ἂν
1084 4236 1295 4304 λέγοιτο
1331 4252 1343 4266 ο
1393 4237 1552 4308 μόνος
1596 4237 1704 4308 γὰρ
1729 4240 1757 4290 6
1789 4238 1918 4302 Θεὸς

347 4331 531 4382 ποιεῖ·
582 4329 740 4391 αὐτὸς
786 4329 842 4382 δὲ
890 4330 950 4382 οὐ
1005 4329 1215 4397 γίνεται
1254 4329 1377 4382 οὐδὲ
1426 4329 1649 4400 πάσχει,
1685 4333 1808 4385 ὅσον
1841 4334 1920 4395 είς

343 4421 442 4490 τὴν
496 4419 662 4473 αὑτοῦ
719 4421 909 4473 οὐσίαν
957 4421 1190 4490 ἁνήκεν
1228 4423 1322 4474 καὶ
1375 4422 1533 4492 μόνος
1567 4422 1654 4478 διὰ
1706 4426 1922 4477 πάντων

2003 1939 2169 1992 etiam
2219 1944 2404 2005 posset
2437 1935 2618 1992 Pater.
2649 1936 2790 1990 lllttd
2821 1937 2966 1991 enim
3011 1953 3029 1994 ι
3064 1954 3084 1988 t
3124 1936 3385 1992 Dominus
3436 1937 3579 1992 Deus

2007 2038 2132 2083 tuus
2166 2027 2427 2083 Dominus
2457 2044 2597 2084 unus
2626 2038 2713 2083 est
2740 2029 2835 2094 ⁸⁸⁵,
2887 2049 2908 2083 t
2945 2039 3000 2084 et
3027 2029 3156 2084 illud
3186 2045 3203 2084 :
3249 2048 3268 2081 ι
3302 2026 3456 2084 Unus
3494 2038 3580 2083 est

2003 2118 2166 2174 Pater
2190 2128 2378 2175 noster
2409 2120 2604 2188 quiest
2634 2120 2688 2175 in
2719 2122 2871 2176 caelis
2885 2120 2952 2187 “,
2985 2139 3003 2173 ι
3029 2137 3192 2176 unum
3215 2120 3499 2174 Dominum
3523 2129 3580 2175 et

2006 2210 2177 2266 Deum
2223 2221 2474 2267 nostrum
2502 2226 2627 2269 esse
2669 2213 2915 2266 indicant
2946 2222 3192 2267 sanctam
3228 2210 3578 2276 Trinitatem,

2005 2311 2062 2360 et
2096 2303 2263 2359 etiam
2314 2302 2527 2358 Patrem
2576 2314 2821 2358 nostrum
2867 2317 2964 2359 sua
3003 2303 3179 2374 gratia
3225 2319 3322 2356 nos
3359 2318 3581 2370 regene-

2008 2403 2220 2450 rantem
2258 2393 2483 2448 relative
2513 2394 2720 2458 vocari,
2759 2394 2906 2448 sicut
2937 2393 3177 2448 diximus
3217 2406 3232 2445 :
3278 2392 3382 2447 Sed
3417 2391 3578 2448 Pater

2008 2485 2158 2541 solus
2228 2487 2457 2542 relative
2523 2491 2594 2541 ad
2652 2485 3175 2540 consubstantialem
3243 2484 3435 2538 Filium
3495 2494 3580 2540 est

2006 2578 2186 2634 Pater.
2214 2579 2360 2633 ltlem
2393 2593 2612 2647 quoque
2642 2577 2972 2648 principium
3013 2577 3216 2632 dicitur
3248 2577 3472 2630 relative
3513 2580 3581 2630 ad

2009 2672 2204 2726 Filium
2237 2681 2291 2725 et
2310 2672 2572 2739 Spiritum
2608 2679 2879 2724 sanctum.
2913 2669 3123 2723 Dicitur
3147 2670 3313 2723 ctiam
3359 2669 3585 2726 relative

2007 2763 2076 2819 ad
2095 2774 2378 2819 creaturas
2396 2764 2561 2820 Pater
2583 2762 2930 2832 principium,
2959 2763 3052 2818 sed
3077 2773 3334 2832 tanquam
3361 2762 3584 2818 Creator

2009 2864 2064 2910 et
2137 2855 2397 2910 Dominus
2454 2855 2633 2909 omnis
2695 2863 2979 2910 creatura.
3047 2848 3182 2909 Cum
3243 2865 3421 2909 autem
3499 2857 3580 2910 sic

2009 2958 2236 3003 vocalur
2268 2947 2428 3002 Pater
2459 2949 2762 3016 respective
2802 2949 2870 3002 ad
2914 2958 3220 3013 creaturas,
3253 2948 3579 3018 principium

2009 3055 2228 3110 quoque
2253 3039 2421 3094 Filius
2447 3046 2556 3104 est,
2597 3046 2653 3090 et
2680 3054 2791 3093 non
2824 3047 2953 3093 sunt
2982 3040 3090 3092 duo
3142 3038 3431 3108 principia,
3484 3037 3580 3091 sed

2011 3149 2216 3195 unum;
2253 3147 2378 3186 nam
2416 3132 2536 3201 ipse
2572 3130 2742 3185 Filius
2767 3131 2968 3185 dicitur
3003 3129 3332 3199 principium
3363 3128 3588 3183 relative

2007 3227 2076 3281 ad
2126 3233 2328 3283 creata.
2391 3225 2536 3279 sicut
2573 3231 2628 3277 et
2670 3221 2942 3276 Dominus
2990 3224 3057 3276 ad
3085 3221 3399 3276 servientia.
3445 3221 3587 3290 Ergo

2010 3317 2168 3370 Pater
2197 3327 2251 3370 et
2279 3313 2447 3369 Filius
2477 3331 2601 3368 cum
2626 3315 2828 3382 Spiritu
2863 3313 3166 3383 rcspective
3193 3312 3260 3366 ad
3279 3324 3585 3366 creaturam

2010 3424 2178 3463 unum
2210 3418 2338 3464 sunt
2370 3407 2724 3478 principium,
2755 3414 2811 3462 et
2844 3421 2988 3462 unus
3035 3405 3315 3468 Dominus,
3357 3415 3412 3459 et
3444 3419 3586 3459 unus

2009 3504 2262 3570 Creator,
2316 3515 2372 3559 et
2418 3519 2557 3558 unus
2595 3505 2738 3558 Deus
2781 3513 2837 3559 et
2866 3502 3047 3566 Pater,
3097 3512 3151 3558 et
3200 3501 3479 3571 providus,
3524 3511 3581 3555 et

2011 3608 2216 3662 custos,
2245 3609 2302 3652 et
2336 3595 2534 3652 caetera
2579 3596 2782 3649 omnia.
2820 3593 2885 3649 Et
2919 3596 3110 3649 horum
3164 3593 3590 3661 unumquodque

2013 3703 2121 3742 non
2149 3697 2232 3742 est
2253 3689 2530 3744 essentia:
2572 3701 2679 3740 ttun
2710 3686 2856 3741 enim
2889 3683 3114 3738 relative
3157 3683 3224 3737 ad
3258 3683 3402 3736 aliud
3443 3683 3589 3738 dice-

2015 3789 2189 3846 retur,
2217 3780 2263 3836 si
2290 3787 2436 3836 esset
2469 3779 2615 3834 illius
2650 3777 2917 3834 essentia.
3304 3785 3308 3796 '

2085 3960 2211 4014 133.
2244 3959 2412 4023 Situs,
2442 3957 2680 4022 habitus,
2711 3957 2849 4019 loca.
2881 3965 3146 4025 tempora,
3185 3963 3239 4010 et
3270 3955 3372 4010 alia
3403 3955 3594 4025 hujus-

2017 4051 2189 4116 modi,
2212 4065 2321 4104 non
2362 4051 2579 4118 proprie
2606 4051 2674 4103 de
2706 4049 2815 4102 Deo
2862 4049 3133 4114 dicuntur,
3181 4048 3276 4100 sed
3311 4051 3593 4116 metapho-

2018 4145 2152 4198 rice.
2180 4142 2384 4196 Facere
2404 4151 2583 4192 autem
2613 4150 2665 4192 et
2685 4137 2900 4207 operari
2932 4139 3001 4191 de
3027 4137 3146 4191 solo
3172 4137 3281 4190 Deo
3309 4137 3595 4190 verissime

2018 4237 2296 4290 dicuntur.
2333 4233 2494 4287 Solus
2524 4230 2668 4286 enim
2705 4231 2850 4284 Deus
2901 4228 3053 4293 facit,
3102 4231 3216 4297 ipse
3255 4238 3436 4281 autem
3485 4243 3591 4281 non

2023 4330 2084 4383 lit
2148 4341 2322 4396 neque
2377 4327 2599 4395 patitur,
2624 4324 2682 4378 in
2713 4332 2974 4388 quantum
3019 4321 3137 4391 ejus
3190 4321 3443 4374 essentia!
3488 4337 3592 4373 non

2021 4419 2300 4481 convenit,
2334 4425 2388 4471 ct
2433 4415 2580 4470 solus
2613 4429 2707 4484 per
2735 4413 2918 4467 omnia
2967 4412 3395 4480 unumquodque
3442 4410 3592 4474 facit,

345 4513 576 4566 ἕκαστον
611 4517 788 4566 ποιεῖ·
818 4515 912 4566 καὶ
938 4515 1095 4585 μόνος
1129 4517 1192 4566 ὲκ
1216 4513 1438 4584 μηδαμῆ
1468 4515 1730 4584 μηδαμῶς
1754 4515 1912 4570 ὄντων

2023 4521 2077 4566 et
2100 4509 2250 4565 solus
2277 4523 2340 4562 ex
2370 4507 2543 4560 nihilo
2577 4505 2730 4567 facit,
2759 4503 3187 4572 omnipotentem
3234 4503 3440 4555 habens
3469 4517 3597 4568 ope-

348 4610 507 4670 ποιεῖ,
559 4607 965 4677 παντοδύναμον
1026 4607 1164 4678 ἔχων
1209 4607 1307 4679 τὴν
1347 4609 1650 4679 ἐνέργειαν,
1704 4608 1826 4662 καθ’
1856 4609 1924 4680 ἢν

348 4700 442 4750 καὶ
473 4698 609 4770 πρὸς
667 4697 767 4766 τὴν
813 4696 989 4750 κτίσιν
1039 4698 1386 4767 ἁναφορικῶς
1435 4697 1684 4766 λέγεται,
1726 4699 1820 4750 καὶ
1863 4699 1923 4751 τὸ

346 4789 574 4859 δυνάμει
610 4788 724 4858 ἔχει
751 4803 764 4818 ο
803 4786 1026 4840 δύναται
1072 4789 1181 4858 γὰρ
1227 4790 1390 4850 αὐτὸς
1445 4790 1525 4851 εἰς
1576 4789 1674 4856 τὴν
1725 4789 1920 4844 ἑαυτοῦ

350 4878 513 4948 φύσιν
535 4897 588 4932 τι
616 4879 806 4932 παθεῖν
835 4879 988 4931 οὐδὲν
1014 4879 1244 4949 οὐδαμῆ.
1268 4879 1500 4933 Δύναται
1520 4880 1574 4933 δὲ
1609 4879 1920 4950 προσθεῖναι

349 4975 456 5034 τοῖς
515 4973 814 5042 ποιήμασιν
860 4975 909 5025 εί
964 4971 1246 5041 βούλοιτοο
1281 4972 1344 5025 τὸ
1395 4973 1493 5042 μὲν
1558 4976 1666 5043 γὰρ
1695 4973 1920 5036 δυνάμει

352 5065 544 5117 παθεῖν
582 5064 746 5134 ἔχειν,
786 5065 879 5118 καὶ
916 5063 1246 5134 προσλαϐεῖν
1272 5081 1326 5118 τι
1359 5066 1479 5118 κατ’
1519 5065 1729 5132 οὐσίαν,
1760 5066 1922 5120 ἀσθε-

351 5157 497 5218 νείας
518 5157 630 5209 ὲστί
667 5172 679 5185 ·
713 5156 773 5208 τὸ
815 5157 871 5208 δὲ
910 5156 1136 5225 δυνάμει
1165 5158 1340 5209 ποιεῖν
1365 5157 1530 5227 ἔχειν,
1576 5159 1670 5210 καὶ
1700 5175 1924 5229 προστι-

351 5247 499 5302 θέναι
518 5251 628 5311 τοῖς
667 5249 970 5318 ποιήμασιν
998 5249 1159 5301 ὁπότε
1195 5247 1458 5319 βούλοιτο,
1491 5249 1825 5320 θεοπρεποῦς
1860 5267 1921 5306 τε

353 5341 444 5393 καὶ
469 5340 980 5411 παντοκρατορικῆς
1014 5341 1215 5409 ἰσχύος.

425 5430 554 5500 ρλδ’.
589 5429 812 5482 Πάντων
841 5433 948 5484 τῶν
983 5431 1154 5484 ὄντων
1185 5434 1264 5495 είς
1303 5433 1436 5487 δέκα
1490 5435 1923 5504 συγκεφαλαιου-

358 5523 554 5588 μένων,
610 5523 797 5577 οὐσίαν
844 5523 1006 5591 λέγω,
1035 5527 1222 5592 ποσὸν,
1269 5527 1443 5591 ποιὸν,
1495 5530 1632 5599 πρός
1667 5547 1744 5595 τι,
1800 5530 1921 5596 ποῦ,

358 5615 509 5680 ποτὲ,
565 5617 762 5680 ποιεῖν,
825 5617 1090 5686 πάσχειν,
1143 5616 1322 5688 ἔχειν,
1375 5620 1610 5690 κεῖσθαι,
1665 5623 1760 5677 καὶ
1817 5623 1924 5676 τῶν

431 5802 495 5834 δι’
529 5800 684 5855 Deut,
715 5817 790 5868 γι,
829 5800 874 5855 ι,
956 5796 998 5830 ⁸⁸
1032 5797 1219 5851 Matth.
1261 5810 1417 5858 mit,
1461 5801 1502 5851 υ.

2025 4603 2318 4657 rationem.
2346 4600 2414 4654 Et
2457 4600 2597 4652 hanc
2647 4598 2814 4651 etiam
2870 4596 3097 4650 relative
3147 4597 3214 4648 ad
3261 4594 3593 4648 creationem

2026 4695 2226 4750 dicitur
2268 4693 2473 4747 habere
2523 4693 2580 4744 in
2629 4690 2864 4759 potentia
2910 4704 2924 4719 ο
2958 4688 3211 4758 quamvis
3266 4686 3410 4738 enim
3461 4686 3592 4738 nihil

2030 4801 2253 4857 prorsus
2284 4787 2337 4838 in
2373 4795 2568 4854 suapte
2595 4794 2787 4836 natura
2817 4781 2930 4853 pati
2975 4779 3168 4850 possit,
3205 4787 3384 4849 potest
3414 4787 3594 4830 tamen

2027 4893 2228 4948 augere
2279 4879 2634 4938 creationem,
2690 4874 2736 4928 si
2796 4871 2943 4928 velit.
2999 4870 3134 4924 Nam
3190 4883 3349 4940 posse
3389 4868 3498 4937 pati
3543 4876 3598 4921 et

2030 4973 2274 5039 recipere
2307 4977 2656 5038 augmentum
2689 4967 2740 5020 in
2772 4980 2870 5019 sua
2894 4963 3150 5028 essentia,
3179 4964 3392 5032 signum
3426 4961 3598 5029 impu-

2028 5062 2216 5117 tentia:
2262 5071 2376 5126 est;
2415 5064 2574 5131 posse
2615 5067 2794 5112 autem
2836 5071 2996 5127 agere
3021 5064 3078 5110 et
3124 5056 3261 5110 facta
3296 5056 3361 5107 ad
3405 5063 3595 5107 nutum

2027 5171 2247 5226 augere,
2275 5155 2513 5210 divinam
2545 5164 2600 5207 et
2628 5151 3054 5221 omnipotentem
3079 5150 3233 5204 decet
3255 5155 3595 5218 potestatem.

2101 5432 2222 5489 154.
2243 5429 2440 5486 Omnia
2478 5427 2630 5481 entia
2664 5423 3001 5478 reducuntur
3047 5425 3113 5475 atl
3154 5422 3340 5476 decem
3389 5427 3604 5486 catego-

2031 5531 2161 5594 rias,
2205 5539 2327 5595 quae
2359 5529 2488 5577 sunt
2531 5517 2862 5585 substantia,
2899 5517 3200 5586 quantitas,
3230 5511 3487 5582 qualitas,
3516 5521 3601 5562 re-

2029 5619 2186 5685 latio,
2218 5615 2396 5678 locus,
2426 5619 2662 5682 tempus,
2692 5607 2862 5675 actio,
2904 5608 3113 5680 passio,
3158 5605 3400 5666 habitus,
3435 5601 3614 5668 situs,L
