4102 6344
541 269 680 330 1ἳ15
1787 275 2176 337 GHEGORH

2223 277 2469 338 ΡΑ1.ΑΜ
2485 283 2541 336 .1".
3656 274 3841 339 1216

538 391 595 437 et
650 383 1283 449 insnbstantite'caateraa
1336 401 1531 443 omnes
1575 388 2013 446 considerantur.
2043 389 2109 442 At

2220 379 2417 450 ἐφεξῆς
2449 382 2516 452 τῇ
2542 381 2699 452 οὐσίᾳ
2722 381 3201 454 ἐνθεωρουμένων,
3223 386 3253 438 ό
3276 385 3409 450 Θεὸς
3429 387 3593 442 οὐσία
3627 389 3847 462 ὕπερ-

541 474 688 530 Deus
718 476 1023 531 substantia
1056 479 1600 548 supersnbstantialis
1627 492 1731 540 est.
1755 483 1808 534 in
1838 497 1943 550 qua
1976 497 2109 536 con-

540 564 859 618 siderantur
916 573 1126 619 tantum
1183 565 1376 621 relatio
1405 578 1458 622 et
1496 571 1664 632 actio,
1697 570 1898 623 nullam
1951 571 2002 624 itt
2046 586 2109 625 ea

543 657 818 710 lacientes
883 659 1334 727 compositionem
1395 671 1490 716 aut
1559 664 1934 717 mulationem.
1989 663 2113 732 Agit

541 748 684 800 enim
711 749 893 802 omnia
931 748 1092 816 Deus,
1123 751 1254 804 nihil
1289 751 1403 818 ipse
1434 753 1490 807 in
1527 756 1828 808 substantia
1876 758 2107 823 patiens.

545 840 640 892 Est
695 841 856 893 etiam
917 841 1147 897 Creator
1191 843 1414 897 relative
1455 845 1522 898 ad
1580 856 1910 910 creaturam,
1947 855 2111 917 atque

547 931 869 1000 principium
924 942 982 987 et
1033 931 1315 1002 Dominus,
1368 945 1636 1004 quatenus
1671 938 1786 992 lich
1843 938 1912 992 ab
1981 940 2101 1010 ipso

551 1035 739 1078 exorta
773 1033 857 1078 est
891 1039 954 1077 ac
981 1025 1271 1095 dependet.
1310 1027 1407 1082 Est
1454 1043 1673 1098 quoque
1700 1030 1864 1084 Pater
1904 1041 2110 1096 noster,

543 1116 716 1181 gratia
751 1131 848 1170 nos
883 1132 1234 1186 regenerans.
1269 1118 1364 1173 Est
1395 1119 1573 1174 adhuc
1599 1120 1761 1174 Pater
1789 1121 2012 1176 relative
2043 1123 2111 1176 ad

537 1216 802 1260 aeternum
859 1205 1076 1272 Filium,
1103 1219 1158 1263 et
1197 1209 1367 1263 Filius
1408 1210 1634 1266 relative
1666 1216 1730 1264 ad
1779 1213 2017 1279 Patrem,
2057 1224 2113 1268 et

550 1298 852 1361 procedens
887 1311 916 1349 a
949 1295 1108 1351 Patre
1146 1299 1408 1366 Spiritus,
1441 1302 1532 1368 qui
1570 1312 1652 1356 est
1691 1318 1815 1356 cum
1860 1301 2021 1359 Patre
2057 1315 2113 1358 et

543 1385 680 1440 Filio
699 1401 1001 1443 constemus
1041 1399 1095 1444 et
1113 1389 1272 1443 unius
1290 1390 1638 1459 ejusdemque
1657 1393 1990 1448 substantiae.
2009 1394 2112 1461 Qui

544 1493 674 1531 vero
706 1479 892 1532 dicunt
927 1479 1091 1534 Deum
1113 1497 1233 1535 esse
1267 1497 1472 1538 meram
1511 1484 1884 1551 substantiam,
1913 1487 1964 1540 in
2005 1502 2110 1557 qna

553 1571 731 1625 nullus
771 1572 958 1626 modus
995 1574 1253 1640 resideat,
1287 1577 1364 1629 sic
1397 1577 1665 1631 actionem
1708 1579 2112 1647 operationem-

550 1681 656 1730 qne
673 1673 726 1718 et
751 1665 1067 1720 relationem
1090 1668 1201 1722 Deo
1227 1669 1498 1724 auferunt.
1527 1670 1580 1725 Si
1609 1681 1790 1726 autem
1816 1672 1912 1727 ltas
1935 1673 2113 1728 inesse

548 1755 658 1810 Deo
693 1768 910 1826 negant,
938 1759 1070 1812 nihil
1103 1761 1233 1830 agit,
1265 1763 1412 1826 facit,
1441 1772 1535 1816 aut
1567 1775 1848 1832 operatur,
1888 1779 1990 1819 nec
2027 1775 2113 1820 est

547 1851 897 1920 principium,
926 1851 1155 1907 Creator
1195 1864 1291 1907 aut
1323 1852 1606 1918 Dominus,
1647 1869 1747 1909 nec
1789 1852 1952 1912 Pater
2013 1871 2115 1912 no-

541 1955 656 1998 ster
689 1954 770 1999 est
805 1946 1101 2000 secundum
1128 1947 1378 2016 gratiam.
1399 1945 1680 2012 Quomodo
1713 1947 1856 2001 enim
1881 1948 1997 2003 haec
2028 1964 2118 2003 es-

543 2043 650 2094 set,
683 2033 736 2086 in
770 2033 1073 2089 substantia
1121 2051 1219 2089 sua
1259 2037 1447 2090 modos
1479 2035 1762 2090 relationis
1789 2046 1845 2090 et
1883 2039 2114 2092 actionis

544 2139 654 2178 non
685 2125 936 2181 habens?
963 2124 1222 2181 Auferzur
1259 2128 1424 2181 etiam
1469 2141 1822 2196 personarum
1876 2129 2116 2183 diversa-

552 2229 671 2268 rum
706 2215 968 2283 Trinitas,
1007 2216 1051 2270 si
1072 2216 1215 2271 absit
1238 2231 1269 2271 a
1299 2216 1393 2272 Dei
1414 2218 1719 2272 substantia
1756 2219 1949 2275 modus
1978 2220 2114 2274 rela-

555 2307 742 2362 tionis.
775 2306 879 2373 Qui
910 2318 1090 2362 autent
1121 2323 1223 2363 nec
1256 2311 1433 2364 trinus
1466 2312 1714 2379 personis
1742 2325 1841 2364 nec
1870 2311 2112 2364 omnium

545 2394 809 2451 Dominus
833 2406 937 2463 est,
975 2413 1080 2452 non
1131 2407 1215 2453 est
1252 2397 1417 2454 Deus.
1458 2398 1616 2454 Atbei
1651 2413 1786 2470 ergo
1841 2409 1972 2456 sunt
2021 2402 2112 2470 qui

543 2489 622 2542 sic
647 2487 977 2544 adversariis
1007 2491 1376 2544 consentiunt.

613 2650 741 2706 135.
768 2649 941 2706 Habet
967 2649 1113 2706 Deus
1147 2651 1311 2707 etiam
1343 2653 1485 2723 quod
1513 2668 1620 2710 non
1662 2662 1746 2711 est
1774 2656 2110 2714 substantia.

537 2742 655 2798 Non
689 2752 868 2799 tamen
923 2745 1055 2814 quia
1105 2745 1208 2801 hoc
1240 2760 1345 2801 non
1377 2754 1462 2802 est
1495 2748 1824 2813 substantia,
1861 2747 1987 2804 ideo
2028 2757 2116 2804 est

543 2835 842 2891 accidens:
885 2836 1037 2902 Quod
1058 2836 1203 2891 enim
1229 2837 1374 2894 ltaud
1413 2838 1588 2895 solum
1621 2856 1729 2896 non
1753 2842 1979 2906 recedit,
2015 2841 2112 2896 sed

545 2941 645 2981 nec
697 2938 1051 2999 augmentum
1100 2937 1199 2983 aut
1241 2929 1679 2985 imminutionem
1728 2947 2114 3000 quamcunque

543 3017 736 3086 recipit
767 3028 860 3072 aut
903 3019 1129 3088 patitur,
1164 3019 1388 3076 minime
1438 3023 1786 3078 annumerari
1816 3031 1995 3092 potest
2018 3037 2113 3076 ac-

539 3111 868 3166 cidentibus.
903 3109 1008 3167 Sed
1036 3127 1100 3168 ex
1129 3126 1198 3167 eo
1227 3115 1374 3182 quod
1431 3129 1608 3183 neque
1655 3115 1908 3178 accidens
1934 3130 2111 3184 neque
2137 3103 2182 3164 C

539 3203 848 3258 substantia
901 3204 994 3270 sit,
1024 3220 1134 3259 non
1184 3205 1307 3260 ideo
1343 3220 1552 3262 merum
1581 3217 1666 3263 est
1728 3207 1976 3274 nihilum,
2012 3207 2109 3263 sed

550 3300 765 3357 exsistit
797 3311 851 3357 et
881 3301 1167 3358 verissime
1196 3304 1436 3359 exsistit.
1460 3303 1623 3372 Atqui
1681 3319 1785 3358 non
1837 3313 1927 3359 est
1967 3306 2112 3358 acci-

538 3391 696 3458 dens,
719 3391 849 3462 quia
883 3392 1105 3447 omnino
1149 3392 1486 3447 immutabile
1531 3401 1658 3450 est:
1711 3407 1816 3447 nec
1851 3402 1936 3447 est
1979 3396 2110 3448 sub-

546 3484 820 3552 sistentia,
856 3485 984 3553 quia
1038 3500 1144 3539 non
1200 3493 1283 3539 est
1310 3500 1406 3538 ens
1447 3485 1502 3538 in
1537 3499 1598 3540 se
1627 3485 1950 3540 subsistens.
1984 3485 2112 3539 ldeo

548 3579 808 3634 accidens
863 3579 1210 3648 aliquatenus
1274 3593 1306 3632 a
1365 3579 1647 3636 nonnullis
1703 3579 1832 3634 illud
1888 3589 2113 3632 vocatur

547 3669 832 3739 theologis,
859 3671 951 3738 qui
998 3672 1285 3724 estendere
1331 3680 1540 3724 tantum
1600 3671 1790 3725 volunt
1826 3673 1954 3725 illud
2000 3688 2109 3726 non

545 3776 669 3816 esse
739 3762 1126 3816 substantiam.
1191 3761 1333 3827 Quid
1398 3762 1588 3816 enim?
1643 3765 1771 3832 quia
1826 3765 2113 3834 personan

541 3854 796 3923 quodque
841 3855 1164 3909 attributum
1210 3863 1264 3910 et
1311 3869 1669 3925 personarum
1730 3872 2107 3927 unaquaeque,

539 3962 644 4003 uec
690 3946 997 4002 substantia
1048 3957 1131 4003 est
1162 3963 1264 4002 nec
1304 3948 1561 4003 accidens
1590 3949 1646 4003 in
1678 3947 1804 4014 Deo,
1833 3964 1962 4004 num
2033 3949 2112 4002 id-

549 4039 695 4095 circo
725 4054 932 4095 merum
954 4048 1038 4094 est
1068 4040 1300 4094 nihilum
1320 4039 1343 4092 ?
1365 4037 1540 4093 Absit.
1566 4036 1700 4092 ltem
1739 4039 1900 4109 igitur
1923 4037 2106 4092 divina

549 4133 640 4187 Dei
665 4133 911 4202 Operatio
952 4148 1051 4188 nec
1079 4134 1388 4189 substantia
1440 4147 1539 4186 nec
1573 4132 1829 4186 accidens
1870 4140 1978 4196 est,
2012 4145 2110 4185 nec

543 4236 722 4279 tamen
757 4241 966 4279 merum
997 4234 1080 4280 est
1107 4225 1354 4279 nihilum.
1383 4223 1448 4278 Et
1476 4234 1539 4278 ut
1581 4226 1758 4279 dicam
1787 4223 1934 4291 quod
1987 4237 2109 4277 om-

543 4330 642 4372 nes
673 4316 968 4368 admittunt
993 4314 1251 4380 theologi,
1283 4315 1326 4368 si
1355 4314 1643 4370 voluntate
1672 4313 1784 4382 agit
1821 4311 1988 4378 Deus,
2007 4327 2109 4367 nec

543 4421 692 4463 mera
712 4418 919 4470 natura,
964 4406 1072 4461 alia
1129 4407 1290 4474 igitur
1342 4417 1425 4461 est
1472 4407 1721 4460 voluntas
1778 4420 1941 4474 qnam
1999 4421 2101 4460 na-
2137 4393 2180 4448 ί)

541 4510 690 4556 tura.
729 4499 788 4554 Si
815 4507 995 4552 antem
1035 4497 1220 4551 divina
1251 4498 1505 4552 voluntas
1540 4498 1648 4552 alia
1697 4506 1971 4566 estquam
2010 4511 2107 4551 na-

543 4603 664 4646 tura
702 4592 908 4656 divina,
936 4604 1036 4645 nec
1085 4599 1262 4644 tamen
1319 4599 1402 4644 est
1449 4589 1774 4654 substantia,
1802 4604 1927 4642 num
1985 4588 2108 4644 ideo

542 4684 856 4739 nullatenus
883 4681 1136 4738 exsistit?
1187 4681 1659 4751 Haudquaquam;
1708 4686 1804 4737 sed
1853 4681 2102 4747 exsistit,

541 4779 668 4849 quia
701 4779 843 4833 Deus
871 4792 994 4832 non-
1015 4775 1376 4832 substantiam
1412 4775 1610 4840 solum,
1631 4775 1726 4830 sed
1761 4785 1816 4829 et
1855 4774 2107 4829 volunta-

541 4882 647 4926 tem
679 4869 844 4924 habet
878 4882 985 4938 qna
1019 4869 1152 4937 agit,
1183 4867 1298 4922 sive
1328 4865 1582 4920 accidens
1630 4866 1770 4920 forte
1808 4865 1950 4921 hanc
2001 4865 2106 4919 ali-

543 4961 669 5030 quis
701 4975 902 5016 vocare
933 4959 1060 5014 velit
1089 4967 1361 5025 quatenus
1392 4965 1604 5012 nonest
1637 4957 1962 5020 substantia,
1991 4957 2106 5012 sive

551 5063 657 5101 non
705 5049 958 5102 accidens
1019 5056 1288 5114 quatenus
1338 5045 1538 5100 nullam
1581 5045 1714 5100 facit
1759 5046 2106 5114 compositio-

542 5155 662 5194 nem
693 5149 782 5193 ant
809 5141 1181 5194 mutationem.
1203 5137 1548 5209 llabetigitur
1574 5138 1738 5204 Deus,
1769 5149 1822 5196 et
1853 5139 1998 5209 quod
2022 5149 2106 5195 est

547 5231 874 5297 substantia,
906 5239 960 5284 et
988 5231 1132 5297 quod
1165 5247 1270 5286 non
1298 5241 1380 5286 est
1417 5233 1739 5296 substantia,
1763 5232 2010 5302 quamvis
2051 5232 2103 5286 id

543 5341 648 5379 non
681 5334 902 5378 vocetur
927 5323 1204 5400 accidens,
1235 5325 1473 5380 divinam
1527 5325 1738 5380 scilicet
1769 5325 2102 5378 voluntatem

538 5427 595 5471 et
621 5415 1024 5484 operationem.

612 5508 739 5564 156.
766 5507 1035 5570 Essentla,
1059 5508 1106 5562 si
1126 5523 1232 5562 non
1255 5509 1623 5578 operationem
1646 5508 1843 5586 habeat
1867 5523 1898 5564 a
1923 5508 2103 5576 seipsa

541 5600 878 5664 distinctam,
906 5603 1128 5656 mimine
1162 5611 1244 5654 est
1275 5601 1600 5669 subsistens,
1629 5603 1722 5657 sed
1757 5618 1905 5659 mera
1948 5603 2104 5658 intel-

540 5695 712 5750 lectus
737 5696 874 5752 idea.
911 5697 1044 5751 Nam
1080 5696 1244 5750 homo
1277 5697 1330 5749 in
1373 5711 1556 5764 gvttere
1597 5697 1774 5752 dictus
1816 5714 1922 5753 non
1955 5698 2104 5768 cogi-

2217 469 2398 532 οὐσιός
2433 473 2581 525 ἐστιν
2744 474 3091 542 ἐνθεωρεῖται
3141 477 3302 545 μόνα,
3356 478 3418 531 τὸ
3473 482 3616 550 πρός
3655 481 3724 533 τε
3771 498 3846 536 τε

2221 563 2312 614 καὶ
2357 563 2418 614 τὸ
2443 565 2638 626 ποιεῖν,
2667 564 2924 633 οὐδεμίαν
2957 566 3292 634 ἐμποιοῦντα
3320 567 3492 640 ταύτῃ
3545 572 3842 625 σύνθεσιν

2220 651 2589 724 ἢάλλοίωσιν.
2650 657 2800 708 Ποιεί
2849 659 2959 725 γὰρ
3013 659 3082 710 τὰ
3137 661 3316 713 πάντα
3367 663 3393 714 ὁ
3443 661 3601 729 Θεὸς,
3639 665 3839 732 μηδὲν

2220 746 2382 808 αὐτὸς
2421 747 2643 815 πάσχων
2689 745 2810 798 κατ’
2857 747 3066 802 οὐσίαν.
3119 749 3276 801 Ἐστι
3321 748 3377 802 δὲ
3423 752 3515 802 καὶ
3571 752 3838 819 κτίστης

2221 835 2358 905 πρὸς
2421 834 2518 906 τὴν
2576 835 2773 900 κτίσιν,
2823 837 2919 890 καὶ
2971 841 3116 909 ἁρχὴ
3167 841 3263 892 καὶ
3313 842 3592 909 Δεσπότης
3632 844 3837 913 αὐτῆς

2219 929 2529 999 ἠργμένης,
2562 931 2658 982 καὶ
2679 929 2849 1000 αὐτῆς
2869 930 3254 1002 δουλευούσης.
3291 933 3450 987 Ἀλλὰ
3486 937 3584 988 καὶ
3612 936 3792 1003 Πατῆ
3803 954 3838 1006 ρ

2222 1019 2378 1089 ἡμῶν
2409 1021 2579 1083 ἐστιν,
2608 1022 2916 1089 ἀναγεννῶν
2943 1023 3094 1091 ἡμᾶς
3117 1027 3182 1094 τῇ
3219 1024 3401 1094 χάριτι
3427 1043 3440 1058 ο
3472 1025 3589 1079 ἐστι
3618 1027 3687 1080 δὲ
3726 1030 3836 1081 καὶ

2224 1111 2410 1180 Πατὴρ
2441 1111 2578 1180 πρὸς
2608 1110 2700 1162 τὸν
2729 1112 2995 1182 μηδαμῶς
3028 1115 3302 1184 ἠργμένον
3339 1117 3609 1185 χρονικῶς
3657 1119 3825 1183 Υἰὸν,

2223 1201 2318 1254 καὶ
2345 1202 2470 1264 Υίὸς
2499 1202 2634 1272 πρὸς
2675 1203 2767 1256 τὸν
2812 1205 3037 1273 Πατέρα
3062 1221 3076 1235 ·
3119 1208 3212 1258 καὶ
3257 1208 3553 1278 πρόϐλημα
3589 1210 3825 1280 Πατρὸς

2221 1296 2281 1348 τὸ
2313 1295 2556 1365 Πνεῦμα,
2590 1297 2857 1349 συναίδιον
2887 1299 3060 1367 Πατρί
3094 1316 3151 1351 τε
3187 1299 3282 1352 καὶ
3321 1299 3455 1368 Υίῷ,
3499 1304 3632 1368 μιᾶς
3677 1304 3824 1357 ὄντα

2225 1389 2318 1441 καὶ
2349 1390 2448 1456 τῆς
2482 1389 2651 1459 αὐτῆς
2683 1389 2895 1452 οὐσίας.
2941 1391 3006 1443 Ol.
3038 1391 3095 1443 δὲ
3140 1391 3392 1460 λέγοντες
3436 1394 3628 1447 οὐσίαν
3659 1393 3819 1450 εἶναι

2225 1481 2384 1548 μόνον
2409 1479 2500 1530 τὸν
2525 1479 2680 1544 Θεὸν,
2726 1479 2892 1549 μηδὲν
2922 1479 3152 1550 ἔχουσαν
3182 1481 3643 1552 ἐνθεωροῦμενον,
3680 1487 3816 1538 οὐδὲ

2221 1573 2282 1624 τὸ
2304 1576 2477 1625 ποιεῖν
2516 1571 2612 1624 καὶ
2661 1573 2928 1642 ἐνεργεῖν,
2986 1574 3106 1626 οὐδὲ
3159 1573 3220 1626 τὸ
3269 1578 3406 1643 πρός
3442 1593 3494 1628 τι
3529 1577 3680 1645 ἔχειν
3718 1579 3816 1631 τὸν

2222 1665 2356 1718 Θεὸν
2393 1664 2919 1727 κατασκευάζουσιν.
2975 1666 3037 1717 Εἰ
3100 1666 3158 1718 δὲ
3224 1667 3299 1737 μὴ
3352 1668 3523 1721 ταῦτα
3574 1669 3691 1738 ἔχει
3753 1672 3813 1724 ὃν

2223 1758 2378 1811 αὐτοὶ
2405 1758 2686 1827 νομίζουσι
2713 1757 2868 1821 Θεὸν,
2891 1757 3011 1812 οὐδὲ
3056 1759 3306 1830 ἐνέργειά
3338 1761 3509 1828 ἐστιν,
3545 1765 3669 1816 οὐδέ
3703 1764 3810 1832 δη-

2227 1849 2503 1920 μιουργὸς,
2537 1850 2657 1902 οὐδὲ
2686 1849 2965 1921 ἐνέργειαν
3001 1850 3113 1920 ἔχει
3146 1868 3159 1880 ·
3185 1852 3300 1905 ἀλλ’
3349 1854 3471 1906 οὐδὲ
3521 1856 3668 1925 ἀρχὴ
3708 1858 3811 1909 καὶ

2224 1941 2447 2009 κτίστης
2470 1941 2562 1992 καὶ
2599 1939 2872 2010 Δεσπότης
2908 1958 2922 1972 ·
2962 1941 3083 1994 οὐδὲ
3107 1941 3293 2012 Πατὴρ
3326 1943 3481 2013 ἡμῶν
3512 1946 3634 1996 ἐστι
3661 1950 3811 2000 κατᾶ

2222 2031 2403 2102 χάριν.
2440 2031 2562 2094 Πῶς
2596 2031 2706 2101 γὰρ
2734 2031 2800 2085 ἂν
2830 2033 2914 2101 εἴη
2937 2031 3130 2096 ταῦτα,
3167 2033 3242 2104 μὴ
3280 2033 3701 2103 ἐνθεωρούμενα
3737 2040 3805 2107 τῇ

2223 2121 2346 2174 καθ’
2377 2121 2570 2173 ἐαυτὸν
2599 2121 2778 2193 οὐσίᾳ,
2813 2123 2950 2194 ἔχων
2979 2124 3040 2176 τὸ
3091 2123 3225 2194 πρός
3259 2124 3311 2176 τί
3336 2142 3395 2178 τε
3449 2128 3542 2179 καί
3577 2132 3803 2195 ποιεῖνς

2223 2216 2628 2283 συναναιρεῖται
2649 2213 2706 2266 δὲ
2733 2216 2828 2267 καὶ
2853 2217 2913 2268 τὸ
2939 2219 3366 2286 τρισυπόστατον
3391 2219 3486 2288 τῆς
3516 2219 3802 2287 θεότητος,

2223 2307 2274 2360 sl.
2308 2304 2383 2375 μὴ
2415 2307 2482 2374 τῇ
2503 2305 2597 2359 τοῦ
2626 2305 2761 2358 Θεοῦ
2781 2307 2939 2378 οὐσίᾳ
2967 2309 3401 2379 ἐνθεωρούμενόν
3422 2311 3540 2363 ἐστι
3572 2312 3637 2364 τὸ
3663 2314 3802 2379 πρός

2210 2410 2285 2447 τι.
2320 2394 2380 2447 '0
2409 2393 2466 2447 δέ
2507 2395 2580 2463 μὴ
2608 2395 3060 2464 τρισυπόστατος,
3085 2395 3204 2448 οὐδὲ
3231 2396 3325 2448 τοῦ
3358 2401 3561 2461 παντὸς
3591 2402 3801 2454 Δεστό-

2211 2501 2310 2556 της
2332 2485 2454 2538 οὐδὲ
2475 2485 2630 2549 Θεός.
2666 2486 2852 2539 ἈΘεοι
2874 2486 3165 2557 τοιγαροῦν
3217 2489 3357 2541 είσιν
3390 2491 3442 2542 οἱ
3481 2489 3626 2545 οὕτω
3657 2492 3802 2547 κατὰ

2211 2575 2339 2638 τοὺς
2360 2576 2636 2638 ἐναντίους
2667 2578 3012 2648 φρονοῦντες.

2286 2667 2414 2738 ρλεν.
2453 2669 2606 2738 Ἔχει
2630 2671 2658 2722 ό
2684 2669 2840 2736 Θεὸς,
2869 2672 2967 2724 καὶ
3008 2672 3038 2724 ὃ
3080 2674 3153 2744 μή
3186 2674 3337 2728 ἐστιν
3371 2674 3548 2730 οὐσία.
3578 2677 3653 2730 Οὐ
3691 2677 3799 2748 μὴν

2210 2759 2292 2813 ὅτι
2312 2759 2470 2813 τοῦτο
2498 2762 2598 2814 οὐκ
2629 2761 2774 2816 ἐστιν
2801 2763 2982 2830 οὐσία,
3029 2765 3376 2836 συμϐεϐηκός
3407 2769 3522 2821 ἐστι
3555 2785 3573 2800 ο
3600 2771 3662 2822 τὸ
3688 2771 3797 2841 γὰρ

2215 2852 2291 2922 μὴ
2339 2853 2498 2922 μόνον
2545 2855 2648 2908 οὐκ
2702 2857 3120 2927 ἀπογινόμενον,
3151 2859 3267 2912 ἀλλ’
3317 2860 3426 2913 οὐδ’
3483 2861 3712 2932 αὔξησιν
3759 2864 3792 2933 ἢ

2215 2944 2440 3014 μείωσιν
2490 2947 2780 3015 ἡντιναοῦν
2818 2949 3224 3019 ἐπιδεχόμενον,
3279 2952 3311 3022 ἢ
3363 2953 3642 3022 ἐμποιοῦν,
3692 2957 3793 3007 οὐκ

2212 3035 2326 3089 ἐσθ’
2355 3038 2505 3102 ὅπως
2534 3039 2600 3094 ἂν
2626 3041 3012 3111 συναριθμοῖτο
3041 3044 3154 3107 τοῖς
3181 3043 3598 3115 συμϐεϐηκόσιν.
3642 3045 3789 3097 Ἀλλ’

2209 3131 2306 3200 οὐχ
2349 3132 2432 3184 ὅτι
2485 3133 2623 3203 μήτε
2652 3133 3005 3205 συμϐεϐηκός
3035 3137 3152 3189 ἐστι
3187 3135 3368 3199 τοῦτο,
3425 3138 3561 3207 μήτε
3609 3136 3785 3201 οὐσία,

2207 3224 2318 3275 τῶν
2349 3225 2572 3295 μηδαμῆ
2617 3227 2885 3297 μηδαμῶς
2931 3228 3102 3282 ὄντων
3157 3229 3305 3282 ἐστίν
3334 3245 3350 3260 ⁶
3405 3230 3520 3284 ἀλλ’
3551 3230 3665 3282 ἔστι
3697 3230 3787 3283 καὶ

2208 3313 2284 3377 ὡς
2313 3315 2532 3384 ἀληθῶς
2563 3319 2735 3372 ἐστιν.
2773 3319 2848 3371 Οὐ
2883 3320 3231 3391 συμϐεϐηκὸς
3271 3321 3330 3374 δέ
3383 3323 3553 3385 ἐστιν,
3605 3322 3786 3392 ἐπειδὴ

2209 3409 2556 3463 παντάπασιν
2583 3411 2961 3481 ἀμετάϐλητόν
2995 3414 3163 3467 ἐστιν.
3218 3412 3358 3466 Ἀλλ’
3415 3414 3537 3467 οὐδὲ
3591 3414 3784 3466 οὐσία·

2207 3503 2434 3574 καὶγὰρ
2470 3504 2532 3556 οὐ
2578 3506 2684 3558 τῶν
2729 3505 2853 3557 καθ’
2899 3507 3058 3560 ἑαυτὸ
3089 3507 3473 3578 ὑφεστηκότων
3501 3509 3670 3561 ἐστίν.
3702 3509 3786 3562 Διὸ

2209 3593 2306 3646 καὶ
2329 3594 2675 3664 συμϐεϐηκός
2712 3595 2828 3660 πῶς
2866 3599 2980 3650 ἐστι
3027 3601 3156 3669 παρ’
3213 3594 3288 3653 ὧν
3337 3598 3603 3667 Θεολόγων
3629 3600 3785 3653 τοῦτο

2210 3685 2466 3755 λέγεται¹
2518 3689 2676 3741 τοῦτο
2729 3689 3054 3745 δεικνύντων
3109 3692 3292 3762 μόνον,
3348 3693 3427 3745 ὅτι
3487 3691 3589 3745 οὐκ
3641 3693 3783 3744 ἔστιν

2209 3777 2384 3832 οὐσία.
2423 3778 2489 3831 Τί
2521 3779 2650 3849 γὰρ,
2706 3782 2830 3834 ἐπεὶ
2855 3783 2948 3835 καὶ
2976 3783 3084 3836 τῶν
3109 3784 3490 3837 ὐποστατικῶν
3535 3784 3778 3849 ἕκαστον,

2208 3871 2443 3926 καὶτῶν
2482 3872 2834 3928 ὐποστάσεων
2879 3875 3106 3944 ἑκάστη,
3153 3878 3236 3929 ὅτι
3283 3877 3423 3946 μήτε
3456 3876 3611 3929 οὐσία
3644 3877 3777 3940 ἐστὶ,

2210 3965 2348 4034 μήτε
2379 3965 2724 4036 συμϐεϐηκὸς
2757 3967 2852 4020 ἐπὶ
2873 3967 3030 4030 Θεοῦ,
3062 3968 3150 4020 διὰ.
3179 3968 3337 4021 τοῦτο
3372 3968 3482 4021 τῶν
3523 3969 3774 4037 μηδαμῶς

2205 4054 2374 4108 ὅντων
2428 4058 2623 4120 ἐστίν;
2669 4060 2908 4127 Ἀπαγε.
2963 4061 3068 4113 Τὸν
3100 4061 3262 4112 αὐτὸν
3299 4059 3392 4112 οῦν
3439 4062 3644 4126 τρόπον
3691 4061 3774 4112 καὶ

2205 4151 2239 4221 ἡ
2271 4152 2390 4204 θεία
2421 4152 2516 4206 τοῦ
2543 4152 2678 4206 Θεοῦ
2712 4154 2985 4225 ἐνέργεια,
3037 4155 3162 4208 οὔτε
3199 4155 3379 4217 οὐσία,
3419 4154 3546 4207 οὐτε
3590 4153 3777 4222 συμϐε-

2205 4242 2375 4312 ϐηκός
2408 4246 2524 4298 ἐστι
2547 4263 2560 4277 ο
2607 4247 2698 4299 καὶ
2732 4247 2840 4300 τῶν
2883 4247 3150 4318 μηδαμῶς
3177 4249 3347 4300 ὄντων
3375 4247 3475 4300 οὐκ
3504 4247 3635 4300 ἔστι.
3676 4247 3772 4298 Καὶ

2205 4333 2274 4386 ἵν’
2324 4334 2465 4388 εἴπω
2499 4336 2556 4388 τὸ
2582 4338 2714 4390 πᾶσι
2743 4341 2856 4401 τοῖς
2900 4339 3172 4408 Θεολόγοις
3225 4339 3517 4393 συνδοκοῦν
3548 4357 3563 4372 ο
3620 4341 3679 4393 Ei
3722 4340 3776 4392 τὸ

2207 4425 2493 4496 βούλεσθαι
2545 4431 2691 4480 ποιεῖ
2715 4431 2742 4482 ὁ
2765 4429 2919 4494 Θεὸς,
2948 4431 3063 4484 ἀλλ’
3101 4431 3200 4502 οὐχ
3227 4433 3412 4496 ἁπλῶς
3436 4433 3515 4503 τῷ
3551 4434 3778 4502 πεφυκέ-

2204 4536 2310 4578 ναι,
2342 4519 2472 4572 ἄλλο
2499 4521 2609 4591 ἄρα
2637 4522 2697 4574 τὸ
2729 4522 3042 4590 βούλεσθαι,
3088 4526 3183 4578 καὶ
3213 4526 3402 4594 ἕτερον
3440 4526 3500 4578 τὸ
3545 4528 3776 4593 πεφυκέο

2203 4627 2314 4665 ναι.
2357 4613 2416 4665 El
2474 4613 2533 4666 δὲ
2577 4613 2735 4666 τοῦτο
2791 4615 2885 4666 καὶ
2941 4617 2974 4686 ὴ
3035 4616 3155 4669 θεία
3212 4617 3372 4688 βουλὴ
3411 4617 3514 4684 τῆς
3576 4617 3776 4686 φὺσῖως

2201 4701 2388 4772 ἕτερόν
2412 4704 2559 4757 ἐστιν
2586 4705 2677 4757 ἐπὶ
2703 4705 2860 4766 Θεοῦ,
2889 4708 2979 4758 καὶ
3001 4708 3101 4760 οὐκ
3138 4707 3284 4760 ἐστιν
3313 4707 3489 4771 οὐσία,
3519 4707 3607 4760 διὰ
3631 4707 3773 4760 τοῦτο

2202 4791 2452 4864 οὐδαμῶς
2475 4796 2624 4847 ἐστιν
2651 4813 2665 4862 ;
2698 4797 2976 4868 Οὐμενοῦν
3002 4815 3017 4830 ’
3071 4799 3184 4852 ἀλλ’
3216 4801 3352 4862 ἔστι,
3395 4801 3489 4852 καὶ
3519 4801 3612 4853 τοῦ
3649 4800 3772 4852 Θεοῦ

2204 4883 2300 4937 τοῦ
2339 4885 2412 4954 μὴ
2453 4886 2642 4939 οὐσίαν
2669 4905 2850 4958 μονον,
2889 4889 3025 4942 ἀλλὰ
3059 4891 3152 4942 καὶ
3184 4891 3383 4960 βουλὴν
3421 4890 3634 4961 ἔχοντος
3662 4892 3771 4944 καθ’

2205 4975 2273 5045 ἣν
2322 4977 2489 5039 ποιεῖ,
2536 4975 2640 5029 κᾶν
2696 4977 3042 5048 συμϐεϐηκός
3083 4996 3200 5042 πως
3233 4980 3439 5050 ταύτην
3491 4997 3576 5042 τις
3627 4980 3769 5051 ἐθέλῃ

2205 5067 2390 5120 καλεῖν
2419 5067 2494 5129 ὡς
2546 5069 2620 5137 μὴ
2673 5069 2862 5122 οὐσίαν
2917 5067 3104 5136 οὖσαν,
3169 5072 3271 5123 κᾶν
3311 5073 3384 5140 μὴ
3418 5071 3768 5140 συμϐεϐηκὸς,

2202 5159 2278 5224 ῶς
2345 5159 2618 5229 μηδεμίαν
2668 5161 3005 5231 ἐμποιοῦσαν
3058 5162 3329 5226 σύνθεσιν,
3382 5165 3413 5233 ἢ
3477 5163 3765 5217 ἀλλοίωσιν.

2209 5250 2363 5319 Ἔχει
2411 5249 2520 5320 ἄρα
2569 5252 2597 5302 ὁ
2646 5249 2777 5311 Θεὸς
2828 5253 2918 5303 καὶ
2965 5252 2994 5303 ὃ
3027 5253 3205 5316 οὐσία,
3238 5253 3333 5306 καὶ
3387 5253 3415 5305 ὃ
3474 5254 3546 5323 μὴ
3599 5255 3764 5318 οὐσία,

2207 5341 2306 5394 κᾶν
2340 5342 2389 5394 εί
2433 5343 2508 5412 μὴ
2540 5343 2884 5414 συμϐεϐηκὸς
2919 5347 3154 5413 καλοῖτο,
3204 5346 3302 5416 τὴν
3357 5346 3508 5400 Θείαν
3538 5345 3764 5416 δηλονότι

2207 5434 2401 5505 βουλὴν
2434 5435 2529 5488 καὶ
2563 5435 2862 5506 ἐνέργειαν.

2276 5525 2415 5597 pls“.
2469 5526 2534 5578 Ἡ
2576 5527 2732 5579 οὐσία
2760 5529 2806 5579 εἰ
2841 5527 2916 5597 μὴ
2949 5528 3224 5598 ἐνέργειαν
3265 5529 3377 5600 ἔχει
3415 5531 3760 5600 διαφέρουσαν

2205 5619 2424 5687 ἐαυτῆς,
2494 5619 2862 5682 ἀνυπόστατος
2913 5621 3065 5672 ἔσται
3115 5621 3334 5683 τελέως,
3394 5623 3488 5675 καὶ
3540 5621 3758 5685 διανοίας

2207 5711 2342 5782 μόνη
2374 5711 2656 5783 Θεώρημα.
2699 5711 2756 5766 '0
2779 5714 2886 5782 γὰρ
2911 5713 3133 5767 καθόλου
3158 5713 3446 5784 λεγόμενος
3467 5713 3752 5782 ἄνθρωπος,
