4122 6322
330 353 463 422 121⁸1

1236 353 1510 412 CAPITA
1569 352 1918 426 PHYSICA,
1955 352 2464 421 THEOLOGICA,
2505 352 2671 414 ETC.

324 467 384 519 οὐ
415 464 728 529 διανοεῖται,
755 462 818 516 οὐ
851 461 1086 530 δοξάζει,
1113 461 1212 533 οὐχ
1237 463 1362 534 ὁρᾷ,
1393 465 1493 516 οὐκ
1529 463 1900 537 ὀσφραίνεται,

2007 475 2106 532 tat,
2142 482 2251 522 non
2323 468 2602 535 opinatur,
2634 481 2740 522 non
2771 466 2941 533 videt,
2991 480 3100 522 non
3154 466 3435 534 odoratur,
3467 484 3577 523 non

323 557 384 610 οὐ
406 555 580 617 λαλεῖ,
621 554 721 608 οὐκ
771 553 985 616 ἀκούει,
1035 553 1096 606 οὐ
1132 554 1449 622 περιπατεῖ,
1500 553 1601 606 οὐκ
1651 554 1904 620 ἀναπνεῖ,

323 646 425 698 οὐκ
459 645 651 709 ἐσθίει,
690 645 784 698 καὶ
829 643 1016 706 ἁπλῶς
1066 645 1264 710 εἰπεῖν,
1311 645 1414 698 οὐκ
1469 643 1582 715 ἔχει
1624 645 1904 715 ἐνέργειαν

322 737 687 806 διαφέρουσαν
713 736 812 805 τῆς
842 735 1046 800 οὐσίας,
1089 736 1185 789 καὶ
1235 735 1522 790 δεικνῦσαν
1574 736 1659 789 ὅτι
1683 737 1740 790 ἐν
1770 737 1906 791 ὑποο

326 827 511 878 στάσει
563 826 680 878 ἐστί
714 841 726 854 ·
767 825 846 878 διὸ
878 827 973 878 καὶ
1020 826 1219 890 τελέως
1264 827 1636 891 ἀνυπόστατός
1683 829 1832 883 ἐστιν
1874 816 1923 882 δ’

321 919 552 972 καθόλου
577 917 887 988 ἄνθρωπος.
941 918 1000 971 '0
1030 919 1088 971 δὲ
1133 919 1417 990 ἐνέργειαν
1472 920 1712 990 ἔμφυτον
1762 919 1901 992 ἔχων

320 1011 682 1080 διαφέρουσαν
709 1011 810 1079 τῆς
835 1009 1044 1075 οὐσίας,
1078 1010 1387 1082 ἄνθρωπος,
1421 1012 1628 1082 μίαν,ἢ
1660 1012 1902 1076 πλείους,

321 1103 354 1173 ἢ
386 1102 567 1162 πάσας
611 1100 848 1170 οἵασπερ
887 1101 1118 1171 ἔφημεν,
1154 1102 1214 1168 ἐξ
1240 1104 1418 1156 αὐτῶν
1448 1105 1777 1175 γνωρίζεται
1819 1104 1903 1157 ὅτι

320 1195 378 1244 ἐν
399 1193 696 1246 ὑποστάσει
730 1192 868 1255 ἐστὶ,
899 1195 994 1246 καὶ
1043 1195 1144 1248 οὐκ
1173 1197 1549 1260 ἀνυπόστατός
1575 1200 1722 1250 ἐστιν
1753 1199 1780 1250 ὁ
1805 1198 1902 1252 ἀν-

322 1283 558 1353 θρωπος.
577 1283 728 1335 Ἐπεὶ
751 1283 805 1335 δὲ
831 1283 888 1336 αἱ
914 1283 1158 1338 τοιαῦται
1187 1287 1482 1356 ἐνέργειαι,
1512 1290 1612 1341 οὐκ
1651 1288 1738 1356 ἐφ’
1763 1289 1900 1352 ἐνὸς,

320 1375 352 1443 ἦ
387 1375 501 1439 δύο,
536 1376 569 1444 ἢ
602 1376 788 1444 τριῶν,
821 1375 935 1429 ἀλλ’
981 1378 1076 1430 ἐπὶ
1102 1378 1364 1432 πλειόνων
1395 1380 1475 1450 τῷ
1512 1380 1733 1452 ἀριθμῷ
1769 1382 1905 1435 θεω-

321 1467 560 1535 ροῦνται,
599 1467 875 1522 δείκνυται
927 1466 1070 1525 εἶναι
1118 1471 1210 1526 τὸν
1257 1471 1543 1544 ἄνθρωπον
1578 1476 1635 1528 ἐν
1664 1475 1904 1530 ὑποστά⁸

319 1579 434 1616 σεσι
470 1561 711 1633 μυρίαις.

393 1654 525 1725 ρλζ⁸.
573 1655 632 1706 ’0
663 1655 794 1720 Θεὸς
838 1655 978 1710 κατὰ
1023 1658 1122 1727 τὴν
1172 1657 1262 1713 διὰ
1309 1661 1409 1731 τῆς
1461 1661 1625 1715 αὐτοῦ
1677 1661 1902 1734 χάριτος

321 1747 622 1818 ἡμετέραν,
680 1748 781 1818 τῆς
809 1750 976 1803 αὐτοῦ
1006 1750 1149 1820 λέγω
1213 1753 1542 1824 Ἐκκλησίας
1597 1753 1899 1819 εὐσεϐείας,

2000 564 2268 632 loquitur,
2297 579 2410 617 non
2462 563 2638 628 audit,
2677 577 2783 616 non
2844 562 3110 624 ambulat,
3159 577 3264 617 non
3318 564 3574 633 respirat,

2002 670 2108 709 non
2135 655 2397 717 comedit,
2429 664 2482 709 ct
2521 672 2631 711 uno
2657 655 2844 720 verbo,
2865 669 2970 710 non
3006 655 3168 711 habet
3203 657 3576 725 operationem

2004 749 2070 800 ab
2111 748 2349 803 essentia
2378 749 2714 813 distinctam,
2751 764 2858 816 qua
2886 749 3156 804 indicetur
3200 749 3339 804 hanc
3364 765 3484 805 esse
3523 751 3577 803 in

2000 840 2351 894 subsistentia
2386 859 2398 893 :
2441 841 2562 895 ideo
2595 840 2816 893 minime
2847 839 3149 894 subsistens
3176 848 3260 895 est
3316 841 3476 895 homo
3518 839 3576 893 in

2009 947 2213 1001 genere.
2253 931 2357 986 Sed
2407 933 2569 986 homo
2607 931 2909 985 naturalem
2956 931 3164 985 habens
3202 933 3572 998 operationem

2001 1027 2070 1078 ab
2098 1026 2334 1080 essentia
2369 1025 2702 1083 distinctam,
2724 1024 2840 1078 sive
2868 1038 3057 1085 unam,
3089 1023 3207 1077 sive
3236 1022 3440 1092 plures,
3460 1024 3574 1076 sive

2001 1131 2192 1171 omnes
2238 1131 2594 1186 quascunque
2645 1117 2901 1180 diximus,
2958 1131 3023 1169 ex
3082 1116 3172 1170 bis
3229 1117 3577 1186 cognoscitur

2001 1221 2125 1262 esse
2155 1208 2208 1261 in
2246 1207 2591 1271 exsistentia,
2619 1221 2718 1260 nec
2761 1221 2880 1260 esse
2910 1206 3073 1260 homo
3109 1221 3212 1260 non
3249 1209 3573 1262 subsistens.

2001 1297 2136 1364 Quia
2171 1310 2350 1354 autem
2394 1299 2706 1369 huiusmodi
2738 1298 3104 1367 operationes,
3136 1314 3244 1352 non
3297 1313 3426 1362 una,
3461 1315 3573 1352 non

2001 1393 2132 1459 duo,
2163 1409 2266 1448 non
2303 1402 2432 1459 tres,
2467 1394 2561 1449 sed
2597 1392 2841 1461 plurimae
2870 1400 3247 1454 numerantur,
3283 1391 3406 1446 inde
3429 1399 3576 1460 patet

2003 1485 2273 1540 hominem
2309 1485 2365 1539 in
2400 1484 2860 1540 numerosissimis
2888 1483 3150 1538 exsistere
3178 1481 3572 1538 subsistentiis.

2075 1664 2202 1719 157.
2241 1679 2403 1730 δεῦε,
2432 1665 2586 1733 juxta
2629 1665 2771 1734 piam
2804 1665 3106 1719 doctrinam
3138 1663 3310 1732 gratia
3349 1678 3446 1718 sua
3475 1677 3574 1716 no-

2000 1755 2106 1818 bis,
2138 1756 2191 1810 id
2217 1765 2297 1812 est
2341 1771 2451 1810 suae
2471 1752 2724 1810 Ecclesiae
2768 1755 2972 1820 datam,
2999 1757 3370 1824 operationem
3411 1765 3574 1808 natu-

324 1815 608 1909 ἐνέργειαν
642 1815 884 1910 ἕμςρυτον
913 1841 1052 1912 ἔχων
1070 1815 1348 1916 δεικτικὴν
1376 1815 1592 1911 ἑαυτοῦ,
1633 1847 1728 1899 καὶ
1759 1815 1900 1898 κατά

2007 1846 2178 1902 ralem
2227 1847 2432 1902 habens
2486 1862 2597 1902 sua:
2646 1849 2982 1902 exsistentiaa
3014 1847 3244 1900 indicem
3281 1846 3509 1914 ideoque
3543 1859 3574 1899 a

321 1931 483 1985 τοῦτο
515 1933 880 2004 διαφέρουσαν
917 1935 1018 2004 τῆς
1049 1937 1236 2001 οὐσίας
1269 1937 1456 1992 αὐτοῦ.
1481 1939 1592 1991 Καὶ
1619 1938 1730 2008 γὰρ
1760 1955 1901 2009 προ-

322 2022 582 2092 γινώσκει
620 2043 678 2079 τε
723 2026 818 2080 καὶ
846 2031 1153 2098 προνοεῖται
1193 2029 1302 2083 τῶν
1334 2030 1764 2103 ὑποδεεστέρων,
1807 2031 1901 2085 καὶ

323 2115 649 2188 δημιουργεῖ
677 2119 873 2184 ταῦτα,
910 2121 1004 2173 καὶ
1050 2125 1324 2192 συντηρεῖ,
1373 2123 1471 2176 καὶ
1502 2123 1776 2188 δεσπόζει,
1806 2122 1902 2176 καὶ

327 2207 721 2276 μετασκευάζει
753 2210 875 2264 κατ’
911 2211 1122 2265 οἰκείαν
1156 2213 1408 2284 βούλησιν
1435 2214 1512 2277 ὡς
1537 2211 1677 2268 οἶδεν
1714 2216 1897 2279 αυτὸς,

320 2301 379 2352 ἐν
400 2301 698 2382 ὑποστάσει
721 2302 997 2358 δείκνυται
1011 2303 1109 2371 ὣν,
1130 2305 1246 2359 ἀλλ’
1265 2309 1368 2360 οὐκ
1397 2308 1556 2361 οὐσία
1576 2309 1736 2378 μόνον
1767 2308 1899 2361 ἀνυ-

321 2393 610 2455 πόστατος.
644 2393 800 2448 Ἐπεὶ
830 2394 888 2447 δέ
912 2397 970 2450 αἱ
1003 2396 1248 2449 τοιαῦται
1275 2399 1447 2452 πᾶσαι
1487 2400 1901 2470 ἐνέργειαι.οὑκ

320 2479 411 2548 ἐφ’
437 2477 580 2544 ἐνὸς,
607 2477 725 2532 ἀλλ’
751 2478 810 2530 ἐν
831 2475 1014 2548 τρισὶν
1041 2476 1406 2530 ὑποστάσεσιν
1429 2476 1690 2547 ὑπάρχων
1721 2479 1750 2530 ὁ
1774 2477 1906 2541 Θεὸς

321 2570 454 2640 ἡμῖν
487 2569 839 2639 γνωρίζεται.
894 2568 957 2620 Ol
1002 2566 1061 2620 δὲ
1122 2567 1510 2637 ἀντικείμενοι,
1544 2564 1794 2634 λέγοντες
1827 2565 1903 2636 μὴ

321 2662 466 2732 ελειν
494 2660 588 2716 τὸν
615 2660 748 2713 Θεὸν
777 2661 1061 2730 ἐνέργειαν
1084 2658 1326 2729 ἔμφυτον
1361 2656 1636 2728 δεικτικὴν
1679 2655 1902 2721 ἐαυτοῦ,

322 2756 420 2808 καὶ
443 2754 585 2807 κατά
610 2752 770 2806 τοῦτο
796 2752 1166 2822 διαφέρουσαν
1212 2751 1314 2821 τῆς
1345 2750 1532 2814 οὐσίας
1579 2748 1770 2814 αὐτοῦ,
1804 2751 1904 2804 οὐκ

321 2847 382 2900 ἐν
404 2845 702 2900 ὑποστάσει
723 2843 976 2910 λέγουσιν
1007 2838 1147 2896 εἶναι
1171 2841 1266 2895 τὸν
1297 2841 1450 2905 Θεὸν,
1485 2840 1577 2893 xa‘t
1599 2840 1902 2894 ἀνυπόστα-

320 2954 413 2990 τον
437 2937 636 3000 τελέως
667 2934 884 2988 ποιοῦσι
911 2934 1003 2987 τὸν
1037 2933 1468 3005 τρισυπόστατον
1505 2932 1710 3003 Κύριον
1735 2949 1750 2964 ο
1773 2948 1904 2984 τοσ-

320 3026 475 3080 οῦτον
526 3023 960 3094 ὑπερϐάλλοντες
1003 3021 1296 3093 κακοδοξίᾳ
1353 3020 1444 3074 τὸν
1489 3021 1657 3074 Λίϐυν
1703 3019 1906 3074 Σαϐέλ-

320 3119 456 3183 λιον,
488 3120 612 3172 ὅσον
639 3118 799 3172 πλέον
828 3119 909 3180 είς
956 3115 1154 3170 κακίαν
1210 3113 1326 3185 ἔχει
1384 3115 1483 3185 τῆς
1525 3113 1893 3181 δυσσεϐείαςή
1920 3158 1966 3216 c

319 3211 565 3266 ἀσέϐεια.

393 3303 528 3372 ρλη’.
557 3301 676 3355 Τῶν
732 3300 901 3373 τριῶν
954 3298 1114 3352 θείων
1169 3297 1543 3365 ὑποστάσεων,
1577 3297 1638 3350 οὐ
1696 3297 1796 3368 μία
1825 3296 1901 3360 ὡς

315 3395 478 3466 ὁμοία
513 3396 547 3463 ἡ
603 3394 874 3462 ἐνέργεια,
938 3391 1191 3463 καθάπερ
1243 3393 1330 3460 ἐφ’
1378 3390 1556 3461 ἡμῶν,
1604 3389 1741 3444 ἀλλὰ
1800 3388 1899 3458 μία

314 3485 484 3548 ὅντως
514 3487 608 3538 καὶ
632 3485 710 3556 τῷ
763 3483 1004 3556 ἀριθμῷ.
1058 3483 1236 3553 Ὅπερ
1289 3485 1336 3536 οἱ
1391 3483 1461 3536 τὰ
1498 3482 1606 3535 τῶν
1643 3482 1902 3535 ἐναντίων

314 3579 638 3648 φρονοῦντες
699 3578 882 3644 λέγειν
944 3577 1006 3629 οὑ
1061 3576 1358 3629 δύνανται·
1429 3574 1555 3628 ἐπεὶ
1601 3575 1675 3646 μὴ
1715 3575 1900 3644 κοινὴν

314 3671 454 3724 εἶναι
484 3670 594 3723 τῶν
617 3668 786 3740 τριῶν
826 3670 1082 3738 ἄκτιστον
1107 3668 1392 3738 ὲνέργειάν
1423 3685 1613 3736 φασιν,
1641 3668 1776 3720 ἀλλὰ
1803 3665 1900 3720 καὶ

311 3765 556 3835 ἀλλήλων
579 3763 678 3826 τὰς
700 3763 1028 3825 ὑποστάσεις
1055 3763 1336 3833 ἐνεργείας
1360 3758 1500 3817 εἶναι
1523 3762 1794 3832 λέγουσιν,
1821 3764 1896 3826 ὡς

315 3857 390 3928 μὴ
422 3853 807 3926 κοινῆςηοὺσης
837 3855 955 3907 κατ’
988 3853 1186 3917 αὐτοὺς
1221 3852 1371 3917 θείας
1395 3855 1675 3924 ἐνεργείας
1710 3871 1724 3886 ο
1756 3854 1897 3907 ὥστε

311 3949 420 4000 οὐδ’
457 3947 627 4011 οὑτως
658 3947 842 4017 έχουσι
866 3945 1044 4014 λέγειν
1073 3946 1202 4016 μίαν
1234 3946 1341 4000 τῶν
1374 3947 1541 4018 τριῶν
1574 3949 1886 4018 ἐνέργειαν·

309 4038 448 4090 ἀλλὰ
486 4041 581 4090 καὶ
614 4037 804 4092 ἄλλοτε
841 4036 1010 4102 ἀλλην
1057 4035 1232 4099 οὕτως
1281 4037 1651 4107 ἀναιροῦντες,
1691 4037 1897 4093 ἀνυπό-

311 4145 505 4182 στατον
537 4129 829 4183 κάντεῦθεν
851 4126 1067 4182 ποιοῦσι
1094 4129 1186 4181 τὸν
1212 4129 1640 4199 τρισυπόστατον
1667 4129 1822 4185 Θεόν.

387 4217 516 4289 ρλθ’.
549 4221 610 4272 Οἱ
649 4221 742 4291 τὴν
780 4218 1072 4284 κακόδοξον
1110 4218 1319 4289 πλάνην
1355 4220 1495 4274 κατὰ
1534 4219 1712 4291 ψυχὴν
1749 4238 1897 4276 νενος⁹

311 4313 565 4381 σηκότες,
597 4312 823 4381 κτιστὴν
865 4313 1118 4382 λέγοντες
1144 4315 1244 4386 τὴν
1281 4315 1645 4386 διαφέρουσαν
1673 4320 1774 4388 τῆς
1799 4316 1894 4371 τοῦ

2007 1952 2105 1993 sua
2139 1938 2376 1993 essentia
2409 1939 2720 1994 distinctam
2754 1939 2976 2006 (etenim
3004 1938 3221 2006 praescit
3253 1947 3306 1992 et
3331 1937 3576 2007 providet

2001 2027 2284 2094 inferiora,
2324 2037 2380 2083 et
2422 2028 2664 2092 lacit,‘et
2700 2038 3010 2095 conservat,
3041 2039 3097 2083 et
3125 2028 3285 2097 regit,
3318 2039 3372 2082 et
3401 2033 3576 2082 mutat

1999 2120 2066 2173 ad
2103 2120 2380 2189 proprium
2415 2129 2603 2173 nutum
2652 2129 2712 2174 ut
2735 2120 2838 2174 sibi
2888 2120 3148 2190 videtur),
3183 2119 3308 2174 inde
3337 2119 3580 2173 ostendi-

2001 2219 2092 2266 tur
2111 2224 2232 2266 esse
2259 2211 2312 2265 in
2345 2211 2670 2278 substantia,
2709 2211 2853 2265 haud
2893 2226 3019 2266 vero
3049 2211 3283 2267 essentia
3315 2227 3418 2264 non
3454 2211 3580 2263 sub-

1998 2300 2220 2357 sistens.
2252 2301 2414 2371 Atqui
2443 2315 2634 2356 omnes
2662 2301 2968 2370 huiusmodi
2995 2303 3361 2370 operationes,
3391 2317 3495 2354 non
3522 2315 3574 2352 tn

2001 2405 2130 2456 una,
2178 2391 2270 2446 sed
2317 2392 2370 2445 in
2402 2392 2579 2447 tribus
2616 2393 2982 2447 subsistentiis
3006 2393 3216 2447 habens
3252 2393 3394 2447 Deus
3422 2392 3578 2446 nobis

2001 2483 2312 2540 innotescit.
2359 2484 2670 2539 Adversarii
2728 2498 2859 2539 vero
2911 2485 3154 2538 dicentes
3204 2498 3312 2538 non
3372 2483 3578 2538 habere

2001 2575 2168 2630 Deum
2201 2577 2571 2647 operationem
2606 2577 2907 2632 naturalem
2943 2591 3055 2630 sua:
3075 2576 3406 2631 exsisteutize
3437 2575 3577 2628 indi-

1999 2683 2142 2734 cem,
2178 2669 2407 2738 ideoque
2435 2687 2463 2723 a
2489 2683 2587 2724 sua
2621 2669 2860 2725 essentia
2919 2669 3256 2733 distinctam,
3285 2669 3336 2721 in
3390 2668 3572 2722 subsi-

2003 2764 2202 2816 stentia
2223 2777 2345 2817 esse
2379 2763 2547 2816 Deum
2580 2770 2818 2832 negant;
2851 2772 2905 2816 et
2933 2761 3162 2815 minime
3192 2759 3573 2816 subsistentem

1999 2858 2338 2912 contendunt
2389 2859 2592 2911 trinum
2656 2853 3024 2910 subsistentiis
3090 2853 3396 2916 Dominum,
3426 2860 3575 2905 tanto

1999 2955 2322 3016 superantes
2374 2961 2540 3017 prava
2597 2945 2844 3001 doctrina
2899 2945 3155 3016 Libycum
3221 2942 3516 2998 Sabellium
3549 2979 3570 3009 ,

1999 3050 2206 3109 quanto
2237 3041 2468 3110 nequior
2489 3047 2574 3094 est
2605 3038 2744 3093 mala
2776 3036 2981 3106 pietate
3011 3036 3280 3104 impietas.

2073 3313 2198 3369 138.
2227 3311 2414 3366 Trium
2446 3309 2751 3365 divinarum
2791 3319 3150 3377 personarum
3186 3303 3430 3372 operatio
3465 3317 3571 3356 una

1998 3415 2104 3471 est,
2134 3406 2276 3460 haud
2293 3404 2510 3474 quidem
2543 3400 2760 3464 similis,
2787 3409 2841 3452 ut
2881 3399 3020 3467 apud
3055 3412 3174 3462 nos,
3197 3397 3290 3450 sed
3315 3408 3441 3449 vere
3464 3410 3569 3446 una

1995 3511 2246 3552 numero.
2278 3495 2430 3562 Quod
2469 3491 2764 3548 adversarii
2803 3491 2985 3545 dicere
3019 3503 3122 3544 non
3156 3495 3404 3555 possunt,
3441 3487 3569 3555 quia

1997 3591 2172 3645 tribus
2195 3601 2542 3644 communem
2571 3599 2693 3640 esse
2720 3584 3020 3638 increatam
3054 3579 3426 3649 operationem
3469 3591 3569 3632 ne-

1992 3688 2144 3752 gant,
2167 3687 2223 3734 et
2262 3691 2528 3748 personae,
2569 3675 2720 3745 juxta
2751 3688 2864 3736 eos,
2899 3682 3023 3726 sunt
3055 3671 3140 3724 sui
3181 3669 3408 3724 invicem
3441 3682 3568 3737 ope-

1991 3748 2255 3832 rationes,
2288 3768 2430 3824 haud
2464 3781 2595 3822 vero
2625 3762 2936 3819 communis
2967 3767 3055 3816 est
3083 3759 3265 3814 divina
3299 3757 3565 3828 operatio;

1992 3869 2049 3915 et
2081 3860 2154 3914 ita
2187 3860 2370 3915 dicere
2414 3863 2688 3926 nequeunt
2717 3869 2880 3907 uuam
2922 3867 3048 3908 esse
3098 3852 3260 3904 trium
3295 3850 3566 3918 operatio-

2004 3966 2153 4015 nem,
2186 3949 2279 4006 sed
2307 3950 2466 4003 aliam
2515 3948 2620 4002 alia
2654 3947 2732 4001 sic
2755 3945 3116 4005 destruentes,
3149 3942 3272 3996 inde
3303 3957 3409 3995 non
3439 3939 3566 3996 sub-

1991 4042 2276 4098 sistentem
2319 4040 2526 4096 faciunt
2558 4039 2759 4093 trinum
2783 4033 3153 4090 subsistentiis
3175 4033 3367 4087 Deum.

2065 4227 2192 4284 159.
2238 4225 2446 4294 Quibus
2507 4220 2765 4276 haeretica
2803 4232 3003 4274 errore
3049 4217 3226 4271 anima
3295 4225 3560 4288 aegrotat,

1990 4331 2230 4377 creatam
2263 4319 2341 4372 illi
2365 4317 2614 4372 dicentes
2635 4312 2948 4368 distinctam
2980 4325 3007 4364 a
3042 4311 3133 4365 Dei
3164 4311 3402 4363 essentia
3431 4324 3564 4377 ope-

3445 351 3580 417 1213
3679 402 3686 404 .

308 4405 445 4459 Θεοῦ
476 4406 665 4470 οὐσίας
689 4407 994 4477 ἐνέργειαν,
1055 4408 1292 4470 κτιστῶς
1337 4408 1484 4478 ἔχειν
1515 4409 1608 4463 καὶ
1635 4409 1696 4462 τὸ
1729 4409 1894 4479 δημι-

1996 4413 2281 4478 rationem,
2309 4419 2550 4466 creatum
2581 4420 2793 4476 quoque
2830 4405 2881 4457 in
2925 4403 3034 4456 Deo
3067 4411 3352 4456 autumant
3382 4411 3561 4456 actum

307 4500 524 4566 ουργεῖν
561 4497 655 4550 τὸν
681 4497 814 4549 Θεὸν
841 4497 1144 4565 δοξάζουσι,
1183 4499 1353 4553 ταυτὸ
1382 4492 1434 4552 ’δ’
1469 4502 1642 4553 είπεῖν
1673 4501 1771 4571 τὴν
1799 4500 1893 4571 δη-

1996 4504 2239 4564 ereandi,
2271 4517 2369 4557 seu
2421 4499 2564 4570 quod
2610 4498 2752 4552 idem
2793 4505 2895 4559 est,
2939 4496 3258 4550 creatricem
3299 4493 3417 4562 ejus
3464 4510 3561 4561 po-

312 4587 641 4658 μιουργικὴν
667 4585 897 4657 δύναμιν
950 4586 1117 4642 αὐτοῦ
1145 4605 1158 4619 ο
1203 4590 1264 4642 οὐ
1308 4589 1420 4661 γὰρ
1469 4591 1618 4644 ἐστιν
1647 4592 1892 4662 ἐνεργεῖν

1996 4595 2218 4649 tentiam
2250 4610 2264 4648 :
2290 4605 2400 4646 non
2430 4589 2574 4645 enim
2604 4587 2822 4657 operari
2847 4593 2942 4639 aut
2976 4600 3167 4640 creare
3197 4586 3404 4652 absque
3428 4599 3557 4654 ope-

309 4677 404 4731 xa‘t
428 4678 789 4749 δημιουργεῖν
831 4680 1002 4751 χωρὶς
1031 4681 1311 4750 ἐνεργείας
1337 4698 1350 4713 ·
1397 4682 1586 4753 ὥσπερ
1619 4683 1741 4737 οὐδὲ
1788 4685 1891 4738 ὑπ-

309 4769 497 4870 άρξειν
549 4769 720 4870 χωρὶς
764 4769 1072 4870 ὑπάρξεως.
1137 4771 1227 4837 Ὦς
1281 4773 1374 4826 οὖν
1422 4775 1522 4827 οὐκ
1572 4774 1651 4829 ἔνι
1682 4775 1774 4829 τὸν
1804 4775 1892 4830 λέ-

306 4861 474 4928 γοντα
510 4862 610 4932 τὴν
667 4863 763 4915 τοῦ
819 4861 954 4916 Θεοῦ
1017 4863 1249 4935 ὕπαρξιν
1306 4865 1552 4936 κτιστὴν,
1616 4867 1890 4930 ἀκτίστως

305 4949 455 5021 ἔχειν
476 4952 641 5005 αὐτὸν
668 4951 729 5004 τὸ
762 4947 900 5006 εἶναι
931 4952 1161 5016 οἴεσθαι,
1189 4953 1359 5018 οὕτως
1385 4955 1486 5008 οὐκ
1513 4955 1628 5008 ἐστι
1661 4956 1754 5010 τὸν
1801 4956 1890 5010 λέ-

306 5059 473 5111 γοντα
497 5042 595 5112 τὴν
634 5041 728 5096 τοῦ
769 5041 912 5096 Θεοῦ
949 5042 1230 5114 ἐνέργειαν
1271 5045 1516 5116 κτιστὴν,
1555 5045 1616 5100 τὸ
1647 5048 1888 5117 ἐνεργεῖν

305 5151 367 5187 τε
397 5135 491 5187 καὶ
529 5136 883 5205 δημιουργεῖν
917 5136 1081 5190 αὐτὸν
1117 5136 1389 5196 ἀκτίστως
1413 5137 1558 5208 ἐχειν
1588 5140 1812 5194 οἴεσθαι.

385 5233 493 5297 pp}.
553 5227 842 5297 Κτίσματα
878 5227 971 5281 τοῦ
1005 5228 1139 5281 Θεοῦ
1187 5230 1282 5281 καὶ
1333 5230 1440 5282 εἰσὶ
1490 5231 1584 5284 καὶ
1641 5231 1891 5300 λέγονται

311 5320 464 5388 παρὰ
486 5318 592 5371 τῶν
615 5319 855 5384 εὐσεϐῶς
881 5320 1243 5390 φρονούντων,
1266 5322 1366 5392 οὐχ
1393 5323 1428 5390 ἠ
1452 5322 1546 5375 τοῦ
1562 5322 1709 5377 ’Θεοῦ
1738 5325 1891 5397 ἐνέρ-

308 5425 435 5479 γεια
496 5411 639 5464 κατὰ
676 5412 803 5476 τοὺς
856 5411 964 5465 τῶν
1003 5414 1265 5467 ἐναντίων
1313 5414 1534 5484 λήρους,
1575 5415 1757 5486 ἄπαγε
1794 5418 1893 5487 τῆς

312 5501 608 5565 ἀσεϐείαςί
649 5501 785 5555 άλλά
811 5503 910 5573 τῆς
959 5503 1106 5566 θείας
1162 5502 1439 5574 ἐνεργείας
1477 5505 1896 5577 ἀποτελέσματά

308 5593 424 5647 ἐστι
457 5597 526 5647 τά
549 5594 848 5665 κτίσματα.
908 5593 972 5649 El
1001 5595 1111 5666 γάρ
1144 5596 1214 5650 τὰ
1254 5595 1528 5666 κτίσματα
1553 5598 1586 5668 ἡ
1616 5597 1890 5670 ἐνέργεια,

307 5685 342 5756 ἢ
369 5684 597 5739 άκτιστα
634 5684 806 5742 ταῦτά
847 5687 996 5741 ἐστιν
1051 5685 1117 5758 (ὣ
1158 5688 1254 5757 τῆς
1280 5687 1580 5758 παρανοίας
1599 5689 1662 5760 Ξ),
1691 5690 1765 5754 ὡς
1794 5693 1890 5760 καὶ

307 5779 441 5849 πρὶν
469 5778 756 5849 κτισθῆναι
787 5781 935 5847 ὸντα,
971 5779 1006 5850 ἢ
1037 5781 1146 5850 πρὸ
1192 5780 1303 5835 τῶν
1345 5780 1660 5851 κτισμάτων
1693 5781 1760 5854 (ὣ
1787 5786 1886 5853 τῆς

1989 4684 2202 4738 ratione
2237 4688 2432 4751 potest,
2457 4679 2616 4734 sicut
2635 4691 2737 4732 nec
2768 4679 3032 4731 exsistere
3066 4674 3267 4742 absque
3293 4673 3564 4728 exsistet)-

1993 4773 2086 4826 tia.
2119 4772 2192 4826 Ut
2228 4771 2395 4837 igitur
2438 4767 2529 4836 qui
2563 4776 2802 4822 creatam
2859 4765 2992 4820 dicit
3037 4762 3130 4816 Dei
3163 4763 3558 4830 exsistentiam,

1988 4872 2182 4932 putare
2239 4859 2430 4930 nequit
2483 4859 2785 4914 increatum
2820 4855 2872 4910 in
2911 4871 2976 4909 eo
3015 4870 3134 4910 esse
3169 4865 3350 4910 actum
3411 4855 3560 4909 exsi—

1989 4953 2171 5008 stendi
2213 4953 2516 5017 exsistere;
2552 4950 2625 5004 ita
2648 4950 2743 5019 qui
2778 4957 3043 5002 cretatam
3069 4947 3199 5001 dicit
3238 4947 3330 5000 Dei
3365 4959 3562 5014 opera-

1989 5046 2213 5109 tionem,
2240 5051 2431 5112 putare
2464 5041 2651 5111 nequit
2683 5041 2982 5096 increatum
3012 5040 3064 5094 in
3103 5052 3169 5093 eo
3214 5053 3336 5094 esse
3373 5048 3556 5095 actum

1986 5137 2254 5208 operandi
2292 5145 2346 5190 et
2365 5134 2612 5192 creandi.

2058 5231 2181 5286 ΗΟ.
2214 5229 2492 5285 Creatura:
2529 5228 2621 5283 Dei
2661 5241 2764 5282 nec
2802 5237 2928 5282 sunt
2957 5239 3058 5282 nec
3103 5225 3361 5280 dicuntur
3401 5239 3430 5278 a
3469 5223 3561 5294 pie

1984 5323 2376 5386 sentientibus,
2411 5321 2656 5390 operatio
2685 5320 2806 5382 Dei.
2844 5329 2904 5374 ut
2955 5319 3252 5377 adversarii
3304 5318 3561 5380 delirant,

1993 5416 2130 5483 proh
2173 5414 2456 5484 impietas!
2480 5413 2573 5467 sed
2596 5412 2792 5466 divinae
2815 5410 3153 5481 operationis
3180 5409 3408 5464 ell'ectus
3433 5416 3561 5462 sunt

1989 5515 2276 5562 creaturas.
2309 5502 2364 5558 Si
2396 5503 2540 5558 enim
2565 5512 2826 5558 creatura!
2855 5511 3042 5558 essent
3067 5501 3330 5569 operatio,
3363 5498 3446 5554 vel
3481 5500 3558 5552 in-

1983 5606 2181 5652 creatze
2235 5604 2422 5653 essent
2457 5597 2542 5666 (ο
2579 5596 2980 5659 absurditasl),
3024 5595 3095 5649 ita
3154 5602 3215 5647 ut
3261 5601 3556 5662 antequam

1983 5697 2304 5746 crearentur
2335 5690 2714 5756 exstitissent;
2739 5687 2823 5743 vel
2846 5698 2972 5742 ante
2996 5686 3326 5742 creationem
3355 5686 3410 5754 (ο
3445 5685 3551 5738 itu-

1983 5777 2214 5846 pietas!)
2251 5793 2358 5833 non
2394 5777 2671 5834 habuisset
2715 5776 2855 5832 Deus
2902 5774 3307 5846 operationem,
3330 5773 3425 5847 qui
3465 5783 3554 5830 ta-
