4122 6322
568 321 704 385 1219

1803 318 2192 383 GREGORII
2250 316 2578 380 PALAMA!

3686 304 3825 372 1220

568 454 691 492 men
715 443 809 492 est
839 435 909 490 ab
925 445 1131 491 interno
1152 448 1321 507 agens
1345 444 1400 490 et
1420 437 1790 502 omnipotens.
1825 436 1944 492 Non
1975 438 2142 507 igitur

2269 431 2562 495 ιυσσεΰείας
2583 429 2632 501 ι)
2660 427 2762 482 οὐκ
2790 423 2939 497 εῖχεν
2970 423 3004 477 6
3020 421 3154 486 Θεὸς
3175 421 3485 491 ἐνέργειαν.
3527 420 3694 474 Ἀλλά
3719 424 3827 490 μὴν

567 543 694 584 sunt
709 539 985 586 creaturae
1027 531 1272 598 operatio
1306 529 1420 593 Dei,
1474 528 1569 583 sed
1595 543 1761 597 opera
1795 541 1850 584 et
1887 529 2137 594 edoctus,

565 640 891 695 quocunque
920 625 1138 679 nomine
1191 633 1476 680 vocentur.
1515 622 1770 691 Operatio
1829 633 2011 676 autem
2050 621 2140 677 Dei

563 718 807 770 inornata
841 730 923 771 est
950 729 1004 772 et
1035 727 1305 772 comterna
1341 714 1472 780 Deo,
1501 714 1656 784 juxta
1696 714 1999 784 theologos.

2247 523 2306 591 ἐξ
2331 525 2500 578 ἀϊδίου
2531 522 2769 592 ἐνεργής
2794 521 2913 574 ἐστι
2945 519 3042 572 καὶ
3092 515 3527 585 παντοδύναμος,
3564 514 3763 568 οὔκουν
3791 517 3827 584 ἡ

2245 619 2341 672 τοῦ
2367 617 2504 670 Θεοῦ
2533 616 2807 683 ἐνέργεια,
2841 610 2980 666 ἀλλὰ
3003 610 3072 664 τὰ
3097 607 3489 677 ἐνεργηθέντα,
3517 609 3612 661 καὶ
3630 609 3835 661 duoss-

2239 711 2534 784 λεσΘέντα,
2569 708 2719 766 ὅπως
2769 703 2837 758 ἂν
2881 703 2980 756 καὶ
3007 701 3391 771 ὀνομάζοιντο,
3442 698 3658 752 ἐστιτὰ
3709 702 3832 753 κτί-

562 830 768 886 σματα.
817 815 879 866 Ἦ
913 815 969 866 δὲ
1010 814 1103 867 τοῦ
1131 813 1269 866 Θεοῦ
1300 813 1556 879 ἐνέργεια
1585 813 1848 875 ἄκτιστός
1873 811 2109 878 ἐστικαὶ
2141 808 2414 867 συναῖδιος
2441 805 2584 886 eaet.
2609 804 2751 886 κατά
2775 800 3235 886 τοὺς-Θεολόγους.

645 893 770 947 tu.
799 892 916 946 [Non
945 904 1010 942 ex
1038 887 1275 942 essentid
1299 887 1573 956 operatio,
1603 888 1699 942 sed
1721 902 1784 941 ex
1819 887 2142 956 operatione

579 984 822 1038 essentia
855 980 1194 1048 dignoscitur
1222 993 1367 1044 esse,
1396 994 1502 1032 non
1536 989 1718 1032 tamen
1753 979 1880 1048 quid
1925 981 2017 1034 sit.
2049 976 2155 1032 Ita-

568 1092 681 1144 que
707 1077 850 1129 Deus
887 1087 992 1148 non
1028 1087 1092 1126 ex
1136 1087 1232 1126 sua
1287 1072 1548 1132 essentia,
1583 1069 1677 1122 sed
1721 1085 1788 1123 ex
1831 1085 1926 1124 sua
1969 1069 2155 1137 provi-

582 1169 787 1228 dentia,
858 1165 1010 1232 juxta
1062 1163 1341 1232 theologos
1373 1199 1386 1226 ,
1435 1161 1782 1232 cognoscitur
1839 1176 1982 1216 esse.
2032 1161 2156 1214 Ideo

572 1261 750 1314 etiam
787 1258 1046 1312 distincta
1077 1263 1159 1310 est
1193 1256 1260 1308 ab
1283 1255 1518 1308 essentia
1552 1254 1822 1323 Operatio,
1843 1255 1970 1320 quia
2007 1252 2151 1321 quod

570 1353 780 1404 indicat
805 1359 925 1404 'est
965 1349 1234 1417 operatio.
1261 1348 1406 1415 qttod
1462 1363 1592 1400 vero
1633 1363 1695 1400 ea
1753 1347 2050 1407 indicatur.
2075 1355 2158 1401 est

569 1444 839 1498 essentia.
879 1445 948 1496 At
995 1442 1264 1496 haeretica;
1312 1439 1609 1508 impietatis
1660 1438 1876 1508 patroni
1930 1439 2159 1494 suadere

582 1535 863 1589 studentes
922 1550 1029 1586 non
1083 1534 1398 1585 distinctam
1449 1546 1569 1584 esse
1604 1545 1634 1583 a
1677 1530 1857 1583 divina
1915 1531 2159 1585 essentia

589 1628 828 1682 divinant
874 1628 1268 1694 operationem,
1296 1624 1552 1680 indicium
1604 1623 1698 1677 Dei
1743 1623 2042 1676 auferendo
2078 1622 2161 1675 in-

585 1721 783 1771 ducere
831 1734 928 1771 nos
961 1718 1156 1771 volunt
1189 1729 1248 1771 ut
1279 1732 1382 1771 non
1410 1730 1807 1786 cognoscamus
1828 1712 1994 1768 Deum
2017 1727 2156 1767 esse.

2329 890 2474 958 ρμα’.
2500 884 2616 937 Οὐκ
2645 885 2710 936 ἐκ
2738 883 2838 954 τῆς
2862 880 3053 943 οὐσίας
3109 883 3143 953 ἠ
3193 883 3474 953 ἐνέργεια,
3503 882 3621 936 ἀλλ’
3651 883 3718 936 ἐκ
3745 885 3845 952 τῆς

2254 976 2537 1046 ἐνεργείας
2582 977 2616 1045 ἡ
2659 973 2816 1027 οὐσία
2845 973 3175 1045 γνωρίζεται
3219 975 3303 1027 ὅτι
3341 974 3482 1038 ἐστι,
3517 974 3637 1028 ἁλλῖ
3684 976 3750 1028 οὐ
3795 977 3850 1028 τί

2253 1070 2392 1120 ἐστι.
2425 1069 2514 1120 Διὸ
2544 1067 2640 1120 καὶ
2667 1068 2696 1120 6
2728 1066 2882 1130 Θεὸς,
2913 1067 3016 1120 οὐκ
3037 1068 3102 1119 ἐκ
3124 1067 3224 1137 τῆς
3251 1066 3458 1130 οὐσίας,
3495 1067 3610 1120 ἀλλ’
3652 1068 3718 1120 ἐκ
3747 1070 3848 1138 τῆς

2253 1160 2511 1229 προνοίας
2573 1157 2739 1212 αὐτοῦ
2797 1158 3151 1226 γινώσκεται,
3207 1159 3350 1212 κατὰ
3373 1159 3500 1223 τοὺς
3536 1158 3844 1227 Θεολόγους,

2253 1253 2336 1305 ὅτι
2365 1251 2506 1304 ἐστι.
2539 1251 2798 1321 Διαφέρει
2846 1251 2902 1304 δὲ
2953 1253 3048 1304 καὶ
3081 1251 3223 1304 κατὰ
3267 1251 3428 1304 τοῦτο
3459 1252 3559 1318 τῆς
3587 1255 3778 1316 οὐσίας
3808 1257 3844 1324 ἠ

2255 1342 2524 1411 ἐνέργεια,
2576 1341 2658 1393 ὅτι
2706 1341 2766 1394 τὸ
2821 1341 2920 1411 μὲν
2958 1342 3224 1412 γνωρίζον
3267 1343 3416 1394 ἐστὶν
3461 1344 3494 1413 ὴ
3549 1344 3842 1412 ἐνέργεια·

2255 1435 2316 1486 τὸ
2353 1434 2412 1486 δὲ
2443 1433 2510 1486 δι’
2566 1433 2736 1502 αὐτῆς
2780 1433 3182 1505 γνωριζόμενον
3239 1435 3321 1488 ὅτι
3374 1436 3544 1498 ἔστιν,
3602 1437 3629 1506 ἡ
3685 1437 3849 1490 οὐσία

2256 1525 2427 1578 ἐστίν.
2470 1525 2533 1576 Οἱ
2590 1523 2648 1576 δέ
2701 1524 2804 1594 τῆς
2857 1525 3150 1590 κακοδόξου
3195 1526 3516 1588 δυσσεὸείας
3553 1530 3848 1598 συνήγοροι

2260 1615 2582 1676 σπεύδοντες
2603 1616 2815 1668 πείθειν
2846 1617 3011 1686 μηδὲν
3042 1617 3322 1686 διαφέρειν
3352 1618 3451 1688 τῆς
3474 1619 3626 1681 Θείας
3658 1619 3848 1684 οὐσίας

2257 1707 2357 1776 τὴν
2407 1707 2558 1760 θείαν
2591 1708 2893 1777 ἐνέργειαν,
2925 1708 3085 1763 τοῦτο
3119 1709 3440 1763 σπεύδουσιν
3472 1713 3622 1780 ἡμᾶς
3671 1729 3849 1765 καταο

588 1810 684 1875 Qui
715 1817 894 1863 autem
938 1810 1040 1864 hoc
1084 1809 1281 1872 nescit,
1311 1809 1548 1862 maxime
1585 1807 1826 1861 omnium
1871 1807 2065 1861 atlteus
2104 1813 2162 1860 et

2269 1802 2446 1852 πεῖσαι
2470 1797 2530 1852 τὸ
2556 1797 2916 1866 γνωριστικὺν
2936 1801 3306 1871 ἀναιροῦντες,
3343 1801 3418 1871 μὴ
3444 1803 3742 1867 γινώσκειν
3767 1806 3846 1856 ὅτι

589 1901 816 1954 insanus
845 1909 950 1954 est.

2260 1890 2405 1942 ἐστιν
2427 1892 2455 1944 6
2492 1890 2624 1953 Θεός
2657 1905 2671 1921 ·
2705 1891 2780 1952 ὡς
2814 1893 2948 1961 μηδὲ
2984 1894 3180 1947 ἐκεῖνοι
3209 1895 3429 1958 πάντως
3455 1895 3843 1964 γινώσκοντες.

597 1984 653 2034 Ὀ
691 1982 746 2036 δέ
791 1979 865 2053 μὴ
900 1984 1059 2037 τοῦτο
1081 1981 1388 2050 γινώσκων,
1421 1978 1732 2038 ἀθεώτατός
1762 1993 1822 2028 τε
1847 1977 1944 2028 καὶ
1967 1972 2373 2044 ἀφρονέστατος
2395 1974 2615 2030 πάντων
2654 1975 2722 2028 ἂν
2751 1974 2861 2044 sit].

673 2074 798 2130 ΗΞ.
827 2074 960 2130 Cum
1005 2087 1188 2131 autem
1242 2077 1428 2131 dicunt
1454 2076 1546 2132 isti
1581 2077 1691 2133 Deo
1743 2077 1922 2134 inesse
1949 2078 2168 2146 quidem

599 2167 999 2236 operationem,
1035 2169 1128 2223 sed
1161 2169 1228 2223 ab
1275 2170 1511 2224 essentia
1567 2171 1788 2224 minime
1831 2170 2168 2236 distinctam,

597 2259 944 2314 dissimulare
971 2273 1240 2315 conantur
1274 2277 1426 2317 suam
1464 2262 1821 2330 impietatem,
1848 2268 1904 2316 et
1929 2261 2171 2331 captiose

597 2351 875 2405 auditores
943 2352 1194 2420 decipere
1245 2365 1303 2408 et
1352 2353 1563 2409 fallere.
1597 2354 1686 2407 Sic
1743 2355 1904 2408 etiam
1937 2353 2173 2424 Libycus

600 2443 689 2497 ille
721 2444 988 2498 Sabellins
1017 2445 1228 2500 dicebat
1254 2445 1448 2500 Filium
1486 2460 1611 2500 esse
1638 2461 1668 2499 a
1691 2445 1799 2499 Deo
1814 2446 1976 2500 Patre
1995 2448 2172 2500 nullas-

601 2546 758 2590 tenns
833 2539 1175 2592 distinctum.
1249 2537 1319 2592 Ut
1386 2539 1554 2606 igitur
1599 2539 1691 2593 ille
1743 2541 2172 2595 convincebatur

599 2629 821 2682 Patrem
883 2630 1065 2684 dicere
1140 2629 1258 2685 sine
1318 2629 1458 2684 Filio
1518 2631 1857 2700 personalem
1888 2631 2174 2701 utriusque

597 2720 1005 2774 distinctionem
1055 2723 1342 2790 negando;
1377 2725 1446 2776 ita
1497 2723 1583 2778 isti
1617 2738 1779 2788 nunc,
1805 2725 2027 2778 minime
2059 2725 2171 2778 dis-

597 2814 821 2868 tinctam
853 2815 1150 2868 asserendo
1182 2831 1210 2867 a
1253 2816 1433 2868 divina
1474 2819 1715 2871 essentia
1764 2818 2004 2871 divinam
2043 2832 2173 2886 ope-

599 2907 889 2971 rationem,
917 2907 1120 2960 nullam
1153 2906 1262 2962 Deo
1287 2912 1654 2978 operationem
1689 2911 1986 2970 attribuere
2042 2924 2172 2966 con-

607 3000 918 3052 vincuntur.
947 2999 1002 3051 Si
1044 2999 1188 3052 enim
1222 3001 1303 3054 hac
1335 3016 1438 3056 non
1467 3001 1578 3055 sint
1599 3002 1891 3069 distinctae,
1935 3017 2095 3073 agere
2118 3011 2173 3058 et

2347 2079 2495 2151 ρμβ’.
2527 2080 2695 2134 Ὅταν
2719 2079 2777 2133 δέ
2820 2079 3055 2147 λέγωσιν
3099 2073 3244 2134 οὗτοι
3275 2078 3350 2141 ὡς
3379 2080 3494 2149 ἔχει
3529 2081 3629 2150 μὲν
3663 2084 3692 2134 6
3723 2083 3855 2145 Θεὸς

2271 2173 2582 2237 ἐνέργειαν,
2631 2173 2765 2226 ἀλλὰ
2811 2172 2908 2239 τῆς
2963 2171 3149 2232 οὐσίας
3199 2172 3462 2240 μηδαμῶς
3510 2174 3655 2224 κατὰ
3691 2177 3853 2240 μηδὲν

2273 2264 2664 2335 διαφέρουσαν,
2717 2259 3033 2325 συσκιάζειν
3079 2259 3378 2331 πειρῶνται
3433 2258 3534 2313 καὶ
3587 2257 3736 2312 οὕτω
3763 2258 3860 2329 τὴν

2275 2359 2485 2411 οἰκείαν
2512 2354 2852 2419 δυσσέϐειαν,
2879 2353 2977 2408 καὶ
3017 2353 3344 2429 σοφιστικῶς
3392 2353 3522 2415 τούς
3557 2353 3858 2413 ἀκούοντας

2273 2448 2721 2520 παρακρούεσθαι
2747 2450 2839 2500 καὶ
2877 2447 3116 2516 ἁπατᾷν.
3153 2445 3317 2502 Οὕτω
3365 2445 3475 2515 γὰρ
3499 2448 3598 2498 καί⁵
3629 2447 3661 2498 6
3691 2445 3858 2508 Λίϐυς

2275 2541 2480 2604 ἐκεῖνος
2507 2539 2792 2602 Σασέλλιος
2827 2538 2981 2605 ἔλεγε
3025 2539 3120 2591 καὶ
3149 2537 3278 2590 Υἱὸν
3317 2535 3463 2606 ἐχειν
3513 2536 3609 2588 τὸν
3641 2537 3857 2602 Πατέρα

2276 2635 2372 2686 καὶ
2404 2633 2557 2697 Θεὸν,
2593 2632 2760 2702 μηδὲν
2788 2629 2956 2684 αὐτοῦ
3002 2631 3350 2700 διαφέροντα.
3403 2628 3494 2691 Ὠς
3527 2629 3623 2682 οὖν
3652 2633 3858 2692 ἐκεινος

2275 2725 2540 2796 ἠλέγχετο
2569 2724 2789 2793 Πατέρα
2828 2723 3002 2790 λέγων
3037 2723 3164 2775 Υίοῦ
3202 2722 3393 2793 χωρὶς,
3435 2722 3536 2790 τὴν
3565 2719 3686 2773 καθ’
3723 2719 3856 2770 ὑπό-ν

2278 2835 2467 2871 στασιν
2509 2818 2688 2871 αὐτῶν
2740 2816 3003 2886 διαφορὰν
3053 2816 3383 2885 ἀρνούμενος
3412 2831 3427 2846 ι
3485 2813 3663 2875 οὕτως
3711 2806 3856 2866 οὗτοι

2276 2909 2394 2973 νῦν,
2435 2911 2556 2964 κατ’
2589 2911 2744 2964 οὐδὲν
2775 2909 3057 2978 διαφέρειν
3083 2907 3335 2976 λέγοντες
3360 2906 3461 2977 τῆς
3488 2907 3642 2970 Θείας
3671 2907 3859 2970 οὐσίας

2275 3004 2375 3071 τὴν
2407 3001 2558 3054 θείαν
2591 3001 2894 3069 ἐνέργειαν,
2931 2999 3032 3051 οὐκ
3063 2998 3208 3068 ἔχειν
3241 2999 3376 3062 ὅλως
3417 2999 3508 3050 τὸν
3539 2997 3670 3050 Θεὸν
3701 2998 3858 3067 ἐνέρ-

605 3090 819 3158 operari
851 3091 1037 3159 nequit
1078 3091 1218 3146 Deus
1244 3108 1258 3158 ;
1289 3109 1392 3145 non
1419 3093 1562 3148 enim
1599 3104 1781 3163 potest
1812 3094 2025 3164 operari
2053 3094 2170 3148 sine

2276 3112 2431 3165 γειαν
2458 3095 2854 3164 ἀπελέγχονται
2888 3091 3234 3163 φρονοῦντες.
3263 3091 3324 3143 Ei
3350 3091 3460 3160 γὰρ
3489 3090 3653 3158 μηδὲν
3681 3091 3859 3142 ταῦτα

600 3181 1114 3248 operatione,juxta
1161 3185 1456 3254 theologos,
1491 3186 1635 3240 sicut
1678 3203 1802 3253 nec,
1830 3187 1986 3256 juxta
2042 3203 2172 3242 eos-

601 3274 748 3340 dem,
805 3276 1070 3330 exsistere
1116 3275 1234 3330 sine
1259 3277 1604 3331 exsisteutia.
1666 3277 1894 3348 Insuper
1936 3281 2174 3339 divinam

608 3366 982 3436 operationem
1037 3367 1352 3421 distinctam
1417 3382 1540 3424 esse
1587 3383 1616 3422 a
1688 3371 1868 3424 divina
1909 3375 2172 3441 essentia,

602 3461 800 3514 abhinc
865 3461 1026 3514 etiam
1078 3470 1222 3530 patet
1287 3462 1425 3515 bene
1479 3462 1864 3520 sentientibus.
1917 3465 2177 3534 Operatio

600 3549 744 3605 aliud
797 3559 1058 3618 operatur
1102 3549 1246 3617 quod
1305 3549 1426 3620 ipse
1483 3565 1722 3620 operans
1780 3568 1887 3606 non
1939 3566 2046 3610 eat.
2083 3556 2178 3612 Sic

609 3651 868 3712 operatur
890 3651 944 3693 et
988 3641 1116 3694 facit
1149 3640 1292 3694 Deus
1316 3651 1616 3708 creaturas,
1641 3645 1757 3712 ipse
1793 3659 1920 3699 vero
1961 3647 2178 3703 increa-

602 3744 692 3787 tus
712 3740 812 3786 est.
854 3733 915 3785 Et
941 3733 1132 3786 relatio
1187 3747 1404 3801 semper
1441 3733 1506 3788 ad
1554 3734 1702 3790 aliud
1747 3736 1981 3796 dicitur:
2008 3739 2178 3796 Filius

599 3827 746 3880 enim
777 3825 976 3879 dicitur
1009 3825 1074 3880 ad
1104 3827 1360 3892 Patrem;
1389 3835 1542 3894 pater
1570 3839 1751 3884 autem
1799 3845 2073 3902 nunquam
2091 3842 2179 3890 est

603 3919 776 3986 patris
815 3916 999 3983 ﬁlius;
1032 3917 1174 3972 sicut
1229 3917 1393 3988 igitur
1431 3919 1768 3985 impossibile
1811 3931 1901 3978 est
1955 3924 2177 3980 relatio-

2275 3189 2602 3258 διενήνοχεν,
2633 3187 2754 3241 οὐδὲ
2782 3187 2954 3239 ποιεῖν
2983 3186 3076 3238 καὶ
3115 3186 3357 3254 ἐνεργεῖν
3398 3184 3513 3253 ἔχει
3542 3186 3570 3236 6
3595 3185 3745 3247 Θεός.
3781 3190 3856 3240 Οὐ

2275 3278 2385 3350 γὰρ
2418 3279 2566 3332 ἐστιν
2595 3279 2837 3348 ἐνεργεῖν
2876 3276 3046 3347 χωρὶς
3080 3277 3386 3346 ἐνεργείας,
3413 3278 3562 3331 κατά
3583 3280 3710 3342 τοὺς
3740 3279 3863 3332 Θεο-

2274 3371 2468 3440 λόγους
2499 3386 2516 3402 ο
2544 3371 2756 3442 ὥσπερ,
2799 3370 2919 3423 κατ’
2973 3370 3194 3433 αὐτοὺς,
3252 3364 3409 3432 αὖθις
3436 3369 3556 3422 οὐδὲ
3587 3370 3860 3438 ὑπάρχειν

2274 3464 2445 3534 χωρὶς
2478 3460 2786 3532 ὑπάρξεως.
2822 3463 2944 3515 Ὅτι
2979 3461 3037 3514 δέ
3072 3463 3107 3533 ὴ
3145 3461 3263 3514 Θεία
3295 3461 3551 3532 ἐνέργεια
3577 3461 3678 3532 τῆς
3708 3462 3861 3527 Θείας

2277 3556 2467 3620 οὐσίας
2497 3556 2764 3626 διαφέρει,
2791 3553 2952 3626 δῆλον
2975 3555 3040 3607 ἂν
3063 3555 3150 3624 εἴη
3169 3552 3467 3607 κάντεῦθεν
3488 3557 3604 3617 τοῖς
3631 3550 3694 3608 εὖ
3726 3571 3861 3625 φρο-

2277 3651 2463 3704 νοῦσιν
2489 3665 2506 3681 ο
2542 3651 2575 3720 ἠ
2609 3648 2664 3700 δέ
2693 3647 2948 3717 ἐνέργεια
2973 3647 3161 3717 ἓτερον
3189 3646 3426 3717 ἐνεργεῖ,
3458 3647 3596 3716 ὅπερ
3638 3649 3670 3698 6
3710 3648 3862 3717 ἐνερ-

2275 3741 2392 3810 γῶν
2418 3741 2519 3794 οὐκ
2544 3739 2714 3794 ἐστιν.
2752 3739 3001 3809 Ἐνεργεῖ
3025 3738 3135 3809 γὰρ
3185 3739 3279 3791 καὶ
3325 3741 3471 3791 ποιεῖ
3519 3740 3550 3791 6
3607 3739 3744 3802 Θεὸς
3791 3740 3862 3793 τὰ

2276 3833 2574 3904 κτίσματα,
2602 3833 2766 3895 αὐτὸς
2805 3831 2862 3885 δὲ
2913 3831 3165 3894 ἄκτιστός
3204 3831 3338 3884 ἐστι.
3381 3830 3492 3884 Καὶ
3527 3830 3593 3883 τὸ
3635 3830 3775 3900 πρός
3809 3848 3861 3886 τι

2277 3923 2356 3986 δὲ,
2381 3922 2518 3993 πρὸς
2547 3924 2736 3993 ἕτερον
2767 3922 2856 3975 ἀεὶ
2889 3921 3128 3990 λέγεται.
3164 3920 3293 3983 Υίὸς
3330 3921 3441 3991 γὰρ
3472 3920 3695 3988 λέγεται
3727 3923 3862 3990 πρὶς

603 4025 726 4064 nem
758 4025 862 4063 non
897 4011 1205 4066 distinctam
1235 4025 1358 4067 esse
1389 4014 1458 4069 ab
1517 4016 1777 4082 essentia,
1807 4026 1865 4070 et
1919 4032 2026 4072 non
2057 4032 2170 4074 esse

2273 4014 2366 4068 τὸν
2389 4016 2627 4086 Πατέρα.
2667 4015 2856 4085 Πατὴρ
2910 4013 2968 4067 δέ
2986 4013 3082 4067 τοῦ
3123 4012 3334 4082 Πατρός
3360 4013 3513 4066 ἐστιν
3550 4012 3682 4073 Tib;
3714 4013 3858 4066 οὐδέ·

603 4103 824 4156 modum
879 4103 1224 4168 substantiae,
1281 4105 1377 4160 sed
1444 4103 1619 4174 ipsam
1669 4107 2068 4177 substantiam;
2105 4112 2177 4166 ita

604 4192 830 4248 minime
876 4193 1133 4260 possibile
1161 4205 1242 4249 est
1276 4197 1651 4264 operationem
1691 4213 1800 4254 non
1831 4213 1956 4255 esse
1995 4199 2064 4254 ab
2088 4216 2179 4256 es-

602 4283 776 4336 sentia
817 4281 1153 4349 distinctam,
1188 4287 1280 4338 sed
1304 4288 1596 4343 essentiam
1627 4303 1774 4355 esse,
1809 4290 1939 4345 licet
1967 4290 2179 4348 dissen-

605 4376 745 4430 tiant
775 4375 1099 4432 adversarii.

682 4555 805 4610 H5.
837 4554 1064 4624 Magnus
1091 4555 1324 4612 Basilius
1353 4559 1406 4612 in
1447 4559 1798 4628 syllogisticis
1823 4562 2096 4632 capitibus
2114 4566 2179 4620 de

559 4699 572 4712 ἡ,
609 4641 720 4696 Deo
754 4661 1061 4700 sermonem
1113 4647 1320 4703 faciens
1365 4649 1499 4704 dicit
1542 4668 1556 4705 :
1591 4668 1609 4702 ι
1635 4651 1895 4720 Operatio
1940 4671 2045 4710 non
2095 4665 2179 4712 est

605 4747 883 4806 operator,
918 4753 1018 4794 nec
1049 4755 1227 4808 opus;
1267 4756 1373 4794 non
1403 4741 1567 4810 igitur
1608 4743 1678 4798 ab
1725 4748 1968 4801 essentia
2010 4749 2180 4803 indis-

611 4842 764 4883 creta
808 4841 892 4886 est
943 4833 1214 4902 Operatio.
1241 4852 1259 4884 ι
1290 4831 1356 4886 Et
1405 4834 1561 4888 divus
1604 4835 1858 4906 Cyrillus,
1887 4841 1951 4893 de
1987 4838 2095 4894 Deo
2125 4849 2180 4895 et

607 4922 734 4990 ipse
786 4923 1084 4988 disserens,
1118 4924 1170 4977 id
1231 4923 1390 4977 docet
1435 4940 1452 4978 :
1511 4925 1764 4982 «Facere
1823 4929 2040 4998 quidem
2096 4941 2180 4988 est

606 5015 983 5082 operationis;
1019 5025 1228 5070 naturae
1257 5030 1408 5082 vero,
1445 5031 1703 5086 generare
1733 5037 1747 5085 ;
1775 5029 1962 5075 natura
1996 5030 2178 5078 autem

606 5115 664 5157 et
709 5106 952 5174 operatio
985 5122 1092 5161 non
1113 5118 1241 5161 sunt
1266 5107 1429 5162 idem.
1456 5127 1474 5161 ι
1505 5107 1570 5162 Et
1595 5109 1768 5165 deiler
1791 5111 2176 5172 Damascenus:

615 5212 634 5246 ι
659 5193 808 5264 Opus
835 5197 944 5250 divi
958 5213 1041 5252 nae
1067 5199 1381 5262 voluntatis,
1417 5203 1643 5257 creatio.
1677 5221 1696 5254 ι
1731 5203 1794 5257 Et
1824 5205 1951 5259 alibi
1985 5221 2180 5261 sursus

619 5286 763 5341 idem
791 5287 938 5341 clare
967 5289 1104 5342 dicit
1141 5305 1158 5346 ι
1207 5309 1225 5341 ι
1251 5291 1406 5346 Aliud
1441 5302 1522 5348 est
1563 5296 1809 5365 operatio
1851 5311 2010 5366 quam
2047 5313 2179 5367 ope-

615 5395 764 5434 rans.
789 5380 1050 5448 Operatio
1075 5381 1218 5435 enim
1251 5392 1335 5440 est
1367 5387 1674 5442 essentialis
1706 5397 1915 5444 natura
1956 5398 2176 5454 motus;

612 5485 846 5538 operans
877 5485 1026 5535 vero,
1064 5485 1274 5537 natura.
1306 5491 1373 5530 ex
1417 5491 1524 5546 qua
1569 5478 1812 5548 operatio
1865 5481 2125 5549 procedit.
2154 5499 2173 5535 ι

615 5559 987 5630 Nultipliciter
1010 5563 1174 5632 igitur
1206 5566 1462 5622 distincta
1493 5577 1578 5623 est
1613 5569 1681 5624 ab
1727 5569 1962 5626 essentia
1993 5570 2176 5626 divina

612 5651 882 5746 operatio,
909 5651 1066 5721 iusta
1103 5653 1402 5710 deilormes
1422 5664 1628 5723 patres.

2276 4123 2430 4162 ποτε.
2473 4107 2562 4170 Ὦς
2607 4103 2702 4161 οὖν
2730 4107 2794 4160 τὸ
2825 4107 2960 4178 πρὸς
2991 4123 3046 4160 τι
3087 4105 3199 4160 τῶν
3235 4105 3510 4159 ἀδυνάτων
3548 4105 3720 4175 μηδὲν
3749 4105 3856 4158 δια·

2277 4202 2466 4272 φέρειν
2495 4201 2596 4268 τῆς
2635 4201 2845 4266 οὐσίας,
2915 4199 3050 4270 μηδὲ
3103 4196 3495 4267 ἐνθεωρεῖσθαι
3558 4199 3626 4266 τῇ
3682 4198 3852 4266 οὐσία,

2276 4294 2394 4347 ἀλλ’
2430 4292 2623 4347 οὐσίαν
2666 4289 2829 4356 εῖναι,
2867 4291 3040 4354 οὕτως
3078 4289 3202 4344 οὐδὲ
3251 4288 3352 4359 τὴν
3395 4289 3686 4360 ἐνέργειαν
3726 4289 3855 4349 ὅλως

2277 4385 2397 4438 ἐστὶ
2422 4384 2652 4438 δυνατὸν
2688 4383 2763 4453 μὴ
2809 4381 3094 4454 διαφέρειν
3137 4382 3240 4449 τῆς
3274 4381 3486 4445 οὐσίας,
3517 4380 3636 4435 ἀλλ’
3674 4381 3854 4433 οὐσίαν

2207 4467 2253 4526 Ι)
2275 4473 2436 4539 εἶναι,
2466 4477 2570 4529 κᾶν
2604 4476 2654 4529 οἱ
2687 4474 2920 4528 ἐναντίοι
2951 4475 3396 4544 ἀπαρέσκωνται.

2349 4569 2497 4644 ρμγ’.
2546 4571 2604 4624 'O
2640 4570 2816 4639 μέγας
2847 4568 3128 4630 Βασίλειος
3165 4567 3224 4619 ἐν
3269 4567 3382 4628 τοῖς
3431 4565 3856 4634 συλλογιστικοῖς

2275 4665 2442 4718 αὐτοῦ
2473 4661 2791 4733 κεφαλαίοις
2829 4660 2957 4730 περὶ
2987 4657 3128 4711 ,Θεοῦ
3173 4657 3267 4710 τὸν
3298 4657 3456 4726 λόγον
3504 4657 3848 4728 ποιούμενος,

2277 4755 2465 4827 φησὶν,
2497 4756 2573 4817 ὡς
2607 4757 2640 4822 ἡ
2673 4754 2926 4823 ἐνέργεια
2973 4748 3102 4802 οὔτε·
3135 4751 3164 4802 6
3198 4751 3436 4820 ἐνεργῶν
3463 4750 3617 4802 ἐστιν
3645 4749 3768 4803 οὐτε
3799 4747 3854 4800 τὸ

2275 4843 2570 4915 ἐνεργηθέν
2600 4857 2622 4882 ’ν
2645 4843 2746 4896 οὐκ
2773 4841 2882 4910 ἄρα
2939 4837 3038 4908 τῆς
3086 4836 3275 4899 οὐσίας
3317 4835 3612 4904 ἁδιάφορός
3639 4839 3792 4888 ἐστιν
3820 4836 3850 4903 ἡ

2277 4937 2550 5007 ἐνέργεια.
2592 4935 2650 4987 'O
2670 4934 2728 4987 δέ
2753 4933 2895 4996 Θεῖος
2932 4931 3220 5002 Κύριλλος,
3255 4929 3383 5000 περὶ
3412 4928 3550 4982 Θεοῦ
3581 4929 3677 4982 καὶ⁵
3699 4928 3854 4990 αὐτὸς

2272 5031 2363 5085 τὸν
2392 5030 2552 5100 λόγον
2595 5027 2938 5099 ποιούμενος,
2963 5026 3036 5080 Τὸ
3072 5027 3172 5096 μὲν
3197 5027 3370 5077 ποιεῖν
3399 5023 3684 5094 ἐνεργείας
3713 5023 3848 5086 ἐστὶ,

2277 5124 2550 5190 θεολογεῖο
2583 5121 2799 5192 φύσεως
2835 5119 2893 5172 δέ
2949 5119 3011 5172 τὺ
3065 5119 3261 5190 γεννᾷν
3288 5135 3303 5150 ο
3348 5116 3516 5185 φύσις
3546 5117 3604 5170 δὲ
3651 5119 3744 5168 καὶ
3773 5119 3855 5165 ἑν-

2279 5217 2468 5286 έργεια
2520 5216 2580 5268 οὐ
2614 5213 2834 5268 ταυτόν.
2864 5211 3221 5281 Δαμασκηνὸς
3257 5209 3286 5262 6
3323 5209 3607 5279 Θεοφόρος,
3658 5211 3855 5278 Ἔργον

2282 5311 2381 5380 μὲν
2403 5307 2548 5371 Θείας
2577 5306 2871 5377 θελήσεως,
2897 5307 2930 5374 ἠ
2965 5303 3161 5367 κτίσις.
3189 5303 3298 5356 Καὶ
3318 5301 3556 5372 ἀλλαχοῦ
3590 5303 3647 5356 δὲ
3674 5301 3854 5370 σαφῶς

2279 5401 2444 5454 πάλιν
2487 5399 2516 5451 6
2554 5399 2737 5464 αὐτὸς,
2782 5396 2971 5460 Ἀλλο,
3018 5397 3203 5466 φησὶν,
3240 5395 3389 5447 ἐστὶν
3441 5394 3715 5464 ἐνέργεια,
3763 5393 3855 5445 καὶ

2275 5492 2409 5548 ἄλλο
2427 5489 2802 5562 ἐνεργητικόν.
2850 5488 3136 5558 Ἐνέργεια
3192 5486 3293 5558 μὲν
3340 5487 3448 5557 γάρ
3499 5487 3652 5540 ἐστιν
3697 5485 3855 5554 ἡού-

2273 5584 2476 5656 σιὼδης
2491 5583 2592 5654 τῆς
2626 5580 2841 5648 φύσεως
2873 5581 3105 5651 κίνησις,
3141 5579 3496 5651 ἐνεργητικὸν
3519 5578 3586 5632 δὲ
3612 5581 3647 5649 ἡ
3673 5579 3853 5647 φύσις,

2275 5674 2332 5740 ἐξ
2361 5669 2432 5744 ἦς
2463 5675 2498 5742 ὴ
2532 5671 2786 5742 ἐνέργεια
2829 5670 3067 5740 πρόεισι.
3116 5668 3406 5739 Πολλαχῶς
3435 5668 3545 5737 ἄρα
3580 5668 3680 5738 τῆς
3705 5666 3854 5730 Θείας

2275 5763 2467 5825 οὐςίας
2512 5763 2547 5832 ἡ
2607 5760 2858 5831 ἐνάργεια
2916 5759 3187 5834 διαφέρει,
3240 5759 3380 5812 κατὰ
3415 5759 3544 5821 τοὺς
3604 5758 3854 5819 Θεοειδιῖς

2278 5856 2547 5920 Πατέρας.
