  <div class='ocr_page' id='page_1' title='image "/cluster/home/n/w/nwhite01/storage/ocr_20150623/150/mdp.39015078384743/618.png"; bbox 0 0 4102 6344; ppageno 0'>
   <div class='ocr_carea' id='block_1_1' title="bbox 400 331 526 399">
    <p class='ocr_par' dir='ltr' id='par_1_1' title="bbox 400 331 526 399">
     <span class='ocr_line' id='line_1_1' title="bbox 400 331 526 399; baseline 0.008 -2"><span class='ocrx_word' id='word_1_1' title='bbox 400 331 526 399; x_wconf 68' lang='grc'><strong>1221</strong></span> 
     </span>
    </p>
   </div>
   <div class='ocr_carea' id='block_1_2' title="bbox 1299 335 2718 410">
    <p class='ocr_par' dir='ltr' id='par_1_2' title="bbox 1299 335 2718 410">
     <span class='ocr_line' id='line_1_2' title="bbox 1299 335 2718 410; baseline 0.005 -15"><span class='ocrx_word' id='word_1_2' title='bbox 1299 335 1574 396; x_wconf 65' lang='grc' dir='ltr'><strong>(ΖΑΡΞΤΑ</strong></span> <span class='ocrx_word' id='word_1_3' title='bbox 1613 336 1957 405; x_wconf 82' lang='lat' dir='ltr'><strong>PHYSICA,</strong></span> <span class='ocrx_word' id='word_1_4' title='bbox 1996 337 2513 410; x_wconf 79' lang='lat' dir='ltr'><strong>THEOLOGICA,</strong></span> <span class='ocrx_word' id='word_1_5' title='bbox 2555 340 2718 402; x_wconf 80' lang='lat' dir='ltr'><strong>ETC.</strong></span> 
     </span>
    </p>
   </div>
   <div class='ocr_carea' id='block_1_3' title="bbox 3497 343 3632 408">
    <p class='ocr_par' dir='ltr' id='par_1_3' title="bbox 3497 343 3632 408">
     <span class='ocr_line' id='line_1_3' title="bbox 3497 343 3632 408; baseline -0.015 0"><span class='ocrx_word' id='word_1_6' title='bbox 3497 343 3632 408; x_wconf 72' lang='lat'><strong>1292</strong></span> 
     </span>
    </p>
   </div>
   <div class='ocr_carea' id='block_1_4' title="bbox 453 445 1950 526">
    <p class='ocr_par' dir='ltr' id='par_1_4' title="bbox 453 445 1950 518">
     <span class='ocr_line' id='line_1_4' title="bbox 453 445 1950 518; baseline 0.001 -16"><span class='ocrx_word' id='word_1_7' title='bbox 453 445 598 518; x_wconf 84' lang='grc' dir='ltr'>ρμό’.</span> <span class='ocrx_word' id='word_1_8' title='bbox 645 449 712 502; x_wconf 82' lang='grc' dir='ltr'><strong>Ἥ</strong></span> <span class='ocrx_word' id='word_1_9' title='bbox 745 447 904 503; x_wconf 82' lang='grc' dir='ltr'>οὐσία</span> <span class='ocrx_word' id='word_1_10' title='bbox 933 447 1028 500; x_wconf 88' lang='grc' dir='ltr'><strong>τοῦ</strong></span> <span class='ocrx_word' id='word_1_11' title='bbox 1067 445 1203 502; x_wconf 85' lang='grc' dir='ltr'>Θεοῦ</span> <span class='ocrx_word' id='word_1_12' title='bbox 1257 449 1606 504; x_wconf 83' lang='grc' dir='ltr'>παντάπασίν</span> <span class='ocrx_word' id='word_1_13' title='bbox 1643 451 1791 504; x_wconf 77' lang='grc' dir='ltr'>ἐστιν</span> <span class='ocrx_word' id='word_1_14' title='bbox 1815 451 1950 504; x_wconf 84' lang='grc' dir='ltr'><strong>ἀνώ-</strong></span> 
     </span>
    </p>
   </div>
   <div class='ocr_carea' id='block_1_5' title="bbox 2047 445 3629 526">
    <p class='ocr_par' dir='ltr' id='par_1_5' title="bbox 2133 450 3629 526">
     <span class='ocr_line' id='line_1_5' title="bbox 2133 450 3629 526; baseline 0.005 -22"><span class='ocrx_word' id='word_1_15' title='bbox 2133 450 2258 506; x_wconf 68' lang='lat' dir='ltr'><strong>iu.</strong></span> <span class='ocrx_word' id='word_1_16' title='bbox 2290 450 2539 506; x_wconf 83' lang='lat' dir='ltr'><strong>Essentia</strong></span> <span class='ocrx_word' id='word_1_17' title='bbox 2582 451 2676 507; x_wconf 87' lang='lat' dir='ltr'><strong>Dei</strong></span> <span class='ocrx_word' id='word_1_18' title='bbox 2724 451 3034 508; x_wconf 72' lang='lat' dir='ltr'><strong>nullatenus</strong></span> <span class='ocrx_word' id='word_1_19' title='bbox 3081 457 3383 522; x_wconf 81' lang='lat' dir='ltr'><strong>nuncupari</strong></span> <span class='ocrx_word' id='word_1_20' title='bbox 3429 471 3629 526; x_wconf 78' lang='lat' dir='ltr'><strong>potest,</strong></span> 
     </span>
    </p>
   </div>
   <div class='ocr_carea' id='block_1_6' title="bbox 380 539 1958 615">
    <p class='ocr_par' dir='ltr' id='par_1_6' title="bbox 380 539 1958 615">
     <span class='ocr_line' id='line_1_6' title="bbox 380 539 1958 615; baseline 0.003 -22"><span class='ocrx_word' id='word_1_21' title='bbox 380 558 570 611; x_wconf 84' lang='grc' dir='ltr'>νυμος,</span> <span class='ocrx_word' id='word_1_22' title='bbox 601 541 723 594; x_wconf 74' lang='grc' dir='ltr'>ἐπεὶ</span> <span class='ocrx_word' id='word_1_23' title='bbox 745 542 838 595; x_wconf 75' lang='grc' dir='ltr'>καὶ</span> <span class='ocrx_word' id='word_1_24' title='bbox 863 543 1041 611; x_wconf 88' lang='grc' dir='ltr'>πάντη</span> <span class='ocrx_word' id='word_1_25' title='bbox 1064 540 1213 594; x_wconf 68' lang='grc' dir='ltr'>ἐστὶν</span> <span class='ocrx_word' id='word_1_26' title='bbox 1233 539 1606 612; x_wconf 77' lang='grc' dir='ltr'>ἀπερινόητοςο</span> <span class='ocrx_word' id='word_1_27' title='bbox 1635 543 1958 615; x_wconf 73' lang='grc' dir='ltr'>ὀνομάζεται</span> 
     </span>
    </p>
   </div>
   <div class='ocr_carea' id='block_1_7' title="bbox 377 629 1963 706">
    <p class='ocr_par' dir='ltr' id='par_1_7' title="bbox 377 629 1963 706">
     <span class='ocr_line' id='line_1_7' title="bbox 377 629 1963 706; baseline 0.004 -20"><span class='ocrx_word' id='word_1_28' title='bbox 377 629 472 686; x_wconf 86' lang='grc' dir='ltr'><strong>οῦν</strong></span> <span class='ocrx_word' id='word_1_29' title='bbox 511 635 575 686; x_wconf 80' lang='grc' dir='ltr'>ὲκ</span> <span class='ocrx_word' id='word_1_30' title='bbox 610 631 808 687; x_wconf 87' lang='grc' dir='ltr'>πασῶν</span> <span class='ocrx_word' id='word_1_31' title='bbox 840 632 948 685; x_wconf 84' lang='grc' dir='ltr'>τῶν</span> <span class='ocrx_word' id='word_1_32' title='bbox 976 631 1196 686; x_wconf 84' lang='grc' dir='ltr'>οίκείων</span> <span class='ocrx_word' id='word_1_33' title='bbox 1233 634 1552 704; x_wconf 77' lang='grc' dir='ltr'>ἐνεργειῶν,</span> <span class='ocrx_word' id='word_1_34' title='bbox 1593 633 1823 706; x_wconf 80' lang='grc' dir='ltr'>μηδενὸς</span> <span class='ocrx_word' id='word_1_35' title='bbox 1845 639 1963 692; x_wconf 81' lang='grc' dir='ltr'>ἐκεῖ</span> 
     </span>
    </p>
   </div>
   <div class='ocr_carea' id='block_1_8' title="bbox 376 723 1961 800">
    <p class='ocr_par' dir='ltr' id='par_1_8' title="bbox 376 723 1961 800">
     <span class='ocr_line' id='line_1_8' title="bbox 376 723 1961 800; baseline 0.005 -22"><span class='ocrx_word' id='word_1_36' title='bbox 376 725 486 778; x_wconf 89' lang='grc' dir='ltr'>τῶν</span> <span class='ocrx_word' id='word_1_37' title='bbox 509 725 793 794; x_wconf 83' lang='grc' dir='ltr'><strong>ὀνομάτων</strong></span> <span class='ocrx_word' id='word_1_38' title='bbox 823 723 961 795; x_wconf 87' lang='grc' dir='ltr'>πρὸς</span> <span class='ocrx_word' id='word_1_39' title='bbox 983 725 1173 796; x_wconf 71' lang='grc' dir='ltr'>ἕτερον</span> <span class='ocrx_word' id='word_1_40' title='bbox 1204 726 1348 780; x_wconf 85' lang='grc' dir='ltr'>κατά</span> <span class='ocrx_word' id='word_1_41' title='bbox 1383 727 1482 798; x_wconf 81' lang='grc' dir='ltr'>τὴν</span> <span class='ocrx_word' id='word_1_42' title='bbox 1527 731 1804 800; x_wconf 82' lang='grc' dir='ltr'>σημασίαν</span> <span class='ocrx_word' id='word_1_43' title='bbox 1844 731 1961 786; x_wconf 82' lang='grc' dir='ltr'>δια-</span> 
     </span>
    </p>
   </div>
   <div class='ocr_carea' id='block_1_9' title="bbox 378 818 1957 895">
    <p class='ocr_par' dir='ltr' id='par_1_9' title="bbox 378 818 1957 895">
     <span class='ocr_line' id='line_1_9' title="bbox 378 818 1957 895; baseline 0.003 -23"><span class='ocrx_word' id='word_1_44' title='bbox 378 821 657 890; x_wconf 80' lang='grc' dir='ltr'><strong>φέροντος.</strong></span> <span class='ocrx_word' id='word_1_45' title='bbox 695 819 785 882; x_wconf 78' lang='grc' dir='ltr'><strong>Ἐξ</strong></span> <span class='ocrx_word' id='word_1_46' title='bbox 808 818 1042 872; x_wconf 79' lang='grc' dir='ltr'><strong>ἑκάστου</strong></span> <span class='ocrx_word' id='word_1_47' title='bbox 1063 819 1173 889; x_wconf 78' lang='grc' dir='ltr'><strong>γὰρ</strong></span> <span class='ocrx_word' id='word_1_48' title='bbox 1197 821 1292 875; x_wconf 73' lang='grc' dir='ltr'>καὶ</span> <span class='ocrx_word' id='word_1_49' title='bbox 1320 822 1540 876; x_wconf 85' lang='grc' dir='ltr'>πάντων</span> <span class='ocrx_word' id='word_1_50' title='bbox 1566 824 1718 876; x_wconf 82' lang='grc' dir='ltr'>οὐδὲν</span> <span class='ocrx_word' id='word_1_51' title='bbox 1747 825 1957 895; x_wconf 76' lang='grc' dir='ltr'>ἕτερον,</span> 
     </span>
    </p>
   </div>
   <div class='ocr_carea' id='block_1_10' title="bbox 375 910 1960 986">
    <p class='ocr_par' dir='ltr' id='par_1_10' title="bbox 375 910 1960 986">
     <span class='ocr_line' id='line_1_10' title="bbox 375 910 1960 986; baseline 0.001 -22"><span class='ocrx_word' id='word_1_52' title='bbox 375 911 512 986; x_wconf 41' lang='lat' dir='ltr'><strong>mea</strong></span> <span class='ocrx_word' id='word_1_53' title='bbox 570 910 800 978; x_wconf 63' lang='grc' dir='ltr'>κρύφιον</span> <span class='ocrx_word' id='word_1_54' title='bbox 855 912 1033 964; x_wconf 78' lang='grc' dir='ltr'>ἐκεῖνο</span> <span class='ocrx_word' id='word_1_55' title='bbox 1091 910 1358 982; x_wconf 81' lang='grc' dir='ltr'><strong>μηδαμῶς</strong></span> <span class='ocrx_word' id='word_1_56' title='bbox 1415 916 1820 986; x_wconf 82' lang='grc' dir='ltr'><strong>γινωσκόμενον</strong></span> <span class='ocrx_word' id='word_1_57' title='bbox 1849 919 1876 971; x_wconf 82' lang='grc' dir='ltr'><strong>ὃ</strong></span> <span class='ocrx_word' id='word_1_58' title='bbox 1906 917 1960 972; x_wconf 82' lang='grc' dir='ltr'><strong>τί</strong></span> 
     </span>
    </p>
   </div>
   <div class='ocr_carea' id='block_1_11' title="bbox 375 1001 1960 1078">
    <p class='ocr_par' dir='ltr' id='par_1_11' title="bbox 375 1001 1960 1078">
     <span class='ocr_line' id='line_1_11' title="bbox 375 1001 1960 1078; baseline 0.008 -24"><span class='ocrx_word' id='word_1_59' title='bbox 375 1001 508 1054; x_wconf 88' lang='grc' dir='ltr'><strong>ποτέ</strong></span> <span class='ocrx_word' id='word_1_60' title='bbox 539 1003 658 1054; x_wconf 82' lang='grc' dir='ltr'>ὲστι</span> <span class='ocrx_word' id='word_1_61' title='bbox 699 1002 948 1056; x_wconf 86' lang='grc' dir='ltr'>καλεῖται</span> <span class='ocrx_word' id='word_1_62' title='bbox 991 1004 1084 1056; x_wconf 77' lang='grc' dir='ltr'><strong>ἐπὶ</strong></span> <span class='ocrx_word' id='word_1_63' title='bbox 1126 1003 1183 1056; x_wconf 83' lang='grc' dir='ltr'>δὲ</span> <span class='ocrx_word' id='word_1_64' title='bbox 1229 1004 1338 1058; x_wconf 89' lang='grc' dir='ltr'>τῶν</span> <span class='ocrx_word' id='word_1_65' title='bbox 1377 1006 1693 1078; x_wconf 72' lang='grc' dir='ltr'>ἐνεργειῶν,</span> <span class='ocrx_word' id='word_1_66' title='bbox 1727 1008 1960 1066; x_wconf 77' lang='grc' dir='ltr'>ἕκαστον</span> 
     </span>
    </p>
   </div>
   <div class='ocr_carea' id='block_1_12' title="bbox 371 1094 1954 1174">
    <p class='ocr_par' dir='ltr' id='par_1_12' title="bbox 371 1094 1954 1174">
     <span class='ocr_line' id='line_1_12' title="bbox 371 1094 1954 1174; baseline 0.008 -28"><span class='ocrx_word' id='word_1_67' title='bbox 371 1094 478 1146; x_wconf 85' lang='grc' dir='ltr'>τῶν</span> <span class='ocrx_word' id='word_1_68' title='bbox 511 1095 792 1164; x_wconf 81' lang='grc' dir='ltr'><strong>ὀνομάτων</strong></span> <span class='ocrx_word' id='word_1_69' title='bbox 825 1096 1085 1165; x_wconf 86' lang='grc' dir='ltr'>διάφορον</span> <span class='ocrx_word' id='word_1_70' title='bbox 1123 1096 1235 1167; x_wconf 78' lang='grc' dir='ltr'>ἔχει</span> <span class='ocrx_word' id='word_1_71' title='bbox 1265 1099 1562 1168; x_wconf 86' lang='grc' dir='ltr'>σημασίαν.</span> <span class='ocrx_word' id='word_1_72' title='bbox 1596 1101 1694 1166; x_wconf 87' lang='grc' dir='ltr'><strong>Τίς</strong></span> <span class='ocrx_word' id='word_1_73' title='bbox 1724 1104 1833 1174; x_wconf 83' lang='grc' dir='ltr'><strong>γὰρ</strong></span> <span class='ocrx_word' id='word_1_74' title='bbox 1852 1105 1954 1159; x_wconf 80' lang='grc' dir='ltr'>οὐκ</span> 
     </span>
    </p>
   </div>
   <div class='ocr_carea' id='block_1_13' title="bbox 370 1179 1950 1261">
    <p class='ocr_par' dir='ltr' id='par_1_13' title="bbox 370 1179 1950 1261">
     <span class='ocr_line' id='line_1_13' title="bbox 370 1179 1950 1261; baseline 0.01 -24"><span class='ocrx_word' id='word_1_75' title='bbox 370 1179 512 1237; x_wconf 71' lang='grc' dir='ltr'>οἶδεν</span> <span class='ocrx_word' id='word_1_76' title='bbox 537 1186 618 1239; x_wconf 84' lang='grc' dir='ltr'>ὅτι</span> <span class='ocrx_word' id='word_1_77' title='bbox 653 1187 1028 1257; x_wconf 75' lang='grc' dir='ltr'><strong>διενηνόχασιν</strong></span> <span class='ocrx_word' id='word_1_78' title='bbox 1049 1190 1297 1261; x_wconf 80' lang='grc' dir='ltr'>ἀλλήλων</span> <span class='ocrx_word' id='word_1_79' title='bbox 1321 1194 1382 1244; x_wconf 87' lang='grc' dir='ltr'><strong>τὸ</strong></span> <span class='ocrx_word' id='word_1_80' title='bbox 1411 1193 1639 1258; x_wconf 82' lang='grc' dir='ltr'><strong>κτίζειν,</strong></span> <span class='ocrx_word' id='word_1_81' title='bbox 1665 1197 1726 1250; x_wconf 87' lang='grc' dir='ltr'><strong>τὸ</strong></span> <span class='ocrx_word' id='word_1_82' title='bbox 1754 1197 1950 1252; x_wconf 85' lang='grc' dir='ltr'>δεσπό-</span> 
     </span>
    </p>
   </div>
   <div class='ocr_carea' id='block_1_14' title="bbox 371 1270 1952 1356">
    <p class='ocr_par' dir='ltr' id='par_1_14' title="bbox 371 1270 1952 1356">
     <span class='ocr_line' id='line_1_14' title="bbox 371 1270 1952 1356; baseline 0.013 -33"><span class='ocrx_word' id='word_1_83' title='bbox 371 1270 511 1336; x_wconf 77' lang='grc' dir='ltr'>ζειν,</span> <span class='ocrx_word' id='word_1_84' title='bbox 540 1273 602 1326; x_wconf 86' lang='grc' dir='ltr'><strong>τὸ</strong></span> <span class='ocrx_word' id='word_1_85' title='bbox 638 1275 866 1345; x_wconf 86' lang='grc' dir='ltr'>κρίνειν,</span> <span class='ocrx_word' id='word_1_86' title='bbox 902 1277 964 1328; x_wconf 85' lang='grc' dir='ltr'><strong>τὸ</strong></span> <span class='ocrx_word' id='word_1_87' title='bbox 992 1279 1362 1348; x_wconf 81' lang='grc' dir='ltr'><strong>προνοεῖσθαι,</strong></span> <span class='ocrx_word' id='word_1_88' title='bbox 1396 1282 1456 1336; x_wconf 89' lang='grc' dir='ltr'><strong>τὸ</strong></span> <span class='ocrx_word' id='word_1_89' title='bbox 1483 1283 1573 1336; x_wconf 81' lang='grc' dir='ltr'>διὰ</span> <span class='ocrx_word' id='word_1_90' title='bbox 1609 1284 1708 1356; x_wconf 79' lang='grc' dir='ltr'>τῆς</span> <span class='ocrx_word' id='word_1_91' title='bbox 1742 1289 1952 1354; x_wconf 75' lang='grc' dir='ltr'>οἰκείας</span> 
     </span>
    </p>
   </div>
   <div class='ocr_carea' id='block_1_15' title="bbox 370 1364 1952 1446">
    <p class='ocr_par' dir='ltr' id='par_1_15' title="bbox 370 1364 1952 1446">
     <span class='ocr_line' id='line_1_15' title="bbox 370 1364 1952 1446; baseline 0.012 -31"><span class='ocrx_word' id='word_1_92' title='bbox 370 1364 592 1434; x_wconf 86' lang='grc' dir='ltr'>χάριτος</span> <span class='ocrx_word' id='word_1_93' title='bbox 619 1365 711 1418; x_wconf 86' lang='grc' dir='ltr'><strong>τὸν</strong></span> <span class='ocrx_word' id='word_1_94' title='bbox 737 1365 871 1419; x_wconf 83' lang='grc' dir='ltr'>Θεὸν</span> <span class='ocrx_word' id='word_1_95' title='bbox 897 1369 1044 1438; x_wconf 76' lang='grc' dir='ltr'>ἡμᾶς</span> <span class='ocrx_word' id='word_1_96' title='bbox 1066 1369 1328 1424; x_wconf 78' lang='grc' dir='ltr'>υίοθετεῖν</span> <span class='ocrx_word' id='word_1_97' title='bbox 1343 1390 1358 1437; x_wconf 84' lang='grc'><strong>;</strong></span> <span class='ocrx_word' id='word_1_98' title='bbox 1388 1374 1451 1427; x_wconf 83' lang='lat' dir='ltr'><strong>Ol</strong></span> <span class='ocrx_word' id='word_1_99' title='bbox 1471 1371 1565 1428; x_wconf 80' lang='grc' dir='ltr'>οὖν</span> <span class='ocrx_word' id='word_1_100' title='bbox 1584 1377 1682 1440; x_wconf 76' lang='grc' dir='ltr'><strong>τάς</strong></span> <span class='ocrx_word' id='word_1_101' title='bbox 1713 1381 1952 1446; x_wconf 73' lang='grc' dir='ltr'>φυσικὰς</span> 
     </span>
    </p>
   </div>
   <div class='ocr_carea' id='block_1_16' title="bbox 370 1455 1950 1541">
    <p class='ocr_par' dir='ltr' id='par_1_16' title="bbox 370 1455 1950 1541">
     <span class='ocr_line' id='line_1_16' title="bbox 370 1455 1950 1541; baseline 0.012 -35"><span class='ocrx_word' id='word_1_102' title='bbox 370 1455 522 1518; x_wconf 81' lang='grc' dir='ltr'>θείας</span> <span class='ocrx_word' id='word_1_103' title='bbox 581 1456 784 1520; x_wconf 86' lang='grc' dir='ltr'>ταύτας</span> <span class='ocrx_word' id='word_1_104' title='bbox 818 1459 1120 1529; x_wconf 71' lang='grc' dir='ltr'>ἐνεργείας,</span> <span class='ocrx_word' id='word_1_105' title='bbox 1161 1461 1237 1525; x_wconf 83' lang='grc' dir='ltr'>ὡς</span> <span class='ocrx_word' id='word_1_106' title='bbox 1293 1462 1541 1536; x_wconf 74' lang='grc' dir='ltr'>ἀλλήλων</span> <span class='ocrx_word' id='word_1_107' title='bbox 1589 1483 1651 1521; x_wconf 85' lang='grc' dir='ltr'><strong>τε</strong></span> <span class='ocrx_word' id='word_1_108' title='bbox 1704 1471 1801 1522; x_wconf 82' lang='grc' dir='ltr'>καὶ</span> <span class='ocrx_word' id='word_1_109' title='bbox 1848 1471 1950 1541; x_wconf 84' lang='grc' dir='ltr'>τῆς</span> 
     </span>
    </p>
   </div>
   <div class='ocr_carea' id='block_1_17' title="bbox 369 1548 1948 1630">
    <p class='ocr_par' dir='ltr' id='par_1_17' title="bbox 369 1548 1948 1630">
     <span class='ocr_line' id='line_1_17' title="bbox 369 1548 1948 1630; baseline 0.012 -30"><span class='ocrx_word' id='word_1_110' title='bbox 369 1548 520 1612; x_wconf 80' lang='grc' dir='ltr'>θείας</span> <span class='ocrx_word' id='word_1_111' title='bbox 582 1551 796 1619; x_wconf 84' lang='grc' dir='ltr'>φύσεως</span> <span class='ocrx_word' id='word_1_112' title='bbox 844 1553 1208 1623; x_wconf 78' lang='grc' dir='ltr'>διαφερούσας</span> <span class='ocrx_word' id='word_1_113' title='bbox 1270 1557 1521 1626; x_wconf 84' lang='grc' dir='ltr'>λέγοντες</span> <span class='ocrx_word' id='word_1_114' title='bbox 1580 1563 1841 1630; x_wconf 71' lang='grc' dir='ltr'>κτιστὰς,</span> <span class='ocrx_word' id='word_1_115' title='bbox 1893 1567 1948 1619; x_wconf 82' lang='grc' dir='ltr'><strong>τί</strong></span> 
     </span>
    </p>
   </div>
   <div class='ocr_carea' id='block_1_18' title="bbox 367 1639 1947 1725">
    <p class='ocr_par' dir='ltr' id='par_1_18' title="bbox 367 1639 1947 1725">
     <span class='ocr_line' id='line_1_18' title="bbox 367 1639 1947 1725; baseline 0.011 -31"><span class='ocrx_word' id='word_1_116' title='bbox 367 1639 565 1708; x_wconf 74' lang='grc' dir='ltr'>ἄλλοῆ</span> <span class='ocrx_word' id='word_1_117' title='bbox 615 1642 708 1695; x_wconf 88' lang='grc' dir='ltr'><strong>τὸν</strong></span> <span class='ocrx_word' id='word_1_118' title='bbox 758 1642 892 1698; x_wconf 84' lang='grc' dir='ltr'>Θεὸν</span> <span class='ocrx_word' id='word_1_119' title='bbox 939 1647 1018 1708; x_wconf 90' lang='grc' dir='ltr'><strong>είς</strong></span> <span class='ocrx_word' id='word_1_120' title='bbox 1073 1647 1278 1718; x_wconf 87' lang='grc' dir='ltr'>κτίσμα</span> <span class='ocrx_word' id='word_1_121' title='bbox 1309 1653 1633 1706; x_wconf 81' lang='grc' dir='ltr'>κατασπῶσι</span> <span class='ocrx_word' id='word_1_122' title='bbox 1661 1671 1675 1720; x_wconf 91' lang='lat'><strong>;</strong></span> <span class='ocrx_word' id='word_1_123' title='bbox 1708 1655 1792 1709; x_wconf 82' lang='grc' dir='ltr'><strong>Τὰ</strong></span> <span class='ocrx_word' id='word_1_124' title='bbox 1837 1656 1947 1725; x_wconf 88' lang='grc' dir='ltr'><strong>γὰρ</strong></span> 
     </span>
    </p>
   </div>
   <div class='ocr_carea' id='block_1_19' title="bbox 368 1732 1946 1815">
    <p class='ocr_par' dir='ltr' id='par_1_19' title="bbox 368 1732 1946 1815">
     <span class='ocr_line' id='line_1_19' title="bbox 368 1732 1946 1815; baseline 0.011 -31"><span class='ocrx_word' id='word_1_125' title='bbox 368 1732 690 1802; x_wconf 80' lang='grc' dir='ltr'>κτιζόμενα,</span> <span class='ocrx_word' id='word_1_126' title='bbox 745 1736 814 1788; x_wconf 72' lang='grc' dir='ltr'>τὰ</span> <span class='ocrx_word' id='word_1_127' title='bbox 875 1736 1269 1808; x_wconf 78' lang='grc' dir='ltr'>δεσποζόμενα,</span> <span class='ocrx_word' id='word_1_128' title='bbox 1337 1741 1408 1794; x_wconf 82' lang='grc' dir='ltr'>τὰ</span> <span class='ocrx_word' id='word_1_129' title='bbox 1469 1744 1797 1815; x_wconf 86' lang='grc' dir='ltr'>κρινόμενα,</span> <span class='ocrx_word' id='word_1_130' title='bbox 1851 1749 1946 1800; x_wconf 71' lang='grc' dir='ltr'>καὶ</span> 
     </span>
    </p>
   </div>
   <div class='ocr_carea' id='block_1_20' title="bbox 2061 543 3633 618">
    <p class='ocr_par' dir='ltr' id='par_1_20' title="bbox 2061 543 3633 618">
     <span class='ocr_line' id='line_1_20' title="bbox 2061 543 3633 618; baseline 0.004 -18"><span class='ocrx_word' id='word_1_131' title='bbox 2061 559 2185 600; x_wconf 89' lang='lat' dir='ltr'><strong>cum</strong></span> <span class='ocrx_word' id='word_1_132' title='bbox 2223 545 2297 600; x_wconf 87' lang='lat' dir='ltr'><strong>sit</strong></span> <span class='ocrx_word' id='word_1_133' title='bbox 2344 545 2568 600; x_wconf 93' lang='lat' dir='ltr'><strong>omnino</strong></span> <span class='ocrx_word' id='word_1_134' title='bbox 2598 543 3431 615; x_wconf 38' lang='lat' dir='ltr'><strong>incomprehensa.&#39;Nominatur</strong></span> <span class='ocrx_word' id='word_1_135' title='bbox 3467 554 3633 618; x_wconf 79' lang='lat' dir='ltr'><strong>igitur</strong></span> 
     </span>
    </p>
   </div>
   <div class='ocr_carea' id='block_1_21' title="bbox 2059 637 3629 707">
    <p class='ocr_par' dir='ltr' id='par_1_21' title="bbox 2059 637 3629 707">
     <span class='ocr_line' id='line_1_21' title="bbox 2059 637 3629 707; baseline 0.004 -16"><span class='ocrx_word' id='word_1_136' title='bbox 2059 651 2124 691; x_wconf 80' lang='lat' dir='ltr'><strong>ex</strong></span> <span class='ocrx_word' id='word_1_137' title='bbox 2163 637 2418 691; x_wconf 90' lang='lat' dir='ltr'><strong>omnibus</strong></span> <span class='ocrx_word' id='word_1_138' title='bbox 2452 637 2569 692; x_wconf 88' lang='lat' dir='ltr'><strong>suis</strong></span> <span class='ocrx_word' id='word_1_139' title='bbox 2601 640 3012 706; x_wconf 73' lang='lat' dir='ltr'><strong>operationibus</strong></span> <span class='ocrx_word' id='word_1_140' title='bbox 3037 655 3055 707; x_wconf 89' lang='lat'><strong>;</strong></span> <span class='ocrx_word' id='word_1_141' title='bbox 3078 649 3133 694; x_wconf 82' lang='lat' dir='ltr'><strong>et</strong></span> <span class='ocrx_word' id='word_1_142' title='bbox 3169 641 3372 694; x_wconf 88' lang='lat' dir='ltr'><strong>nullum</strong></span> <span class='ocrx_word' id='word_1_143' title='bbox 3417 643 3488 697; x_wconf 85' lang='lat' dir='ltr'><strong>ibi</strong></span> <span class='ocrx_word' id='word_1_144' title='bbox 3530 659 3629 698; x_wconf 85' lang='lat' dir='ltr'><strong>no-</strong></span> 
     </span>
    </p>
   </div>
   <div class='ocr_carea' id='block_1_22' title="bbox 2061 728 3626 804">
    <p class='ocr_par' dir='ltr' id='par_1_22' title="bbox 2061 728 3626 804">
     <span class='ocr_line' id='line_1_22' title="bbox 2061 728 3626 804; baseline 0.006 -24"><span class='ocrx_word' id='word_1_145' title='bbox 2061 728 2268 782; x_wconf 90' lang='lat' dir='ltr'><strong>minum</strong></span> <span class='ocrx_word' id='word_1_146' title='bbox 2303 729 2372 782; x_wconf 85' lang='lat' dir='ltr'><strong>ab</strong></span> <span class='ocrx_word' id='word_1_147' title='bbox 2395 729 2503 783; x_wconf 87' lang='lat' dir='ltr'><strong>alio</strong></span> <span class='ocrx_word' id='word_1_148' title='bbox 2526 729 2923 801; x_wconf 80' lang='lat' dir='ltr'><strong>signiﬁcatione</strong></span> <span class='ocrx_word' id='word_1_149' title='bbox 2955 731 3160 787; x_wconf 82' lang='lat' dir='ltr'><strong>diﬂ&#39;ert.</strong></span> <span class='ocrx_word' id='word_1_150' title='bbox 3219 732 3459 804; x_wconf 80' lang='lat' dir='ltr'><strong>Singulis</strong></span> <span class='ocrx_word' id='word_1_151' title='bbox 3484 739 3626 790; x_wconf 84' lang='lat' dir='ltr'><strong>enim</strong></span> 
     </span>
    </p>
   </div>
   <div class='ocr_carea' id='block_1_23' title="bbox 2058 819 3627 896">
    <p class='ocr_par' dir='ltr' id='par_1_23' title="bbox 2058 819 3627 896">
     <span class='ocr_line' id='line_1_23' title="bbox 2058 819 3627 896; baseline 0.003 -24"><span class='ocrx_word' id='word_1_152' title='bbox 2058 827 2114 872; x_wconf 90' lang='lat' dir='ltr'><strong>et</strong></span> <span class='ocrx_word' id='word_1_153' title='bbox 2144 819 2402 896; x_wconf 72' lang='lat' dir='ltr'><strong>omnibus</strong></span> <span class='ocrx_word' id='word_1_154' title='bbox 2438 821 2574 876; x_wconf 84' lang='lat' dir='ltr'><strong>nihil</strong></span> <span class='ocrx_word' id='word_1_155' title='bbox 2603 821 2749 875; x_wconf 84' lang='lat' dir='ltr'><strong>aliud</strong></span> <span class='ocrx_word' id='word_1_156' title='bbox 2784 833 3007 876; x_wconf 76' lang='lat' dir='ltr'><strong>vocatur</strong></span> <span class='ocrx_word' id='word_1_157' title='bbox 3055 839 3215 892; x_wconf 88' lang='lat' dir='ltr'><strong>quam</strong></span> <span class='ocrx_word' id='word_1_158' title='bbox 3247 823 3627 878; x_wconf 86' lang='lat' dir='ltr'><strong>absconditum</strong></span> 
     </span>
    </p>
   </div>
   <div class='ocr_carea' id='block_1_24' title="bbox 2057 909 3630 984">
    <p class='ocr_par' dir='ltr' id='par_1_24' title="bbox 2057 909 3630 984">
     <span class='ocr_line' id='line_1_24' title="bbox 2057 909 3630 984; baseline 0.004 -20"><span class='ocrx_word' id='word_1_159' title='bbox 2057 909 2191 964; x_wconf 89' lang='lat' dir='ltr'><strong>illud</strong></span> <span class='ocrx_word' id='word_1_160' title='bbox 2220 910 2442 966; x_wconf 88' lang='lat' dir='ltr'><strong>minime</strong></span> <span class='ocrx_word' id='word_1_161' title='bbox 2470 920 2655 966; x_wconf 86' lang='lat' dir='ltr'><strong>notum</strong></span> <span class='ocrx_word' id='word_1_162' title='bbox 2680 914 2805 980; x_wconf 84' lang='lat' dir='ltr'><strong>quid</strong></span> <span class='ocrx_word' id='word_1_163' title='bbox 2834 919 2924 968; x_wconf 88' lang='lat' dir='ltr'><strong>sit.</strong></span> <span class='ocrx_word' id='word_1_164' title='bbox 2963 915 3036 969; x_wconf 87' lang='lat' dir='ltr'><strong>De</strong></span> <span class='ocrx_word' id='word_1_165' title='bbox 3064 917 3466 984; x_wconf 76' lang='lat' dir='ltr'><strong>operationibus</strong></span> <span class='ocrx_word' id='word_1_166' title='bbox 3499 933 3630 972; x_wconf 77' lang='lat' dir='ltr'><strong>vero</strong></span> 
     </span>
    </p>
   </div>
   <div class='ocr_carea' id='block_1_25' title="bbox 2057 1001 3626 1077">
    <p class='ocr_par' dir='ltr' id='par_1_25' title="bbox 2057 1001 3626 1077">
     <span class='ocr_line' id='line_1_25' title="bbox 2057 1001 3626 1077; baseline 0.006 -23"><span class='ocrx_word' id='word_1_167' title='bbox 2057 1001 2280 1055; x_wconf 89' lang='lat' dir='ltr'><strong>nomina</strong></span> <span class='ocrx_word' id='word_1_168' title='bbox 2324 1002 2536 1071; x_wconf 85' lang='lat' dir='ltr'><strong>singula</strong></span> <span class='ocrx_word' id='word_1_169' title='bbox 2576 1003 2846 1058; x_wconf 79' lang='lat' dir='ltr'><strong>diversam</strong></span> <span class='ocrx_word' id='word_1_170' title='bbox 2885 1005 3084 1060; x_wconf 85' lang='lat' dir='ltr'><strong>habent</strong></span> <span class='ocrx_word' id='word_1_171' title='bbox 3123 1007 3574 1077; x_wconf 78' lang='lat' dir='ltr'><strong>signiﬁcationem</strong></span> <span class='ocrx_word' id='word_1_172' title='bbox 3611 1026 3626 1070; x_wconf 86' lang='lat'><strong>;</strong></span> 
     </span>
    </p>
   </div>
   <div class='ocr_carea' id='block_1_26' title="bbox 2058 1091 3627 1160">
    <p class='ocr_par' dir='ltr' id='par_1_26' title="bbox 2058 1091 3627 1160">
     <span class='ocr_line' id='line_1_26' title="bbox 2058 1091 3627 1160; baseline 0.006 -18"><span class='ocrx_word' id='word_1_173' title='bbox 2058 1091 2181 1160; x_wconf 86' lang='lat' dir='ltr'><strong>quis</strong></span> <span class='ocrx_word' id='word_1_174' title='bbox 2228 1093 2370 1148; x_wconf 88' lang='lat' dir='ltr'><strong>enim</strong></span> <span class='ocrx_word' id='word_1_175' title='bbox 2401 1094 2577 1149; x_wconf 91' lang='lat' dir='ltr'><strong>nescit</strong></span> <span class='ocrx_word' id='word_1_176' title='bbox 2604 1110 2716 1149; x_wconf 71' lang='grc' dir='ltr'>οδε</span> <span class='ocrx_word' id='word_1_177' title='bbox 2763 1096 2996 1151; x_wconf 81' lang='lat' dir='ltr'><strong>invicem</strong></span> <span class='ocrx_word' id='word_1_178' title='bbox 3026 1097 3284 1152; x_wconf 84' lang='lat' dir='ltr'><strong>distincta</strong></span> <span class='ocrx_word' id='word_1_179' title='bbox 3317 1114 3436 1153; x_wconf 88' lang='lat' dir='ltr'><strong>esse</strong></span> <span class='ocrx_word' id='word_1_180' title='bbox 3469 1116 3627 1154; x_wconf 84' lang='lat' dir='ltr'><strong>crea-</strong></span> 
     </span>
    </p>
   </div>
   <div class='ocr_carea' id='block_1_27' title="bbox 2058 1183 3631 1258">
    <p class='ocr_par' dir='ltr' id='par_1_27' title="bbox 2058 1183 3631 1258">
     <span class='ocr_line' id='line_1_27' title="bbox 2058 1183 3631 1258; baseline 0.005 -22"><span class='ocrx_word' id='word_1_181' title='bbox 2058 1183 2282 1248; x_wconf 86' lang='lat' dir='ltr'><strong>tionem,</strong></span> <span class='ocrx_word' id='word_1_182' title='bbox 2359 1183 2688 1248; x_wconf 91' lang='lat' dir='ltr'><strong>dominium,</strong></span> <span class='ocrx_word' id='word_1_183' title='bbox 2729 1185 3016 1255; x_wconf 81' lang='lat' dir='ltr'><strong>judicium,</strong></span> <span class='ocrx_word' id='word_1_184' title='bbox 3090 1189 3510 1258; x_wconf 78' lang='lat' dir='ltr'><strong>providentiam,</strong></span> <span class='ocrx_word' id='word_1_185' title='bbox 3574 1202 3631 1244; x_wconf 93' lang='lat' dir='ltr'><strong>et</strong></span> 
     </span>
    </p>
   </div>
   <div class='ocr_carea' id='block_1_28' title="bbox 2055 1277 3629 1352">
    <p class='ocr_par' dir='ltr' id='par_1_28' title="bbox 2055 1277 3629 1352">
     <span class='ocr_line' id='line_1_28' title="bbox 2055 1277 3629 1352; baseline 0.006 -26"><span class='ocrx_word' id='word_1_186' title='bbox 2055 1283 2296 1328; x_wconf 87' lang='lat' dir='ltr'><strong>nostram</strong></span> <span class='ocrx_word' id='word_1_187' title='bbox 2331 1289 2394 1328; x_wconf 80' lang='lat' dir='ltr'><strong>ex</strong></span> <span class='ocrx_word' id='word_1_188' title='bbox 2420 1278 2592 1346; x_wconf 82' lang='lat' dir='ltr'><strong>gratia</strong></span> <span class='ocrx_word' id='word_1_189' title='bbox 2631 1277 2724 1332; x_wconf 89' lang='lat' dir='ltr'><strong>Dei</strong></span> <span class='ocrx_word' id='word_1_190' title='bbox 2755 1280 3140 1350; x_wconf 83' lang='lat' dir='ltr'><strong>adoptionem?</strong></span> <span class='ocrx_word' id='word_1_191' title='bbox 3171 1280 3271 1347; x_wconf 83' lang='lat' dir='ltr'><strong>Qui</strong></span> <span class='ocrx_word' id='word_1_192' title='bbox 3303 1297 3432 1352; x_wconf 84' lang='lat' dir='ltr'><strong>ergo</strong></span> <span class='ocrx_word' id='word_1_193' title='bbox 3465 1293 3629 1337; x_wconf 86' lang='lat' dir='ltr'><strong>natu-</strong></span> 
     </span>
    </p>
   </div>
   <div class='ocr_carea' id='block_1_29' title="bbox 2055 1363 3627 1439">
    <p class='ocr_par' dir='ltr' id='par_1_29' title="bbox 2055 1363 3627 1439">
     <span class='ocr_line' id='line_1_29' title="bbox 2055 1363 3627 1439; baseline 0.008 -23"><span class='ocrx_word' id='word_1_194' title='bbox 2055 1363 2198 1417; x_wconf 82' lang='lat' dir='ltr'><strong>rales</strong></span> <span class='ocrx_word' id='word_1_195' title='bbox 2233 1363 2353 1420; x_wconf 90' lang='lat' dir='ltr'><strong>illas</strong></span> <span class='ocrx_word' id='word_1_196' title='bbox 2403 1367 2493 1419; x_wconf 85' lang='lat' dir='ltr'><strong>Dei</strong></span> <span class='ocrx_word' id='word_1_197' title='bbox 2521 1370 2890 1438; x_wconf 84' lang='lat' dir='ltr'><strong>operationes,</strong></span> <span class='ocrx_word' id='word_1_198' title='bbox 2921 1379 3106 1439; x_wconf 84' lang='lat' dir='ltr'><strong>utpote</strong></span> <span class='ocrx_word' id='word_1_199' title='bbox 3135 1375 3204 1428; x_wconf 91' lang='lat' dir='ltr'><strong>ab</strong></span> <span class='ocrx_word' id='word_1_200' title='bbox 3233 1374 3466 1430; x_wconf 85' lang='lat' dir='ltr'><strong>invicem</strong></span> <span class='ocrx_word' id='word_1_201' title='bbox 3506 1385 3561 1428; x_wconf 91' lang='lat' dir='ltr'><strong>et</strong></span> <span class='ocrx_word' id='word_1_202' title='bbox 3597 1390 3627 1428; x_wconf 93' lang='lat' dir='ltr'><strong>a</strong></span> 
     </span>
    </p>
   </div>
   <div class='ocr_carea' id='block_1_30' title="bbox 2063 1459 3628 1528">
    <p class='ocr_par' dir='ltr' id='par_1_30' title="bbox 2063 1459 3628 1528">
     <span class='ocr_line' id='line_1_30' title="bbox 2063 1459 3628 1528; baseline 0.006 -17"><span class='ocrx_word' id='word_1_203' title='bbox 2063 1467 2258 1511; x_wconf 86' lang='lat' dir='ltr'><strong>natura</strong></span> <span class='ocrx_word' id='word_1_204' title='bbox 2324 1459 2505 1514; x_wconf 82' lang='lat' dir='ltr'><strong>divina</strong></span> <span class='ocrx_word' id='word_1_205' title='bbox 2555 1461 2864 1528; x_wconf 79' lang='lat' dir='ltr'><strong>distinctas,</strong></span> <span class='ocrx_word' id='word_1_206' title='bbox 2917 1465 3106 1518; x_wconf 88' lang='lat' dir='ltr'><strong>dicunt</strong></span> <span class='ocrx_word' id='word_1_207' title='bbox 3169 1476 3406 1528; x_wconf 87' lang='lat' dir='ltr'><strong>creatas,</strong></span> <span class='ocrx_word' id='word_1_208' title='bbox 3443 1483 3628 1521; x_wconf 85' lang='lat' dir='ltr'><strong>nonne</strong></span> 
     </span>
    </p>
   </div>
   <div class='ocr_carea' id='block_1_31' title="bbox 2053 1549 3627 1625">
    <p class='ocr_par' dir='ltr' id='par_1_31' title="bbox 2053 1549 3627 1625">
     <span class='ocr_line' id='line_1_31' title="bbox 2053 1549 3627 1625; baseline 0.004 -21"><span class='ocrx_word' id='word_1_209' title='bbox 2053 1549 2224 1607; x_wconf 87' lang='lat' dir='ltr'><strong>Deum</strong></span> <span class='ocrx_word' id='word_1_210' title='bbox 2271 1551 2337 1606; x_wconf 89' lang='lat' dir='ltr'><strong>ad</strong></span> <span class='ocrx_word' id='word_1_211' title='bbox 2393 1562 2704 1609; x_wconf 86' lang='lat' dir='ltr'><strong>creaturam</strong></span> <span class='ocrx_word' id='word_1_212' title='bbox 2759 1555 3114 1625; x_wconf 85' lang='lat' dir='ltr'><strong>deprimunt?</strong></span> <span class='ocrx_word' id='word_1_213' title='bbox 3152 1554 3286 1610; x_wconf 85' lang='lat' dir='ltr'><strong>Nam</strong></span> <span class='ocrx_word' id='word_1_214' title='bbox 3338 1569 3542 1621; x_wconf 86' lang='lat' dir='ltr'><strong>creata,</strong></span> <span class='ocrx_word' id='word_1_215' title='bbox 3573 1569 3627 1612; x_wconf 90' lang='lat' dir='ltr'><strong>et</strong></span> 
     </span>
    </p>
   </div>
   <div class='ocr_carea' id='block_1_32' title="bbox 2054 1641 3626 1718">
    <p class='ocr_par' dir='ltr' id='par_1_32' title="bbox 2054 1641 3626 1718">
     <span class='ocr_line' id='line_1_32' title="bbox 2054 1641 3626 1718; baseline 0.006 -26"><span class='ocrx_word' id='word_1_216' title='bbox 2054 1641 2380 1708; x_wconf 81' lang='lat' dir='ltr'><strong>gubernata,</strong></span> <span class='ocrx_word' id='word_1_217' title='bbox 2411 1652 2469 1698; x_wconf 89' lang='lat' dir='ltr'><strong>et</strong></span> <span class='ocrx_word' id='word_1_218' title='bbox 2511 1643 2775 1712; x_wconf 86' lang='lat' dir='ltr'><strong>judicata,</strong></span> <span class='ocrx_word' id='word_1_219' title='bbox 2806 1655 2861 1700; x_wconf 92' lang='lat' dir='ltr'><strong>et</strong></span> <span class='ocrx_word' id='word_1_220' title='bbox 2892 1647 3193 1714; x_wconf 78' lang='lat' dir='ltr'><strong>generatim</strong></span> <span class='ocrx_word' id='word_1_221' title='bbox 3228 1648 3409 1701; x_wconf 87' lang='lat' dir='ltr'><strong>omnia</strong></span> <span class='ocrx_word' id='word_1_222' title='bbox 3443 1650 3626 1718; x_wconf 86' lang='lat' dir='ltr'><strong>hujus-</strong></span> 
     </span>
    </p>
   </div>
   <div class='ocr_carea' id='block_1_33' title="bbox 2055 1730 3625 1805">
    <p class='ocr_par' dir='ltr' id='par_1_33' title="bbox 2055 1730 3625 1805">
     <span class='ocr_line' id='line_1_33' title="bbox 2055 1730 3625 1805; baseline 0.007 -24"><span class='ocrx_word' id='word_1_223' title='bbox 2055 1730 2196 1783; x_wconf 90' lang='lat' dir='ltr'><strong>modi</strong></span> <span class='ocrx_word' id='word_1_224' title='bbox 2246 1739 2377 1786; x_wconf 89' lang='lat' dir='ltr'><strong>sunt</strong></span> <span class='ocrx_word' id='word_1_225' title='bbox 2440 1741 2744 1802; x_wconf 71' lang='lat' dir='ltr'><strong>creatum;</strong></span> <span class='ocrx_word' id='word_1_226' title='bbox 2790 1750 2894 1790; x_wconf 92' lang='lat' dir='ltr'><strong>non</strong></span> <span class='ocrx_word' id='word_1_227' title='bbox 2947 1751 3074 1791; x_wconf 87' lang='lat' dir='ltr'><strong>vero</strong></span> <span class='ocrx_word' id='word_1_228' title='bbox 3124 1737 3238 1805; x_wconf 89' lang='lat' dir='ltr'><strong>ipse</strong></span> <span class='ocrx_word' id='word_1_229' title='bbox 3259 1738 3519 1804; x_wconf 76' lang='lat' dir='ltr'><strong>,Creator,</strong></span> <span class='ocrx_word' id='word_1_230' title='bbox 3566 1747 3625 1792; x_wconf 86' lang='lat' dir='ltr'><strong>ct</strong></span> 
     </span>
    </p>
   </div>
   <div class='ocr_carea' id='block_1_34' title="bbox 368 1797 1950 1906">
    <p class='ocr_par' dir='ltr' id='par_1_34' title="bbox 368 1825 1945 1906">
     <span class='ocr_line' id='line_1_34' title="bbox 368 1825 1945 1906; baseline 0.009 -28"><span class='ocrx_word' id='word_1_231' title='bbox 368 1825 555 1888; x_wconf 82' lang='grc' dir='ltr'>ἁπλῶς</span> <span class='ocrx_word' id='word_1_232' title='bbox 590 1827 769 1880; x_wconf 90' lang='grc' dir='ltr'>πάντα</span> <span class='ocrx_word' id='word_1_233' title='bbox 801 1827 870 1880; x_wconf 80' lang='grc' dir='ltr'><strong>τὰ</strong></span> <span class='ocrx_word' id='word_1_234' title='bbox 904 1829 1151 1896; x_wconf 76' lang='grc' dir='ltr'>τοιαῦτα,</span> <span class='ocrx_word' id='word_1_235' title='bbox 1213 1830 1331 1885; x_wconf 70' lang='grc' dir='ltr'>ἔστι</span> <span class='ocrx_word' id='word_1_236' title='bbox 1375 1833 1443 1888; x_wconf 81' lang='grc' dir='ltr'><strong>τὰ</strong></span> <span class='ocrx_word' id='word_1_237' title='bbox 1493 1836 1790 1906; x_wconf 85' lang='grc' dir='ltr'>κτίσματα,</span> <span class='ocrx_word' id='word_1_238' title='bbox 1829 1837 1945 1894; x_wconf 77' lang='grc' dir='ltr'>ἀλλ’</span> 
     </span>
    </p>
   </div>
   <div class='ocr_carea' id='block_1_35' title="bbox 2047 1797 3623 1906">
    <p class='ocr_par' dir='ltr' id='par_1_35' title="bbox 2055 1797 3623 1899">
     <span class='ocr_line' id='line_1_35' title="bbox 2055 1797 3623 1899; baseline 0.004 -24"><span class='ocrx_word' id='word_1_239' title='bbox 2055 1822 2336 1889; x_wconf 87' lang='lat' dir='ltr'><strong>Dominus,</strong></span> <span class='ocrx_word' id='word_1_240' title='bbox 2378 1834 2431 1879; x_wconf 86' lang='lat' dir='ltr'><strong>et</strong></span> <span class='ocrx_word' id='word_1_241' title='bbox 2459 1823 2654 1892; x_wconf 77' lang='lat' dir='ltr'><strong>Judex,</strong></span> <span class='ocrx_word' id='word_1_242' title='bbox 2681 1797 2780 1881; x_wconf 79' lang='lat' dir='ltr'><strong>nec</strong></span> <span class='ocrx_word' id='word_1_243' title='bbox 2819 1828 2998 1897; x_wconf 86' lang='lat' dir='ltr'><strong>ipsum</strong></span> <span class='ocrx_word' id='word_1_244' title='bbox 3027 1797 3313 1899; x_wconf 62' lang='lat' dir='ltr'><strong>judicium.</strong></span> <span class='ocrx_word' id='word_1_245' title='bbox 3343 1841 3396 1885; x_wconf 91' lang='lat' dir='ltr'><strong>et</strong></span> <span class='ocrx_word' id='word_1_246' title='bbox 3442 1797 3623 1884; x_wconf 76' lang='lat' dir='ltr'><strong>domi-</strong></span> 
     </span>
    </p>
   </div>
   <div class='ocr_carea' id='block_1_36' title="bbox 367 1917 1946 1998">
    <p class='ocr_par' dir='ltr' id='par_1_36' title="bbox 367 1917 1946 1998">
     <span class='ocr_line' id='line_1_36' title="bbox 367 1917 1946 1998; baseline 0.011 -32"><span class='ocrx_word' id='word_1_247' title='bbox 367 1917 466 1986; x_wconf 84' lang='grc' dir='ltr'><strong>οὐχ</strong></span> <span class='ocrx_word' id='word_1_248' title='bbox 489 1918 518 1968; x_wconf 83' lang='grc' dir='ltr'><strong>ό</strong></span> <span class='ocrx_word' id='word_1_249' title='bbox 555 1918 816 1988; x_wconf 83' lang='grc' dir='ltr'>Κτίστης,</span> <span class='ocrx_word' id='word_1_250' title='bbox 853 1919 949 1972; x_wconf 73' lang='grc' dir='ltr'>καὶ</span> <span class='ocrx_word' id='word_1_251' title='bbox 977 1921 1006 1973; x_wconf 87' lang='grc' dir='ltr'>ὁ</span> <span class='ocrx_word' id='word_1_252' title='bbox 1057 1923 1355 1992; x_wconf 81' lang='grc' dir='ltr'>Δεσπότης,</span> <span class='ocrx_word' id='word_1_253' title='bbox 1409 1928 1505 1978; x_wconf 73' lang='grc' dir='ltr'>καὶ</span> <span class='ocrx_word' id='word_1_254' title='bbox 1557 1929 1753 1998; x_wconf 83' lang='grc' dir='ltr'>κριτής</span> <span class='ocrx_word' id='word_1_255' title='bbox 1776 1945 1793 1960; x_wconf 74' lang='grc' dir='ltr'><strong>ο</strong></span> <span class='ocrx_word' id='word_1_256' title='bbox 1836 1930 1946 1982; x_wconf 75' lang='grc' dir='ltr'>οὐδ’</span> 
     </span>
    </p>
   </div>
   <div class='ocr_carea' id='block_1_37' title="bbox 369 2007 1944 2090">
    <p class='ocr_par' dir='ltr' id='par_1_37' title="bbox 369 2007 1944 2090">
     <span class='ocr_line' id='line_1_37' title="bbox 369 2007 1944 2090; baseline 0.011 -32"><span class='ocrx_word' id='word_1_257' title='bbox 369 2007 500 2060; x_wconf 81' lang='grc' dir='ltr'>αὐτὸ</span> <span class='ocrx_word' id='word_1_258' title='bbox 545 2009 605 2061; x_wconf 83' lang='grc' dir='ltr'><strong>τὸ</strong></span> <span class='ocrx_word' id='word_1_259' title='bbox 657 2011 887 2079; x_wconf 89' lang='grc' dir='ltr'>κρίνειν,</span> <span class='ocrx_word' id='word_1_260' title='bbox 940 2014 1036 2066; x_wconf 69' lang='grc' dir='ltr'><strong>καὶ</strong></span> <span class='ocrx_word' id='word_1_261' title='bbox 1059 2012 1367 2079; x_wconf 80' lang='grc' dir='ltr'>δεσπόζειν,</span> <span class='ocrx_word' id='word_1_262' title='bbox 1427 2017 1522 2072; x_wconf 84' lang='grc' dir='ltr'>καὶ</span> <span class='ocrx_word' id='word_1_263' title='bbox 1572 2018 1944 2090; x_wconf 81' lang='grc' dir='ltr'>δημιουργεῖν,</span> 
     </span>
    </p>
   </div>
   <div class='ocr_carea' id='block_1_38' title="bbox 368 2090 1396 2175">
    <p class='ocr_par' dir='ltr' id='par_1_38' title="bbox 368 2090 1396 2175">
     <span class='ocr_line' id='line_1_38' title="bbox 368 2090 1396 2175; baseline 0.009 -22"><span class='ocrx_word' id='word_1_264' title='bbox 368 2097 510 2170; x_wconf 74' lang='grc' dir='ltr'>ἅπερ</span> <span class='ocrx_word' id='word_1_265' title='bbox 551 2118 798 2170; x_wconf 71' lang='grc' dir='ltr'>φυσικῶς</span> <span class='ocrx_word' id='word_1_266' title='bbox 827 2104 1176 2172; x_wconf 80' lang='grc' dir='ltr'>ὲνθεωρεῖται</span> <span class='ocrx_word' id='word_1_267' title='bbox 1203 2090 1396 2175; x_wconf 62' lang='grc' dir='ltr'>τούτιμ.</span> 
     </span>
    </p>
   </div>
   <div class='ocr_carea' id='block_1_39' title="bbox 443 2189 1955 2276">
    <p class='ocr_par' dir='ltr' id='par_1_39' title="bbox 443 2189 1955 2276">
     <span class='ocr_line' id='line_1_39' title="bbox 443 2189 1955 2276; baseline 0.015 -37"><span class='ocrx_word' id='word_1_268' title='bbox 443 2195 585 2260; x_wconf 69' lang='grc' dir='ltr'>ρμεθ.</span> <span class='ocrx_word' id='word_1_269' title='bbox 649 2189 714 2242; x_wconf 83' lang='grc' dir='ltr'><strong>Ἢ</strong></span> <span class='ocrx_word' id='word_1_270' title='bbox 768 2192 928 2244; x_wconf 80' lang='grc' dir='ltr'>οὐσία</span> <span class='ocrx_word' id='word_1_271' title='bbox 975 2193 1070 2246; x_wconf 79' lang='grc' dir='ltr'><strong>τοῦ</strong></span> <span class='ocrx_word' id='word_1_272' title='bbox 1132 2194 1303 2263; x_wconf 88' lang='grc' dir='ltr'>Θεοῦ,</span> <span class='ocrx_word' id='word_1_273' title='bbox 1369 2199 1622 2274; x_wconf 84' lang='grc' dir='ltr'>καθάπερ</span> <span class='ocrx_word' id='word_1_274' title='bbox 1671 2202 1955 2276; x_wconf 76' lang='grc' dir='ltr'>ἀνώνυμός</span> 
     </span>
    </p>
   </div>
   <div class='ocr_carea' id='block_1_40' title="bbox 372 2282 1954 2360">
    <p class='ocr_par' dir='ltr' id='par_1_40' title="bbox 372 2282 1954 2360">
     <span class='ocr_line' id='line_1_40' title="bbox 372 2282 1954 2360; baseline 0.012 -27"><span class='ocrx_word' id='word_1_275' title='bbox 372 2282 492 2333; x_wconf 71' lang='grc' dir='ltr'>ὶοτι</span> <span class='ocrx_word' id='word_1_276' title='bbox 539 2282 908 2348; x_wconf 85' lang='grc' dir='ltr'>παντάπασιν,</span> <span class='ocrx_word' id='word_1_277' title='bbox 953 2283 1030 2347; x_wconf 85' lang='grc' dir='ltr'>ὡς</span> <span class='ocrx_word' id='word_1_278' title='bbox 1060 2284 1419 2360; x_wconf 84' lang='grc' dir='ltr'>ὑπερῶνυμος</span> <span class='ocrx_word' id='word_1_279' title='bbox 1448 2291 1590 2346; x_wconf 83' lang='grc' dir='ltr'>κατὰ</span> <span class='ocrx_word' id='word_1_280' title='bbox 1645 2297 1775 2358; x_wconf 75' lang='grc' dir='ltr'>τοὺς</span> <span class='ocrx_word' id='word_1_281' title='bbox 1833 2297 1954 2351; x_wconf 88' lang='grc' dir='ltr'>θεο-</span> 
     </span>
    </p>
   </div>
   <div class='ocr_carea' id='block_1_41' title="bbox 373 2371 1954 2456">
    <p class='ocr_par' dir='ltr' id='par_1_41' title="bbox 373 2371 1954 2456">
     <span class='ocr_line' id='line_1_41' title="bbox 373 2371 1954 2456; baseline 0.013 -33"><span class='ocrx_word' id='word_1_282' title='bbox 373 2371 592 2439; x_wconf 85' lang='grc' dir='ltr'>λόγους,</span> <span class='ocrx_word' id='word_1_283' title='bbox 643 2371 816 2435; x_wconf 78' lang='grc' dir='ltr'>οὕτως</span> <span class='ocrx_word' id='word_1_284' title='bbox 843 2377 939 2428; x_wconf 75' lang='grc' dir='ltr'><strong>καὶ</strong></span> <span class='ocrx_word' id='word_1_285' title='bbox 966 2377 1270 2446; x_wconf 86' lang='grc' dir='ltr'>ἀμέθεκτος</span> <span class='ocrx_word' id='word_1_286' title='bbox 1320 2381 1396 2444; x_wconf 84' lang='grc' dir='ltr'><strong>ὡς</strong></span> <span class='ocrx_word' id='word_1_287' title='bbox 1426 2382 1566 2456; x_wconf 83' lang='grc' dir='ltr'>ὑπὲρ</span> <span class='ocrx_word' id='word_1_288' title='bbox 1602 2385 1821 2456; x_wconf 79' lang='grc' dir='ltr'>μέθεξιν</span> <span class='ocrx_word' id='word_1_289' title='bbox 1848 2389 1954 2443; x_wconf 84' lang='grc' dir='ltr'><strong>ὑπ-</strong></span> 
     </span>
    </p>
   </div>
   <div class='ocr_carea' id='block_1_42' title="bbox 371 2463 1955 2537">
    <p class='ocr_par' dir='ltr' id='par_1_42' title="bbox 371 2463 1955 2537">
     <span class='ocr_line' id='line_1_42' title="bbox 371 2463 1955 2537; baseline 0.011 -23"><span class='ocrx_word' id='word_1_290' title='bbox 371 2463 529 2532; x_wconf 85' lang='grc' dir='ltr'>άρχει</span> <span class='ocrx_word' id='word_1_291' title='bbox 584 2466 704 2517; x_wconf 87' lang='grc' dir='ltr'>κατ’</span> <span class='ocrx_word' id='word_1_292' title='bbox 736 2466 972 2530; x_wconf 83' lang='grc' dir='ltr'>αὐτούς·</span> <span class='ocrx_word' id='word_1_293' title='bbox 1011 2468 1061 2521; x_wconf 77' lang='grc' dir='ltr'>οἱ</span> <span class='ocrx_word' id='word_1_294' title='bbox 1117 2465 1210 2522; x_wconf 83' lang='grc' dir='ltr'>οὖν</span> <span class='ocrx_word' id='word_1_295' title='bbox 1257 2469 1610 2537; x_wconf 86' lang='grc' dir='ltr'>ἀπειθοῦντες</span> <span class='ocrx_word' id='word_1_296' title='bbox 1657 2468 1808 2529; x_wconf 78' lang='grc' dir='ltr'>οὗτοι</span> <span class='ocrx_word' id='word_1_297' title='bbox 1859 2477 1955 2532; x_wconf 87' lang='grc' dir='ltr'><strong>νῦν</strong></span> 
     </span>
    </p>
   </div>
   <div class='ocr_carea' id='block_1_43' title="bbox 370 2557 1954 2639">
    <p class='ocr_par' dir='ltr' id='par_1_43' title="bbox 370 2557 1954 2639">
     <span class='ocr_line' id='line_1_43' title="bbox 370 2557 1954 2639; baseline 0.01 -33"><span class='ocrx_word' id='word_1_298' title='bbox 370 2559 435 2624; x_wconf 84' lang='grc' dir='ltr'>τῇ</span> <span class='ocrx_word' id='word_1_299' title='bbox 473 2557 561 2608; x_wconf 77' lang='grc' dir='ltr'>διὰ</span> <span class='ocrx_word' id='word_1_300' title='bbox 594 2557 704 2609; x_wconf 87' lang='grc' dir='ltr'>τῶν</span> <span class='ocrx_word' id='word_1_301' title='bbox 729 2559 902 2626; x_wconf 76' lang='grc' dir='ltr'>ἁγίων</span> <span class='ocrx_word' id='word_1_302' title='bbox 951 2560 1108 2631; x_wconf 77' lang='grc' dir='ltr'>ἡμῶν</span> <span class='ocrx_word' id='word_1_303' title='bbox 1168 2562 1431 2634; x_wconf 78' lang='grc' dir='ltr'>Πατέρων</span> <span class='ocrx_word' id='word_1_304' title='bbox 1483 2565 1578 2619; x_wconf 87' lang='grc' dir='ltr'><strong>τοῦ</strong></span> <span class='ocrx_word' id='word_1_305' title='bbox 1635 2567 1954 2639; x_wconf 86' lang='grc' dir='ltr'>[Ινεύματος</span> 
     </span>
    </p>
   </div>
   <div class='ocr_carea' id='block_1_44' title="bbox 367 2647 1953 2728">
    <p class='ocr_par' dir='ltr' id='par_1_44' title="bbox 367 2647 1953 2728">
     <span class='ocr_line' id='line_1_44' title="bbox 367 2647 1953 2728; baseline 0.009 -28"><span class='ocrx_word' id='word_1_306' title='bbox 367 2647 710 2720; x_wconf 77' lang='grc' dir='ltr'>διδασκαλία,</span> <span class='ocrx_word' id='word_1_307' title='bbox 772 2652 866 2706; x_wconf 75' lang='grc' dir='ltr'><strong>καὶ</strong></span> <span class='ocrx_word' id='word_1_308' title='bbox 940 2652 1314 2724; x_wconf 74' lang='grc' dir='ltr'>λοιδοροῦντες</span> <span class='ocrx_word' id='word_1_309' title='bbox 1375 2658 1526 2728; x_wconf 81' lang='grc' dir='ltr'>ἡμᾶς</span> <span class='ocrx_word' id='word_1_310' title='bbox 1575 2659 1704 2723; x_wconf 77' lang='grc' dir='ltr'>τοὺς</span> <span class='ocrx_word' id='word_1_311' title='bbox 1765 2660 1953 2726; x_wconf 83' lang='grc' dir='ltr'>αὐτοῖς</span> 
     </span>
    </p>
   </div>
   <div class='ocr_carea' id='block_1_45' title="bbox 367 2739 1955 2818">
    <p class='ocr_par' dir='ltr' id='par_1_45' title="bbox 367 2739 1955 2818">
     <span class='ocr_line' id='line_1_45' title="bbox 367 2739 1955 2818; baseline 0.011 -29"><span class='ocrx_word' id='word_1_312' title='bbox 367 2739 787 2808; x_wconf 73' lang='grc' dir='ltr'>ὁμολογοῦντας,</span> <span class='ocrx_word' id='word_1_313' title='bbox 823 2742 1050 2807; x_wconf 81' lang='grc' dir='ltr'>πολλοὺς</span> <span class='ocrx_word' id='word_1_314' title='bbox 1097 2744 1344 2813; x_wconf 85' lang='grc' dir='ltr'>γίνεσθαί</span> <span class='ocrx_word' id='word_1_315' title='bbox 1387 2765 1519 2815; x_wconf 83' lang='grc' dir='ltr'>φασι</span> <span class='ocrx_word' id='word_1_316' title='bbox 1560 2749 1732 2814; x_wconf 77' lang='grc' dir='ltr'>θεοὺς,</span> <span class='ocrx_word' id='word_1_317' title='bbox 1764 2753 1798 2818; x_wconf 76' lang='grc' dir='ltr'><strong>ἢ</strong></span> <span class='ocrx_word' id='word_1_318' title='bbox 1830 2751 1955 2806; x_wconf 80' lang='grc' dir='ltr'>σύν-</span> 
     </span>
    </p>
   </div>
   <div class='ocr_carea' id='block_1_46' title="bbox 368 2829 1952 2913">
    <p class='ocr_par' dir='ltr' id='par_1_46' title="bbox 368 2829 1952 2913">
     <span class='ocr_line' id='line_1_46' title="bbox 368 2829 1952 2913; baseline 0.009 -30"><span class='ocrx_word' id='word_1_319' title='bbox 368 2829 522 2884; x_wconf 78' lang='grc' dir='ltr'>θετον</span> <span class='ocrx_word' id='word_1_320' title='bbox 579 2833 670 2886; x_wconf 88' lang='grc' dir='ltr'><strong>τὸν</strong></span> <span class='ocrx_word' id='word_1_321' title='bbox 721 2834 839 2900; x_wconf 77' lang='grc' dir='ltr'>ἕνα,</span> <span class='ocrx_word' id='word_1_322' title='bbox 889 2835 1048 2907; x_wconf 76' lang='grc' dir='ltr'>εἴπερ</span> <span class='ocrx_word' id='word_1_323' title='bbox 1096 2838 1129 2906; x_wconf 84' lang='grc' dir='ltr'><strong>ἡ</strong></span> <span class='ocrx_word' id='word_1_324' title='bbox 1179 2837 1299 2892; x_wconf 87' lang='grc' dir='ltr'>θεία</span> <span class='ocrx_word' id='word_1_325' title='bbox 1353 2841 1603 2912; x_wconf 77' lang='grc' dir='ltr'>ἐνέργεια</span> <span class='ocrx_word' id='word_1_326' title='bbox 1655 2842 1756 2913; x_wconf 85' lang='grc' dir='ltr'>τῆς</span> <span class='ocrx_word' id='word_1_327' title='bbox 1805 2844 1952 2910; x_wconf 85' lang='grc' dir='ltr'>θείας</span> 
     </span>
    </p>
   </div>
   <div class='ocr_carea' id='block_1_47' title="bbox 365 2923 1948 3006">
    <p class='ocr_par' dir='ltr' id='par_1_47' title="bbox 365 2923 1948 3006">
     <span class='ocr_line' id='line_1_47' title="bbox 365 2923 1948 3006; baseline 0.009 -32"><span class='ocrx_word' id='word_1_328' title='bbox 365 2923 553 2986; x_wconf 79' lang='grc' dir='ltr'>οὐσίας</span> <span class='ocrx_word' id='word_1_329' title='bbox 603 2923 872 2996; x_wconf 82' lang='grc' dir='ltr'>διαφέρει,</span> <span class='ocrx_word' id='word_1_330' title='bbox 926 2927 1022 2980; x_wconf 82' lang='grc' dir='ltr'>καὶ</span> <span class='ocrx_word' id='word_1_331' title='bbox 1092 2929 1142 2981; x_wconf 85' lang='grc' dir='ltr'><strong>εί</strong></span> <span class='ocrx_word' id='word_1_332' title='bbox 1192 2928 1329 2993; x_wconf 84' lang='grc' dir='ltr'>ὅλως</span> <span class='ocrx_word' id='word_1_333' title='bbox 1380 2931 1730 3002; x_wconf 78' lang='grc' dir='ltr'>ὲνθεωρεῖταί</span> <span class='ocrx_word' id='word_1_334' title='bbox 1785 2953 1838 2988; x_wconf 89' lang='grc' dir='ltr'><strong>τι</strong></span> <span class='ocrx_word' id='word_1_335' title='bbox 1882 2938 1948 3006; x_wconf 78' lang='grc' dir='ltr'>τῇ</span> 
     </span>
    </p>
   </div>
   <div class='ocr_carea' id='block_1_48' title="bbox 363 3013 1950 3096">
    <p class='ocr_par' dir='ltr' id='par_1_48' title="bbox 363 3013 1950 3096">
     <span class='ocr_line' id='line_1_48' title="bbox 363 3013 1950 3096; baseline 0.006 -31"><span class='ocrx_word' id='word_1_336' title='bbox 363 3013 458 3066; x_wconf 89' lang='grc' dir='ltr'><strong>τοῦ</strong></span> <span class='ocrx_word' id='word_1_337' title='bbox 487 3014 622 3066; x_wconf 85' lang='grc' dir='ltr'>Θεοῦ</span> <span class='ocrx_word' id='word_1_338' title='bbox 669 3017 849 3087; x_wconf 74' lang='grc' dir='ltr'>οὐσίᾳ.</span> <span class='ocrx_word' id='word_1_339' title='bbox 898 3017 1181 3086; x_wconf 84' lang='grc' dir='ltr'>Ἀγνοοῦσι</span> <span class='ocrx_word' id='word_1_340' title='bbox 1207 3022 1338 3091; x_wconf 82' lang='grc' dir='ltr'>γάρ,</span> <span class='ocrx_word' id='word_1_341' title='bbox 1365 3022 1438 3085; x_wconf 81' lang='grc' dir='ltr'>ὡς</span> <span class='ocrx_word' id='word_1_342' title='bbox 1468 3023 1590 3094; x_wconf 81' lang='grc' dir='ltr'><strong>οὐχὶ</strong></span> <span class='ocrx_word' id='word_1_343' title='bbox 1623 3024 1684 3077; x_wconf 85' lang='grc' dir='ltr'><strong>τὸ</strong></span> <span class='ocrx_word' id='word_1_344' title='bbox 1709 3026 1950 3096; x_wconf 75' lang='grc' dir='ltr'>ἐνεργεῖν</span> 
     </span>
    </p>
   </div>
   <div class='ocr_carea' id='block_1_49' title="bbox 365 3105 2012 3199">
    <p class='ocr_par' dir='ltr' id='par_1_49' title="bbox 365 3105 2012 3199">
     <span class='ocr_line' id='line_1_49' title="bbox 365 3105 2012 3199; baseline 0.007 -41"><span class='ocrx_word' id='word_1_345' title='bbox 365 3105 461 3159; x_wconf 70' lang='grc' dir='ltr'>καὶ</span> <span class='ocrx_word' id='word_1_346' title='bbox 517 3107 549 3176; x_wconf 80' lang='grc' dir='ltr'><strong>ἡ</strong></span> <span class='ocrx_word' id='word_1_347' title='bbox 601 3107 874 3178; x_wconf 69' lang='grc' dir='ltr'>ἐνέργεια,</span> <span class='ocrx_word' id='word_1_348' title='bbox 910 3110 1045 3164; x_wconf 81' lang='grc' dir='ltr'>ἀλλὰ</span> <span class='ocrx_word' id='word_1_349' title='bbox 1084 3114 1145 3166; x_wconf 89' lang='grc' dir='ltr'><strong>τὸ</strong></span> <span class='ocrx_word' id='word_1_350' title='bbox 1173 3115 1403 3184; x_wconf 83' lang='grc' dir='ltr'>πάσχειν</span> <span class='ocrx_word' id='word_1_351' title='bbox 1434 3114 1531 3168; x_wconf 75' lang='grc' dir='ltr'>καὶ</span> <span class='ocrx_word' id='word_1_352' title='bbox 1579 3115 1751 3179; x_wconf 85' lang='grc' dir='ltr'>πάθος</span> <span class='ocrx_word' id='word_1_353' title='bbox 1804 3121 2012 3199; x_wconf 62' lang='grc' dir='ltr'>ποιεῖς</span> 
     </span>
    </p>
   </div>
   <div class='ocr_carea' id='block_1_50' title="bbox 362 3196 1952 3276">
    <p class='ocr_par' dir='ltr' id='par_1_50' title="bbox 362 3196 1952 3276">
     <span class='ocr_line' id='line_1_50' title="bbox 362 3196 1952 3276; baseline 0.009 -29"><span class='ocrx_word' id='word_1_354' title='bbox 362 3196 462 3268; x_wconf 80' lang='grc' dir='ltr'>τὴν</span> <span class='ocrx_word' id='word_1_355' title='bbox 489 3196 759 3252; x_wconf 88' lang='grc' dir='ltr'>σύνθεσιν.</span> <span class='ocrx_word' id='word_1_356' title='bbox 792 3201 852 3252; x_wconf 90' lang='lat'><strong>&#39;0</strong></span> <span class='ocrx_word' id='word_1_357' title='bbox 881 3199 937 3253; x_wconf 82' lang='grc' dir='ltr'>δὲ</span> <span class='ocrx_word' id='word_1_358' title='bbox 966 3202 1098 3267; x_wconf 87' lang='grc' dir='ltr'>Θεὸς</span> <span class='ocrx_word' id='word_1_359' title='bbox 1150 3204 1385 3272; x_wconf 73' lang='grc' dir='ltr'>ἐνεργεῖ,</span> <span class='ocrx_word' id='word_1_360' title='bbox 1438 3206 1607 3276; x_wconf 82' lang='grc' dir='ltr'>μηδὲν</span> <span class='ocrx_word' id='word_1_361' title='bbox 1655 3207 1816 3270; x_wconf 85' lang='grc' dir='ltr'>αὐτὸς</span> <span class='ocrx_word' id='word_1_362' title='bbox 1849 3209 1952 3262; x_wconf 85' lang='grc' dir='ltr'>πά-</span> 
     </span>
    </p>
   </div>
   <div class='ocr_carea' id='block_1_51' title="bbox 367 3289 1948 3367">
    <p class='ocr_par' dir='ltr' id='par_1_51' title="bbox 367 3289 1948 3367">
     <span class='ocr_line' id='line_1_51' title="bbox 367 3289 1948 3367; baseline 0.009 -27"><span class='ocrx_word' id='word_1_363' title='bbox 367 3303 532 3358; x_wconf 89' lang='grc' dir='ltr'>σχων,</span> <span class='ocrx_word' id='word_1_364' title='bbox 567 3289 702 3360; x_wconf 76' lang='grc' dir='ltr'>μηδὲ</span> <span class='ocrx_word' id='word_1_365' title='bbox 743 3290 1128 3362; x_wconf 85' lang='grc' dir='ltr'>ἀλλοιούμενος</span> <span class='ocrx_word' id='word_1_366' title='bbox 1163 3310 1176 3325; x_wconf 69' lang='grc' dir='ltr'><strong>ο</strong></span> <span class='ocrx_word' id='word_1_367' title='bbox 1219 3295 1318 3349; x_wconf 79' lang='grc' dir='ltr'>οὐκ</span> <span class='ocrx_word' id='word_1_368' title='bbox 1359 3296 1469 3367; x_wconf 75' lang='grc' dir='ltr'>ἄρα</span> <span class='ocrx_word' id='word_1_369' title='bbox 1510 3297 1760 3362; x_wconf 85' lang='grc' dir='ltr'>σύνθετος</span> <span class='ocrx_word' id='word_1_370' title='bbox 1795 3299 1948 3354; x_wconf 77' lang='grc' dir='ltr'>ἔσται</span> 
     </span>
    </p>
   </div>
   <div class='ocr_carea' id='block_1_52' title="bbox 363 3379 1947 3457">
    <p class='ocr_par' dir='ltr' id='par_1_52' title="bbox 363 3379 1947 3457">
     <span class='ocr_line' id='line_1_52' title="bbox 363 3379 1947 3457; baseline 0.008 -24"><span class='ocrx_word' id='word_1_371' title='bbox 363 3379 453 3434; x_wconf 84' lang='grc' dir='ltr'>διὰ</span> <span class='ocrx_word' id='word_1_372' title='bbox 481 3385 580 3451; x_wconf 84' lang='grc' dir='ltr'><strong>τὴν</strong></span> <span class='ocrx_word' id='word_1_373' title='bbox 617 3383 923 3453; x_wconf 76' lang='grc' dir='ltr'>ἐνέργειαν.</span> <span class='ocrx_word' id='word_1_374' title='bbox 951 3387 1063 3438; x_wconf 78' lang='grc' dir='ltr'><strong>Καὶ</strong></span> <span class='ocrx_word' id='word_1_375' title='bbox 1091 3386 1154 3439; x_wconf 89' lang='grc' dir='ltr'><strong>τὸ</strong></span> <span class='ocrx_word' id='word_1_376' title='bbox 1205 3389 1339 3457; x_wconf 85' lang='grc' dir='ltr'>πρὸς</span> <span class='ocrx_word' id='word_1_377' title='bbox 1381 3390 1435 3441; x_wconf 87' lang='grc' dir='ltr'><strong>τί</strong></span> <span class='ocrx_word' id='word_1_378' title='bbox 1474 3390 1532 3444; x_wconf 82' lang='grc' dir='ltr'>δὲ</span> <span class='ocrx_word' id='word_1_379' title='bbox 1584 3393 1612 3443; x_wconf 89' lang='grc' dir='ltr'><strong>ό</strong></span> <span class='ocrx_word' id='word_1_380' title='bbox 1663 3391 1795 3457; x_wconf 86' lang='grc' dir='ltr'>Θεὸς</span> <span class='ocrx_word' id='word_1_381' title='bbox 1851 3393 1947 3446; x_wconf 84' lang='grc' dir='ltr'>καὶ</span> 
     </span>
    </p>
   </div>
   <div class='ocr_carea' id='block_1_53' title="bbox 366 3472 1948 3556">
    <p class='ocr_par' dir='ltr' id='par_1_53' title="bbox 366 3472 1948 3556">
     <span class='ocr_line' id='line_1_53' title="bbox 366 3472 1948 3556; baseline 0.008 -31"><span class='ocrx_word' id='word_1_382' title='bbox 366 3472 500 3542; x_wconf 82' lang='grc' dir='ltr'>πρὸς</span> <span class='ocrx_word' id='word_1_383' title='bbox 531 3473 630 3544; x_wconf 78' lang='grc' dir='ltr'>τὴν</span> <span class='ocrx_word' id='word_1_384' title='bbox 669 3477 845 3529; x_wconf 83' lang='grc' dir='ltr'>κτίσιν</span> <span class='ocrx_word' id='word_1_385' title='bbox 895 3475 1030 3547; x_wconf 76' lang='grc' dir='ltr'>ἔχει,</span> <span class='ocrx_word' id='word_1_386' title='bbox 1081 3477 1157 3543; x_wconf 84' lang='grc' dir='ltr'><strong>ὡς</strong></span> <span class='ocrx_word' id='word_1_387' title='bbox 1222 3480 1364 3552; x_wconf 82' lang='grc' dir='ltr'>ἀρχὴ</span> <span class='ocrx_word' id='word_1_388' title='bbox 1407 3483 1507 3535; x_wconf 72' lang='grc' dir='ltr'>καὶ</span> <span class='ocrx_word' id='word_1_389' title='bbox 1560 3485 1835 3556; x_wconf 84' lang='grc' dir='ltr'>Δεσπότης</span> <span class='ocrx_word' id='word_1_390' title='bbox 1871 3483 1948 3538; x_wconf 85' lang='grc' dir='ltr'>ῶν</span> 
     </span>
    </p>
   </div>
   <div class='ocr_carea' id='block_1_54' title="bbox 364 3565 1950 3649">
    <p class='ocr_par' dir='ltr' id='par_1_54' title="bbox 364 3565 1950 3649">
     <span class='ocr_line' id='line_1_54' title="bbox 364 3565 1950 3649; baseline 0.009 -32"><span class='ocrx_word' id='word_1_391' title='bbox 364 3566 554 3636; x_wconf 80' lang='grc' dir='ltr'>αὐτῆς,</span> <span class='ocrx_word' id='word_1_392' title='bbox 623 3565 740 3620; x_wconf 80' lang='grc' dir='ltr'>ἀλλ’</span> <span class='ocrx_word' id='word_1_393' title='bbox 788 3567 850 3620; x_wconf 90' lang='grc' dir='ltr'><strong>ού</strong></span> <span class='ocrx_word' id='word_1_394' title='bbox 909 3569 1324 3642; x_wconf 75' lang='grc' dir='ltr'>συναριθμεῖται</span> <span class='ocrx_word' id='word_1_395' title='bbox 1377 3576 1491 3638; x_wconf 88' lang='grc' dir='ltr'>τοῖς</span> <span class='ocrx_word' id='word_1_396' title='bbox 1515 3578 1766 3645; x_wconf 88' lang='grc' dir='ltr'>γεγονόσι</span> <span class='ocrx_word' id='word_1_397' title='bbox 1797 3577 1950 3649; x_wconf 81' lang='grc' dir='ltr'>παρὰ</span> 
     </span>
    </p>
   </div>
   <div class='ocr_carea' id='block_1_55' title="bbox 361 3657 1948 3727">
    <p class='ocr_par' dir='ltr' id='par_1_55' title="bbox 361 3657 1948 3727">
     <span class='ocr_line' id='line_1_55' title="bbox 361 3657 1948 3727; baseline 0.009 -17"><span class='ocrx_word' id='word_1_398' title='bbox 361 3657 540 3711; x_wconf 85' lang='grc' dir='ltr'>τοῦτο.</span> <span class='ocrx_word' id='word_1_399' title='bbox 592 3659 787 3712; x_wconf 79' lang='grc' dir='ltr'>Πολλοὶ</span> <span class='ocrx_word' id='word_1_400' title='bbox 843 3660 902 3714; x_wconf 74' lang='grc' dir='ltr'>δὲ</span> <span class='ocrx_word' id='word_1_401' title='bbox 955 3662 1121 3717; x_wconf 87' lang='grc' dir='ltr'>πάλιν</span> <span class='ocrx_word' id='word_1_402' title='bbox 1169 3662 1288 3727; x_wconf 87' lang='grc' dir='ltr'>πῶς</span> <span class='ocrx_word' id='word_1_403' title='bbox 1338 3665 1551 3720; x_wconf 73' lang='grc' dir='ltr'>ἔσονται</span> <span class='ocrx_word' id='word_1_404' title='bbox 1605 3669 1719 3722; x_wconf 61' lang='grc' dir='ltr'><strong>θεολ⁵</strong></span> <span class='ocrx_word' id='word_1_405' title='bbox 1754 3669 1844 3723; x_wconf 85' lang='grc' dir='ltr'>διὰ</span> <span class='ocrx_word' id='word_1_406' title='bbox 1885 3669 1948 3725; x_wconf 85' lang='grc' dir='ltr'><strong>τὸ</strong></span> 
     </span>
    </p>
   </div>
   <div class='ocr_carea' id='block_1_56' title="bbox 362 3749 1942 3827">
    <p class='ocr_par' dir='ltr' id='par_1_56' title="bbox 362 3749 1942 3827">
     <span class='ocr_line' id='line_1_56' title="bbox 362 3749 1942 3827; baseline 0.009 -26"><span class='ocrx_word' id='word_1_407' title='bbox 362 3749 505 3819; x_wconf 73' lang='grc' dir='ltr'>ἔχειν</span> <span class='ocrx_word' id='word_1_408' title='bbox 550 3749 642 3803; x_wconf 79' lang='grc' dir='ltr'><strong>τὸν</strong></span> <span class='ocrx_word' id='word_1_409' title='bbox 694 3749 827 3804; x_wconf 85' lang='grc' dir='ltr'>Θεὸν</span> <span class='ocrx_word' id='word_1_410' title='bbox 864 3753 1168 3822; x_wconf 75' lang='grc' dir='ltr'>ἐνέργειαν,</span> <span class='ocrx_word' id='word_1_411' title='bbox 1218 3757 1376 3826; x_wconf 74' lang='grc' dir='ltr'>εἴπερ</span> <span class='ocrx_word' id='word_1_412' title='bbox 1434 3758 1551 3823; x_wconf 81' lang='grc' dir='ltr'>ἑνός</span> <span class='ocrx_word' id='word_1_413' title='bbox 1605 3761 1724 3812; x_wconf 79' lang='grc' dir='ltr'>ἐστι</span> <span class='ocrx_word' id='word_1_414' title='bbox 1782 3758 1942 3827; x_wconf 87' lang='grc' dir='ltr'>Θεοῦ,</span> 
     </span>
    </p>
   </div>
   <div class='ocr_carea' id='block_1_57' title="bbox 365 3839 1947 3922">
    <p class='ocr_par' dir='ltr' id='par_1_57' title="bbox 365 3839 1947 3922">
     <span class='ocr_line' id='line_1_57' title="bbox 365 3839 1947 3922; baseline 0.009 -31"><span class='ocrx_word' id='word_1_415' title='bbox 365 3840 567 3908; x_wconf 79' lang='grc' dir='ltr'>μᾶλλον</span> <span class='ocrx_word' id='word_1_416' title='bbox 622 3839 680 3893; x_wconf 84' lang='grc' dir='ltr'>δὲ</span> <span class='ocrx_word' id='word_1_417' title='bbox 733 3843 764 3894; x_wconf 88' lang='grc' dir='ltr'><strong>ό</strong></span> <span class='ocrx_word' id='word_1_418' title='bbox 807 3842 968 3906; x_wconf 88' lang='grc' dir='ltr'>αὐτός</span> <span class='ocrx_word' id='word_1_419' title='bbox 993 3845 1112 3896; x_wconf 78' lang='grc' dir='ltr'>ἐστι</span> <span class='ocrx_word' id='word_1_420' title='bbox 1143 3844 1298 3910; x_wconf 89' lang='grc' dir='ltr'>Θεὸς,</span> <span class='ocrx_word' id='word_1_421' title='bbox 1332 3848 1365 3918; x_wconf 76' lang='grc' dir='ltr'><strong>η</strong></span> <span class='ocrx_word' id='word_1_422' title='bbox 1395 3847 1516 3901; x_wconf 90' lang='grc' dir='ltr'>θεία</span> <span class='ocrx_word' id='word_1_423' title='bbox 1551 3850 1730 3916; x_wconf 83' lang='grc' dir='ltr'>οὐσία,</span> <span class='ocrx_word' id='word_1_424' title='bbox 1771 3852 1865 3904; x_wconf 75' lang='grc' dir='ltr'>καὶ</span> <span class='ocrx_word' id='word_1_425' title='bbox 1911 3853 1947 3922; x_wconf 79' lang='grc' dir='ltr'>ἡ</span> 
     </span>
    </p>
   </div>
   <div class='ocr_carea' id='block_1_58' title="bbox 363 3930 1942 4014">
    <p class='ocr_par' dir='ltr' id='par_1_58' title="bbox 363 3930 1942 4014">
     <span class='ocr_line' id='line_1_58' title="bbox 363 3930 1942 4014; baseline 0.009 -32"><span class='ocrx_word' id='word_1_426' title='bbox 363 3930 484 3984; x_wconf 81' lang='grc' dir='ltr'>θεία</span> <span class='ocrx_word' id='word_1_427' title='bbox 521 3932 791 4002; x_wconf 74' lang='grc' dir='ltr'>ἐνέργεια.</span> <span class='ocrx_word' id='word_1_428' title='bbox 834 3934 1019 4004; x_wconf 81' lang='grc' dir='ltr'>Σαφὴς</span> <span class='ocrx_word' id='word_1_429' title='bbox 1068 3934 1163 3990; x_wconf 82' lang='grc' dir='ltr'><strong>οῦν</strong></span> <span class='ocrx_word' id='word_1_430' title='bbox 1210 3937 1379 4002; x_wconf 75' lang='grc' dir='ltr'>ὅντως</span> <span class='ocrx_word' id='word_1_431' title='bbox 1433 3938 1592 3994; x_wconf 85' lang='grc' dir='ltr'>τοῦτο</span> <span class='ocrx_word' id='word_1_432' title='bbox 1635 3941 1799 4014; x_wconf 82' lang='grc' dir='ltr'>λῆρος</span> <span class='ocrx_word' id='word_1_433' title='bbox 1845 3942 1942 4014; x_wconf 81' lang='grc' dir='ltr'>τῆς</span> 
     </span>
    </p>
   </div>
   <div class='ocr_carea' id='block_1_59' title="bbox 361 4017 1020 4088">
    <p class='ocr_par' dir='ltr' id='par_1_59' title="bbox 361 4017 1020 4088">
     <span class='ocr_line' id='line_1_59' title="bbox 361 4017 1020 4088; baseline 0.011 -20"><span class='ocrx_word' id='word_1_434' title='bbox 361 4017 542 4070; x_wconf 82' lang='grc' dir='ltr'>αὐτῶν</span> <span class='ocrx_word' id='word_1_435' title='bbox 572 4037 608 4088; x_wconf 84' lang='grc' dir='ltr'>φ</span> <span class='ocrx_word' id='word_1_436' title='bbox 616 4019 1020 4088; x_wconf 74' lang='grc' dir='ltr'>ρενοϐλαῦείας.</span> 
     </span>
    </p>
   </div>
   <div class='ocr_carea' id='block_1_60' title="bbox 434 4110 1943 4191">
    <p class='ocr_par' dir='ltr' id='par_1_60' title="bbox 434 4110 1943 4191">
     <span class='ocr_line' id='line_1_60' title="bbox 434 4110 1943 4191; baseline 0.007 -28"><span class='ocrx_word' id='word_1_437' title='bbox 434 4110 591 4181; x_wconf 80' lang='grc' dir='ltr'>ρμς’.</span> <span class='ocrx_word' id='word_1_438' title='bbox 623 4113 806 4167; x_wconf 73' lang='grc' dir='ltr'>Εἰπὼν</span> <span class='ocrx_word' id='word_1_439' title='bbox 827 4116 857 4167; x_wconf 85' lang='grc' dir='ltr'><strong>ό</strong></span> <span class='ocrx_word' id='word_1_440' title='bbox 877 4115 1078 4185; x_wconf 79' lang='grc' dir='ltr'>Κύριος</span> <span class='ocrx_word' id='word_1_441' title='bbox 1106 4115 1243 4188; x_wconf 85' lang='grc' dir='ltr'>πρὸς</span> <span class='ocrx_word' id='word_1_442' title='bbox 1261 4117 1388 4182; x_wconf 80' lang='grc' dir='ltr'>τοὺς</span> <span class='ocrx_word' id='word_1_443' title='bbox 1413 4117 1648 4185; x_wconf 88' lang='grc' dir='ltr'>οίκείους</span> <span class='ocrx_word' id='word_1_444' title='bbox 1673 4119 1943 4191; x_wconf 84' lang='grc' dir='ltr'>μαθητὰς,</span> 
     </span>
    </p>
   </div>
   <div class='ocr_carea' id='block_1_61' title="bbox 359 4197 1943 4280">
    <p class='ocr_par' dir='ltr' id='par_1_61' title="bbox 359 4197 1943 4280">
     <span class='ocr_line' id='line_1_61' title="bbox 359 4197 1943 4280; baseline 0.007 -28"><span class='ocrx_word' id='word_1_445' title='bbox 359 4201 442 4253; x_wconf 85' lang='grc' dir='ltr'>ὅτι</span> <span class='ocrx_word' id='word_1_446' title='bbox 473 4219 492 4252; x_wconf 79' lang='lat' dir='ltr'><strong>t</strong></span> <span class='ocrx_word' id='word_1_447' title='bbox 527 4202 645 4258; x_wconf 71' lang='grc' dir='ltr'>Εἰσί</span> <span class='ocrx_word' id='word_1_448' title='bbox 674 4220 820 4268; x_wconf 81' lang='grc' dir='ltr'>τινες</span> <span class='ocrx_word' id='word_1_449' title='bbox 846 4206 957 4259; x_wconf 89' lang='grc' dir='ltr'>τῶν</span> <span class='ocrx_word' id='word_1_450' title='bbox 987 4197 1091 4260; x_wconf 85' lang='grc' dir='ltr'>ὧδε</span> <span class='ocrx_word' id='word_1_451' title='bbox 1125 4206 1458 4276; x_wconf 80' lang='grc' dir='ltr'>ἑστηκότων,</span> <span class='ocrx_word' id='word_1_452' title='bbox 1511 4209 1564 4262; x_wconf 85' lang='grc' dir='ltr'>οἳ</span> <span class='ocrx_word' id='word_1_453' title='bbox 1606 4209 1667 4262; x_wconf 86' lang='grc' dir='ltr'><strong>ού</strong></span> <span class='ocrx_word' id='word_1_454' title='bbox 1701 4209 1775 4280; x_wconf 84' lang='grc' dir='ltr'>μὴ</span> <span class='ocrx_word' id='word_1_455' title='bbox 1815 4211 1943 4279; x_wconf 89' lang='grc' dir='ltr'>γεύ-</span> 
     </span>
    </p>
   </div>
   <div class='ocr_carea' id='block_1_62' title="bbox 363 4290 1943 4368">
    <p class='ocr_par' dir='ltr' id='par_1_62' title="bbox 363 4290 1943 4368">
     <span class='ocr_line' id='line_1_62' title="bbox 363 4290 1943 4368; baseline 0.009 -27"><span class='ocrx_word' id='word_1_456' title='bbox 363 4304 561 4342; x_wconf 81' lang='grc' dir='ltr'>σωνται</span> <span class='ocrx_word' id='word_1_457' title='bbox 595 4290 848 4358; x_wconf 86' lang='grc' dir='ltr'>θανάτου,</span> <span class='ocrx_word' id='word_1_458' title='bbox 888 4293 993 4357; x_wconf 81' lang='grc' dir='ltr'>ἓως</span> <span class='ocrx_word' id='word_1_459' title='bbox 1057 4293 1124 4349; x_wconf 79' lang='grc' dir='ltr'>ἃν</span> <span class='ocrx_word' id='word_1_460' title='bbox 1177 4295 1330 4349; x_wconf 86' lang='grc' dir='ltr'>ῐδωσι</span> <span class='ocrx_word' id='word_1_461' title='bbox 1383 4297 1483 4368; x_wconf 75' lang='grc' dir='ltr'>τὴν</span> <span class='ocrx_word' id='word_1_462' title='bbox 1536 4297 1815 4368; x_wconf 84' lang='grc' dir='ltr'>βασιλείαν</span> <span class='ocrx_word' id='word_1_463' title='bbox 1849 4300 1943 4355; x_wconf 89' lang='grc' dir='ltr'><strong>τοῦ</strong></span> 
     </span>
    </p>
   </div>
   <div class='ocr_carea' id='block_1_63' title="bbox 361 4376 1940 4462">
    <p class='ocr_par' dir='ltr' id='par_1_63' title="bbox 361 4376 1940 4462">
     <span class='ocr_line' id='line_1_63' title="bbox 361 4376 1940 4462; baseline 0.011 -32"><span class='ocrx_word' id='word_1_464' title='bbox 361 4376 495 4432; x_wconf 81' lang='grc' dir='ltr'>Θεοῦ</span> <span class='ocrx_word' id='word_1_465' title='bbox 562 4380 884 4452; x_wconf 64' lang='grc' dir='ltr'>ἐληλυθυῖαν</span> <span class='ocrx_word' id='word_1_466' title='bbox 941 4386 1001 4438; x_wconf 72' lang='grc' dir='ltr'>εν</span> <span class='ocrx_word' id='word_1_467' title='bbox 1051 4386 1302 4458; x_wconf 87' lang='grc' dir='ltr'>δυνάμει,</span> <span class='ocrx_word' id='word_1_468' title='bbox 1337 4408 1356 4441; x_wconf 73' lang='grc' dir='ltr'><strong>ι</strong></span> <span class='ocrx_word' id='word_1_469' title='bbox 1425 4389 1546 4461; x_wconf 85' lang='grc' dir='ltr'>μεθ’</span> <span class='ocrx_word' id='word_1_470' title='bbox 1601 4392 1814 4462; x_wconf 79' lang='grc' dir='ltr'>ἡμέρας</span> <span class='ocrx_word' id='word_1_471' title='bbox 1861 4391 1940 4461; x_wconf 82' lang='grc' dir='ltr'><strong>ἒξ,</strong></span> 
     </span>
    </p>
   </div>
   <div class='ocr_carea' id='block_1_64' title="bbox 2049 1912 3544 1990">
    <p class='ocr_par' dir='ltr' id='par_1_64' title="bbox 2049 1912 3544 1990">
     <span class='ocr_line' id='line_1_64' title="bbox 2049 1912 3544 1990; baseline 0.005 -23"><span class='ocrx_word' id='word_1_472' title='bbox 2049 1912 2220 1980; x_wconf 89' lang='lat' dir='ltr'><strong>nium,</strong></span> <span class='ocrx_word' id='word_1_473' title='bbox 2251 1925 2307 1969; x_wconf 88' lang='lat' dir='ltr'><strong>et</strong></span> <span class='ocrx_word' id='word_1_474' title='bbox 2334 1915 2562 1984; x_wconf 84' lang='lat' dir='ltr'><strong>creatio,</strong></span> <span class='ocrx_word' id='word_1_475' title='bbox 2582 1934 2704 1987; x_wconf 72' lang='lat' dir='ltr'><strong>qua:</strong></span> <span class='ocrx_word' id='word_1_476' title='bbox 2727 1927 2854 1973; x_wconf 90' lang='lat' dir='ltr'><strong>sunt</strong></span> <span class='ocrx_word' id='word_1_477' title='bbox 2874 1920 3149 1975; x_wconf 77' lang='lat' dir='ltr'><strong>naturales</strong></span> <span class='ocrx_word' id='word_1_478' title='bbox 3180 1921 3351 1990; x_wconf 83' lang='lat' dir='ltr'><strong>ipsius</strong></span> <span class='ocrx_word' id='word_1_479' title='bbox 3378 1920 3544 1976; x_wconf 88' lang='lat' dir='ltr'><strong>modi.</strong></span> 
     </span>
    </p>
   </div>
   <div class='ocr_carea' id='block_1_65' title="bbox 2125 2178 3623 2256">
    <p class='ocr_par' dir='ltr' id='par_1_65' title="bbox 2125 2178 3623 2256">
     <span class='ocr_line' id='line_1_65' title="bbox 2125 2178 3623 2256; baseline 0.007 -25"><span class='ocrx_word' id='word_1_480' title='bbox 2125 2178 2246 2232; x_wconf 74' lang='lat' dir='ltr'><strong>MS.</strong></span> <span class='ocrx_word' id='word_1_481' title='bbox 2280 2179 2530 2234; x_wconf 85' lang='lat' dir='ltr'><strong>Essentia</strong></span> <span class='ocrx_word' id='word_1_482' title='bbox 2571 2179 2687 2247; x_wconf 88' lang='lat' dir='ltr'><strong>Dei,</strong></span> <span class='ocrx_word' id='word_1_483' title='bbox 2733 2182 2876 2240; x_wconf 80' lang='lat' dir='ltr'><strong>sicut</strong></span> <span class='ocrx_word' id='word_1_484' title='bbox 2934 2187 3234 2254; x_wconf 81' lang='lat' dir='ltr'><strong>nuncupari</strong></span> <span class='ocrx_word' id='word_1_485' title='bbox 3285 2201 3395 2241; x_wconf 89' lang='lat' dir='ltr'><strong>non</strong></span> <span class='ocrx_word' id='word_1_486' title='bbox 3448 2196 3623 2256; x_wconf 85' lang='lat' dir='ltr'><strong>potest</strong></span> 
     </span>
    </p>
   </div>
   <div class='ocr_carea' id='block_1_66' title="bbox 2048 2271 3625 2347">
    <p class='ocr_par' dir='ltr' id='par_1_66' title="bbox 2048 2271 3625 2347">
     <span class='ocr_line' id='line_1_66' title="bbox 2048 2271 3625 2347; baseline 0.005 -25"><span class='ocrx_word' id='word_1_487' title='bbox 2048 2271 2177 2338; x_wconf 88' lang='lat' dir='ltr'><strong>quia</strong></span> <span class='ocrx_word' id='word_1_488' title='bbox 2203 2277 2286 2328; x_wconf 88' lang='lat' dir='ltr'><strong>est</strong></span> <span class='ocrx_word' id='word_1_489' title='bbox 2320 2285 2489 2341; x_wconf 83' lang='lat' dir='ltr'><strong>supra</strong></span> <span class='ocrx_word' id='word_1_490' title='bbox 2526 2286 2722 2326; x_wconf 87' lang='lat' dir='ltr'><strong>nomen</strong></span> <span class='ocrx_word' id='word_1_491' title='bbox 2751 2273 2904 2340; x_wconf 81' lang='lat' dir='ltr'><strong>juxta</strong></span> <span class='ocrx_word' id='word_1_492' title='bbox 2941 2275 3241 2343; x_wconf 77' lang='lat' dir='ltr'><strong>theologos,</strong></span> <span class='ocrx_word' id='word_1_493' title='bbox 3271 2277 3344 2330; x_wconf 89' lang='lat' dir='ltr'><strong>ita</strong></span> <span class='ocrx_word' id='word_1_494' title='bbox 3376 2293 3476 2332; x_wconf 89' lang='lat' dir='ltr'><strong>nec</strong></span> <span class='ocrx_word' id='word_1_495' title='bbox 3502 2294 3625 2347; x_wconf 82' lang='lat' dir='ltr'><strong>par-</strong></span> 
     </span>
    </p>
   </div>
   <div class='ocr_carea' id='block_1_67' title="bbox 2051 2361 3620 2440">
    <p class='ocr_par' dir='ltr' id='par_1_67' title="bbox 2051 2361 3620 2440">
     <span class='ocr_line' id='line_1_67' title="bbox 2051 2361 3620 2440; baseline 0.005 -25"><span class='ocrx_word' id='word_1_496' title='bbox 2051 2361 2292 2432; x_wconf 87' lang='lat' dir='ltr'><strong>ticipari,</strong></span> <span class='ocrx_word' id='word_1_497' title='bbox 2368 2363 2498 2431; x_wconf 90' lang='lat' dir='ltr'><strong>quia</strong></span> <span class='ocrx_word' id='word_1_498' title='bbox 2570 2373 2656 2418; x_wconf 88' lang='lat' dir='ltr'><strong>est</strong></span> <span class='ocrx_word' id='word_1_499' title='bbox 2712 2378 2877 2434; x_wconf 84' lang='lat' dir='ltr'><strong>supra</strong></span> <span class='ocrx_word' id='word_1_500' title='bbox 2946 2366 3416 2436; x_wconf 87' lang='lat' dir='ltr'><strong>participationem</strong></span> <span class='ocrx_word' id='word_1_501' title='bbox 3467 2370 3620 2440; x_wconf 79' lang='lat' dir='ltr'><strong>juxta</strong></span> 
     </span>
    </p>
   </div>
   <div class='ocr_carea' id='block_1_68' title="bbox 2045 2453 3620 2524">
    <p class='ocr_par' dir='ltr' id='par_1_68' title="bbox 2045 2453 3620 2524">
     <span class='ocr_line' id='line_1_68' title="bbox 2045 2453 3620 2524; baseline 0.004 -16"><span class='ocrx_word' id='word_1_502' title='bbox 2045 2454 2289 2508; x_wconf 86' lang='lat' dir='ltr'><strong>eosdem.</strong></span> <span class='ocrx_word' id='word_1_503' title='bbox 2346 2453 2428 2509; x_wconf 90' lang='lat' dir='ltr'><strong>lili</strong></span> <span class='ocrx_word' id='word_1_504' title='bbox 2478 2469 2608 2522; x_wconf 82' lang='lat' dir='ltr'><strong>ergo</strong></span> <span class='ocrx_word' id='word_1_505' title='bbox 2663 2456 2754 2524; x_wconf 90' lang='lat' dir='ltr'><strong>qui</strong></span> <span class='ocrx_word' id='word_1_506' title='bbox 2798 2472 2940 2510; x_wconf 88' lang='lat' dir='ltr'><strong>nunc</strong></span> <span class='ocrx_word' id='word_1_507' title='bbox 2975 2457 3296 2513; x_wconf 86' lang='lat' dir='ltr'><strong>inobediunt</strong></span> <span class='ocrx_word' id='word_1_508' title='bbox 3330 2460 3542 2514; x_wconf 68' lang='lat' dir='ltr'><strong>traditae</strong></span> <span class='ocrx_word' id='word_1_509' title='bbox 3590 2477 3620 2514; x_wconf 89' lang='lat' dir='ltr'><strong>a</strong></span> 
     </span>
    </p>
   </div>
   <div class='ocr_carea' id='block_1_69' title="bbox 2047 2543 3621 2621">
    <p class='ocr_par' dir='ltr' id='par_1_69' title="bbox 2047 2543 3621 2621">
     <span class='ocr_line' id='line_1_69' title="bbox 2047 2543 3621 2621; baseline 0.005 -23"><span class='ocrx_word' id='word_1_510' title='bbox 2047 2544 2253 2600; x_wconf 74' lang='lat' dir='ltr'><strong>Sanctis</strong></span> <span class='ocrx_word' id='word_1_511' title='bbox 2277 2543 2536 2602; x_wconf 69' lang='lat' dir='ltr'><strong>Patribuo</strong></span> <span class='ocrx_word' id='word_1_512' title='bbox 2574 2547 2778 2601; x_wconf 86' lang='lat' dir='ltr'><strong>nostris</strong></span> <span class='ocrx_word' id='word_1_513' title='bbox 2812 2547 3050 2618; x_wconf 83' lang='lat' dir='ltr'><strong>Spiritus</strong></span> <span class='ocrx_word' id='word_1_514' title='bbox 3081 2551 3364 2615; x_wconf 59' lang='lat' dir='ltr'><strong>doctrinas,</strong></span> <span class='ocrx_word' id='word_1_515' title='bbox 3411 2567 3621 2621; x_wconf 86' lang='lat' dir='ltr'><strong>nosque</strong></span> 
     </span>
    </p>
   </div>
   <div class='ocr_carea' id='block_1_70' title="bbox 2047 2632 3610 2705">
    <p class='ocr_par' dir='ltr' id='par_1_70' title="bbox 2047 2632 3610 2705">
     <span class='ocr_line' id='line_1_70' title="bbox 2047 2632 3610 2705; baseline 0.004 -17"><span class='ocrx_word' id='word_1_516' title='bbox 2047 2632 2135 2688; x_wconf 88' lang='lat' dir='ltr'><strong>his</strong></span> <span class='ocrx_word' id='word_1_517' title='bbox 2166 2645 2562 2691; x_wconf 85' lang='lat' dir='ltr'><strong>consentaneos</strong></span> <span class='ocrx_word' id='word_1_518' title='bbox 2621 2636 2953 2705; x_wconf 84' lang='lat' dir='ltr'><strong>obtrectant,</strong></span> <span class='ocrx_word' id='word_1_519' title='bbox 2988 2640 3179 2696; x_wconf 89' lang='lat' dir='ltr'><strong>dicunt</strong></span> <span class='ocrx_word' id='word_1_520' title='bbox 3230 2643 3431 2696; x_wconf 90' lang='lat' dir='ltr'><strong>multos</strong></span> <span class='ocrx_word' id='word_1_521' title='bbox 3496 2643 3610 2697; x_wconf 72' lang='lat' dir='ltr'><strong>fieri</strong></span> 
     </span>
    </p>
   </div>
   <div class='ocr_carea' id='block_1_71' title="bbox 2049 2723 3620 2804">
    <p class='ocr_par' dir='ltr' id='par_1_71' title="bbox 2049 2723 3620 2804">
     <span class='ocr_line' id='line_1_71' title="bbox 2049 2723 3620 2804; baseline 0.008 -26"><span class='ocrx_word' id='word_1_522' title='bbox 2049 2723 2204 2789; x_wconf 86' lang='lat' dir='ltr'><strong>deos,</strong></span> <span class='ocrx_word' id='word_1_523' title='bbox 2234 2725 2320 2780; x_wconf 90' lang='lat' dir='ltr'><strong>vel</strong></span> <span class='ocrx_word' id='word_1_524' title='bbox 2351 2742 2516 2780; x_wconf 86' lang='lat' dir='ltr'><strong>unum</strong></span> <span class='ocrx_word' id='word_1_525' title='bbox 2545 2731 2930 2798; x_wconf 83' lang='lat' dir='ltr'><strong>compositum,</strong></span> <span class='ocrx_word' id='word_1_526' title='bbox 2960 2732 3004 2786; x_wconf 86' lang='lat' dir='ltr'><strong>si</strong></span> <span class='ocrx_word' id='word_1_527' title='bbox 3024 2733 3210 2788; x_wconf 83' lang='lat' dir='ltr'><strong>divina</strong></span> <span class='ocrx_word' id='word_1_528' title='bbox 3241 2736 3484 2804; x_wconf 83' lang='lat' dir='ltr'><strong>operatio</strong></span> <span class='ocrx_word' id='word_1_529' title='bbox 3509 2737 3620 2791; x_wconf 81' lang='lat' dir='ltr'><strong>dis-</strong></span> 
     </span>
    </p>
   </div>
   <div class='ocr_carea' id='block_1_72' title="bbox 2046 2819 3620 2894">
    <p class='ocr_par' dir='ltr' id='par_1_72' title="bbox 2046 2819 3620 2894">
     <span class='ocr_line' id='line_1_72' title="bbox 2046 2819 3620 2894; baseline 0.004 -21"><span class='ocrx_word' id='word_1_530' title='bbox 2046 2819 2213 2873; x_wconf 91' lang='lat' dir='ltr'><strong>tincta</strong></span> <span class='ocrx_word' id='word_1_531' title='bbox 2247 2819 2320 2873; x_wconf 87' lang='lat' dir='ltr'><strong>sit</strong></span> <span class='ocrx_word' id='word_1_532' title='bbox 2378 2833 2407 2872; x_wconf 92' lang='lat' dir='ltr'><strong>a</strong></span> <span class='ocrx_word' id='word_1_533' title='bbox 2443 2819 2624 2874; x_wconf 86' lang='lat' dir='ltr'><strong>divina</strong></span> <span class='ocrx_word' id='word_1_534' title='bbox 2651 2823 2910 2886; x_wconf 81' lang='lat' dir='ltr'><strong>essentia,</strong></span> <span class='ocrx_word' id='word_1_535' title='bbox 2945 2831 3001 2878; x_wconf 91' lang='lat' dir='ltr'><strong>et</strong></span> <span class='ocrx_word' id='word_1_536' title='bbox 3051 2823 3095 2878; x_wconf 96' lang='lat' dir='ltr'><strong>si</strong></span> <span class='ocrx_word' id='word_1_537' title='bbox 3147 2825 3274 2894; x_wconf 86' lang='lat' dir='ltr'><strong>quis</strong></span> <span class='ocrx_word' id='word_1_538' title='bbox 3323 2827 3515 2883; x_wconf 86' lang='lat' dir='ltr'><strong>modus</strong></span> <span class='ocrx_word' id='word_1_539' title='bbox 3568 2827 3620 2880; x_wconf 93' lang='lat' dir='ltr'><strong>in</strong></span> 
     </span>
    </p>
   </div>
   <div class='ocr_carea' id='block_1_73' title="bbox 2045 2910 3623 2989">
    <p class='ocr_par' dir='ltr' id='par_1_73' title="bbox 2045 2910 3623 2989">
     <span class='ocr_line' id='line_1_73' title="bbox 2045 2910 3623 2989; baseline 0.006 -24"><span class='ocrx_word' id='word_1_540' title='bbox 2045 2912 2349 2965; x_wconf 85' lang='lat' dir='ltr'><strong>substantia</strong></span> <span class='ocrx_word' id='word_1_541' title='bbox 2387 2910 2477 2966; x_wconf 91' lang='lat' dir='ltr'><strong>Dei</strong></span> <span class='ocrx_word' id='word_1_542' title='bbox 2509 2913 2767 2969; x_wconf 86' lang='lat' dir='ltr'><strong>resideat.</strong></span> <span class='ocrx_word' id='word_1_543' title='bbox 2802 2915 3058 2984; x_wconf 84' lang='lat' dir='ltr'><strong>ignorant</strong></span> <span class='ocrx_word' id='word_1_544' title='bbox 3085 2919 3228 2972; x_wconf 88' lang='lat' dir='ltr'><strong>enim</strong></span> <span class='ocrx_word' id='word_1_545' title='bbox 3258 2935 3362 2974; x_wconf 90' lang='lat' dir='ltr'><strong>non</strong></span> <span class='ocrx_word' id='word_1_546' title='bbox 3395 2921 3451 2973; x_wconf 94' lang='lat' dir='ltr'><strong>in</strong></span> <span class='ocrx_word' id='word_1_547' title='bbox 3495 2936 3623 2989; x_wconf 85' lang='lat' dir='ltr'><strong>ope-</strong></span> 
     </span>
    </p>
   </div>
   <div class='ocr_carea' id='block_1_74' title="bbox 2045 3004 3621 3081">
    <p class='ocr_par' dir='ltr' id='par_1_74' title="bbox 2045 3004 3621 3081">
     <span class='ocr_line' id='line_1_74' title="bbox 2045 3004 3621 3081; baseline 0.007 -25"><span class='ocrx_word' id='word_1_548' title='bbox 2045 3004 2218 3057; x_wconf 89' lang='lat' dir='ltr'><strong>rando</strong></span> <span class='ocrx_word' id='word_1_549' title='bbox 2256 3013 2310 3058; x_wconf 89' lang='lat' dir='ltr'><strong>et</strong></span> <span class='ocrx_word' id='word_1_550' title='bbox 2341 3005 2396 3058; x_wconf 92' lang='lat' dir='ltr'><strong>in</strong></span> <span class='ocrx_word' id='word_1_551' title='bbox 2431 3007 2775 3074; x_wconf 87' lang='lat' dir='ltr'><strong>operatione,</strong></span> <span class='ocrx_word' id='word_1_552' title='bbox 2816 3007 2910 3061; x_wconf 88' lang='lat' dir='ltr'><strong>sed</strong></span> <span class='ocrx_word' id='word_1_553' title='bbox 2946 3010 2997 3060; x_wconf 90' lang='lat' dir='ltr'><strong>in</strong></span> <span class='ocrx_word' id='word_1_554' title='bbox 3036 3009 3294 3078; x_wconf 88' lang='lat' dir='ltr'><strong>patiendo</strong></span> <span class='ocrx_word' id='word_1_555' title='bbox 3323 3021 3377 3064; x_wconf 90' lang='lat' dir='ltr'><strong>et</strong></span> <span class='ocrx_word' id='word_1_556' title='bbox 3409 3013 3460 3066; x_wconf 92' lang='lat' dir='ltr'><strong>in</strong></span> <span class='ocrx_word' id='word_1_557' title='bbox 3497 3027 3621 3081; x_wconf 85' lang='lat' dir='ltr'><strong>pas-</strong></span> 
     </span>
    </p>
   </div>
   <div class='ocr_carea' id='block_1_75' title="bbox 2049 3096 3619 3172">
    <p class='ocr_par' dir='ltr' id='par_1_75' title="bbox 2049 3096 3619 3172">
     <span class='ocr_line' id='line_1_75' title="bbox 2049 3096 3619 3172; baseline 0.004 -23"><span class='ocrx_word' id='word_1_558' title='bbox 2049 3099 2208 3150; x_wconf 87' lang='lat' dir='ltr'><strong>sione</strong></span> <span class='ocrx_word' id='word_1_559' title='bbox 2240 3096 2355 3149; x_wconf 88' lang='lat' dir='ltr'><strong>lieri</strong></span> <span class='ocrx_word' id='word_1_560' title='bbox 2393 3097 2870 3165; x_wconf 83' lang='lat' dir='ltr'><strong>compositionem.</strong></span> <span class='ocrx_word' id='word_1_561' title='bbox 2905 3100 2975 3154; x_wconf 81' lang='lat' dir='ltr'><strong>At</strong></span> <span class='ocrx_word' id='word_1_562' title='bbox 3007 3098 3152 3156; x_wconf 84' lang='lat' dir='ltr'><strong>Deus</strong></span> <span class='ocrx_word' id='word_1_563' title='bbox 3189 3111 3471 3172; x_wconf 87' lang='lat' dir='ltr'><strong>operatur,</strong></span> <span class='ocrx_word' id='word_1_564' title='bbox 3513 3119 3619 3156; x_wconf 88' lang='lat' dir='ltr'><strong>non</strong></span> 
     </span>
    </p>
   </div>
   <div class='ocr_carea' id='block_1_76' title="bbox 2052 3187 3621 3263">
    <p class='ocr_par' dir='ltr' id='par_1_76' title="bbox 2052 3187 3621 3263">
     <span class='ocr_line' id='line_1_76' title="bbox 2052 3187 3621 3263; baseline 0.005 -22"><span class='ocrx_word' id='word_1_565' title='bbox 2052 3187 2170 3258; x_wconf 87' lang='lat' dir='ltr'><strong>ipse</strong></span> <span class='ocrx_word' id='word_1_566' title='bbox 2199 3188 2435 3255; x_wconf 88' lang='lat' dir='ltr'><strong>patiens,</strong></span> <span class='ocrx_word' id='word_1_567' title='bbox 2466 3203 2570 3242; x_wconf 82' lang='lat' dir='ltr'><strong>nec</strong></span> <span class='ocrx_word' id='word_1_568' title='bbox 2624 3199 2862 3245; x_wconf 86' lang='lat' dir='ltr'><strong>mutatus</strong></span> <span class='ocrx_word' id='word_1_569' title='bbox 2895 3207 2911 3248; x_wconf 86' lang='lat'><strong>:</strong></span> <span class='ocrx_word' id='word_1_570' title='bbox 2939 3205 3045 3246; x_wconf 90' lang='lat' dir='ltr'><strong>non</strong></span> <span class='ocrx_word' id='word_1_571' title='bbox 3095 3193 3258 3262; x_wconf 90' lang='lat' dir='ltr'><strong>igitur</strong></span> <span class='ocrx_word' id='word_1_572' title='bbox 3282 3194 3621 3263; x_wconf 83' lang='lat' dir='ltr'><strong>compositus</strong></span> 
     </span>
    </p>
   </div>
   <div class='ocr_carea' id='block_1_77' title="bbox 2048 3277 3622 3345">
    <p class='ocr_par' dir='ltr' id='par_1_77' title="bbox 2048 3277 3622 3345">
     <span class='ocr_line' id='line_1_77' title="bbox 2048 3277 3622 3345; baseline 0.006 -16"><span class='ocrx_word' id='word_1_573' title='bbox 2048 3279 2154 3329; x_wconf 88' lang='lat' dir='ltr'><strong>erit</strong></span> <span class='ocrx_word' id='word_1_574' title='bbox 2177 3284 2398 3343; x_wconf 87' lang='lat' dir='ltr'><strong>prepter</strong></span> <span class='ocrx_word' id='word_1_575' title='bbox 2421 3277 2817 3345; x_wconf 83' lang='lat' dir='ltr'><strong>operationem.</strong></span> <span class='ocrx_word' id='word_1_576' title='bbox 2843 3279 2912 3334; x_wconf 88' lang='lat' dir='ltr'><strong>Et</strong></span> <span class='ocrx_word' id='word_1_577' title='bbox 2944 3281 3264 3336; x_wconf 84' lang='lat' dir='ltr'><strong>relationem</strong></span> <span class='ocrx_word' id='word_1_578' title='bbox 3290 3282 3450 3336; x_wconf 86' lang='lat' dir='ltr'><strong>habet</strong></span> <span class='ocrx_word' id='word_1_579' title='bbox 3478 3284 3622 3339; x_wconf 88' lang='lat' dir='ltr'><strong>Deus</strong></span> 
     </span>
    </p>
   </div>
   <div class='ocr_carea' id='block_1_78' title="bbox 2047 3367 3621 3442">
    <p class='ocr_par' dir='ltr' id='par_1_78' title="bbox 2047 3367 3621 3442">
     <span class='ocr_line' id='line_1_78' title="bbox 2047 3367 3621 3442; baseline 0.006 -23"><span class='ocrx_word' id='word_1_580' title='bbox 2047 3367 2115 3420; x_wconf 90' lang='lat' dir='ltr'><strong>ad</strong></span> <span class='ocrx_word' id='word_1_581' title='bbox 2149 3377 2480 3433; x_wconf 82' lang='lat' dir='ltr'><strong>creaturam,</strong></span> <span class='ocrx_word' id='word_1_582' title='bbox 2533 3379 2719 3437; x_wconf 87' lang='lat' dir='ltr'><strong>utpote</strong></span> <span class='ocrx_word' id='word_1_583' title='bbox 2763 3371 2922 3440; x_wconf 82' lang='lat' dir='ltr'><strong>hujus</strong></span> <span class='ocrx_word' id='word_1_584' title='bbox 2968 3373 3293 3442; x_wconf 86' lang='lat' dir='ltr'><strong>principium</strong></span> <span class='ocrx_word' id='word_1_585' title='bbox 3341 3382 3396 3428; x_wconf 89' lang='lat' dir='ltr'><strong>et</strong></span> <span class='ocrx_word' id='word_1_586' title='bbox 3443 3373 3621 3429; x_wconf 78' lang='lat' dir='ltr'><strong>Domi-</strong></span> 
     </span>
    </p>
   </div>
   <div class='ocr_carea' id='block_1_79' title="bbox 2046 3455 3614 3529">
    <p class='ocr_par' dir='ltr' id='par_1_79' title="bbox 2046 3455 3614 3529">
     <span class='ocr_line' id='line_1_79' title="bbox 2046 3455 3614 3529; baseline 0.006 -20"><span class='ocrx_word' id='word_1_587' title='bbox 2046 3469 2167 3520; x_wconf 89' lang='lat' dir='ltr'><strong>nus,</strong></span> <span class='ocrx_word' id='word_1_588' title='bbox 2202 3455 2295 3511; x_wconf 86' lang='lat' dir='ltr'><strong>sed</strong></span> <span class='ocrx_word' id='word_1_589' title='bbox 2330 3471 2441 3512; x_wconf 86' lang='lat' dir='ltr'><strong>non</strong></span> <span class='ocrx_word' id='word_1_590' title='bbox 2498 3459 2622 3513; x_wconf 89' lang='lat' dir='ltr'><strong>ideo</strong></span> <span class='ocrx_word' id='word_1_591' title='bbox 2650 3461 2918 3515; x_wconf 84' lang='lat' dir='ltr'><strong>ereautris</strong></span> <span class='ocrx_word' id='word_1_592' title='bbox 2951 3476 3365 3517; x_wconf 78' lang='lat' dir='ltr'><strong>annumeratur.</strong></span> <span class='ocrx_word' id='word_1_593' title='bbox 3402 3465 3614 3529; x_wconf 79' lang='lat' dir='ltr'><strong>Adhuc,</strong></span> 
     </span>
    </p>
   </div>
   <div class='ocr_carea' id='block_1_80' title="bbox 2045 3549 3618 3624">
    <p class='ocr_par' dir='ltr' id='par_1_80' title="bbox 2045 3549 3618 3624">
     <span class='ocr_line' id='line_1_80' title="bbox 2045 3549 3618 3624; baseline 0.006 -21"><span class='ocrx_word' id='word_1_594' title='bbox 2045 3549 2318 3619; x_wconf 74' lang='lat' dir='ltr'><strong>quomodo</strong></span> <span class='ocrx_word' id='word_1_595' title='bbox 2347 3551 2506 3607; x_wconf 84' lang='lat' dir='ltr'><strong>multi</strong></span> <span class='ocrx_word' id='word_1_596' title='bbox 2535 3561 2696 3607; x_wconf 83' lang='lat' dir='ltr'><strong>erunt</strong></span> <span class='ocrx_word' id='word_1_597' title='bbox 2721 3551 2798 3608; x_wconf 90' lang='lat' dir='ltr'><strong>dii</strong></span> <span class='ocrx_word' id='word_1_598' title='bbox 2850 3568 2917 3608; x_wconf 79' lang='lat' dir='ltr'><strong>ex</strong></span> <span class='ocrx_word' id='word_1_599' title='bbox 2959 3568 3028 3608; x_wconf 89' lang='lat' dir='ltr'><strong>eo</strong></span> <span class='ocrx_word' id='word_1_600' title='bbox 3069 3556 3214 3624; x_wconf 86' lang='lat' dir='ltr'><strong>quod</strong></span> <span class='ocrx_word' id='word_1_601' title='bbox 3265 3556 3426 3612; x_wconf 85' lang='lat' dir='ltr'><strong>habet</strong></span> <span class='ocrx_word' id='word_1_602' title='bbox 3475 3558 3618 3612; x_wconf 86' lang='lat' dir='ltr'><strong>Deus</strong></span> 
     </span>
    </p>
   </div>
   <div class='ocr_carea' id='block_1_81' title="bbox 2042 3642 3620 3718">
    <p class='ocr_par' dir='ltr' id='par_1_81' title="bbox 2042 3642 3620 3718">
     <span class='ocr_line' id='line_1_81' title="bbox 2042 3642 3620 3718; baseline 0.004 -22"><span class='ocrx_word' id='word_1_603' title='bbox 2042 3643 2440 3710; x_wconf 86' lang='lat' dir='ltr'><strong>operationem,</strong></span> <span class='ocrx_word' id='word_1_604' title='bbox 2475 3642 2740 3712; x_wconf 82' lang='lat' dir='ltr'><strong>siquidem</strong></span> <span class='ocrx_word' id='word_1_605' title='bbox 2777 3645 2937 3700; x_wconf 91' lang='lat' dir='ltr'><strong>unius</strong></span> <span class='ocrx_word' id='word_1_606' title='bbox 2975 3653 3106 3700; x_wconf 88' lang='lat' dir='ltr'><strong>sunt</strong></span> <span class='ocrx_word' id='word_1_607' title='bbox 3148 3646 3262 3708; x_wconf 89' lang='lat' dir='ltr'><strong>Dei.</strong></span> <span class='ocrx_word' id='word_1_608' title='bbox 3302 3662 3400 3703; x_wconf 89' lang='lat' dir='ltr'><strong>seu</strong></span> <span class='ocrx_word' id='word_1_609' title='bbox 3434 3651 3620 3718; x_wconf 80' lang='lat' dir='ltr'><strong>potius</strong></span> 
     </span>
    </p>
   </div>
   <div class='ocr_carea' id='block_1_82' title="bbox 2043 3733 3618 3809">
    <p class='ocr_par' dir='ltr' id='par_1_82' title="bbox 2043 3733 3618 3809">
     <span class='ocr_line' id='line_1_82' title="bbox 2043 3733 3618 3809; baseline 0.006 -22"><span class='ocrx_word' id='word_1_610' title='bbox 2043 3748 2186 3789; x_wconf 89' lang='lat' dir='ltr'><strong>unus</strong></span> <span class='ocrx_word' id='word_1_611' title='bbox 2213 3744 2342 3790; x_wconf 89' lang='lat' dir='ltr'><strong>sunt</strong></span> <span class='ocrx_word' id='word_1_612' title='bbox 2367 3733 2531 3801; x_wconf 88' lang='lat' dir='ltr'><strong>Deus,</strong></span> <span class='ocrx_word' id='word_1_613' title='bbox 2555 3735 2742 3791; x_wconf 88' lang='lat' dir='ltr'><strong>divina</strong></span> <span class='ocrx_word' id='word_1_614' title='bbox 2768 3737 3004 3793; x_wconf 86' lang='lat' dir='ltr'><strong>essentia</strong></span> <span class='ocrx_word' id='word_1_615' title='bbox 3036 3747 3091 3793; x_wconf 91' lang='lat' dir='ltr'><strong>et</strong></span> <span class='ocrx_word' id='word_1_616' title='bbox 3111 3737 3292 3793; x_wconf 91' lang='lat' dir='ltr'><strong>divina</strong></span> <span class='ocrx_word' id='word_1_617' title='bbox 3334 3742 3618 3809; x_wconf 72' lang='lat' dir='ltr'><strong>operatio!</strong></span> 
     </span>
    </p>
   </div>
   <div class='ocr_carea' id='block_1_83' title="bbox 2039 3826 3485 3901">
    <p class='ocr_par' dir='ltr' id='par_1_83' title="bbox 2039 3826 3485 3901">
     <span class='ocr_line' id='line_1_83' title="bbox 2039 3826 3485 3901; baseline 0.005 -19"><span class='ocrx_word' id='word_1_618' title='bbox 2039 3826 2358 3884; x_wconf 86' lang='lat' dir='ltr'><strong>Clarissime</strong></span> <span class='ocrx_word' id='word_1_619' title='bbox 2384 3828 2553 3901; x_wconf 76' lang='lat' dir='ltr'><strong>igitur</strong></span> <span class='ocrx_word' id='word_1_620' title='bbox 2577 3830 2633 3886; x_wconf 89' lang='lat' dir='ltr'><strong>iu</strong></span> <span class='ocrx_word' id='word_1_621' title='bbox 2665 3831 2770 3886; x_wconf 85' lang='lat' dir='ltr'><strong>hoc</strong></span> <span class='ocrx_word' id='word_1_622' title='bbox 2801 3829 3036 3886; x_wconf 88' lang='lat' dir='ltr'><strong>delirant</strong></span> <span class='ocrx_word' id='word_1_623' title='bbox 3063 3830 3152 3886; x_wconf 86' lang='lat' dir='ltr'><strong>isti</strong></span> <span class='ocrx_word' id='word_1_624' title='bbox 3184 3832 3485 3890; x_wconf 82' lang='lat' dir='ltr'><strong>dementes.</strong></span> 
     </span>
    </p>
   </div>
   <div class='ocr_carea' id='block_1_84' title="bbox 2113 4102 3614 4185">
    <p class='ocr_par' dir='ltr' id='par_1_84' title="bbox 2113 4102 3614 4185">
     <span class='ocr_line' id='line_1_84' title="bbox 2113 4102 3614 4185; baseline 0.009 -27"><span class='ocrx_word' id='word_1_625' title='bbox 2113 4102 2240 4159; x_wconf 73' lang='grc' dir='ltr'>ιω.</span> <span class='ocrx_word' id='word_1_626' title='bbox 2267 4103 2564 4176; x_wconf 83' lang='lat' dir='ltr'><strong>Postquam</strong></span> <span class='ocrx_word' id='word_1_627' title='bbox 2596 4107 2814 4163; x_wconf 78' lang='lat' dir='ltr'><strong>dixerat</strong></span> <span class='ocrx_word' id='word_1_628' title='bbox 2839 4107 3100 4166; x_wconf 86' lang='lat' dir='ltr'><strong>Dominus</strong></span> <span class='ocrx_word' id='word_1_629' title='bbox 3131 4110 3247 4167; x_wconf 85' lang='lat' dir='ltr'><strong>suis</strong></span> <span class='ocrx_word' id='word_1_630' title='bbox 3282 4111 3565 4185; x_wconf 82' lang='lat' dir='ltr'><strong>discipulis</strong></span> <span class='ocrx_word' id='word_1_631' title='bbox 3596 4129 3614 4171; x_wconf 89' lang='lat'><strong>:</strong></span> 
     </span>
    </p>
   </div>
   <div class='ocr_carea' id='block_1_85' title="bbox 2047 4194 3616 4276">
    <p class='ocr_par' dir='ltr' id='par_1_85' title="bbox 2047 4194 3616 4276">
     <span class='ocr_line' id='line_1_85' title="bbox 2047 4194 3616 4276; baseline 0.007 -26"><span class='ocrx_word' id='word_1_632' title='bbox 2047 4214 2065 4247; x_wconf 78' lang='grc' dir='ltr'><strong>ι</strong></span> <span class='ocrx_word' id='word_1_633' title='bbox 2099 4194 2239 4252; x_wconf 85' lang='lat' dir='ltr'><strong>Sunt</strong></span> <span class='ocrx_word' id='word_1_634' title='bbox 2263 4197 2482 4268; x_wconf 88' lang='lat' dir='ltr'><strong>quidam</strong></span> <span class='ocrx_word' id='word_1_635' title='bbox 2517 4199 2586 4254; x_wconf 87' lang='lat' dir='ltr'><strong>de</strong></span> <span class='ocrx_word' id='word_1_636' title='bbox 2613 4199 2705 4254; x_wconf 90' lang='lat' dir='ltr'><strong>hic</strong></span> <span class='ocrx_word' id='word_1_637' title='bbox 2733 4202 3028 4267; x_wconf 84' lang='lat' dir='ltr'><strong>stantibus,</strong></span> <span class='ocrx_word' id='word_1_638' title='bbox 3061 4203 3151 4272; x_wconf 89' lang='lat' dir='ltr'><strong>qui</strong></span> <span class='ocrx_word' id='word_1_639' title='bbox 3178 4219 3286 4258; x_wconf 90' lang='lat' dir='ltr'><strong>non</strong></span> <span class='ocrx_word' id='word_1_640' title='bbox 3320 4209 3616 4276; x_wconf 73' lang='lat' dir='ltr'><strong>gustabunt</strong></span> 
     </span>
    </p>
   </div>
   <div class='ocr_carea' id='block_1_86' title="bbox 2039 4293 3612 4364">
    <p class='ocr_par' dir='ltr' id='par_1_86' title="bbox 2039 4293 3612 4364">
     <span class='ocr_line' id='line_1_86' title="bbox 2039 4293 3612 4364; baseline 0.007 -20"><span class='ocrx_word' id='word_1_641' title='bbox 2039 4302 2292 4355; x_wconf 86' lang='lat' dir='ltr'><strong>mortem,</strong></span> <span class='ocrx_word' id='word_1_642' title='bbox 2333 4293 2508 4350; x_wconf 82' lang='lat' dir='ltr'><strong>donec</strong></span> <span class='ocrx_word' id='word_1_643' title='bbox 2529 4293 2752 4348; x_wconf 84' lang='lat' dir='ltr'><strong>videant</strong></span> <span class='ocrx_word' id='word_1_644' title='bbox 2779 4307 3004 4364; x_wconf 87' lang='lat' dir='ltr'><strong>regnum</strong></span> <span class='ocrx_word' id='word_1_645' title='bbox 3044 4294 3140 4351; x_wconf 89' lang='lat' dir='ltr'><strong>Dei</strong></span> <span class='ocrx_word' id='word_1_646' title='bbox 3164 4297 3392 4353; x_wconf 79' lang='lat' dir='ltr'><strong>veniens</strong></span> <span class='ocrx_word' id='word_1_647' title='bbox 3423 4299 3476 4354; x_wconf 87' lang='lat' dir='ltr'><strong>in</strong></span> <span class='ocrx_word' id='word_1_648' title='bbox 3506 4302 3612 4355; x_wconf 75' lang='lat' dir='ltr'><strong>vir-</strong></span> 
     </span>
    </p>
   </div>
   <div class='ocr_carea' id='block_1_87' title="bbox 2040 4382 3606 4456">
    <p class='ocr_par' dir='ltr' id='par_1_87' title="bbox 2040 4382 3606 4456">
     <span class='ocr_line' id='line_1_87' title="bbox 2040 4382 3606 4456; baseline 0.003 -18"><span class='ocrx_word' id='word_1_649' title='bbox 2040 4393 2152 4438; x_wconf 91' lang='lat' dir='ltr'><strong>tute</strong></span> <span class='ocrx_word' id='word_1_650' title='bbox 2167 4382 2240 4450; x_wconf 80' lang='lat'><strong>&quot;;</strong></span> <span class='ocrx_word' id='word_1_651' title='bbox 2267 4387 2397 4454; x_wconf 88' lang='lat' dir='ltr'><strong>post</strong></span> <span class='ocrx_word' id='word_1_652' title='bbox 2413 4383 2530 4440; x_wconf 88' lang='lat' dir='ltr'><strong>dies</strong></span> <span class='ocrx_word' id='word_1_653' title='bbox 2547 4400 2640 4440; x_wconf 79' lang='lat' dir='ltr'><strong>sex</strong></span> <span class='ocrx_word' id='word_1_654' title='bbox 2661 4401 2943 4442; x_wconf 87' lang='lat' dir='ltr'><strong>assumens</strong></span> <span class='ocrx_word' id='word_1_655' title='bbox 2963 4385 3202 4451; x_wconf 89' lang='lat' dir='ltr'><strong>Petrum,</strong></span> <span class='ocrx_word' id='word_1_656' title='bbox 3232 4399 3286 4443; x_wconf 90' lang='lat' dir='ltr'><strong>et</strong></span> <span class='ocrx_word' id='word_1_657' title='bbox 3311 4388 3606 4456; x_wconf 81' lang='lat' dir='ltr'><strong>Joannem,</strong></span> 
     </span>
    </p>
   </div>
   <div class='ocr_carea' id='block_1_88' title="bbox 365 4470 1950 4557">
    <p class='ocr_par' dir='ltr' id='par_1_88' title="bbox 365 4470 1944 4557">
     <span class='ocr_line' id='line_1_88' title="bbox 365 4470 1944 4557; baseline 0.011 -37"><span class='ocrx_word' id='word_1_658' title='bbox 365 4470 697 4539; x_wconf 77' lang='grc' dir='ltr'>παραλαϐὼν</span> <span class='ocrx_word' id='word_1_659' title='bbox 717 4473 809 4525; x_wconf 90' lang='grc' dir='ltr'><strong>τὸν</strong></span> <span class='ocrx_word' id='word_1_660' title='bbox 837 4475 1068 4546; x_wconf 82' lang='grc' dir='ltr'>Πέτρον,</span> <span class='ocrx_word' id='word_1_661' title='bbox 1097 4479 1193 4530; x_wconf 76' lang='grc' dir='ltr'>καὶ</span> <span class='ocrx_word' id='word_1_662' title='bbox 1239 4479 1521 4545; x_wconf 72' lang='grc' dir='ltr'>Ἰάκωϐον,</span> <span class='ocrx_word' id='word_1_663' title='bbox 1553 4481 1648 4534; x_wconf 75' lang='grc' dir='ltr'>καὶ</span> <span class='ocrx_word' id='word_1_664' title='bbox 1687 4482 1944 4557; x_wconf 85' lang='grc' dir='ltr'>Ἰωάννην</span> 
     </span>
    </p>
   </div>
   <div class='ocr_carea' id='block_1_89' title="bbox 2047 4470 3610 4557">
    <p class='ocr_par' dir='ltr' id='par_1_89' title="bbox 2047 4477 3610 4551">
     <span class='ocr_line' id='line_1_89' title="bbox 2047 4477 3610 4551; baseline 0.003 -19"><span class='ocrx_word' id='word_1_665' title='bbox 2047 4487 2090 4532; x_wconf 74' lang='lat' dir='ltr'><strong>et</strong></span> <span class='ocrx_word' id='word_1_666' title='bbox 2121 4477 2424 4535; x_wconf 86' lang='lat' dir='ltr'><strong>ascendens</strong></span> <span class='ocrx_word' id='word_1_667' title='bbox 2458 4478 2511 4533; x_wconf 91' lang='lat' dir='ltr'><strong>in</strong></span> <span class='ocrx_word' id='word_1_668' title='bbox 2545 4489 2783 4534; x_wconf 84' lang='lat' dir='ltr'><strong>montem</strong></span> <span class='ocrx_word' id='word_1_669' title='bbox 2814 4479 3055 4548; x_wconf 86' lang='lat' dir='ltr'><strong>Thabor,</strong></span> <span class='ocrx_word' id='word_1_670' title='bbox 3091 4483 3425 4551; x_wconf 88' lang='lat' dir='ltr'><strong>respleuduit</strong></span> <span class='ocrx_word' id='word_1_671' title='bbox 3461 4484 3610 4540; x_wconf 87' lang='lat' dir='ltr'><strong>sicut</strong></span> 
     </span>
    </p>
   </div>
   <div class='ocr_carea' id='block_1_90' title="bbox 363 4559 1943 4643">
    <p class='ocr_par' dir='ltr' id='par_1_90' title="bbox 363 4559 1943 4643">
     <span class='ocr_line' id='line_1_90' title="bbox 363 4559 1943 4643; baseline 0.011 -33"><span class='ocrx_word' id='word_1_672' title='bbox 363 4559 458 4611; x_wconf 79' lang='grc' dir='ltr'>καὶ</span> <span class='ocrx_word' id='word_1_673' title='bbox 487 4561 567 4623; x_wconf 86' lang='grc' dir='ltr'>εἰς</span> <span class='ocrx_word' id='word_1_674' title='bbox 608 4563 668 4614; x_wconf 88' lang='grc' dir='ltr'><strong>τὸ</strong></span> <span class='ocrx_word' id='word_1_675' title='bbox 712 4563 995 4636; x_wconf 78' lang='grc' dir='ltr'>Θαὸώριον</span> <span class='ocrx_word' id='word_1_676' title='bbox 1040 4567 1165 4638; x_wconf 75' lang='grc' dir='ltr'>ὅρος</span> <span class='ocrx_word' id='word_1_677' title='bbox 1211 4569 1452 4624; x_wconf 80' lang='grc' dir='ltr'>ἀνελθὼν</span> <span class='ocrx_word' id='word_1_678' title='bbox 1500 4571 1742 4643; x_wconf 73' lang='grc' dir='ltr'>ελαμψεν</span> <span class='ocrx_word' id='word_1_679' title='bbox 1800 4574 1877 4638; x_wconf 85' lang='grc' dir='ltr'>ὠς</span> <span class='ocrx_word' id='word_1_680' title='bbox 1912 4575 1943 4627; x_wconf 80' lang='grc' dir='ltr'><strong>ὁ</strong></span> 
     </span>
    </p>
   </div>
   <div class='ocr_carea' id='block_1_91' title="bbox 361 4649 1942 4728">
    <p class='ocr_par' dir='ltr' id='par_1_91' title="bbox 361 4649 1942 4728">
     <span class='ocr_line' id='line_1_91' title="bbox 361 4649 1942 4728; baseline 0.01 -27"><span class='ocrx_word' id='word_1_681' title='bbox 361 4649 513 4716; x_wconf 70' lang='grc' dir='ltr'>ἥλιος</span> <span class='ocrx_word' id='word_1_682' title='bbox 541 4665 554 4681; x_wconf 74' lang='grc'><strong><em>⁸</em></strong></span> <span class='ocrx_word' id='word_1_683' title='bbox 583 4653 682 4705; x_wconf 69' lang='grc' dir='ltr'>καὶ</span> <span class='ocrx_word' id='word_1_684' title='bbox 720 4654 790 4707; x_wconf 81' lang='grc' dir='ltr'>τὰ</span> <span class='ocrx_word' id='word_1_685' title='bbox 839 4655 1031 4723; x_wconf 80' lang='grc' dir='ltr'>ἱμάτια</span> <span class='ocrx_word' id='word_1_686' title='bbox 1074 4654 1243 4711; x_wconf 78' lang='grc' dir='ltr'>αὐτοῦ</span> <span class='ocrx_word' id='word_1_687' title='bbox 1292 4660 1510 4728; x_wconf 70' lang='grc' dir='ltr'>ἐγένετο</span> <span class='ocrx_word' id='word_1_688' title='bbox 1563 4661 1734 4716; x_wconf 81' lang='grc' dir='ltr'>λευκὰ</span> <span class='ocrx_word' id='word_1_689' title='bbox 1771 4662 1848 4727; x_wconf 85' lang='grc' dir='ltr'>ὡς</span> <span class='ocrx_word' id='word_1_690' title='bbox 1879 4665 1942 4718; x_wconf 88' lang='grc' dir='ltr'><strong>τὸ</strong></span> 
     </span>
    </p>
   </div>
   <div class='ocr_carea' id='block_1_92' title="bbox 365 4740 1938 4822">
    <p class='ocr_par' dir='ltr' id='par_1_92' title="bbox 365 4740 1938 4822">
     <span class='ocr_line' id='line_1_92' title="bbox 365 4740 1938 4822; baseline 0.011 -30"><span class='ocrx_word' id='word_1_691' title='bbox 365 4740 478 4805; x_wconf 73' lang='grc' dir='ltr'>φῶς</span> <span class='ocrx_word' id='word_1_692' title='bbox 510 4757 524 4772; x_wconf 72' lang='grc' dir='ltr'><strong><em>ο</em></strong></span> <span class='ocrx_word' id='word_1_693' title='bbox 573 4743 634 4794; x_wconf 82' lang='grc' dir='ltr'><strong>ού</strong></span> <span class='ocrx_word' id='word_1_694' title='bbox 698 4746 809 4814; x_wconf 84' lang='grc' dir='ltr'>γὰρ</span> <span class='ocrx_word' id='word_1_695' title='bbox 863 4745 1128 4815; x_wconf 69' lang='grc' dir='ltr'>ἠδύναντο</span> <span class='ocrx_word' id='word_1_696' title='bbox 1191 4751 1390 4804; x_wconf 68' lang='grc' dir='ltr'>ἐκεῖνοι</span> <span class='ocrx_word' id='word_1_697' title='bbox 1451 4751 1674 4822; x_wconf 72' lang='grc' dir='ltr'>βλέπειν</span> <span class='ocrx_word' id='word_1_698' title='bbox 1735 4754 1898 4809; x_wconf 84' lang='grc' dir='ltr'>πλέον</span> <span class='ocrx_word' id='word_1_699' title='bbox 1922 4771 1938 4786; x_wconf 88' lang='grc'><strong>·</strong></span> 
     </span>
    </p>
   </div>
   <div class='ocr_carea' id='block_1_93' title="bbox 367 4835 1942 4923">
    <p class='ocr_par' dir='ltr' id='par_1_93' title="bbox 367 4835 1942 4923">
     <span class='ocr_line' id='line_1_93' title="bbox 367 4835 1942 4923; baseline 0.012 -36"><span class='ocrx_word' id='word_1_700' title='bbox 367 4835 567 4903; x_wconf 76' lang='grc' dir='ltr'>μᾶλλον</span> <span class='ocrx_word' id='word_1_701' title='bbox 593 4837 650 4889; x_wconf 71' lang='grc' dir='ltr'>δὲ</span> <span class='ocrx_word' id='word_1_702' title='bbox 677 4839 772 4891; x_wconf 77' lang='grc' dir='ltr'>καὶ</span> <span class='ocrx_word' id='word_1_703' title='bbox 800 4839 939 4910; x_wconf 84' lang='grc' dir='ltr'>πρὸς</span> <span class='ocrx_word' id='word_1_704' title='bbox 971 4843 1070 4913; x_wconf 77' lang='grc' dir='ltr'>τὴν</span> <span class='ocrx_word' id='word_1_705' title='bbox 1105 4843 1314 4916; x_wconf 74' lang='grc' dir='ltr'>λάμψιν</span> <span class='ocrx_word' id='word_1_706' title='bbox 1359 4848 1567 4920; x_wconf 82' lang='grc' dir='ltr'>ταύτην</span> <span class='ocrx_word' id='word_1_707' title='bbox 1597 4852 1699 4904; x_wconf 69' lang='lat' dir='ltr'><strong>oin:</strong></span> <span class='ocrx_word' id='word_1_708' title='bbox 1728 4851 1942 4923; x_wconf 86' lang='grc' dir='ltr'>ίσχύον-</span> 
     </span>
    </p>
   </div>
   <div class='ocr_carea' id='block_1_94' title="bbox 364 4929 1940 5013">
    <p class='ocr_par' dir='ltr' id='par_1_94' title="bbox 364 4929 1940 5013">
     <span class='ocr_line' id='line_1_94' title="bbox 364 4929 1940 5013; baseline 0.014 -35"><span class='ocrx_word' id='word_1_709' title='bbox 364 4943 450 4989; x_wconf 82' lang='grc' dir='ltr'><strong>τες</strong></span> <span class='ocrx_word' id='word_1_710' title='bbox 487 4929 777 4996; x_wconf 72' lang='grc' dir='ltr'>ἁτενίζειν,</span> <span class='ocrx_word' id='word_1_711' title='bbox 809 4937 1037 5003; x_wconf 86' lang='grc' dir='ltr'>πρηνεῖς</span> <span class='ocrx_word' id='word_1_712' title='bbox 1087 4937 1168 4998; x_wconf 83' lang='grc' dir='ltr'><strong>είς</strong></span> <span class='ocrx_word' id='word_1_713' title='bbox 1217 4939 1322 5008; x_wconf 81' lang='grc' dir='ltr'>γῆν</span> <span class='ocrx_word' id='word_1_714' title='bbox 1368 4941 1690 4997; x_wconf 85' lang='grc' dir='ltr'>κατέπεσον.</span> <span class='ocrx_word' id='word_1_715' title='bbox 1749 4943 1940 5013; x_wconf 86' lang='grc' dir='ltr'>Ὅμως</span> 
     </span>
    </p>
   </div>
   <div class='ocr_carea' id='block_1_95' title="bbox 365 5017 1967 5107">
    <p class='ocr_par' dir='ltr' id='par_1_95' title="bbox 365 5017 1967 5107">
     <span class='ocr_line' id='line_1_95' title="bbox 365 5017 1967 5107; baseline 0.011 -35"><span class='ocrx_word' id='word_1_716' title='bbox 365 5017 528 5087; x_wconf 70' lang='grc' dir='ltr'>εἶδον,</span> <span class='ocrx_word' id='word_1_717' title='bbox 567 5024 709 5076; x_wconf 84' lang='grc' dir='ltr'>κατὰ</span> <span class='ocrx_word' id='word_1_718' title='bbox 745 5025 846 5095; x_wconf 77' lang='grc' dir='ltr'>τὴν</span> <span class='ocrx_word' id='word_1_719' title='bbox 875 5027 1209 5094; x_wconf 85' lang='grc' dir='ltr'>ἐπαγγελίαν</span> <span class='ocrx_word' id='word_1_720' title='bbox 1240 5030 1336 5083; x_wconf 86' lang='grc' dir='ltr'><strong>τοῦ</strong></span> <span class='ocrx_word' id='word_1_721' title='bbox 1385 5033 1655 5104; x_wconf 80' lang='grc' dir='ltr'>Σωτῆρος,</span> <span class='ocrx_word' id='word_1_722' title='bbox 1700 5034 1800 5107; x_wconf 77' lang='grc' dir='ltr'>τὴν</span> <span class='ocrx_word' id='word_1_723' title='bbox 1852 5036 1967 5107; x_wconf 74' lang='grc' dir='ltr'><strong>βα-⁴</strong></span> 
     </span>
    </p>
   </div>
   <div class='ocr_carea' id='block_1_96' title="bbox 367 5113 1943 5202">
    <p class='ocr_par' dir='ltr' id='par_1_96' title="bbox 367 5113 1943 5202">
     <span class='ocr_line' id='line_1_96' title="bbox 367 5113 1943 5202; baseline 0.013 -38"><span class='ocrx_word' id='word_1_724' title='bbox 367 5113 570 5167; x_wconf 74' lang='grc' dir='ltr'>σιλείαν</span> <span class='ocrx_word' id='word_1_725' title='bbox 594 5115 688 5168; x_wconf 86' lang='grc' dir='ltr'><strong>τοῦ</strong></span> <span class='ocrx_word' id='word_1_726' title='bbox 717 5117 876 5184; x_wconf 78' lang='grc' dir='ltr'>Θεοῦ,</span> <span class='ocrx_word' id='word_1_727' title='bbox 930 5120 990 5172; x_wconf 86' lang='grc' dir='ltr'><strong>τὸ</strong></span> <span class='ocrx_word' id='word_1_728' title='bbox 1047 5121 1228 5174; x_wconf 87' lang='grc' dir='ltr'>θεῖκὸν</span> <span class='ocrx_word' id='word_1_729' title='bbox 1283 5125 1458 5178; x_wconf 70' lang='grc' dir='ltr'>ἐκεῖνο</span> <span class='ocrx_word' id='word_1_730' title='bbox 1509 5129 1604 5180; x_wconf 77' lang='grc' dir='ltr'>καὶ</span> <span class='ocrx_word' id='word_1_731' title='bbox 1631 5129 1943 5202; x_wconf 74' lang='grc' dir='ltr'>ἀπόρρητον</span> 
     </span>
    </p>
   </div>
   <div class='ocr_carea' id='block_1_97' title="bbox 367 5204 1939 5290">
    <p class='ocr_par' dir='ltr' id='par_1_97' title="bbox 367 5204 1939 5290">
     <span class='ocr_line' id='line_1_97' title="bbox 367 5204 1939 5290; baseline 0.011 -34"><span class='ocrx_word' id='word_1_732' title='bbox 367 5204 520 5272; x_wconf 79' lang='grc' dir='ltr'>φῶς·</span> <span class='ocrx_word' id='word_1_733' title='bbox 573 5205 602 5258; x_wconf 87' lang='grc' dir='ltr'><strong>δ</strong></span> <span class='ocrx_word' id='word_1_734' title='bbox 651 5208 947 5280; x_wconf 88' lang='grc' dir='ltr'>Γρηγόριος</span> <span class='ocrx_word' id='word_1_735' title='bbox 1002 5212 1101 5281; x_wconf 77' lang='grc' dir='ltr'><strong>μὲν</strong></span> <span class='ocrx_word' id='word_1_736' title='bbox 1131 5215 1225 5268; x_wconf 74' lang='grc' dir='ltr'>καὶ</span> <span class='ocrx_word' id='word_1_737' title='bbox 1263 5214 1547 5279; x_wconf 89' lang='grc' dir='ltr'>Βασίλειος</span> <span class='ocrx_word' id='word_1_738' title='bbox 1599 5219 1649 5270; x_wconf 85' lang='grc' dir='ltr'>οἱ</span> <span class='ocrx_word' id='word_1_739' title='bbox 1693 5220 1939 5290; x_wconf 84' lang='grc' dir='ltr'>μεγάλοι,</span> 
     </span>
    </p>
   </div>
   <div class='ocr_carea' id='block_1_98' title="bbox 366 5296 1942 5382">
    <p class='ocr_par' dir='ltr' id='par_1_98' title="bbox 366 5296 1942 5382">
     <span class='ocr_line' id='line_1_98' title="bbox 366 5296 1942 5382; baseline 0.01 -34"><span class='ocrx_word' id='word_1_740' title='bbox 366 5296 595 5366; x_wconf 82' lang='grc' dir='ltr'>θεότητα</span> <span class='ocrx_word' id='word_1_741' title='bbox 661 5302 1155 5371; x_wconf 82' lang='grc' dir='ltr'>προσαγορεύουσι,</span> <span class='ocrx_word' id='word_1_742' title='bbox 1206 5304 1353 5372; x_wconf 77' lang='grc' dir='ltr'>Φῶς,</span> <span class='ocrx_word' id='word_1_743' title='bbox 1379 5306 1648 5374; x_wconf 80' lang='grc' dir='ltr'>λέγοντες,</span> <span class='ocrx_word' id='word_1_744' title='bbox 1691 5311 1723 5382; x_wconf 74' lang='grc' dir='ltr'><strong>ἡ</strong></span> <span class='ocrx_word' id='word_1_745' title='bbox 1759 5327 1942 5382; x_wconf 89' lang='grc' dir='ltr'>παρα-</span> 
     </span>
    </p>
   </div>
   <div class='ocr_carea' id='block_1_99' title="bbox 363 5390 1942 5474">
    <p class='ocr_par' dir='ltr' id='par_1_99' title="bbox 363 5390 1942 5474">
     <span class='ocr_line' id='line_1_99' title="bbox 363 5390 1942 5474; baseline 0.011 -33"><span class='ocrx_word' id='word_1_746' title='bbox 363 5390 641 5460; x_wconf 80' lang='grc' dir='ltr'>δειχθεῖσα</span> <span class='ocrx_word' id='word_1_747' title='bbox 671 5391 861 5464; x_wconf 84' lang='grc' dir='ltr'>θεότης</span> <span class='ocrx_word' id='word_1_748' title='bbox 901 5397 994 5448; x_wconf 69' lang='grc' dir='ltr'><strong>ἐπὶ</strong></span> <span class='ocrx_word' id='word_1_749' title='bbox 1031 5397 1128 5450; x_wconf 88' lang='grc' dir='ltr'><strong>τοῦ</strong></span> <span class='ocrx_word' id='word_1_750' title='bbox 1170 5398 1332 5468; x_wconf 76' lang='grc' dir='ltr'>ὅρους</span> <span class='ocrx_word' id='word_1_751' title='bbox 1363 5404 1476 5466; x_wconf 83' lang='grc' dir='ltr'>τοῖς</span> <span class='ocrx_word' id='word_1_752' title='bbox 1513 5401 1810 5474; x_wconf 85' lang='grc' dir='ltr'>μαθηταῖς,</span> <span class='ocrx_word' id='word_1_753' title='bbox 1849 5405 1942 5458; x_wconf 78' lang='grc' dir='ltr'>καὶ</span> 
     </span>
    </p>
   </div>
   <div class='ocr_carea' id='block_1_100' title="bbox 368 5483 1940 5562">
    <p class='ocr_par' dir='ltr' id='par_1_100' title="bbox 368 5483 1940 5562">
     <span class='ocr_line' id='line_1_100' title="bbox 368 5483 1940 5562; baseline 0.011 -29"><span class='ocrx_word' id='word_1_754' title='bbox 368 5483 559 5546; x_wconf 84' lang='grc' dir='ltr'>κάλλος</span> <span class='ocrx_word' id='word_1_755' title='bbox 588 5483 681 5536; x_wconf 86' lang='grc' dir='ltr'><strong>τοῦ</strong></span> <span class='ocrx_word' id='word_1_756' title='bbox 715 5485 885 5548; x_wconf 81' lang='grc' dir='ltr'>ὅντως</span> <span class='ocrx_word' id='word_1_757' title='bbox 915 5487 1167 5556; x_wconf 78' lang='grc' dir='ltr'>δυνατοῦ,</span> <span class='ocrx_word' id='word_1_758' title='bbox 1201 5493 1234 5561; x_wconf 79' lang='grc' dir='ltr'><strong>ἡ</strong></span> <span class='ocrx_word' id='word_1_759' title='bbox 1285 5493 1448 5562; x_wconf 82' lang='grc' dir='ltr'>νοητὴ</span> <span class='ocrx_word' id='word_1_760' title='bbox 1477 5494 1641 5546; x_wconf 82' lang='grc' dir='ltr'>αὐτοῦ</span> <span class='ocrx_word' id='word_1_761' title='bbox 1673 5497 1766 5548; x_wconf 82' lang='grc' dir='ltr'>καὶ</span> <span class='ocrx_word' id='word_1_762' title='bbox 1806 5496 1940 5550; x_wconf 84' lang='grc' dir='ltr'>θεω-</span> 
     </span>
    </p>
   </div>
   <div class='ocr_carea' id='block_1_101' title="bbox 369 5575 1942 5652">
    <p class='ocr_par' dir='ltr' id='par_1_101' title="bbox 369 5575 1942 5652">
     <span class='ocr_line' id='line_1_101' title="bbox 369 5575 1942 5652; baseline 0.011 -25"><span class='ocrx_word' id='word_1_763' title='bbox 369 5575 508 5646; x_wconf 75' lang='grc' dir='ltr'>ρητὴ</span> <span class='ocrx_word' id='word_1_764' title='bbox 537 5575 751 5646; x_wconf 80' lang='grc' dir='ltr'>θεότης.</span> <span class='ocrx_word' id='word_1_765' title='bbox 788 5579 849 5632; x_wconf 87' lang='lat'><strong>&#39;0</strong></span> <span class='ocrx_word' id='word_1_766' title='bbox 896 5580 1006 5650; x_wconf 80' lang='grc' dir='ltr'>γὰρ</span> <span class='ocrx_word' id='word_1_767' title='bbox 1055 5582 1229 5652; x_wconf 81' lang='grc' dir='ltr'>μέγας</span> <span class='ocrx_word' id='word_1_768' title='bbox 1275 5583 1550 5649; x_wconf 82' lang='grc' dir='ltr'>Βασίλειος</span> <span class='ocrx_word' id='word_1_769' title='bbox 1596 5589 1691 5641; x_wconf 81' lang='grc' dir='ltr'>καὶ</span> <span class='ocrx_word' id='word_1_770' title='bbox 1743 5589 1942 5652; x_wconf 69' lang='grc' dir='ltr'>κάλλος</span> 
     </span>
    </p>
   </div>
   <div class='ocr_carea' id='block_1_102' title="bbox 430 5773 1003 5839">
    <p class='ocr_par' dir='ltr' id='par_1_102' title="bbox 430 5773 1003 5839">
     <span class='ocr_line' id='line_1_102' title="bbox 430 5773 1003 5839; baseline 0.005 -11"><span class='ocrx_word' id='word_1_771' title='bbox 430 5773 473 5808; x_wconf 70' lang='grc'><strong>⁵⁷</strong></span> <span class='ocrx_word' id='word_1_772' title='bbox 506 5775 671 5831; x_wconf 69' lang='lat' dir='ltr'><strong>Marc.</strong></span> <span class='ocrx_word' id='word_1_773' title='bbox 706 5793 819 5839; x_wconf 83' lang='lat' dir='ltr'><strong>vut,</strong></span> <span class='ocrx_word' id='word_1_774' title='bbox 862 5780 949 5833; x_wconf 75' lang='lat'><strong>59.</strong></span> <span class='ocrx_word' id='word_1_775' title='bbox 987 5795 1003 5826; x_wconf 75' lang='grc' dir='ltr'><strong>ι</strong></span> 
     </span>
    </p>
   </div>
   <div class='ocr_carea' id='block_1_103' title="bbox 2036 4569 3614 4640">
    <p class='ocr_par' dir='ltr' id='par_1_103' title="bbox 2036 4569 3614 4640">
     <span class='ocr_line' id='line_1_103' title="bbox 2036 4569 3614 4640; baseline 0.003 -15"><span class='ocrx_word' id='word_1_776' title='bbox 2036 4569 2142 4634; x_wconf 80' lang='lat' dir='ltr'><strong>sol,</strong></span> <span class='ocrx_word' id='word_1_777' title='bbox 2197 4578 2251 4624; x_wconf 86' lang='lat' dir='ltr'><strong>et</strong></span> <span class='ocrx_word' id='word_1_778' title='bbox 2305 4570 2628 4626; x_wconf 86' lang='lat' dir='ltr'><strong>vestimenta</strong></span> <span class='ocrx_word' id='word_1_779' title='bbox 2673 4570 2796 4640; x_wconf 84' lang='lat' dir='ltr'><strong>ejus</strong></span> <span class='ocrx_word' id='word_1_780' title='bbox 2836 4569 2975 4627; x_wconf 85' lang='lat' dir='ltr'><strong>facta</strong></span> <span class='ocrx_word' id='word_1_781' title='bbox 3015 4584 3145 4628; x_wconf 89' lang='lat' dir='ltr'><strong>sunt</strong></span> <span class='ocrx_word' id='word_1_782' title='bbox 3190 4576 3419 4629; x_wconf 87' lang='lat' dir='ltr'><strong>candida</strong></span> <span class='ocrx_word' id='word_1_783' title='bbox 3470 4577 3614 4631; x_wconf 90' lang='lat' dir='ltr'><strong>sicut</strong></span> 
     </span>
    </p>
   </div>
   <div class='ocr_carea' id='block_1_104' title="bbox 2035 4660 3615 4735">
    <p class='ocr_par' dir='ltr' id='par_1_104' title="bbox 2035 4660 3615 4735">
     <span class='ocr_line' id='line_1_104' title="bbox 2035 4660 3615 4735; baseline 0.005 -22"><span class='ocrx_word' id='word_1_784' title='bbox 2035 4660 2170 4727; x_wconf 83' lang='lat' dir='ltr'><strong>lux;</strong></span> <span class='ocrx_word' id='word_1_785' title='bbox 2228 4667 2284 4713; x_wconf 90' lang='lat' dir='ltr'><strong>et</strong></span> <span class='ocrx_word' id='word_1_786' title='bbox 2337 4676 2443 4715; x_wconf 91' lang='lat' dir='ltr'><strong>non</strong></span> <span class='ocrx_word' id='word_1_787' title='bbox 2500 4671 2752 4731; x_wconf 90' lang='lat' dir='ltr'><strong>poterant</strong></span> <span class='ocrx_word' id='word_1_788' title='bbox 2805 4663 2896 4717; x_wconf 88' lang='lat' dir='ltr'><strong>ille</strong></span> <span class='ocrx_word' id='word_1_789' title='bbox 2931 4665 3203 4734; x_wconf 82' lang='lat' dir='ltr'><strong>respicere</strong></span> <span class='ocrx_word' id='word_1_790' title='bbox 3235 4663 3486 4735; x_wconf 91' lang='lat' dir='ltr'><strong>amplius,</strong></span> <span class='ocrx_word' id='word_1_791' title='bbox 3518 4669 3615 4721; x_wconf 88' lang='lat' dir='ltr'><strong>sed</strong></span> 
     </span>
    </p>
   </div>
   <div class='ocr_carea' id='block_1_105' title="bbox 2037 4751 3616 4827">
    <p class='ocr_par' dir='ltr' id='par_1_105' title="bbox 2037 4751 3616 4827">
     <span class='ocr_line' id='line_1_105' title="bbox 2037 4751 3616 4827; baseline 0.004 -21"><span class='ocrx_word' id='word_1_792' title='bbox 2037 4753 2218 4822; x_wconf 85' lang='lat' dir='ltr'><strong>potius</strong></span> <span class='ocrx_word' id='word_1_793' title='bbox 2259 4751 2442 4808; x_wconf 88' lang='lat' dir='ltr'><strong>lumen</strong></span> <span class='ocrx_word' id='word_1_794' title='bbox 2484 4755 2615 4808; x_wconf 91' lang='lat' dir='ltr'><strong>illud</strong></span> <span class='ocrx_word' id='word_1_795' title='bbox 2657 4770 2767 4809; x_wconf 89' lang='lat' dir='ltr'><strong>non</strong></span> <span class='ocrx_word' id='word_1_796' title='bbox 2811 4756 3050 4811; x_wconf 88' lang='lat' dir='ltr'><strong>valentes</strong></span> <span class='ocrx_word' id='word_1_797' title='bbox 3087 4756 3312 4824; x_wconf 91' lang='lat' dir='ltr'><strong>intueri,</strong></span> <span class='ocrx_word' id='word_1_798' title='bbox 3350 4760 3505 4827; x_wconf 90' lang='lat' dir='ltr'><strong>proni</strong></span> <span class='ocrx_word' id='word_1_799' title='bbox 3559 4762 3616 4813; x_wconf 82' lang='lat' dir='ltr'><strong>in</strong></span> 
     </span>
    </p>
   </div>
   <div class='ocr_carea' id='block_1_106' title="bbox 2037 4845 3612 4918">
    <p class='ocr_par' dir='ltr' id='par_1_106' title="bbox 2037 4845 3612 4918">
     <span class='ocr_line' id='line_1_106' title="bbox 2037 4845 3612 4918; baseline 0.003 -20"><span class='ocrx_word' id='word_1_800' title='bbox 2037 4853 2238 4898; x_wconf 84' lang='lat' dir='ltr'><strong>terram</strong></span> <span class='ocrx_word' id='word_1_801' title='bbox 2256 4847 2595 4898; x_wconf 87' lang='lat' dir='ltr'><strong>ceciderunt.</strong></span> <span class='ocrx_word' id='word_1_802' title='bbox 2630 4845 2803 4900; x_wconf 76' lang='lat' dir='ltr'><strong>Simul</strong></span> <span class='ocrx_word' id='word_1_803' title='bbox 2829 4847 3101 4910; x_wconf 80' lang='lat' dir='ltr'><strong>viderunt,</strong></span> <span class='ocrx_word' id='word_1_804' title='bbox 3119 4847 3272 4918; x_wconf 79' lang='lat' dir='ltr'><strong>juxta</strong></span> <span class='ocrx_word' id='word_1_805' title='bbox 3299 4849 3612 4918; x_wconf 88' lang='lat' dir='ltr'><strong>promissio-</strong></span> 
     </span>
    </p>
   </div>
   <div class='ocr_carea' id='block_1_107' title="bbox 2037 4933 3613 5009">
    <p class='ocr_par' dir='ltr' id='par_1_107' title="bbox 2037 4933 3613 5009">
     <span class='ocr_line' id='line_1_107' title="bbox 2037 4933 3613 5009; baseline 0.002 -19"><span class='ocrx_word' id='word_1_806' title='bbox 2037 4950 2165 4990; x_wconf 88' lang='lat' dir='ltr'><strong>nem</strong></span> <span class='ocrx_word' id='word_1_807' title='bbox 2200 4933 2520 4999; x_wconf 80' lang='lat' dir='ltr'><strong>Salvatoris,</strong></span> <span class='ocrx_word' id='word_1_808' title='bbox 2557 4951 2783 5007; x_wconf 83' lang='lat' dir='ltr'><strong>regnum</strong></span> <span class='ocrx_word' id='word_1_809' title='bbox 2807 4935 2927 5002; x_wconf 89' lang='lat' dir='ltr'><strong>Dei,</strong></span> <span class='ocrx_word' id='word_1_810' title='bbox 2952 4938 3195 4993; x_wconf 89' lang='lat' dir='ltr'><strong>divinum</strong></span> <span class='ocrx_word' id='word_1_811' title='bbox 3228 4954 3424 5009; x_wconf 89' lang='lat' dir='ltr'><strong>nempe</strong></span> <span class='ocrx_word' id='word_1_812' title='bbox 3477 4941 3613 4994; x_wconf 83' lang='lat' dir='ltr'><strong>illud</strong></span> 
     </span>
    </p>
   </div>
   <div class='ocr_carea' id='block_1_108' title="bbox 2041 5027 3613 5102">
    <p class='ocr_par' dir='ltr' id='par_1_108' title="bbox 2041 5027 3613 5102">
     <span class='ocr_line' id='line_1_108' title="bbox 2041 5027 3613 5102; baseline 0.003 -19"><span class='ocrx_word' id='word_1_813' title='bbox 2041 5038 2094 5083; x_wconf 79' lang='lat' dir='ltr'><strong>et</strong></span> <span class='ocrx_word' id='word_1_814' title='bbox 2128 5027 2398 5082; x_wconf 77' lang='lat' dir='ltr'><strong>inelfabile</strong></span> <span class='ocrx_word' id='word_1_815' title='bbox 2423 5027 2624 5094; x_wconf 89' lang='lat' dir='ltr'><strong>lutnen,</strong></span> <span class='ocrx_word' id='word_1_816' title='bbox 2656 5029 2804 5097; x_wconf 89' lang='lat' dir='ltr'><strong>quod</strong></span> <span class='ocrx_word' id='word_1_817' title='bbox 2837 5033 3014 5100; x_wconf 89' lang='lat' dir='ltr'><strong>magni</strong></span> <span class='ocrx_word' id='word_1_818' title='bbox 3047 5031 3344 5102; x_wconf 80' lang='lat' dir='ltr'><strong>Gregorius</strong></span> <span class='ocrx_word' id='word_1_819' title='bbox 3373 5041 3428 5088; x_wconf 90' lang='lat' dir='ltr'><strong>et</strong></span> <span class='ocrx_word' id='word_1_820' title='bbox 3463 5031 3613 5087; x_wconf 83' lang='lat' dir='ltr'><strong>Basi-</strong></span> 
     </span>
    </p>
   </div>
   <div class='ocr_carea' id='block_1_109' title="bbox 2039 5118 3605 5189">
    <p class='ocr_par' dir='ltr' id='par_1_109' title="bbox 2039 5118 3605 5189">
     <span class='ocr_line' id='line_1_109' title="bbox 2039 5118 3605 5189; baseline 0.003 -16"><span class='ocrx_word' id='word_1_821' title='bbox 2039 5118 2143 5174; x_wconf 83' lang='lat' dir='ltr'><strong>‘ius</strong></span> <span class='ocrx_word' id='word_1_822' title='bbox 2173 5119 2510 5174; x_wconf 82' lang='lat' dir='ltr'><strong>divinitatem</strong></span> <span class='ocrx_word' id='word_1_823' title='bbox 2545 5121 2842 5189; x_wconf 87' lang='lat' dir='ltr'><strong>appellant,</strong></span> <span class='ocrx_word' id='word_1_824' title='bbox 2871 5121 3118 5177; x_wconf 85' lang='lat' dir='ltr'><strong>dicentes</strong></span> <span class='ocrx_word' id='word_1_825' title='bbox 3147 5141 3161 5177; x_wconf 92' lang='lat'><strong>:</strong></span> <span class='ocrx_word' id='word_1_826' title='bbox 3201 5141 3220 5175; x_wconf 76' lang='grc' dir='ltr'><strong>ι</strong></span> <span class='ocrx_word' id='word_1_827' title='bbox 3260 5124 3464 5178; x_wconf 86' lang='lat' dir='ltr'><strong>Lumen</strong></span> <span class='ocrx_word' id='word_1_828' title='bbox 3515 5136 3605 5178; x_wconf 83' lang='lat' dir='ltr'><strong>est</strong></span> 
     </span>
    </p>
   </div>
   <div class='ocr_carea' id='block_1_110' title="bbox 2039 5212 3608 5286">
    <p class='ocr_par' dir='ltr' id='par_1_110' title="bbox 2039 5212 3608 5286">
     <span class='ocr_line' id='line_1_110' title="bbox 2039 5212 3608 5286; baseline 0.003 -20"><span class='ocrx_word' id='word_1_829' title='bbox 2039 5213 2293 5267; x_wconf 81' lang='lat' dir='ltr'><strong>divinitas</strong></span> <span class='ocrx_word' id='word_1_830' title='bbox 2311 5212 2597 5281; x_wconf 87' lang='lat' dir='ltr'><strong>discipulis</strong></span> <span class='ocrx_word' id='word_1_831' title='bbox 2620 5212 2676 5266; x_wconf 88' lang='lat' dir='ltr'><strong>in</strong></span> <span class='ocrx_word' id='word_1_832' title='bbox 2703 5222 2888 5269; x_wconf 87' lang='lat' dir='ltr'><strong>monte</strong></span> <span class='ocrx_word' id='word_1_833' title='bbox 2910 5214 3274 5281; x_wconf 81' lang='lat' dir='ltr'><strong>manifestata,</strong></span> <span class='ocrx_word' id='word_1_834' title='bbox 3291 5226 3346 5270; x_wconf 90' lang='lat' dir='ltr'><strong>et</strong></span> <span class='ocrx_word' id='word_1_835' title='bbox 3367 5216 3608 5286; x_wconf 51' lang='lat' dir='ltr'><strong>pulchri.</strong></span> 
     </span>
    </p>
   </div>
   <div class='ocr_carea' id='block_1_111' title="bbox 2037 5302 3610 5378">
    <p class='ocr_par' dir='ltr' id='par_1_111' title="bbox 2037 5302 3610 5378">
     <span class='ocr_line' id='line_1_111' title="bbox 2037 5302 3610 5378; baseline 0.001 -19"><span class='ocrx_word' id='word_1_836' title='bbox 2037 5307 2169 5359; x_wconf 87' lang='lat' dir='ltr'><strong>tudo</strong></span> <span class='ocrx_word' id='word_1_837' title='bbox 2217 5302 2641 5374; x_wconf 87' lang='lat' dir='ltr'><strong>Omnipotentis,</strong></span> <span class='ocrx_word' id='word_1_838' title='bbox 2691 5305 3043 5376; x_wconf 88' lang='lat' dir='ltr'><strong>intelligibilis</strong></span> <span class='ocrx_word' id='word_1_839' title='bbox 3099 5307 3222 5378; x_wconf 83' lang='lat' dir='ltr'><strong>ejus</strong></span> <span class='ocrx_word' id='word_1_840' title='bbox 3270 5309 3610 5376; x_wconf 80' lang='lat' dir='ltr'><strong>visibilisque</strong></span> 
     </span>
    </p>
   </div>
   <div class='ocr_carea' id='block_1_112' title="bbox 2035 5395 3602 5465">
    <p class='ocr_par' dir='ltr' id='par_1_112' title="bbox 2035 5395 3602 5465">
     <span class='ocr_line' id='line_1_112' title="bbox 2035 5395 3602 5465; baseline 0.001 -15"><span class='ocrx_word' id='word_1_841' title='bbox 2035 5395 2314 5450; x_wconf 83' lang='lat' dir='ltr'><strong>divinitas.</strong></span> <span class='ocrx_word' id='word_1_842' title='bbox 2353 5413 2372 5447; x_wconf 71' lang='grc' dir='ltr'><strong>ι</strong></span> <span class='ocrx_word' id='word_1_843' title='bbox 2406 5395 2634 5465; x_wconf 77' lang='lat' dir='ltr'><strong>Magnus</strong></span> <span class='ocrx_word' id='word_1_844' title='bbox 2658 5396 2804 5451; x_wconf 87' lang='lat' dir='ltr'><strong>enim</strong></span> <span class='ocrx_word' id='word_1_845' title='bbox 2833 5397 3068 5455; x_wconf 82' lang='lat' dir='ltr'><strong>Basilius</strong></span> <span class='ocrx_word' id='word_1_846' title='bbox 3095 5402 3271 5454; x_wconf 88' lang='lat' dir='ltr'><strong>lucem</strong></span> <span class='ocrx_word' id='word_1_847' title='bbox 3325 5399 3472 5452; x_wconf 87' lang='lat' dir='ltr'><strong>illam</strong></span> <span class='ocrx_word' id='word_1_848' title='bbox 3519 5397 3602 5452; x_wconf 86' lang='lat' dir='ltr'><strong>di-</strong></span> 
     </span>
    </p>
   </div>
   <div class='ocr_carea' id='block_1_113' title="bbox 2035 5487 3605 5557">
    <p class='ocr_par' dir='ltr' id='par_1_113' title="bbox 2035 5487 3605 5557">
     <span class='ocr_line' id='line_1_113' title="bbox 2035 5487 3605 5557; baseline -0.001 -15"><span class='ocrx_word' id='word_1_849' title='bbox 2035 5488 2112 5542; x_wconf 85' lang='lat' dir='ltr'><strong>cit</strong></span> <span class='ocrx_word' id='word_1_850' title='bbox 2135 5501 2258 5542; x_wconf 87' lang='lat' dir='ltr'><strong>esse</strong></span> <span class='ocrx_word' id='word_1_851' title='bbox 2297 5487 2752 5556; x_wconf 84' lang='lat' dir='ltr'><strong>pulchritudinem</strong></span> <span class='ocrx_word' id='word_1_852' title='bbox 2787 5490 2904 5557; x_wconf 86' lang='lat' dir='ltr'><strong>Dei,</strong></span> <span class='ocrx_word' id='word_1_853' title='bbox 2933 5491 3066 5546; x_wconf 84' lang='lat' dir='ltr'><strong>solis</strong></span> <span class='ocrx_word' id='word_1_854' title='bbox 3103 5492 3308 5546; x_wconf 86' lang='lat' dir='ltr'><strong>sanctis</strong></span> <span class='ocrx_word' id='word_1_855' title='bbox 3336 5490 3605 5543; x_wconf 86' lang='lat' dir='ltr'><strong>visibilem</strong></span> 
     </span>
    </p>
   </div>
   <div class='ocr_carea' id='block_1_114' title="bbox 2037 5577 3576 5652">
    <p class='ocr_par' dir='ltr' id='par_1_114' title="bbox 2037 5577 3576 5652">
     <span class='ocr_line' id='line_1_114' title="bbox 2037 5577 3576 5652; baseline 0 -18"><span class='ocrx_word' id='word_1_856' title='bbox 2037 5579 2093 5634; x_wconf 87' lang='lat' dir='ltr'><strong>in</strong></span> <span class='ocrx_word' id='word_1_857' title='bbox 2121 5579 2325 5633; x_wconf 84' lang='lat' dir='ltr'><strong>virtute</strong></span> <span class='ocrx_word' id='word_1_858' title='bbox 2359 5577 2530 5633; x_wconf 83' lang='lat' dir='ltr'><strong>divini</strong></span> <span class='ocrx_word' id='word_1_859' title='bbox 2558 5577 2812 5649; x_wconf 87' lang='lat' dir='ltr'><strong>Spiritus.</strong></span> <span class='ocrx_word' id='word_1_860' title='bbox 2842 5581 3020 5652; x_wconf 85' lang='lat' dir='ltr'><strong>Itaque</strong></span> <span class='ocrx_word' id='word_1_861' title='bbox 3069 5583 3255 5638; x_wconf 85' lang='lat' dir='ltr'><strong>subdit</strong></span> <span class='ocrx_word' id='word_1_862' title='bbox 3305 5596 3322 5638; x_wconf 90' lang='lat'><strong>:</strong></span> <span class='ocrx_word' id='word_1_863' title='bbox 3358 5597 3379 5632; x_wconf 76' lang='grc' dir='ltr'><strong>ι</strong></span> <span class='ocrx_word' id='word_1_864' title='bbox 3445 5580 3576 5634; x_wconf 81' lang='lat' dir='ltr'><strong>Vide</strong></span> 
     </span>
    </p>
   </div>
  </div>
