4102 6344
455 276 598 346 1223

1702 271 2094 334 GREGORII
2154 272 2482 332 PALAMAE

3603 268 3787 336 1224

450 394 780 444 rnntantem
809 384 926 453 ejus
951 383 1413 452 pulchritudinem
1444 384 1644 440 Petrus
1667 394 1723 439 et
1753 385 1847 439 lilii
1879 383 2021 439 toni-

2151 379 2274 435 :lvatt
2323 381 2416 435 τοῦ
2473 378 2610 434 Θεοῦ
2662 397 2796 452 φησι
2823 379 2887 434 τὸ
2932 379 3046 452 φῶς
3099 380 3298 446 έκεῖνο,
3360 381 3544 451 μόνοις
3627 385 3772 446 τοῖς

451 480 556 533 trni
594 480 645 532 in
686 487 892 542 monte,
923 491 1084 545 supra
1141 477 1272 531 solis
1317 475 1478 546 iubar
1528 474 1922 544 splendentem,
1970 481 2028 526 et

451 570 721 640 primitias
749 569 869 636 eius
897 567 1202 637 praesentia:
1232 567 1404 621 oculis
1431 580 1762 634 praesumere
1811 577 2028 617 merue-

452 673 604 718 runt.
662 681 681 713 ι
733 660 801 714 Ει
850 660 1220 715 Damascenns
1280 659 1582 728 theologus,
1641 673 1764 712 cum
1819 655 2031 710 Joanne

455 757 868 826 Chrysostomo,
899 752 1204 806 naturalem
1248 751 1552 805 divinitatis
1582 749 1792 803 radium
1846 747 2028 828 lumen

455 850 586 902 illud
617 855 967 902 vocaverunt.
1006 845 1164 898 Prior
1192 845 1341 898 enim
1369 843 1568 898 scribit
1594 860 1608 894 :
1646 861 1665 894 ι
1708 841 1792 895 Ab
1823 850 2030 894 aeterno

454 939 624 994 Filius
653 955 717 992 es
753 939 912 993 Patre
943 938 1180 1006 genitus,
1221 935 1520 990 naturalem
1563 933 1632 988 ab
1671 943 1879 987 teterno
1933 933 2034 986 ha-

455 1034 541 1085 bet
577 1031 788 1085 radium
823 1029 1123 1084 divinitatis
1150 1044 1165 1095 ;
1195 1038 1251 1084 et
1275 1027 1578 1082 divinitatis
1609 1026 1803 1103 gloria,
1859 1023 2032 1093 gloria

455 1122 706 1190 corporis
742 1120 823 1174 ﬁt.
856 1139 874 1172 ι
911 1119 976 1174 Ει
1000 1121 1182 1189 lingua
1213 1135 1380 1174 aurea
1417 1137 1432 1173 :
1470 1138 1488 1170 ι
1522 1117 1802 1188 Fulgidior
1826 1118 2030 1184 seipse,

456 1213 658 1283 inquit,
727 1213 992 1268 Dominus
1057 1213 1110 1267 in
1148 1223 1334 1285 monte
1396 1211 1672 1282 apparuit,
1750 1209 2036 1266 divinitate

457 1308 642 1362 radios
669 1322 798 1362 suos
818 1306 1219 1362 manifestante.
1260 1323 1282 1360 ι

2131 474 2307 542 ἁγίοις
2339 473 2614 544 θεωρητὸν
2639 474 2698 526 έν
2728 475 2795 544 τῇ
2825 473 3051 543 δυνάμει
3085 473 3178 526 τοῦ
3203 471 3348 525 θείου
3376 473 3771 543 Πνεύματος.

2131 565 2221 616 Διὸ
2278 564 2371 618 καί
2427 581 2560 633 φησι
2623 564 2786 617 πάλιν
2820 579 2833 592 ·
2870 561 3024 616 Εἶδον
3082 563 3139 616 δὲ
3195 565 3359 617 αὐτοῦ
3412 567 3472 618 τὸ
3525 565 3775 628 κάλλος

2132 655 2338 726 Πέτρος
2369 658 2462 707 καὶ
2491 655 2541 707 οἱ
2591 655 2697 706 υἱοὶ
2744 655 2842 724 τῆς
2899 653 3128 724 βροντῆς
3179 657 3236 707 έν
3266 655 3346 725 τῷ
3372 655 3513 724 δρει,
3548 658 3768 727 ὑπερ.

2131 745 2345 817 λάμπον
2367 749 2463 816 τὴν
2485 746 2578 798 τοῦ
2600 746 2753 813 ἡλίου
2784 745 3145 817 λαμπρότητα
3170 764 3183 778 ·
3211 747 3306 799 καὶ
3336 750 3403 800 τὰ
3455 750 3772 818 προοίμια.

2133 839 2234 910 τῆς
2266 837 2432 892 αὑτοῦ
2463 838 2763 909 παρουσίας
2820 839 3120 907 ὀφθαλμοῖς
3151 839 3338 892 λαϐεῖν
3367 841 3767 912 κατηξιώθη-

2135 947 2252 985 σαν.
2271 932 2328 983 Ὀ
2350 931 2405 982 δὲ
2436 929 3072 1000 Δαμασκηνὸςθεολόγος,
3098 932 3238 998 μετὰ
3266 930 3358 983 τοῦ
3384 934 3604 1001 χρυσοῦ
3635 931 3765 1001 τὴν

2133 1022 2379 1091 γλῶτταν
2418 1024 2688 1091 Ἰωάννου,
2735 1023 2970 1091 φυσικὴν
3020 1023 3214 1074 ἀκτῖνα
3255 1023 3353 1093 τῆς
3377 1023 3656 1095 θεότητος
3690 1026 3762 1077 τὸ

2136 1117 2253 1185 φῶς
2283 1116 2462 1168 έκεῖνο
2491 1113 2944 1185 προσηγόρευσαν
2979 1129 2994 1143 ⁶
3047 1115 3076 1166 ὁ
3131 1113 3231 1184 μὲν
3283 1115 3508 1185 γράφων
3537 1129 3554 1147 ο
3613 1116 3762 1168 Ἀνε-

2137 1209 2320 1279 άρχως
2374 1209 2404 1260 ὁ
2437 1207 2564 1270 Υἱὸς
2623 1209 2689 1260 ὲκ
2739 1205 2833 1258 τοῦ
2863 1204 3077 1276 Πατρὸς
3126 1205 3432 1276 γεννηθεὶς,
3486 1207 3596 1277 τὴν
3638 1225 3759 1276 φυ-

2138 1303 2300 1371 σικὴν
2326 1302 2523 1356 ἀκτῖνα
2556 1300 2792 1370 ἄναρχον
2839 1297 3104 1368 κέκτηται
3154 1298 3255 1368 τῆς
3304 1299 3563 1369 θεότητος
3593 1317 3612 1331 ο
3646 1300 3788 1376 καὶλ

462 1395 496 1464 ἡ
530 1393 630 1464 τῆς
659 1395 911 1462 θεότητος
941 1393 1096 1460 δόξα,
1132 1395 1266 1459 δόξα
1309 1398 1406 1451 τοῦ
1445 1398 1698 1466 σώματος
1728 1397 1975 1467 γίνεται·
2019 1417 2048 1450 ο
2076 1397 2132 1450 δὲ
2169 1394 2604 1467 χρυσοῤῥήμων,
2640 1393 3067 1463 Δαμπρότερος,
3119 1389 3310 1459 φησὶν,
3337 1389 3537 1444 ἑαυτοῦ
3574 1390 3768 1460 ἐφαί-

460 1506 587 1543 νετο
615 1489 640 1544 ὁ
668 1488 876 1558 Κύριος
909 1490 1003 1543 ἐπὶ
1029 1490 1123 1546 τοῦ
1150 1491 1334 1563 ὅρους,
1357 1496 1457 1563 τῆς
1483 1494 1737 1564 θεότητος
1774 1492 2190 1566 παμδειξάσης
2217 1493 2322 1558 τὰς
2349 1495 2578 1556 ἀκτῖνας
2596 1490 2787 1559 αὐτῆς.
3414 1500 3419 1505 “

541 1572 667 1625 M7.
693 1570 825 1624 Illud
850 1572 1094 1623 divinum
1131 1583 1186 1624 et
1219 1569 1492 1623 ineffabile
1523 1573 1726 1631 lumen,
1769 1568 1860 1622 Det
1913 1567 2052 1620 divi-

468 1660 701 1713 nitatem
732 1669 787 1712 et
818 1676 1068 1729 regnum,
1103 1660 1562 1729 pulchritudinem
1593 1671 1650 1714 et
1705 1658 2047 1728 splendorem

466 1750 666 1804 divinae
713 1763 943 1817 natura,
1003 1761 1316 1805 sanctorum
1381 1750 1434 1804 in
1501 1748 2042 1818 incomprehensibili

467 1843 775 1897 aeternitate
801 1845 1066 1899 visionem
1099 1853 1154 1897 et
1193 1843 1533 1908 felicitatem,
1567 1840 1868 1896 naturalem
1904 1841 2045 1896 divi-

467 1937 654 1988 nitatis
688 1937 898 1989 radium
923 1947 977 1990 et
999 1937 1248 2006 gloriam,
1287 1937 1608 2004 phantasma
1645 1942 1700 1988 et
1729 1945 2042 1988 creaturam

465 2041 588 2078 esse
621 2028 890 2081 blaterant
921 2028 1183 2092 haeretici,
1219 2036 1272 2081 et
1302 2042 1396 2081 eos
1417 2026 1510 2096 qni
1565 2025 1808 2094 ipsorum
1870 2024 2045 2079 instar

467 2115 522 2169 in
547 2115 784 2169 divinam
815 2118 988 2170 lucem
1017 2118 1096 2172 sic
1118 2117 1501 2186 hlasphemare
1523 2130 1632 2169 non
1657 2114 1800 2179 ausi,
1835 2114 2049 2168 increa-

467 2213 552 2261 tas
583 2209 854 2262 arstitnant
891 2207 982 2263 Dei
1016 2193 1302 2286 essentiam
1355 2218 1409 2262 et
1446 2208 1842 2278 operationem,
1891 2206 2044 2276 poly-

469 2300 628 2356 theos
658 2302 990 2355 calumniose
1025 2301 1526 2356 circumclamitant
1567 2317 1582 2367 ;
1617 2315 1806 2354 verum
1845 2299 2044 2354 erube-

467 2403 641 2448 scant.
671 2395 929 2460 Quamvis
959 2397 1103 2449 enim
1134 2394 1376 2449 increata
1404 2393 1476 2448 sit
1512 2393 1692 2447 divina
1745 2392 1858 2457 lux,
1907 2405 2046 2444 unus

470 2484 627 2539 nobis
653 2495 736 2538 est
761 2483 904 2539 Deus
933 2485 985 2537 in
1021 2501 1124 2538 una
1154 2485 1464 2548 divinitate,
1496 2485 1644 2553 quia,
1687 2490 1747 2536 nt
1793 2485 2046 2553 superius

467 2577 660 2630 crebro
677 2579 1105 2631 detnonstratnm
1129 2587 1233 2641 est,
1253 2577 1411 2632 nnins
1431 2575 1527 2631 Dei
1547 2584 1696 2642 sunt,
1720 2585 1776 2631 et
1801 2575 2041 2629 increata

469 2669 730 2731 essentia,
757 2677 812 2722 et
843 2670 1079 2724 increata
1105 2670 1375 2739 operatio,
1402 2669 1582 2724 divina
1616 2668 1830 2724 scilicet
1871 2666 2046 2737 gratia

469 2771 522 2813 et
551 2761 639 2814 lux
668 2761 781 2816 illa.

2245 1569 2387 1641 ρμξ.
2425 1571 2594 1622 Τοῦτο
2625 1570 2687 1622 τὸ
2743 1569 2923 1624 θεῖκδν
2979 1587 3073 1623 κα.
3129 1571 3442 1642 ἀπόρρητον
3474 1575 3620 1642 φῶς,
3672 1577 3785 1649 τὴν

2164 1660 2260 1714 τοῦ
2291 1659 2424 1713 Θεοῦ
2455 1661 2684 1730 θεότητα
2721 1661 2815 1714 καὶ
2861 1660 3163 1730 βασιλείαν,
3203 1663 3264 1715 τὸ
3295 1665 3488 1727 κάλλος
3517 1668 3626 1720 καὶ
3667 1671 3784 1736 τῂν

2167 1752 2524 1824 λαμπρότητα
2553 1753 2655 1822 τῆς
2683 1753 2834 1816 θείας
2860 1753 3097 1823 φύσεως,
3136 1754 3235 1825 τὴν
3271 1756 3330 1809 ὲν
3359 1756 3436 1826 τῷ
3462 1760 3774 1830 ἀκαταλή-

2167 1861 2286 1915 πτῳ
2311 1845 2470 1898 αίῶνι
2497 1844 2606 1898 τῶν
2661 1845 2831 1913 ἁγίων
2885 1846 3078 1915 ὅρασιν
3125 1848 3219 1900 καὶ
3269 1849 3597 1917 ἀπόλαυσιν,
3657 1855 3772 1922 τὴν

2165 1935 2399 2006 φυσικὴν
2457 1938 2652 1990 ἀκτῖνα
2693 1939 2789 1990 καὶ
2834 1938 2993 2004 δόξαν
3038 1938 3134 2010 τῆς
3193 1939 3478 2008 θεότητος,
3545 1945 3769 2016 φάσμα

2163 2029 2258 2083 καὶ
2309 2031 2514 2098 κτίσμα
2561 2032 2612 2083 οἱ
2669 2031 3144 2100 γὶιωσσαλγοῦντες
3200 2035 3468 2101 αίρετικοὶ
3518 2036 3769 2104 λέγουσι

2163 2118 2258 2171 καὶ
2311 2116 2438 2181 τοὺς
2472 2117 2547 2188 μὴ
2585 2115 2950 2186 ἀνεχομένους
2998 2117 3120 2169 κατ’
3169 2117 3365 2181 αὐτοὺς
3409 2119 3570 2181 είςτὸ
3604 2120 3772 2174 θεῖον

2162 2209 2279 2277 φῶς
2330 2209 2488 2263 τοῦτο
2534 2207 2896 2278 βλασφημεῖν,
2933 2207 3051 2261 ἀλλ’
3101 2208 3356 2262 ἄκτιστον
3406 2209 3546 2264 εἶναι
3612 2228 3766 2282 φρο-

2161 2299 2387 2362 νοῦντας
2445 2300 2536 2352 τὸν
2587 2298 2719 2352 Θεὸν
2748 2298 2869 2352 κατ’
2895 2297 3104 2362 οὐσίαν,
3139 2299 3235 2352 καὶ
3264 2300 3383 2353 κατ’
3438 2302 3761 2371 ἐνέργειαν,

2160 2391 2242 2443 ὅτι
2271 2389 2453 2452 θεῒτας
2502 2385 2642 2442 εἷναι
2682 2389 3149 2458 συκοφαντοῦντες
3220 2392 3752 2462 περιαγγέλλουσιν.

2174 2481 2312 2534 Ἀλλ’
2366 2480 2834 2550 αίσχυνέσθωσαν.
2873 2482 3153 2536 Ἀκτίστου
3178 2482 3287 2554 γὰρ
3329 2486 3424 2538 καὶ
3469 2484 3566 2539 τοῦ
3595 2486 3756 2539 θείου

2160 2573 2336 2640 φωτὸς
2366 2571 2540 2636 ὄντος,
2599 2568 2683 2635 εἷς
2723 2575 2855 2642 ἡμῖν
2885 2573 3017 2637 Θεός
3065 2576 3211 2628 ἐστιν
3249 2577 3306 2628 ὲν
3348 2577 3451 2646 μιᾷ
3481 2576 3706 2648 θεότητι
3732 2594 3752 2611 ο

2159 2666 2234 2728 ὡς
2268 2663 2386 2726 ένὸς
2416 2663 2572 2730 Θεοῦ,
2601 2663 2854 2734 καθάπερ
2876 2667 3134 2738 ἀνωτέρω
3150 2667 3432 2739 πολλαχῶς
3448 2670 3750 2738 δέδεικται,

2160 2753 2252 2807 καὶ
2298 2756 2396 2824 τῆς
2453 2754 2708 2807 ἀκτίστου
2747 2755 2934 2818 οὐσίας
2961 2757 3148 2828 οὔσης,
3181 2760 3274 2812 καὶ
3325 2760 3427 2829 τῆς
3480 2761 3750 2816 ἀκτίστου

2159 2847 2442 2916 ἐνεργείας
2477 2862 2491 2877 ’
2531 2847 2732 2918 δηλαδὴ
2759 2850 2858 2919 τῆς
2881 2849 3031 2913 θείας
3055 2850 3274 2922 χάριτος
3300 2851 3396 2906 καὶ
3420 2853 3750 2925 mapon

2157 2955 2378 3010 ταυτης.

543 3026 667 3081 H8.
695 3025 897 3082 Nefarii
925 3043 1053 3097 ergo
1088 3027 1354 3092 haeretici,
1385 3027 1476 3098 qui
1503 3035 1627 3098 post
1655 3026 1924 3098 synodum
1943 3041 2041 3081 an-

2231 3028 2378 3100 ρμη’.
2409 3030 2606 3100 Φάσμα
2648 3031 2938 3101 τοιγαροῦν
2968 3033 3065 3086 καὶ
3118 3034 3325 3104 κτίσμα
3375 3039 3587 3106 φρονεῖν
3637 3039 3737 3092 ἐπὶ

471 3123 660 3176 dacter
691 3123 946 3174 dixerunt
974 3121 1218 3176 divinum
1246 3121 1378 3176 illud
1407 3122 1592 3177 lumen
1617 3137 1646 3176 a
1681 3121 1967 3178 Salvatore
1993 3124 2049 3178 in

461 3213 691 3269 ’l‘habor
717 3212 977 3269 emissum
1012 3227 1111 3284 pro
1139 3215 1525 3284 phantasmate
1553 3228 1618 3270 ac
1643 3224 1896 3269 creatura
1945 3215 2048 3270 ha-

472 3308 704 3363 bendnm
742 3323 886 3372 esse,
918 3316 975 3362 et
1003 3310 1054 3363 id
1083 3309 1329 3362 stabilire
1365 3308 1545 3363 conati
1581 3315 1730 3371 sunt,
1770 3316 1825 3363 et
1851 3321 1879 3360 a
1906 3307 2047 3362 mul-

481 3403 550 3456 tis
597 3401 819 3456 refutati
857 3401 1004 3456 haud
1051 3411 1403 3458 mutaverunt
1440 3401 1792 3465 sententiam,
1855 3399 2048 3456 defini-

471 3495 620 3550 tione
657 3499 858 3566 scripta
892 3504 948 3549 et
984 3498 1333 3550 anathemate
1368 3497 1616 3565 percussi
1650 3502 1800 3549 sunt.
1825 3493 1962 3549 Nam
1992 3495 2047 3548 in

471 3587 896 3642 incarnationem
924 3588 1018 3642 Dei
1051 3590 1455 3658 hlasphemant,
1487 3597 1543 3643 et
1562 3597 1803 3643 creatam
1849 3586 2045 3644 insane

473 3681 663 3735 dicunt
696 3679 784 3733 Dei
813 3679 1175 3745 divinitatem,
1221 3688 1276 3733 et
1310 3679 1378 3732 ad
1405 3690 1739 3742 creaturam,
1775 3689 2044 3747 quantum

470 3781 722 3842 possunt,
747 3772 920 3839 ipsum
943 3771 1262 3840 deprimunt.
1284 3771 1498 3825 Patrem
1524 3780 1580 3825 et
1601 3769 1799 3825 Filium
1829 3778 1887 3824 et
1918 3768 2043 3837 Spi-

473 3872 635 3920 ritum
665 3876 934 3921 sanctum.
972 3863 1088 3920 Una
1123 3867 1266 3920 enim
1299 3877 1353 3919 et
1381 3864 1570 3919 eadem
1597 3873 1683 3918 est
1708 3864 1879 3918 trihns
1907 3863 2045 3919 divi-

473 3961 634 4014 nitas.
669 3957 725 4012 Si
751 3968 928 4013 autem
959 3960 1255 4013 increatam
1290 3959 1378 4014 isti
1405 3967 1460 4012 et
1496 3956 1825 4012 adorandam
1853 3957 2045 4012 dicunt

471 4049 829 4116 divinitatem,
859 4049 996 4104 duas
1025 4050 1313 4104 manifeste
1333 4056 1644 4119 agnoscunt
1667 4047 1761 4102 Dei
1790 4047 2046 4102 divinita-

473 4152 579 4208 tea,
611 4158 773 4197 unam
805 4153 1065 4209 creatam,
1105 4151 1160 4197 et
1191 4142 1417 4196 alteram
1453 4141 1774 4195 increatam.
1806 4137 1898 4194 Sic
1951 4153 2044 4194 sa-

471 4245 662 4304 tagunt
689 4243 914 4292 cunctos
944 4242 1156 4290 veteres
1188 4233 1475 4290 haereticos
1525 4233 1807 4302 impietate
1853 4245 2044 4302 snper-

470 4330 640 4400 gredi.

545 4591 666 4646 M9.
703 4588 854 4643 Alias
878 4586 1125 4642 haeresim
1180 4599 1334 4641 suam
1396 4585 1580 4640 velare
1637 4590 1926 4650 conantes,
1987 4592 2043 4639 et

480 4685 780 4740 increatam
817 4683 1001 4738 dicunt
1046 4681 1220 4735 lucem
1247 4679 1296 4732 in
1352 4678 1572 4732 Thahor
1610 4677 2040 4741 manifestatam,

472 4789 528 4834 et
563 4778 856 4833 essentiam
881 4790 1002 4832 esse
1030 4774 1143 4838 Dei,
1177 4771 1544 4842 multipliciter
1567 4781 1622 4826 et
1647 4773 1701 4825 in
1753 4771 1855 4827 hoc
1889 4771 2038 4826 blas-

475 4871 814 4940 phemantes.
844 4867 979 4934 Quia
1015 4866 1159 4921 enim
1201 4866 1269 4919 ah
1311 4863 1573 4935 apostolis
1624 4864 1802 4916 visum
1859 4872 1941 4918 est
1964 4863 2045 4917 ln-

475 4980 598 5019 men
629 4963 784 5027 illud,
827 4961 1096 5024 visibilem
1155 4967 1551 5030 consequenter
1597 4973 1718 5014 esse
1759 4966 2046 5012 autumant

471 5057 564 5111 Dei
585 5055 902 5111 essentiam.
957 5051 1156 5108 Verum
1194 5052 1418 5106 audiant
1456 5050 1723 5104 dicentem
1755 5061 1770 5098 :
1812 5066 1831 5099 ι
1871 5045 2044 5101 Nemo

471 5151 624 5204 stetit
655 5149 711 5202 in
739 5146 1114 5211 subsistentia,
1181 5143 1275 5214 qui
1334 5140 1628 5197 essentiam
1693 5137 1786 5192 Dei
1841 5148 1898 5193 et
1948 5138 2044 5194 Dei

474 5253 722 5296 naturam
761 5249 851 5294 aut
878 5239 1080 5293 viderit
1133 5247 1230 5292 aut
1293 5234 1654 5291 enarraret-it.
1714 5229 1824 5286 Nec
1867 5231 2041 5286 solum

470 5335 647 5390 nullus
691 5334 990 5397 hominum,
1050 5331 1144 5385 sed
1179 5342 1278 5384 nec
1333 5327 1670 5398 angelorum.
1744 5323 1859 5391 Ipsa
1898 5323 2044 5376 enim

474 5442 566 5482 sex
599 5427 702 5481 alis
731 5436 920 5481 ornata
978 5423 1250 5492 seraphim
1299 5421 1371 5477 ob
1428 5433 1714 5475 excessum
1757 5416 2048 5472 emicantis

473 5534 539 5574 ex
567 5535 628 5573 ea
653 5517 1074 5581 cornscationis,
1107 5513 1299 5568 faciem
1331 5513 1526 5582 pennis
1557 5509 1979 5576 circnmtegunt.
2017 5523 2040 5558 ι

472 5612 609 5677 Quia
647 5612 816 5678 igitur
849 5610 977 5663 nnlli
1013 5620 1255 5677 unquam
1289 5605 1400 5658 visa
1426 5611 1511 5658 est
1556 5597 2046 5670 supersnhstantia-

473 5704 539 5759 lis
569 5703 802 5761 essentia
863 5702 980 5770 Dei,
1041 5699 1259 5771 quando
1315 5697 1456 5753 hanc
1501 5708 1624 5750 esse
1669 5691 1856 5748 lumen
1911 5688 2044 5745 illud

2157 3122 2255 3191 τῆς
2287 3121 2505 3175 συνόδου
2537 3123 2828 3196 τολμηρῶς
2853 3124 3123 3189 εἰπόντες,
3173 3129 3270 3181 καὶ
3305 3131 3740 3196 κατασκευάζειν

2158 3210 2511 3282 πειραθέντες
2537 3213 2585 3264 οί
2611 3213 2950 3283 κακόφρονες
2985 3218 3270 3288 αίρετικοὶ,
3304 3220 3366 3273 τὸ
3392 3219 3609 3292 λάμψαν
3631 3225 3743 3277 ἀπὸ

2157 3301 2251 3353 τοῦ
2285 3301 2540 3371 Σωτῆρος
2560 3305 2619 3358 ὲν
2653 3304 2852 3377 Θαϐὼρ
2886 3307 3067 3362 θεῖκὸν
3095 3309 3272 3363 ἐκεῖνο
3317 3313 3453 3380 φῶς,
3512 3316 3604 3368 καὶ
3651 3317 3742 3370 διὰ

2158 3391 2368 3446 πολλῶν
2393 3393 2825 3466 ἐξελεγχθέντες,
2861 3399 3055 3471 καὶμὴ
3097 3405 3581 3472 μεταπεισθέντες,
3634 3409 3741 3476 ἀφ-

2156 3486 2372 3557 ορισμῷ
2429 3489 2690 3558 ἐγγράφῳ
2739 3491 2831 3545 καὶ
2869 3491 3171 3563 ἀναθέματι
3223 3496 3737 3571 καθυπεόλήθησαν.

2159 3577 2256 3640 Εἷς
2285 3595 2344 3631 τε
2372 3579 2481 3649 γὰρ
2515 3579 2613 3649 τὴν
2642 3579 2729 3633 διὰ
2761 3587 2963 3654 σαρκὸς
2991 3585 3306 3656 οἰκονομίαν
3357 3587 3741 3659 βλασφημοῦσι

2154 3667 2249 3721 τοῦ
2289 3667 2446 3732 Θεοῦ,
2496 3671 2591 3724 καὶ
2646 3673 2877 3744 κτιστὴν
2923 3670 3060 3730 εἶναι
3101 3679 3482 3748 φρενοϐλαὸῶς
3519 3681 3738 3752 λέγουσι

2152 3759 2252 3829 τὴν
2299 3760 2393 3813 τοῦ
2445 3760 2580 3814 Θεοῦ
2634 3761 2886 3834 θεότητα,
2921 3767 3015 3820 καὶ
3038 3769 3117 3831 είς
3151 3771 3380 3839 κτίσμα,
3435 3774 3496 3827 τό
3542 3791 3604 3843 γε
3651 3778 3735 3840 είς

2153 3851 2353 3914 αὐτοὺς
2373 3846 2530 3923 ἧκον,
2575 3856 2956 3924 κατασπῶσιν,
3011 3860 3176 3912 αὑτὸν
3213 3862 3306 3914 τὸν
3364 3864 3608 3934 Πατέρα,
3642 3871 3736 3922 καὶ

2152 3941 2241 3994 τὸν
2285 3943 2434 4009 Υίὸν,
2486 3945 2580 3999 καὶ
2634 3947 2695 3999 τὸ
2735 3947 2959 4018 Πνεῦμα
2993 3950 3052 4003 τὸ
3106 3951 3282 4021 ἅγιον.
3331 3955 3447 4008 Μία
3492 3957 3599 4029 γάρ
3643 3960 3734 4012 καὶ

2152 4036 2186 4105 ἡ
2219 4035 2356 4106 αὐτή
2389 4039 2538 4090 ἐστιν
2579 4038 2828 4110 ήθεότης
2851 4041 2961 4095 τῶν
2995 4043 3184 4115 τριῶν.
3227 4045 3291 4100 Εί
3336 4047 3393 4099 δὲ
3439 4049 3537 4102 καὶ
3585 4050 3732 4105 ἀκτι-

2154 4141 2277 4178 στον
2309 4121 2460 4182 οὗτοι
2513 4130 2694 4183 σέϐειν
2752 4130 2969 4201 λέγουσι
3027 4133 3276 4205 θεότητα,
3339 4135 3436 4190 δύο
3487 4141 3729 4212 φανερῶς

2152 4217 2336 4272 λοιπὸν
2399 4215 2550 4275 οὗτοι
2601 4221 2850 4291 λέγουσιν
2915 4219 3056 4279 εἶναι
3111 4226 3204 4280 τοῦ
3254 4227 3388 4282 Θεοῦ
3449 4230 3722 4302 θεότητας,

2154 4313 2284 4380 μίαν
2309 4315 2552 4385 κτιστὴν,
2591 4316 2684 4368 καὶ
2734 4315 2903 4385 ἄλλην
2955 4319 3235 4374 ἀκτιστον.
3291 4321 3453 4377 Οὕτω
3501 4323 3726 4392 φιλονειέ

2074 4421 2119 4476 D
2151 4402 2306 4454 κοῦσι
2347 4403 2557 4467 πάντας
2602 4406 2729 4468 τοὺς
2769 4406 2834 4459 ὲκ
2891 4408 3125 4464 παλαιοῦ
3177 4411 3508 4478 κακοδόξους
3561 4415 3731 4487 ὑπερ-

2148 4490 2310 4562 ϐῆναι
2345 4497 2412 4566 τῇ
2444 4495 2750 4568 δυσσεϐείᾳ.

2220 4585 2364 4656 ρμθ’.
2399 4588 2621 4642 Ἀλλοτε
2681 4589 2738 4644 δὲ
2783 4591 2882 4662 τὴν
2915 4593 3122 4647 οἰκείαν
3152 4598 3479 4665 κακοδοξίαν
3506 4603 3738 4657 συσκιά-

2147 4675 2260 4739 ζειν
2291 4680 2693 4751 μηχανώμενοι,
2719 4683 2814 4737 καὶ
2837 4684 3093 4740 ἀκτιστον
3128 4686 3346 4757 λέγουσι
3365 4691 3427 4745 τὺ
3455 4693 3512 4745 έν
3542 4694 3737 4748 Θασωο

2149 4767 2250 4839 ρίῳ
2277 4768 2500 4840 λάμψαν
2530 4772 2668 4840 φῶς,
2704 4775 2800 4827 καὶ
2855 4775 3046 4829 οὐσίαν
3096 4773 3237 4832 εἶναι
3287 4780 3382 4835 τοῦ
3407 4783 3568 4851 Θεοῦ,
3601 4786 3736 4839 πολ-

2144 4859 2364 4924 λαπλῶς
2409 4863 2532 4930 κάν,
2557 4863 2733 4934 τούτῳ
2771 4864 3238 4938 βλασφημοῦντες.
3282 4871 3437 4926 Ἐπεὶ
3483 4873 3595 4946 γὰρ
3628 4877 3734 4930 ὑπὸ

2144 4952 2253 5006 τῶν
2312 4954 2624 5009 ἀποστόλων
2681 4958 2922 5029 ἑώραται
2975 4961 3036 5013 τὸ
3091 4961 3207 5030 φῶς
3257 4965 3458 5030 έκεῖνο,
3523 4968 3732 5040 ορατ-ὴν

2145 5043 2332 5098 λοιπὸν
2355 5041 2493 5100 εῖναι
2538 5047 2726 5113 κακῶς
2756 5051 3014 5120 φρονοῦσι
3062 5053 3162 5122 τὴν
3203 5055 3393 5110 οὐσίαν
3423 5058 3516 5112 τοῦ
3545 5059 3684 5114 Θεοῦ
3712 5099 3729 5113 .

2160 5137 2300 5189 Ἀλλ’
2335 5138 2685 5194 ἀκουέτωσαν
2714 5142 2810 5195 τοῦ
2838 5142 3108 5212 λέγοντος·
3133 5148 3322 5212 Οὐδεὶς
3348 5150 3478 5222 ἔστη
3507 5152 3566 5204 έν
3595 5153 3732 5207 ὕπο-

2149 5228 2406 5297 στήματι,
2443 5230 2540 5285 καὶ
2567 5230 2754 5285 οὐσίαν
2807 5234 2965 5302 Θεοῦ,
2996 5237 3092 5291 καὶ
3131 5238 3266 5292 Θεοῦ
3297 5240 3458 5308 φύσιν
3492 5244 3525 5315 ἢ
3560 5239 3724 5312 εἶδεν,

2148 5317 2180 5386 ἢ
2233 5319 2613 5390 ὲξηγόρευσεν.
2672 5325 2784 5377 Καὶ
2840 5327 2916 5396 μὴ
2957 5328 3119 5398 μόνον
3172 5331 3350 5397 οὐδεὶς
3396 5334 3722 5406 ἀνθρώπων,

2147 5408 2398 5464 ἀλλὀὺδὲ
2426 5414 2531 5466 τῶν
2552 5415 2800 5484 ἀγγέλων
2820 5431 2833 5446 °
2859 5420 2952 5470 καὶ
2973 5420 3114 5474 αὑτά
3141 5422 3249 5494 γάρ
3281 5423 3351 5477 τὰ
3379 5425 3724 5496 ἑξαπτέρυγα

2146 5501 2419 5573 Σεραφὶμ,
2475 5506 2570 5559 καὶ
2613 5509 2749 5577 πρὸς
2792 5509 2962 5581 αὐτὴν
2990 5513 3091 5583 τὴν
3111 5514 3413 5586 ὑπερϐολὴν
3448 5521 3546 5588 τῆς
3577 5521 3722 5572 ἐκεῖ·

2147 5593 2240 5648 θεν
2314 5597 2738 5670 ὲκπεμπομένης
2791 5600 3132 5673 ἑλλάμψεως,
3175 5609 3294 5670 ταῖς
3347 5609 3569 5678 πτέρυξι
3617 5627 3719 5661 πε-

2149 5686 2471 5760 ρικαλύπτει
2497 5690 2595 5755 τὰς
2619 5689 2790 5754 ὄψεις.
2842 5692 2993 5747 Ἐπεὶ
3033 5694 3161 5762 γοῦν
3195 5696 3405 5752 οὐδέσιν
3440 5699 3559 5753 οὐδέ
3585 5717 3716 5754 ποτε
