4122 6322
596 357 729 419 1227

1811 354 2211 415 GREGORII
2260 354 2588 419 PALAMIF.

3695 352 3823 417 1223

590 483 770 525 autem
808 470 942 523 bona
971 469 1024 523 in
1053 483 1168 524 mvo
1201 467 1405 533 luturo,
1439 477 1565 523 sunt
1615 469 1869 541 mysteria
1925 484 2156 539 evange-

2268 471 2448 541 μόνοις
2469 469 2525 520 ὲν
2554 462 2832 534 Πνεῦματι
2857 454 3241 532 προορώμενα.
3276 457 3356 510 Τὰ
3388 456 3432 512 δ’
3456 457 3827 527 ἐπηγγελμένα

595 560 714 613 lira:
746 558 889 621 vitae,
915 559 999 612 bis
1022 573 1160 628 quos
1194 559 1420 627 spiritus
1454 559 1658 612 visione
1687 560 1960 631 dignatur,
1991 568 2045 614 et
2073 558 2159 614 bis

589 650 658 705 ad
694 664 1028 714 mensuram,
1060 648 1216 719 quasi
1269 648 1323 702 in
1378 648 1624 718 pignoris
1699 658 1873 718 parte.
1924 650 2046 705 data
2104 659 2160 705 et

590 742 838 808 praevisa.
865 739 968 793 Sed
991 738 1446 808 quemadmodum
1473 740 1517 794 si
1538 739 1660 802 quis
1680 749 1804 794 tunc
1825 740 2153 804 Iudaeorum,

591 843 696 889 non
729 845 848 884 cum
878 828 1174 897 gratiarum
1207 827 1422 882 actione
1446 829 1676 884 audiens
1699 830 1994 899 prophetas
2022 844 2153 897 pro-

590 919 767 973 fantes
802 918 1035 973 Verbum
1060 927 1115 971 et
1139 917 1401 986 Spiritum
1431 919 1522 973 Dei
1564 929 1881 989 :eternaque
1905 935 1968 974 ac
2014 935 2154 975 sem-

588 1009 824 1079 piterna,
852 1022 1021 1061 aures
1050 1007 1411 1075 cohibuisset,
1454 1008 1642 1064 audire
1666 1015 1816 1065 visus
1843 1026 2000 1067 voces
2031 1011 2146 1079 pie-

590 1101 683 1154 lati
710 1101 923 1164 vetitas,
952 1108 1006 1152 et
1041 1100 1156 1153 voci
1192 1115 1219 1150 a
1246 1098 1347 1169 piis
1377 1100 1629 1155 admissa:
1673 1102 2000 1169 contrarias,
2033 1103 2151 1157 voci

588 1205 783 1259 nempe
845 1189 1045 1243 dicenti
1084 1207 1096 1242 :
1141 1207 1160 1241 ι
1200 1187 1459 1244 Dominus
1516 1189 1658 1243 Deus
1715 1200 1840 1246 tuus
1894 1190 2155 1246 Dominus

585 1297 727 1334 unus
752 1292 834 1334 cst
863 1281 911 1312 “
954 1298 971 1331 ι
1029 1281 1167 1334 idem
1201 1280 1382 1335 forsan
1434 1294 1487 1337 et
1517 1299 1657 1338 nunc
1689 1283 1737 1338 ei
1775 1284 2043 1339 accideret
2063 1283 2154 1353 qui

586 1384 690 1422 non
720 1385 840 1421 cum
877 1372 1074 1439 pietate
1101 1372 1317 1425 audiret
1345 1381 1469 1424 nota
1498 1373 1628 1427 solis
1676 1374 1878 1428 virtute
1934 1376 2155 1431 mundis

529 1508 541 1535 ἶ
585 1461 842 1530 mysteria
874 1462 1127 1530 Spiritus.
1194 1462 1261 1516 Et
1311 1465 1456 1519 sicut
1515 1465 1692 1520 adhuc
1744 1467 2153 1535 praedictionum

530 1534 543 1612 ί
585 1553 797 1607 illarum
820 1557 999 1608 exitus
1028 1570 1264 1609 consona
1305 1557 1590 1612 evidentiae
1622 1557 1993 1613 manifestavit
2054 1573 2154 1612 an-

586 1646 734 1713 tiqua
770 1647 1050 1714 mysteria,
1083 1655 1138 1699 et
1204 1648 1475 1701 credimus
1520 1663 1666 1702 nunc
1722 1649 1774 1702 in
1827 1647 2044 1703 Patrem
2101 1659 2155 1702 et

584 1734 776 1791 Filium
804 1747 857 1792 et
885 1737 1143 1808 Spiritum
1167 1747 1435 1805 sanctum,
1492 1741 1832 1795 divinitatem
1905 1742 2154 1811 personis

585 1828 805 1894 trinam,
838 1844 1002 1883 unam
1037 1838 1091 1883 et
1112 1831 1414 1898 simplicem
1437 1841 1686 1884 naturam
1716 1831 2152 1899 incompositam,

590 1919 916 1983 inorcatam,
974 1922 1325 1988 itn‘isillilem,
1397 1922 2044 1991 incontprehensibiletn;
2078 1923 2150 1974 ita

585 2020 641 2063 et
672 2012 835 2064 futuri
871 2012 1053 2065 saeculi
1110 2012 1385 2080 mysteria,
1456 2011 1506 2064 in
1565 2011 1795 2081 propriis
1824 2013 2153 2080 temporibus

588 2102 949 2165 Itzaltlfcslala,
979 2118 1073 2172 per
1098 2103 1426 2158 inell'abilcm
1445 2102 1605 2157 unius
1630 2101 1724 2158 Dei
1753 2103 1806 2157 in
1827 2106 2001 2159 tribus
2025 2119 2153 2172 per-

585 2195 735 2248 sonis
789 2194 1044 2261 perfectis
1108 2196 1517 2259 revelationem,
1551 2209 1790 2250 consona
1830 2197 1979 2250 onmi
2039 2198 2157 2251 evi-

588 2285 786 2341 dentia‘.
814 2286 1192 2341 ostendeutur.
1225 2286 1455 2355 Oportet
1485 2296 1666 2341 tamen
1694 2286 1746 2341 id
1779 2286 1942 2341 etiam
1964 2296 2152 2357 atten-

584 2380 716 2431 dere
744 2391 758 2429 :
794 2387 871 2443 nt,
898 2379 1150 2445 quamvis
1179 2378 1475 2434 novissime
1504 2378 1753 2434 terminis
1787 2386 1945 2432 terra:
1999 2394 2158 2434 reve-

586 2464 689 2517 lata
706 2464 779 2518 sit
795 2465 1098 2519 divinarum
1118 2480 1471 2533 personarum
1491 2466 1734 2522 Trinitas
1756 2466 1963 2521 ratione
2024 2466 2158 2522 Uni-

587 2559 711 2610 tatis
738 2556 961 2609 minime
979 2555 1576 2626 destructa,pr0pbelis
1601 2567 1776 2612 tamen
1824 2559 1929 2614 illis
1990 2561 2155 2614 etiam

584 2656 711 2701 ante
730 2662 910 2701 rerum
936 2659 1191 2701 eventum
1214 2648 1455 2715 perfecte
1483 2652 1915 2720 cognoscebatur
1936 2651 2158 2707 iisdem-

515 2762 521 2767 ο
584 2753 690 2803 que
706 2736 1053 2792 credentibus
1075 2739 1184 2807 jam
1209 2747 1337 2791 tunc
1349 2739 1787 2808 acceptissimum
1806 2749 1946 2808 erat,
1965 2743 2155 2798 eodem

587 2829 744 2882 modo
767 2831 1101 2883 etiamnunc
1125 2830 1332 2885 scimus
1379 2841 1434 2884 et
1491 2833 1819 2886 contitemur
1872 2848 2155 2890 sermones

584 2926 701 2976 sive
723 2928 911 2990 aperte
933 2921 1259 2990 praedicatos
1281 2923 1510 2991 mystice
1525 2923 1702 2992 dignis
1730 2924 1781 2977 in
1810 2925 2001 2992 spiritu
2022 2940 2157 2993 pra:-

585 3024 920 3069 monstratos
950 3031 963 3065 :
997 3013 1087 3068 alii
1126 3014 1342 3084 quidem
1391 3016 1726 3084 experientia
1778 3018 1978 3083 edocti,
2030 3019 2154 3087 qui~

2263 564 2377 624 τοῖς
2415 559 2597 627 ἁγίοις
2636 553 2818 624 ἁγαθά
2863 552 3007 607 κατὰ
3048 552 3142 604 τὸν
3195 552 3367 604 αἰῶνα.
3416 550 3508 603 τὸν
3557 552 3830 622 μέλλοντα.

2261 652 2363 721 τῆς
2388 649 2529 703 κατὰ
2555 649 2616 702 τὸ
2660 643 2992 714 Εὐαγγέλιον
3038 642 3317 704 πολιτείας
3369 643 3486 695 ἐστὶ
3535 645 3832 713 μυστήρια,

2262 744 2374 805 τοῖς
2404 739 2492 794 διὰ
2521 738 2612 792 τοῦ
2635 735 2953 805 Πνεῦματος
2984 734 3117 804 ὀρᾷν
3145 732 3601 803 ἠξιωμένοις,καὶ
3632 735 3833 797 τούτοις

2265 832 2523 904 μετρίως,
2552 830 2628 893 ὡς
2658 831 2715 882 ὲν
2752 825 3072 898 ἁῤῥαϐὦνος
3111 825 3293 895 μέρει,
3350 824 3604 894 διδόμενά
3645 843 3703 878 τε
3747 828 3832 878 καὶ

2262 920 2641 995 προοριδμενα.
2695 918 2833 972 Ἀλλ’
2863 916 3054 986 ὥσπερ
3077 916 3231 977 εἴτις
3262 916 3383 969 τότε
3408 918 3516 970 τῶν
3543 917 3834 982 Ἰουδαίων,

2265 1016 2340 1086 μὴ
2374 1014 2491 1085 μετ’
2530 1009 2878 1083 εὐχαριστίας
2918 1008 3133 1063 ἀκούων
3170 1006 3282 1060 τῶν
3319 1008 3617 1077 προφητῶν
3650 1007 3834 1073 λεγόν-

2261 1124 2369 1160 των
2396 1104 2579 1174 λόγον,
2595 1104 2688 1158 κα)⁵
2711 1101 2932 1172 Πνεῦμα
2955 1099 3116 1166 Θεοῦ,
3133 1098 3383 1152 συναῖδιά
3400 1116 3458 1151 τε
3480 1099 3575 1152 καὶ
3601 1101 3829 1170 προαιὼ-

2259 1214 2370 1262 νια,
2412 1195 2673 1265 συνέσχεν
2702 1193 2769 1247 ἂν
2834 1191 2901 1245 τὰ
2950 1185 3088 1252 ὦτα,
3143 1189 3317 1243 δοκῶν
3342 1190 3832 1260 ἀπηγορευμένων

2259 1288 2483 1345 ἀκούειν
2514 1290 2580 1358 τῆ
2613 1284 2871 1356 εὐσεϐείᾳ
2898 1282 3115 1354 φωνῶν,
3153 1284 3247 1334 καὶ
3273 1282 3372 1351 τῆς
3412 1281 3832 1353 ἀνωμολογημέ-

2259 1397 2359 1452 νης
2389 1380 2503 1441 τοῖς
2524 1376 2776 1430 εὐσεϐέσι
2809 1375 2991 1444 φωνῆς
3020 1372 3277 1425 ἐναντίων
3307 1388 3321 1402 ·
3357 1369 3604 1439 δηλονότι
3626 1374 3727 1440 τῆς
3751 1372 3833 1421 λε-

2263 1468 2471 1539 γούσης
2493 1485 2508 1499 ·
2548 1486 2566 1518 t
2592 1466 2794 1537 Κύριος
2849 1465 2878 1517 ὁ
2905 1463 3037 1526 Θεός
3072 1479 3189 1522 σου,
3232 1461 3437 1531 Κύριος
3472 1455 3553 1524 εἷς
3597 1460 3744 1514 ἐστιν
3769 1477 3784 1489 ν
3813 1482 3829 1510 ι

2261 1560 2405 1616 οὕτω
2432 1561 2526 1612 καὶ
2556 1558 2651 1611 νῦν
2685 1559 2826 1627 τάχα
2854 1555 2921 1609 ἂν
2957 1553 3101 1625 πάθῃ
3140 1570 3244 1615 τις,
3296 1554 3371 1623 μὴ
3403 1552 3522 1620 μετ’
3556 1551 3835 1614 εὐλαϐείας

2261 1653 2478 1707 ἀκούων
2515 1651 2624 1704 τῶν
2676 1649 2857 1720 μόνοις
2886 1646 3252 1714 ἐγνωσμένων
3286 1646 3396 1706 τοῖς
3419 1644 3490 1696 δι’
3516 1644 3719 1715 ἀρετὴν
3749 1661 3836 1696 κε-

2264 1743 2630 1816 καθαρμένοις
2670 1736 3099 1810 μυστηρίωντοῦ
3125 1735 3464 1804 Πνεῦματος.
3500 1733 3836 1804 ⁹Αλλίἷ>σνιερ

2261 1832 2416 1899 αὖθις
2445 1837 2479 1905 ή
2514 1834 2622 1886 τῶν
2654 1831 3012 1902 προρρήσεων
3039 1826 3265 1880 ἐκείνων
3293 1825 3540 1891 ἔκϐασις,
3571 1826 3837 1897 σύμφωνα

2260 1929 2372 1990 τοῖς
2435 1926 2690 1995 φανεροῖς
2718 1919 2955 1984 ἀνέδειξε
2995 1918 3065 1972 τά
3091 1920 3212 1972 τότε
3269 1918 3568 1989 μυστήρια,
3604 1918 3704 1970 καὶ
3746 1932 3836 1967 πι-

2263 2019 2528 2087 στεύομεν
2566 2016 2664 2069 νῦν
2692 2016 2771 2076 είς
2798 2013 3039 2082 Πατέρα,
3063 2012 3155 2063 καὶ
3178 2008 3326 2072 Υίδν,
3358 2009 3453 2061 καὶ
3486 2007 3646 2075 ἅγιον
3670 2004 3838 2059 Πνεῦ-

2263 2128 2359 2181 μα,
2387 2110 2628 2179 Θεότητα
2644 2106 3099 2178 τρισυπόστατον,
3126 2101 3254 2172 μίαν
3268 2102 3431 2170 φύσιν
3449 2100 3650 2172 ἁπλῆν,
3676 2099 3836 2152 ἀσύν·

2260 2201 2434 2263 θετον,
2465 2200 2741 2264 ἄκτιστον,
2761 2196 3014 2268 ἀόρατον,
3033 2194 3417 2264 ἀπερινόητον·
3446 2190 3592 2246 οὕτω
3616 2192 3713 2245 καὶ
3742 2191 3835 2244 τοῦ

2262 2292 2549 2361 μέλλοντος
2577 2289 2795 2354 αἰῶνος,
2827 2291 2885 2341 ὲν
2910 2288 3122 2357 καιροῖς
3151 2285 3301 2348 ἰδίοις
3330 2283 3826 2352 ἀποκαλυφθέντος,

2260 2382 2405 2436 κατά
2457 2380 2555 2447 τὴν
2606 2379 2886 2449 ἄφραστον
2917 2374 3184 2444 ἐκφανσιν
3213 2373 3308 2426 τοῦ
3341 2374 3399 2424 ἐν
3430 2374 3580 2442 τρισὶ
3604 2371 3835 2433 τελείαις

2261 2471 2620 2528 ὑποστάσεσιν
2649 2471 2770 2533 ἑνὸς
2800 2468 2960 2534 Θεοῦ,
2996 2466 3267 2537 σύμφωνα
3303 2468 3417 2528 τοῖς
3467 2466 3636 2519 πᾶσιν
3666 2467 3834 2533 ἐκφα-

2259 2566 2480 2636 νήσεται
2506 2564 2621 2624 τοῖς
2658 2561 2914 2630 φανεροῖς
2939 2557 3007 2612 τὰ
3036 2558 3332 2628 μυστήρια.
3370 2559 3462 2609 Δεῖ
3505 2555 3691 2626 μέντοι
3736 2557 3833 2609 κά-

2261 2656 2408 2709 κεῖνο
2427 2652 2652 2706 σκοπεῖν
2675 2664 2689 2679 ·
2716 2648 2792 2713 ὡς
2821 2649 2871 2701 εί
2906 2649 3001 2701 καί⁵
3036 2648 3148 2710 τοῖς
3182 2646 3386 2716 πέρασι
3431 2645 3531 2714 τῆς
3555 2645 3660 2713 γῆς
3683 2642 3829 2697 Base-

2263 2763 2354 2816 ρον
2411 2741 2647 2811 ἐξεφάνη
2688 2739 2751 2793 τὸ
2796 2736 3229 2808 τρισυπόστατον
3282 2735 3387 2804 τῆς
3427 2734 3719 2804 Θεότητος,
3762 2732 3837 2802 τῷ

2259 2835 2405 2906 λόγῳ
2432 2836 2532 2903 τῆς
2559 2829 2881 2903 μοναρχίας,
2913 2827 3187 2899 μηδαμῶς
3231 2826 3664 2897 λυμαινόμενον,
3706 2824 3837 2878 ἀλλά

2259 2931 2372 2991 τοῖς
2405 2926 2717 2998 προφήταις
2749 2922 3003 2985 ἐκείνοις,
3033 2920 3131 2974 καὶ⁵
3157 2919 3266 2988 πρὸ
3291 2921 3391 2989 τῆς
3429 2918 3710 2982 ἐκϐάσεως
3729 2918 3835 2972 τῶν
3934 2936 3935 2939 η

2260 3017 2624 3091 πραγμάτων,
2676 3013 2923 3086 ἀκριϐῶς
2961 3009 3315 3080 ἐγινώσκετο,
3351 3008 3450 3063 καὶ
3491 3012 3607 3074 τοῖς
3654 3010 3834 3070 αὐτοῖς

601 3122 819 3174 umque
856 3122 1031 3160 rerum
1070 3107 1397 3174 possessioni
1453 3108 1842 3176 hominumque
1885 3108 2073 3179 gloriae
2098 3118 2153 3166 et

2263 3107 2559 3179 τηνικαῦτα
2600 3103 2968 3175 πειθομένοις,
3000 3099 3415 3171 εὺΜράδεκτον
3441 3094 3546 3170 ἦν*
3581 3099 3672 3151 τὸν
3724 3098 3835 3150 ἴσον

587 3196 747 3251 [ωαιε
780 3198 1023 3265 corporis
1046 3197 1416 3266 voluptatibus
1442 3198 1508 3251 ad
1541 3200 1971 3268 amplectendam
1987 3214 2152 3255 evan-

587 3290 811 3357 geltcatn
835 3288 998 3342 vitam
1022 3303 1124 3343 non
1170 3289 1344 3343 solum
1372 3289 1844 3355 renuntiaverunt,
1870 3293 1962 3344 sed
1988 3292 2152 3345 etiam

585 3381 729 3436 hanc
759 3381 1284 3435 abrenuntiationem
1303 3380 1609 3435 obedientia
1635 3368 2156 3438 coartaneis'Christi

588 3471 1069 3532 confirmaverunt,
1098 3471 1201 3524 sibi
1233 3469 1378 3524 enim
1407 3481 1464 3523 et
1497 3469 1606 3524 Deo
1642 3486 1739 3538 per
1767 3474 2005 3541 quietem
2036 3473 2156 3527 sine

589 3564 956 3617 sollicitudine
980 3573 1254 3631 vacantes,
1286 3572 1342 3615 et
1398 3562 1515 3632 jugi
1566 3565 1819 3618 oratione
1870 3580 2033 3632 supra
2095 3579 2156 3620 se

589 3655 1028 3718 ascendentes,et
1062 3655 1338 3724 conjuncti
1371 3654 1479 3708 Deo
1501 3670 1595 3724 per
1613 3656 1895 3725 mysticam
1925 3667 1981 3711 et
2011 3658 2154 3712 inin-

592 3745 925 3813 telligibdem
991 3761 1113 3799 cum
1173 3762 1237 3799 eo
1298 3748 1577 3813 unionem,
1643 3762 1762 3817 quae
1804 3761 1933 3805 sunt
1989 3766 2153 3822 supra

592 3850 832 3893 mentem
878 3841 1019 3894 docti
1079 3847 1246 3907 sunt;
1290 3839 1382 3893 alii
1440 3854 1566 3894 vero
1623 3842 1817 3896 initiati
1875 3851 2001 3899 sunt
2059 3859 2157 3899 sua

590 3945 719 4001 erga
746 3932 845 3984 bos
873 3929 1239 3996 veneratione,
1273 3930 1379 3986 llde
1410 3945 1475 3986 ac
1498 3934 1815 3990 dilectione.
1876 3935 1968 3992 Sic
1992 3936 2159 4007 igitur

592 4034 647 4075 et
679 4038 798 4088 nos,
835 4022 1114 4077 audientes
1140 4037 1394 4092 magnum
1437 4022 1750 4096 Dionysium
1806 4025 1862 4081 ln
1920 4028 2157 4084 secunda

512 4148 515 4155 ι
547 4169 557 4184 ,
589 4114 656 4168 ad
687 4113 875 4169 Caium
903 4115 1128 4184 epistola
1153 4118 1416 4171 dicentem
1444 4134 1458 4171 :
1491 4135 1510 4169 ι
1536 4116 1795 4173 Deiticum
1833 4118 1926 4174 Dei
1958 4121 2157 4176 donum

516 4187 711 4280 “Iesse
741 4206 1082 4263 divinitatem
1118 4218 1171 4264 et
1228 4209 1445 4264 deitatis
1494 4203 1844 4282 principium,
1917 4221 1973 4266 et
2030 4213 2159 4269 ani

520 4343 523 4347 .
591 4301 815 4365 fontem,
852 4310 906 4356 et
939 4304 1152 4356 dantem
1179 4301 1318 4356 hanc
1338 4303 1565 4370 gratiam
1587 4302 1767 4373 dignis
1791 4303 1959 4358 Deutn
1990 4321 2157 4377 supra

516 4389 523 4396 ’
594 4395 733 4447 banc
762 4392 1103 4447 divinitatem
1129 4392 1581 4447 esse'credimus.
1618 4409 1639 4445 ι
1692 4390 2155 4463 Multiplicitatem

594 4490 735 4540 enim
767 4485 909 4540 Deus
937 4500 1044 4539 non
1076 4486 1301 4554 patitur,
1333 4499 1433 4539 nec
1455 4482 1593 4539 duas
1652 4484 1732 4540 sic
1772 4486 1972 4556 aliquis
2028 4490 2156 4544 dicit

2264 4490 2358 4543 καὶ
2393 4487 2595 4551 πίστει,
2623 4486 2718 4540 καὶ
2739 4487 2964 4555 στοργῇ.
2996 4482 3155 4538 Οὕτω
3190 4482 3375 4536 τοίνυν
3410 4481 3507 4537 καὶ
3537 4484 3728 4553 ἡμεῖς,
3758 4480 3848 4535 τοῦ
3934 4544 3939 4551 _

518 4588 525 4595 ‘
592 4578 929 4633 divinitatea.
960 4576 1032 4630 At
1073 4576 1219 4631 banc
1255 4575 1503 4630 deificam
1568 4576 1664 4632 Dei
1712 4584 1942 4650 gratiam
2000 4582 2160 4638 divus

590 4669 860 4724 Maximus
890 4672 956 4723 de
985 4667 1378 4723 Melchisedech
1407 4670 1654 4726 scribens
1684 4671 1986 4726 increatam
2037 4689 2159 4728 esse

592 4768 945 4829 demonstrat,
979 4771 1034 4815 et
1061 4774 1277 4827 semper
1303 4764 1596 4829 procedere
1651 4776 1682 4816 a
1743 4778 1962 4834 semper
2012 4766 2162 4819 exsi-

592 4864 769 4909 stente
792 4853 902 4907 Deo
931 4867 949 4919 ;
981 4862 1037 4907 et
1063 4849 1188 4906 alibi
1216 4866 1357 4921 saepe
1380 4852 1559 4907 lumen
1589 4854 1719 4909 illud
1754 4865 1909 4910 vocat
1930 4873 1951 4907 ι
1990 4857 2162 4913 lucem

591 4946 888 5016 ingenitam
913 4947 1461 5015 substantialemque,
1484 4956 1539 5000 et
1574 4948 1771 5016 dignis,
1793 4950 2012 5015 quando
2034 4948 2164 5004 facti

590 5047 718 5095 sunt
751 5038 917 5108 digni,
953 5037 1376 5102 manifestatam,
1414 5038 1509 5093 sed
1535 5053 1639 5093 non
1667 5049 1796 5092 tunc
1830 5041 2050 5105 factam,
2110 5050 2166 5096 et

588 5129 767 5185 lucem
799 5127 1080 5184 inelfabilis
1100 5130 1309 5199 gloriae,
1338 5137 1390 5184 et
1415 5131 1725 5198 angelorum
1754 5130 2098 5186 munditiam.
2138 5150 2157 5184 ι

593 5222 816 5293 Magnus
842 5231 1020 5276 autem
1071 5220 1344 5276 Macarius
1398 5221 1530 5275 illud
1595 5233 1917 5290 nuncupatt
1980 5224 2163 5277 incor-

591 5315 860 5386 poralium
893 5328 1098 5379 escam,
1124 5325 1177 5368 et
1210 5314 1438 5383 gloriam
1463 5325 1670 5366 natura:
1722 5313 1941 5378 divinae,
1973 5324 2030 5369 et
2075 5314 2161 5368 fu—

597 5409 703 5460 turi
733 5406 912 5461 saeculi
942 5404 1426 5476 pulchritudinem,
1460 5405 1636 5474 ignem
1670 5404 1933 5459 divimum
1963 5421 2024 5459 ac
2064 5422 2160 5461 su-

593 5505 992 5577 per-cmlestem,
1024 5501 1201 5552 lumen
1226 5494 1494 5552 inelfabile
1517 5506 1573 5553 et
1622 5497 2005 5563 intellectuale,
2074 5513 2157 5551 ιιι-ε

598 5603 750 5654 rbam
784 5595 1017 5668 Spiritus
1040 5594 1238 5659 sancti,
1265 5591 1532 5646 laetificum
1565 5591 1871 5647 sanctitatis
1903 5591 2105 5646 oleum.
2132 5607 2152 5641 ι

708 5780 755 5815 ’⁵⁸
821 5782 983 5838 Marc.
1019 5797 1120 5850 tm,
1153 5780 1239 5833 l9.

2259 3204 2369 3272 ἄρα
2392 3200 2619 3273 τρόπον,
2658 3197 2780 3251 οὐδὲ
2836 3194 2934 3249 νῦν
2981 3195 3110 3257 τοὺς
3162 3192 3356 3261 λόγους
3402 3191 3505 3263 τῆς
3550 3190 3836 3262 ὁμολογίας

2260 3289 2706 3362 ἀγνοοῦμεν,τῶν
2728 3305 2788 3342 τε
2809 3286 3095 3358 παρρησίᾳ
3129 3285 3577 3356 κηρυττομένων,
3606 3284 3700 3336 καὶ
3731 3282 3837 3335 τῶν

2265 3382 2542 3454 μυστικῶς
2582 3382 2640 3433 ὲν
2665 3378 2945 3450 Ιῐνεύματι
2982 3381 3094 3442 τοῖς
3143 3376 3318 3442 ἀξίοις
3369 3377 3835 3446 προφαινομένων·

2262 3476 2313 3527 ot
2345 3474 2445 3544 μὲν
2473 3472 2613 3542 αὐτῇ
2642 3473 2710 3541 τῇ
2760 3469 2930 3540 πείρᾳ
2964 3467 3335 3540 μεμυημένοι,
3368 3467 3487 3520 ὅσοι
3536 3470 3605 3536 τῇ
3628 3482 3691 3518 τε
3734 3466 3842 3520 τῶν

2264 3565 2563 3635 χρημάτων
2595 3563 2810 3631 κτήσει,
2852 3561 2949 3614 καὶ
2967 3562 3036 3631 τῇ
3070 3560 3180 3613 τῶν
3220 3557 3530 3629 ἀνθρώπων
3566 3558 3719 3629 δόξῃ,
3752 3561 3842 3612 καὶ

2266 3660 2386 3720 ταῖς
2409 3656 2681 3725 σωμάτων
2709 3655 2770 3707 οὑ
2798 3652 2992 3716 καλαῖς
3022 3653 3259 3723 ἡδοναῖς,
3289 3652 3379 3706 διά
3404 3652 3507 3721 τὴν
3547 3652 3842 3720 Εὑαγγελι-

2266 3753 2370 3820 κὴν
2406 3750 2751 3815 ἀπετάξαντο
2790 3745 2957 3818 ζωήν,
2992 3747 3056 3801 οὐ
3116 3746 3278 3816 μόνον
3299 3746 3377 3812 δὲ,
3424 3746 3565 3800 ἀλλά
3612 3747 3712 3801 καὶ
3750 3746 3843 3816 τὴν

2266 3841 2549 3914 ἀποταγὴν
2571 3840 2798 3910 ταύτην,
2855 3839 2944 3893 διὰ
2996 3838 3094 3909 τῆς
3152 3841 3290 3908 πρὸς
3318 3840 3445 3903 τοὺς
3497 3840 3559 3892 ὲν
3590 3842 3660 3911 τῇ
3710 3842 3844 3892 κατα

2267 3932 2500 4010 Χριστὸν
2524 3934 2710 4006 ἡλικίᾳ
2738 3932 3119 4004 προσήκοντας
3150 3931 3494 3984 ἐϐεϐαίωσαν
3526 3932 3837 4001 ὑποταγῆς

2269 4030 2482 4094 ἑαυτοῖς
2505 4029 2636 4098 γάρ,
2669 4027 2767 4081 καὶ
2790 4025 2870 4098 τῷ
2897 4022 3018 4095 Θεῷ
3035 4023 3102 4078 δι’
3126 4023 3356 4095 ἡσυχίας
3392 4024 3840 4094 ἀπεριμερίμνως

2269 4121 2652 4195 σχολάσαντες,
2693 4119 2789 4173 καὶ
2824 4117 2915 4170 διὰ
2967 4114 3282 4186 προσευχῆς
3318 4115 3677 4185 εἰλικρινοῦς.
3707 4114 3841 4185 ὑπὲρ

2270 4216 2497 4278 ἑαυτοὺς
2522 4212 2826 4285 γενόμενοι,
2864 4208 2962 4263 καὶ
3006 4208 3290 4277 γεγονότες
3323 4209 3382 4260 ὲν
3429 4207 3577 4280 Θεῷ,
3610 4209 3705 4262 διὰ
3745 4207 3838 4275 τῆς

2266 4307 2404 4379 πρὸς
2433 4305 2599 4359 αὐτὸν
2635 4302 2907 4375 μυστικῆς
2950 4303 3094 4373 ὑπὲρ
3123 4300 3247 4356 νοῦν
3291 4299 3569 4367 ἑνώσεως,
3614 4303 3689 4356 τά
3715 4301 3846 4371 ὑπὲρ

2263 4398 2389 4452 νοῦν
2410 4395 2753 4467 ὲμυήθησανο
2772 4395 2821 4447 οῖ
2843 4393 2924 4457 δὲ,
2956 4395 3023 4465 τῇ
3056 4392 3193 4463 πρὸς
3216 4392 3345 4454 τοὺς
3371 4391 3658 4456 τοιούτους
3694 4393 3845 4454 αἰδοῖ.

2265 4580 2504 4653 μεγάλου
2526 4578 2803 4632 Διονυσίου
2827 4578 3076 4645 λέγοντος
3101 4574 3413 4638 ἀκούοντες,
3442 4575 3501 4627 ὲν
3524 4578 3597 4646 τῇ
3624 4576 3847 4645 δευτέρᾳ

2262 4673 2399 4744 πρὸς
2434 4673 2593 4725 Γάϊον
2628 4670 2888 4741 ἐπιστολῇ
2911 4687 2924 4698 ·
2964 4671 3040 4723 Τὸ
3067 4668 3165 4721 τοῦ
3203 4667 3340 4722 Θεοῦ
3372 4668 3626 4722 θεοποιὸν
3656 4668 3843 4739 δῶρον,

2264 4766 2515 4837 θεότητα,
2560 4766 2656 4818 καὶ
2686 4764 2948 4835 Θεαρχίαν
2984 4763 3080 4815 καὶ
3107 4761 3471 4833 ἀγαοαρχίαν.
3502 4762 3601 4814 καὶ
3635 4762 3729 4814 τὸν
3755 4759 3848 4828 τήν

2261 4860 2423 4929 χάριν
2439 4857 2642 4927 ταύτην
2662 4859 2773 4920 τοῖς
2796 4855 2968 4920 ἀξίοις
2991 4855 3299 4925 παρέχοντα
3315 4854 3469 4920 Θεὸν,
3486 4853 3629 4924 ὑπὲρ
3648 4852 3846 4919 ταύτην

2260 4950 2360 5019 τὴν
2385 4948 2617 5017 Θεότητα
2646 4943 2786 5000 εἶναι
2812 4944 3140 5015 πειθόμεθα.
3167 4942 3668 5012 Πολυπλασιασμὺν
3686 4942 3792 5010 γὰρ
3813 4940 3843 4989 ὀ

2263 5041 2399 5105 Θεὸς
2428 5041 2490 5094 οὐ
2520 5041 2751 5112 πάσχει,
2803 5038 2925 5093 οὐδὲ
2953 5038 3048 5093 δύο
3075 5038 3224 5106 λέγει
3253 5054 3339 5099 τις
3377 5034 3521 5090 οὕτω
3565 5036 3845 5103 θεότητας.

2275 5134 2438 5188 Ἀλλά
2484 5134 2585 5205 τήν
2612 5132 2860 5186 Θεοποιὸν
2889 5130 3093 5200 ταύτην
3120 5130 3284 5200 χάριν
3309 5127 3406 5182 τοῦ
3445 5126 3608 5191 Θεοῦ,
3635 5128 3667 5180 ὁ
3707 5125 3849 5183 θῑῖος

2262 5226 2513 5295 Μάξιμος
2544 5225 2674 5294 περὶ
2706 5223 2801 5278 τοῦ
2835 5220 3170 5293 Μελχισεδὲκ
3202 5221 3453 5292 γράφων,
3477 5221 3733 5273 άκττστον
3764 5212 3847 5269 εἷο

2271 5337 2360 5373 ναι
2392 5317 2773 5386 ἀποφαίνεται,
2817 5315 2913 5369 καὶ
2964 5314 3052 5367 ἀεὶ
3098 5313 3266 5367 οὖσαν
3304 5314 3370 5367 ὲκ
3420 5312 3513 5366 τοῦ
3553 5312 3643 5367 ἀεὶ
3694 5310 3849 5370 ὄντος

2263 5411 2425 5477 Θεοῦ,
2456 5409 2695 5481 ἀλλαχοῦ
2720 5410 2777 5462 δὲ
2795 5405 3089 5477 πολλαχοῦ,
3116 5404 3415 5476 ἀγέννητον
3436 5420 3495 5457 τε
3525 5404 3620 5456 καὶ
3650 5399 3847 5454 ἐνυπά-

2268 5521 2464 5559 στατον
2484 5503 2599 5574 φῶς
2620 5504 2730 5567 τοῖς
2752 5499 2947 5568 ἀξίοις,
2974 5498 3116 5568 ἡνίκ’
3142 5498 3211 5553 ἂν
3224 5497 3471 5565 γένοιντο
3491 5495 3657 5561 ἄξιοι,
3670 5509 3848 5563 φανεο

2264 5596 2556 5667 ρούμενον,
2591 5594 2702 5648 ἀλλ’
2725 5595 2786 5647 οὐ
2813 5592 2933 5646 τότε
2963 5591 3271 5663 γινόμενον.
3303 5586 3477 5643 Τοῦτο
3497 5586 3560 5641 τὺ
3589 5586 3706 5655 φῶς
3751 5578 3846 5638 οὗ·
