4102 6344
336 281 474 362 12έ9

1523 286 2087 377 naeiontthUs
2107 292 2389 386 'l‘OMUS.

3454 339 3592 403 120

332 421 445 476 τος,
471 413 569 467 καὶ
603 415 718 483 φῶς
769 416 1160 491 ὑπεραρῤἡτου
1207 421 1386 493 δόξης,
1437 426 1529 477 καὶ
1573 427 1823 494 ἀγγέλων
1879 432 2231 505 καθαρότητα
2278 437 2533 504 ὀνομάζει
2563 453 2577 468 ⁶
2610 438 2636 490 ὁ
2674 440 2729 492 δέ
2767 441 2944 513 μέγας
2997 417 3308 516 Μακάριος,
3361 465 3455 502 και
3482 440 3590 500 τῶν

331 507 644 576 ἀσωμάτων
675 510 905 581 τροφὴν,
938 513 1034 564 καὶ
1059 512 1160 582 τῆς
1187 513 1346 577 Θείας
1382 517 1602 600 φύσεως
1630 521 1815 594 δόξαν,
1834 527 1948 607 ,καὶ
1975 527 2069 580 τοῦ
2103 530 2394 597 μέλλοντος
2421 535 2620 599 αἰῶνος
2654 507 2943 604 καλλονῐὴν,
2973 539 3086 610 πῦρ
3133 507 3398 596 ostentarat
3429 545 3592 597 ἐπον-

334 600 542 667 ράνιον,
572 601 687 668 φῶς
719 601 984 674 ἄρρητον,
1017 605 1114 657 καὶ
1141 607 1351 676 νοερὲν,
1386 609 1684 680 ἀρραϐῶνα
1708 605 2030 686 Πνεύματος
2060 623 2262 704 ἁγίου,
2282 624 2606 689 άγιαστικὸν
2641 600 3016 696 ἀγαλλιάσεως
3042 600 3242 688 ἐλαιον.

407 700 595 762 Ὅστις
651 695 764 762 οῦν,
806 716 932 761 τους
965 689 1064 768 τὴν
1094 700 1340 754 θεοποιὸν
1370 699 1576 770 ταύτην
1621 701 1780 770 χάριν
1814 702 1910 755 τοῦ

2078 701 2400 778 Quicunque
2447 712 2610 780 igitur
2640 714 2884 768 dicentes
2915 718 3054 769 hanc
3083 714 3180 770 Dei
3206 701 3433 787 gratiam
3457 710 3580 775 esse

325 790 492 855 Θεοῦ,
525 791 802 854 άκτιστον,
825 790 919 844 καὶ
949 791 1273 868 ἀγέννητον,
1311 791 1406 845 καὶ
1421 792 1785 846 ἐνυπόστατον
1824 792 1883 846 λέ

2000 799 2294 854 increatam
2333 803 2754 875 ingenitamque
2782 816 2838 858 et
2881 807 3324 875 substa'utialem,
3372 811 3577 866 Massa-

325 897 546 947 γοντας,
573 883 686 944 τοῖς
731 883 1134 947 Μασσαλιανοῖς
1202 885 1480 938 συντάττει
1534 886 1628 939 καὶ
1656 886 1908 950 meum;

327 972 509 1037 καλεῖ,
536 971 695 1042 εἴπερ
712 973 819 1044 ἄρα
840 976 928 1038 τίς
959 977 1133 1038 ἐστιν,
1157 969 1312 1038 οὗτος
1351 979 1484 1031 ἵστω
1513 980 1625 1041 τοῖς
1650 977 1742 1030 τοῦ
1774 979 1910 1032 Θεοῦ

321 1054 507 1126 ἁγίοις
533 1066 932 1135 ἀντικείμενος,
969 1069 1066 1121 καὶ
1090 1068 1183 1122 τοῦ
1207 1070 1411 1140 κλήρου
1429 1071 1536 1124 τῶν
1559 1071 1906 1141 σωζομένων,

314 1155 375 1204 εί
408 1153 482 1224 μὴ
516 1157 946 1227 μεταμεληθείη,
999 1159 1192 1212 ἑαυτὸν
1237 1160 1537 1224 ἐκϐάλλων,
1604 1164 1698 1214 καὶ
1748 1163 1910 1227 αὐτὸς

313 1247 609 1300 ἐκπίπτων
633 1248 726 1300 τοῦ
758 1249 875 1311 ἐνὸς
910 1251 1005 1302 καὶ
1022 1251 1184 1320 μόνου
1205 1252 1312 1304 τῶν
1346 1254 1515 1320 ἁγίων
1540 1255 1701 1321 φύσει
1727 1256 1863 1309 Θεοῦ
1888 1273 1903 1288 ο

311 1336 473 1397 ὅστις
504 1338 561 1390 δέ
621 1340 918 1402 πιστεύων,
971 1343 1065 1393 καὶ
1107 1343 1447 1412 πειθόμενος,
1483 1348 1576 1398 καὶ
1623 1347 1906 1418 συμφθεγο

314 1429 557 1498 γὸμενος
591 1434 702 1493 τοῖς
734 1432 929 1498 ἁγίοις,
963 1435 1052 1486 καὶ
1078 1435 1152 1504 μὴ
1185 1438 1656 1509 προφασιζόμενος
1693 1443 1906 1512 προφά-

311 1534 438 1580 σεις
471 1519 528 1571 ὲν
557 1519 876 1592 ἁμαρτίαις,
914 1523 973 1575 τὸ
1029 1524 1126 1594 μὲν
1161 1527 1413 1596 φανερῶς
1467 1528 1759 1601 λεγόμενον
1803 1535 1905 1590 οὐκ

306 1611 657 1675 ἀποσείεται,
689 1612 768 1676 ὡς
816 1615 1048 1679 ἀγνοῶν,
1095 1618 1283 1684 ἀγνοεῖ
1333 1620 1392 1673 δὲ
1430 1621 1520 1675 τὸν
1547 1624 1749 1694 τρόπον
1806 1628 1900 1680 τοῦ

1995 891 2154 945 lianis
2187 893 2511 949 adnumerat
2546 904 2601 949 et
2637 896 2901 953 dualistas
2934 912 3112 965 vocat,
3149 903 3190 954 si
3227 904 3350 970 quis
3389 919 3583 974 nempe

1994 984 2084 1042 sit,
2120 983 2221 1036 iste
2250 983 2388 1038 sciat
2419 1001 2476 1040 se
2514 990 2724 1042 sanctis
2773 987 2866 1042 Dei
2900 991 3198 1054 adversari,
3240 1005 3309 1058 et.
3361 995 3430 1048 ab
3467 998 3581 1049 ele-

1994 1083 2203 1126 ctorum
2229 1070 2399 1139 sorte,
2433 1071 2479 1130 si
2519 1093 2621 1128 non
2659 1065 2960 1146 resipiScat,
2983 1075 3223 1150 seipsum
3269 1078 3490 1152 ejicere,
3526 1096 3584 1138 et

1993 1162 2249 1220 excidere
2303 1167 2372 1221 ab
2405 1183 2513 1219 uno
2548 1168 2778 1236 soloque
2820 1181 3011 1226 sancto
3054 1185 3243 1228 natura
3285 1172 3413 1229 Deo.
3451 1178 3584 1242 Qui-

1992 1270 2207 1324 cunque
2256 1271 2434 1312 autem
2481 1260 2731 1325 credens,
2763 1270 2817 1314 et
2870 1261 3156 1327 obediens,
3187 1274 3242 1319 et.
3271 1281 3582 1320 consonans

1992 1350 2216 1413 sanctis,
2289 1365 2388 1404 nec
2439 1353 2850 1419 peccamiuosos
2909 1366 3212 1423 praetexens
3267 1359 3582 1426 praeteritus,

1994 1439 2140 1492 clare
2173 1436 2396 1508 quidem
2431 1442 2638 1496 dictum
2677 1457 2784 1498 non
2819 1444 2997 1515 rejicit
3031 1459 3088 1501 ut
3122 1448 3399 1518 ignorans,
3437 1452 3584 1517 igno-

1994 1538 2077 1582 rat
2115 1543 2242 1582 vero
2273 1531 2489 1583 modum
2529 1533 2794 1601 mysterii,
2835 1550 2940 1588 non
2973 1536 3300 1605 dedign'etur
3331 1556 3582 1607 quaerere

1994 1635 2058 1674 ac
2079 1619 2293 1676 discere
2313 1635 2344 1674 a
2361 1623 2678 1678 scientibus.
2699 1624 2850 1679 Sciet
2869 1627 3014 1680 enim
3033 1629 3168 1680 nihil
3197 1629 3584 1683 inconvuticns

309 1701 652 1771 μυστηρίου,
713 1704 790 1774 μὴ
847 1706 1164 1770 ἁπαξιούτω
1199 1709 1405 1777 ζητεῖν,
1463 1714 1556 1766 καὶ
1586 1685 1883 1784 ’μανθάνειη

1995 1723 2116 1767 esse
2143 1712 2342 1767 divinis
2368 1717 2713 1769 sermonibus
2739 1726 2792 1770 et.
2819 1718 3002 1781 rebus.
3035 1725 3089 1772 et
3118 1720 3280 1773 etiam
3316 1722 3370 1774 in
3405 1725 3580 1775 niaxi-

305 1791 470 1859 παρὰ
502 1792 610 1844 τῶν
659 1794 896 1850 εἰδότων.
954 1797 1173 1852 Εῐσεται
1223 1800 1352 1870 γὰρ,
1388 1801 1464 1864 ὡς
1502 1804 1654 1858 οὐδὲν
1698 1807 1897 1878 ἀνακότ

302 1880 508 1933 λουθον
548 1885 662 1946 τοῖς
692 1883 859 1948 θείοις
910 1886 1090 1954 λόγοις
1125 1892 1222 1943 καὶ
1281 1894 1592 1964 πράγμασι,
1615 1897 1712 1950 καὶ
1742 1897 1896 1952 ταῦτ’

298 1971 549 2026 ἐπὶτῶν
597 1974 1067 2046 ἀναγκαιοτάτων,
1108 1981 1200 2034 καὶ
1263 1977 1339 2037 ὧν
1371 1985 1500 2038 ἄνευ
1551 1988 1704 2043 οὐδὲν
1735 1991 1894 2044 οὐδα-

299 2065 431 2134 μῶς
472 2064 539 2118 ἂν
595 2069 848 2140 συσταίη,
890 2069 1013 2124 οὔτε
1048 2077 1347 2146 μυστήριον
1391 2079 1528 2142 ὅλως
1567 2081 1892 2154 θεοπρεπὲς.

385 2156 574 2220 Ὅστις
625 2160 760 2230 μόνῃ
801 2165 866 2232 τῇ
925 2165 1159 2234 μιμήσει
1190 2185 1250 2220 τε
1302 2171 1397 2222 καὶ
1459 2173 1665 2244 σχέσει,
1723 2183 1892 2249 χωρὶς

293 2247 408 2316 τῆς
431 2248 679 2302 θεοποιοῦ
708 2251 931 2321 χάριτος
971 2254 1063 2308 τοῦ
1113 2259 1453 2329 Πνεύματος,
1499 2266 1598 2335 τὴν
1631 2273 1766 2337 πρὸς
1800 2247 1892 2324 τὸν

290 2337 445 2390 Θεὸν
479 2339 693 2393 τελείαν
743 2343 939 2396 ἕνωσιν
987 2347 1350 2415 ἀποφαίνεται
1401 2353 1691 2422 τελεῖσθαι,
1747 2361 1890 2416 κατὰ

293 2429 432 2491 τοὺς
455 2428 714 2500 ὁμοήθεις
753 2435 848 2486 καὶ
893 2437 1294 2507 άγαπωμὲνους
1353 2444 1445 2496 ὑπ’
1495 2447 1761 2518 ἀλλήλων,
1793 2455 1888 2508 καὶ

291 2519 406 2589 τὴν
432 2521 676 2575 θεοποιὸν
700 2525 856 2594 χάριν
885 2529 978 2581 τοῦ
1008 2529 1166 2594 Θεοῦ,
1199 2533 1310 2598 ἕξιν
1354 2537 1455 2606 τῆς
1501 2539 1726 2614 λογικῆς
1785 2546 1886 2615 φύ-

293 2628 464 2674 σεως,
513 2612 600 2666 διὰ
628 2616 794 2686 μόνης
825 2621 1113 2690 μιμήσεως
1144 2629 1604 2700 προσγινομένην,
1641 2612 1760 2687 ἀλλ’
1785 2612 1885 2690 οὐκ

271 2702 574 2774 ,ξλλαμψιν
612 2707 868 2778 ὑπερφυᾶ
905 2714 998 2765 καὶ
1045 2714 1384 2788 ἀπόρρητον,
1426 2724 1520 2776 καὶ
1549 2725 1700 2780 θείαν
1733 2730 1884 2801 ἐνέρ-

290 2807 484 2857 γειαν,
509 2796 796 2867 ὁρωμένην
845 2802 1093 2871 ἀοράτως
1111 2808 1219 2869 τοῖς
1238 2807 1578 2878 ἠξιωμένοις,
1610 2816 1702 2868 καὶ
1729 2796 1882 2870 νοοῦσ-

289 2883 476 2952 μένην
514 2886 910 2957 άπερινοήτως,
941 2885 1096 2958 οὗτος
1134 2895 1288 2963 ῐστω,
1316 2903 1381 2970 τῇ
1409 2917 1519 2954 των
1561 2905 1883 2962 Μασσαλια-

285 2973 429 3036 νῶν,
470 2975 545 3038 ὡς
595 2979 696 3031 οὐκ
750 2976 917 3049 οἶδεν,
970 2985 1156 3057 ἀπάτῃ
1200 2991 1535 3060 περιπεσών.
1567 2996 1730 3052 Φύσει
1772 3003 1882 3071 γὰρ

1997 1817 2082 1857 me
2122 1805 2452 1858 necessariis
2506 1812 2562 1860 et
2603 1808 2725 1861 sine
2759 1809 2955 1878 quibus
2993 1811 3126 1864 nihil
3159 1827 3382 1878 prorsus
3448 1829 3582 1866 cun-

1991 1903 2181 1957 staret,
2213 1908 2311 1949 nec
2343 1895 2510 1948 ullum
2543 1899 2856 1960 titysteriutn
2896 1899 3002 1952 Deo
3039 1918 3367 1962 congruens.

2063 2139 2384 2212 Quicunque
2435 2143 2739 2202 imitatione
2770 2160 2974 2206 tantum
3007 2166 3058 2207 et
3085 2157 3292 2218 habitu,
3313 2159 3430 2212 sine
3461 2159 3576 2212 dei-

1992 2232 2089 2284 ﬁca
2113 2232 2346 2301 Spiritus
2362 2237 2556 2305 gratia.
2582 2242 2874 2306 perfectam
2893 2259 3015 2299 cum
3034 2245 3143 2300 Deo
3164 2247 3420 2303 unionem
3461 2254 3574 2306 lieri

1990 2326 2205 2390 asserit,
2234 2324 2378 2380 sicut
2406 2327 2549 2383 inter
2577 2344 2673 2386 eos
2701 2335 2792 2402 qui
2821 2337 2949 2390 sunt
2981 2331 3223 2394 moribus
3263 2343 3576 2399 cdnsimdes

1987 2423 2042 2468 et
2072 2416 2172 2470 sibi
2203 2416 2442 2474 invicem
2474 2414 2677 2489 dilecti,
2703 2432 2758 2479 et
2779 2425 3029 2482 deilicam
3073 2428 3163 2485 Dei
3197 2434 3424 2500 gratiam
3452 2449 3576 2492 esse

1989 2506 2231 2562 habitum
2275 2510 2553 2566 rationalis
2589 2503 2801 2570 natura:
2834 2518 2951 2572 sola
2994 2521 3296 2579 imitatione
3330 2528 3567 2595 acquisi-

1991 2607 2127 2662 tum,
2163 2600 2260 2654 sed
2296 2616 2404 2656 non
2462 2603 2800 2661 ineﬂ‘abilem
2849 2616 3422 2686 supernaturalenique
3457 2620 3572 2673 illu-

1988 2691 2342 2748 minationem
2393 2708 2457 2750 ac
2497 2695 2734 2750 divinam
2777 2704 3169 2768 operationem,
3219 2707 3573 2765 invisibiliter

1988 2783 2156 2837 visam
2189 2799 2218 2836 a
2265 2785 2446 2851 dignis
2494 2795 2549 2842 et
2596 2788 3047 2860 incomprehcnse
3079 2793 3434 2862 intellectam.
3478 2805 3568 2860 hic

1986 2875 2126 2928 sciat
2176 2874 2628 2934 Massalianorum
2680 2897 2740 2938 se
2789 2883 3019 2938 inscium
3067 2890 3240 2944 errori
3291 2892 3565 2951 incidisse.

1983 2959 2185 3020 Natura
2214 2967 2358 3021 enim
2393 2967 2537 3024 Deus
2567 2971 2671 3026 erit
2697 2976 3006 3030 necessario
3038 2993 3260 3045 prorsus
3291 2985 3381 3051 qui
3409 2988 3460 3039 άι
3479 2986 3566 3041 ili-

285 3065 454 3118 ἐσται
489 3069 627 3120 κατὰ
661 3073 838 3126 πᾶσαν
860 3075 1106 3147 ἀνάγκην
1127 3079 1260 3143 Θεὸς
1283 3084 1310 3134 ὁ
1337 3084 1647 3156 θεούμενος,
1667 3093 1715 3143 εί
1739 3061 1880 3149 κατά

1994 3066 2175 3125 catur,
2209 3061 2254 3114 si
2291 3062 2562 3120 deiﬁcatio
2587 3081 2752 3134 penes
2780 3072 3080 3127 naturalem
3117 3077 3369 3132 virtutem
3411 3083 3480 3134 sit
3512 3093 3568 3136 et

283 3159 540 3226 φυσικὴν
567 3159 796 3232 δύναμιν
827 3166 859 3234 ή
885 3166 1079 3231 θέωσις
1109 3169 1287 3236 ἔσται,
1330 3177 1424 3229 καὶ
1453 3181 1566 3242 τοῖς
1604 3180 1751 3250 ὅροις
1781 3186 1880 3255 τῆς

283 3245 518 3312 φύσεως
541 3248 1116 3320 ἐμπεριλαμϐάνεσθαι
1161 3259 1397 3328 πέφυκε.
1434 3266 1525 3336 Μὴ
1565 3245 1748 3323 τοίνυν
1785 3245 1878 3328 οῦζ

279 3353 378 3398 τος
414 3335 523 3406 τὴν
560 3340 769 3392 οἰκείαν
803 3348 1165 3418 περιτροπήν,
1200 3354 1314 3416 τοῖς
1342 3356 1602 3424 ἀσφαλῶς
1648 3361 1879 3418 ἑστῶσιν

278 3428 649 3498 ἐπιχειρείτω
681 3435 1140 3506 προστρίψασθαι,
1191 3444 1286 3496 καὶ
1325 3446 1517 3516 μῶμον
1564 3456 1677 3515 τοῖς
1718 3455 1872 3525 ἀμωσ

278 3518 499 3586 μήτοις
540 3519 638 3587 τὴν
685 3522 868 3575 πίστιν
919 3528 1281 3597 ἐπενεγκεῖν*
1313 3535 1448 3590 ἀλλὰ
1499 3540 1559 3592 τὸ
1617 3518 1874 3616 φρόνημα

277 3608 694 3679 καταθέμενος,
728 3615 1046 3682 μανθανέτω
1089 3625 1238 3692 παρὰ
1269 3627 1378 3681 τῶν
1431 3608 1873 3714 πεπειραμένων,

271 3703 304 3772 ἢ
340 3702 475 3754 τῶι-θ
513 3703 610 3754 ἀπ’
633 3706 856 3760 ἐκείνων
904 3711 1322 3785 δεδιδαγμένων,
1366 3721 1441 3786 ὡς
1479 3702 1708 3797 ἄσχετός
1757 3702 1874 3787 ἐστι

275 3793 649 3895 παντςρζιπασιν
681 3800 714 3867 ἠ
754 3801 852 3869 τῆς
880 3803 1146 3878 Θεότητος
1179 3811 1357 3882 χάρις,
1403 3818 1504 3870 οὐκ
1551 3793 1749 3891 ἕξουσα
1777 3825 1874 3895 τὴν

276 3881 510 3978 οίανοῦν
535 3883 790 3959 δεκτικὴν
812 3890 1012 3963 ἑαυτῆς
1046 3899 1104 3950 ἐν
1154 3905 1221 3972 τῇ
1254 3904 1416 3972 φύσει
1444 3881 1674 3978 δύναμιν
1699 3929 1714 3944 ο
1749 3881 1870 3967 ιπὲι

281 3973 384 4071 cex
410 3969 498 4025 ἔτι
530 3975 692 4074 χάρις
746 3981 923 4074 ἐστὶν,
965 3986 1103 4074 ἀλλὰ
1157 3969 1457 4074 τῆςξ-κατὰλ
1483 3969 1592 4074 τὴν
1633 4002 1868 4074 φυσικήν

279 4056 528 4126 δύναμιν
559 4059 842 4126 ἐνεργείας
884 4056 1221 4133 φανέρωσιςξ
1255 4068 1366 4122 Καὶ
1407 4056 1876 4144 οὐδὲ’παράδοξόν

282 4145 442 4198 ἔσται
482 4146 549 4197 τὸ
574 4148 888 4219 γενόμενον,
925 4153 974 4205 εί
998 4157 1138 4209 κατὰ
1171 4157 1424 4232 δεκτικὴν
1469 4163 1709 4234 δύναμιν
1737 4171 1874 4222 θεώ-

282 4243 424 4299 σεως
530 4235 726 4302 θέωσις
757 4239 844 4309 εῐη
867 4257 879 4271 ·
915 4241 1132 4310 φύσεως
1180 4248 1291 4319 γὰρ
1333 4250 1400 4304 ἂν
1422 4254 1651 4320 εἰκότως
1690 4257 1874 4326 ἔργον,

280 4327 399 4380 ἀλλ’
429 4317 496 4379 οὗ
530 4325 666 4381 Θεοῦ
695 4329 865 4400 δῶρον
901 4335 928 4403 ἡ
956 4334 1152 4400 θέωσις
1184 4317 1290 4410 εἴη,
1324 4342 1419 4394 καὶ
1458 4317 1745 4415 δυνήσεται
1766 4317 1876 4403 ’καί

282 4417 442 4486 φύσει
476 4416 620 4482 Θεὸς
659 4421 950 4487 ότοιοῦτος
992 4423 1154 4492 εἶναι,
1197 4431 1294 4484 καὶ
1347 4435 1555 4503 κυρίως
1598 4455 1872 4507 προσαγο-

283 4510 572 4579 ρεύεσθαι.
593 4511 728 4563 Οὐδὲ
750 4515 856 4585 γὰρ
875 4516 1004 4569 ἄλλο
1031 4535 1082 4571 τι
1112 4520 1450 4592 καθέστηκεν
1482 4528 1514 4596 ή
1549 4531 1688 4582 κατὰ
1712 4532 1872 4598 φύσιν

280 4602 389 4655 τῶν
421 4603 601 4656 ὄντων
631 4606 862 4662 ἑκάστου
894 4611 1146 4682 δύναμις,
1201 4615 1234 4683 ἢ
1273 4616 1490 4684 φὺσεως
1539 4623 1673 4690 πρὸς
1720 4624 1870 4694 ἐνέρ-

280 4710 438 4760 γειαν
480 4695 845 4764 ἀπαράϐατος
904 4701 1136 4772 κίνησις.
1204 4703 1328 4770 Πῶς
1352 4708 1408 4761 δὲ
1435 4712 1528 4764 καὶ
1591 4713 1868 4785 ἐξίστησιν

285 4785 479 4837 ἐαυτοῦ
523 4786 614 4837 τὸν
663 4785 976 4858 θεούμενον,
1007 4798 1037 4859 ἡ
1072 4795 1313 4864 θέωσις;
1375 4801 1435 4853 Εἰ
1462 4801 1542 4856 ἔτι
1565 4807 1676 4866 τοῖς
1720 4808 1865 4877 ὅροις

283 4876 382 4944 τῆς
411 4878 624 4942 φύσεως
661 4880 798 4949 αὐτὴ
837 4885 1243 4954 περιείληπται,
1310 4893 1544 4947 συνιδεῖν
1584 4899 1682 4951 οὐκ
1734 4899 1861 4968 ἔχω.

305 4967 480 5036 ’Υπὲρ
518 4969 681 5035 φύσιν
705 4973 906 5035 τοίνυν,
931 4977 1026 5028 καὶ
1061 4980 1280 5050 ἀρετὴν,
1326 4985 1418 5036 καὶ
1445 4987 1669 5052 γνῶσιν,
1705 4991 1735 5060 ἡ
1766 4967 1864 5061 τῆς

288 5056 542 5120 θεώσεως
565 5061 746 5130 χάρις,
794 5065 884 5116 καὶ
935 5067 1178 5136 ἀπείρως
1231 5073 1299 5124 τὰ
1339 5076 1563 5129 τοιαῦτα
1621 5056 1856 5145 ἅπαντα,

1986 3149 2127 3203 intra
2158 3159 2365 3206 natura:
2399 3154 2596 3210 limites
2636 3161 2806 3226 possit
2845 3168 3254 3231 comprehendi.
3291 3169 3370 3225 Ne
3405 3173 3564 3241 igitur

1983 3239 2134 3295 hicee
2151 3258 2307 3315 suum
2335 3260 2574 3301 errorem
2614 3258 2728 3304 tuto
2752 3255 3022 3310 stantibus
3055 3258 3365 3327 imprimere
3395 3279 3563 3319 cono-

1985 3325 2096 3394 tur,
2124 3342 2177 3386 et
2201 3337 2546 3402 exprobrinm
2601 3325 3173 3410 irreprehensibilibtis
3199 3351 3300 3406 ﬁde
3323 3353 3560 3426 inferre;

1979 3427 2072 3477 sed
2117 3441 2244 3478 suos
2281 3429 2555 3493 deponens
2601 3447 2818 3496 sensus.
2851 3437 3026 3492 discat
3057 3443 3125 3494 ab
3173 3451 3414 3511 expertis
3466 3459 3560 3500 aut

1977 3517 2046 3569 ab
2078 3517 2161 3570 his
2194 3533 2330 3585 quos
2360 3521 2678 3587 docuerunt,
2713 3526 3016 3582 absolutam
3053 3548 3279 3600 prorsus
3311 3551 3435 3590 esse
3475 3540 3559 3592 di-

1979 3608 2218 3661 vinitatis
2241 3602 2492 3678 gratiam,
2524 3630 2620 3669 nec
2645 3617 2918 3672 ullatenus
2937 3636 3096 3688 posse
3122 3622 3328 3679 vii-ilius
3347 3641 3559 3684 natura!

1981 3700 2120 3766 capi,
2163 3700 2288 3766 quia
2318 3714 2476 3755 secus
2497 3704 2610 3771 jam
2647 3723 2748 3759 non
2779 3710 2947 3778 gratia
2977 3712 3142 3777 esset,
3168 3718 3261 3770 Sed
3296 3719 3558 3773 naturalis

1976 3792 2228 3862 potentiae
2257 3793 2500 3859 Operatio
2537 3798 2899 3853 manifestata.
2933 3800 2997 3856 Et.
3026 3804 3164 3858 nillil
3204 3815 3337 3863 tunc
3381 3811 3555 3864 admi.

1978 3880 2145 3933 rabile
2174 3881 2346 3946 ﬁeret,
2377 3887 2420 3938 si
2449 3886 2598 3954 juxta
2625 3881 2880 3958 capacem
2907 3883 3269 3954 dedicationis
3301 3901 3578 3958 virtutem.

1974 3971 2246 4025 deiticatio
2285 3975 2424 4029 foret
2457 3993 2472 4032 :
2511 3991 2719 4050 naturae
2745 3985 2888 4050 enim
2923 3989 3140 4054 proprie
3164 4007 3318 4058 opus,
3351 4003 3403 4046 et
3449 4012 3551 4048 nou

1977 4059 2067 4113 liei
2124 4062 2333 4140 donum
2357 4077 2499 4120 esset
2528 4071 2817 4136 deitlcatio,
2845 4083 2899 4126 et
2925 4075 3208 4132 dedicatus
3238 4094 3419 4150 posset
3458 4101 3552 4141 nl-

1973 4159 2092 4204 tura
2119 4151 2274 4216 ,Deus
2309 4155 2423 4208 ﬁeri
2456 4148 2511 4210 et
2554 4163 2776 4228 proprie
2825 4167 3026 4222 vocari.
3059 4166 3194 4222 Nam
3228 4148 3362 4226 nihil
3399 4178 3546 4230 aliud

1969 4251 2054 4298 est
2102 4235 2369 4300 naturalis
2395 4247 2818 4320 uniuscujusque
2848 4255 3030 4309 rerum
3074 4265 3335 4330 potentia,
3385 4283 3546 4335 quant

1970 4345 2176 4390 natura:
2196 4335 2265 4390 ad
2298 4343 2666 4405 operationem
2699 4344 3066 4405 inamovibilis
3095 4364 3293 4408 motus.
3325 4358 3387 4410 Et
3416 4375 3548 4427 quo-

1969 4428 2129 4480 modo
2163 4429 2506 4486 deiﬁcatione
2549 4449 2708 4500 supra
2748 4441 2982 4504 Seipsum
3025 4446 3268 4500 elevatur
3325 4454 3547 4506 dcilica-

1968 4518 2090 4572 tus?
2125 4518 2179 4572 Si
2222 4522 2323 4575 hoc
2364 4525 2502 4577 intra
2551 4535 2756 4580 naturae
2791 4531 2989 4587 limites
3030 4542 3540 4608 comprehendatur,

1963 4607 2014 4661 id
2048 4609 2352 4680 intelligere
2392 4629 2502 4668 non
2535 4619 2708 4671 valeo.
2745 4619 2921 4689 Supra
2957 4636 3204 4681 naturam
3244 4631 3404 4698 igitur
3438 4637 3542 4689 vir-

1962 4709 2243 4770 tutemque
2276 4719 2338 4757 ac
2386 4707 2678 4762 scientiam
2725 4722 2807 4764 est
2853 4716 3213 4772 deilicationis
3239 4723 3436 4789 gratia,
3487 4739 3541 4779 et

1961 4793 2172 4847 inlinite
2194 4797 2373 4849 omnia
2409 4793 2915 4872 hujustnodi,juxta
2944 4818 3188 4862 sanctum
3224 4813 3536 4884 Maximum,

1959 4886 2026 4936 ab
2056 4885 2154 4938 hoc
2180 4887 2403 4942 distant.
2433 4889 2614 4946 Virtus
2652 4896 2868 4962 quidem
2899 4901 3075 4954 omnis
3101 4912 3156 4955 et
3195 4919 3292 4971 pro
3331 4908 3536 4963 viribus

1958 4974 2192 5029 imitatio
2242 4976 2334 5031 Dei
2386 4993 2568 5049 aptum
2605 4988 2670 5039 ad
2721 4989 2958 5042 divinam
3015 4995 3268 5048 unionem
3327 4997 3533 5054 faciunt

1954 5067 2181 5138 quiens
2234 5075 2460 5140 adeptus
2491 5077 2591 5136 εει,
2642 5079 2817 5146 gratia
2875 5092 3050 5135 autem
3103 5086 3270 5152 ipsam
3320 5094 3531 5157 perlicit

290 5145 381 5194 καὶ
409 5145 498 5195 τὸν
538 5147 690 5213 ἆγιον
748 5151 1000 5223 Μάξιμον
1051 5156 1254 5226 ταύτης
1293 5163 1500 5218 ἀποδεῖ.
1535 5166 1732 5238 Ἀρετὴ
1760 5171 1858 5239 μὲν

1980 5159 2278 5214 neﬂabilem
2313 5167 2586 5230 unionem,
2624 5183 2720 5235 per
2748 5186 2870 5225 eum
2901 5175 3046 5227 enim
3094 5187 3234 5232 totus
3279 5185 3528 5238 omnibus

288 5236 395 5304 γὰρ
426 5237 596 5303 πᾶσα,
634 5241 728 5293 καὶ
765 5244 798 5312 ή
834 5244 920 5311 ἐφ’
958 5248 1090 5315 ἡμῖν
1116 5250 1207 5302 τοῦ
1250 5251 1384 5305 Θεοῦ
1434 5256 1665 5326 μίμησις
1721 5236 1860 5331 πρὸς

1980 5249 2129 5320 'iguis
2161 5253 2399 5308 illabitur
2436 5259 2592 5323 Deus,
2617 5269 2671 5312 et
2705 5263 2801 5314 toti
2833 5278 3020 5320 onmes
3047 5267 3251 5338 integre
3285 5273 3522 5328 insident

287 5327 384 5392 τὴν
423 5325 570 5380 θείαν
617 5330 811 5384 ἕνωσιν
849 5336 1149 5408 ἐπιτήδειον
1195 5347 1424 5400 ποιεῖται
1453 5348 1544 5400 τὸν
1583 5355 1855 5422 κεκτημέ-

1980 5346 2117 5395 uncti
2151 5341 2280 5408 Deo,
2310 5347 2402 5399 toti
2433 5348 2481 5400 in
2510 5347 2677 5402 Deum
2715 5358 3081 5420 transmutati,
3106 5369 3159 5412 et
3176 5373 3290 5413 suae
3309 5363 3374 5414 ad
3397 5379 3521 5417 cum

288 5429 376 5464 νον
395 5427 408 5441 ⁹
434 5417 465 5483 ἡ
494 5414 549 5466 δὲ

581 5419 742 5488 χάρις
767 5422 938 5494 αὐτὴν
982 5429 1352 5502 τελεσιουργεῖ
1402 5437 1501 5506 τὴν
1545 5419 1856 5511 ἀπόρρητον

1984 5435 2285 5490 scensionis
2314 5441 2465 5506 quasi
2514 5442 2754 5496 bravium
2794 5451 3066 5501 consecuti
3115 5453 3289 5516 ipsum
3327 5452 3520 5519 Deum,

289 5500 476 5606 ἕνωσιν
507 5521 520 5536 ο
563 5507 634 5560 δι’
671 5512 840 5580 αὐτῆς
875 5515 980 5585 γὰρ
1009 5518 1127 5582 ὅλος
1155 5500 1254 5590 μὲν
1302 5500 1599 5593 ὅλοις-τοῖς
1637 5500 1808 5597 die-Eoi;
1828 5538 1856 5588 ὁ

1987 5525 2035 5576 ui
2085 5527 2225 5579 sicut
2277 5529 2451 5582 anima
2508 5537 2743 5602 corpori,
2781 5537 2911 5606 ipsis
2948 5547 3200 5606 tanquam
3257 5542 3519 5598 membris

287 5588 412 5652 Θεὸς
447 5600 766 5667 περιχωρεῖ’
797 5603 904 5673 ὅλῳ
942 5607 998 5657 δὲ
1030 5607 1139 5661 ὅλοι
1159 5588 1854 5686 -περιχωροῦσινἸόλεκῶςτοί

1980 5618 2416 5688 ircnnihtnditttr,
2469 5639 2671 5693 eosque
2735 5630 2786 5684 in
2845 5632 3022 5697 seipso
3062 5633 3315 5700 dignatur
3371 5633 3517 5686 accl-

288 5679 424 5746 ἅγιοι
447 5686 516 5754 τῷ
540 5690 684 5761 Θεῷ,
707 5693 826 5749 ὅλον
845 5697 1332 5769 ἀντιλαμϐάνοντες
1362 5709 1569 5764 ἑαυτῶν
1596 5712 1685 5765 τὸν
1699 5715 1850 5769 Θεόν-
1941 5726 2086 5777 νουθ-
