4102 6344
526 337 657 403 1231

1774 343 2157 405 GREGORH
2215 345 2540 408 PALAME

3649 355 3806 420 1932

531 462 750 529 καὶτῆς
787 461 919 530 πρὶς
954 461 1119 515 αὑτὸν
1156 462 1499 528 ἀναϐάσεως,
1525 459 1642 516 οἷον
1670 462 1911 520 ἔπαθλον
1952 466 2118 517 αὐτὸν
2161 449 2322 534 μόνον
2357 466 2700 534 κτησάμενοι
2733 482 2822 521 τον
2849 468 3005 537 Θεδν,
3037 471 3216 544 ψυχῆς
3252 475 3387 545 πρὸς
3425 475 3590 545 σῶμα
3621 492 3800 547 περι-

533 560 705 626 φύντα
730 557 953 628 τρόπον,
984 559 1060 622 ὡς
1094 559 1319 620 οἰκείοις
1345 557 1554 626 μέλεσι,
1589 557 1682 610 καὶ
1709 559 1768 610 ἐν
1800 557 1947 627 αὐτῷ
1978 553 2122 608 εἶναι
2145 558 2584 624 καταξιώσαντα.

597 644 921 713 Quicunque
961 647 1207 696 dicentes
1239 644 1291 695 in
1338 643 1506 697 corde
1528 652 1623 696 aut
1650 645 1700 698 in
1729 649 1950 699 cerebro
1979 647 2111 702 iusi-

531 735 658 788 dere
712 734 971 799 animam,
1006 733 1360 789 Massaliauos
1390 749 1511 789 esse
1542 735 1804 804 afﬁrmat,
1841 737 1927 792 hic
1975 741 2106 794 sciat

529 841 589 880 se
624 825 762 879 male
787 827 838 878 in
865 834 1082 878 sanctos
1111 826 1321 880 invehi.
1353 825 1580 896 Magnus
1610 829 1754 882 enim
1782 830 2110 887 Athanasius

528 917 749 971 cerebro
783 916 961 970 inesse
992 916 1314 970 rationaiem
1341 918 1535 971 animze
1563 929 1769 986 partem
1803 919 1957 974 dicit.
1993 919 2109 973 Mu-

528 1009 708 1061 rarius
741 1019 947 1071 autem,
996 1007 1219 1062 minime
1264 1009 1365 1077 ipsi
1403 1011 1775 1079 magnitudine
1805 1012 2020 1076 cedens,
2055 1012 2106 1065 in

527 1101 689 1152 corde
719 1099 928 1167 reponit
955 1100 1150 1153 mentis
1181 1102 1575 1169 operationem.
1604 1101 1665 1154 Et
1698 1101 1782 1156 his
1816 1104 2114 1157 concinunt»

527 1190 702 1242 sancti
733 1189 844 1243 fere
870 1205 1078 1242 omnes.
1097 1191 1246 1254 Quod
1275 1201 1454 1244 autem
1489 1192 1623 1244 dicit
1642 1191 2110 1262 divusGregorins

528 1277 830 1346 Nysseuus,
871 1287 1112 1329 mentem
1155 1292 1326 1346 neque
1360 1279 1498 1331 intra
1527 1292 1702 1346 neque
1733 1289 1883 1334 extra
1913 1293 2108 1347 corpus

528 1376 671 1426 esse,
717 1371 900 1430 utpote
955 1364 1352 1433 incorporeum,
1385 1381 1490 1419 non
1520 1366 1846 1422 adversatur
1892 1370 2104 1424 sanctis

529 1455 635 1506 illis
665 1470 680 1508 :
717 1455 791 1508 illi
829 1456 973 1509 enim
1020 1469 1252 1510 mentem
1289 1468 1556 1525 reponunt
1588 1459 1726 1512 intra
1757 1474 1980 1526 corpus,
2022 1470 2108 1514 ut-

475 1530 478 1532 i
528 1555 649 1612 pote
681 1546 804 1598 huic
837 1547 1210 1613 coniunctam.
1247 1550 1368 1601 Alio
1416 1549 1582 1618 igitur
1609 1564 1769 1604 sensu
1805 1550 2106 1619 loquentes,

528 1637 747 1688 minime
776 1653 896 1690 cum
924 1654 989 1692 eo
1022 1639 1356 1708 discrcpzmt.
1387 1639 1568 1710 Neque
1597 1641 1738 1692 enim
1772 1641 1971 1695 dicenti
2001 1657 2104 1695 non

529 1733 579 1780 in
612 1729 730 1781 loco
766 1746 884 1784 esse
919 1732 1106 1792 Deum,
1137 1741 1404 1800 quatenus
1441 1733 1862 1800 incorporalem,
1889 1744 2108 1788 contra-

532 1821 664 1874 dicit
695 1823 782 1891 qui
811 1823 885 1875 ait
920 1823 1185 1878 insedisse
1216 1824 1343 1877 olim
1381 1825 1470 1877 Dei
1507 1822 1742 1876 Verbum
1776 1825 2023 1894 virginali
2057 1837 2108 1881 et
2143 1822 2180 1875 Β

535 1916 880 1968 immaculato
914 1926 1091 1979 utero,
1126 1924 1312 1982 utpote
1345 1917 1435 1969 hic
1499 1914 1848 1969 incﬂ'nhiliter
1885 1919 2079 1984 roujun

534 2018 680 2056 etum
719 2015 916 2058 noslrze
965 2019 1158 2059 massae
1206 2020 1307 2075 per
1360 2004 1774 2058 inenarrabilem
1807 2005 2114 2059 miscricor-

531 2095 696 2148 diam.

597 2363 919 2433 Quicunque
974 2362 1372 2418 manifestatam
1423 2361 1704 2430 discipulis
1763 2362 1815 2415 in
1885 2363 2105 2416 “lnabor

531 2457 704 2510 lucem
731 2457 862 2509 dicit
893 2455 1062 2508 fuisse
1090 2456 1430 2523 phantasma,
1461 2462 1515 2506 et
1541 2453 1916 2521 qualecunque
1958 2466 2108 2520 symo

531 2549 710 2602 bolum
742 2550 1055 2616 apparuisse
1078 2553 1135 2599 et
1163 2545 1474 2609 evanuisse,
1498 2544 1592 2596 sed
1623 2559 1727 2596 non
1749 2558 1928 2596 veram
1963 2558 2109 2607 esse,

532 2653 630 2693 nec
681 2653 842 2704 supra
874 2651 1092 2690 omnem
1130 2635 1476 2704 cogitatione,
1510 2645 1566 2687 at
1595 2633 1906 2688 inferiorem
1947 2636 2098 2702 cogi-

531 2730 738 2784 tatione
787 2727 1186 2796 operationem,
1232 2727 1380 2779 clare
1414 2724 1742 2778 contradicit
1794 2735 2109 2780 sanctorum

531 2819 842 2874 sententiae.
877 2816 940 2869 lli
975 2817 1143 2882 enim,
1181 2826 1290 2870 tum
1327 2816 1694 2880 sermonibus,
1724 2825 1835 2869 tum
1871 2817 2112 2887 scriptis,

535 2910 882 2974 inell‘nbilem,
901 2908 1225 2972 increatam,
1256 2918 1538 2972 aeternam,
1561 2924 1666 2961 non
1689 2920 2112 2979 temporaneam,

535 3005 888 3062 inaccessam,
913 3002 1258 3064 immensam,
1289 2998 1577 3064 inﬁnitam,
1605 2999 2105 3068 indetermiuatam,

535 3091 742 3162 angelis
769 3101 823 3144 et
869 3091 1184 3145 hominibus
1219 3090 1569 3155 inviaibilem,
1606 3092 1949 3164 archetypam
1983 3093 2107 3162 pul-

535 3183 903 3238 chritudinem.
935 3194 988 3236 et
1017 3183 1435 3249 immutabilem,
1469 3183 1696 3254 gloriam
1732 3184 1849 3250 Dei,
1878 3185 2107 3256 gloriam

535 3275 756 3340 Christi,
811 3275 1035 3344 gloriam
1078 3274 1336 3343 Spiritus,
1390 3273 1600 3328 radium
1665 3275 1988 3338 divinitatis,
2055 3284 2109 3331 et

535 3369 640 3422 alia
669 3367 1005 3435 hujusmodi,
1034 3367 1178 3420 illam
1203 3383 1536 3436 nuncupant.
1559 3366 1909 3423 Gioriﬁeatur
1935 3373 2104 3439 enim,

536 3462 810 3528 inquiunt,
844 3476 972 3515 caro
998 3460 1163 3515 semel
1187 3475 1487 3530 asSumpta,
1531 3472 1585 3515 et
1609 3461 1778 3530 gloria
1840 3460 2111 3516 divinitati

540 3553 601 3608 ﬁt
654 3555 819 3623 gloria
875 3553 1142 3623 corporis.
1217 3552 1322 3607 Sed
1378 3555 1432 3608 in
1482 3569 1707 3624 corpore
1756 3553 1948 3608 visibtii
1994 3561 2112 3606 erat.

535 3646 709 3715 gloria
764 3661 871 3699 non
925 3645 1266 3713 capientibus
1320 3645 1524 3714 angelis
1566 3647 1727 3699 etiam
1787 3643 2109 3699 invisibilia.

537 3734 983 3803 Transtiguratur
1011 3734 1196 3802 igitur,
1227 3749 1331 3787 non
1356 3735 1500 3803 quod
1537 3749 1641 3787 non
1668 3733 1906 3787 habebat
1956 3748 2113 3788 assu-

537 3840 714 3892 mens,
751 3839 850 3878 nec
880 3824 936 3878 in
977 3825 1026 3901 id
1073 3825 1219 3895 quod
1253 3841 1362 3880 non
1390 3835 1510 3879 erat
1554 3836 1974 3890 trausmutatus,
2020 3827 2113 3881 sed

537 3917 680 3985 quod
727 3925 849 3971 erat
902 3916 1016 3970 suis
1049 3915 1333 3985 discipulis
1384 3914 1767 3981 manifestans,
1819 3931 2116 3987 eorumque

537 4008 789 4078 aperiens
839 4009 1054 4077 oculos,
1103 4019 1158 4063 et
1210 4023 1279 4063 ex
1331 4008 1489 4064 caacis
1545 4009 1796 4065 videntes
1851 4009 2114 4066 reddens.

454 4130 466 4170 ,-
496 4150 507 4172 ,
540 4099 672 4156 Nam
732 4103 849 4172 ipse
905 4117 1192 4158 remanens
1221 4103 1386 4169 idem,
1414 4103 1553 4157 alius
1583 4117 1744 4172 quam
1780 4112 1938 4159 antea
1974 4104 2119 4156 vide-

540 4195 720 4259 batur,
755 4205 886 4250 tunc
915 4195 1198 4265 discipulis
1225 4194 1374 4249 visus
1403 4196 1677 4265 apparuit.
1705 4193 1822 4264 Ipse
1847 4196 1990 4249 enim
2030 4208 2120 4248 ve-

541 4303 661 4342 rum
693 4297 778 4341 est
803 4286 989 4356 gloria:
1025 4289 1216 4347 decus,
1255 4295 1308 4339 et
1337 4285 1480 4340 sicut
1505 4286 1586 4340 sol
1619 4283 1940 4352 refulgebat,
1973 4283 2120 4350 quod

543 4387 628 4432 est
656 4377 889 4429 obscura
929 4378 1131 4444 imago,
1167 4373 1259 4427 sed
1297 4376 1631 4443 impossibile
1662 4383 1745 4429 est
1780 4389 1884 4428 non
1919 4375 2118 4445 imper-

543 4469 683 4522 t‘ecte
718 4468 772 4521 in
805 4475 1056 4521 creatura
1090 4469 1396 4520 increntum
1425 4467 1765 4522 adumbrari.

607 4652 927 4719 Quicunque
958 4647 1255 4703 iuereatam
1285 4661 1406 4700 esse
1445 4645 1573 4699 dicit
1602 4645 1774 4699 solum
1799 4643 1894 4699 Dei
1923 4659 2112 4699 essen-

537 4747 690 4809 tiam,
732 4744 871 4798 haud
909 4757 1035 4796 vero
1067 4749 1121 4794 et
1151 4751 1383 4794 aeternas
1425 4739 1540 4808 ejus
1579 4739 1943 4808 operationes,
1980 4752 2116 4806 quas

537 4849 729 4891 omnes
751 4833 1137 4903 supereminet,
1165 4832 1306 4886 sicut
1331 4831 1508 4884 omnia
1542 4842 1707 4899 opera
1735 4843 1989 4896 operans,
2017 4842 2115 4881 au-

537 4927 926 4982 dietsanctum
978 4921 1271 4976 Maximum
1326 4921 1594 4975 dicentem
1647 4935 1665 4976 ;
1716 4936 1735 4970 ι
1786 4919 2143 4991 Immortalia

538 5017 721 5073 omnia
762 5024 813 5069 et
860 5015 978 5084 ipsa
1020 5012 1421 5076 immortalitas,
1457 5020 1510 5066 et
1565 5011 1800 5065 viventia
1848 5011 2028 5065 omnia
2067 5018 2122 5064 et

540 5108 661 5178 ipsa
694 5107 822 5172 vita,
857 5116 913 5158 et
941 5117 1134 5159 sancta
1168 5105 1350 5159 omnia
1381 5113 1434 5158 et
1466 5104 1578 5173 ipsa
1612 5103 1895 5167 sanctitas,
1925 5105 1975 5156 et
2003 5117 2122 5156 om-

543 5200 632 5254 nia
664 5199 866 5252 virtute
896 5198 1118 5266 praedita
1147 5208 1201 5250 et
1228 5198 1461 5266 ipsamet
1483 5201 1675 5259 virtus,
1698 5207 1752 5250 et
1778 5195 1915 5250 bona
1941 5195 2123 5250 omnia

543 5300 599 5342 et
629 5288 742 5356 ipsa
773 5289 1007 5350 bonitas,
1029 5295 1083 5340 et
1113 5288 1429 5340 exsistentia
1449 5287 1627 5339 omnia
1651 5295 1703 5339 et
1727 5288 1958 5353 ipsmnet
1981 5285 2127 5338 exsi-

546 5377 768 5442 stcntia,
819 5376 914 5429 Dei
949 5378 1232 5430 evidenter
1256 5392 1417 5444 opera
1448 5386 1606 5444 sunt;
1639 5377 1728 5430 sed
1758 5375 1859 5429 alia
1913 5377 2125 5444 quidem

545 5484 667 5524 esse
697 5470 1069 5540 temporaliter
1099 5478 1404 5538 coeperunt,
1431 5469 1531 5522 fuit.
1560 5471 1707 5522 enim
1731 5480 1946 5535 tempus
1967 5483 2127 5534 quam

548 5581 656 5619 non
707 5571 910 5628 essent,
949 5562 1053 5615 alia
1091 5575 1222 5615 vero
1256 5576 1376 5616 esse
1407 5562 1782 5630 temperanter
1816 5575 1918 5613 non
1948 5573 2128 5628 coepe.

549 5667 696 5720 runt,
718 5655 920 5709 nullum
949 5654 1094 5708 enim
1123 5653 1225 5708 fuit
1257 5661 1468 5722 tempus
1485 5668 1649 5722 quam
1690 5668 1795 5707 non
1815 5665 1997 5707 essent
2022 5652 2132 5706 vir-

555 5758 665 5814 tus,
709 5757 764 5804 et
803 5748 1042 5816 bonitas,
1067 5755 1123 5802 et
1152 5746 1428 5819 sanctitas
1483 5755 1540 5800 et
1570 5747 1967 5826 immortalitas.
2011 5762 2032 5794 ι
2067 5742 2132 5799 Ει

2312 639 2472 697 υστις
2499 637 2624 698 τοὺς
2655 636 2713 688 ὲν
2740 638 2805 704 τῇ
2843 637 3060 707 καρδίᾳ.
3088 638 3120 707 ἥ
3151 637 3226 708 τῷ
3273 642 3560 712 ἐγκεφάλῳ
3601 645 3807 711 λέγον-

2212 739 2310 790 τας
2331 727 2422 779 τὸν
2449 725 2572 779 νοῦν
2601 728 2934 797 ένιδρῦσθαι,
2964 730 3382 794 Μασσαλιανοὺς
3413 729 3554 787 εἶναι
3583 735 3808 805 διισχυ-

2217 816 2450 886 ρίζεται,
2476 813 2633 881 οὗτος
2687 821 2842 883 ἴστω,
2871 820 3054 883 κακῶς
3110 824 3220 884 τοῖς
3253 822 3427 890 ἁγίοις
3481 827 3808 895 ἐπιτιθέμε-

2213 908 2394 971 νο;.’0
2425 910 2526 979 μὲν
2555 910 2666 980 γὰρ
2693 911 2869 981 μέγας
2914 912 3256 975 ’Δθανὰσιος,
3290 913 3368 984 τῷ
3404 917 3704 986 ἐγκεφάλῳ
3733 920 3798 971 τὸ

2213 996 2430 1064 λογικὸν
2457 1000 2656 1070 ἐνεῖναι
2711 999 2812 1068 τῆς
2842 999 3039 1074 ψυχῆς
3058 1018 3189 1072 φησι
3225 1016 3240 1031 ·
3272 1004 3558 1074 Μακάριος
3583 1006 3639 1058 δὲ
3673 1007 3705 1056 ὁ
3734 1013 3800 1078 τῇ

2216 1089 2602 1161 μεγαλειότητι
2637 1092 2803 1161 μηδὲν
2829 1092 3113 1158 ἐλλείπων,
3157 1097 3217 1147 ὲν
3239 1098 3304 1166 τῇ
3338 1097 3534 1169 καρδίᾳ
3564 1097 3669 1167 τὴν
3701 1099 3798 1151 τοῦ

2212 1179 2306 1233 νοῦ
2355 1181 2658 1252 ἐνέργειαν.
2705 1182 2922 1252 Συνῳδά
2943 1181 3001 1236 δὲ
3049 1183 3262 1248 τούτοις
3310 1188 3360 1238 oi
3403 1188 3550 1256 ἀγιοι
3605 1190 3800 1259 σχεδὸν

2214 1274 2475 1338 ἅπαντες.
2533 1275 2599 1328 Ὀ
2651 1275 2761 1344 γάρ
2826 1292 2990 1346 φησιν
3028 1278 3056 1328 ὁ
3114 1276 3337 1346 Νύσσης
3395 1279 3536 1340 θεῖος
3585 1281 3795 1350 Γρηγόο

2215 1383 2350 1438 ριος,
2378 1367 2460 1420 ὅτι
2488 1368 2515 1420 ό
2535 1368 2660 1430 νοῦς
2689 1367 2810 1420 οὔτε
2845 1369 2995 1430 ὲντὺς
3024 1367 3148 1422 οὔτε
3204 1371 3360 1434 ἐκτὸς
3397 1371 3494 1424 τοῦ
3535 1372 3796 1442 σώματός

2213 1461 2483 1525 ὲστιν,ὼς
2535 1461 2844 1529 ἀσώματος,
2900 1463 3000 1514 οὐκ
3055 1464 3394 1518 ἐναντιοῦται
3442 1468 3556 1528 τοίς
3613 1468 3797 1534 ἁγίοις

2214 1551 2482 1615 ἐκείνοις·
2516 1555 2666 1617 ἐντὸς
2715 1555 2823 1623 γὰρ
2871 1556 2966 1608 τοῦ
3022 1555 3275 1626 σώματος
3332 1558 3534 1612 ἐκεῖνοι
3569 1559 3796 1628 λέγουσι

2213 1643 2304 1696 τὸν
2342 1644 2487 1708 νοῦν,
2521 1645 2595 1707 ὡς
2620 1646 2963 1716 συνημμένον
2993 1647 3186 1718 τούτῳ.
3242 1650 3378 1702 Κατ’
3405 1649 3564 1703 ἄλλον
3609 1652 3797 1704 τοίνυν

2213 1742 2413 1810 τρόπον
2440 1743 2598 1794 τοῦτο
2625 1742 2896 1810 λέγοντες,
2928 1745 3132 1815 ἥκιστα
3181 1745 3317 1816 πρὸς
3352 1747 3558 1798 ἐκεῖνον
3598 1746 3795 1812 διατέ-

2217 1847 2421 1901 ρονται.
2463 1832 2571 1884 Καὶ
2612 1831 2725 1901 γὰρ
2777 1832 2897 1885 οὐδὲ
2942 1833 3019 1902 τῷ
3051 1833 3262 1900 λέγοντι
3310 1835 3382 1904 μὴ
3414 1837 3470 1887 ὲν
3521 1837 3675 1906 τόπῳ
3734 1839 3799 1888 τὺ

2215 1923 2370 1974 (θεῖον
2401 1918 2562 1986 εἶναι,
2603 1918 2973 1994 ᾖάσώματον,
3021 1925 3348 1990 ἀντίκειται,
3393 1927 3421 1977 ό
3445 1927 3594 1979 ἔνδον
3641 1929 3800 1993 γενέ-

2219 2012 2343 2066 σθαι
2390 2015 2522 2066 ποτὲ
2573 2015 2665 2069 τὸν
2693 2015 2786 2069 τοῦ
2827 2014 2962 2069 Θεοῦ
3024 2017 3202 2084 Λόγον
3243 2017 3416 2086 λέγων
3457 2019 3797 2088 παρθενικῆς

2216 2103 2311 2157 καὶ
2345 2107 2689 2174 παναμώμου
2739 2107 2970 2177 μήτρας,
2998 2105 3073 2170 ὡς
3104 2108 3220 2160 ἐκεῖ
3269 2111 3616 2178 συνημμένον
3651 2111 3797 2179 ὑπὲρ

2217 2195 2374 2263 λόγον
2420 2196 2498 2266 τῷ
2524 2198 2644 2250 καθ’
2683 2200 2831 2268 ἡμᾶς
2874 2198 3180 2271 φυράματι,
3221 2199 3312 2254 διὰ
3371 2200 3797 2272 φιλανθρωπίαν

2215 2287 2445 2356 ἄφατον.

2289 2378 2478 2441 Ὅστις
2510 2378 2572 2431 τὸ
2611 2379 2668 2432 ὲν
2693 2378 2961 2449 Θαῦωρίῳ
2999 2379 3128 2442 τοὺς
3170 2381 3415 2451 μαθητὰς
3450 2386 3798 2452 περιαστρῖ-

2215 2467 2323 2538 ψαν
2357 2468 2692 2538 φῶς,φάσμα
2712 2470 2883 2538 λέγει,
2929 2473 3023 2524 καὶ
3065 2472 3336 2541 σύμϐολον
3366 2475 3630 2534 τοιοῦτον.
3678 2469 3795 2527 οἷον

2217 2560 2460 2625 γίνεσθαι
2498 2562 2592 2615 καὶ
2622 2562 2849 2630 ἀπογίνε
2863 2562 3010 2624 σθαι,
3040 2562 3156 2616 ἀλλ’
3183 2564 3244 2617 οὗ
3275 2564 3480 2635 κυρίως
3509 2560 3673 2628 εῖναι,
3692 2569 3791 2620 καὶ

2215 2651 2313 2718 οὐχ
2346 2650 2484 2720 ὑπὲρ
2516 2653 2696 2704 πᾶσαν
2721 2655 2928 2722 νόησιν,
2983 2653 3118 2706 ἀλλά
3150 2654 3318 2723 χείρω
3360 2656 3599 2724 νοήσεως
3635 2659 3791 2725 ἐνέρ-

2215 2756 2390 2808 γειαν,
2427 2742 2610 2810 σαφῶς
2639 2743 3064 2812 ἀντιφθέγγεται
3100 2747 3222 2808 ταῖς
3245 2745 3353 2797 τῶν
3382 2745 3555 2813 ἁγίων
3584 2746 3785 2810 δόξαις.

2216 2829 2375 2888 Οὗτοι
2407 2834 2538 2904 γὰρ,
2572 2836 2676 2889 κάν
2712 2838 2825 2899 τοῖς
2853 2835 3082 2906 ᾷσμασι,
3110 2838 3216 2890 κάν
3256 2838 3372 2899 τοῖς
3419 2839 3788 2907 συγγράμμα-

2216 2943 2322 2991 σιν,
2353 2927 2686 2998 ἀπόρρητον,
2714 2929 2989 2991 ἄκτιστον,
3042 2929 3232 2996 ἀΐδιον,
3281 2929 3529 2998 ἄχρονον,
3577 2931 3788 3000 ἀπρόσ-

2217 3021 2617 3087 ιτον,ἄπλετον,
2651 3023 2910 3092 ἄπειρον,
2947 3022 3356 3092 ἀπεριόριστον,
3389 3022 3638 3090 ἀγγέλοις
3687 3026 3782 3074 καὶ

2134 3139 2181 3200 c
2215 3113 2520 3184 ἀνθρώποις
2549 3115 2799 3180 ἀθέατον,
2840 3115 3146 3185 ἀρχέτυπον
3201 3115 3418 3177 κάλλος,
3473 3115 3565 3167 καὶ
3616 3115 3780 3166 ἀναλ-

2213 3205 2454 3268 λοίωτον,
2485 3206 2642 3272 δόξαν
2679 3206 2836 3273 Θεοῦ,
2867 3207 3026 3272 δόξαν
3053 3206 3314 3278 Χριστοῦ,
3336 3206 3493 3272 δόξαν
3533 3206 3784 3276 Πνεῦμα-

2217 3313 2328 3360 τος,
2349 3296 2541 3348 ἀκτῖνα
2559 3295 2833 3366 θεότητος,
2861 3295 2956 3350 καὶ
2981 3296 3048 3349 τὰ
3074 3295 3324 3358 τοιαῦτα,
3344 3299 3778 3366 προσαγορεύου-

2217 3402 2291 3438 σι.
2323 3383 2612 3450 Δοξάζεται
2644 3385 2744 3454 μὲν
2761 3385 2888 3456 γὰρ,
2922 3388 3106 3455 φησὶν,
3135 3387 3168 3452 ή
3193 3385 3330 3454 σὰρξ
3362 3385 3478 3453 ἅμα
3514 3386 3577 3453 τῇ
3607 3401 3777 3453 προσ-

2212 3474 2391 3543 λήψει,
2423 3475 2518 3527 καὶ
2545 3474 2674 3539 δόξα
2727 3479 2820 3527 τοῦ
2858 3475 3112 3544 σώματος
3154 3477 3188 3544 ή
3221 3473 3347 3538 δόξα
3377 3475 3474 3544 τῆς
3529 3473 3777 3541 θεότητος

2213 3569 2443 3634 γίνεται.
2487 3567 2626 3620 Ἀλλ’
2659 3569 2872 3636 ἀφανὴς
2912 3563 3039 3637 ἦνή
3075 3567 3200 3632 δόξα
3257 3569 3312 3618 ὲν
3357 3567 3434 3635 τῷ
3469 3569 3784 3638 φαινομένῳ

2215 3659 2448 3729 σώματι,
2478 3661 2593 3722 τοῖς
2625 3659 2700 3729 μὴ
2727 3659 2962 3731 χωροῦσι
3000 3660 3067 3713 τὰ
3124 3659 3220 3713 καὶ
3249 3659 3499 3726 ἀγγέλοις
3550 3660 3778 3712 ἀθέατα.

2213 3749 2674 3820 Μεταμορφοῦται
2697 3750 2897 3815 τοίνυν,
2914 3751 3012 3820 οὐχ
3045 3750 3074 3803 δ
3097 3751 3194 3803 οὐκ
3230 3747 3298 3820 ἦν
3321 3749 3779 3820 προσλαϐόμενος,

2213 3842 2335 3894 οὐδὲ
2366 3841 2445 3904 είς
2492 3841 2632 3911 ὅπερ
2667 3840 2769 3894 οὐκ
2825 3835 2893 3911 ἦν
2954 3841 3443 3912 μεταϐαλλόμενος,
3485 3839 3600 3892 ἀλλ’
3644 3841 3782 3910 ὅπερ

2214 3915 2282 3989 ἦν
2307 3921 2418 3983 τοῖς
2477 3921 2700 3984 οἰκείοις
2745 3920 3016 3990 μαθηταῖς
3053 3921 3470 3989 ὲκφαινόμενος,
3500 3921 3790 3990 διανοίγων

2217 4009 2426 4063 τούτων
2447 4007 2517 4073 τὰ
2535 4009 2782 4079 ὄμματα,
2814 4010 2909 4062 καὶ
2938 4010 3002 4061 ὲκ
3025 4007 3243 4078 τυφλῶν
3273 4009 3642 4079 ἐργαζόμενος
3668 4009 3788 4076 βλέ-

2217 4117 2442 4166 ποντας.
2475 4101 2670 4157 Μένων
2715 4101 2824 4171 γὰρ
2859 4097 3024 4164 αὐτὸς
3053 4101 3113 4154 ὲν
3150 4101 3462 4171 ταυτὰτητι,
3513 4105 3645 4174 παρ’
3677 4103 3706 4156 δ
3727 4104 3786 4156 τὸ

2216 4194 2349 4262 πρὶν
2377 4193 2648 4260 ἐφαίνετο,
2674 4191 2768 4246 νῦν
2805 4195 2916 4254 τοῖς
2968 4191 3244 4264 μαθηταῖς
3267 4195 3480 4264 ἑωρᾶτο
3530 4195 3782 4264 φαινόμε-

2216 4301 2326 4348 νος.
2351 4285 2524 4347 Αῦτος
2553 4285 2661 4355 γάρ
2681 4287 2797 4338 ἐστι
2825 4285 2885 4338 τὸ
2913 4285 3264 4355 sinemus
3279 4287 3377 4355 τῆς
3403 4287 3562 4357 δόξης
3622 4287 3780 4357 ὠραϊ-

2219 4392 2352 4446 σμα,
2377 4376 2472 4427 καὶ
2497 4374 2572 4438 ὡς
2602 4377 2630 4427 ὁ
2669 4376 2817 4445 ἥλιος
2869 4373 3129 4443 ἔλαμψεν,
3155 4374 3371 4445 ἀμυδρά
3399 4378 3432 4444 ἡ
3462 4374 3651 4438 εἰκὼν,
3675 4377 3783 4428 ἀλλ’

2148 4472 2196 4529 D
2217 4468 2494 4537 ἀμήχανον
2545 4467 2974 4538 ἁπαραλείπτως
3000 4467 3060 4519 ὲν
3114 4468 3183 4538 τῇ
3217 4467 3414 4532 κτίσει,
3447 4467 3508 4519 τὸ
3540 4467 3791 4521 ἄκτιστον

2219 4557 2606 4611 είκονίέεσθαι.

2291 4649 2482 4712 Ὅστις
2508 4648 2762 4702 ἄκτιστον
2800 4647 2898 4718 τὴν
2927 4648 3118 4701 οὐσίαν
3148 4648 3317 4717 μόνην
3345 4644 3485 4701 εἶναι
3513 4648 3668 4714 λέγει
3698 4647 3793 4699 τοῦ

2216 4740 2374 4805 Θεοῦ,
2415 4741 2555 4794 ἀλλά
2587 4741 2662 4811 μὴ
2689 4741 2785 4792 καὶ
2809 4741 2908 4802 τὰς
2946 4740 3151 4804 ἀϊδίους
3197 4739 3482 4810 ἐνεργείας
3503 4740 3695 4803 αὑτοῦ,
3721 4734 3799 4792 ὧν

2217 4833 2311 4887 καὶ
2349 4833 2607 4903 ὑπερέχει
2636 4831 2824 4885 πασῶν
2852 4831 2927 4895 ὡς
2957 4831 3065 4886 τῶν
3095 4832 3507 4902 ἐνεργουμένων
3538 4832 3798 4885 ἁπάντων

2216 4925 2278 4978 τὸ
2298 4922 2578 4994 ἐνεργοῦν,
2641 4921 2737 4975 τοῦ
2787 4922 2946 4989 ἁγίου
2994 4923 3288 4977 ἀκουσάτω
3323 4921 3580 4992 Μαξίμου
3610 4922 3795 4990 λέγονο

2217 5029 2308 5076 τος
2332 5031 2346 5044 θ
2373 5012 2455 5065 Τά
2485 5011 2729 5066 ἀθάνατα
2759 5013 2958 5080 πάντα,
3004 5013 3099 5067 καὶ
3149 5013 3285 5082 αὐτὴ
3309 5013 3340 5082 ή
3372 5012 3640 5066 ἀθανασία
3667 5028 3680 5042 ·
3704 5013 3800 5065 καὶ

2218 5107 2286 5158 τὰ
2307 5104 2482 5169 ζῶντα
2509 5105 2710 5169 πάντα,
2731 5104 2826 5157 καὶ
2849 5103 2988 5175 αὐτὴ
3011 5104 3197 5174 ήζωή·
3221 5106 3402 5158 καὶτὰ
3433 5104 3565 5173 am
3595 5106 3794 5162 πάντα.

2224 5196 2319 5248 καὶ
2350 5193 2488 5264 αὑτὴ
2528 5195 2560 5264 ή
2608 5194 2834 5264 ἀγιότης
2859 5209 2872 5224 ·
2916 5194 3012 5247 καὶ
3070 5194 3140 5248 τὰ
3197 5194 3432 5266 ὲνάρετα
3457 5197 3653 5260 πάντα,
3704 5197 3800 5248 καὶ

2226 5286 2369 5359 αὑτῇ
2394 5288 2632 5358 ἡάρετή·
2653 5287 2748 5339 καὶ
2767 5285 2835 5340 τὰ
2863 5286 3042 5355 ἀγαθά
3070 5286 3272 5350 πάντα,
3310 5286 3407 5340 καὶ
3429 5288 3567 5355 αὑτὴ
3592 5289 3625 5358 ή
3653 5288 3796 5353 ἀγα-

2226 5376 2389 5446 θότης
2410 5393 2424 5408 ο
2457 5377 2552 5430 καὶ
2579 5376 2647 5428 τά
2678 5375 2807 5430 ὄντα
2825 5377 3022 5441 πάντα,
3050 5377 3143 5430 καὶ
3160 5376 3298 5448 αὑτὴ
3334 5378 3366 5448 ή
3392 5377 3634 5448 όντότης,
3657 5375 3795 5428 Θεοῦ

2227 5467 2512 5536 προδήλως
2541 5466 2677 5538 ἔργα
2713 5467 3076 5536 τυγχάνουσιν
3095 5482 3111 5496 ⁸
3131 5467 3265 5522 ἀλλά
3295 5468 3362 5521 τὰ
3396 5467 3498 5537 μὲν
3525 5468 3616 5521 τοῦ
3657 5463 3798 5520 εἶναι

2227 5559 2492 5629 χρονικῶς
2513 5559 2620 5628 ήργ
2628 5557 2762 5628 μένα
2783 5553 2872 5629 (ἦν
2893 5559 3002 5628 γάρ
3021 5576 3152 5612 ποτε
3167 5559 3256 5612 ὅτε
3275 5559 3374 5613 οὐκ
3391 5555 3506 5629 ἦν),
3526 5560 3598 5612 τὰ
3617 5559 3673 5611 δὲ
3700 5559 3798 5612 τοῦ

2228 5645 2367 5705 εἶναι
2391 5651 2660 5722 χρονικῶς
2681 5651 2783 5705 οὐκ
2799 5651 3073 5722 ήργμέναο
3096 5651 3195 5704 οὐκ
3211 5647 3279 5723 ἦν
3298 5653 3406 5722 γάρ
3428 5668 3558 5705 ποτε
3582 5653 3671 5706 ὅτε
3695 5654 3798 5705 οὒκ

2228 5740 2296 5816 ἦν
2323 5743 2514 5816 ἀρετὴ,
2546 5745 2639 5799 καὶ
2669 5744 2962 5814 ἀγαθότης,
2992 5744 3087 5801 καὶ
3125 5745 3348 5816 ἀγιότης
3378 5745 3469 5798 καὶ
3509 5743 3798 5800 ἀθανασία
