4122 6322
230 503 362 568 1233

1391 505 1959 567 HAGIORITICUS
1997 501 2276 562 TOMUS.

3317 485 3449 550 1‘23!

215 620 299 669 καὶ
323 615 502 668 πάλιψ
548 613 611 666 'H
642 613 938 681 ἀγαθότης,
974 612 1066 664 καὶ
1118 613 1224 664 πᾶν
1253 613 1305 665 εί
1334 631 1383 665 τι
1439 615 1774 686 ἀγαθότητος

1892 633 2078 671 rursus
2113 636 2126 672 :
2163 637 2180 672 ι
2211 615 2452 679 Betiitas,
2497 619 2550 664 et
2575 607 2835 680 quidquid
2869 607 2924 659 in
2954 604 3213 660 bonitatis
3247 606 3452 658 ratione

215 706 598 776 ἐμπεριέχεται
648 704 829 771 λόγιιν
887 705 980 754 καὶ
1041 703 1227 764 ἀπλῶς
1292 705 1441 757 πᾶσα
1485 705 1618 775 ζωὴ,
1681 708 1775 760 καὶ

215 798 501 860 ἀθανασία,
531 795 625 848 καὶ
670 795 930 862 ἁπλότης,
965 795 1059 846 καὶ
1096 795 1351 864 ἀτρειζαία,
1380 796 1476 849 καὶ
1528 800 1775 866 ἀπειρία,

217 892 301 942 καὶ
325 890 426 943 ὅσα
455 886 585 957 περ)⁵
639 886 730 938 τὸν
761 886 890 938 Θεὸν
955 886 1229 950 οῦσιωδῶς
1280 886 1587 957 θεωρεῖται,
1641 889 1778 961 ἔργα

215 980 338 1032 θεοῦ
361 982 490 1044 εἱσι,
530 979 624 1030 καὶ
651 977 753 1029 οῦκ
777 979 1030 1046 ἡργμένα
1065 980 1354 1048 χρονικῶς.
1397 981 1468 1033 Οὐ
1505 982 1614 1052 γάρ
1647 1000 1779 1035 ποτε

217 1071 578 1142 πρεσϐύτερον
605 1071 804 1139 ἀρετῆς
835 1070 894 1123 τὸ
915 1072 1012 1123 οῦκ
1043 1066 1133 1142 ἦν,
1162 1071 1282 1125 οῦδέ
1319 1091 1463 1136 τινος
1482 1073 1642 1127 ἀλλου
1670 1075 1779 1128 τῶν

218 1162 514 1234 εἰρημένων
550 1161 651 1215 κᾶν
679 1163 746 1214 τὰ
793 1165 1088 1233 μετέχοντα
1118 1165 1299 1217 αὐτῶν
1344 1165 1464 1217 κατ’
1493 1165 1653 1230 αὐτὰ,
1675 1161 1780 1237 ἦρ-

218 1274 335 1310 κται
359 1256 454 1309 τοῦ
487 1251 625 1308 εἶναι
652 1255 941 1326 χρονικῶς.
967 1256 1236 1325 Ἀναρχος
1266 1257 1374 1326 γὰρ
1408 1260 1558 1311 πᾶσα
1589 1259 1778 1329 ἀρετὴ,

223 1349 291 1420 μὴ
315 1350 512 1418 ἔχουσα
564 1349 657 1401 τὸν
684 1349 878 1418 χρόνον
902 1348 1109 1416 ἑαυτῆς
1141 1347 1535 1418 πρεσϐύτερον,
1562 1344 1650 1402 οἷα
1689 1353 1781 1403 τὸν

216 1442 342 1494 θεὸν
373 1441 569 1511 ἔχουσα
598 1441 691 1493 τοῦ
725 1436 863 1493 εἷναι
896 1439 1205 1508 μονώτατον
1247 1440 1433 1502 ἀῖδίως
1457 1442 1781 1512 γεννήτορα.

223 1535 438 1588 Πάντων
467 1533 523 1586 δὲ
536 1533 642 1586 τῶν
663 1533 832 1586 όντων
864 1534 957 1585 καὶ
986 1531 1329 1602 μετεχόντων
1351 1533 1446 1586 καὶ
1478 1533 1780 1602 μεθεκτῶν,

220 1627 503 1694 ἀπειράκις
521 1623 762 1692 ἀπείρως
791 1623 819 1674 ό
851 1622 980 1684 Θεὸς
1000 1622 1426 1694 ὑπερεξῄρηται.
1451 1624 1783 1679 Μανθανέτω

218 1718 388 1770 τοίνυν
420 1719 482 1769 ἐκ
502 1717 730 1780 τούτων,
780 1716 853 1777 ὡς
887 1715 945 1767 οὑ
1001 1717 1179 1768 πάντα
1207 1714 1274 1767 τὰ
1323 1715 1666 1785 ὑφεστηκότα
1719 1719 1783 1771 ἐκ

220 1808 348 1860 Θεοῦ
385 1845 400 1870 ,
428 1808 519 1860 καὶ
555 1807 660 1859 ὑπὸ
700 1807 890 1877 χρόνον
911 1806 1037 1859 εἰσί.
1069 1807 1176 1860 Καὶ
1206 1805 1315 1876 γάρ
1339 1806 1486 1858 ἐστιν
1515 1806 1550 1860 ὃ.
1580 1807 1783 1862 τούτων

220 1903 426 1974 ἄναρχά
455 1907 591 1964 ἐστι,
625 1904 717 1956 καὶ
740 1903 817 1972 τῷ
842 1903 985 1971 λόγῳ
1004 1903 1102 1971 τῆς
1135 1901 1303 1972 μόνης
1334 1901 1574 1970 ἀνάρχου
1600 1901 1780 1970 φύσει,

1879 707 2377 775 comprehenditur,
2403 712 2459 759 et
2505 701 2804 773 generatim
2853 698 3033 752 omnis
3094 697 3226 759 vita,
3266 704 3322 750 et
3351 697 3449 748 im-

1883 799 2206 860 mortalitas.
2231 806 2286 852 et
2324 796 2668 864 simplicitas,
2693 803 2748 847 et
2780 789 3212 852 immutabilitas,
3251 796 3307 842 et
3349 790 3453 842 im-

1880 892 2163 954 mensitas,
2182 900 2235 945 et
2252 890 2504 959 quaelibet
2523 885 2834 941 essentialia
2872 883 2961 937 Dei
2991 884 3265 947 attributa,
3285 895 3449 950 opera

1882 980 1974 1034 Dei
2019 988 2165 1044 sunt,
2189 979 2288 1033 etsi
2329 992 2434 1032 non
2467 975 2837 1043 temporaliter
2859 970 3143 1042 coeperint.
3171 970 3453 1039 Nunquam

1881 1071 2025 1126 cnim
2049 1085 2155 1124 non
2185 1068 2506 1134 exsistentia
2524 1066 2798 1135 praecessit
2816 1064 3068 1118 virtutem
3112 1071 3202 1115 aut
3222 1062 3454 1128 aliquam

1885 1163 2047 1216 aliam
2072 1161 2416 1230 prtefatarum
2443 1159 2786 1229 qualitatum,
2811 1157 3056 1226 quamvis
3075 1152 3453 1222 participantia

1883 1267 1976 1307 eas
2013 1267 2137 1306 eum
2159 1252 2374 1307 eisesse
2399 1247 2767 1319 temporaliter
2817 1247 3101 1313 coeperint.
3160 1243 3294 1297 Nam
3336 1246 3454 1294 sine

1883 1341 2149 1414 principio
2203 1351 2285 1398 est
2327 1340 2503 1396 omnis
2552 1339 2746 1403 virtus,
2807 1352 2912 1391 non
2974 1335 3178 1408 habens
3242 1342 3454 1398 tempus

1883 1436 2060 1503 seipsa
2077 1432 2338 1496 anterius,
2358 1441 2540 1500 utpote
2562 1429 2735 1482 solum
2765 1429 2929 1481 Deum
2955 1425 3159 1480 habens
3183 1440 3294 1477 sua:
3313 1424 3457 1477 exsi-

1883 1526 2094 1579 steutite
2110 1525 2178 1578 ab
2193 1533 2395 1576 aaterno
2415 1522 2738 1593 genitorem.
2753 1518 3016 1574 Omnibus
3035 1527 3211 1568 autem
3238 1515 3426 1582 partici
3442 1545 3459 1559 ο

1884 1615 2140 1684 pantibus
2199 1623 2252 1666 et
2281 1611 2617 1682 participatis
2672 1610 2939 1661 immense
2971 1615 3026 1659 et
3085 1603 3288 1657 inﬁnite
3318 1604 3456 1656 Dens

1883 1705 2271 1775 supereminet.
2307 1721 2326 1755 ι
2359 1703 2539 1757 Discat
2574 1701 2735 1767 igitur
2765 1715 2829 1751 cx
2871 1699 2953 1752 Itis
2986 1711 3092 1750 non
3131 1695 3308 1750 omnia
3336 1710 3456 1763 qua:

1886 1798 1997 1852 Deo
2022 1797 2271 1864 subsunt,
2318 1795 2547 1864 tempori
2611 1793 2915 1862 subjacere.
2951 1790 3161 1846 Etenim
3194 1788 3452 1844 nonnulla

1887 1891 2078 1946 horum
2131 1890 2250 1944 sine
2275 1887 2540 1959 principio
2569 1895 2712 1950 sunt,
2739 1888 2869 1953 quin
2901 1883 3014 1939 sola
3046 1883 3164 1937 sine
3191 1882 3454 1950 principio

222 1994 310 2044 καὶ
351 1991 637 2061 τριαδικῆς
655 1991 903 2059 μονάδος,
923 1991 1124 2060 καὶτῆς
1145 1990 1263 2044 κατ’
1282 1991 1451 2062 αὐτὴν
1471 1991 1777 2062 ὑπερφυοῦς

1883 1981 2182 2037 secundum
2216 1991 2466 2034 naturam
2497 1977 2760 2042 essentia,
2786 1988 2840 2030 et
2873 1977 3009 2029 trina
3046 1974 3295 2044 personis
3323 1973 3455 2030 Uni-

219 2083 536 2150 ἁπλότητος,
569 2082 772 2149 ἣκιστα
821 2081 1143 2150 λυμαίνεται
1173 2097 1187 2110 ·
1217 2081 1308 2133 τὸν
1337 2081 1499 2134 αὑτὸν
1519 2081 1629 2150 γάρ
1653 2082 1779 2152 τρό-

224 2189 316 2224 πον
345 2173 434 2223 καὶ
456 2172 484 2223 ό
520 2169 642 2231 νοῦς
692 2171 812 2223 κατ’
863 2171 1109 2240 ἀμυδρὰν
1149 2170 1332 2223 εἰκόνα
1355 2171 1454 2238 τῆς
1504 2171 1781 2239 ὑπερϐαλ-

221 2263 409 2330 λούσης
432 2261 645 2330 ἐκείνης
670 2262 953 2332 ἀμερείας,
989 2262 1239 2332 οὐδαμῶς
1265 2262 1352 2316 διὰ
1379 2263 1477 2326 τὰς
1510 2263 1785 2334 ἐμφύτους

220 2351 405 2405 ἐαυτοῦ
434 2354 666 2421 νοήσεις,
701 2353 952 2415 σύνθετός
985 2356 1152 2406 ἐστιν.

289 2446 474 2506 Ὅστις
513 2444 612 2506 τὰς
636 2443 1104 2513 ὲνσημαινομένας
1129 2441 1206 2512 τῷ
1238 2441 1450 2512 σώματι
1483 2460 1784 2512 πνευματι-

222 2535 318 2597 κάς
350 2534 638 2596 διαθέσεις,
663 2533 772 2586 ἀπὸ
801 2533 908 2585 τῶν
966 2535 1022 2584 ἐν
1050 2535 1114 2603 τῇ
1149 2533 1293 2602 ψυχῇ
1320 2533 1429 2584 τῶν
1477 2533 1618 2586 κατά
1649 2534 1784 2586 Θεὸν

221 2626 630 2695 προκοπτόντων
700 2624 1059 2694 χαρισμάτων
1146 2625 1238 2676 τοῦ
1301 2623 1656 2692 Πνεύματος,
1719 2626 1780 2676 οῦ

221 2717 605 2788 παραδέχεται,
661 2716 755 2768 καὶ
810 2716 908 2784 τὴν
966 2714 1061 2767 τοῦ
1129 2714 1434 2785 παθητικοῦ
1492 2715 1610 2768 καθ’
1670 2716 1782 2782 ἕξιν

220 2808 487 2878 νέκρωσιν
539 2806 812 2861 ἀπάθειάν
871 2823 1055 2876 φησιν,
1110 2805 1244 2860 ἀλλά
1297 2804 1373 2875 μὴ
1417 2806 1514 2875 τήν
1568 2805 1659 2858 ἐπὶ
1713 2805 1782 2857 τὰ

219 2901 449 2970 κρείττω
514 2899 636 2951 καθ’
684 2898 798 2962 ἕξιν
831 2898 1133 2967 ἐνέργειαν,
1169 2897 1363 2961 ὑλικῶς
1392 2898 1814 2968 ἀπεστραμμέ-⁸

217 3010 306 3044 νου
336 2991 404 3044 τὰ
443 2991 676 3060 πονηρὰ,
705 2990 798 3042 καὶ
849 2990 1300 3058 ἐπεστραμμένου
1350 2991 1484 3058 πρὸς
1513 2991 1582 3042 τὰ
1620 2989 1779 3052 καλὰ,

212 3086 288 3147 ὡς
310 3083 410 3145 τὰς
443 3082 686 3152 πονηρὰς
723 3081 862 3145 ἔξεις
894 3081 1354 3148 ἀποκτισαμένου,
1383 3080 1474 3132 καὶ
1502 3083 1622 3142 ταῖς
1652 3082 1780 3147 ἀγα.

213 3178 334 3238 θαίς
367 3175 786 3244 πλουτήσαντος,
816 3167 970 3236 οὗτος
1002 3171 1309 3234 ἀκολούθως
1346 3175 1412 3241 τῇ
1445 3171 1670 3243 τοιαύτῃ
1693 3173 1765 3222 δο-

217 3267 301 3336 ξῃ,
328 3267 420 3318 καὶ
443 3265 540 3336 τὴν
573 3267 631 3317 ὲν
688 3264 768 3333 τῷ
796 3263 1061 3332 ἀφθάρτῳ
1116 3262 1226 3315 τῶν
1259 3263 1426 3314 ὄντων
1465 3263 1618 3313 αἰῶνι
1645 3263 1780 3330 μετά

215 3358 464 3427 σώματος
521 3355 874 3409 ἀπαναίνεται
921 3355 1231 3424 διαγωγήν·
1275 3356 1322 3406 εί
1348 3353 1455 3422 γὰρ
1499 3355 1776 3424 συμμεθέ-

210 3451 292 3516 ξει
330 3450 449 3501 τότε
478 3450 545 3517 τῇ
575 3447 720 3517 ψυχῇ
745 3447 806 3499 τὸ
835 3447 995 3514 σῶμα
1026 3445 1132 3498 τῶν
1165 3447 1488 3516 ἀπορρήτων
1531 3446 1774 3513 ἀγαθῶν,

212 3546 306 3598 καὶ
337 3545 432 3596 νῦν
464 3543 638 3609 δήπου
688 3541 1040 3612 συμμεθέξει,
1074 3543 1214 3594 κατὰ
1242 3541 1303 3592 τὸ
1351 3541 1645 3612 ἐγχωροῦν,
1681 3543 1777 3611 τῆς

210 3634 621 3705 χορηγουμένης
679 3632 957 3702 μυστικῶς
1011 3633 1104 3684 καὶ
1160 3633 1485 3702 ἀπορῤήτως
1524 3632 1629 3685 ὑπὸ
1683 3631 1776 3684 τοῦ

207 3724 348 3777 Θεοῦ
410 3724 627 3793 χάριτος
678 3721 754 3791 τῷ
793 3723 1189 3792 κεκαθαρμένῳ
1245 3723 1340 3792 νῷ,
1382 3725 1475 3777 καὶ
1526 3724 1657 3777 αῦτδ
1711 3725 1778 3777 τὰ

207 3818 332 3868 θεῖα
361 3817 628 3879 πείσεται,
663 3813 1009 3883 καταλλήλως
1065 3815 1260 3883 ἐαυτῷ,
1316 3817 1784 3885 μετασκευασθέν-

207 3923 330 3969 τος,
353 3907 447 3958 καὶ
468 3906 841 3971 ἀγιασθέντος,
867 3905 979 3958 ἀλλ’
1009 3906 1069 3957 οῦ
1111 3905 1234 3958 καθ’
1274 3906 1384 3969 ἕξιν
1412 3907 1778 3975 νεκρωθέντος

206 3997 308 4054 τοῦ
341 3995 444 4066 τῆς
490 3997 668 4068 ψυχῆς
725 3995 1050 4065 παθητικοῦ.
1082 3997 1190 4050 Καὶ
1219 3996 1286 4050 δι’
1324 3998 1542 4060 ἑαυτοῦ,
1595 3997 1777 4052 κοινοῦ

203 4091 466 4162 σώματός
501 4107 561 4141 τε
617 4091 708 4144 καὶ
733 4087 911 4157 ψυχῆς
944 4089 1300 4158 ὑπάρχοντος,
1336 4087 1434 4149 τάς
1466 4087 1562 4140 τοῦ
1593 4089 1780 4157 σώμα-

197 4201 298 4247 τος
356 4181 678 4248 ἀγιάζοντος
736 4179 1004 4241 διαθέσεις
1037 4196 1095 4231 τε
1148 4180 1242 4232 καὶ
1281 4179 1577 4249 ἐνεργείας.
1631 4180 1781 4230 Ἐπεὶ

195 4274 314 4342 γάρ
366 4271 475 4323 τῶν
534 4269 968 4338 ἀπηλλαγμένων
1011 4269 1118 4320 τῶν
1148 4269 1243 4320 τοῦ
1279 4267 1394 4339 βίου
1465 4268 1644 4321 καλῶν
1691 4268 1779 4320 διὰ

193 4363 303 4430 τὴν
329 4361 522 4412 ἐλπίδα
545 4360 653 4412 τῶν
704 4360 1006 4426 μελλόντων
1049 4359 1289 4426 ἀγαθῶν,
1317 4359 1459 4412 κατά
1485 4359 1576 4411 τὸν
1626 4358 1780 4424 ἅγιον

195 4451 484 4521 Διάδοχον,
518 4451 546 4503 ό
573 4467 697 4512 νους
717 4453 1001 4522 εὐρώστως
1028 4449 1118 4504 διά
1161 4450 1260 4520 τὴν
1300 4449 1634 4520 ἀμεριμνίαν
1691 4467 1779 4501 κι-

195 4538 490 4608 νούμενος,
520 4539 620 4607 τῆς
645 4537 797 4599 θείας
818 4539 1055 4608 ἀρρήτου
1090 4536 1198 4608 [ἴσ.
1228 4536 1507 4609 ἀρρήτων]
1543 4537 1766 4608 χρηστό-

1879 2085 1985 2139 tas,
2021 2085 2073 2127 et
2103 2071 2531 2142 superuaturalis
2577 2069 2696 2138 ejus
2731 2069 3072 2138 simplicitas,
3111 2066 3276 2120 ullum
3329 2065 3456 2118 inde

1878 2167 2106 2222 subeant
2133 2166 2513 2220 dettimentum
2547 2163 2774 2218 :eedem
2819 2162 2962 2215 enim
2989 2161 3147 2214 modo
3179 2173 3351 2220 mens,
3386 2156 3453 2209 ad

1878 2258 2170 2328 Imaginem
2203 2255 2688 2326 snperexcellentis
2717 2253 2866 2306 illius
2907 2249 3326 2312 individuitatis,
3349 2248 3453 2300 mi-

1878 2353 2025 2405 nime
2051 2352 2119 2404 ob
2163 2350 2435 2402 naturales
2470 2361 2602 2402 suas
2639 2345 2997 2415 cogitationes
3036 2342 3094 2396 (it
3124 2341 3444 2410 composita.

1948 2444 2264 2511 Quicunque
2287 2442 2622 2512 signiﬁcatas
2675 2454 2902 2506 corpore
2929 2436 3238 2507 spirituales
3267 2435 3452 2502 dispo-

1886 2539 2135 2598 sitioues,
2167 2535 2234 2588 ab
2256 2534 2440 2586 inditis
2463 2533 2659 2586 anima:
2683 2529 3076 2599 proﬁcientium
3109 2527 3161 2580 in
3189 2527 3296 2580 Deo
3320 2526 3451 2579 cha-

1881 2628 2200 2684 rismatibus
2235 2626 2493 2695 Spiritus.
2537 2638 2646 2676 non
2683 2624 2965 2692 approbat,
2999 2631 3050 2673 et
3087 2619 3298 2672 habitus
3325 2633 3451 2670 cnn-

1877 2720 2207 2790 cupiscibilis
2249 2717 2719 2772 mortiﬁcationem
2767 2727 2924 2770 vol-at
2982 2714 3281 2782 apathiam,
3311 2712 3451 2764 haud

1879 2829 2005 2868 vero
2031 2812 2364 2866 melioratum
2386 2809 2759 2879 Operationem
2780 2807 2940 2876 hujus
2971 2806 3206 2868 habitus,
3232 2805 3453 2857 omnino

1878 2905 2180 2960 aversantis
2211 2903 2350 2956 mala
2387 2911 2440 2956 et
2471 2899 2720 2957 conversi
2770 2900 2834 2951 ad
2873 2901 3034 2960 bona,
3078 2905 3262 2967 utpote
3297 2896 3452 2949 malis

1883 2993 2155 3047 habilibus
2209 2991 2426 3060 spoliati
2463 2999 2516 3044 et
2553 2991 2709 3043 bonis
2743 2989 3100 3056 loeupletati;
3129 2988 3214 3042 hic
3253 3003 3449 3042 conse-

1878 3093 2105 3153 quenter
2140 3084 2227 3137 isti
2275 3082 2558 3138 sententiae
2613 3097 2712 3137 nos
2762 3083 2813 3134 in
2868 3081 3048 3135 tnturo
3096 3082 3294 3134 saeculo
3330 3096 3449 3135 eum

1880 3175 2193 3243 corporibus
2231 3184 2389 3243 negat
2418 3175 2655 3227 victuros
2697 3189 2711 3228 :
2748 3173 2792 3227 si
2827 3175 2970 3226 enim
3004 3185 3130 3225 tune
3162 3174 3449 3240 participa-

1883 3277 2060 3320 turum
2089 3275 2174 3319 est
2195 3280 2317 3317 cum
2343 3265 2522 3317 anima
2546 3279 2745 3332 corpus
2773 3264 3063 3317 ineffabilia
3098 3265 3258 3327 bona,
3286 3266 3448 3317 etiam

1885 3372 2031 3409 nunc
2080 3355 2324 3426 profecto
2379 3355 2873 3423 comparticipabit,
2933 3369 3036 3422 qua
3091 3352 3202 3406 ﬂeri
3249 3365 3448 3421 potest,

1880 3448 2060 3502 datam
2089 3449 2312 3517 mystice
2336 3459 2390 3502 et
2419 3447 2761 3500 inell‘abiliter
2781 3462 2809 3498 a
2841 3448 2947 3500 Deo
2975 3445 3450 3515 puriﬁcataemeuti

1883 3541 2135 3608 gratiam,
2167 3551 2220 3595 et
2254 3541 2426 3610 ipsum
2463 3541 2645 3593 ditina
2690 3555 2835 3592 more
2873 3539 2974 3592 sibi
3007 3554 3248 3608 congruo
3280 3541 3452 3608 patie-

1885 3644 1992 3697 tur,
2025 3644 2378 3699 transmutata
2409 3643 2462 3686 et
2501 3633 2855 3696 sanctiﬁcata,
2894 3649 3000 3685 non
3045 3643 3222 3688 tamen
3255 3649 3450 3688 secun-

1885 3722 2008 3775 dum
2044 3723 2288 3775 habitum
2339 3732 2526 3775 enecta
2586 3723 2634 3773 vi
2671 3725 2863 3775 animae
2902 3722 3346 3788 concupiscibili;
3395 3717 3450 3776 et

1885 3830 1982 3882 per
2015 3816 2269 3878 seipsam,
2306 3816 2507 3883 quippe
2539 3830 2655 3884 quae
2685 3815 2987 3866 communis
3016 3815 3224 3881 corpori
3257 3825 3309 3866 et
3335 3817 3451 3868 ιιιιὶ-

1886 3919 1984 3956 tua:
2018 3905 2109 3969 sit,
2140 3907 2516 3958 sanctiﬁcante
2550 3907 2794 3972 corporis
2821 3905 3204 3974 dispositiones
3235 3917 3288 3960 et
3317 3920 3450 3974 ope-

1886 3996 2144 4050 ratioues.
2181 3995 2316 4059 Quia
2357 3998 2500 4050 enim
2541 3997 2784 4050 liberatis
2821 4012 2849 4048 a
2879 3996 3002 4050 vitae
3040 3996 3194 4050 bonis
3233 4012 3449 4065 propter

1885 4102 2034 4156 spem
2084 4088 2387 4140 futurorum
2436 4089 2722 4150 bonorum,
2753 4087 2908 4154 juxta
2953 4095 3196 4141 sanctum
3251 4089 3445 4142 Diadu-

1885 4182 2067 4240 cbmn,
2108 4195 2258 4233 meus
2289 4178 2500 4232 fortiter
2531 4177 2601 4232 ob
2639 4180 2984 4232 securitatem
3033 4189 3173 4232 mota
3208 4181 3444 4235 divinam

1886 4271 2210 4324 ineﬂ‘abilem
2244 4270 2564 4324 suavitatem
2591 4269 2706 4338 ipsa
2737 4278 2936 4339 gustat,
2963 4271 3174 4338 corpori
3204 4286 3439 4339 quoque,

1887 4382 1982 4434 pro
2015 4379 2270 4417 mensura
2301 4361 2381 4415 sui
2415 4361 2708 4430 profectus,
2738 4375 2890 4414 suam
2919 4362 3282 4415 connnunicat
3316 4379 3442 4416 sua-

1886 4457 2129 4509 vitatem.
2174 4457 2350 4523 Atque
2401 4453 2708 4522 hujusmodi
2748 4453 2930 4507 latitia
2981 4457 3345 4524 tuncgrnimw
3393 4467 3448 4509 et

1884 4547 2098 4615 corpori
2129 4546 2323 4610 inorta,
2355 4547 2583 4617 hymnus
2608 4555 2690 4601 est.
2729 4543 2985 4599 iudubius
3021 4547 3444 4615 incorruptibilis

187 4644 369 4696 τητος
409 4625 569 4691 αὐτὸς
604 4628 1019 4692 ἐπαισθάνεται,
1047 4629 1142 4683 καὶ
1173 4627 1250 4698 τῷ
1277 4626 1511 4698 σώματι,
1556 4629 1698 4683 κατά
1724 4630 1783 4681 τὸ
1811 4653 1853 4706 υ
1882 4637 2020 4692 vim,

177 4710 402 4777 μέτρον
434 4706 534 4774 τῆς
571 4707 771 4760 ἑαυτοῦ
813 4708 1124 4776 προκοπῆς,
1159 4707 1260 4775 τῆς
1294 4708 1504 4768 οίκειας
1534 4710 1905 4778 χρηστότητος
1939 4711 2318 4780 μεταδίδωσιν.
2363 4713 2427 4764 'H
2449 4715 2505 4767 δὲ
2535 4715 2758 4786 τοιαύτη
2796 4716 3121 4785 ἐγγινομένη
3153 4718 3294 4788 χαρά
3319 4720 3439 4773 τότε

167 4803 244 4870 τῇ
284 4801 441 4869 ψυχῇ
478 4799 572 4851 καὶ
591 4798 675 4868 τῷ
715 4799 951 4867 σώματι,
987 4799 1296 4868 ὑπόμνησίς
1324 4801 1473 4852 ἐστιν
1507 4799 1753 4870 ἀπλανὴς
1782 4802 1874 4872 τῆς
1906 4802 2188 4871 ἀφθάρτου
2234 4805 2501 4873 βιότητος.

269 4888 479 4940 Ἀλλου
515 4890 612 4957 μὲν
639 4889 814 4957 φωτὸς
836 4889 865 4940 ὁ
887 4889 1032 4953 νοῦς,
1062 4893 1248 4961 ἐτέρου
1275 4893 1330 4946 δὲ
1351 4895 1647 4963 ήαίσθησις
1679 4898 1768 4947 ἀν-

173 4977 634 5046 τιλαμσὰνεσθαι
654 4980 917 5046 πέφυκεν.
935 4978 996 5032 'll
1023 4981 1119 5050 μὲν
1148 4983 1254 5051 γὰρ
1285 4984 1563 5052 αίσθητοῦ,
1595 4989 1689 5038 καὶ
1709 4987 1776 5039 τὰ

171 5067 439 5134 αἰσθητά
518 5068 756 5139 αἰσθητά
778 5069 1082 5134 δεικνύντος
1104 5083 1122 5102 ⁸
1155 5073 1308 5126 τοῦδε
1338 5073 1429 5128 νοῦ
1461 5075 1576 5144 φῶς
1604 5078 1771 5140 ἐστιν,

169 5159 209 5228 ἠ
248 5159 314 5209 ἐν
349 5160 590 5226 νοήμασι
617 5160 841 5228 κειμένη
890 5161 1088 5226 γνῶσις
1115 5179 1128 5192 ·
1163 5164 1224 5215 οῦ
1253 5163 1344 5215 τοῦ
1390 5165 1556 5219 αὑτοῦ
1592 5167 1770 5222 τοίνυν

168 5247 399 5316 φωτὸς,
433 5249 554 5318 ὄψις
591 5267 648 5302 τε
675 5252 768 5303 καὶ
813 5251 936 5316 νοῦς
982 5252 1490 5324 ἀντιλαμϐάνεσθαι
1525 5258 1772 5327 πεφύκα-

101 5370 110 5376 -
167 5358 294 5404 σιν,
328 5339 472 5393 ἀλλὰ
514 5342 705 5413 μέχρις
728 5343 793 5396 ἂν
823 5344 942 5398 κατ’
971 5345 1178 5398 οίκείαν
1233 5349 1420 5416 φύσιν,
1456 5350 1552 5402 καὶ
1580 5351 1638 5402 ἐν
1659 5351 1772 5413 τοῖς

165 5429 334 5483 κατά
366 5430 534 5498 φύσιν
566 5434 764 5502 ἐνεργῇ
799 5435 1057 5506 ἑκάτερον
1088 5437 1286 5490 αὐτῶν.
1320 5438 1488 5491 Ὅταν
1525 5441 1580 5493 δὲ
1612 5458 1772 5494 πνευ-

165 5538 295 5601 μριτ
308 5520 446 5589 ικῆς
482 5523 576 5576 καὶ
600 5523 910 5592 ὑπερφυοῦς
944 5525 1320 5596 εὐμοιρήσωσι
1348 5527 1564 5597 χάριτός
1597 5545 1658 5580 τε
1681 5530 1771 5581 καὶ

158 5611 505 5680 δυνάμεως,
535 5614 788 5684 αἰσθήσει
817 5631 876 5666 τε
909 5615 1004 5667 καὶ
1025 5615 1121 5685 νῷ,
1175 5621 1242 5670 τὰ
1286 5617 1426 5687 ὑπὲρ
1463 5621 1644 5672 πᾶσαν
1681 5618 1770 5672 αἴ-

161 5705 394 5774 σθησιν
437 5707 529 5759 καὶ
558 5706 730 5759 πάντα
761 5705 886 5760 νοῦν
914 5708 961 5758 οἱ
1013 5705 1412 5776 κατηξιωμένοι
1463 5710 1768 5779 βλέπουσιν,

166 5799 274 5849 ἵνα
311 5798 469 5848 κατά
500 5797 590 5849 τὸν
634 5797 892 5865 Θεολόγον
923 5798 1165 5867 εἴπωμεν
1236 5799 1406 5868 μέγαν
1451 5801 1768 5872 ι’ρηγόριον,

152 5889 244 5951 ὡς
269 5882 402 5942 οἶδε
440 5889 597 5960 μόνος
628 5890 654 5942 ό
677 5890 830 5956 Θεὶς,
859 5891 951 5944 καὶ
973 5893 1020 5944 οἱ
1037 5891 1102 5944 τὰ
1127 5892 1346 5946 τοιαῦτα
1369 5893 1766 5964 ἐνεργούμενοι.

1954 4891 2190 4943 Alteram
2225 4891 2394 4946 lucem
2441 4905 2614 4957 mens,
2670 4893 2892 4946 alteram
2935 4908 3125 4949 sensus
3165 4898 3442 4968 petcipere

1887 4981 2042 5036 valet.
2070 4980 2169 5034 llic
2197 4981 2340 5034 enim
2373 4982 2676 5052 sensibilem
2705 4992 2758 5036 et
2795 4984 3092 5053 sensibilia,
3125 5002 3227 5055 qua
3267 4989 3442 5043 sensi-

1885 5073 2037 5138 bilia,
2069 5073 2482 5140 ostendentetn;
2529 5075 2724 5127 mentis
2768 5086 2944 5128 autem
2992 5076 3078 5130 lux
3121 5079 3340 5132 est'sita
3387 5082 3438 5134 in

1887 5159 2303 5226 cogitationibus
2336 5161 2591 5227 cognitio.
2623 5161 2739 5216 Non
2769 5165 3015 5217 eamdem
3062 5166 3227 5229 igitur
3261 5168 3436 5223 lucem

1882 5254 2029 5307 visus
2066 5262 2120 5306 et
2157 5267 2308 5307 tuens
2338 5254 2611 5324 percipere
2649 5255 2842 5319 valent,
2887 5257 2978 5311 sed
3029 5268 3237 5312 tantum
3277 5263 3444 5318 donec

1882 5345 2178 5398 secundum
2202 5346 2470 5414 propriam
2495 5356 2742 5399 naturam
2763 5348 2814 5400 in
2837 5351 3172 5404 naturalibus
3192 5366 3440 5418 eperatur

1882 5446 2164 5506 utrumque
2191 5439 2404 5491 horum.
2428 5436 2653 5502 Quando
2674 5454 2801 5492 vero
2825 5442 3157 5507 spiritualcm
3182 5452 3234 5495 et
3259 5462 3317 5498 su
3327 5461 3438 5512 ρεπ-

1881 5532 2184 5581 naturalem
2229 5529 2404 5582 sortiti
2440 5538 2568 5582 sunt
2597 5533 2822 5599 gratiam
2860 5548 2920 5586 ac
2967 5534 3238 5596 virtutem,
3275 5551 3436 5590 sensu

1881 5629 1932 5674 et
1965 5630 2144 5675 metite
2185 5637 2248 5674 ea
2293 5636 2416 5689 qua:
2462 5632 2587 5674 sunt
2617 5638 2778 5690 supra
2812 5639 3024 5677 omnem
3063 5641 3279 5679 sensum
3326 5643 3448 5680 om-

1880 5729 2106 5780 nemque
2152 5724 2409 5776 mentem,
2445 5714 2627 5768 vident
2671 5715 2811 5784 digiti
2853 5716 2932 5786 (ut
2978 5715 3133 5784 juxta
3191 5734 3436 5787 magnum

1880 5810 2165 5872 loquamur
2197 5807 2512 5876 Gregorium
2549 5805 2927 5878 Tlteologutn),
2972 5819 3133 5877 prout
3160 5811 3306 5867 solus
3337 5815 3434 5868 scit

1879 5898 2020 5952 Deus
2051 5909 2102 5951 et
2133 5900 2324 5968 quibus
2361 5899 2662 5968 huiusmodi
2702 5912 2782 5957 cst
2820 5904 3087 5972 Operatio.
