4122 6322
303 425 3513 496 W

556 780 559 785 η
685 705 885 890 ΙΝ
981 691 2116 858 GBEGORIUM
2235 685 3153 844 SINAITAM

1610 977 2200 1117 'NQTITIA.

376 1434 680 1507 Γρηγόριος
728 1432 757 1485 6
783 1433 841 1486 ἰν
861 1430 1039 1500 ἁγίοις
1056 1426 1250 1499 Πατὴρ
1270 1428 1304 1497 ή
1313 1427 1452 1496 μῶν,
1477 1432 1508 1483 6
1534 1429 1679 1481 κατά
1700 1427 1761 1480 τδ
1776 1428 1866 1482 Σί-

2045 1435 2341 1505 Gregorius
2372 1441 2591 1491 sanctus
2636 1432 2801 1489 Pater
2828 1442 3032 1501 noster,
3067 1435 3123 1489 in
3177 1445 3359 1491 monte
3389 1435 3539 1491 Sinai

304 1551 451 1592 ναιον
500 1531 629 1602 ὄρος
660 1527 890 1603 μοναχδς
915 1524 1243 1597 ἀποκαρεὶς,
1282 1522 1378 1576 καὶ
1414 1521 1507 1578 διά
1538 1522 1697 1576 τοῦτο
1747 1522 1872 1576 ὲπι-

315 1640 531 1712 κληθεὶς
560 1640 832 1709 Σιναῖτης,
854 1639 1071 1709 ἠκμασε
1087 1638 1185 1707 μὲν
1213 1636 1306 1690 ἐπὶ
1321 1634 1422 1705 τῆς
1446 1633 1720 1704 βασιλείας
1757 1634 1876 1686 Ἀν-

314 1726 559 1798 δρονίκου
613 1726 708 1779 τοῦ
756 1726 1145 1794 Παλαιολόγοι),
1203 1724 1331 1794 περί
1357 1740 1460 1776 που
1505 1721 1567 1778 τὸ
1614 1720 1878 1793 χιλιοστὸν

314 1816 724 1888 τριακοσιοστὸν
773 1815 1098 1887 τριακοστὸν
1123 1814 1270 1878 ἔτοςο
1306 1815 1387 1875 είς
1416 1812 1474 1867 δὲ
1508 1812 1568 1866 τὸ
1601 1811 1692 1866 τοῦ
1726 1811 1878 1865 Ἀθω

315 1908 441 1979 δρος
478 1906 672 1972 ἐλθὼν,
707 1893 802 1959 καὶ
828 1908 897 1959 τὰ
954 1907 1133 1959 ἐκεῖσε
1167 1904 1564 1974 περινοστήσας
1608 1904 1878 1973 μυναστή-

321 2018 433 2072 ρια,
492 2001 586 2053 καὶ
636 1999 1035 2069 ἡσυχαστήρια,
1071 1996 1299 2063 πολλοὺς
1332 1995 1430 2065 μὲν
1481 1988 1608 2064 εὗρε
1665 1992 1880 2046 συνέσει

318 2090 412 2143 καὶ
438 2090 507 2158 τῇ
537 2089 680 2161 κατά
701 2087 762 2140 τὸ
792 2082 924 2157 ἦθος
966 2084 1258 2155 σεμνότητι
1287 2082 1756 2153 κεκοσμημένους,
1787 2082 1881 2136 καὶ

317 2179 448 2249 περὶ
477 2178 539 2231 τὸ
567 2176 872 2250 πρακτικὸν
899 2175 1058 2246 μόνον
1100 2173 1525 2239 ἐσπουδακότας,
1558 2175 1688 2243 περὶ
1707 2173 1766 2226 δὲ
1784 2174 1882 2243 τή-

319 2282 480 2339 ρησιν
508 2267 628 2333 νοὸς
648 2268 735 2319 καὶ
773 2264 1005 2337 ἡσυχίας
1046 2262 1354 2333 ἀκρίϐειαν,
1394 2263 1488 2316 καὶ
1518 2261 1751 2331 Θεωρίαν
1787 2261 1883 2313 ἐπὶ

309 2373 559 2426 τοσοῦτον
580 2375 878 2444 ἀμυήτους,
901 2374 1046 2429 ὥστε
1072 2374 1194 2427 οὐδὲ
1225 2375 1284 2438 ἐξ
1306 2375 1570 2445 ὀνόματος
1597 2374 1666 2428 τά
1692 2375 1877 2428 τοιαῦ-

310 2482 380 2519 τα
434 2465 577 2529 οἴους
625 2466 786 2530 ὄντας
812 2467 1220 2535 διαγινώσκειν·
1251 2466 1429 2536 μόνοις
1466 2465 1522 2518 δὲ
1571 2468 1751 2535 τρισὶν
1789 2470 1877 2519 ὲν-

308 2557 567 2625 τυγχάνει
618 2556 760 2611 κατά
791 2557 890 2628 τὴν
933 2558 1161 2627 ἀντικρὺ
1198 2556 1446 2610 Φιλοοέου
1497 2558 1755 2626 κειμένην
1783 2556 1876 2610 τοῦ

308 2646 573 2714 Μαγουλᾶ
627 2648 832 2717 σκήτην
860 2647 1144 2715 (Ἡσαΐας,
1197 2647 1520 2719 Κορνήλιος,
1552 2649 1645 2701 καὶ
1681 2648 1879 2702 Μακάο

311 2754 424 2809 ριος
475 2738 662 2800 αὐτοῖς
732 2737 802 2791 τά
850 2736 1136 2807 ὀνόματα),
1204 2738 1400 2807 μικρὸν
1482 2737 1577 2789 καὶ
1634 2739 1778 2807 περὶο
1815 2738 1877 2791 τὸ

1973 1541 2197 1583 tonsura
2257 1525 2558 1583 monachali
2622 1526 2889 1590 initiatus,
2938 1525 3170 1595 ideoque
3204 1537 3428 1582 vocatus
3457 1527 3543 1583 Si-

1971 1620 2144 1687 naita,
2196 1619 2379 1677 ﬂoruit
2427 1622 2527 1676 sub
2581 1618 2812 1690 imperio
2870 1618 3169 1674 Andronici
3230 1618 3542 1690 Palaeologi,

1970 1713 2116 1769 circa
2152 1712 2496 1768 millesimum
2559 1710 3010 1766 trecentesimum
3050 1709 3388 1765 tricesimum
3445 1727 3545 1764 an-

1969 1821 2124 1861 rium.
2155 1805 2311 1859 illinc
2341 1804 2410 1858 ad
2443 1811 2682 1859 montem
2711 1801 2852 1858 Atho
2884 1804 3146 1873 migrans,
3174 1803 3385 1872 'ibique
3431 1820 3546 1857 tuo-

1970 1898 2206 1953 nasteria
2249 1904 2304 1953 et
2333 1896 2662 1952 solitudines
2692 1909 3042 1965 percurrens,
3092 1895 3291 1951 multos
3341 1897 3546 1952 invenit

1969 1989 2237 2058 sapientia
2261 1988 2481 2059 quidem
2528 1998 2584 2043 et
2643 2002 2856 2042 morum
2910 1988 3173 2057 gravitate
3223 1997 3446 2042 ornatos
3489 1998 3546 2042 et

1971 2081 2037 2137 ad
2064 2082 2363 2151 practicam
2385 2066 2594 2135 tantum
2622 2079 2786 2133 vitam
2820 2094 2877 2133 se
2904 2087 3240 2142 exercentes,
3264 2078 3331 2132 ad
3367 2087 3549 2133 custo-

1978 2173 2123 2228 diam
2156 2187 2285 2228 vero
2313 2173 2512 2229 mentis
2540 2184 2595 2228 et
2623 2172 2691 2227 ad
2723 2173 3057 2243 quietudinis
3109 2186 3170 2227 ac
3215 2173 3547 2242 contempla-

1971 2265 2133 2321 tionis
2158 2265 2479 2321 exercitium
2516 2266 2590 2319 ita
2620 2265 2802 2330 rudes,
2832 2272 2892 2318 ut
2924 2265 3036 2319 haec
3064 2279 3131 2319 uc
3181 2263 3399 2319 nomine
3428 2266 3548 2335 qui-

1969 2355 2090 2411 dem
2125 2355 2441 2425 dignoscere
2484 2357 2788 2424 potuissent
2816 2372 2831 2424 ;
2885 2365 2995 2411 tres
3029 2364 3235 2418 tantum
3269 2357 3324 2412 in
3357 2372 3549 2411 mona-

1967 2448 2137 2504 sterio
2164 2449 2372 2518 Magula
2393 2448 2660 2518 eregione
2681 2448 2949 2504 Philothei
2976 2449 3085 2503 sito
3106 2451 3307 2519 reperit
3328 2449 3549 2521 (quibus

1968 2541 2191 2595 nomina
2255 2540 2449 2606 Isaias,
2504 2542 2797 2597 Cornelius
2852 2551 2906 2596 et
2957 2540 3270 2608 Macarius),
3329 2544 3545 2613 paulum

1967 2634 2409 2704 contemplationi
2444 2644 2721 2692 vacantes.
2756 2634 2884 2691 Zelo
2930 2633 3094 2706 igitur
3123 2634 3307 2692 divino
3351 2651 3548 2690 accen-

1966 2737 2084 2789 sus,
2168 2740 2275 2781 non
2348 2725 2627 2782 solitarios
2694 2736 2928 2795 tantum,
2973 2731 3068 2784 sed
3121 2739 3176 2785 et
3233 2734 3536 2788 ctenobitas

310 2789 659 2901 liuenti.be
712 2789 1217 2899 ἐνασχο).ουμένοιςῖ
1236 2789 1239 2790 ν
1293 2789 1449 2900 ἑήλῳ
1511 2828 1641 2900 Θείῳ
1697 2789 1875 2883 τοίνυν

1971 2831 2161 2873 omnes
2216 2819 2555 2888 vigilantiam
2611 2828 2666 2874 et
2724 2821 3027 2876 custodiam
3073 2823 3243 2878 animi
3292 2832 3348 2879 et
3389 2841 3546 2880 incn-

309 2920 673 2989 πυρούμενος,
725 2918 787 2972 οὐ
834 2916 993 2987 μόνον
1046 2918 1171 2981 τοὺς
1221 2921 1337 2973 κατ’
1374 2919 1523 2983 ,ἰδίαν
1573 2919 1879 2990 ἡσυχάζον-

309 3025 430 3072 τας,
475 3007 613 3061 ἀλλά
649 3007 715 3078 δὴ
766 3009 861 3062 καὶ
911 3008 1038 3072 τοὺς
1081 3010 1140 3062 ὲν
1181 3009 1465 3073 κοινοὸίοις
1496 3011 1761 3076 ἅπαντας,
1779 3027 1878 3063 πε-

314 3102 368 3168 ρὶ
416 3098 630 3169 νήψεως
676 3098 773 3153 καὶ
808 3101 1055 3169 φυλακῆς
1093 3102 1211 3165 νοὸς
1247 3103 1341 3155 καὶ
1381 3103 1584 3174 νοερᾶς
1644 3119 1880 3174 προσευ-

312 3189 413 3260 χῆς
437 3190 737 3262 ἑδίδασκεν.
789 3192 864 3245 Οὐ
901 3192 1008 3262 μὴν
1046 3192 1181 3246 ἀλλὰ
1225 3194 1325 3247 καὶ
1358 3194 1498 3247 κατά
1529 3193 1598 3247 τὰ
1643 3195 1880 3267 παρόρια

312 3281 411 3350 τῆς
441 3282 778 3346 Μακεδονίας
804 3287 953 3354 τρεῖς
976 3283 1184 3356 λαύρας
1213 3285 1475 3355 μεγίστας
1495 3287 1879 3357 οἰκοδομήσας,

309 3372 406 3424 καὶ
437 3372 641 3437 τόπους
678 3374 1061 3442 παμπόλλους,
1101 3375 1196 3435 καὶ
1249 3375 1519 3447 ἐπαρχίας
1556 3376 1877 3447 περιελθὼν,

303 3475 553 3541 ἅπαντας
582 3480 776 3542 κοινῶς
798 3480 892 3533 ἐπὶ
926 3481 1031 3550 τὴν
1053 3481 1152 3551 τῆς
1182 3483 1374 3552 νοερᾶς
1399 3484 1495 3537 καὶ
1527 3483 1874 3543 ἀδιαλείπτου

306 3571 617 3639 προσευχῆς
638 3572 928 3643 ἐργασίαν,
947 3575 1062 3637 ταῖς
1092 3572 1265 3637 θείαις
1289 3573 1453 3627 αὐτοῦ
1481 3575 1871 3639 διδασκαλίαις,

305 3659 723 3730 προύτρέπετοο-
771 3662 871 3721 καὶ,
914 3664 1141 3728 πολλοὺς
1189 3665 1257 3719 δι’
1298 3667 1467 3737 αὐτῆς
1519 3668 1877 3735 ἁμαρτωλοὺς

303 3748 660 3819 ἀπιστρέψας,
692 3752 785 3803 καὶ
819 3753 1000 3818 ἀξίους
1028 3756 1087 3820 ἐξ
1140 3755 1381 3821 ἀναξίων
1432 3756 1746 3824 ἀποδείξας,
1776 3759 1875 3827 τῆς

307 3839 632 3908 σωζομένων
679 3840 899 3911 μερίδος
953 3841 1254 3913 ἀξιωθῆναι
1303 3846 1589 3914 παραίτιος
1630 3846 1870 3914 γέγονεν.

306 3922 386 3983 Οὗ
434 3930 649 3984 καὶτὸν
681 3929 797 4000 βίον
850 3932 1152 3995 Κάλλιστος
1204 3934 1232 3985 6
1267 3933 1568 4004 ἀγιὼτατος
1603 3936 1873 4006 πατριάρ-

304 4034 428 4088 χης,
465 4021 493 4073 ὁ
524 4019 621 4073 καὶ
653 4020 903 4090 μαθητής
943 4021 1107 4074 αὐτοῦ
1160 4014 1526 4093 χρηματίσας,
1558 4023 1697 4076 κατὰ
1739 4023 1877 4076 πλά-

1974 2910 2135 2965 talvm
2165 2912 2466 2966 orationem
2495 2912 2698 2967 docuit.
2739 2912 2853 2970 lmo
2904 2914 2956 2968 in
2990 2914 3189 2971 ﬁnibus
3217 2914 3549 2976 Macedoniae

1974 3012 2087 3059 tres
2123 3005 2304 3060 lauras
2333 3007 2601 3061 maximas
2648 3006 2958 3075 aediﬁcavit,
3013 3011 3371 3082 plurimisque
3413 3013 3548 3071 locis

1966 3104 2023 3150 et
2072 3095 2383 3165 regionibus
2430 3099 2755 3168 peragratis,
2806 3115 2996 3175 omnes
3051 3105 3419 3160 communiter
3477 3108 3545 3161 ad

1971 3187 2222 3241 mentalis
2256 3197 2310 3242 et
2341 3190 2616 3244 continuae
2670 3191 2938 3247 orationis
2987 3210 3146 3252 usum
3206 3197 3404 3255 divinis
3431 3201 3548 3256 suis

1970 3279 2407 3336 institutionibus
2460 3282 2778 3338 adhortatus
2802 3293 2911 3351 est,
2954 3294 3008 3340 et
3033 3288 3232 3343 multos
3276 3305 3373 3357 per
3425 3305 3547 3345 eam

1979 3386 2275 3428 conversos
2298 3383 2630 3442 peccatores,
2651 3384 2705 3430 et
2725 3376 2917 3447 dignos
2941 3394 3006 3432 ex
3042 3379 3278 3450 indignis
3299 3380 3545 3449 ell'cctos,

1970 3478 2069 3519 cur
2097 3465 2395 3521 elec'orum
2426 3468 2798 3524 haereditatcm
2826 3482 3167 3526 mererentur
3217 3489 3383 3530 causa
3419 3474 3541 3531 fuit.

1970 3554 2122 3611 Illius
2141 3557 2302 3611 vitam
2320 3557 2577 3615 Callistus
2595 3561 2910 3630 patriarcha.
2926 3561 2972 3634 (l
2987 3566 3433 3633 ),sanctissimus.
3453 3569 3544 3638 qui

1968 3663 2024 3706 et
2048 3650 2343 3720 discipulus
2370 3653 2485 3722 ejus
2514 3651 2633 3717 fuit,
2668 3653 2843 3723 ample
2865 3656 3209 3725 conscripsit.
3242 3657 3536 3727 Czeterum,

1971 3752 2026 3798 ut
2061 3742 2114 3795 in
2148 3743 2252 3796 vita
2293 3757 2392 3796 sua
2427 3745 2731 3800 communis
2758 3760 2927 3800 sacra:
2969 3747 3258 3819 vigilantia:
3285 3752 3542 3822 magister

1970 3834 2324 3889 celeberrime
2356 3836 2617 3900 innotuit,
2652 3836 2731 3891 sic
2764 3837 2847 3891 vel
2897 3848 3147 3894 mortuus
3174 3841 3241 3895 ad
3269 3844 3406 3897 hanc
3447 3860 3544 3912 per

1969 3926 2261 3995 praesentia
2295 3941 2389 3980 sua
2416 3927 2621 3996 scripta
2650 3928 2989 3983 manuducit.
3023 3930 3076 3984 In
3106 3929 3191 3985 his
3217 3931 3360 3987 enim
3387 3952 3538 3987 mcu-

1972 4017 2097 4073 talis
2125 4026 2177 4071 et
2201 4018 2427 4072 interna:
2447 4019 2709 4075 orationis
2728 4031 2900 4073 artem
2921 4020 3320 4089 elegantissime
3343 4036 3393 4081 et
3415 4042 3540 4095 per—

302 4125 396 4171 τος
425 4109 781 4188 συνέγραψεν.
830 4112 988 4165 Ἀλλά
1014 4112 1142 4182 γὰρ,
1167 4112 1358 4183 ὥσπερ
1378 4115 1436 4165 ὲν
1456 4117 1521 4183 τῇ
1566 4115 1676 4185 ζωῇ
1705 4114 1871 4168 αὑτοῦ

1972 4107 2270 4165 fcetissime
2291 4111 2468 4174 docet,
2490 4111 2664 4181 deque
2687 4111 2986 4168 moralibus
3008 4114 3299 4171 virtutibus
3316 4128 3370 4171 et
3393 4122 3542 4174 vitiis

306 4206 336 4256 6
369 4201 633 4272 ἀοίδιμος,
660 4202 837 4265 κοινὸς
878 4202 1196 4266 διδάσκαλος
1242 4204 1341 4273 τῆς
1372 4204 1522 4274 ἱερᾶς
1544 4203 1754 4274 νήψεως
1779 4206 1872 4271 ὲγ·

303 4293 566 4362 νωρίζετο
595 4308 609 4323 ’
636 4292 808 4356 οὕτως
836 4290 903 4351 αὖ
947 4294 1085 4364 μετὰ
1112 4294 1341 4349 θάνατον
1405 4296 1492 4348 ἐπ’
1538 4295 1707 4366 αὐτὴν
1748 4295 1873 4349 ταύ-

298 4399 402 4452 την
425 4381 512 4442 διὰ
539 4382 650 4436 τῶν
679 4384 960 4453 παρόντων
986 4385 1151 4439 αὐτοῦ
1194 4385 1645 4456 συγγραμμάτων
1679 4401 1868 4456 χειρα-

300 4477 491 4542 γωγεῖ.
516 4475 620 4535 Τόν
651 4494 709 4529 τε
753 4476 865 4548 γὰρ
898 4476 994 4545 τῆς
1024 4477 1215 4546 νοερᾶς
1246 4476 1339 4529 καὶ
1364 4476 1664 4547 καρδιακῆς
1692 4492 1866 4551 προσ-

1969 4204 2267 4268 disserit,ct
2282 4205 2521 4272 quaedam
2539 4203 2760 4270 erroris,
2778 4203 3019 4273 quaedam
3034 4206 3221 4274 gratiae
3235 4206 3386 4278 signa
3400 4209 3543 4265 clare

1972 4296 2200 4352 indicat.
2235 4296 2303 4350 Et
2338 4294 2579 4365 profecto
2618 4310 2782 4366 opere
2821 4296 2925 4351 hoc
2950 4297 3156 4353 nullum
3187 4299 3333 4354 aliud
3361 4301 3541 4356 utilius

1971 4400 2056 4446 est
2080 4391 2146 4446 iis
2170 4390 2258 4461 qui
2287 4390 2341 4444 in
2360 4389 2559 4445 virtute
2581 4390 2695 4449 sive
2721 4390 3057 4460 incipientes,
3076 4393 3190 4449 sive
3219 4394 3407 4463 medii,
3430 4397 3540 4450 sive

1973 4483 2198 4554 perlecti
2224 4491 2369 4537 sunt.
2401 4481 2751 4540 Absconditae
2774 4493 2956 4539 autem
3016 4485 3069 4539 in
3126 4499 3193 4541 eo
3237 4487 3539 4555 spiritualcs

282 4568 469 4635 ευχῆς
532 4568 832 4636 πρακτικὸν
877 4569 1078 4638 τρόπον
1128 4566 1388 4621 κάλλιστα
1427 4568 1520 4620 καὶ
1559 4565 1866 4621 τελεώτατα

1976 4575 2179 4632 divitiae
2205 4584 2334 4645 quot
2361 4587 2414 4629 et
2437 4582 2653 4643 quantae
2680 4575 2790 4629 sint
2830 4576 3166 4646 reperietqui
3197 4593 3302 4632 non
3330 4580 3539 4634 curiose

303 4659 675 4726 μυσταγωγεῖ,
716 4659 808 4709 καὶ
859 4658 987 4727 περὶ
1018 4656 1228 4728 ἠθικῶν
1281 4657 1492 4728 ἀρετῶν
1536 4658 1629 4710 καὶ
1680 4657 1868 4710 παθῶν

1975 4670 2133 4736 leget,
2162 4678 2216 4724 et
2249 4667 2448 4740 gaudio
2474 4682 2602 4724 vere
2637 4666 2893 4724 inell‘abili
2932 4669 2986 4724 in
3017 4684 3201 4725 earum
3231 4670 3543 4727 inventione

299 4749 635 4813 ἐκδιδάσκει,
672 4749 764 4801 καὶ
792 4748 912 4801 τίνα
938 4750 1036 4818 μὲν
1065 4749 1135 4802 τά
1174 4752 1377 4820 σημεῖα
1402 4751 1500 4819 τῆς
1531 4748 1758 4823 πλάνης,
1784 4748 1865 4803 τίη
1974 4760 2261 4822 Ιίειξιὺίιυτ,

291 4836 438 4930 ναρὲ
469 4836 572 4930 τῆς
607 4834 837 4930 χάριτος
868 4836 1179 4930 ὲν-τουτοις
1210 4839 1491 4907 διασαφεῖ.
1528 4841 1641 4894 Καὶ
1666 4841 1805 4903 ὅλως
1834 4844 2260 4912 χρησιμώτατόν
2309 4845 2482 4910 ἐστιν,
2519 4846 2677 4915 εἴπερ
2708 4865 2760 4901 τι
2810 4851 2965 4915 ἄλλο,
2998 4854 3153 4907 τουτὶ
3203 4855 3265 4909 τὸ
3297 4858 3539 4930 πόνημα,

291 4925 488 5024 ἐπίσης
548 4925 858 5024 ἀρχαρίοις,
892 4925 1080 5024 μέσοις
1120 4945 1183 4981 τε
1236 4931 1334 4983 καὶ
1365 4930 1623 4996 τελείοις,
1663 4932 1767 4986 Τὸν
1784 4932 1842 4985 δὲ
1876 4935 1935 4986 ἐν
1961 4934 2147 4998 αὐτοῖς
2186 4938 2573 5007 κεκρυμμένον
2609 4943 2981 5013 πνευματικὸν
3010 4945 3261 5014 πλοῦτον,
3325 4925 3538 5024 ἡλίκος,

285 5022 547 5128 καὶοὸσος
583 5021 867 5131 τίςοὲστιν,
902 5021 932 5074 6
983 5021 1061 5094 μὴ
1104 5026 1401 5097 παρέργως
1437 5028 1705 5117 ἀναγνοὺς
1736 5029 1963 5104 εὑρήσει
1994 5047 2012 5066 ο
2045 5032 2139 5087 καὶ
2183 5034 2330 5105 χαρᾷ
2361 5033 2532 5099 ὅντως
2581 5037 2937 5112 ἀνεκλαλήτῳ
2988 5043 3298 5115 χαρήσεται
3346 5021 3442 5104 επὶ
3468 5054 3537 5123 τῇ

284 5130 504 5183 ευρεσει
536 5131 726 5171 αυτου.

395 5265 467 5331 (ι)
503 5268 688 5318 Auctor
708 5267 941 5320 Historiae
967 5268 1336 5319 ecclesiastica.
1365 5263 1489 5318 Vide
1513 5273 1631 5318 tom.
1656 5280 1835 5325 cum.
