4102 6344
285 381 430 446 1241

1337 385 1612 446 CAPITA
1656 385 1804 447 PER
1850 385 2502 472 ACROSTICHIDEM.

3397 379 3535 452 ire

357 503 430 569 ς’.
453 503 694 573 Δύναμιν
722 501 818 556 καλ⁸
843 500 1057 568 σοφίαν,
1089 495 1261 565 ὀλίγοι
1315 497 1601 568 ἀμφότερα
1633 497 1696 548 ἐκ
1720 494 1855 548 Θεοῦ

2037 502 2092 556 6.
2145 500 2542 556 Nauciscnutur
2581 498 2741 570 pauci
2795 515 2825 555 a
2871 499 2983 554 Deo
3003 499 3258 555 virtutem
3285 502 3446 557 simul
3478 512 3534 558 et

266 595 675 665 λαμϐάνουσιν.
719 594 782 646 Ἡ
804 591 902 663 μὲν
933 589 1042 660 γάρ
1072 590 1189 641 ἐστι
1222 587 1331 641 τῶν
1366 587 1529 641 θείων
1553 586 1853 657 μεθεκτικὴ

271 681 528 750 ἀγαθῶν
546 685 581 752 ἡ
595 683 673 745 δὲ,
688 678 1009 749 ἐκφαντική.
1025 676 1477 747 Μεταλαμϐάνειν
1496 676 1554 730 δὲ
1571 677 1664 729 καὶ
1679 693 1852 744 μετα-

269 773 510 838 διδόναι,
545 773 690 826 θεῖον
709 771 784 834 ὡς
811 767 1026 838 άληθῶς
1048 767 1241 839 χρῆμα
1267 767 1361 820 καὶ
1382 766 1524 836 ὑπὲρ
1546 765 1642 820 άνθ
1652 782 1855 836 ρωπον.

363 866 432 928 ζ’.
481 863 770 932 Ὶερατεῖον
807 859 1060 930 ἀληθινὸν
1110 859 1204 913 καὶ¹
1253 857 1361 928 πρὸ
1412 858 1510 926 τῆς
1558 855 1859 926 μελλούσης

272 953 550 1022 βιώσεως,
593 953 627 1022 ἡ
678 951 849 1022 χωρὶς
903 948 1184 1019 λογισμῶν
1229 948 1429 1019 καρδία
1479 948 1858 1018 ἐνεργουμένη

265 1044 366 1113 τῷ
385 1041 684 1112 Πνεύματι.
721 1040 906 1095 Πάντα
941 1037 1053 1109 7&9
1085 1037 1204 1091 ἐκεῖ
1242 1037 1484 1090 τελεῖται
1513 1038 1605 1090 καὶ
1641 1035 1860 1102 λέγεται

269 1129 713 1201 πνευματικῶς·
750 1129 846 1182 καὶ
876 1127 906 1179 6
939 1125 1016 1196 μὴ
1069 1125 1412 1194 κτησάμενος
1449 1121 1608 1175 τοῦτο
1652 1121 1748 1173 ἀπ’
1777 1121 1860 1174 ὲν·

268 1222 502 1286 τεῦθεν,
529 1221 679 1284 λίθος
707 1220 826 1273 εστὶ
867 1217 959 1271 διὰ
1003 1215 1171 1279 ἄλλοις
1206 1215 1427 1286 ἀρετὰς,
1455 1216 1536 1278 είς
1577 1212 1864 1282 οἰκοδομὴν

269 1314 597 1384 ἐπιτήδειος
617 1311 713 1365 τοῦ
741 1309 890 1364 θείου
917 1307 1069 1373 ναοῦ,
1101 1308 1195 1363 καὶ
1225 1307 1285 1360 οὐ
1330 1305 1478 1370 ναὸς,
1513 1304 1608 1358 καὶ
1654 1305 1864 1372 ἱερουρ-

267 1407 386 1474 γὸς
407 1405 500 1459 τοῦ
526 1403 668 1458 Πνεὺ
677 1419 866 1472 ματος.

359 1495 432 1565 η’.
470 1493 778 1565 Ἀφθαρτος
838 1494 868 1546 6
927 1489 1208 1561 ἄνθρωπος
1260 1487 1503 1558 ἐπλάσθη
1544 1487 1714 1557 χωρὶς
1765 1505 1860 1557 χυ-

277 1587 422 1656 μοῦ,
458 1580 568 1650 οἶος
601 1585 698 1639 καὶ
722 1583 1126 1653 άναστήσεταιῖ
1171 1580 1272 1632 οὐκ
1327 1578 1595 1649 ἄτρεπτος
1635 1577 1712 1640 δὲ,
1742 1577 1865 1630 οὐδὲ

275 1680 457 1734 πάλιν
481 1676 716 1748 τρεπτός
733 1690 747 1705 ·
779 1673 1011 1744 δύναμιν
1051 1671 1190 1742 ἔχων
1215 1669 1507 1738 θελητικῆς
1541 1667 1708 1733 ἕξεως
1733 1685 1867 1738 τρα-

275 1772 481 1841 πῆναι,
515 1769 548 1837 ἢ
598 1767 685 1822 οὗ.
723 1765 1018 1835 Ἀτρεψίαν
1043 1764 1154 1834 7&9
1202 1761 1440 1828 παντελῆ
1471 1759 1534 1814 οὐ
1563 1762 1704 1812 ποιεῖ
1732 1761 1867 1830 πρὸς

275 1831 392 1932 τὴν
423 1831 585 1931 φύσιν
614 1861 646 1929 ἡ
676 1831 936 1929 θέλησιςν·
962 1831 1104 1922 αὕτη
1123 1831 1134 1834 ⁷
1162 1855 1270 1924 7&9
1319 1851 1569 1923 βραδεῐόν
1617 1855 1735 1904 ἐστι
1764 1851 1865 1920 τῆς
1890 1831 1930 1884 Β

280 1946 599 2017 μελλούσης
633 1946 906 2016 ἀτρέπτου
925 1943 1206 2004 θεὼσεως.

370 2033 437 2089 θ’.
461 2033 640 2103 Φθορᾶι
669 2033 798 2103 γάρ,
841 2031 1044 2102 σαρκὸς
1093 2029 1332 2097 γένεσις.
1370 2030 1602 2084 Ἐσθίειν
1629 2029 1708 2095 δὲ,
1767 2033 1863 2080 καὶ

275 2124 742 2194 περιττωματεῖν,
787 2119 882 2172 καὶ
940 2119 1202 2188 γαυριᾷν,
1252 2117 1349 2170 καὶ
1401 2116 1866 2187 κοιμᾶσθαι,⁷θηο

283 2215 427 2284 ρίων
454 2214 550 2268 καὶ
577 2211 791 2282 κτηνῶν
815 2210 1043 2281 φυσικαὶ
1077 2208 1337 2277 ἰδιότητες
1364 2223 1379 2240 ο
1412 2208 1528 2262 ἀνθ’
1561 2201 1634 2260 ὧν
1659 2207 1748 2259 διὰ
1767 2207 1866 2274 τὴν

279 2301 578 2375 παρακοὴν
600 2303 716 2362 τοῖς
770 2300 1025 2366 κτήνεσιν
1076 2296 1461 2367 ὁμοιωθέντες,
1515 2295 1623 2350 τῶν
1653 2295 1870 2348 οἰκείων

278 2395 390 2449 καὶ
450 2393 742 2447 θεοσδότων
776 2389 998 2458 ἀγαθῶν
1061 2389 1533 2457 ἐκπεπτώκαμεν·
1573 2385 1869 2457 κτηνώδεις

285 2493 360 2540 ἐκ
396 2485 659 2552 λογικῶν,
690 2483 785 2538 καὶ
811 2481 1100 2553 θηριώδεις
1130 2482 1415 2549 γεγονότες
1441 2483 1504 2533 ἐκ
1530 2480 1711 2534 θείων.

365 2575 420 2630 ι’.
450 2577 509 2627 '0
530 2574 856 2644 παράδεισος
884 2569 1059 2630 διττός
1114 2570 1287 2633 ἐστιν,
1334 2567 1593 2637 αἰσθητὸς
1619 2568 1712 2618 καὶ
1747 2581 1870 2635 νοη-

277 2665 382 2730 τός
409 2682 424 2696 ο
464 2665 630 2736 ἦγουν
659 2663 687 2716 6
719 2663 777 2714 ὲν
814 2661 994 2730 Ἐδὲμ,
1019 2659 1115 2712 καὶ
1166 2660 1194 2713 6
1245 2659 1346 2728 τῆς
1390 2657 1634 2728 χάριτος.
1685 2655 1874 2707 Ἔστιν

279 2753 386 2812 οὖν
412 2759 440 2810 6
472 2757 570 2827 τῆς
612 2755 794 2824 Ἐδὲμ,
819 2753 983 2814 τόπος
1017 2751 1219 2823 ὑψηλὸς
1242 2750 1387 2815 λίαν,
1424 2749 1498 2812 ὡς
1523 2745 1664 2802 εἶναι
1694 2747 1872 2818 τρίτον

282 2851 402 2913 ἕως
466 2845 724 2917 οὐρανοῦ,
781 2843 966 2906 καθὼς
1021 2843 1075 2896 οἱ
1142 2842 1530 2912 ἱστορήσαντες
1589 2839 1873 2908 φάσκουσι,

285 2941 572 3002 παντοίοις
624 2939 814 3007 φυτοῖς
869 2933 1257 2995 εὐωδεστάτοις
1313 2931 1722 3003 πεφυτευμένος
1774 2927 1874 2980 ὑπὸ

281 3031 452 3085 Θεοῦ.
485 3027 622 3082 Οὔτε
644 3027 736 3080 οὖν
768 3025 991 3088 τελείως
1034 3025 1182 3076 ἐστὶν
1214 3020 1512 3091 ἄφθαρτος,
1553 3019 1675 3073 οὔτε
1699 3019 1870 3082 πάντη

1963 591 2308 661 sapientiam.
2344 590 2434 645 llla
2457 591 2602 644 enim
2653 589 2836 644 divina
2867 590 3006 645 bona
3033 590 3378 660 'participat;
3417 591 3534 646 bare

1963 681 2360 737 communicat.
2395 680 2732 752 Participare
2767 692 2944 736 autem
2977 691 3033 736 et
3089 683 3518 747 communicare,

1962 788 2051 829 res
2084 783 2168 828 est
2194 788 2325 828 vere
2350 774 2537 828 divina
2569 783 2624 828 et
2653 789 2815 842 supra
2846 775 3145 832 hominem.

2032 866 2086 920 7.
2121 866 2217 921 Est
2255 879 2439 920 verum
2468 865 2797 928 sacrarium.
2823 866 2986 921 etiam
3015 881 3142 925 ante
3167 872 3331 926 vitam
3375 874 3528 928 futu-

1963 971 2103 1020 ram,
2131 971 2228 1010 cor
2264 957 2383 1010 sine
2412 958 2836 1026 cogitationibus
2881 975 2911 1014 a
2952 959 3159 1028 Spiritu
3204 963 3445 1018 ductum.
3473 967 3527 1019 In

1961 1062 2026 1102 eo
2053 1047 2198 1101 enim
2266 1047 2445 1102 omnia
2501 1047 2854 1116 spiritualiter
2889 1059 3128 1119 aguntur
3156 1061 3212 1106 et
3240 1053 3517 1110 dicuntur.

1963 1135 2068 1204 Qui
2123 1154 2254 1194 vero
2311 1140 2437 1195 illud
2502 1142 2610 1211 jam
2653 1158 2798 1198 nunc
2821 1160 2924 1198 non
2953 1146 3133 1208 habet,
3157 1146 3290 1214 lapis
3314 1148 3530 1214 quidem

1960 1241 2042 1284 est
2081 1240 2242 1300 aptus
2282 1233 2350 1285 ad
2399 1232 2568 1288 divini
2603 1234 2784 1303 templi
2835 1235 3270 1306 adiﬁcatiouem,
3303 1246 3361 1293 at
3411 1254 3519 1294 non

1963 1322 2219 1391 templum
2251 1331 2305 1375 et
2333 1325 2632 1378 sacrarium
2674 1323 2937 1394 Spiritus.

2031 1503 2084 1557 8.
2111 1502 2242 1558 Sine
2285 1503 2514 1558 humore
2548 1503 2972 1574 incorruptibilis
2999 1517 3214 1562 creatus
3235 1519 3321 1564 est
3343 1509 3529 1575 homo,

1959 1594 2133 1662 qualis
2164 1604 2218 1649 et
2249 1609 2514 1664 resurget,
2553 1597 2690 1652 haud
2728 1613 2854 1652 vero
2901 1599 3257 1654 immutabilis
3307 1609 3360 1656 et
3393 1603 3529 1656 irre-

1959 1684 2282 1748 tractabilis,
2331 1685 2440 1739 vim
2493 1687 2696 1741 habens
2749 1688 3075 1744 voluntatem
3128 1691 3394 1755 mutandi,
3445 1695 3528 1748 vel

1961 1791 2089 1829 non.
2121 1775 2366 1830 Perfecta
2398 1776 2544 1830 enim
2575 1777 2872 1832 voluntatis
2905 1778 3272 1836 inﬂexibilitas
3314 1797 3421 1837 non
3449 1795 3533 1838 est

1960 1871 2158 1922 donum
2201 1881 2428 1934 natura,
2451 1871 2545 1924 sed
2587 1871 2766 1925 futura
2787 1882 2869 1926 est
2891 1873 3262 1931 inamissibilis
3285 1877 3529 1931 brevium

1960 1960 2343 2016 deiﬁcationis.

2033 2051 2088 2106 9.
2114 2052 2596 2108 Verumenimvero
2616 2055 2984 2125 corruptibilis
3007 2065 3090 2110 est
3112 2065 3302 2110 natura
3328 2059 3528 2112 carnis.

1969 2142 2300 2198 Manducare
2341 2153 2544 2210 autem,
2576 2159 2882 2212 exscreare,
2928 2147 3295 2204 intumescere
3323 2164 3385 2204 ac
3411 2150 3534 2203 dor-

1967 2235 2122 2297 mire,
2144 2244 2267 2289 sunt
2290 2236 2564 2290 naturales
2589 2236 2884 2291 bestiarum
2916 2245 2971 2291 et
2990 2239 3255 2305 pecudum
3283 2241 3530 2309 proprie-

1967 2333 2108 2377 tates
2143 2341 2158 2377 :
2191 2337 2286 2392 per
2319 2339 2453 2392 quas
2482 2336 2704 2394 propter
2753 2326 3176 2382 inobedientiam
3207 2331 3534 2385 animalibus

1965 2415 2322 2480 assimilitati,
2356 2430 2386 2470 a
2419 2416 2576 2471 bonis
2607 2417 2866 2473 divinitus
2902 2418 3086 2472 inditis
3115 2421 3432 2485 excidimus,
3467 2437 3532 2476 ex

1969 2507 2324 2561 rationalibus
2362 2506 2506 2562 bruti
2537 2517 2592 2562 et
2623 2524 2687 2561 ex
2719 2508 2916 2563 divinis
2946 2510 3206 2565 animales
3237 2510 3387 2568 facti.

2039 2595 2128 2651 10.
2159 2597 2329 2650 Adest
2358 2596 2556 2666 duplex
2607 2597 2916 2666 paradisus,
2961 2599 3237 2655 sensibilis
3289 2613 3342 2654 et
3370 2601 3532 2670 spiri-

1970 2686 2136 2740 tualis
2171 2704 2186 2740 :
2221 2687 2429 2742 scilicet
2451 2689 2542 2757 qui
2579 2688 2742 2744 estin
2773 2687 2943 2755 Eden,
2976 2700 3028 2742 et
3053 2690 3142 2759 qui
3179 2699 3258 2745 est
3281 2706 3310 2744 a
3337 2691 3533 2760 gratia.

1964 2775 2064 2842 Qui
2097 2787 2178 2832 est
2209 2777 2261 2830 in
2313 2777 2486 2839 Eden,
2517 2778 2665 2832 locus
2719 2789 2800 2833 est
2828 2779 3076 2834 excelsus
3132 2781 3310 2845 valde,
3348 2794 3522 2849 usque

1969 2866 2036 2921 ad
2069 2867 2286 2922 tertium
2326 2868 2524 2923 coelum
2570 2868 2894 2933 ascendens,
2937 2880 2997 2924 ut
3029 2870 3182 2924 aiunt
3219 2872 3532 2940 scriptores,

1968 2957 2272 3026 omnigenis
2320 2957 2609 3012 arboribus
2669 2957 3115 3028 ﬂagrantissimis
3163 2974 3192 3011 a
3245 2958 3352 3012 Deo
3379 2959 3533 3027 plan-

1971 3055 2139 3102 tatus.
2171 3047 2288 3102 Non
2333 3060 2416 3103 est
2448 3049 2613 3117 igitur
2663 3047 2905 3118 perfecte
2937 3048 3384 3116 iucorruptibilis,
3433 3064 3536 3103 nec

287 3120 558 3190 φθαρτὸς.
585 3117 766 3171 Μέσον
798 3113 1005 3184 φθορᾶς
1036 3113 1133 3166 καὶ
1159 3111 1465 3183 ἀφθαρσίας
1488 3109 1852 3178 πεποιημένος

299 3213 310 3226 ι
410 3205 434 3226 r
553 3209 564 3226 ι
607 3208 622 3226 ι
673 3207 755 3226 ωηο
786 3205 1225 3226 ,Αι.-..---.-----9-
1248 3204 1480 3226 --..-_-'.'-
1526 3199 1614 3226 -..Α
1646 3198 1840 3226 ευριπ..

1972 3139 2190 3193 omnino
2239 3139 2632 3208 corruptibilis.
2691 3137 2904 3192 Medius
2937 3140 3342 3208 corruptionem
3391 3139 3535 3194 inter

283 3213 365 3274 ὼς
380 3205 526 3262 εἶναι
543 3208 652 3274 ἀεὶ,
670 3207 764 3260 καὶ
785 3207 1098 3273 κάτακομος
1117 3205 1225 3265 τοῖς
1248 3204 1502 3272 καρποῖς,
1526 3199 1620 3254 καὶ
1643 3198 1840 3253 ἀνθοῦν
1854 3230 1865 3236 -

287 3315 360 3352 τα
400 3297 566 3366 ἄνθη,
622 3294 719 3348 καὶ
758 3293 1005 3362 ὄμφακα,
1037 3293 1134 3345 καὶ
1179 3291 1364 3362 ὤριμα
1409 3290 1546 3360 ἔχων
1586 3287 1850 3359 διηνεκῶς

281 3391 589 3462 Σηπόμενα
621 3387 732 3457 7&9
759 3386 827 3440 τά
859 3385 1052 3455 δένδρα
1081 3385 1176 3439 καὶ
1220 3386 1266 3443 oi
1293 3384 1488 3438 τέλειοι
1516 3384 1740 3455 καρποὶ,
1771 3383 1866 3436 καὶ

281 3485 366 3545 εἰς
392 3481 508 3551 γῆν
532 3477 906 3550 ῥιπτούμενοι,
931 3475 1060 3546 χοῦς
1109 3474 1316 3543 εὐώδης
1347 3474 1610 3542 γίνονται,
1657 3474 1767 3526 καῖ’
1810 3474 1867 3525 οὐ

282 3571 506 3643 φθορὰν
534 3568 769 3635 ὄζουσιν,
807 3567 884 3632 ὡς
911 3568 982 3620 τὰ
1023 3564 1118 3622 τοῦ
1170 3565 1377 3634 κόσμου
1408 3567 1569 3634 φυτά.
1620 3565 1790 3619 Τοῦτο
1819 3565 1872 3617 δὲ

282 3665 512 3732 γίνεται
542 3662 607 3714 ὲκ
656 3659 856 3729 πολλῆς
899 3657 1212 3726 περιουσίας
1239 3657 1330 3710 καὶ
1355 3655 1628 3726 ἁγιασμοῦ
1658 3658 1756 3726 τῆς
1784 3655 1872 3708 ἀεὶ

278 3751 775 3824 περιπολαζοὺσης
823 3751 1004 3802 ἐκεῖσε
1039 3749 1279 3820 χάριτος.
1320 3748 1484 3802 Ὅθεν
1533 3748 1876 3818 διερχόμενος

281 3846 349 3918 μέ
360 3861 466 3898 σον
485 3843 512 3895 6
528 3842 718 3896 τοῦτον
745 3839 1107 3910 προσταχθεὶς
1133 3839 1378 3908 ἀρδεύειν
1397 3839 1662 3908 διηνεκῶς
1682 3838 1875 3889 Ὠκεα-

276 3936 368 3999 νὸς
393 3931 670 4000 ποταμὸς,
703 3932 730 3984 6
763 3930 1196 3999 ἐκπορευόμενος
1229 3928 1288 3992 ἐξ
1309 3926 1497 3995 αὑτοῦ,
1517 3927 1608 3982 καὶ
1641 3929 1720 3988 είς
1749 3927 1874 3979 τέσ-

284 4040 474 4096 σαρας
507 4022 684 4094 ἀρχὰς
739 4021 1113 4090 μεριζόμενος,
1137 4019 1228 4073 τὸν
1253 4018 1381 4089 χοῦν
1410 4035 1470 4070 τε
1487 4018 1580 4070 καὶ
1609 4017 1676 4070 τὰ
1707 4015 1880 4085 φύλλα

285 4116 357 4168 τά
383 4111 746 4175 πεπτωκότα,
766 4111 878 4172 τοῖς
902 4109 1145 4171 Ἰνδικοῖς
1158 4109 1251 4162 καὶ
1267 4107 1512 4176 Αἰθίοψιν
1530 4105 1870 4177 καταρρέων,

292 4204 550 4274 ἐπιφέρει
582 4203 675 4255 καὶ
714 4201 895 4254 δίδωσι
916 4217 930 4231 ο
977 4199 1072 4252 καὶ
1119 4199 1399 4269 δεδεμένος
1431 4197 1542 4270 [lca
1573 4195 1876 4267 ἡνωμένος]

295 4296 394 4362 ῶν,
437 4293 534 4348 άελ⁵
565 4292 696 4364 περὶ
728 4292 828 4354 τὰς
853 4289 1096 4361 ἀρούρας
1145 4289 1326 4343 αὐτῶν
1354 4288 1682 4358 πλημμυρεῖ
1709 4288 1738 4340 6
1767 4287 1882 4338 Φει-

300 4386 408 4444 σὼν
459 4384 601 4455 ὁμοῦ
629 4385 724 4438 καὶ
748 4385 776 4438 6
805 4382 974 4444 Γεὼν,
1001 4381 1105 4444 ἓως
1139 4381 1205 4434 ἂν
1231 4380 1395 4434 πάλιν
1425 4378 1878 4452 ὲπιμερισθῶσιν,

297 4483 326 4534 6
357 4481 456 4549 μὲν
514 4477 611 4548 τὴν
658 4475 924 4544 Λιϐυκὴν,
958 4474 987 4526 6
1026 4471 1084 4525 δὲ
1124 4472 1223 4541 τὴν
1267 4471 1646 4540 Αἰγυπτιακὴν
1687 4469 1873 4542 χώραν
1905 4499 1950 4554 υ

303 4569 656 4637 ὲπάρδοντες.

390 4679 478 4735 ια’.
500 4678 749 4744 Ῥευστὴ,
770 4674 969 4731 εῐτόὗν
988 4675 1200 4752 φθαρτὴ
1217 4674 1458 4744 ηκτίσις,
1475 4673 1658 4741 φασὶν,
1672 4673 1732 4724 οὐ
1755 4689 1856 4724 κατ
1877 4701 1883 4707 -

317 4770 624 4840 εσκευάσθη
668 4771 962 4840 πρότερον·
997 4766 1223 4836 ὕστερον
1261 4765 1340 4828 δὲ,
1374 4763 1732 4832 διαφθαρεῖσα
1785 4763 1880 4814 καὶ

1974 3240 2028 3285 ει
2055 3231 2532 3301 incorruptionem,
2583 3240 2668 3286 est
2716 3245 2932 3296 semper
2985 3240 3036 3285 et
3078 3230 3342 3285 fructibus
3375 3232 3532 3284 luxu-

1971 3320 2137 3386 rians,
2169 3331 2223 3377 et
2268 3337 2505 3378 vernans
2534 3323 2779 3386 ﬂoribus,
2824 3323 2989 3376 cruda
3017 3333 3070 3377 et
3099 3332 3309 3376 matura
3335 3323 3538 3391 jugiter

1968 3413 2170 3469 ferens.
2214 3413 2598 3468 Putrescentes
2647 3415 2791 3467 enim
2830 3417 3074 3475 arbores,
3130 3422 3293 3480 atque
3329 3412 3536 3466 fructus

1971 3506 2296 3559 maturiores
2338 3514 2392 3558 et
2433 3505 2484 3558 in
2517 3515 2716 3558 terram
2746 3504 2964 3573 dejecti,
3003 3504 3178 3573 pulvis
3208 3504 3338 3557 lium
3368 3504 3534 3556 bene-

1971 3595 2147 3661 olens,
2191 3611 2291 3650 nec
2319 3596 2720 3664 corruptionem
2776 3595 2971 3660 l'etent,
3027 3604 3082 3647 ut
3134 3593 3293 3660 hujus
3350 3591 3536 3646 mundi

1975 3687 2190 3756 plantis.
2216 3686 2331 3742 Hoc
2354 3697 2530 3742 autem
2557 3687 2805 3755 provenit
2823 3701 2884 3739 ex
2924 3688 3197 3740 uberrima
3223 3683 3535 3738 sanctitatis

1972 3779 2144 3848 gratia
2195 3778 2306 3832 illic
2352 3779 2614 3847 perpetim
2659 3775 3095 3845 stipercllluente.
3164 3774 3289 3828 Ideo
3330 3771 3538 3826 medius

1974 3867 2290 3924 interﬂuens
2319 3872 2384 3924 ad
2417 3869 2755 3938 irrigandum
2777 3869 2983 3937 jugiter
3023 3866 3331 3934 paradisum
3365 3863 3538 3919 amnis

1972 3958 2216 4015 Oceanus
2243 3975 2308 4014 ex
2326 3974 2499 4028 eoque
2516 3959 2873 4027 cgrediens,et
2890 3957 3134 4012 dividens
3148 3971 3207 4010 se
3232 3957 3283 4008 iu
3309 3963 3539 4022 quatuor

1975 4052 2417 4121 capita,humuin
2434 4059 2488 4103 et
2510 4050 2728 4105 frondes
2755 4049 3000 4116 delapsas
3049 4045 3195 4101 ludis
3232 4060 3293 4098 ac
3329 4043 3540 4098 Ethio—

1975 4144 2132 4213 pibus
2183 4156 2346 4197 cursu
2404 4143 2621 4196 advehit
2673 4150 2726 4194 et
2775 4139 2978 4204 tradit,
3022 4151 3260 4206 quorum
3317 4148 3536 4202 rauipos

1977 4248 2187 4304 semper
2224 4233 2489 4289 inundant
2537 4249 2642 4287 una
2691 4231 2966 4301 conjuncti
2999 4230 3197 4284 Phison
3233 4237 3288 4283 et
3320 4226 3535 4290 Gebon,

1977 4328 2148 4382 donec
2195 4326 2388 4380 iterum
2429 4324 2685 4394 separati,
2720 4322 2976 4392 Libycam
3034 4337 3172 4375 unus
3237 4319 3534 4389 regionem,

1980 4417 2352 4488 Egyptiacam
2381 4416 2518 4471 alter
2548 4415 2772 4470 alluaut.

2055 4682 2141 4735 Η.
2178 4675 2435 4735 Relertnr
2469 4695 2570 4736 nec
2614 4680 2752 4733 fluxa
2791 4694 2890 4734 nec
2939 4673 3306 4744 corruptibilis
3331 4668 3540 4725 consti-

1983 4783 2096 4827 tuta
2134 4789 2253 4828 esse
2301 4773 2553 4841 primitus
2595 4783 2884 4832 creatura;
2916 4768 3012 4823 sed
3063 4765 3254 4818 deinde
3283 4772 3540 4827 corrupta

318 4862 647 4927 ὑποταγεῖσα
662 4861 728 4929 τῇ
755 4857 1095 4926 ματαιότητι,
1131 4855 1273 4909 κατὰ
1310 4855 1409 4925 τὴν
1438 4852 1683 4924 Γραφὴν,
1716 4852 1873 4921 ἠγουι

1981 4874 2066 4918 est
2114 4874 2169 4919 et
2193 4863 2431 4930 subjecta
2485 4863 2729 4926 vanitati,
2764 4871 2821 4913 ut
2860 4860 2930 4911 ait
2962 4856 3236 4922 Scriptura
3264 4892 3280 4915 ,
3318 4853 3369 4906 id
3423 4861 3529 4916 est,

306 4948 386 5019 τῷ
412 4947 707 5018 ἀνθρώπῳο
727 4947 824 5017 οὐχ
853 4945 1058 5000 ἑκοῦσα
1083 4947 1315 5012 δὲ,ἀλλὰ
1336 4950 1411 5020 μὴ
1443 4946 1766 5020 βουλομένη,
1792 4947 1880 4999 διὰ

307 5043 397 5094 τὸν
420 5039 763 5104 ὑποτάξαντα
783 5038 869 5090 ἐπ’
896 5037 1072 5091 ἑλπίδι
1097 5039 1194 5107 τῆς
1222 5038 1616 5101 άνακαινίσεως
1637 5036 1732 5091 τοῦ
1748 5035 1881 5103 φθα⁹

311 5133 493 5206 ρέντος
538 5131 730 5202 ’Λδάμ.
771 5129 1150 5193 Ἀνακαινίσας
1175 5130 1230 5183 δὲ
1257 5129 1470 5196 τοῦτον,
1498 5131 1593 5184 καὶ
1625 5129 1880 5198 ἁγιάσας,

307 5223 408 5276 κᾶν
420 5221 658 5292 φθαρτὸν
693 5221 835 5293 φέρῃ
855 5220 1114 5290 σῶμαδιά
1133 5221 1230 5291 τὴν
1248 5221 1584 5292 πρόσκαιρον
1601 5219 1768 5292 ζωὴν,
1789 5219 1882 5272 καὶ

306 5310 474 5382 αὐτὴν
505 5311 835 5376 ἀνεκαίνισε,
871 5313 1038 5382 μήπω
1065 5310 1269 5382 φθορᾶς
1309 5310 1646 5376 ἀπαλλάξας.
1671 5311 1882 5380 Φθορᾶς

303 5407 359 5459 δὲ
382 5405 710 5478 ἀπαλλαγὴν
730 5407 829 5477 τῆς
860 5407 1113 5470 κτίσεως,
1142 5408 1193 5459 oi
1228 5406 1325 5475 μὲν
1356 5405 1452 5476 τὴν
1498 5405 1592 5458 ἐπὶ
1617 5405 1677 5458 τὸ
1705 5407 1885 5478 κρεῖτ-

302 5516 388 5552 τον
416 5498 749 5564 ἀλλοίωσιν,
802 5500 852 5552 οί
907 5497 966 5551 δὲ
1004 5500 1104 5566 τὴν
1139 5498 1379 5568 παντελῆ
1440 5497 1732 5568 μετάθεσιν
1775 5497 1884 5550 τῶν

310 5590 584 5662 αίσθητῶν
609 5591 861 5660 λέγουσιν
883 5585 1048 5644 εἶναι.
1073 5588 1232 5652 Ἔθος
1249 5589 1358 5658 γάρ
1385 5590 1452 5660 τῇ
1473 5588 1661 5658 Γραφῇ
1695 5586 1882 5650 ἁπλῶς

417 5743 609 5817 ‘Iiom.
638 5766 756 5817 vm,
783 5755 871 5809 20.

1985 4955 2215 5019 homini,
2257 4956 2397 5009 baud
2435 4954 2650 5023 quidem
2682 4959 2896 5020 sponte,
2922 4949 3014 5002 sed
3037 4960 3140 4998 non
3174 4944 3379 5002 volens,
3412 4957 3542 5010 pro-.

1985 5057 2103 5114 pter
2123 5061 2245 5100 eum
2294 5047 2386 5116 qui
2425 5044 2656 5114 subiecit
2677 5056 2794 5096 eam
2824 5041 2876 5093 in
2901 5051 2996 5106 spe
3022 5033 3388 5090 renovationis
3420 5047 3543 5087 cor-

1986 5139 2127 5208 rupti
2158 5139 2328 5192 Adam
2347 5139 2386 5192 ¹.
2413 5136 2523 5192 Hoc
2552 5143 2730 5188 autem
2769 5138 3070 5186 restaurato
3096 5135 3150 5181 ct
3180 5125 3540 5193 sanctiﬁcalo,

1985 5230 2236 5300 quamvis
2268 5230 2320 5284 in
2365 5226 2643 5296 temporali
2688 5224 2794 5277 vita
2825 5235 3019 5289 corpus
3053 5219 3228 5274 adhuc
3251 5217 3388 5272 ferat
3422 5231 3543 5270 cor-

1990 5322 2266 5391 ruptibile,
2319 5321 2406 5374 illa
2443 5319 2603 5372 etiam
2644 5317 2935 5369 instaurata
2967 5320 3071 5374 est,
3121 5309 3216 5364 sed
3251 5307 3486 5362 nonduin
3513 5319 3544 5362 a

1988 5413 2341 5483 corruptione
2370 5409 2617 5464 liberata.
2648 5404 2801 5458 Tunc
2823 5415 3002 5456 autem
3037 5411 3338 5456 creaturam
3363 5415 3391 5453 a
3423 5412 3544 5453 εον-ε

1990 5507 2243 5574 ruptione
2273 5504 2557 5557 liberatam
2590 5499 2792 5561 dicunt,
2819 5495 2908 5549 alii
2940 5508 3060 5546 cum
3089 5494 3141 5546 in
3187 5492 3379 5546 melius
3411 5507 3544 5546 cono

1989 5612 2166 5662 versa,
2197 5595 2286 5650 alii
2316 5608 2436 5650 cuiu
2467 5589 2701 5666 perfecte
2733 5603 2759 5640 a
2802 5585 3149 5641 scnsibilibus
3181 5584 3412 5637 alienata
3434 5592 3541 5636 est.
