4122 6322
575 375 710 436 12H

1838 365 2220 428 GREGORII
2266 363 2594 424 SlNAlT/E

3698 351 3838 416 ῙΞΗ

577 491 729 547 snlet
756 503 899 541 entm
946 485 1225 553 Scriptura
1277 485 1343 538 de
1385 488 1547 539 rebus
1584 485 1692 538 huc
1722 499 1894 552 usque
1923 483 2152 538 (ΙὶΙῖἰείΙί-

2271 484 2538 551 περὶτῶν
2587 483 2724 546 τέως
2766 482 2988 554 ἀπόρων
3019 485 3196 538 ποιεῖν
3245 486 3340 557 τὴν
3405 486 3725 557 κατάφασιν
3763 490 3852 542 καὶ

578 583 679 635 bus
717 579 1056 645 simpliciter,
1093 588 1144 629 at
1177 592 1283 630 non
1323 575 1594 630 subtiliter
1633 575 1929 629 aﬂirmare.

653 673 742 726 12.
782 671 819 723 li
875 671 966 737 qui
1013 670 1244 735 gratiam
1281 668 1548 736 recipiunt
1581 667 1736 735 quasi
1779 667 2153 736 coneipientes

576 775 633 817 et
665 771 1005 832 pra-gitantes
1056 761 1121 813 de
1154 759 1358 824 Spiritu
1410 761 1633 822 Sancto,
1661 759 1746 813 vel
1794 759 2036 827 peccatis
2069 759 2177 812 di-'

578 857 760 907 vinum
797 854 1057 922 abjiciunt
1090 865 1300 914 semen,
1343 851 1424 904 vel
1471 850 1581 906 Deo
1620 852 1911 904 viduantur
1959 851 2029 905 ob
2062 865 2155 905 co-

581 946 758 1014 pulam
791 960 912 998 cum
945 944 1168 997 inimico
1199 943 1346 997 intus
1373 944 1596 997 latente.
1625 941 1689 995 Et
1718 944 1888 1013 gratia
1929 944 2151 1012 quidem

577 1037 883 1092 excidimus
900 1051 995 1105 per
1014 1036 1314 1102 passiones,
1333 1038 1557 1088 omnino
1573 1044 1754 1088 autem
1780 1034 1912 1088 orba
1922 1050 2042 1088 mur
2058 1049 2156 1102 per
2177 1065 2181 1069 η

579 1138 924 1196 peccatorum
970 1127 1239 1181 habitum.
1293 1127 1489 1181 Anima
1534 1129 1679 1181 enim
1707 1128 2065 1195 cupiditatum
2102 1134 2156 1180 et

583 1227 927 1286 peccatorum
979 1231 1192 1278 amans,
1237 1216 1412 1282 gratia
1460 1217 1682 1285 delapsa
1737 1217 2058 1287 privataque
2091 1232 2156 1271 ac

579 1309 820 1372 viduata,
843 1310 1182 1378 passionum,
1214 1318 1272 1362 ut.
1295 1324 1401 1363 non
1419 1309 1615 1374 dicam,
1638 1310 1940 1364 ᾱωιιιοηυιιι
1961 1309 2158 1365 domus

578 1412 665 1457 est
697 1415 843 1456 nunc
889 1413 942 1455 et
987 1401 1040 1455 in
1081 1401 1286 1456 futuro.

658 1582 744 1635 15.
775 1579 830 1633 In
863 1579 1102 1634 animum
1135 1578 1376 1634 laetitiam
1405 1590 1459 1632 et
1487 1579 1957 1632 mansuetudinem
1982 1576 2162 1632 infun-

583 1674 686 1736 dit,
713 1683 771 1726 ut
798 1671 1084 1737 fortitudo,
1109 1671 1190 1726 sic
1211 1680 1265 1725 et
1289 1671 1664 1726 misericordia
1695 1685 1709 1724 :
1739 1685 1844 1723 una
1873 1679 2158 1735 externos,

586 1768 829 1820 internos
875 1763 1038 1818 altera
1071 1763 1224 1828 quasi
1268 1762 1456 1818 hostes
1486 1775 1800 1817 conterens.

655 1855 742 1909 14.
777 1856 852 1908 De
904 1856 1188 1923 praeceptis
1224 1854 1379 1908 tnulti
1421 1865 1700 1919 curantes,
1740 1854 1996 1909 videntur
2027 1869 2154 1924 pro-
2186 1834 2233 1891 Β

586 1949 758 2017 gredi,
793 1947 884 2012 qui
928 1947 1168 2000 nondum
1218 1948 1406 2000 urbem
1441 1945 1674 2015 ingressi
1713 1943 1846 2000 foris
1881 1953 2102 1999 manent
2137 1958 2154 1997 :

587 2043 767 2096 exitus
795 2042 942 2096 enim
974 2039 1242 2108 regiarum
1285 2038 1521 2102 viarum,
1561 2038 1612 2092 id
1647 2047 1730 2092 est
1767 2037 1946 2090 vicina
1983 2037 2159 2092 virtu-

590 2135 732 2187 tibus
772 2134 903 2188 vitia
953 2130 1110 2185 inscii
1156 2139 1524 2198 capessentes,
1581 2129 1982 2184 inconsiderate
2029 2145 2158 2199 pro-

590 2226 800 2280 cedunt.
841 2225 1051 2293 Quippe
1086 2224 1361 2288 mandata,
1391 2223 1534 2275 haud
1562 2222 1720 2276 modo
1750 2236 1851 2276 nec
1887 2220 2158 2276 defectum

591 2333 688 2370 nec
713 2331 1002 2370 excessum
1021 2314 1234 2378 volunt,
1260 2315 1353 2368 sed
1379 2314 1541 2368 etiam
1569 2313 1728 2368 ﬁnem
1763 2313 1871 2367 Deo
1897 2315 2159 2383 placitum

588 2421 641 2461 et
690 2408 1017 2461 voluntatem
1055 2408 1336 2476 requirunt
1363 2407 1462 2461 soli
1503 2405 1614 2461 Deo
1648 2407 1946 2473 intentam;
1979 2421 2161 2470 secus,

589 2499 764 2551 inanis
785 2509 868 2552 est
897 2498 1068 2562 labor,
1097 2513 1194 2551 nec
1226 2507 1383 2553 recta:
1410 2496 1567 2562 ﬁunt,
1597 2497 1750 2566 juxta
1797 2497 2160 2565 Scripturam,

591 2589 690 2642 \ia!
722 2588 938 2643 Domini
968 2607 983 2644 :
1024 2589 1226 2643 etenim
1257 2590 1310 2643 in
1342 2589 1487 2644 omni
1519 2605 1682 2659 opere
1708 2589 1830 2646 ﬁnis
1862 2589 2164 2659 requiritur

590 2683 798 2750 operis.

665 2862 752 2916 15.
795 2863 934 2932 Ergo
986 2863 1039 2916 in
1075 2863 1183 2925 via,
1222 2863 1274 2917 id
1303 2872 1406 2928 est,
1453 2863 1506 2917 in
1549 2875 1942 2934 praceptorum
1977 2864 2166 2920 obser-

591 2954 795 3019 vantia,
845 2955 1030 3010 animo
1067 2970 1250 3024 qurere
1300 2954 1608 3011 Dominum.
1644 2957 1780 3011 Cum
1819 2958 1964 3011 enim
1995 2956 2163 3010 Joan-

594 3062 713 3100 nem
751 3045 944 3100 audias
977 3047 1301 3100 clamantem
1356 3047 1872 3117 praecipientemque
1911 3049 2166 3104 omnibus

593 3146 652 3189 ut
681 3136 796 3189 vias
828 3147 1039 3201 parent,
1070 3147 1124 3190 et
1161 3153 1336 3193 rectas
1366 3139 1550 3194 facere
1600 3143 1826 3196 semitas
1855 3142 2160 3207 iubentem,

595 3229 847 3282 mandata
901 3230 1179 3299 cordaque
1230 3243 1282 3286 et
1332 3247 1494 3302 Opera
1543 3234 1835 3304 intellige:
1889 3251 2014 3290 nam
2047 3235 2162 3290 ﬁeri

594 3318 785 3389 nequit
811 3328 958 3374 recta
990 3328 1378 3390 praceptorum
1422 3324 1528 3390 via,
1561 3325 1662 3379 nisi
1695 3340 1790 3382 cor
1824 3326 1896 3381 sit
1927 3336 2161 3382 rectmn.

668 3592 754 3647 16.
789 3592 1119 3663 Prophetico
1151 3598 1204 3649 in
1251 3611 1414 3652 sensu
1448 3599 1655 3666 virgam
1686 3608 1740 3652 et
1785 3598 2058 3662 baculum,
2098 3601 2165 3656 de

597 3685 791 3753 quibus
844 3686 1124 3753 Scriptura
1180 3687 1439 3757 loquitur,
1486 3689 1749 3757 judiciqu
1779 3701 1832 3744 et
1879 3692 2163 3759 providen-

600 3778 730 3828 tiam
761 3776 1039 3844 intellige,
1074 3777 1127 3830 in
1158 3779 1345 3832 morali
1386 3795 1536 3846 vero,
1555 3780 1915 3848 psalmodiam
1953 3793 2008 3837 et
2040 3799 2168 3838 ora-

601 3872 817 3925 tionem.
853 3870 1096 3928 Mulctati
1135 3872 1281 3927 enim
1323 3887 1350 3926 a
1381 3872 1610 3929 Domino
1634 3871 1790 3946 ‘virga
1838 3877 2164 3946 disciplinzr,

601 3961 666 4014 ad
701 3964 1113 4018 conversionem
1169 3966 1535 4034 corripimur;
1591 3969 1951 4038 corripientes
1981 3983 2165 4025 autem

601 4054 944 4109 adversarios
1009 4066 1226 4110 nostros
1259 4057 1456 4113 baculo
1508 4060 1765 4128 patientis
1827 4062 2162 4130 psalmodiae,

602 4141 848 4194 oratione
874 4141 1147 4198 fulcimur.
1204 4144 1478 4202 Tenentes
1507 4149 1672 4218 igitur
1706 4151 1758 4204 in
1791 4153 2043 4207 manibus
2070 4153 2167 4206 ba-

601 4232 780 4286 culum
799 4247 852 4288 et
877 4237 1079 4305 virgam
1105 4239 1467 4307 spiritualium
1492 4257 1826 4310 operum,ne
1851 4247 2169 4303 desinamus

599 4326 877 4394 corrigere
905 4338 957 4382 et
990 4331 1209 4400 corrigi,
1243 4333 1414 4388 donec
1443 4351 1607 4402 penes
1637 4338 2030 4403 providentiam
2072 4341 2168 4396 toti

603 4415 797 4480 simus,
836 4417 1094 4486 judicium
1131 4422 1301 4493 elapsi
1334 4439 1572 4493 praesens
1600 4440 1654 4483 et
1689 4429 1949 4486 futurum.

677 4690 765 4743 17.
798 4668 998 4744 ’Κεῖοι-ι
1032 4691 1500 4759 generalissimum
1544 4697 1802 4766 praferre
1835 4702 2167 4769 mandatum,

604 4781 744 4850 quod
759 4781 848 4835 Dei
873 4783 1185 4838 memoriam
1213 4787 1453 4853 praecipit
1475 4790 1558 4844 bis
1577 4791 1754 4846 verbis
1774 4810 1818 4848 ει
1845 4793 2170 4850 Recorderis

612 4873 823 4926 Domini
860 4872 954 4926 Dei
985 4877 1057 4928 tui
1087 4877 1232 4930 omni
1275 4889 1517 4948 tempore
1548 4885 1624 4937 ’.ι
1679 4883 1783 4939 Per
1831 4901 1992 4953 quam
2021 4887 2169 4941 enim

2175 622 2178 626 .
2270 575 2648 646 ἀπεριέργως.

2342 660 2432 732 ιβ’.
2452 664 2515 716 Οἱ
2529 664 2628 732 τὴν
2639 663 2800 734 χάριν
2827 661 3108 732 δεχόμενοι
3129 663 3204 727 ὡς
3221 665 3271 716 oi.
3285 681 3352 716 πε
3359 665 3417 734 ρὶ
3435 664 3535 735 τὴν
3565 665 3855 735 σύλληψιν,

2269 754 2362 806 καὶ
2385 753 2821 824 ἐγκυμονοῦντες
2847 753 2926 823 τῷ
2954 755 3258 823 Πνεύματι,
3281 755 3315 824 ἢ
3342 756 3432 809 διὰ
3455 760 3774 828 πτωμάτων
3797 762 3857 813 τὸ

2271 846 2414 899 θεῖον
2465 847 2833 902 ἀποϐάλλουσι
2879 849 3123 919 σπέρμα,
3159 849 3192 919 ἦ
3227 850 3554 920 χηρεύοντες
3603 856 3668 907 ἐκ
3717 855 3856 909 Θεοῦ

2267 939 2335 1008 τῇ
2361 935 2456 990 τοῦ
2492 937 2690 1008 ἐχθροῦ
2721 939 3003 1008 κοινωνίᾳ,
3050 939 3474 1010 ἐνδομυχοῦντος
3504 943 3717 1005 αὐτοῖς.
3746 948 3855 1002 Καὶ

2265 1028 2300 1098 ή
2330 1028 2428 1096 μὲν
2457 1028 2700 1100 ἀποϐολὴ
2748 1031 2844 1098 τῆς
2880 1029 3103 1100 χάριτος
3142 1030 3210 1082 δι’
3247 1033 3534 1100 ἐνεργείας
3564 1035 3783 1102 παθῶν,
3820 1040 3853 1107 ἠ

2267 1117 2326 1170 δὲ
2373 1119 2642 1188 παντελὴς
2693 1121 2949 1190 στέρησις
2999 1121 3092 1174 διὰ
3143 1121 3244 1192 τὴν
3286 1123 3396 1177 τῶν
3431 1125 3855 1197 ἁμαρτημάτων

2267 1206 2474 1274 γίνεται
2507 1208 2748 1287 πρᾶξινξ
2786 1209 2934 1281 ψυχὴ
2981 1213 3090 1282 γάρ
3145 1212 3477 1284 φιλοπαθὴς,
3536 1220 3633 1270 καὶ
3696 1219 3853 1287 φιλά·

2271 1315 2502 1369 μαρτος,
2531 1285 2906 1373 ὕστερημὲνη,
2938 1303 3033 1354 καὶ
3081 1302 3497 1378 ἀποϐαλλομένη
3553 1309 3656 1378 τὴν
3692 1285 3856 1380 χάριν

2267 1389 2363 1442 καὶ
2397 1389 2730 1460 χηρεύουσα,
2757 1390 2970 1456 παθῶν,
3002 1392 3090 1446 ἵνα
3126 1394 3200 1464 μὴ
3231 1396 3390 1458 είπω,
3430 1398 3706 1470 δαιμόνων
3749 1420 3849 1456 κα-

2265 1485 2618 1554 τοικητήριον
2649 1485 2823 1551 ἔσται,
2853 1485 2948 1540 νῦν
2982 1487 3074 1540 καὶ
3106 1489 3166 1540 ἐν
3198 1489 3276 1559 τῷ
3300 1492 3570 1560 μέλλοντι.

2343 1583 2430 1644 ιγ’.
2475 1576 2680 1648 Ἰλαρὸν
2734 1580 2828 1632 καὶ
2879 1575 3088 1652 ἥμερον
3111 1583 3173 1635 ού
3208 1586 3354 1635 ποιεῖ
3382 1584 3476 1638 τὸν
3498 1585 3674 1657 θυμὸν
3705 1590 3784 1654 ὡς
3815 1594 3849 1661 ή

2270 1668 2510 1737 ἀνδρεία,
2538 1671 2632 1722 καὶ
2652 1670 2714 1722 τὸ
2742 1669 2909 1733 ἐλεοςο
2935 1673 2969 1742 ή
3005 1673 3103 1742 μὲν
3132 1675 3260 1738 τοὺς
3280 1673 3405 1744 ἔξω,
3438 1678 3471 1748 ἡ
3501 1675 3558 1730 δέ
3582 1679 3712 1743 τοὺς
3741 1682 3856 1736 ἔσω

2267 1758 2521 1828 καθάπερ
2551 1759 2827 1824 ἑλεπόλεις
2858 1762 3246 1831 συντρίϐουσα.

2340 1850 2422 1905 ιδ’.
2478 1851 2670 1904 Πολλοὶ
2720 1854 2818 1915 τάς
2877 1853 3096 1919 ἐντολὰς
3137 1856 3544 1927 ἐργαζόμενοι,
3601 1861 3851 1917 δοκοῦσιν

2263 1939 2472 1994 ὁδεύειν
2505 1941 2556 1994 οῖ
2593 1943 2690 1996 καὶ
2738 1944 2906 2012 μήπω
2957 1944 3058 2014 τὴν
3088 1946 3243 2000 πόλιν
3292 1948 3622 2018 φθάσαντες,
3649 1953 3847 2018 ἔξωθεν

2268 2031 2511 2102 μένουσι·
2564 2033 2664 2097 τὰς
2688 2033 2802 2104 γὰρ
2827 2034 3096 2100 διεξόδους
3121 2037 3239 2092 τῶν
3273 2038 3568 2108 βασιλικῶν
3595 2046 3845 2112 εὐθειῶν,

2268 2125 2517 2176 τουτέστι
2546 2125 2648 2187 τάς
2695 2124 2890 2196 άγχιθύ
2903 2144 3027 2197 ρους
3078 2128 3188 2181 τῶν
3217 2131 3431 2199 ἀρετῶν
3454 2136 3657 2200 κακίας
3685 2137 3844 2208 λελη-

2264 2212 2723 2284 θότωςάραντες,
2759 2218 3006 2287 ἀνοήτως
3036 2220 3377 2290 πορεύονται⁶
3413 2225 3539 2278 οὕτε
3603 2229 3714 2298 γάρ
3762 2231 3842 2283 ἕλ-

2261 2303 2460 2374 λειψιν,
2484 2305 2611 2360 οὔτε
2652 2308 2984 2381 ὑπερϐολὴν,
3011 2310 3148 2364 ἀλλά
3174 2315 3267 2366 καὶ
3291 2317 3494 2369 σκοπὸν
3526 2317 3836 2389 θεάρεστον,

2263 2394 2360 2446 καὶ
2403 2395 2462 2447 τὸ
2518 2397 2658 2450 θεῖον
2713 2399 2872 2468 μόνον
2914 2399 3176 2472 ζητοῦσαι
3232 2407 3289 2458 αἱ
3348 2407 3564 2462 ἐντολαὶ
3630 2412 3841 2467 δέονται

2264 2483 2496 2555 θέλημα,
2531 2489 2654 2540 εἰδὲ
2681 2490 2778 2561 μὴ,
2808 2491 2984 2560 μάτην
3004 2494 3033 2544 ὁ
3063 2496 3264 2557 σκοπὸς
3293 2495 3382 2568 [ἐν
3401 2499 3542 2554 ἄλλ.
3573 2503 3600 2554 ό
3627 2503 3838 2575 κόπος],

2261 2576 2481 2643 εὐθείας
2533 2581 2674 2634 κατά
2723 2581 2823 2652 τὴν
2877 2584 3101 2655 Γραφὴν
3135 2587 3212 2657 μὴ
3253 2592 3429 2643 ποιεῖν
3487 2593 3587 2655 τὰς
3622 2595 3840 2664 τρίϐους

2259 2667 2358 2721 τοῦ
2386 2669 2522 2722 Θεοῦ
2550 2683 2567 2701 ⁸
2621 2673 2785 2726 παντὶ
2835 2674 2939 2742 γὰρ
2978 2675 3126 2748 ἔργῳ
3162 2681 3189 2731 ό
3218 2682 3420 2744 σκοπὸς
3462 2683 3711 2752 ζητεῖται
3744 2687 3836 2739 τοῦ

2263 2759 2610 2831 πράγματος.

2339 2849 2419 2908 ιε’.
2458 2854 2545 2908 Ἑν
2565 2854 2686 2924 όδῷ,
2714 2860 2963 2912 τουτέστι
2996 2859 3066 2913 δι’
3095 2860 3329 2915 ἐντολῶν
3354 2863 3413 2916 ἐν
3451 2865 3652 2935 καρδίᾳ
3684 2867 3836 2936 ζήτει

2243 2942 2354 3024 κτὸν
2379 2946 2605 3017 Κύριον.
2630 2948 2798 3002 Ὅταν
2825 2950 2934 3021 γὰρ
2961 2952 3201 3024 ἀκούσῃς
3233 2954 3325 3006 τὸν
3342 2955 3594 3035 Ἰωάννην
3610 2959 3832 3028 βοῶντα,

2263 3037 2358 3091 καὶ
2411 3041 2822 3110 προστάσσοντα
2887 3045 3020 3096 πᾶσι
3065 3044 3165 3108 τὰς
3214 3046 3370 3110 ὁδοὺς
3400 3048 3710 3117 ἑτοιμάσαι,
3743 3052 3834 3104 καὶ

2265 3129 2361 3191 τὰς
2387 3131 2609 3200 τρίϐους
2658 3132 2874 3197 εὐθείας
2929 3137 3103 3188 ποιεῖν
3131 3137 3443 3201 κελεύοντα,
3466 3140 3567 3202 τὰς
3597 3141 3829 3205 ἐντολάς,

2265 3221 2360 3273 καλ⁵
2407 3220 2509 3285 τὰς
2570 3223 2821 3295 καρδίας,
2890 3225 3108 3291 καὶτὰς
3161 3229 3390 3299 πράξεις
3413 3226 3553 3283 εἶναι
3586 3233 3830 3301 νόμισον

2264 3312 2525 3367 ἀδύνατον
2584 3314 2694 3384 γὰρ
2753 3317 2870 3369 ὁδὸν
2927 3317 3145 3370 εύθείαν
3183 3319 3292 3374 τῶν
3329 3321 3564 3375 ἐντολῶν
3592 3324 3832 3392 ποιῆσαι,

2265 3403 2359 3455 καὶ
2414 3406 2613 3474 πρᾶξιν
2664 3407 2976 3472 ἀνεύθυνον,
3007 3410 3057 3461 εί
3085 3411 3162 3480 μὴ
3206 3412 3520 3484 καρδιακὴν
3566 3417 3833 3486 εὐθύτητα

2265 3493 2358 3566 [ἐν
2377 3496 2519 3551 ἄλλ.
2555 3499 2822 3571 καρδιακῇ
2853 3500 3152 3574 εύθύτητι].

2340 3596 2435 3653 ις’.
2480 3590 2701 3645 Ῥάϐδον
2763 3595 2856 3646 καὶ
2914 3593 3236 3665 βακτηρίαν,
3299 3597 3427 3652 ὅταν
3475 3600 3717 3674 ἀκούσῃς
3736 3605 3832 3671 τῆς

2266 3680 2490 3752 Γραφῆς
2523 3681 2808 3754 λεγούσης,
2841 3686 2983 3740 κατὰ
3021 3689 3119 3757 μὲν
3171 3689 3263 3743 τὸν
3294 3694 3632 3763 προφητικὸν
3662 3696 3830 3761 λόγον,

2266 3774 2367 3843 τὴν
2394 3775 2595 3845 κρίσιν,
2621 3778 2715 3830 καὶ
2754 3779 2852 3846 τὴν
2884 3780 3145 3848 πρόνοιαν
3175 3775 3315 3834 εἶναι
3337 3783 3582 3853 νόμισον,
3610 3789 3750 3838 κατά
3776 3789 3829 3840 δέ

2263 3865 2357 3918 τὸν
2402 3867 2592 3936 ἠθικὸν
2631 3868 2807 3936 λόγον,
2838 3871 2936 3941 τὴν
2986 3870 3328 3942 ψαλμῳδίαν,
3365 3877 3461 3928 καὶ
3492 3880 3830 3948 προσευχήν

2266 3959 2578 4026 κρινόμενοι
2609 3959 2718 4030 γὰρ
2768 3961 2872 4012 ὑπὸ
2913 3962 3116 4031 Κυρίου
3133 3966 3199 4034 τῇ
3231 3965 3412 4036 ῥάϐδῳ
3440 3967 3544 4036 τῆς
3573 3969 3829 4033 παιδείας,

2265 4051 2402 4121 πρὸς
2444 4052 2778 4122 ἐπιστροφὴν
2834 4054 3220 4124 παιδευόμεθα·
3257 4057 3607 4124 παιδεύοντες
3630 4061 3684 4112 δέ
3714 4063 3831 4123 τοὺς

2266 4141 2731 4211 ἐπανισταμένους
2772 4147 2904 4214 ἡμῖν
2928 4147 2994 4214 τῇ
3030 4146 3209 4216 ῥάϐδῳ
3248 4146 3348 4215 τῆς
3413 4150 3679 4221 ἀνδρικῆς
3701 4152 3830 4219 ψαλ-

2268 4233 2492 4303 μῳδίας,
2524 4239 2587 4306 τῇ
2644 4239 2921 4307 προσευχῇ
2976 4239 3368 4308 στηριζόμεθα.
3433 4243 3696 4313 Ἔχοντες
3747 4246 3831 4298 οὖν

2264 4323 2361 4392 τὴν
2381 4324 2573 4394 ῥάϐδον
2595 4327 2688 4378 καὶ
2717 4327 2816 4396 τὴν
2840 4326 3144 4397 βακτηρίαν
3175 4331 3232 4380 ἐν
3253 4331 3397 4401 χειρὶ
3421 4335 3680 4402 πράξεως
3705 4337 3832 4401 νοὸς,

2271 4416 2346 4486 μὴ
2378 4417 2714 4488 παυσώμεθα
2776 4422 3124 4485 παιδεύοντες
3154 4424 3248 4477 καὶ
3274 4425 3655 4493 παιδεύεσθαι,
3687 4432 3837 4501 ἄχρις

2195 4509 2335 4598 Dav
2365 4510 2469 4563 ὑπὸ
2506 4511 2606 4581 τὴν
2660 4512 2918 4582 πρόνοιαν
2966 4515 3165 4577 όλικῶς
3198 4517 3509 4586 γενώμεθα,
3533 4519 3632 4589 τὴν
3663 4523 3838 4593 κρίσιν

2269 4604 2618 4672 ἐκφυγόντες,
2649 4604 2747 4674 τὴν
2773 4605 2869 4659 νῦν
2908 4607 3002 4659 καὶ
3031 4608 3128 4677 τὴν
3163 4609 3487 4678 μέλλουσαν.

2345 4695 2428 4760 ιζ’.
2469 4697 2629 4749 Ἷδιον
2647 4697 2752 4750 τῶν
2774 4698 3024 4762 ἐντολῶν,
3044 4699 3102 4752 τὸ
3130 4704 3404 4772 προτιμᾷ-ιι
3431 4704 3520 4754 ἀεὶ
3558 4704 3658 4774 τὴν
3687 4723 3837 4773 περι-

2273 4787 2498 4856 εκτικὴν
2537 4788 2778 4858 ἐντολὴν,
2810 4789 2908 4859 τὴν
2941 4790 3037 4843 τοῦ
3070 4792 3207 4845 Θεοῦ
3241 4794 3486 4862 μνήμην,
3517 4794 3618 4864 τὴν
3655 4796 3838 4862 λέγον·

2277 4894 2398 4942 σαν,
2437 4879 2722 4950 Μνήσθητι
2760 4879 2964 4948 Κυρίου
3008 4881 3103 4936 τοῦ
3131 4883 3266 4934 Θεοῦ
3294 4899 3386 4934 σου
3421 4883 3739 4946 διαπαντδςσ
3771 4886 3839 4936 δι’

608 4965 881 5029 interitus,
940 4981 1038 5033 per
1093 4969 1232 5024 hanc
1281 4982 1334 5026 et
1367 4973 1512 5029 salus
1569 4977 1680 5030 ﬁeri
1711 4986 1906 5045 potest.
1960 4978 2165 5034 Oblivio

2273 4964 2343 5043 ἧς
2371 4969 2473 5041 γάρ
2532 4970 2831 5037 ἀπώλοντο,
2889 4970 2976 5024 διὰ
3030 4972 3235 5040 ταύτης
3265 4975 3360 5026 καὶ
3387 4975 3730 5046 φυλαχθῆναι
3758 4975 3843 5027 δύ-

611 5057 753 5110 euim
786 5058 856 5112 ab
903 5059 1059 5112 initio
1115 5064 1427 5117 memoriam
1496 5065 1586 5120 Dei
1644 5069 1860 5133 delevit,
1919 5073 2172 5127 mandata

609 5149 1025 5216 oblitteratis,et
1048 5151 1126 5206 sic
1161 5154 1432 5209 hominem
1466 5160 1685 5214 omnino
1713 5164 1914 5218 nudum
1951 5165 2173 5221 detexit.

690 5328 774 5381 18.
804 5327 1055 5383 ΔΕιηυΙυε
1098 5333 1312 5387 virtutis
1344 5335 1552 5391 duobus
1596 5339 1879 5408 prmceptis
1933 5344 1998 5396 ad
2065 5346 2172 5413 pri-

617 5424 820 5476 stinam
853 5421 997 5476 redit
1037 5422 1374 5494 dignitatem,
1408 5429 1934 5490 scilicetobedientia
1963 5445 2017 5489 et
2051 5437 2149 5490 abs

2281 5077 2468 5114 νανται
2519 5061 2672 5131 Λήθη
2697 5061 2807 5132 γὰρ
2833 5061 2930 5133 τὴν
2959 5061 3109 5117 θιίαν
3137 5064 3196 5128 ἐξ
3227 5065 3402 5135 ἀρχῆς
3435 5067 3661 5136 μνήμην
3692 5064 3841 5119 ἀπῶ-

2274 5168 2420 5234 λεσε,
2467 5167 2567 5230 τάς
2620 5164 2840 5226 ἐντολάς
2887 5162 3289 5233 ἀμαυρώσασα,
3343 5163 3437 5214 καὶ
3465 5158 3612 5212 οὕτω
3650 5159 3852 5230 γυμνὸν

2277 5263 2342 5314 ἐκ
2372 5259 2572 5321 παντὸς
2606 5257 2892 5328 ἄνθρωπον
2925 5253 3150 5318 ἔδειξεν.

2350 5359 2439 5423 ιη’.
2474 5352 2563 5403 Ἐν
2610 5350 2761 5403 δυσὶν
2819 5347 3056 5409 ἐντολαῖς
3075 5347 3125 5399 οἱ
3150 5345 3450 5412 ἀγωνισταὶ
3495 5343 3658 5397 πάλιν
3716 5343 3852 5413 πρὸς

2283 5446 2342 5500 τὸ
2377 5447 2603 5514 ἀρχαῖον
2650 5441 2866 5511 ἀξίωμα
2922 5439 3194 5510 ἔρχονται,
3226 5437 3292 5489 δι’
3330 5436 3578 5502 ὑπακοῆς
3614 5435 3707 5488 καὶ
3757 5453 3854 5502 νη-

617 5514 866 5579 liuentia,
902 5529 1024 5568 cum
1052 5530 1114 5568 ex
1155 5516 1346 5570 barum
1379 5523 1668 5578 contrariis
1708 5537 1868 5579 omne
1893 5527 2092 5581 malum
2129 5498 2165 5581 ii

2285 5534 2486 5596 στείας·
2519 5533 2583 5584 ἐκ
2616 5531 2723 5600 γὰρ
2777 5529 2885 5582 τῶν
2918 5529 3175 5582 ἐναντίων
3197 5527 3400 5579 τούτων
3434 5529 3466 5594 ή
3504 5527 3668 5578 κακία
3704 5527 3856 5577 πᾶσα

620 5606 929 5661 mortalium
977 5622 1146 5677 genus
1179 5609 1421 5667 irruerit.
1453 5611 1518 5669 Et
1569 5617 1658 5688 qui
1694 5632 1791 5688 per
1821 5617 2165 5676 obedientian

2283 5623 2359 5693 τῷ
2399 5625 2544 5692 γένει
2596 5622 2702 5676 τῶν
2752 5620 2956 5690 βροτῶν
3015 5617 3322 5694 ἐπεισῆλθε.
3382 5619 3493 5671 Καὶ
3544 5609 3742 5694 οἱμὲν
3791 5617 3860 5670 δι’

696 5789 716 5818 ³
746 5787 901 5842 Deut.
927 5803 1043 5855 vut,
1079 5788 1165 5845 18.
