4122 6322
434 389 569 450 Ῑέιό

1466 397 1730 457 ρΑΡιΤΑ
1773 399 1923 456 PER
1970 397 2615 461 ACROSTICHIDEM.

3522 394 3659 456 1246

410 522 653 592 ὑπακοῆς
686 525 784 586 τὰς
834 525 1050 590 ἐντολὰς
1099 529 1479 596 φυλάττοντες,
1539 530 1674 598 πρὸς
1713 530 1804 582 τὸν
1846 530 1980 583 Θεὸν

2092 521 2327 573 pandata
2361 532 2577 574 servant
2609 519 2777 574 citius
2811 518 2880 574 ad
2925 517 3092 578 Deum
3143 517 3388 582 adeunt;
3424 517 3512 585 qui
3566 534 3660 583 per

403 616 794 686 ἐπανέρχονται
821 617 1224 689 συντομώτερον
1249 635 1264 649 ο
1297 621 1346 673 οἱ
1375 620 1432 674 δέ
1463 621 1551 678 διὰ
1574 623 1827 692 νηστείας
1880 625 1976 677 καὶ

404 709 734 777 προσευχῆς,
795 708 1145 780 βραδύτερον.
1204 713 1316 765 Καὶ
1364 713 1525 784 ἠμὲν
1580 713 1796 784 ὑπακοὴ
1863 717 1978 777 τοῖς

404 798 728 870 ἀρχομένοις
778 801 1055 870 ἁρμόδιος,
1114 804 1147 873 ὴ
1176 803 1233 856 δὲ
1267 805 1488 872 νηστεία
1504 808 1615 869 τοῖς
1642 805 1848 874 μέσοις,
1886 808 1980 860 καὶ

403 890 749 967 γνωστικοίς,
802 891 897 944 καὶ
933 893 1224 962 ἀνδρείοις.
1258 896 1332 955 Τὸ
1361 896 1470 966 γὰρ
1498 898 1738 968 τηρῆσαι
1764 898 1862 968 τὴν
1891 898 1982 952 διὰ

401 975 510 1028 τῶν
541 976 772 1030 ἐντολῶν
822 979 1066 1050 ὑπακοὴν
1101 981 1178 1053 τῷ
1204 983 1324 1054 Θεῷ
1347 985 1659 1050 ἀνόθευτον,
1685 985 1806 1040 λίαν
1831 986 1980 1040 ἐστὶν

402 1065 625 1134 ὀλίγοις,
653 1071 748 1122 καὶ
779 1069 962 1134 αὐτοῖς
982 1075 1092 1136 τοῖς
1118 1075 1384 1144 ἀνδρείοις
1410 1077 1734 1147 ἐπίμοχθον.

478 1156 566 1212 ιθ’.
595 1159 781 1228 Νόμος
811 1161 904 1224 τοῦ
925 1163 1240 1232 Πνεύματος
1269 1169 1366 1235 τῆς
1393 1166 1536 1239 ζωῆς
1560 1169 1699 1233 ἐστι,
1729 1169 1870 1224 κατὰ
1891 1171 1984 1224 τὸν

413 1251 758 1315 ’Δπόστολον,
785 1255 814 1304 6
835 1255 893 1305 ἐν
917 1256 1115 1326 καρδῐᾳ
1143 1258 1384 1328 ἐνεργῶν
1422 1260 1519 1312 καὶ
1563 1260 1742 1314 λαλῶν
1759 1278 1772 1291 ·
1795 1261 1983 1332 ὥσπερ

401 1343 497 1395 καὶ
516 1344 610 1396 τοῦ
638 1343 988 1414 γράμματος,
1011 1347 1040 1399 6
1062 1348 1119 1400 ἐν
1159 1348 1324 1417 σαρκὶ
1373 1349 1768 1420 ἐνεργούμενος
1792 1368 1806 1381 ο
1839 1353 1984 1405 ἐκεί-

402 1452 490 1497 νος
513 1435 613 1505 μὲν
644 1436 757 1507 γὰρ
816 1437 1094 1509 ἐλευθεροῖ
1125 1438 1218 1492 τὸν
1260 1439 1387 1494 νοῦν
1413 1442 1476 1496 ἐκ
1502 1440 1598 1494 τοῦ
1665 1444 1832 1513 νόμου
1879 1447 1983 1515 τῆς

397 1528 676 1596 ᾀμαρτίας
729 1530 824 1582 καὶ
878 1530 974 1582 τοῦ
1035 1530 1264 1584 Θανάτου
1289 1547 1303 1562 ο
1363 1525 1519 1596 οὗτος
1577 1534 1634 1587 δὲ
1681 1535 1983 1605 λεληθότως

401 1619 694 1688 Φαρισαῖον
749 1621 1062 1692 ἐργάζεται,
1112 1623 1448 1692 σωματικῶς
1500 1623 1591 1677 τὸν
1616 1625 1780 1694 νόμον
1811 1627 1982 1680 ποιῶν

401 1706 499 1758 καὶ
525 1705 685 1770 νοῶν,
709 1708 805 1760 καὶ
858 1709 994 1778 πρὸς
1014 1709 1077 1762 τὸ
1111 1709 1371 1779 θεαθῆναι
1402 1710 1501 1774 τὰς
1550 1712 1772 1777 ἐντολὰς
1813 1716 1982 1785 ἐργα-

403 1795 652 1866 ζόμενος.

2092 606 2472 660 abstinentiam
2497 615 2552 659 et
2583 606 2908 668 orationem,
2948 605 3174 659 tardius.
3216 606 3531 658 Obenlientia
3571 605 3655 656 itt-

2091 697 2439 764 cipicntibus,
2481 697 2808 751 abstinentia
2846 695 3040 749 mediis
3067 695 3433 762 gnosticisque
3469 703 3522 746 et
3549 693 3656 745 fur-

2091 787 2234 841 tibus
2276 787 2558 855 competit.
2585 786 2718 840 Nam
2746 802 2963 840 servare
2988 802 3084 855 per
3109 792 3370 853 praecepta
3400 785 3659 836 obedien-

2092 877 2217 931 tiam
2240 877 2346 930 Deo
2364 893 2570 942 veram,
2598 893 2763 947 penes
2783 876 3140 945 paucissimos
3163 885 3262 939 est,
3281 885 3336 928 et
3356 873 3490 943 ipsis
3508 874 3658 926 forti-

2089 968 2194 1024 bus
2212 968 2609 1022 diﬂicillimum.

2160 1170 2250 1224 I9.
2281 1171 2530 1226 Custodit
2578 1171 2747 1240 legem
2797 1169 3036 1240 Spiritus
3073 1168 3217 1233 vitae,
3279 1166 3345 1221 de
3377 1180 3480 1234 qua
3513 1165 3660 1234 Apo-

2086 1264 2278 1330 Stolns,
2311 1264 2402 1318 ille
2443 1264 2535 1332 qui
2567 1265 2731 1317 corde
2765 1264 2877 1333 agit
2909 1271 2965 1317 et
3005 1262 3278 1330 loquitur;
3311 1261 3447 1314 sicut
3483 1259 3656 1326 legem

2087 1351 2302 1418 litterae,
2335 1353 2426 1422 qui
2455 1368 2619 1406 carne
2665 1362 2944 1421 operatur.
2981 1353 3074 1406 Ille
3129 1361 3364 1405 mentem
3399 1351 3590 1403 liberat
3620 1364 3651 1401 a

2085 1444 2201 1512 lege
2227 1444 2428 1512 peccati
2464 1454 2519 1497 et
2551 1446 2740 1498 mortis
2766 1461 2784 1511 ;
2827 1444 2934 1506 hic,
2976 1442 3283 1496 Pharisreos
3306 1442 3511 1494 inscius
3538 1439 3659 1492 imi-

2089 1544 2228 1600 tans,
2279 1535 2575 1589 carnaliter
2609 1535 2792 1604 legem
2827 1535 2957 1589 facit
2999 1544 3054 1588 et
3097 1533 3372 1601 intelligit,
3401 1541 3457 1586 et
3490 1541 3548 1585 ut
3575 1531 3658 1584 vi-

2085 1624 2276 1677 deatur
2315 1625 2565 1678 mandata
2604 1627 2860 1680 observat

471 1893 540 1945 x’.
555 1888 667 1958 Τὴν
685 1888 872 1943 πασῶν
889 1890 998 1944 τῶν
1019 1891 1248 1946 ἐντολῶν
1273 1895 1524 1949 σύνθεσιν
1543 1897 1980 1968 συναρμολογου-

2155 1902 2243 1957 εο.
2277 1902 2542 1970 Equidem
2592 1900 2833 1956 omnium
2882 1901 3256 1954 mandatorum
3304 1912 3570 1966 compago
3601 1898 3655 1950 in

406 1977 591 2052 μένην,
629 1979 721 2030 καὶ
761 1979 1240 2052 συμόιϐαζομένην
1264 1984 1322 2035 ἐν
1362 1985 1656 2056 πνεύματι,
1693 1986 1982 2058 ἄνθρωπον

337 2081 344 2086 ·
404 2064 542 2120 εἶναι
592 2067 813 2135 λέγουσι
850 2071 1084 2136 τέλειον,
1115 2072 1148 2143 ἢ
1184 2073 1351 2143 ἀτελῆ
1400 2076 1543 2128 κατά
1572 2075 1670 2146 τὴν
1697 2076 1982 2146 προκοπὴν

403 2158 710 2237 γινόμενον,
777 2161 870 2213 καὶ
898 2163 994 2225 τάς
1044 2163 1286 2234 ἐντολὰς,
1322 2166 1398 2228 ὡς
1428 2166 1587 2236 σῶμα
1607 2183 1621 2197 ·
1651 2166 1749 2230 τάς
1773 2167 1821 2219 δ’
1851 2168 1982 2236 ἀρε-

403 2244 619 2308 τάς,ὡς
665 2249 966 2320 ποιοτήτων
1024 2250 1188 2318 ἕξεις,
1250 2254 1406 2307 ὀστᾶο
1471 2254 1570 2325 τὴν
1609 2255 1666 2308 δὲ.
1693 2257 1874 2326 χάριν,
1907 2256 1982 2318 ὡς

403 2334 578 2418 ψυχὴν
619 2336 820 2403 ζῶσαν,
857 2343 951 2394 καὶ
1001 2344 1350 2416 κινουμένην,
1398 2347 1492 2400 καὶ
1537 2347 1867 2416 ἐνεργοῦσαν
1906 2347 1984 2412 ὡς

408 2427 569 2498 σῶμα
601 2430 698 2492 τάς
722 2431 832 2485 τῶν
858 2431 1086 2485 ἐντολῶν
1125 2435 1429 2504 ἐνεργείας.
1476 2437 1732 2506 Ἀμέλεια
1757 2439 1866 2509 γὰρ
1888 2439 1983 2493 καὶ

408 2519 614 2590 σπουδὴ
669 2521 807 2591 πρὸς
868 2523 968 2586 τὰς
1027 2525 1445 2595 μεθηλικιὼσεις
1483 2530 1740 2601 Χριστοῦ,
1764 2532 1981 2603 ἤπιον,

406 2608 440 2680 ῆ
463 2611 669 2665 τέλειον
700 2613 962 2682 δείκνυσι,
995 2614 1090 2670 νῦν
1121 2634 1182 2671 τε
1205 2618 1301 2671 καὶ
1325 2620 1382 2672 ἐν
1407 2618 1482 2687 τῷ
1508 2620 1777 2687 μέλλοντι.

476 2741 583 2792 κα’.
627 2735 687 2791 '0
709 2737 771 2790 τὸ
797 2738 958 2808 σῶμα
985 2740 1092 2798 τῶν
1126 2742 1355 2796 ἐντολῶν
1399 2741 1631 2808 αὐξάναι
1680 2744 1868 2814 θέὶων,
1925 2747 1988 2802 τὸ

407 2827 623 2897 λογικὸν
681 2830 778 2882 καὶ
836 2829 1022 2885 ἄδολον
1083 2831 1228 2900 γάλα
1284 2833 1384 2904 τῆς
1439 2835 1715 2906 μητρικῆς
1765 2838 1987 2909 χάριτος

408 2919 693 2974 ἐπιποθεῖν
747 2921 1122 2986 σπουδαζέτω·
1158 2924 1370 2978 ἐκεῖθεν
1393 2924 1504 2995 γάρ
1531 2925 1985 2995 γαλουχοτροφεϊ-

409 3033 503 3069 ται
530 3019 640 3081 πᾶς
666 3021 694 3071 6
727 3019 822 3089 τὴν
856 3019 914 3070 ἐν
950 3019 1172 3090 Χριστῷ
1211 3020 1413 3092 ζητῶν,
1441 3021 1534 3075 καὶ
1559 3021 1730 3074 θέλων
1753 3021 1985 3092 αὔξησιν

410 3109 729 3180 αὐξηθῆναι.
763 3112 909 3165 Γάλα
941 3113 1041 3182 μὲν
1074 3114 1209 3183 πρὸς
1239 3113 1467 3185 αθξησιν
1497 3117 1530 3186 ἡ
1562 3115 1726 3186 σοφία
1780 3117 1840 3167 ἐκ
1875 3115 1982 3169 τῶν

409 3295 523 3355 τοῖς
547 3294 796 3359 τελείοις,
821 3295 919 3366 τὴν
939 3297 1137 3367 ἐαυτῆς
1161 3297 1499 3368 εὐφροσύνην
1516 3297 1652 3367 πρὸς
1685 3299 1982 3370 κάθαρσιν·

363 3446 367 3450 ν
411 3375 573 3449 Μέλι,
609 3386 764 3455 φησὶ,
808 3387 903 3440 καὶ
950 3387 1094 3456 γάλα
1137 3387 1243 3440 ὑπὸ
1270 3388 1370 3459 τὴν
1399 3388 1653 3456 γλῶσσάν
1681 3407 1796 3444 σου.
1840 3390 1986 3445 Γάλα

416 3477 514 3546 μὲν
562 3477 662 3548 τὴν
723 3477 1026 3549 θρεπτικὴν
1077 3479 1173 3533 καὶ
1222 3480 1541 3550 αὐξητικὴν,
1607 3480 1730 3548 μέλι
1779 3483 1835 3534 δὲ
1885 3481 1984 3552 τὴν

413 3567 752 3637 καθαρτικὴν
794 3569 888 3621 τοῦ
915 3569 1225 3640 πνεύματος
1250 3569 1482 3640 δύναμιν,
1503 3574 1529 3623 6
1569 3569 1823 3639 Σολομὼν
1852 3570 1984 3642 ἔφη·

415 3675 527 3710 σεν.
569 3656 630 3711 Ὀ
677 3658 736 3710 δὲ
803 3659 978 3726 μέγας
1043 3659 1365 3722 Ἀπόστολος
1417 3661 1518 3730 τὴν
1565 3663 1832 3732 διαφοράν
1875 3661 1986 3714 τῶν

412 3751 700 3820 ἐνεργειῶν
749 3752 1141 3818 αἰνιττόμενος,
1175 3751 1383 3820 ἐλεγενθ
1423 3771 1440 3804 ι
1481 3753 1567 3816 Ὠς
1592 3756 1816 3824 νηπίους
1847 3754 1988 3821 γάλα

406 3841 550 3908 ὑμᾶς
573 3841 819 3904 ἐπότισα,
853 3842 944 3894 καὶ
973 3843 1034 3894 οὑ
1075 3841 1290 3912 βρῶμα.
1328 3863 1347 3895 ι

477 3952 581 4022 κβ’.
639 3951 847 4020 Λόγους
885 3947 1136 4012 ἐντολῶν,
1167 3948 1196 4000 6
1232 3946 1403 4017 χωρὶς
1435 3943 1668 3999 ἐντολῶν
1689 3939 1986 4011 ἐπιζητῶν,

409 4045 505 4098 καὶ
525 4043 613 4097 διὰ
646 4042 956 4113 μαθήσεως,
990 4040 1025 4112 ἢ
1052 4037 1414 4106 ἀναγνώσεως
1477 4034 1758 4089 ἐπιποθῶν
1810 4033 1990 4104 εὑρεῖν

410 4116 592 4204 ὅμοιός
632 4132 849 4202 ἐστιτῷ
880 4131 1040 4185 σκιὰν
1096 4129 1217 4183 ἀντὶ
1269 4127 1530 4196 ἀληθείας
1561 4124 1987 4195 φανταζομένῳ·

411 4226 464 4280 οἱ
514 4224 662 4290 λόγοι
719 4221 826 4291 γάρ
865 4221 964 4290 τῆς
1013 4217 1270 4288 ἀληθείας
1315 4218 1374 4268 ἐν
1427 4217 1540 4277 τοῖς
1583 4214 1685 4283 τῆς
1733 4211 1992 4281 ἀληθείας

415 4317 662 4390 μετόχοις
709 4315 1050 4384 μετέχονται,
1077 4311 1127 4364 οί
1153 4310 1210 4363 δὲ
1262 4307 1365 4378 τῆς
1408 4305 1670 4376 ἀληθείας
1731 4304 1990 4374 ἀμέτοχοι

415 4411 508 4464 καὶ
565 4407 838 4479 ἀμύητοι,
888 4405 1080 4473 λόγους
1131 4401 1538 4472 ἐπιζητοῦντες,
1606 4397 1733 4460 τοὺς
1775 4399 1839 4450 ἐκ
1894 4396 1993 4463 τῆς

419 4498 798 4572 μωρανθείσης
854 4497 1046 4567 σοφίας
1101 4495 1438 4566 εὑρίσκουσι,
1481 4491 1574 4554 οὒς
1606 4490 1700 4544 καὶ
1730 4489 1995 4559 ψυχικοὺς

2086 1994 2281 2064 spiritu
2342 1994 2663 2049 concinnata
2697 2002 2751 2046 et
2810 2001 3086 2061 cuaptata,
3148 2000 3491 2064 comparatur
3537 1993 3657 2043 viro

2087 2086 2328 2156 perfecto
2365 2083 2648 2139 crescendi
2683 2085 2915 2151 amplius
2968 2083 3235 2151 incapaci.
3285 2081 3348 2135 Et
3401 2086 3654 2133 mamlata

2085 2187 2214 2233 sunt
2260 2179 2402 2230 velut
2436 2190 2669 2243 corpus;
2705 2175 2931 2230 virtutes
2977 2186 3156 2228 autem
3205 2189 3299 2228 seu
3349 2174 3472 2226 boni
3505 2171 3656 2224 habi-

2088 2278 2194 2336 tus,
2226 2285 2348 2324 ossa
2383 2287 2396 2333 ;
2436 2269 2609 2336 gratia
2661 2268 2899 2332 demum,
2951 2269 3106 2336 quasi
3144 2267 3322 2319 anima
3363 2263 3647 2334 praeceptis

2087 2372 2147 2415 ut
2185 2360 2399 2428 corpori
2432 2360 2598 2413 vitam
2655 2368 2974 2426 motumque
3024 2367 3080 2412 et
3143 2366 3324 2410 actum
3359 2357 3655 2423 inspirans.

2087 2456 2160 2510 Ex
2198 2455 2405 2508 incuria
2438 2452 2582 2507 enim
2607 2450 2688 2504 vel
2719 2451 2994 2519 diligentia
3026 2448 3302 2502 crescendi
3331 2447 3383 2499 in
3416 2446 3661 2510 Christo,

2088 2545 2294 2615 parvuli
2323 2546 2408 2598 vel
2439 2542 2660 2612 perfecti
2682 2541 3020 2600 ostenditnur
3073 2554 3218 2594 nunc
3275 2547 3329 2593 et
3364 2539 3418 2592 in
3454 2537 3635 2591 futuro

2159 2742 2253 2796 21.
2293 2741 2693 2810 Prveceptorum
2723 2754 2918 2807 corpus
2944 2739 3036 2808 qui
3085 2751 3282 2807 augere
3316 2738 3450 2801 vult,
3491 2735 3662 2788 ratio-

2090 2834 2270 2893 nabiIe
2305 2835 2429 2890 sine
2463 2832 2586 2888 dolo
2635 2831 2719 2886 Iac
2761 2831 2989 2885 nutricis
3035 2831 3224 2899 gratia:
3274 2828 3661 2896 concupiscere

2087 2925 2312 2980 Iestinet
2349 2941 2364 2978 :
2408 2923 2532 2978 inde
2563 2923 2705 2976 enim
2752 2922 2980 2975 Iactatur
3034 2920 3343 2988 quicunque
3391 2919 3568 2972 studet
3597 2931 3662 2973 ac

2089 3017 2282 3087 quatrit
2333 3024 2680 3085 augmentum
2717 3013 2921 3068 facere.
2974 3011 3110 3065 Nam
3156 3012 3246 3064 illa
3298 3010 3452 3077 quasi
3489 3009 3571 3062 Iac
3600 3009 3655 3062 in

2090 3109 2268 3164 cibum
2309 3115 2360 3161 et
2393 3108 2628 3160 calorem
2683 3121 2746 3159 ex
2783 3105 3041 3159 uberibus
3087 3102 3413 3171 sapientiam
3467 3100 3655 3166 stillat,

297 3243 308 3253 .
411 3203 580 3273 αὐτῆς
611 3204 830 3273 μαστῶν
877 3204 975 3276 τὴν
1008 3205 1217 3275 θέρμην
1259 3206 1474 3284 δίδωσις
1514 3207 1636 3276 μέλι
1691 3206 1748 3260 δὲ
1777 3208 1984 3278 τροφῆς

2093 3212 2146 3254 et
2166 3199 2321 3269 quasi
2355 3198 2458 3252 mel
2487 3199 2540 3252 in
2601 3198 2968 3268 purgatricem
3001 3209 3180 3250 escam
3213 3194 3473 3264 perfectis
3506 3208 3656 3245 suam

2093 3296 2185 3346 dat
2232 3292 2580 3358 sapientiam,
2632 3290 2774 3344 sicut
2810 3288 3070 3355 scriptum
3103 3297 3236 3342 cst:
3279 3305 3298 3336 ι
3347 3286 3447 3338 Mel
3500 3293 3554 3338 et
3573 3283 3661 3338 lac

2091 3383 2193 3438 sub
2227 3383 2406 3452 lingua
2442 3393 2553 3435 tua.
2585 3400 2604 3432 ι
2631 3379 2699 3433 Et
2744 3379 2963 3448 quidem
2999 3379 3140 3432 lacte
3178 3378 3456 3431 nutritiam
3483 3387 3534 3429 et
3563 3393 3660 3430 au-

2091 3475 2344 3537 ctricem,
2403 3474 2560 3529 melle
2615 3486 2744 3527 vero
2799 3471 3078 3542 purilicatn
3144 3469 3379 3539 Spiritus
3405 3468 3657 3522 virtutem

2093 3566 2346 3621 Salomon
2369 3565 2714 3634 signiﬁcavit.
2748 3564 2974 3632 Magnus
3002 3571 3183 3616 autem
3223 3562 3510 3629 Apostolus
3530 3575 3661 3629 ope-

2091 3658 2362 3710 ratiunum
2431 3655 2803 3709 diversitatem
2854 3656 3105 3717 innuens,
3151 3654 3276 3708 ait:
3319 3671 3336 3703 t
3379 3651 3654 3719 Tanquam

2093 3745 2332 3815 parvulis
2362 3745 2445 3800 lac
2477 3747 2624 3802 vobis
2657 3757 2840 3816 potum
2885 3745 3030 3808 dedi,
3063 3760 3168 3797 non
3198 3757 3372 3797 escam
3415 3742 3455 3796 ³.
3494 3761 3512 3793 ι

2161 3949 2252 4004 29..
2303 3949 2480 4004 Trans
2529 3952 2779 4004 mandata
2814 3949 2903 4014 qui
2955 3963 3233 4003 sermones
3283 3949 3659 4002 mandatorum

2093 4041 2286 4110 quatrit
2302 4048 2354 4095 et
2370 4041 2874 4108 per_scientiam'aut
2891 4039 3177 4094 lectionem
3200 4039 3438 4092 invenire
3455 4041 3658 4106 studet,

2095 4131 2287 4186 similis
2309 4139 2391 4186 est
2413 4131 2528 4201 ejus
2546 4130 2639 4200 qui
2681 4131 2925 4183 umbram
2955 4144 3052 4198 pro
3075 4129 3303 4183 veritate
3333 4133 3658 4184 somniatur.

2097 4225 2388 4281 Sermones
2430 4225 2575 4279 enim
2607 4226 2868 4280 veritates
2912 4225 3076 4278 habet
3107 4223 3354 4276 veritatis
3402 4237 3658 4289 compos;

2095 4317 2339 4373 veritatis
2396 4328 2573 4371 autem
2605 4326 2856 4386 expertes
2890 4325 2944 4371 et
2990 4315 3198 4386 ignari,
3239 4329 3513 4370 sermones
3545 4314 3661 4382 ejus

2095 4407 2438 4479 inquirendo,
2470 4417 2747 4462 sermones
2783 4408 2965 4460 stultae
3015 4407 3296 4474 sapientia:
3342 4406 3660 4473 reperiunt:

2096 4514 2232 4568 quos
2270 4497 2556 4567 Apostolus
2583 4497 2844 4550 animales
2874 4497 3110 4559 vocavit,
3156 4496 3402 4565 spiritum
3432 4510 3538 4547 non
3566 4495 3661 4546 ba-

416 4593 676 4646 ἐκάλεσεν
705 4592 733 4643 6
765 4589 1107 4653 Ἀπόστολος,
1174 4583 1391 4654 πνεῦμα
1423 4583 1499 4654 μὴ
1523 4582 1768 4652 ἔχοντας,
1793 4579 1898 4634 κᾶν
1927 4582 1987 4649 τῇ

2100 4589 2311 4655 bentes,
2351 4589 2476 4644 licet
2508 4589 2737 4644 veritate
2765 4589 3102 4656 superbiant.

418 4681 647 4753 ἀληθείᾳ
667 4679 1061 4750 σεμνύνωνται.

492 4776 598 4848 κγ’.
623 4775 836 4843 Ὠσπερ
865 4773 894 4824 6
933 4769 1187 4839 αἰσθητὸς
1242 4765 1524 4836 ὀφθαλμὸς
1573 4766 1654 4828 είς
1675 4764 1737 4815 τὸ
1764 4761 1999 4832 γράμμα

421 4869 622 4938 ἀφορᾷ,
671 4865 763 4918 καὶ
794 4866 860 4917 ἐκ
893 4860 986 4916 τοῦ
1012 4861 1340 4931 γράμματος
1365 4856 1640 4927 λαμϐάνει
1669 4853 1737 4908 τά
1767 4852 2000 4922 αίσθητά

421 4961 692 5028 νοήματα,
733 4950 1102 5016 οὖτωςὸνοῦς
1159 4951 1288 5003 ὅταν
1341 4946 1611 5017 καθαρθῇ,
1675 4945 1770 4998 καὶ
1817 4945 1896 5005 εἰς
1939 4942 2002 4995 τὺ

430 5052 654 5120 ἀρχαῖον
725 5043 994 5114 ἐπανέλθῃ
1051 5041 1288 5110 ἀξίωμα,
1346 5041 1425 5101 είς
1453 5038 1587 5091 Θεὸν
1651 5037 1774 5107 ὁρᾷ,
1818 5037 1912 5088 καὶ
1941 5034 2002 5099 ἐξ

434 5141 599 5196 αὐτοῦ
660 5137 928 5208 λαμΰάνει
947 5135 1013 5186 τὰ
1045 5133 1164 5186 θεῖα
1192 5133 1441 5200 νοήματα
1461 5147 1474 5160 ·
1508 5129 1602 5182 καὶ
1632 5127 1754 5182 ἀντὶ¹
1781 5127 1879 5197 μὲν
1919 5125 2002 5196 βί-

438 5235 566 5287 ϐλου
602 5233 712 5300 ἔχει
744 5231 806 5283 τὸ
837 5227 1071 5296 πνεῦμα,
1101 5226 1222 5279 ἀντὶ
1243 5225 1299 5277 δέ
1334 5223 1600 5291 καλάμου,
1629 5220 1724 5292 τὴν
1767 5219 2004 5272 διάνοιαν

441 5327 538 5379 καὶ
573 5325 674 5393 τὴν
704 5322 974 5390 γλῶσσανο
1021 5320 1086 5371 Ἡ
1132 5317 1352 5387 γλῶσσά
1384 5332 1509 5386 μου,
1551 5314 1707 5383 φησὶ,
1739 5311 1982 5381 κάλαμος

433 5422 496 5474 τὸ
526 5421 642 5490 φῶς
672 5421 750 5487 δὲ,
799 5421 922 5476 ἀντὶ
981 5423 1248 5494 μέλανος·
1301 5425 1596 5494 ἐμϐάπτων
1637 5424 1729 5478 οὖν
1766 5426 1863 5494 τὴν
1890 5428 2004 5495 διά-

435 5519 584 5566 νοιαν
611 5513 670 5564 ἐν
698 5511 776 5582 τῷ
827 5516 988 5583 φωτὶ,
1051 5517 1146 5569 καὶ
1205 5517 1320 5586 φῶς
1377 5517 1678 5582 ἀποτελῶν,
1709 5519 2004 5590 διαγράφει

435 5605 562 5666 τοὺς
627 5604 820 5680 λόγους
851 5607 908 5657 ἐν
957 5607 1226 5677 πνεύματι
1280 5611 1338 5663 ἐν
1378 5613 1495 5674 ταῖς
1546 5612 1656 5667 τῶν
1695 5613 2002 5668 ἀκουόντων

512 5779 530 5808 ⁸
555 5777 574 5830 ι
601 5777 724 5830 ουτ.
756 5795 834 5844 III,
857 5781 910 5833 2.
990 5783 1009 5811 ⁸
1036 5779 1156 5846 Psal
1196 5796 1337 5854 ξων,
1370 5781 1422 5837 ‘2.

2173 4785 2264 4838 25.
2290 4784 2590 4853 lnspiciens
2613 4784 2908 4838 materialis
2934 4783 3121 4838 oculus
3141 4781 3376 4837 litteram
3395 4797 3458 4836 ex
3485 4783 3663 4837 littera

2102 4877 2385 4934 sensuales
2415 4877 2649 4932 desumit
2671 4877 3025 4944 cogitationes
3059 4890 3075 4928 :
3112 4875 3347 4943 itemque
3382 4875 3662 4942 puriﬂt'ala

2101 4984 2258 5024 mens
2302 4980 2355 5022 et
2386 4969 2629 5038 pristina-3
2660 4967 2907 5021 restituta
2947 4966 3218 5035 dignitati,
3255 4967 3417 5020 Deum
3453 4968 3665 5020 intuens

2099 5077 2161 5116 ex
2185 5078 2252 5116 eo
2273 5060 2629 5130 cogitationes
2652 5059 2849 5129 accipit
2879 5059 3091 5114 divinas
3117 5072 3135 5124 ;
3162 5067 3213 5112 et
3230 5075 3326 5129 pro
3347 5059 3482 5113 libro
3501 5059 3664 5114 habet

2099 5153 2372 5222 Spiritum,
2408 5167 2503 5220 pro
2536 5151 2743 5204 calamo
2801 5150 3130 5205 intellectum
3157 5161 3208 5203 et
3235 5150 3497 5219 linguam,
3523 5151 3663 5203 sicut

2101 5244 2359 5311 Scriptum
2380 5251 2461 5295 est
2488 5259 2502 5293 ;
2529 5258 2547 5291 ι
2577 5239 2780 5308 Lingua
2812 5255 2925 5292 mea
2947 5240 3188 5295 calamus
3205 5244 3246 5302 ⁵,
3273 5259 3293 5290 ›
3313 5252 3368 5294 et
3402 5255 3498 5304 pro
3518 5250 3663 5293 atra-

2105 5345 2284 5388 mento
2340 5335 2541 5386 lumen.
2604 5332 2938 5385 Intellectum
2988 5332 3152 5398 igitur
3228 5332 3554 5401 innuergens
3605 5335 3660 5387 in

2100 5425 2325 5488 lumine,
2352 5436 2408 5478 et
2451 5424 2686 5478 lucidum
2720 5423 2981 5490 silit-iens,
3015 5440 3296 5478 sermones
3327 5426 3514 5478 scribit
3548 5426 3662 5492 spi-

2099 5519 2322 5572 ritualcs
2355 5517 2406 5568 in
2442 5516 2588 5584 puris
2618 5517 2949 5570 audientium
2979 5516 3255 5569 cordibus.
3284 5515 3436 5568 'l‘unc
3494 5534 3664 5583 agno-

2097 5609 2202 5684 scit
2236 5608 2378 5677 quod
2409 5607 2628 5663 dictum
2659 5616 2766 5675 est,
2801 5609 3072 5677 quomodo
3117 5609 3298 5661 lidelcs
3343 5607 3504 5662 futuri
3555 5611 3664 5666 sint
