4122 6322
544 369 684 432 ιειει

1806 373 2193 436 GREGORII
2232 377 2568 440 SlNAlT/E

3666 384 3794 448 1248

546 479 808 534 docibilc-s
825 479 948 539 Dei,
980 487 1031 534 et
1056 481 1351 549 quomodo,
1370 482 1524 554 juxta
1547 483 1909 552 prophetiam,
1933 486 2112 542 doctu-

2226 495 2493 566 καθαραῖς
2519 496 2785 566 καρδίαις.
2818 499 2953 553 Τότε
2979 502 3239 568 γινώσκει
3262 503 3323 557 τὸ
3351 506 3664 576 εἰρημένον,
3686 511 3802 572 πῶς

549 586 646 627 rus
675 571 746 626 sit
771 570 1056 626 scientiam
1091 573 1348 642 Spiritus.

612 829 701 883 ‘24.
732 830 880 885 Sicut
913 831 1084 903 legem
1129 833 1511 889 mandatoi-um
1565 837 1704 892 habe
1729 837 1887 892 fidem
1927 838 2118 893 imme-

536 919 747 973 diatam
805 923 965 976 corde
1013 923 1380 990 productam:
1421 943 1516 995 per
1579 929 1717 982 hanc
1773 930 1920 984 enim
1954 945 2118 984 omne

535 1022 874 1083 praeceptum
921 1013 1166 1067 immittit
1215 1027 1268 1068 et
1303 1016 1542 1071 infundit
1584 1018 1760 1073 lucem
1793 1021 2023 1084 animis;
2062 1022 2116 1074 in

535 1104 738 1172 quibus
773 1120 899 1158 vera
935 1105 1068 1160 fides
1111 1122 1233 1160 cum
1261 1107 1518 1176 operibus
1558 1109 1743 1179 juncta
1775 1111 1985 1167 fructus
2017 1112 2118 1166 fert

544 1195 976 1265 temperantiam,
1024 1199 1369 1264 charitatem,
1412 1218 1478 1258 ac
1513 1204 1743 1274 denique
1774 1205 1867 1259 Dei
1912 1221 2115 1260 rnnnus

541 1289 925 1359 humilitatem,
960 1307 1082 1362 qua:
1115 1304 1201 1352 est
1227 1297 1513 1355 charitatis
1563 1300 1892 1369 principium
1927 1307 1982 1355 et
2017 1314 2112 1356 co-

543 1382 751 1438 lumna.

610 1474 702 1529 25.
749 1476 824 1529 De
857 1477 1021 1531 rebus
1055 1479 1194 1534 bene
1249 1481 1476 1545 sentire,
1510 1491 1592 1536 est
1623 1498 1952 1553 cognoscere
1982 1485 2114 1539 visi-

546 1567 673 1621 hilia
705 1577 760 1621 et
799 1567 1120 1626 invisibilia:
1157 1571 1390 1625 visibilia
1427 1575 1669 1641 quidem,
1721 1591 1844 1641 quae
1876 1585 2005 1629 sunt
2034 1591 2119 1630 res

540 1659 865 1724 seusibiles;
911 1671 964 1716 et
993 1661 1305 1729 invisibilia,
1343 1679 1437 1718 seu
1473 1681 1561 1720 res
1595 1667 1993 1737 intelligibiles,
2033 1683 2118 1722 ra-

543 1753 794 1814 tionales,
820 1754 1210 1823 spiritalesqne
1243 1771 1305 1810 ac
1332 1757 1566 1813 divinas.

612 1845 702 1900 26.
723 1845 1054 1901 Orthodoxia
1071 1849 1122 1900 in
1137 1864 1202 1902 eo
1224 1850 1498 1913 consistit,
1519 1861 1579 1903 ut
1605 1851 1708 1904 duo
1726 1851 1846 1906 ﬁdei
1864 1854 2114 1920 dogmata
2149 1844 2189 1900 Β

543 1947 911 2006 agnoscantur
940 1947 993 1992 et
1027 1939 1401 2006 admittantnr,
1429 1941 1644 1997 trinitas
1671 1959 1863 2014 nempe
1887 1961 1950 2001 ac
1983 1949 2117 2004 dna-

538 2029 706 2085 Iitas:
743 2031 957 2085 trinitas
1003 2030 1221 2098 quidem
1275 2033 1327 2085 in
1365 2033 1570 2089 unitate
1633 2036 1916 2094 inconfuse
1951 2051 2004 2096 et
2036 2044 2118 2097 in-

535 2122 711 2178 divise
740 2135 1014 2192 spectetur
1038 2134 1092 2178 et
1117 2138 1475 2194 cognoscatur
1510 2144 1526 2196 ;
1573 2129 1807 2186 dualitas
1837 2147 1964 2187 vero
1992 2149 2117 2202 per-

535 2229 792 2269 sonarum
822 2214 1022 2271 Christi
1056 2216 1109 2271 in
1144 2233 1246 2270 una
1273 2233 1499 2285 persona
1525 2236 1541 2277 ;
1572 2221 1664 2291 qui
1689 2223 1882 2278 unicus
1909 2235 1991 2281 est
2023 2225 2113 2281 Fi-

539 2306 640 2359 lins
692 2317 818 2360 ante
848 2317 900 2360 et
935 2317 1058 2374 post
1106 2309 1555 2376 incarnationem,
1598 2323 1718 2382 post
1764 2315 1902 2370 hanc
1936 2327 2115 2373 autem

536 2397 590 2450 in
622 2398 830 2453 duabus
873 2400 1078 2454 naturis
1111 2401 1428 2468 duabusque
1479 2405 1869 2471 voluntatibus,
1929 2409 2114 2464 divina

537 2491 744 2546 scilicet
769 2504 824 2547 et
852 2493 1086 2546 humana
1122 2493 1405 2549 inront‘use
1436 2499 1816 2564 agnoscendus
1846 2502 2114 2555 confitcn-

537 2587 744 2653 tlnsque
773 2597 825 2639 et
862 2587 1248 2655 glorilicandus
1300 2597 1406 2644 est.

601 2680 691 2734 27.
724 2679 1160 2744 Geuerationem,
1205 2682 1680 2737 innascihilitatem
1722 2694 1774 2736 et
1804 2685 2112 2752 processio-

535 2787 681 2835 nem,
717 2786 835 2840 qua:
873 2780 998 2825 sunt
1048 2772 1415 2827 immutabiles
1467 2773 1928 2843 invariabilesque
1971 2793 2103 2828 san-

537 2865 758 2919 tissima:
790 2863 1076 2919 Trinitatis
1108 2867 1488 2933 proprietates,
1510 2867 1597 2934 pie
1619 2878 1840 2934 Oportet
1883 2870 2112 2924 confite-

537 2961 579 3012 ri
615 2976 629 3013 :
665 2959 870 3014 Scilicet
900 2959 1060 3012 Pater
1107 2962 1380 3030 ingenitus
1419 2971 1475 3014 et
1529 2962 1807 3018 increatus
1860 2972 1986 3028 est;
2053 2973 2111 3018 at

533 3053 704 3108 Filius
753 3053 966 3120 genitus
1000 3059 1053 3105 et
1107 3053 1267 3107 simul
1317 3053 1627 3118 increatus;
1687 3065 1848 3124 atque
1873 3054 2108 3124 Spiritus

529 3154 758 3199 sanctus
798 3144 1038 3212 procedit
1073 3162 1100 3196 a
1133 3144 1291 3198 Patre
1328 3161 1422 3214 per
1454 3145 1671 3210 Filium,
1713 3157 1769 3199 ut
1814 3146 2104 3202 Damasce—
2133 3179 2176 3235 ο

537 3250 637 3287 uus
669 3234 764 3299 ait,
808 3243 860 3287 et
893 3235 1112 3302 utrique.
1139 3247 1442 3288 coaeternus
1469 3243 1572 3290 est.

603 3325 694 3381 28.
731 3325 996 3379 Mandatis
1025 3325 1382 3394 spiritualiter
1423 3328 1688 3392 producta
1733 3337 1786 3381 et
1839 3327 2107 3382 charitate

533 3418 824 3472 informata
863 3405 995 3471 fides
1041 3420 1155 3471 sola
1189 3416 1387 3470 suﬂicit
1439 3417 1506 3469 ad
1573 3417 1831 3481 salutem,
1885 3420 1926 3471 si
1982 3433 2104 3470 eam

541 3525 846 3572 servemus,
905 3525 1008 3564 uec
1041 3519 1310 3561 mortuam
1367 3523 1420 3562 (ιι
1467 3507 1751 3561 informem
1797 3509 1930 3563 viva:
1960 3516 2015 3561 et
2053 3509 2106 3562 in

533 3604 751 3657 Christo
789 3603 1036 3655 formata:
1087 3599 1467 3668 prirsferattttis.
1507 3600 1714 3654 Sufficit
1769 3601 1911 3654 enim
1964 3601 2105 3656 fideli

536 3695 707 3749 forma
743 3704 796 3746 et
850 3694 958 3744 vita
1011 3692 1293 3759 operantis
1356 3693 1408 3743 in
1464 3691 1700 3745 Christo.
1747 3691 1889 3754 fidei;
1948 3692 2104 3748 fidem

538 3799 665 3838 vero
720 3783 773 3835 in
838 3781 953 3835 solo
996 3795 1248 3834 sermone
1290 3780 1544 3848 positam,
1615 3789 1669 3834 et
1731 3791 2020 3844 inortuam,
2051 3793 2107 3836 et

537 3875 865 3935 exanimem,
901 3885 1000 3924 nec
1047 3869 1315 3922 charitate
1346 3869 1543 3930 vivam,
1609 3868 1914 3936 ignorantia
1966 3886 2106 3925 nunc

537 3967 654 4035 pios
687 3965 861 4018 docet.

603 4149 693 4203 29.
731 4150 946 4218 Absque
985 4149 1092 4201 ulla
1126 4147 1389 4218 qualitate
1445 4147 1692 4201 sensibili
1725 4159 1776 4202 et
1825 4147 2101 4214 composi-

538 4242 686 4296 tione
751 4241 1000 4294 Trinitas
1038 4256 1160 4293 cum
1185 4242 1279 4304 sit,
1319 4241 1544 4307 simplex
1599 4247 1684 4294 est
1735 4240 1958 4292 unitas:
1992 4247 2102 4292 tres

532 4331 675 4383 enim
705 4330 758 4383 in
797 4332 1004 4383 unitate
1034 4330 1189 4382 habet
1223 4328 1364 4382 Deus
1390 4345 1672 4398 personas,
1717 4345 1837 4398 quae
1871 4344 1930 4383 se
1967 4327 2104 4383 invi-

534 4437 652 4476 cem
685 4422 966 4475 inconfnse
1010 4438 1233 4491 prorsus
1261 4433 1692 4490 compenetrant.

2225 585 2435 640 ἔσονται
2464 587 2515 639 οἱ
2549 589 2733 642 πιστοὶ
2789 590 3025 644 διδακτοὶ
3057 592 3197 662 Θεῷ,
3243 597 3337 648 καὶ
3391 597 3510 659 πῶς
3555 598 3804 654 διδάσκει

2224 676 2358 740 Θεὸς
2411 677 2700 749 ἄνθρωπον
2751 682 2986 750 γνῶσιν,
3051 686 3189 738 κατὰ
3227 687 3326 757 τὴν
3357 691 3722 760 προφητείαν,
3751 695 3805 744 ἐν

2224 768 2521 838 πνεύματι.

2295 858 2392 913 κδ’.
2422 857 2603 929 Νόμον
2634 861 2866 916 ἐντολῶν
2896 862 2996 934 τὴν
3047 865 3360 934 καρδιακῶς
3396 869 3804 940 ἐνεργουμένην

2224 947 2403 1002 πίστιν
2457 950 2687 1020 ᾶμεσον,
2723 949 2866 1007 εἶναι
2919 956 3159 1024 νόμισον·
3194 957 3262 1010 δι’
3297 958 3469 1027 αὐτῆς
3502 961 3613 1031 γὰρ
3648 965 3800 1015 πᾶσα

2221 1038 2408 1109 ἐντολὴ
2462 1041 2722 1110 πηγάζει,
2779 1043 2875 1095 καὶ
2932 1047 3152 1114 ἐνεργεῖ
3189 1045 3281 1097 τὸν
3312 1045 3424 1099 τῶν
3470 1047 3662 1118 ψυχῶν
3690 1068 3800 1117 φω.

2221 1131 2436 1200 τισμδν,
2474 1124 2550 1185 ὧν
2576 1135 2626 1185 oi
2658 1137 2862 1204 καρποὶ
2908 1135 3008 1206 τῆς
3059 1135 3295 1205 ἀληθοῦς
3348 1139 3440 1191 καὶ
3468 1141 3796 1211 ἐνεργουμέ-

2222 1235 2318 1287 νης
2369 1219 2604 1283 πίστεώς
2647 1223 2805 1288 εἰσιν,
2841 1225 2874 1296 ἡ
2911 1224 3237 1293 ἐγκράτεια,
3296 1227 3390 1278 καὶ
3442 1227 3657 1297 ἀγάπη,
3704 1232 3797 1283 καὶ

2221 1304 2397 1370 τέλος,
2429 1307 2463 1376 ἠ
2534 1307 2867 1380 θεοδώρητος
2925 1313 3283 1378 ταπείνωσις,
3341 1315 3373 1383 ἠ
3433 1315 3529 1386 τῆς
3577 1318 3796 1388 ἀγάπης

2224 1395 2388 1466 ἀρχὴ,
2421 1397 2514 1450 καὶ
2541 1401 2893 1470 κραταξωμα.

2291 1487 2392 1541 κε’.
2446 1489 2582 1555 Δόξα
2629 1491 2744 1543 τῶν
2805 1492 2975 1544 ὄντων
3040 1493 3298 1567 ἀψευδὴς,
3345 1496 3377 1566 ἡ
3431 1497 3644 1567 ὁρατῶν
3702 1501 3796 1553 καὶ

2223 1575 2467 1644 ἀοράτων
2528 1579 2642 1632 ἐστὶ
2701 1582 2904 1648 γνῶσις
2955 1582 3161 1654 ἀληθής
3194 1603 3206 1614 ·
3257 1587 3472 1654 ὁρατῶν
3521 1603 3643 1656 μεν,
3687 1590 3797 1642 τῶν

2225 1665 2518 1736 αἰσθητῶν,
2571 1670 2824 1739 ἀοράτων
2851 1672 2931 1736 δὲ,
2959 1672 3068 1726 τῶν
3107 1675 3334 1744 νοητῶν,
3389 1678 3483 1730 καὶ
3535 1678 3793 1747 λογικῶν,

2224 1756 2316 1807 καὶ
2344 1757 2568 1828 νοερῶν.
2596 1761 2689 1814 καὶ
2711 1761 2891 1816 θείων.

2294 1845 2409 1910 κς’.
2438 1849 2604 1929 Ὅρος
2667 1853 2976 1922 ὀρθοδοξίας
3033 1857 3171 1922 ἐστὶ,
3195 1858 3263 1911 τὰ
3288 1858 3397 1912 δύω
3419 1859 3520 1929 τῆς
3554 1861 3793 1925 πίστεως

2221 1936 2465 2007 δόγματα
2489 1941 2552 1994 ἐκ
2571 1928 2944 2015 παθαρότητος
2981 1948 3132 2012 ίδεῖν,
3167 1952 3258 2002 καὶ
3287 1928 3491 2018 γνῶναι
3514 1952 3570 2018 ἐξ
3599 1954 3794 2018 αὑτοῦ,

2220 2029 2320 2098 τὴν
2383 2033 2598 2102 τριάδα,
2638 2034 2800 2104 λέγω,
2828 2040 2923 2092 καὶ
2979 2041 3180 2094 δυάδα·
3216 2043 3315 2111 τὴν
3349 2045 3450 2112 μὲν
3481 2047 3698 2114 τριάδα,
3739 2049 3798 2098 ἐν

2226 2122 2412 2191 μονάδι
2477 2126 2821 2197 ἁσυγχύτως,
2882 2133 2977 2183 καὶ
3019 2134 3278 2203 ἀτμήτως
3313 2134 3558 2205 θεωρεῖν,
3588 2140 3678 2188 καῖ
3706 2155 3795 2204 γι-

2222 2211 2473 2266 νώσκειν·
2511 2217 2611 2286 τὴν
2635 2218 2692 2270 δὲ
2716 2219 2886 2272 δυάδα
2913 2221 3020 2273 τῶν
3054 2223 3297 2292 Χριστοῦ
3332 2225 3570 2292 φύσεων,
3605 2227 3663 2280 ἐν
3695 2229 3795 2297 μιᾷ

2222 2299 2538 2356 ὑποστάσειο
2571 2308 2853 2361 τουτέστιν
2877 2308 2970 2362 ἕνα
3015 2310 3141 2362 Υίὺν
3162 2312 3255 2364 καὶ
3288 2313 3396 2382 πρὸ
3439 2313 3793 2382 σαρκῶσεως,

2222 2393 2316 2443 καὶ
2346 2393 2485 2459 μετὰ
2518 2394 2616 2465 τὴν
2668 2397 2946 2467 σάρκωσιν
2981 2401 3037 2452 ἐν
3064 2400 3174 2453 δύω
3224 2401 3452 2469 φύσεσιν
3484 2403 3792 2472 δμολοβῖν,

2219 2483 2314 2534 καὶ
2361 2484 2586 2549 ειδέναι,
2624 2491 2680 2539 ὲν
2711 2488 2821 2541 δύω
2857 2490 3112 2560 θελήσεσι
3136 2491 3326 2562 θεῖκῆς
3371 2510 3429 2545 τε
3454 2496 3551 2546 καὶ
3577 2495 3791 2566 ἀνθρω-

2221 2572 2381 2643 πίνης
2395 2575 2730 2646 vitabuntur;
2752 2579 3128 2650 δοξαζόμενον.

2291 2661 2397 2726 κζ’.
2449 2667 2729 2737 ι’έννησιν,
2760 2673 2853 2723 καὶ
2905 2675 3260 2742 ἀγεννησίαν,
3315 2680 3408 2730 καὶ
3437 2679 3785 2747 ὲκπόρευσιν,

2217 2752 2317 2816 τὰς
2361 2758 2512 2825 τρεῖς
2563 2759 2857 2829 ἀκινήτους
2907 2766 3001 2817 καὶ
3069 2767 3484 2838 ἀμεταϐλήτους
3527 2770 3791 2840 ἰδιότητας

2216 2846 2317 2915 τῆς
2390 2851 2666 2919 παναγίας
2721 2854 2948 2924 Τριάδος
3011 2856 3128 2911 δέον
3176 2859 3463 2926 ὁμολογεῖν
3512 2862 3787 2923 εὐσεϐῶς·

2217 2937 2430 3008 Πατρδς
2472 2941 2571 3008 μὲν
2615 2941 2912 3014 ἀγεννήτσυ
2946 2948 3040 3000 καὶ
3063 2949 3326 3018 ἁνάρχου,
3357 2951 3486 3004 Υίοῦ
3515 2953 3570 3006 δὲ
3599 2971 3789 3022 γεννη-

2216 3027 2310 3082 τοῦ
2355 3030 2452 3084 καὶ
2490 3036 2852 3105 συνανὰρχου,
2881 3039 3196 3110 Πνεύματος
3217 3043 3272 3094 δὲ
3329 3044 3491 3110 ἁγίου
3521 3046 3786 3113 ἐκπορευο

2215 3120 2310 3172 τοῦ
2332 3124 2395 3175 ὲκ
2417 3124 2512 3176 τοῦ
2567 3127 2802 3197 Πατρὸς,
2861 3130 2950 3184 διὰ
3001 3133 3098 3185 τοῦ
3151 3135 3277 3186 Υίοῦ
3343 3135 3552 3203 (καθώς
3622 3154 3783 3206 φησιν

2213 3214 2240 3262 ό
2261 3213 2641 3286 Δαμασκηνὸς)
2671 3220 2763 3271 καὶ
2787 3223 3062 3275 συναῖδίου
3090 3226 3389 3294 διδόμενον.

2286 3309 2392 3371 κη’.
2431 3306 2581 3376 Μόνη
2611 3309 2670 3359 ὲν
2697 3310 2882 3378 χάριτι
2914 3313 3095 3376 πίστις
3131 3316 3290 3386 ἤρκει
3329 3320 3467 3389 πρὸς
3494 3324 3783 3392 σωτηρίαν,

2214 3394 2303 3446 διὰ
2359 3397 2465 3448 τῶν
2524 3401 2775 3454 ἐντολῶν.
2811 3407 3180 3480 ἐνεργουμένη
3249 3411 3325 3480 τῷ
3401 3415 3696 3484 πνεύματι,
3735 3418 3784 3467 εἰ

2216 3486 2586 3558 ὲφυλάξαμεν,
2627 3494 2722 3546 καὶ
2771 3495 2846 3566 μὴ
2875 3497 2971 3567 τὴν
3033 3500 3254 3570 νεκρὰν,
3309 3503 3402 3556 καὶ
3428 3507 3785 3575 ἁνενέργητον

2213 3576 2311 3647 τῆς
2352 3579 2532 3651 ζώσης
2579 3587 2672 3636 καὶ
2720 3587 3120 3660 ἐνεργουμένης
3161 3594 3218 3644 ὲν
3244 3595 3468 3664 Χριστῷ
3517 3601 3782 3667 προτιμή-

2167 3699 2172 3702 -
2215 3685 2429 3734 σαντες.
2496 3675 2683 3744 Ἀρκεῖ
2730 3680 2840 3750 γὰρ
2890 3680 2968 3751 τῷ
3025 3685 3202 3753 πιστῷ
3250 3688 3282 3756 η
3337 3688 3620 3757 μόρφωσις
3691 3692 3782 3741 καὶ

2213 3760 2326 3829 ζωὴ
2374 3763 2473 3833 τῆς
2496 3767 2553 3816 ἐν
2579 3767 2802 3838 Χριστῷ
2856 3773 3261 3846 ἐνεργουμένης
3291 3779 3529 3842 πίστεως
3561 3798 3573 3810 σ
3604 3782 3783 3833 πίστιν

2213 3851 2320 3921 γὰρ
2349 3854 2406 3904 ὲν
2439 3853 2581 3926 λόγῳ
2626 3858 2725 3928 τὴν
2767 3863 2967 3932 νεκρὰν
2998 3865 3090 3916 καὶ
3123 3866 3472 3936 ἀναίσθητον,
3507 3872 3541 3940 ἡ
3572 3871 3780 3937 ἄγνοια,

2213 3945 2304 3996 καὶ
2334 3946 2396 3997 οὐ
2427 3949 2526 4019 τὴν
2550 3951 2608 4002 ἐν
2634 3953 2818 4024 χάριτι
2873 3957 3074 4024 πίστιν,
3114 3962 3226 4023 τοῖς
3269 3963 3519 4015 εὐσεϐέσι
3557 3963 3651 4017 νῦν
3680 3965 3782 4016 ὲδί-

2209 4034 2383 4101 δαξεν.

2282 4125 2387 4182 κο’.
2451 4129 2621 4203 Ἀπλῆ
2672 4135 2836 4204 μονὰς
2887 4140 2920 4209 ἡ
2971 4142 3150 4210 τριὰς,
3206 4145 3396 4214 ἐπειδὴ
3453 4146 3646 4210 ἄποιος
3691 4149 3782 4201 καὶ

2209 4213 2519 4286 ἀσύνθετος,
2560 4224 2737 4292 τριὰς,
2769 4228 2828 4278 ὲν
2861 4230 3050 4296 μονάδι
3120 4213 3554 4302 τρισυπόστατος
3620 4239 3724 4308 γὰρ
3755 4241 3783 4291 ὁ

2209 4308 2362 4452 (flag,
2402 4312 2707 4384 ἁσύγχυτον
2731 4319 2870 4389 ἔχων
2900 4324 2998 4393 τὴν
3039 4327 3117 4388 είς
3147 4326 3352 4396 ἄλληλα
3408 4330 3780 4401 περιχώρησιν

2209 4417 2232 4452 ο
2273 4419 2421 4452 tunc.

2207 4417 2421 4465 (Mt/.th

604 4513 698 4567 50.
735 4511 938 4572 Trinns
970 4527 1186 4580 semper
1222 4512 1362 4565 Deus
1398 4515 1707 4582 concipitur
1747 4524 1800 4567 et
1856 4515 2052 4566 dicitur
2084 4531 2100 4567 :

2279 4492 2343 4549 λ’.
2397 4496 2703 4565 Τριαδικῶς
2733 4503 2791 4556 ἐν
2826 4507 2991 4558 παντὶ
3014 4507 3042 4558 ὁ
3081 4508 3214 4572 Θεὸς
3236 4510 3568 4578 γινώσκει-αἰ
3603 4530 3662 4565 τε
3692 4515 3784 4566 καὶ

533 4605 779 4657 infinitus
809 4605 952 4658 enim
983 4613 1089 4669 est,
1120 4613 1173 4657 et
1198 4605 1436 4657 omnium
1466 4615 1819 4660 conservator
1845 4605 2104 4674 au:;provi-

531 4699 638 4751 dus
672 4711 768 4766 per
799 4695 992 4749 Filium
1022 4697 1074 4750 in
1114 4695 1319 4765 Spiritu
1349 4707 1576 4763 sancto;
1618 4713 1716 4752 nec
1747 4698 1854 4752 ulla
1871 4713 2103 4766 persona

529 4799 683 4842 extra
714 4797 807 4842 aut
844 4800 1040 4858 praeter
1067 4790 1205 4844 alias
1237 4789 1343 4843 dici
1376 4790 1678 4858 cegitarive
1700 4799 1788 4842 aut
1829 4792 2100 4844 nominari

532 4897 771 4949 unquam
814 4890 1014 4949 potest.

602 5062 692 5116 δι.
721 5063 775 5114 In
814 5063 1033 5116 homine
1085 5063 1242 5115 adest
1278 5062 1603 5128 intellectus,
1637 5061 1856 5115 verbum
1904 5072 1958 5115 et
1995 5063 2105 5131 spi-

533 5153 701 5217 ritus;
736 5167 834 5206 nec
867 5152 1175 5206 intellectus
1205 5153 1321 5206 sine
1373 5154 1538 5204 verbo
1596 5161 1699 5214 est,
1739 5167 1836 5205 nec
1881 5151 2100 5206 verbum

531 5243 737 5311 absque
795 5243 1033 5310 spiritu;
1073 5253 1238 5310 atque
1278 5251 1423 5309 sunt,
1481 5251 1590 5296 tum
1653 5243 1705 5295 in
1738 5258 1797 5297 se
1845 5245 2099 5310 invicem,

533 5345 644 5387 lttlll
683 5334 736 5388 in
777 5334 972 5404 seipsis
1002 5353 1016 5388 :
1051 5334 1361 5390 intellectus
1384 5337 1526 5388 enim
1557 5351 1650 5403 per
1679 5337 1902 5390 verbum
1928 5337 2102 5404 loqui-

531 5437 638 5493 tur,
661 5437 714 5481 et
741 5427 966 5480 verbum
1004 5441 1099 5494 per
1121 5427 1370 5495 spiritum
1408 5428 1801 5482 manifestatur.
1833 5428 1922 5480 Sic
1943 5428 2102 5482 θεῖοι--

529 5527 705 5572 matus
747 5519 930 5582 homo,
967 5519 1252 5573 obscuram
1304 5519 1409 5572 fert
1450 5520 1678 5590 efﬁgiem
1717 5520 2007 5576 ineﬂ'abilis
2038 5531 2092 5576 et

529 5608 838 5678 archetypas
891 5608 1204 5672 Trinitatis,
1264 5610 1334 5664 ita
1391 5611 1689 5666 ostendens
1742 5628 1802 5667 se
1838 5614 1902 5667 ad
1940 5615 2097 5684 hujus

530 5699 816 5766 imaginem
861 5701 1110 5771 primitus
1141 5717 1269 5756 esse
1303 5704 1525 5758 factum.

602 5791 690 5842 32.
727 5790 870 5847 Bene
915 5794 1058 5846 enim
1094 5794 1402 5850 intellectus
1458 5804 1816 5864 repraesentat
1852 5796 2093 5863 Patrem,

2208 4586 2444 4655 λέγεται,
2470 4591 2884 4665 ἀπερίγραπτος
2939 4599 3065 4668 γάρ·
3094 4602 3312 4655 πάντων
3343 4605 3451 4673 γάρ
3478 4607 3596 4657 ἐστι
3628 4623 3781 4659 συνο-

2208 4681 2355 4746 χεὺς,
2385 4684 2479 4734 καὶ
2528 4687 2854 4757 προνοητὴς,
2919 4689 3008 4742 διὰ
3035 4690 3128 4743 τοῦ
3158 4692 3311 4758 Υῖοῦ,
3342 4697 3400 4746 ὲν
3429 4697 3574 4766 ἁγίῳ
3609 4698 3780 4750 Πνεύ-

2213 4789 2376 4840 ματι·
2408 4775 2504 4828 καὶ
2566 4777 2667 4829 οὑκ
2719 4777 2866 4832 ἔστιν
2915 4782 3114 4846 οὐδεὶς,
3171 4786 3347 4848 ἐκτὸς,
3382 4787 3414 4857 ἢ
3448 4789 3620 4857 χωρὶς
3674 4791 3784 4842 τῶν

2206 4863 2404 4927 ἄλλων,
2463 4866 2772 4937 λεγόμενος,
2829 4873 2922 4923 καὶ
2961 4873 3250 4944 νοούμενος
3302 4878 3437 4930 ὅπου
3467 4879 3511 4930 δ’
3537 4880 3606 4931 ἂν
3666 4881 3782 4932 ὀνο⁴

2207 4956 2466 5026 μάζηται.

2271 5049 2371 5108 λα’.
2383 5054 2547 5105 Ὠσπε
2559 5072 2588 5123 ρ
2607 5057 2665 5109 ὲν
2677 5057 2948 5130 ἀνθρώπῳ
2960 5061 3102 5127 νοῦς,
3119 5063 3212 5114 καὶ
3228 5062 3405 5130 λόγος,
3424 5064 3519 5116 καὶ
3537 5063 3777 5134 πνεῦμα,

2209 5142 2299 5193 διαὶ
2331 5140 2455 5194 οὔτε
2510 5143 2632 5208 νοῦς
2671 5147 2839 5215 χωρὶς
2864 5148 3046 5216 λόγου,
3077 5149 3200 5203 οὔτε
3227 5151 3383 5218 λόγος
3442 5156 3572 5206 ἄνευ
3614 5154 3777 5208 πνεύ-

2206 5250 2393 5300 ματος,
2459 5237 2552 5290 καὶ
2574 5241 2631 5290 ὲν
2661 5239 2914 5310 ἀλλήλοις
2944 5241 3092 5304 ὄντα,
3118 5246 3210 5296 καὶ
3241 5245 3366 5298 καθ’
3403 5249 3572 5301 ἑαυτά
3595 5265 3608 5276 ·
3650 5247 3773 5309 νοῦς

2202 5328 2309 5395 γὰρ
2339 5327 2424 5380 διὰ
2453 5327 2545 5381 τοῦ
2575 5331 2732 5397 λόγου
2766 5333 2937 5399 λαλεῖ,
2976 5337 3068 5388 καὶ
3100 5335 3254 5404 λόγος
3281 5337 3370 5390 διὰ
3403 5338 3497 5390 τοῦ
3525 5340 3768 5408 πνεύμα-

2200 5437 2291 5481 τος
2351 5422 2711 5489 φανεροῦται·
2778 5425 2917 5478 κατὰ
2939 5427 3001 5478 τὸ
3049 5429 3353 5498 ὑπόδειγμα
3395 5430 3574 5495 τοῦτο,
3632 5433 3772 5502 ἀμυ-

2199 5514 2332 5579 δρὰν
2387 5515 2571 5566 εἰκόνα
2629 5517 2788 5586 φέρει
2839 5521 2939 5588 τῆς
3002 5520 3288 5592 ἁνωνύμου
3337 5525 3433 5577 καὶ
3461 5525 3768 5596 ἀρχετύπου

2194 5598 2424 5668 Τριάδος
2459 5601 2486 5650 ὁ
2514 5597 2822 5668 ἄνθρωπος,
2849 5601 2910 5652 τὸ
2956 5602 3075 5651 κατ’
3111 5603 3292 5653 είκόνα
3329 5602 3464 5666 τέως
3509 5608 3602 5656 καὶ
3634 5598 3760 5676 περὶ

2192 5688 2381 5741 τούτου
2417 5689 2612 5760 δηλῶν.

2259 5803 2358 5871 λβ⁹.
2407 5804 2550 5867 Νοῦς
2609 5804 2708 5873 μὲν
2759 5803 2885 5874 γὰρ,
2923 5805 2948 5855 ὁ
2999 5807 3199 5876 Πατήρ·
3240 5806 3395 5874 λόγος
3429 5807 3507 5873 δὲ,
3538 5808 3756 5869 ὁΥίὸς·
