  <div class='ocr_page' id='page_1' title='image "/cluster/home/n/w/nwhite01/storage/ocr_20150623/150/mdp.39015078384743/632.png"; bbox 0 0 4102 6344; ppageno 0'>
   <div class='ocr_carea' id='block_1_1' title="bbox 302 364 441 430">
    <p class='ocr_par' dir='ltr' id='par_1_1' title="bbox 302 364 441 430">
     <span class='ocr_line' id='line_1_1' title="bbox 302 364 441 430; baseline 0 0"><span class='ocrx_word' id='word_1_1' title='bbox 302 364 441 430; x_wconf 70' lang='grc'><strong>1249</strong></span> 
     </span>
    </p>
   </div>
   <div class='ocr_carea' id='block_1_2' title="bbox 1337 354 2475 426">
    <p class='ocr_par' dir='ltr' id='par_1_2' title="bbox 1337 354 2475 426">
     <span class='ocr_line' id='line_1_2' title="bbox 1337 354 2475 426; baseline -0.004 -4"><span class='ocrx_word' id='word_1_2' title='bbox 1337 361 1603 426; x_wconf 77' lang='lat' dir='ltr'><strong>CAPITA</strong></span> <span class='ocrx_word' id='word_1_3' title='bbox 1645 358 1793 419; x_wconf 81' lang='lat' dir='ltr'><strong>PER</strong></span> <span class='ocrx_word' id='word_1_4' title='bbox 1835 354 2475 419; x_wconf 78' lang='lat' dir='ltr'><strong>ACROSTICHIDEM.</strong></span> 
     </span>
    </p>
   </div>
   <div class='ocr_carea' id='block_1_3' title="bbox 3391 356 3527 422">
    <p class='ocr_par' dir='ltr' id='par_1_3' title="bbox 3391 356 3527 422">
     <span class='ocr_line' id='line_1_3' title="bbox 3391 356 3527 422; baseline 0.007 -1"><span class='ocrx_word' id='word_1_5' title='bbox 3391 356 3527 422; x_wconf 72' lang='lat'><strong>1250</strong></span> 
     </span>
    </p>
   </div>
   <div class='ocr_carea' id='block_1_4' title="bbox 285 465 1874 543">
    <p class='ocr_par' dir='ltr' id='par_1_4' title="bbox 285 465 1856 540">
     <span class='ocr_line' id='line_1_4' title="bbox 285 465 1856 540; baseline -0.006 -14"><span class='ocrx_word' id='word_1_6' title='bbox 285 473 512 540; x_wconf 79' lang='grc' dir='ltr'>Πνεῦμα</span> <span class='ocrx_word' id='word_1_7' title='bbox 559 470 615 522; x_wconf 83' lang='grc' dir='ltr'><strong>δὲ</strong></span> <span class='ocrx_word' id='word_1_8' title='bbox 656 472 830 539; x_wconf 74' lang='grc' dir='ltr'>ἅγιον,</span> <span class='ocrx_word' id='word_1_9' title='bbox 895 466 1112 535; x_wconf 86' lang='grc' dir='ltr'>άληθῶς</span> <span class='ocrx_word' id='word_1_10' title='bbox 1143 465 1202 517; x_wconf 84' lang='grc' dir='ltr'>τὸ</span> <span class='ocrx_word' id='word_1_11' title='bbox 1254 468 1469 535; x_wconf 76' lang='grc' dir='ltr'>πνεῦμα</span> <span class='ocrx_word' id='word_1_12' title='bbox 1504 467 1552 518; x_wconf 78' lang='lat' dir='ltr'><strong>oi</strong></span> <span class='ocrx_word' id='word_1_13' title='bbox 1601 466 1856 534; x_wconf 87' lang='grc' dir='ltr'>θεοφόροι</span> 
     </span>
    </p>
   </div>
   <div class='ocr_carea' id='block_1_5' title="bbox 1974 465 3527 543">
    <p class='ocr_par' dir='ltr' id='par_1_5' title="bbox 1974 474 3527 543">
     <span class='ocr_line' id='line_1_5' title="bbox 1974 474 3527 543; baseline 0.003 -19"><span class='ocrx_word' id='word_1_14' title='bbox 1974 483 2016 524; x_wconf 75' lang='lat' dir='ltr'><strong>et</strong></span> <span class='ocrx_word' id='word_1_15' title='bbox 2049 475 2269 527; x_wconf 83' lang='lat' dir='ltr'><strong>verbum</strong></span> <span class='ocrx_word' id='word_1_16' title='bbox 2303 475 2520 541; x_wconf 84' lang='lat' dir='ltr'><strong>Filium,</strong></span> <span class='ocrx_word' id='word_1_17' title='bbox 2555 484 2604 528; x_wconf 88' lang='lat' dir='ltr'><strong>et</strong></span> <span class='ocrx_word' id='word_1_18' title='bbox 2633 475 2854 543; x_wconf 89' lang='lat' dir='ltr'><strong>spiritus</strong></span> <span class='ocrx_word' id='word_1_19' title='bbox 2877 474 3136 542; x_wconf 85' lang='lat' dir='ltr'><strong>Spiritqu</strong></span> <span class='ocrx_word' id='word_1_20' title='bbox 3164 484 3432 542; x_wconf 85' lang='lat' dir='ltr'><strong>sanctum,</strong></span> <span class='ocrx_word' id='word_1_21' title='bbox 3469 483 3527 528; x_wconf 90' lang='lat' dir='ltr'><strong>ut</strong></span> 
     </span>
    </p>
   </div>
   <div class='ocr_carea' id='block_1_6' title="bbox 285 557 1858 635">
    <p class='ocr_par' dir='ltr' id='par_1_6' title="bbox 285 557 1858 635">
     <span class='ocr_line' id='line_1_6' title="bbox 285 557 1858 635; baseline -0.004 -18"><span class='ocrx_word' id='word_1_22' title='bbox 285 564 522 635; x_wconf 82' lang='grc' dir='ltr'>Πατέρες</span> <span class='ocrx_word' id='word_1_23' title='bbox 567 559 1090 631; x_wconf 76' lang='grc' dir='ltr'><strong>παραδειγματικῶς</strong></span> <span class='ocrx_word' id='word_1_24' title='bbox 1122 558 1460 620; x_wconf 81' lang='grc' dir='ltr'>διδάσκουσι,</span> <span class='ocrx_word' id='word_1_25' title='bbox 1496 559 1592 628; x_wconf 83' lang='grc' dir='ltr'><strong>τὴν</strong></span> <span class='ocrx_word' id='word_1_26' title='bbox 1622 557 1858 627; x_wconf 85' lang='grc' dir='ltr'>ὑπερού-</span> 
     </span>
    </p>
   </div>
   <div class='ocr_carea' id='block_1_7' title="bbox 287 648 1862 722">
    <p class='ocr_par' dir='ltr' id='par_1_7' title="bbox 287 648 1862 722">
     <span class='ocr_line' id='line_1_7' title="bbox 287 648 1862 722; baseline -0.003 -16"><span class='ocrx_word' id='word_1_27' title='bbox 287 672 400 707; x_wconf 85' lang='grc' dir='ltr'>σιον</span> <span class='ocrx_word' id='word_1_28' title='bbox 422 654 609 722; x_wconf 83' lang='grc' dir='ltr'>ἁγίαν,</span> <span class='ocrx_word' id='word_1_29' title='bbox 636 653 730 704; x_wconf 84' lang='grc' dir='ltr'>καὶ</span> <span class='ocrx_word' id='word_1_30' title='bbox 762 649 1019 721; x_wconf 77' lang='grc' dir='ltr'><strong>ὑπερφυῆ</strong></span> <span class='ocrx_word' id='word_1_31' title='bbox 1047 648 1467 717; x_wconf 76' lang='grc' dir='ltr'>δογματίζοντες</span> <span class='ocrx_word' id='word_1_32' title='bbox 1496 649 1722 719; x_wconf 77' lang='grc' dir='ltr'>Τριάδα,</span> <span class='ocrx_word' id='word_1_33' title='bbox 1768 648 1862 702; x_wconf 86' lang='grc' dir='ltr'><strong>τὸν</strong></span> 
     </span>
    </p>
   </div>
   <div class='ocr_carea' id='block_1_8' title="bbox 285 740 1864 810">
    <p class='ocr_par' dir='ltr' id='par_1_8' title="bbox 285 740 1864 810">
     <span class='ocr_line' id='line_1_8' title="bbox 285 740 1864 810; baseline -0.003 -15"><span class='ocrx_word' id='word_1_34' title='bbox 285 744 381 797; x_wconf 68' lang='grc' dir='ltr'>ἕνα</span> <span class='ocrx_word' id='word_1_35' title='bbox 418 743 552 796; x_wconf 78' lang='grc' dir='ltr'>Θεὸν</span> <span class='ocrx_word' id='word_1_36' title='bbox 578 745 636 794; x_wconf 78' lang='grc' dir='ltr'>ὲν</span> <span class='ocrx_word' id='word_1_37' title='bbox 658 741 838 810; x_wconf 74' lang='grc' dir='ltr'>τρισὶν</span> <span class='ocrx_word' id='word_1_38' title='bbox 897 740 1279 800; x_wconf 82' lang='grc' dir='ltr'>ὑποστάσεσιν.</span> <span class='ocrx_word' id='word_1_39' title='bbox 1323 741 1454 808; x_wconf 83' lang='grc' dir='ltr'>ἡμῖν</span> <span class='ocrx_word' id='word_1_40' title='bbox 1494 741 1680 792; x_wconf 79' lang='grc' dir='ltr'>πίστιν</span> <span class='ocrx_word' id='word_1_41' title='bbox 1718 741 1864 808; x_wconf 83' lang='grc' dir='ltr'>ἀλη-</span> 
     </span>
    </p>
   </div>
   <div class='ocr_carea' id='block_1_9' title="bbox 284 830 1862 904">
    <p class='ocr_par' dir='ltr' id='par_1_9' title="bbox 284 830 1862 904">
     <span class='ocr_line' id='line_1_9' title="bbox 284 830 1862 904; baseline -0.003 -17"><span class='ocrx_word' id='word_1_42' title='bbox 284 835 456 904; x_wconf 84' lang='grc' dir='ltr'>θινὴν,</span> <span class='ocrx_word' id='word_1_43' title='bbox 516 835 608 886; x_wconf 74' lang='grc' dir='ltr'><strong>καὶ</strong></span> <span class='ocrx_word' id='word_1_44' title='bbox 663 833 912 901; x_wconf 80' lang='grc' dir='ltr'>ἄγκυραν</span> <span class='ocrx_word' id='word_1_45' title='bbox 943 830 1156 894; x_wconf 75' lang='grc' dir='ltr'><strong>ἐλπίδος</strong></span> <span class='ocrx_word' id='word_1_46' title='bbox 1201 831 1617 894; x_wconf 84' lang='grc' dir='ltr'>καταλιπόντες.</span> <span class='ocrx_word' id='word_1_47' title='bbox 1647 832 1720 884; x_wconf 84' lang='grc' dir='ltr'><strong>Τὸ</strong></span> <span class='ocrx_word' id='word_1_48' title='bbox 1753 833 1862 901; x_wconf 80' lang='grc' dir='ltr'>γὰρ</span> 
     </span>
    </p>
   </div>
   <div class='ocr_carea' id='block_1_10' title="bbox 283 923 1866 994">
    <p class='ocr_par' dir='ltr' id='par_1_10' title="bbox 283 923 1866 994">
     <span class='ocr_line' id='line_1_10' title="bbox 283 923 1866 994; baseline -0.001 -16"><span class='ocrx_word' id='word_1_49' title='bbox 283 927 576 994; x_wconf 82' lang='grc' dir='ltr'><strong>γινώσκειν</strong></span> <span class='ocrx_word' id='word_1_50' title='bbox 619 925 714 976; x_wconf 74' lang='grc' dir='ltr'>ἕνα</span> <span class='ocrx_word' id='word_1_51' title='bbox 745 925 898 989; x_wconf 78' lang='grc' dir='ltr'>Θεὸν,</span> <span class='ocrx_word' id='word_1_52' title='bbox 935 924 1077 975; x_wconf 87' lang='grc' dir='ltr'><strong>κατά</strong></span> <span class='ocrx_word' id='word_1_53' title='bbox 1101 923 1202 993; x_wconf 80' lang='grc' dir='ltr'>τὴν</span> <span class='ocrx_word' id='word_1_54' title='bbox 1227 923 1472 994; x_wconf 65' lang='grc' dir='ltr'>Γρπφὴν,</span> <span class='ocrx_word' id='word_1_55' title='bbox 1518 924 1641 992; x_wconf 76' lang='grc' dir='ltr'>ῥίζα</span> <span class='ocrx_word' id='word_1_56' title='bbox 1665 925 1866 977; x_wconf 88' lang='grc' dir='ltr'>ἀθανα-</span> 
     </span>
    </p>
   </div>
   <div class='ocr_carea' id='block_1_11' title="bbox 287 1014 1864 1084">
    <p class='ocr_par' dir='ltr' id='par_1_11' title="bbox 287 1014 1864 1084">
     <span class='ocr_line' id='line_1_11' title="bbox 287 1014 1864 1084; baseline -0.001 -16"><span class='ocrx_word' id='word_1_57' title='bbox 287 1019 428 1079; x_wconf 85' lang='grc' dir='ltr'><strong>σίας,</strong></span> <span class='ocrx_word' id='word_1_58' title='bbox 481 1017 574 1068; x_wconf 75' lang='grc' dir='ltr'>καὶ</span> <span class='ocrx_word' id='word_1_59' title='bbox 636 1015 836 1067; x_wconf 80' lang='grc' dir='ltr'>εἰδέναι</span> <span class='ocrx_word' id='word_1_60' title='bbox 909 1014 970 1066; x_wconf 78' lang='grc' dir='ltr'>τὸ</span> <span class='ocrx_word' id='word_1_61' title='bbox 1037 1017 1236 1083; x_wconf 79' lang='grc' dir='ltr'>κράτος</span> <span class='ocrx_word' id='word_1_62' title='bbox 1284 1017 1385 1084; x_wconf 81' lang='grc' dir='ltr'>τῆς</span> <span class='ocrx_word' id='word_1_63' title='bbox 1431 1015 1864 1083; x_wconf 80' lang='grc' dir='ltr'>τρισυποστάτου</span> 
     </span>
    </p>
   </div>
   <div class='ocr_carea' id='block_1_12' title="bbox 287 1104 1868 1174">
    <p class='ocr_par' dir='ltr' id='par_1_12' title="bbox 287 1104 1868 1174">
     <span class='ocr_line' id='line_1_12' title="bbox 287 1104 1868 1174; baseline -0.001 -17"><span class='ocrx_word' id='word_1_64' title='bbox 287 1106 533 1174; x_wconf 64' lang='grc' dir='ltr'>μονάδιις,</span> <span class='ocrx_word' id='word_1_65' title='bbox 597 1105 895 1174; x_wconf 71' lang='grc' dir='ltr'><strong>ὁλόκληρος</strong></span> <span class='ocrx_word' id='word_1_66' title='bbox 956 1104 1361 1174; x_wconf 72' lang='grc' dir='ltr'>δικαιοσύνηοῆ</span> <span class='ocrx_word' id='word_1_67' title='bbox 1415 1105 1600 1168; x_wconf 81' lang='grc' dir='ltr'>πάλιν,</span> <span class='ocrx_word' id='word_1_68' title='bbox 1651 1105 1769 1158; x_wconf 79' lang='grc' dir='ltr'>δέον</span> <span class='ocrx_word' id='word_1_69' title='bbox 1807 1105 1868 1156; x_wconf 81' lang='grc' dir='ltr'><strong>τὸ</strong></span> 
     </span>
    </p>
   </div>
   <div class='ocr_carea' id='block_1_13' title="bbox 284 1193 1866 1264">
    <p class='ocr_par' dir='ltr' id='par_1_13' title="bbox 284 1193 1866 1264">
     <span class='ocr_line' id='line_1_13' title="bbox 284 1193 1866 1264; baseline 0 -17"><span class='ocrx_word' id='word_1_70' title='bbox 284 1195 658 1263; x_wconf 78' lang='grc' dir='ltr'>εύαγγελικῶς</span> <span class='ocrx_word' id='word_1_71' title='bbox 713 1195 1013 1264; x_wconf 79' lang='grc' dir='ltr'>εἰρημένον</span> <span class='ocrx_word' id='word_1_72' title='bbox 1073 1193 1218 1246; x_wconf 74' lang='grc' dir='ltr'>οὕτω</span> <span class='ocrx_word' id='word_1_73' title='bbox 1263 1196 1440 1246; x_wconf 73' lang='grc' dir='ltr'>νοεῖνο</span> <span class='ocrx_word' id='word_1_74' title='bbox 1479 1193 1628 1264; x_wconf 76' lang='grc' dir='ltr'>Αὕτη</span> <span class='ocrx_word' id='word_1_75' title='bbox 1658 1196 1805 1247; x_wconf 69' lang='grc' dir='ltr'>ἐστὶν</span> <span class='ocrx_word' id='word_1_76' title='bbox 1832 1196 1866 1262; x_wconf 80' lang='grc' dir='ltr'>ἡ</span> 
     </span>
    </p>
   </div>
   <div class='ocr_carea' id='block_1_14' title="bbox 285 1285 1863 1356">
    <p class='ocr_par' dir='ltr' id='par_1_14' title="bbox 285 1285 1863 1356">
     <span class='ocr_line' id='line_1_14' title="bbox 285 1285 1863 1356; baseline 0 -16"><span class='ocrx_word' id='word_1_77' title='bbox 285 1288 501 1346; x_wconf 78' lang='grc' dir='ltr'>αἰώνιος</span> <span class='ocrx_word' id='word_1_78' title='bbox 559 1287 694 1356; x_wconf 81' lang='grc' dir='ltr'>ζωὴ,</span> <span class='ocrx_word' id='word_1_79' title='bbox 753 1287 840 1340; x_wconf 81' lang='grc' dir='ltr'>ἵνα</span> <span class='ocrx_word' id='word_1_80' title='bbox 864 1286 1178 1354; x_wconf 76' lang='grc' dir='ltr'>γινώσκωσί</span> <span class='ocrx_word' id='word_1_81' title='bbox 1209 1303 1268 1338; x_wconf 90' lang='grc' dir='ltr'><strong>σε</strong></span> <span class='ocrx_word' id='word_1_82' title='bbox 1289 1287 1382 1339; x_wconf 85' lang='grc' dir='ltr'><strong>τὸν</strong></span> <span class='ocrx_word' id='word_1_83' title='bbox 1413 1285 1575 1354; x_wconf 85' lang='grc' dir='ltr'>μόνον</span> <span class='ocrx_word' id='word_1_84' title='bbox 1603 1287 1863 1356; x_wconf 76' lang='grc' dir='ltr'>ἀληθινὸν</span> 
     </span>
    </p>
   </div>
   <div class='ocr_carea' id='block_1_15' title="bbox 288 1362 1868 1449">
    <p class='ocr_par' dir='ltr' id='par_1_15' title="bbox 288 1362 1868 1449">
     <span class='ocr_line' id='line_1_15' title="bbox 288 1362 1868 1449; baseline 0.001 -21"><span class='ocrx_word' id='word_1_85' title='bbox 288 1378 418 1430; x_wconf 80' lang='grc' dir='ltr'>Θεὸν</span> <span class='ocrx_word' id='word_1_86' title='bbox 464 1380 520 1431; x_wconf 77' lang='grc' dir='ltr'>ἐν</span> <span class='ocrx_word' id='word_1_87' title='bbox 555 1382 734 1449; x_wconf 76' lang='grc' dir='ltr'>τρισὶν</span> <span class='ocrx_word' id='word_1_88' title='bbox 789 1362 1148 1444; x_wconf 71' lang='grc' dir='ltr'><strong>ὑποστάσεσι,</strong></span> <span class='ocrx_word' id='word_1_89' title='bbox 1189 1380 1285 1431; x_wconf 78' lang='grc' dir='ltr'><strong>καὶ</strong></span> <span class='ocrx_word' id='word_1_90' title='bbox 1323 1378 1382 1431; x_wconf 91' lang='grc' dir='ltr'><strong>δν</strong></span> <span class='ocrx_word' id='word_1_91' title='bbox 1406 1379 1732 1442; x_wconf 79' lang='grc' dir='ltr'>ἀπέστειλας</span> <span class='ocrx_word' id='word_1_92' title='bbox 1768 1381 1868 1447; x_wconf 74' lang='grc' dir='ltr'><strong>’1η-</strong></span> 
     </span>
    </p>
   </div>
   <div class='ocr_carea' id='block_1_16' title="bbox 289 1468 1592 1537">
    <p class='ocr_par' dir='ltr' id='par_1_16' title="bbox 289 1468 1592 1537">
     <span class='ocr_line' id='line_1_16' title="bbox 289 1468 1592 1537; baseline 0.003 -19"><span class='ocrx_word' id='word_1_93' title='bbox 289 1469 414 1520; x_wconf 61' lang='lat' dir='ltr'><strong>om}:</strong></span> <span class='ocrx_word' id='word_1_94' title='bbox 446 1470 758 1535; x_wconf 64' lang='grc' dir='ltr'>Χριστθινίὲν</span> <span class='ocrx_word' id='word_1_95' title='bbox 785 1471 906 1522; x_wconf 78' lang='grc' dir='ltr'>δυσὶ</span> <span class='ocrx_word' id='word_1_96' title='bbox 927 1469 1123 1537; x_wconf 80' lang='grc' dir='ltr'>φύσεσι</span> <span class='ocrx_word' id='word_1_97' title='bbox 1160 1469 1256 1521; x_wconf 80' lang='grc' dir='ltr'><strong>καὶ</strong></span> <span class='ocrx_word' id='word_1_98' title='bbox 1286 1468 1592 1534; x_wconf 85' lang='grc' dir='ltr'>θελήσεσιν.</span> 
     </span>
    </p>
   </div>
   <div class='ocr_carea' id='block_1_17' title="bbox 359 1541 1871 1613">
    <p class='ocr_par' dir='ltr' id='par_1_17' title="bbox 359 1541 1871 1613">
     <span class='ocr_line' id='line_1_17' title="bbox 359 1541 1871 1613; baseline 0.006 -23"><span class='ocrx_word' id='word_1_99' title='bbox 359 1541 459 1607; x_wconf 85' lang='grc' dir='ltr'>λγ’.</span> <span class='ocrx_word' id='word_1_100' title='bbox 491 1543 553 1593; x_wconf 82' lang='grc' dir='ltr'><strong>Αἱ</strong></span> <span class='ocrx_word' id='word_1_101' title='bbox 582 1542 834 1603; x_wconf 77' lang='grc' dir='ltr'>κολάσεις</span> <span class='ocrx_word' id='word_1_102' title='bbox 866 1541 1112 1611; x_wconf 85' lang='grc' dir='ltr'>διάφοροί</span> <span class='ocrx_word' id='word_1_103' title='bbox 1151 1545 1314 1607; x_wconf 86' lang='grc' dir='ltr'>εἰσιν,</span> <span class='ocrx_word' id='word_1_104' title='bbox 1359 1543 1554 1613; x_wconf 83' lang='grc' dir='ltr'>ὥσπερ</span> <span class='ocrx_word' id='word_1_105' title='bbox 1583 1546 1871 1600; x_wconf 73' lang='grc' dir='ltr'>καὶαὶτῶν</span> 
     </span>
    </p>
   </div>
   <div class='ocr_carea' id='block_1_18' title="bbox 291 1631 1871 1707">
    <p class='ocr_par' dir='ltr' id='par_1_18' title="bbox 291 1631 1871 1707">
     <span class='ocr_line' id='line_1_18' title="bbox 291 1631 1871 1707; baseline 0.006 -25"><span class='ocrx_word' id='word_1_106' title='bbox 291 1631 511 1697; x_wconf 82' lang='grc' dir='ltr'>ἀγαθῶν</span> <span class='ocrx_word' id='word_1_107' title='bbox 568 1631 816 1700; x_wconf 83' lang='grc' dir='ltr'>ἁμοιὸαί·</span> <span class='ocrx_word' id='word_1_108' title='bbox 873 1631 978 1684; x_wconf 84' lang='grc' dir='ltr'>ὑπὸ</span> <span class='ocrx_word' id='word_1_109' title='bbox 1007 1632 1098 1685; x_wconf 82' lang='grc' dir='ltr'><strong>τὸν</strong></span> <span class='ocrx_word' id='word_1_110' title='bbox 1147 1632 1281 1703; x_wconf 74' lang='grc' dir='ltr'>ᾅδην</span> <span class='ocrx_word' id='word_1_111' title='bbox 1307 1633 1364 1686; x_wconf 81' lang='grc' dir='ltr'><em>δέ</em></span> <span class='ocrx_word' id='word_1_112' title='bbox 1405 1637 1532 1700; x_wconf 84' lang='grc' dir='ltr'>είσι,</span> <span class='ocrx_word' id='word_1_113' title='bbox 1571 1637 1712 1690; x_wconf 85' lang='grc' dir='ltr'><strong>κατά</strong></span> <span class='ocrx_word' id='word_1_114' title='bbox 1773 1637 1871 1707; x_wconf 78' lang='grc' dir='ltr'><strong>τὴν</strong></span> 
     </span>
    </p>
   </div>
   <div class='ocr_carea' id='block_1_19' title="bbox 292 1719 1868 1795">
    <p class='ocr_par' dir='ltr' id='par_1_19' title="bbox 292 1719 1868 1795">
     <span class='ocr_line' id='line_1_19' title="bbox 292 1719 1868 1795; baseline 0.004 -25"><span class='ocrx_word' id='word_1_115' title='bbox 292 1719 514 1790; x_wconf 77' lang='grc' dir='ltr'>Γραφὴν</span> <span class='ocrx_word' id='word_1_116' title='bbox 569 1719 666 1788; x_wconf 86' lang='grc' dir='ltr'>τὴν</span> <span class='ocrx_word' id='word_1_117' title='bbox 712 1720 1025 1788; x_wconf 79' lang='grc' dir='ltr'>φάσκουσαν</span> <span class='ocrx_word' id='word_1_118' title='bbox 1067 1735 1084 1752; x_wconf 75' lang='grc'><strong>⁸</strong></span> <span class='ocrx_word' id='word_1_119' title='bbox 1132 1721 1225 1784; x_wconf 79' lang='lat' dir='ltr'><strong>Et;</strong></span> <span class='ocrx_word' id='word_1_120' title='bbox 1281 1723 1385 1789; x_wconf 86' lang='grc' dir='ltr'>γῆν</span> <span class='ocrx_word' id='word_1_121' title='bbox 1448 1727 1728 1795; x_wconf 82' lang='grc' dir='ltr'>σκοτεινὴν</span> <span class='ocrx_word' id='word_1_122' title='bbox 1777 1727 1868 1778; x_wconf 73' lang='grc' dir='ltr'><strong>καὶ</strong></span> 
     </span>
    </p>
   </div>
   <div class='ocr_carea' id='block_1_20' title="bbox 290 1802 1945 1885">
    <p class='ocr_par' dir='ltr' id='par_1_20' title="bbox 290 1802 1945 1885">
     <span class='ocr_line' id='line_1_20' title="bbox 290 1802 1945 1885; baseline 0.005 -24"><span class='ocrx_word' id='word_1_123' title='bbox 290 1810 547 1880; x_wconf 77' lang='grc' dir='ltr'><strong>ζοφερὰν,</strong></span> <span class='ocrx_word' id='word_1_124' title='bbox 581 1811 660 1872; x_wconf 87' lang='grc' dir='ltr'><strong>είς</strong></span> <span class='ocrx_word' id='word_1_125' title='bbox 712 1812 815 1880; x_wconf 86' lang='grc' dir='ltr'><strong>γῆν</strong></span> <span class='ocrx_word' id='word_1_126' title='bbox 865 1811 1089 1873; x_wconf 82' lang='grc' dir='ltr'>σκότους</span> <span class='ocrx_word' id='word_1_127' title='bbox 1115 1813 1360 1878; x_wconf 82' lang='grc' dir='ltr'>αἰωνίου,</span> <span class='ocrx_word' id='word_1_128' title='bbox 1383 1811 1512 1865; x_wconf 84' lang='grc' dir='ltr'>ἔνθα</span> <span class='ocrx_word' id='word_1_129' title='bbox 1550 1817 1870 1885; x_wconf 80' lang='grc' dir='ltr'>ἁμαρτωλοὶ</span> <span class='ocrx_word' id='word_1_130' title='bbox 1905 1802 1945 1855; x_wconf 73' lang='grc' dir='ltr'><strong><em>Β</em></strong></span> 
     </span>
    </p>
   </div>
   <div class='ocr_carea' id='block_1_21' title="bbox 289 1900 1873 1972">
    <p class='ocr_par' dir='ltr' id='par_1_21' title="bbox 289 1900 1873 1972">
     <span class='ocr_line' id='line_1_21' title="bbox 289 1900 1873 1972; baseline 0.004 -20"><span class='ocrx_word' id='word_1_131' title='bbox 289 1902 382 1953; x_wconf 79' lang='grc' dir='ltr'><strong>καὶ</strong></span> <span class='ocrx_word' id='word_1_132' title='bbox 432 1901 745 1954; x_wconf 85' lang='grc' dir='ltr'>κατοικοῦσι</span> <span class='ocrx_word' id='word_1_133' title='bbox 783 1900 890 1970; x_wconf 84' lang='grc' dir='ltr'><strong>πρὸ</strong></span> <span class='ocrx_word' id='word_1_134' title='bbox 935 1901 1035 1970; x_wconf 78' lang='grc' dir='ltr'>τῆς</span> <span class='ocrx_word' id='word_1_135' title='bbox 1077 1902 1337 1971; x_wconf 84' lang='grc' dir='ltr'>κρίσεως,</span> <span class='ocrx_word' id='word_1_136' title='bbox 1375 1903 1473 1957; x_wconf 77' lang='grc' dir='ltr'><strong>κάι</strong></span> <span class='ocrx_word' id='word_1_137' title='bbox 1491 1904 1582 1958; x_wconf 80' lang='grc' dir='ltr'>διὰ</span> <span class='ocrx_word' id='word_1_138' title='bbox 1623 1905 1722 1972; x_wconf 85' lang='grc' dir='ltr'><strong>τῆς</strong></span> <span class='ocrx_word' id='word_1_139' title='bbox 1744 1908 1873 1959; x_wconf 77' lang='grc' dir='ltr'>ἀπο-</span> 
     </span>
    </p>
   </div>
   <div class='ocr_carea' id='block_1_22' title="bbox 290 1995 1871 2072">
    <p class='ocr_par' dir='ltr' id='par_1_22' title="bbox 290 1995 1871 2072">
     <span class='ocr_line' id='line_1_22' title="bbox 290 1995 1871 2072; baseline 0.008 -26"><span class='ocrx_word' id='word_1_140' title='bbox 290 1995 509 2061; x_wconf 77' lang='grc' dir='ltr'>φάσεως</span> <span class='ocrx_word' id='word_1_141' title='bbox 538 1997 615 2057; x_wconf 87' lang='grc' dir='ltr'><strong>είς</strong></span> <span class='ocrx_word' id='word_1_142' title='bbox 663 1996 831 2066; x_wconf 77' lang='grc' dir='ltr'>αὐτὴν</span> <span class='ocrx_word' id='word_1_143' title='bbox 883 1998 1343 2067; x_wconf 77' lang='grc' dir='ltr'>ἀποστρέφονται.</span> <span class='ocrx_word' id='word_1_144' title='bbox 1396 2001 1471 2053; x_wconf 80' lang='grc' dir='ltr'>Τὸ</span> <span class='ocrx_word' id='word_1_145' title='bbox 1523 2003 1660 2072; x_wconf 72' lang='grc' dir='ltr'>γὰρ,</span> <span class='ocrx_word' id='word_1_146' title='bbox 1704 2005 1871 2058; x_wconf 79' lang='grc' dir='ltr'>Ἀπο-</span> 
     </span>
    </p>
   </div>
   <div class='ocr_carea' id='block_1_23' title="bbox 292 2090 1870 2164">
    <p class='ocr_par' dir='ltr' id='par_1_23' title="bbox 292 2090 1870 2164">
     <span class='ocr_line' id='line_1_23' title="bbox 292 2090 1870 2164; baseline 0.007 -25"><span class='ocrx_word' id='word_1_147' title='bbox 292 2090 691 2156; x_wconf 87' lang='grc' dir='ltr'>στραφήτωσαν</span> <span class='ocrx_word' id='word_1_148' title='bbox 730 2091 779 2142; x_wconf 82' lang='lat' dir='ltr'><strong>oi.</strong></span> <span class='ocrx_word' id='word_1_149' title='bbox 820 2090 1138 2159; x_wconf 81' lang='grc' dir='ltr'>ἁμαρτωλοὶ</span> <span class='ocrx_word' id='word_1_150' title='bbox 1187 2093 1271 2155; x_wconf 83' lang='grc' dir='ltr'><strong>είς</strong></span> <span class='ocrx_word' id='word_1_151' title='bbox 1303 2092 1394 2146; x_wconf 78' lang='grc' dir='ltr'><strong>τὸν</strong></span> <span class='ocrx_word' id='word_1_152' title='bbox 1417 2094 1575 2164; x_wconf 73' lang='grc' dir='ltr'>ᾅδην,</span> <span class='ocrx_word' id='word_1_153' title='bbox 1607 2096 1725 2160; x_wconf 74' lang='grc' dir='ltr'>καὶ,</span> <span class='ocrx_word' id='word_1_154' title='bbox 1757 2096 1870 2150; x_wconf 83' lang='grc' dir='ltr'>Θά-</span> 
     </span>
    </p>
   </div>
   <div class='ocr_carea' id='block_1_24' title="bbox 291 2181 1872 2258">
    <p class='ocr_par' dir='ltr' id='par_1_24' title="bbox 291 2181 1872 2258">
     <span class='ocr_line' id='line_1_24' title="bbox 291 2181 1872 2258; baseline 0.007 -28"><span class='ocrx_word' id='word_1_155' title='bbox 291 2197 448 2242; x_wconf 85' lang='grc' dir='ltr'>νατος</span> <span class='ocrx_word' id='word_1_156' title='bbox 501 2182 761 2249; x_wconf 83' lang='grc' dir='ltr'>ποιμανεῖ</span> <span class='ocrx_word' id='word_1_157' title='bbox 801 2181 1034 2245; x_wconf 77' lang='grc' dir='ltr'>αὐτοὺς,</span> <span class='ocrx_word' id='word_1_158' title='bbox 1089 2182 1140 2234; x_wconf 87' lang='grc' dir='ltr'><strong>τί</strong></span> <span class='ocrx_word' id='word_1_159' title='bbox 1197 2183 1325 2237; x_wconf 83' lang='grc' dir='ltr'>ἄλλο</span> <span class='ocrx_word' id='word_1_160' title='bbox 1373 2186 1566 2250; x_wconf 76' lang='grc' dir='ltr'>ἐστὶν,</span> <span class='ocrx_word' id='word_1_161' title='bbox 1621 2188 1670 2239; x_wconf 86' lang='grc' dir='ltr'><strong>εί</strong></span> <span class='ocrx_word' id='word_1_162' title='bbox 1733 2187 1872 2258; x_wconf 73' lang='grc' dir='ltr'><strong>μὴὴ</strong></span> 
     </span>
    </p>
   </div>
   <div class='ocr_carea' id='block_1_25' title="bbox 290 2271 1598 2342">
    <p class='ocr_par' dir='ltr' id='par_1_25' title="bbox 290 2271 1598 2342">
     <span class='ocr_line' id='line_1_25' title="bbox 290 2271 1598 2342; baseline 0.005 -20"><span class='ocrx_word' id='word_1_163' title='bbox 290 2271 576 2322; x_wconf 84' lang='grc' dir='ltr'>τελευταία</span> <span class='ocrx_word' id='word_1_164' title='bbox 613 2272 886 2338; x_wconf 86' lang='grc' dir='ltr'>ἀπόφασις</span> <span class='ocrx_word' id='word_1_165' title='bbox 917 2273 1011 2324; x_wconf 73' lang='grc' dir='ltr'><strong>καὶ</strong></span> <span class='ocrx_word' id='word_1_166' title='bbox 1039 2273 1306 2342; x_wconf 80' lang='grc' dir='ltr'><strong>καταδίκη</strong></span> <span class='ocrx_word' id='word_1_167' title='bbox 1333 2275 1550 2338; x_wconf 75' lang='grc' dir='ltr'>αἰώνιος</span> <span class='ocrx_word' id='word_1_168' title='bbox 1583 2293 1598 2342; x_wconf 90' lang='grc'><strong>;</strong></span> 
     </span>
    </p>
   </div>
   <div class='ocr_carea' id='block_1_26' title="bbox 362 2342 1871 2426">
    <p class='ocr_par' dir='ltr' id='par_1_26' title="bbox 362 2342 1871 2426">
     <span class='ocr_line' id='line_1_26' title="bbox 362 2342 1871 2426; baseline 0.011 -32"><span class='ocrx_word' id='word_1_169' title='bbox 362 2342 457 2396; x_wconf 89' lang='grc' dir='ltr'>λδ’.</span> <span class='ocrx_word' id='word_1_170' title='bbox 493 2343 634 2414; x_wconf 80' lang='grc' dir='ltr'>Πῦρ,</span> <span class='ocrx_word' id='word_1_171' title='bbox 689 2347 785 2397; x_wconf 79' lang='grc' dir='ltr'>καὶ</span> <span class='ocrx_word' id='word_1_172' title='bbox 817 2345 1026 2409; x_wconf 78' lang='grc' dir='ltr'>σκότος,</span> <span class='ocrx_word' id='word_1_173' title='bbox 1061 2348 1155 2400; x_wconf 79' lang='grc' dir='ltr'><strong>καὶ</strong></span> <span class='ocrx_word' id='word_1_174' title='bbox 1192 2350 1430 2422; x_wconf 83' lang='grc' dir='ltr'>σκώληξ,</span> <span class='ocrx_word' id='word_1_175' title='bbox 1468 2353 1563 2407; x_wconf 73' lang='grc' dir='ltr'><strong>καὶ</strong></span> <span class='ocrx_word' id='word_1_176' title='bbox 1590 2356 1871 2426; x_wconf 84' lang='grc' dir='ltr'>τάρταρός</span> 
     </span>
    </p>
   </div>
   <div class='ocr_carea' id='block_1_27' title="bbox 231 2433 1871 2517">
    <p class='ocr_par' dir='ltr' id='par_1_27' title="bbox 231 2433 1871 2517">
     <span class='ocr_line' id='line_1_27' title="bbox 231 2433 1871 2517; baseline 0.01 -33"><span class='ocrx_word' id='word_1_177' title='bbox 231 2471 236 2476; x_wconf 71' lang='lat'><strong>.</strong></span> <span class='ocrx_word' id='word_1_178' title='bbox 293 2434 444 2486; x_wconf 74' lang='grc' dir='ltr'>ἔστιν</span> <span class='ocrx_word' id='word_1_179' title='bbox 507 2433 540 2503; x_wconf 79' lang='grc' dir='ltr'><strong>ἡ</strong></span> <span class='ocrx_word' id='word_1_180' title='bbox 599 2435 795 2505; x_wconf 75' lang='grc' dir='ltr'>γενικὴ</span> <span class='ocrx_word' id='word_1_181' title='bbox 850 2435 1172 2504; x_wconf 76' lang='grc' dir='ltr'>ἡδυπάθεια,</span> <span class='ocrx_word' id='word_1_182' title='bbox 1213 2440 1314 2492; x_wconf 74' lang='grc' dir='ltr'>καὶ</span> <span class='ocrx_word' id='word_1_183' title='bbox 1367 2444 1401 2511; x_wconf 78' lang='grc' dir='ltr'><strong>ἡ</strong></span> <span class='ocrx_word' id='word_1_184' title='bbox 1459 2443 1722 2517; x_wconf 84' lang='grc' dir='ltr'>καθολικὴ</span> <span class='ocrx_word' id='word_1_185' title='bbox 1777 2448 1871 2501; x_wconf 83' lang='grc' dir='ltr'>τοῦ</span> 
     </span>
    </p>
   </div>
   <div class='ocr_carea' id='block_1_28' title="bbox 295 2523 1872 2605">
    <p class='ocr_par' dir='ltr' id='par_1_28' title="bbox 295 2523 1872 2605">
     <span class='ocr_line' id='line_1_28' title="bbox 295 2523 1872 2605; baseline 0.009 -30"><span class='ocrx_word' id='word_1_186' title='bbox 295 2523 518 2585; x_wconf 85' lang='grc' dir='ltr'>σκότους</span> <span class='ocrx_word' id='word_1_187' title='bbox 571 2523 782 2591; x_wconf 81' lang='grc' dir='ltr'>ἄγνοια,</span> <span class='ocrx_word' id='word_1_188' title='bbox 836 2527 982 2578; x_wconf 85' lang='grc' dir='ltr'><strong>καὶὸ</strong></span> <span class='ocrx_word' id='word_1_189' title='bbox 1043 2528 1100 2578; x_wconf 81' lang='grc' dir='ltr'>ὲν</span> <span class='ocrx_word' id='word_1_190' title='bbox 1154 2531 1288 2583; x_wconf 75' lang='grc' dir='ltr'>πᾶσι</span> <span class='ocrx_word' id='word_1_191' title='bbox 1343 2534 1725 2605; x_wconf 83' lang='grc' dir='ltr'>γαργαλισμὸς</span> <span class='ocrx_word' id='word_1_192' title='bbox 1779 2538 1872 2590; x_wconf 74' lang='grc' dir='ltr'>τοῦ</span> 
     </span>
    </p>
   </div>
   <div class='ocr_carea' id='block_1_29' title="bbox 298 2617 1873 2698">
    <p class='ocr_par' dir='ltr' id='par_1_29' title="bbox 298 2617 1873 2698">
     <span class='ocr_line' id='line_1_29' title="bbox 298 2617 1873 2698; baseline 0.011 -33"><span class='ocrx_word' id='word_1_193' title='bbox 298 2619 581 2685; x_wconf 82' lang='grc' dir='ltr'>στρήνους,</span> <span class='ocrx_word' id='word_1_194' title='bbox 640 2617 734 2668; x_wconf 84' lang='grc' dir='ltr'><strong>καὶ</strong></span> <span class='ocrx_word' id='word_1_195' title='bbox 769 2619 797 2668; x_wconf 86' lang='grc' dir='ltr'>ὁ</span> <span class='ocrx_word' id='word_1_196' title='bbox 825 2618 1048 2687; x_wconf 76' lang='grc' dir='ltr'>τρόμος,</span> <span class='ocrx_word' id='word_1_197' title='bbox 1080 2623 1174 2672; x_wconf 80' lang='grc' dir='ltr'><strong>καὶ</strong></span> <span class='ocrx_word' id='word_1_198' title='bbox 1223 2624 1251 2674; x_wconf 82' lang='grc' dir='ltr'><strong>ό</strong></span> <span class='ocrx_word' id='word_1_199' title='bbox 1285 2621 1505 2693; x_wconf 66' lang='grc' dir='ltr'>βρῶμος</span> <span class='ocrx_word' id='word_1_200' title='bbox 1550 2629 1576 2679; x_wconf 87' lang='grc' dir='ltr'><strong>ό</strong></span> <span class='ocrx_word' id='word_1_201' title='bbox 1630 2629 1873 2698; x_wconf 83' lang='grc' dir='ltr'>δυσώδης</span> 
     </span>
    </p>
   </div>
   <div class='ocr_carea' id='block_1_30' title="bbox 293 2706 1876 2789">
    <p class='ocr_par' dir='ltr' id='par_1_30' title="bbox 293 2706 1876 2789">
     <span class='ocr_line' id='line_1_30' title="bbox 293 2706 1876 2789; baseline 0.011 -33"><span class='ocrx_word' id='word_1_202' title='bbox 293 2706 392 2774; x_wconf 74' lang='grc' dir='ltr'>τῆς</span> <span class='ocrx_word' id='word_1_203' title='bbox 454 2706 752 2774; x_wconf 85' lang='grc' dir='ltr'>ἁμαρτίας,</span> <span class='ocrx_word' id='word_1_204' title='bbox 792 2708 992 2771; x_wconf 79' lang='grc' dir='ltr'>οἵτινες</span> <span class='ocrx_word' id='word_1_205' title='bbox 1021 2709 1095 2773; x_wconf 84' lang='grc' dir='ltr'>ὡς</span> <span class='ocrx_word' id='word_1_206' title='bbox 1129 2711 1454 2782; x_wconf 79' lang='grc' dir='ltr'>ἀρῥαὸῶνες</span> <span class='ocrx_word' id='word_1_207' title='bbox 1500 2718 1594 2769; x_wconf 79' lang='grc' dir='ltr'>καὶ</span> <span class='ocrx_word' id='word_1_208' title='bbox 1626 2719 1876 2789; x_wconf 82' lang='grc' dir='ltr'>ἀπαρχαὶ</span> 
     </span>
    </p>
   </div>
   <div class='ocr_carea' id='block_1_31' title="bbox 292 2795 1872 2877">
    <p class='ocr_par' dir='ltr' id='par_1_31' title="bbox 292 2795 1872 2877">
     <span class='ocr_line' id='line_1_31' title="bbox 292 2795 1872 2877; baseline 0.009 -29"><span class='ocrx_word' id='word_1_209' title='bbox 292 2795 402 2848; x_wconf 87' lang='grc' dir='ltr'><strong>τῶν</strong></span> <span class='ocrx_word' id='word_1_210' title='bbox 458 2795 756 2858; x_wconf 81' lang='grc' dir='ltr'>κολάσεων,</span> <span class='ocrx_word' id='word_1_211' title='bbox 817 2798 916 2866; x_wconf 67' lang='grc' dir='ltr'>ἤδη</span> <span class='ocrx_word' id='word_1_212' title='bbox 951 2800 1046 2852; x_wconf 85' lang='grc' dir='ltr'>ἀπ’</span> <span class='ocrx_word' id='word_1_213' title='bbox 1090 2801 1345 2854; x_wconf 74' lang='grc' dir='ltr'>ἐντεῦθεν</span> <span class='ocrx_word' id='word_1_214' title='bbox 1393 2805 1453 2856; x_wconf 77' lang='grc' dir='ltr'>ἐν</span> <span class='ocrx_word' id='word_1_215' title='bbox 1501 2809 1624 2870; x_wconf 90' lang='grc' dir='ltr'>ταῖς</span> <span class='ocrx_word' id='word_1_216' title='bbox 1673 2808 1872 2877; x_wconf 68' lang='grc' dir='ltr'>ψυχαῖς</span> 
     </span>
    </p>
   </div>
   <div class='ocr_carea' id='block_1_32' title="bbox 295 2888 1870 2968">
    <p class='ocr_par' dir='ltr' id='par_1_32' title="bbox 295 2888 1870 2968">
     <span class='ocr_line' id='line_1_32' title="bbox 295 2888 1870 2968; baseline 0.01 -29"><span class='ocrx_word' id='word_1_217' title='bbox 295 2889 412 2939; x_wconf 84' lang='grc' dir='ltr'><strong>τῶν</strong></span> <span class='ocrx_word' id='word_1_218' title='bbox 440 2888 785 2960; x_wconf 81' lang='grc' dir='ltr'>ἁμαρτωλῶν</span> <span class='ocrx_word' id='word_1_219' title='bbox 839 2889 1255 2960; x_wconf 80' lang='grc' dir='ltr'>ὲνεργούμεναι,</span> <span class='ocrx_word' id='word_1_220' title='bbox 1295 2894 1384 2948; x_wconf 75' lang='grc' dir='ltr'>διὰ</span> <span class='ocrx_word' id='word_1_221' title='bbox 1412 2897 1510 2967; x_wconf 82' lang='grc' dir='ltr'>τῆς</span> <span class='ocrx_word' id='word_1_222' title='bbox 1547 2899 1713 2964; x_wconf 71' lang='grc' dir='ltr'>ἕξεως</span> <span class='ocrx_word' id='word_1_223' title='bbox 1745 2902 1870 2968; x_wconf 85' lang='grc' dir='ltr'>φαί-</span> 
     </span>
    </p>
   </div>
   <div class='ocr_carea' id='block_1_33' title="bbox 292 2996 494 3034">
    <p class='ocr_par' dir='ltr' id='par_1_33' title="bbox 292 2996 494 3034">
     <span class='ocr_line' id='line_1_33' title="bbox 292 2996 494 3034; baseline 0.015 -3"><span class='ocrx_word' id='word_1_224' title='bbox 292 2996 494 3034; x_wconf 61' lang='grc' dir='ltr'>νοντκι.</span> 
     </span>
    </p>
   </div>
   <div class='ocr_carea' id='block_1_34' title="bbox 363 3094 1936 3192">
    <p class='ocr_par' dir='ltr' id='par_1_34' title="bbox 363 3094 1936 3192">
     <span class='ocr_line' id='line_1_34' title="bbox 363 3094 1936 3192; baseline 0.007 -46"><span class='ocrx_word' id='word_1_225' title='bbox 363 3094 454 3192; x_wconf 70' lang='grc' dir='ltr'>λε’.</span> <span class='ocrx_word' id='word_1_226' title='bbox 494 3097 678 3162; x_wconf 81' lang='grc' dir='ltr'>Ἔξεις</span> <span class='ocrx_word' id='word_1_227' title='bbox 730 3101 930 3152; x_wconf 86' lang='grc' dir='ltr'>αἰτῶν</span> <span class='ocrx_word' id='word_1_228' title='bbox 983 3102 1171 3155; x_wconf 87' lang='grc' dir='ltr'>παθῶν</span> <span class='ocrx_word' id='word_1_229' title='bbox 1223 3102 1541 3173; x_wconf 77' lang='grc' dir='ltr'>ἀρῤαόῶνές</span> <span class='ocrx_word' id='word_1_230' title='bbox 1598 3105 1702 3157; x_wconf 76' lang='grc' dir='ltr'>εισι</span> <span class='ocrx_word' id='word_1_231' title='bbox 1763 3106 1936 3192; x_wconf 59' lang='grc' dir='ltr'>τῶνε</span> 
     </span>
    </p>
   </div>
   <div class='ocr_carea' id='block_1_35' title="bbox 291 3185 1870 3264">
    <p class='ocr_par' dir='ltr' id='par_1_35' title="bbox 291 3185 1870 3264">
     <span class='ocr_line' id='line_1_35' title="bbox 291 3185 1870 3264; baseline 0.008 -30"><span class='ocrx_word' id='word_1_232' title='bbox 291 3185 585 3251; x_wconf 65' lang='grc' dir='ltr'>κολάσεων,</span> <span class='ocrx_word' id='word_1_233' title='bbox 624 3188 812 3258; x_wconf 81' lang='grc' dir='ltr'>ὥσπερ</span> <span class='ocrx_word' id='word_1_234' title='bbox 865 3193 961 3243; x_wconf 79' lang='grc' dir='ltr'>καὶ</span> <span class='ocrx_word' id='word_1_235' title='bbox 1010 3194 1109 3261; x_wconf 79' lang='grc' dir='ltr'><strong>τῆς</strong></span> <span class='ocrx_word' id='word_1_236' title='bbox 1174 3193 1455 3262; x_wconf 51' lang='grc' dir='ltr'>μσιλείας</span> <span class='ocrx_word' id='word_1_237' title='bbox 1506 3193 1614 3245; x_wconf 89' lang='grc' dir='ltr'><strong>τῶν</strong></span> <span class='ocrx_word' id='word_1_238' title='bbox 1659 3193 1870 3264; x_wconf 76' lang='grc' dir='ltr'>ἀρετῶν</span> 
     </span>
    </p>
   </div>
   <div class='ocr_carea' id='block_1_36' title="bbox 289 3277 1870 3354">
    <p class='ocr_par' dir='ltr' id='par_1_36' title="bbox 289 3277 1870 3354">
     <span class='ocr_line' id='line_1_36' title="bbox 289 3277 1870 3354; baseline 0.008 -29"><span class='ocrx_word' id='word_1_239' title='bbox 289 3277 347 3326; x_wconf 86' lang='grc' dir='ltr'>αἱ</span> <span class='ocrx_word' id='word_1_240' title='bbox 382 3277 680 3347; x_wconf 83' lang='grc' dir='ltr'>ἐνέργειαι.</span> <span class='ocrx_word' id='word_1_241' title='bbox 730 3283 822 3332; x_wconf 85' lang='grc' dir='ltr'>Δεῖ</span> <span class='ocrx_word' id='word_1_242' title='bbox 843 3281 901 3333; x_wconf 84' lang='grc' dir='ltr'>δὲ</span> <span class='ocrx_word' id='word_1_243' title='bbox 941 3285 1080 3335; x_wconf 75' lang='grc' dir='ltr'>νοεῖν</span> <span class='ocrx_word' id='word_1_244' title='bbox 1125 3287 1220 3336; x_wconf 69' lang='grc' dir='ltr'><strong>καὶ⁹</strong></span> <span class='ocrx_word' id='word_1_245' title='bbox 1263 3284 1560 3338; x_wconf 81' lang='grc' dir='ltr'>ἀποκαλεῖν</span> <span class='ocrx_word' id='word_1_246' title='bbox 1617 3287 1716 3348; x_wconf 81' lang='grc' dir='ltr'>τὰς</span> <span class='ocrx_word' id='word_1_247' title='bbox 1771 3286 1870 3354; x_wconf 76' lang='grc' dir='ltr'><strong>μὲν</strong></span> 
     </span>
    </p>
   </div>
   <div class='ocr_carea' id='block_1_37' title="bbox 292 3369 1870 3448">
    <p class='ocr_par' dir='ltr' id='par_1_37' title="bbox 292 3369 1870 3448">
     <span class='ocr_line' id='line_1_37' title="bbox 292 3369 1870 3448; baseline 0.009 -31"><span class='ocrx_word' id='word_1_248' title='bbox 292 3369 534 3432; x_wconf 75' lang='grc' dir='ltr'>ἐντολὰς,</span> <span class='ocrx_word' id='word_1_249' title='bbox 561 3371 870 3442; x_wconf 77' lang='grc' dir='ltr'>ἐνεργείας,</span> <span class='ocrx_word' id='word_1_250' title='bbox 907 3374 1002 3435; x_wconf 89' lang='grc' dir='ltr'><strong>τάς</strong></span> <span class='ocrx_word' id='word_1_251' title='bbox 1032 3377 1088 3427; x_wconf 82' lang='grc' dir='ltr'>δὲ</span> <span class='ocrx_word' id='word_1_252' title='bbox 1129 3376 1352 3445; x_wconf 84' lang='grc' dir='ltr'>ἀρετὰς,</span> <span class='ocrx_word' id='word_1_253' title='bbox 1382 3377 1545 3444; x_wconf 72' lang='grc' dir='ltr'>ἔξεις,</span> <span class='ocrx_word' id='word_1_254' title='bbox 1571 3377 1758 3448; x_wconf 86' lang='grc' dir='ltr'>ῶσπερ</span> <span class='ocrx_word' id='word_1_255' title='bbox 1776 3381 1870 3432; x_wconf 74' lang='grc' dir='ltr'><strong>καὶ</strong></span> 
     </span>
    </p>
   </div>
   <div class='ocr_carea' id='block_1_38' title="bbox 287 3459 1584 3548">
    <p class='ocr_par' dir='ltr' id='par_1_38' title="bbox 287 3459 1584 3548">
     <span class='ocr_line' id='line_1_38' title="bbox 287 3459 1584 3548; baseline 0.01 -38"><span class='ocrx_word' id='word_1_256' title='bbox 287 3459 386 3515; x_wconf 73' lang='grc' dir='ltr'><strong>τὰς</strong></span> <span class='ocrx_word' id='word_1_257' title='bbox 413 3462 609 3548; x_wconf 77' lang='grc' dir='ltr'>κακίας</span> <span class='ocrx_word' id='word_1_258' title='bbox 640 3465 782 3518; x_wconf 83' lang='grc' dir='ltr'><strong>κατά</strong></span> <span class='ocrx_word' id='word_1_259' title='bbox 819 3465 1102 3534; x_wconf 80' lang='grc' dir='ltr'>συνέχειαν</span> <span class='ocrx_word' id='word_1_260' title='bbox 1137 3467 1281 3530; x_wconf 74' lang='grc' dir='ltr'>ἔξεις</span> <span class='ocrx_word' id='word_1_261' title='bbox 1313 3468 1584 3536; x_wconf 75' lang='grc' dir='ltr'>λέγουσιν.</span> 
     </span>
    </p>
   </div>
   <div class='ocr_carea' id='block_1_39' title="bbox 361 3569 1866 3656">
    <p class='ocr_par' dir='ltr' id='par_1_39' title="bbox 361 3569 1866 3656">
     <span class='ocr_line' id='line_1_39' title="bbox 361 3569 1866 3656; baseline 0.011 -34"><span class='ocrx_word' id='word_1_262' title='bbox 361 3570 468 3635; x_wconf 85' lang='grc' dir='ltr'>λς’,</span> <span class='ocrx_word' id='word_1_263' title='bbox 509 3569 652 3625; x_wconf 90' lang='grc' dir='ltr'>Ἶσαι</span> <span class='ocrx_word' id='word_1_264' title='bbox 693 3576 804 3628; x_wconf 86' lang='grc' dir='ltr'><strong>τῶν</strong></span> <span class='ocrx_word' id='word_1_265' title='bbox 878 3577 1128 3648; x_wconf 75' lang='grc' dir='ltr'>ἀμοιϐῶν</span> <span class='ocrx_word' id='word_1_266' title='bbox 1155 3580 1210 3630; x_wconf 83' lang='grc' dir='ltr'><strong>σί</strong></span> <span class='ocrx_word' id='word_1_267' title='bbox 1239 3580 1562 3646; x_wconf 82' lang='grc' dir='ltr'>ἀντιδόσεις,</span> <span class='ocrx_word' id='word_1_268' title='bbox 1589 3582 1691 3636; x_wconf 77' lang='grc' dir='ltr'><strong>κᾶν</strong></span> <span class='ocrx_word' id='word_1_269' title='bbox 1715 3584 1866 3656; x_wconf 82' lang='grc' dir='ltr'><strong>παρά</strong></span> 
     </span>
    </p>
   </div>
   <div class='ocr_carea' id='block_1_40' title="bbox 289 3660 1866 3742">
    <p class='ocr_par' dir='ltr' id='par_1_40' title="bbox 289 3660 1866 3742">
     <span class='ocr_line' id='line_1_40' title="bbox 289 3660 1866 3742; baseline 0.01 -31"><span class='ocrx_word' id='word_1_270' title='bbox 289 3660 519 3724; x_wconf 75' lang='grc' dir='ltr'>πολλοῖς</span> <span class='ocrx_word' id='word_1_271' title='bbox 586 3664 761 3717; x_wconf 77' lang='grc' dir='ltr'>ἄνισοι</span> <span class='ocrx_word' id='word_1_272' title='bbox 823 3667 1123 3733; x_wconf 82' lang='grc' dir='ltr'>φαίνονται·</span> <span class='ocrx_word' id='word_1_273' title='bbox 1187 3671 1299 3731; x_wconf 80' lang='grc' dir='ltr'>τοῖς</span> <span class='ocrx_word' id='word_1_274' title='bbox 1324 3671 1422 3738; x_wconf 79' lang='grc' dir='ltr'><strong>μὲν</strong></span> <span class='ocrx_word' id='word_1_275' title='bbox 1453 3671 1562 3740; x_wconf 80' lang='grc' dir='ltr'><strong>γάρ</strong></span> <span class='ocrx_word' id='word_1_276' title='bbox 1595 3673 1694 3742; x_wconf 78' lang='grc' dir='ltr'>τὴν</span> <span class='ocrx_word' id='word_1_277' title='bbox 1733 3675 1866 3726; x_wconf 63' lang='lat' dir='ltr'><strong>alti:-</strong></span> 
     </span>
    </p>
   </div>
   <div class='ocr_carea' id='block_1_41' title="bbox 288 3753 1868 3834">
    <p class='ocr_par' dir='ltr' id='par_1_41' title="bbox 288 3753 1868 3834">
     <span class='ocr_line' id='line_1_41' title="bbox 288 3753 1868 3834; baseline 0.01 -31"><span class='ocrx_word' id='word_1_278' title='bbox 288 3767 404 3803; x_wconf 90' lang='grc' dir='ltr'>νιον</span> <span class='ocrx_word' id='word_1_279' title='bbox 464 3753 630 3822; x_wconf 83' lang='grc' dir='ltr'>ςωὴν,</span> <span class='ocrx_word' id='word_1_280' title='bbox 674 3758 788 3819; x_wconf 81' lang='grc' dir='ltr'>τοῖς</span> <span class='ocrx_word' id='word_1_281' title='bbox 841 3758 899 3810; x_wconf 88' lang='grc' dir='ltr'>δὲ</span> <span class='ocrx_word' id='word_1_282' title='bbox 961 3758 1062 3828; x_wconf 82' lang='grc' dir='ltr'>τὴν</span> <span class='ocrx_word' id='word_1_283' title='bbox 1121 3759 1341 3813; x_wconf 71' lang='grc' dir='ltr'>αἰώνιον</span> <span class='ocrx_word' id='word_1_284' title='bbox 1383 3761 1610 3817; x_wconf 84' lang='grc' dir='ltr'>κόλασιν</span> <span class='ocrx_word' id='word_1_285' title='bbox 1663 3766 1697 3834; x_wconf 82' lang='grc' dir='ltr'>ἡ</span> <span class='ocrx_word' id='word_1_286' title='bbox 1746 3765 1868 3820; x_wconf 88' lang='grc' dir='ltr'>θεία</span> 
     </span>
    </p>
   </div>
   <div class='ocr_carea' id='block_1_42' title="bbox 292 3840 1866 3919">
    <p class='ocr_par' dir='ltr' id='par_1_42' title="bbox 292 3840 1866 3919">
     <span class='ocr_line' id='line_1_42' title="bbox 292 3840 1866 3919; baseline 0.008 -26"><span class='ocrx_word' id='word_1_287' title='bbox 292 3840 612 3911; x_wconf 78' lang='grc' dir='ltr'>δικαιοσύνη</span> <span class='ocrx_word' id='word_1_288' title='bbox 665 3847 952 3916; x_wconf 75' lang='grc' dir='ltr'>χαρίζεται</span> <span class='ocrx_word' id='word_1_289' title='bbox 976 3865 991 3880; x_wconf 77' lang='grc' dir='ltr'><strong>ο</strong></span> <span class='ocrx_word' id='word_1_290' title='bbox 1021 3849 1318 3919; x_wconf 80' lang='grc' dir='ltr'>ἀμφότεροι</span> <span class='ocrx_word' id='word_1_291' title='bbox 1351 3851 1406 3903; x_wconf 79' lang='grc' dir='ltr'>δὲ</span> <span class='ocrx_word' id='word_1_292' title='bbox 1431 3851 1521 3904; x_wconf 80' lang='grc' dir='ltr'>τὸν</span> <span class='ocrx_word' id='word_1_293' title='bbox 1562 3853 1658 3906; x_wconf 77' lang='grc' dir='ltr'>νῦν</span> <span class='ocrx_word' id='word_1_294' title='bbox 1694 3854 1866 3906; x_wconf 87' lang='grc' dir='ltr'>αίῶνα</span> 
     </span>
    </p>
   </div>
   <div class='ocr_carea' id='block_1_43' title="bbox 290 3933 1865 4016">
    <p class='ocr_par' dir='ltr' id='par_1_43' title="bbox 290 3933 1865 4016">
     <span class='ocr_line' id='line_1_43' title="bbox 290 3933 1865 4016; baseline 0.01 -32"><span class='ocrx_word' id='word_1_295' title='bbox 290 3933 475 3996; x_wconf 84' lang='grc' dir='ltr'>καλῶς</span> <span class='ocrx_word' id='word_1_296' title='bbox 510 3935 542 4005; x_wconf 80' lang='grc' dir='ltr'>ἢ</span> <span class='ocrx_word' id='word_1_297' title='bbox 575 3937 758 4000; x_wconf 88' lang='grc' dir='ltr'>κακῶς</span> <span class='ocrx_word' id='word_1_298' title='bbox 819 3940 1278 4012; x_wconf 81' lang='grc' dir='ltr'>διαπεράσαντες,</span> <span class='ocrx_word' id='word_1_299' title='bbox 1333 3943 1475 3996; x_wconf 85' lang='grc' dir='ltr'><strong>κατά</strong></span> <span class='ocrx_word' id='word_1_300' title='bbox 1501 3944 1567 3996; x_wconf 83' lang='grc' dir='ltr'>τὰ</span> <span class='ocrx_word' id='word_1_301' title='bbox 1587 3945 1726 4016; x_wconf 75' lang='grc' dir='ltr'>ἔργα</span> <span class='ocrx_word' id='word_1_302' title='bbox 1767 3947 1865 4008; x_wconf 80' lang='grc' dir='ltr'>τὰς</span> 
     </span>
    </p>
   </div>
   <div class='ocr_carea' id='block_1_44' title="bbox 290 4021 1865 4105">
    <p class='ocr_par' dir='ltr' id='par_1_44' title="bbox 290 4021 1865 4105">
     <span class='ocr_line' id='line_1_44' title="bbox 290 4021 1865 4105; baseline 0.011 -33"><span class='ocrx_word' id='word_1_303' title='bbox 290 4021 524 4089; x_wconf 73' lang='grc' dir='ltr'>ἀμοιϐὰς</span> <span class='ocrx_word' id='word_1_304' title='bbox 575 4024 780 4088; x_wconf 77' lang='grc' dir='ltr'>ἓξουσι’</span> <span class='ocrx_word' id='word_1_305' title='bbox 802 4027 864 4080; x_wconf 84' lang='grc' dir='ltr'>τὸ</span> <span class='ocrx_word' id='word_1_306' title='bbox 900 4029 957 4082; x_wconf 82' lang='grc' dir='ltr'><strong>δὲ</strong></span> <span class='ocrx_word' id='word_1_307' title='bbox 997 4030 1186 4096; x_wconf 80' lang='grc' dir='ltr'>ποσὸν,</span> <span class='ocrx_word' id='word_1_308' title='bbox 1219 4030 1252 4101; x_wconf 77' lang='grc' dir='ltr'><strong>ἢ</strong></span> <span class='ocrx_word' id='word_1_309' title='bbox 1285 4033 1440 4085; x_wconf 82' lang='grc' dir='ltr'>ποιὸν</span> <span class='ocrx_word' id='word_1_310' title='bbox 1477 4037 1576 4103; x_wconf 82' lang='grc' dir='ltr'>τῆς</span> <span class='ocrx_word' id='word_1_311' title='bbox 1612 4035 1865 4105; x_wconf 79' lang='grc' dir='ltr'>μετοχῆς,</span> 
     </span>
    </p>
   </div>
   <div class='ocr_carea' id='block_1_45' title="bbox 289 4109 1865 4196">
    <p class='ocr_par' dir='ltr' id='par_1_45' title="bbox 289 4109 1865 4196">
     <span class='ocr_line' id='line_1_45' title="bbox 289 4109 1865 4196; baseline 0.013 -39"><span class='ocrx_word' id='word_1_312' title='bbox 289 4109 434 4160; x_wconf 78' lang='grc' dir='ltr'><strong>κατά</strong></span> <span class='ocrx_word' id='word_1_313' title='bbox 455 4111 554 4180; x_wconf 82' lang='grc' dir='ltr'><strong>τὴν</strong></span> <span class='ocrx_word' id='word_1_314' title='bbox 596 4113 706 4168; x_wconf 89' lang='grc' dir='ltr'><strong>τῶν</strong></span> <span class='ocrx_word' id='word_1_315' title='bbox 732 4116 924 4170; x_wconf 82' lang='grc' dir='ltr'>παθῶν</span> <span class='ocrx_word' id='word_1_316' title='bbox 969 4118 1004 4190; x_wconf 80' lang='grc' dir='ltr'><strong>ἥ</strong></span> <span class='ocrx_word' id='word_1_317' title='bbox 1039 4120 1251 4190; x_wconf 80' lang='grc' dir='ltr'>ἀρετῶν</span> <span class='ocrx_word' id='word_1_318' title='bbox 1288 4121 1401 4186; x_wconf 73' lang='grc' dir='ltr'>ἕξιν</span> <span class='ocrx_word' id='word_1_319' title='bbox 1436 4123 1529 4175; x_wconf 78' lang='grc' dir='ltr'>καὶ</span> <span class='ocrx_word' id='word_1_320' title='bbox 1561 4123 1865 4196; x_wconf 73' lang='grc' dir='ltr'>ἐνέργειαν,</span> 
     </span>
    </p>
   </div>
   <div class='ocr_carea' id='block_1_46' title="bbox 287 4199 642 4256">
    <p class='ocr_par' dir='ltr' id='par_1_46' title="bbox 287 4199 642 4256">
     <span class='ocr_line' id='line_1_46' title="bbox 287 4199 642 4256; baseline 0.008 -4"><span class='ocrx_word' id='word_1_321' title='bbox 287 4199 564 4253; x_wconf 78' lang='grc' dir='ltr'>ἀπολαύου</span> <span class='ocrx_word' id='word_1_322' title='bbox 574 4219 642 4256; x_wconf 83' lang='grc' dir='ltr'><strong>σι.</strong></span> 
     </span>
    </p>
   </div>
   <div class='ocr_carea' id='block_1_47' title="bbox 361 4279 1881 4356">
    <p class='ocr_par' dir='ltr' id='par_1_47' title="bbox 361 4279 1881 4356">
     <span class='ocr_line' id='line_1_47' title="bbox 361 4279 1881 4356; baseline 0.003 -26"><span class='ocrx_word' id='word_1_323' title='bbox 361 4281 476 4356; x_wconf 71' lang='grc' dir='ltr'><strong>λζ.</strong></span> <span class='ocrx_word' id='word_1_324' title='bbox 509 4282 712 4348; x_wconf 82' lang='grc' dir='ltr'>Λίμναι</span> <span class='ocrx_word' id='word_1_325' title='bbox 760 4280 932 4350; x_wconf 88' lang='grc' dir='ltr'>πυρός</span> <span class='ocrx_word' id='word_1_326' title='bbox 981 4282 1120 4334; x_wconf 74' lang='grc' dir='ltr'>εἰσιν</span> <span class='ocrx_word' id='word_1_327' title='bbox 1149 4284 1204 4336; x_wconf 81' lang='lat' dir='ltr'><strong>ai</strong></span> <span class='ocrx_word' id='word_1_328' title='bbox 1249 4279 1624 4352; x_wconf 76' lang='grc' dir='ltr'>ήδυπαθοῦσαι</span> <span class='ocrx_word' id='word_1_329' title='bbox 1686 4283 1881 4353; x_wconf 75' lang='grc' dir='ltr'>ψυχαὶ,</span> 
     </span>
    </p>
   </div>
   <div class='ocr_carea' id='block_1_48' title="bbox 308 4365 1880 4446">
    <p class='ocr_par' dir='ltr' id='par_1_48' title="bbox 308 4365 1880 4446">
     <span class='ocr_line' id='line_1_48' title="bbox 308 4365 1880 4446; baseline 0.004 -24"><span class='ocrx_word' id='word_1_330' title='bbox 308 4373 366 4423; x_wconf 79' lang='grc' dir='ltr'>ὲν</span> <span class='ocrx_word' id='word_1_331' title='bbox 387 4365 473 4432; x_wconf 79' lang='grc' dir='ltr'><strong>αἷς</strong></span> <span class='ocrx_word' id='word_1_332' title='bbox 505 4371 760 4441; x_wconf 82' lang='grc' dir='ltr'>καθάπερ</span> <span class='ocrx_word' id='word_1_333' title='bbox 803 4371 1062 4444; x_wconf 78' lang='grc' dir='ltr'>βόρϐορος</span> <span class='ocrx_word' id='word_1_334' title='bbox 1117 4373 1256 4438; x_wconf 73' lang='grc' dir='ltr'>ὄζων</span> <span class='ocrx_word' id='word_1_335' title='bbox 1284 4376 1314 4444; x_wconf 78' lang='grc' dir='ltr'><strong>ἡ</strong></span> <span class='ocrx_word' id='word_1_336' title='bbox 1347 4373 1490 4446; x_wconf 81' lang='grc' dir='ltr'>ὀσμὴ</span> <span class='ocrx_word' id='word_1_337' title='bbox 1519 4375 1628 4428; x_wconf 89' lang='grc' dir='ltr'><strong>τῶν</strong></span> <span class='ocrx_word' id='word_1_338' title='bbox 1667 4377 1880 4439; x_wconf 86' lang='grc' dir='ltr'>παθῶν,</span> 
     </span>
    </p>
   </div>
   <div class='ocr_carea' id='block_1_49' title="bbox 306 4459 1874 4538">
    <p class='ocr_par' dir='ltr' id='par_1_49' title="bbox 306 4459 1874 4538">
     <span class='ocr_line' id='line_1_49' title="bbox 306 4459 1874 4538; baseline 0.005 -24"><span class='ocrx_word' id='word_1_339' title='bbox 306 4459 564 4532; x_wconf 83' lang='grc' dir='ltr'>σκώληκα</span> <span class='ocrx_word' id='word_1_340' title='bbox 619 4463 810 4533; x_wconf 79' lang='grc' dir='ltr'>τρέφει</span> <span class='ocrx_word' id='word_1_341' title='bbox 845 4465 1143 4530; x_wconf 80' lang='grc' dir='ltr'>ἀκολασίας</span> <span class='ocrx_word' id='word_1_342' title='bbox 1177 4467 1500 4537; x_wconf 80' lang='grc' dir='ltr'>ἀκοίμητον,</span> <span class='ocrx_word' id='word_1_343' title='bbox 1547 4467 1648 4537; x_wconf 82' lang='grc' dir='ltr'><strong>τὴν</strong></span> <span class='ocrx_word' id='word_1_344' title='bbox 1674 4469 1874 4538; x_wconf 74' lang='grc' dir='ltr'>ὀρεκτιι</span> 
     </span>
    </p>
   </div>
   <div class='ocr_carea' id='block_1_50' title="bbox 1974 4459 3562 4538">
    <p class='ocr_par' dir='ltr' id='par_1_50' title="bbox 1989 4459 3562 4538">
     <span class='ocr_line' id='line_1_50' title="bbox 1989 4459 3562 4538; baseline -0.018 0"><span class='ocrx_word' id='word_1_345' title='bbox 1989 4481 2397 4538; x_wconf 72' lang='grc' dir='ltr'>ἰηοοιιιίιιειιιὶαι</span> <span class='ocrx_word' id='word_1_346' title='bbox 2430 4477 2759 4534; x_wconf 88' lang='lat' dir='ltr'><strong>insomnem,</strong></span> <span class='ocrx_word' id='word_1_347' title='bbox 2789 4470 3058 4524; x_wconf 78' lang='lat' dir='ltr'><strong>infrenem</strong></span> <span class='ocrx_word' id='word_1_348' title='bbox 3097 4462 3278 4520; x_wconf 81' lang='lat' dir='ltr'><strong>carnis</strong></span> <span class='ocrx_word' id='word_1_349' title='bbox 3299 4459 3562 4523; x_wconf 74' lang='lat' dir='ltr'><strong>concupi-</strong></span> 
     </span>
    </p>
   </div>
   <div class='ocr_carea' id='block_1_51' title="bbox 305 4552 1883 4629">
    <p class='ocr_par' dir='ltr' id='par_1_51' title="bbox 305 4552 1883 4629">
     <span class='ocr_line' id='line_1_51' title="bbox 305 4552 1883 4629; baseline 0.005 -25"><span class='ocrx_word' id='word_1_350' title='bbox 305 4552 407 4619; x_wconf 85' lang='grc' dir='ltr'><strong>κὴν</strong></span> <span class='ocrx_word' id='word_1_351' title='bbox 460 4555 558 4621; x_wconf 84' lang='grc' dir='ltr'><strong>τῆς</strong></span> <span class='ocrx_word' id='word_1_352' title='bbox 626 4556 827 4623; x_wconf 71' lang='grc' dir='ltr'>σαρκὸς</span> <span class='ocrx_word' id='word_1_353' title='bbox 868 4557 1165 4625; x_wconf 87' lang='grc' dir='ltr'>ἀκρασίαν,</span> <span class='ocrx_word' id='word_1_354' title='bbox 1231 4561 1324 4610; x_wconf 82' lang='grc' dir='ltr'>καὶ</span> <span class='ocrx_word' id='word_1_355' title='bbox 1350 4558 1523 4626; x_wconf 74' lang='grc' dir='ltr'>ὄφεις,</span> <span class='ocrx_word' id='word_1_356' title='bbox 1555 4560 1648 4611; x_wconf 77' lang='grc' dir='ltr'><strong>καὶ</strong></span> <span class='ocrx_word' id='word_1_357' title='bbox 1676 4559 1883 4629; x_wconf 80' lang='grc' dir='ltr'>βατρά-</span> 
     </span>
    </p>
   </div>
   <div class='ocr_carea' id='block_1_52' title="bbox 304 4641 1883 4717">
    <p class='ocr_par' dir='ltr' id='par_1_52' title="bbox 304 4641 1883 4717">
     <span class='ocr_line' id='line_1_52' title="bbox 304 4641 1883 4717; baseline 0.005 -25"><span class='ocrx_word' id='word_1_358' title='bbox 304 4658 452 4710; x_wconf 81' lang='grc' dir='ltr'>χους.</span> <span class='ocrx_word' id='word_1_359' title='bbox 502 4643 596 4693; x_wconf 69' lang='grc' dir='ltr'><strong>καὶ</strong></span> <span class='ocrx_word' id='word_1_360' title='bbox 629 4641 848 4709; x_wconf 80' lang='grc' dir='ltr'>βδέλλας</span> <span class='ocrx_word' id='word_1_361' title='bbox 875 4645 1180 4716; x_wconf 66' lang='grc' dir='ltr'>ἐπιθυμιῶν</span> <span class='ocrx_word' id='word_1_362' title='bbox 1206 4647 1485 4717; x_wconf 81' lang='grc' dir='ltr'>πονηρῶν,</span> <span class='ocrx_word' id='word_1_363' title='bbox 1513 4649 1642 4710; x_wconf 81' lang='grc' dir='ltr'>τοὺς</span> <span class='ocrx_word' id='word_1_364' title='bbox 1667 4651 1883 4717; x_wconf 70' lang='grc' dir='ltr'>ἐναγεῖς</span> 
     </span>
    </p>
   </div>
   <div class='ocr_carea' id='block_1_53' title="bbox 307 4732 1882 4809">
    <p class='ocr_par' dir='ltr' id='par_1_53' title="bbox 307 4732 1882 4809">
     <span class='ocr_line' id='line_1_53' title="bbox 307 4732 1882 4809; baseline 0.005 -25"><span class='ocrx_word' id='word_1_365' title='bbox 307 4736 400 4784; x_wconf 87' lang='grc' dir='ltr'><strong>καὶ</strong></span> <span class='ocrx_word' id='word_1_366' title='bbox 428 4732 667 4796; x_wconf 78' lang='grc' dir='ltr'>ίοϐόλους</span> <span class='ocrx_word' id='word_1_367' title='bbox 715 4735 1011 4803; x_wconf 71' lang='grc' dir='ltr'>λογισμούς</span> <span class='ocrx_word' id='word_1_368' title='bbox 1039 4755 1098 4790; x_wconf 84' lang='grc' dir='ltr'><strong>τε</strong></span> <span class='ocrx_word' id='word_1_369' title='bbox 1125 4738 1216 4790; x_wconf 72' lang='grc' dir='ltr'><strong>καὶ</strong></span> <span class='ocrx_word' id='word_1_370' title='bbox 1271 4738 1552 4806; x_wconf 84' lang='grc' dir='ltr'>δαίμονας·</span> <span class='ocrx_word' id='word_1_371' title='bbox 1585 4739 1618 4809; x_wconf 83' lang='grc' dir='ltr'>ἡ</span> <span class='ocrx_word' id='word_1_372' title='bbox 1653 4738 1882 4809; x_wconf 84' lang='grc' dir='ltr'>τοιαύτη</span> 
     </span>
    </p>
   </div>
   <div class='ocr_carea' id='block_1_54' title="bbox 307 4825 1885 4901">
    <p class='ocr_par' dir='ltr' id='par_1_54' title="bbox 307 4825 1885 4901">
     <span class='ocr_line' id='line_1_54' title="bbox 307 4825 1885 4901; baseline 0.007 -28"><span class='ocrx_word' id='word_1_373' title='bbox 307 4825 644 4888; x_wconf 84' lang='grc' dir='ltr'>κατάστασις</span> <span class='ocrx_word' id='word_1_374' title='bbox 696 4825 792 4877; x_wconf 78' lang='grc' dir='ltr'>ἀπ’</span> <span class='ocrx_word' id='word_1_375' title='bbox 825 4826 1074 4880; x_wconf 70' lang='grc' dir='ltr'>ἐντεῦθεν</span> <span class='ocrx_word' id='word_1_376' title='bbox 1105 4827 1296 4899; x_wconf 76' lang='grc' dir='ltr'>εἴληφε</span> <span class='ocrx_word' id='word_1_377' title='bbox 1343 4830 1436 4883; x_wconf 80' lang='grc' dir='ltr'><strong>τὸν</strong></span> <span class='ocrx_word' id='word_1_378' title='bbox 1456 4829 1754 4901; x_wconf 68' lang='grc' dir='ltr'>ἀρραϐῶνα</span> <span class='ocrx_word' id='word_1_379' title='bbox 1784 4832 1885 4901; x_wconf 77' lang='grc' dir='ltr'>τῆς</span> 
     </span>
    </p>
   </div>
   <div class='ocr_carea' id='block_1_55' title="bbox 307 4916 800 4979">
    <p class='ocr_par' dir='ltr' id='par_1_55' title="bbox 307 4916 800 4979">
     <span class='ocr_line' id='line_1_55' title="bbox 307 4916 800 4979; baseline 0.006 -12"><span class='ocrx_word' id='word_1_380' title='bbox 307 4917 484 4968; x_wconf 83' lang='grc' dir='ltr'>ἐκεῖσε</span> <span class='ocrx_word' id='word_1_381' title='bbox 503 4916 800 4979; x_wconf 83' lang='grc' dir='ltr'>κολάσεως.</span> 
     </span>
    </p>
   </div>
   <div class='ocr_carea' id='block_1_56' title="bbox 379 5030 1884 5107">
    <p class='ocr_par' dir='ltr' id='par_1_56' title="bbox 379 5030 1884 5107">
     <span class='ocr_line' id='line_1_56' title="bbox 379 5030 1884 5107; baseline 0.005 -25"><span class='ocrx_word' id='word_1_382' title='bbox 379 5030 484 5100; x_wconf 81' lang='grc' dir='ltr'>λη’.</span> <span class='ocrx_word' id='word_1_383' title='bbox 526 5032 736 5102; x_wconf 85' lang='grc' dir='ltr'>Ὥσπερ</span> <span class='ocrx_word' id='word_1_384' title='bbox 787 5031 896 5085; x_wconf 84' lang='grc' dir='ltr'><strong>τῶν</strong></span> <span class='ocrx_word' id='word_1_385' title='bbox 949 5032 1224 5087; x_wconf 86' lang='grc' dir='ltr'>κολάσεων</span> <span class='ocrx_word' id='word_1_386' title='bbox 1260 5036 1315 5090; x_wconf 78' lang='grc' dir='ltr'>αἱ</span> <span class='ocrx_word' id='word_1_387' title='bbox 1371 5037 1619 5107; x_wconf 75' lang='grc' dir='ltr'>ἀπαρχαὶ</span> <span class='ocrx_word' id='word_1_388' title='bbox 1661 5037 1720 5090; x_wconf 78' lang='grc' dir='ltr'>ὲν</span> <span class='ocrx_word' id='word_1_389' title='bbox 1763 5039 1884 5099; x_wconf 84' lang='grc' dir='ltr'>ταῖς</span> 
     </span>
    </p>
   </div>
   <div class='ocr_carea' id='block_1_57' title="bbox 308 5123 1886 5197">
    <p class='ocr_par' dir='ltr' id='par_1_57' title="bbox 308 5123 1886 5197">
     <span class='ocr_line' id='line_1_57' title="bbox 308 5123 1886 5197; baseline 0.005 -24"><span class='ocrx_word' id='word_1_390' title='bbox 308 5123 508 5194; x_wconf 79' lang='grc' dir='ltr'>ψυχαῖς</span> <span class='ocrx_word' id='word_1_391' title='bbox 558 5123 670 5174; x_wconf 89' lang='grc' dir='ltr'><strong>τῶν</strong></span> <span class='ocrx_word' id='word_1_392' title='bbox 717 5125 1057 5194; x_wconf 85' lang='grc' dir='ltr'>ἁμαρτωλῶν</span> <span class='ocrx_word' id='word_1_393' title='bbox 1079 5125 1526 5197; x_wconf 80' lang='grc' dir='ltr'>ὲγκεκρυμμέναι</span> <span class='ocrx_word' id='word_1_394' title='bbox 1549 5130 1708 5190; x_wconf 72' lang='grc' dir='ltr'>εξσὶν,</span> <span class='ocrx_word' id='word_1_395' title='bbox 1740 5126 1886 5182; x_wconf 74' lang='grc' dir='ltr'>οὕτω</span> 
     </span>
    </p>
   </div>
   <div class='ocr_carea' id='block_1_58' title="bbox 310 5212 1883 5291">
    <p class='ocr_par' dir='ltr' id='par_1_58' title="bbox 310 5212 1883 5291">
     <span class='ocr_line' id='line_1_58' title="bbox 310 5212 1883 5291; baseline 0.004 -25"><span class='ocrx_word' id='word_1_396' title='bbox 310 5212 407 5267; x_wconf 75' lang='grc' dir='ltr'><strong>καὶ</strong></span> <span class='ocrx_word' id='word_1_397' title='bbox 437 5213 544 5268; x_wconf 87' lang='grc' dir='ltr'><strong>τῶν</strong></span> <span class='ocrx_word' id='word_1_398' title='bbox 570 5213 791 5281; x_wconf 77' lang='grc' dir='ltr'>ἀγαθῶν</span> <span class='ocrx_word' id='word_1_399' title='bbox 825 5217 873 5267; x_wconf 80' lang='grc' dir='ltr'>οἱ</span> <span class='ocrx_word' id='word_1_400' title='bbox 921 5216 1241 5287; x_wconf 75' lang='grc' dir='ltr'>ἀρῤαὸῶνες</span> <span class='ocrx_word' id='word_1_401' title='bbox 1271 5219 1348 5281; x_wconf 84' lang='grc' dir='ltr'><strong>είς</strong></span> <span class='ocrx_word' id='word_1_402' title='bbox 1378 5219 1476 5282; x_wconf 84' lang='grc' dir='ltr'>τὰς</span> <span class='ocrx_word' id='word_1_403' title='bbox 1495 5220 1720 5291; x_wconf 83' lang='grc' dir='ltr'>καρδίας</span> <span class='ocrx_word' id='word_1_404' title='bbox 1773 5219 1883 5272; x_wconf 88' lang='grc' dir='ltr'><strong>τῶν</strong></span> 
     </span>
    </p>
   </div>
   <div class='ocr_carea' id='block_1_59' title="bbox 309 5303 1883 5382">
    <p class='ocr_par' dir='ltr' id='par_1_59' title="bbox 309 5303 1883 5382">
     <span class='ocr_line' id='line_1_59' title="bbox 309 5303 1883 5382; baseline 0.006 -26"><span class='ocrx_word' id='word_1_405' title='bbox 309 5303 534 5357; x_wconf 85' lang='grc' dir='ltr'>δικαίων</span> <span class='ocrx_word' id='word_1_406' title='bbox 591 5305 873 5374; x_wconf 75' lang='grc' dir='ltr'>ἐνεργοῦσι</span> <span class='ocrx_word' id='word_1_407' title='bbox 903 5306 991 5361; x_wconf 63' lang='grc' dir='ltr'>διὰ</span> <span class='ocrx_word' id='word_1_408' title='bbox 1025 5308 1118 5360; x_wconf 78' lang='grc' dir='ltr'>τοῦ</span> <span class='ocrx_word' id='word_1_409' title='bbox 1145 5307 1480 5379; x_wconf 74' lang='grc' dir='ltr'>πνεύματος,</span> <span class='ocrx_word' id='word_1_410' title='bbox 1507 5312 1600 5363; x_wconf 73' lang='grc' dir='ltr'><strong>καὶ</strong></span> <span class='ocrx_word' id='word_1_411' title='bbox 1626 5311 1883 5382; x_wconf 83' lang='grc' dir='ltr'>μετέχον·-</span> 
     </span>
    </p>
   </div>
   <div class='ocr_carea' id='block_1_60' title="bbox 292 5387 1872 5459">
    <p class='ocr_par' dir='ltr' id='par_1_60' title="bbox 292 5387 1872 5459">
     <span class='ocr_line' id='line_1_60' title="bbox 292 5387 1872 5459; baseline -0.001 -16"><span class='ocrx_word' id='word_1_412' title='bbox 292 5405 403 5443; x_wconf 85' lang='grc' dir='ltr'>ται·</span> <span class='ocrx_word' id='word_1_413' title='bbox 438 5388 685 5459; x_wconf 86' lang='grc' dir='ltr'>βασιλεία</span> <span class='ocrx_word' id='word_1_414' title='bbox 731 5387 840 5458; x_wconf 80' lang='grc' dir='ltr'>γὰρ</span> <span class='ocrx_word' id='word_1_415' title='bbox 889 5389 1137 5457; x_wconf 81' lang='grc' dir='ltr'>ουρανῶν</span> <span class='ocrx_word' id='word_1_416' title='bbox 1170 5389 1319 5450; x_wconf 80' lang='grc' dir='ltr'>ἐστιν</span> <span class='ocrx_word' id='word_1_417' title='bbox 1359 5390 1393 5458; x_wconf 72' lang='grc' dir='ltr'>ἡ</span> <span class='ocrx_word' id='word_1_418' title='bbox 1439 5389 1691 5459; x_wconf 75' lang='grc' dir='ltr'>ἐνάρετος</span> <span class='ocrx_word' id='word_1_419' title='bbox 1742 5393 1872 5442; x_wconf 84' lang='grc' dir='ltr'>ἀνα-</span> 
     </span>
    </p>
   </div>
   <div class='ocr_carea' id='block_1_61' title="bbox 297 5478 1661 5554">
    <p class='ocr_par' dir='ltr' id='par_1_61' title="bbox 297 5478 1661 5554">
     <span class='ocr_line' id='line_1_61' title="bbox 297 5478 1661 5554; baseline -0.001 -18"><span class='ocrx_word' id='word_1_420' title='bbox 297 5479 737 5554; x_wconf 84' lang='grc' dir='ltr'>στροφὴ,ῶσπερ</span> <span class='ocrx_word' id='word_1_421' title='bbox 766 5480 800 5548; x_wconf 81' lang='grc' dir='ltr'><strong>ἡ</strong></span> <span class='ocrx_word' id='word_1_422' title='bbox 837 5478 1077 5543; x_wconf 84' lang='grc' dir='ltr'>κόλασις,</span> <span class='ocrx_word' id='word_1_423' title='bbox 1110 5479 1144 5548; x_wconf 76' lang='grc' dir='ltr'><strong>ἡ</strong></span> <span class='ocrx_word' id='word_1_424' title='bbox 1171 5479 1283 5533; x_wconf 90' lang='grc' dir='ltr'><strong>τῶν</strong></span> <span class='ocrx_word' id='word_1_425' title='bbox 1311 5479 1500 5532; x_wconf 83' lang='grc' dir='ltr'>παθῶν</span> <span class='ocrx_word' id='word_1_426' title='bbox 1526 5479 1661 5545; x_wconf 73' lang='grc' dir='ltr'>ἕξις.</span> 
     </span>
    </p>
   </div>
   <div class='ocr_carea' id='block_1_62' title="bbox 367 5555 1892 5641">
    <p class='ocr_par' dir='ltr' id='par_1_62' title="bbox 367 5555 1892 5641">
     <span class='ocr_line' id='line_1_62' title="bbox 367 5555 1892 5641; baseline 0.001 -17"><span class='ocrx_word' id='word_1_427' title='bbox 367 5573 464 5626; x_wconf 75' lang='grc' dir='ltr'>λῡο.</span> <span class='ocrx_word' id='word_1_428' title='bbox 494 5569 610 5634; x_wconf 80' lang='grc' dir='ltr'><strong>Νὺξ</strong></span> <span class='ocrx_word' id='word_1_429' title='bbox 655 5569 933 5639; x_wconf 80' lang='grc' dir='ltr'>ἐρχομένη</span> <span class='ocrx_word' id='word_1_430' title='bbox 989 5569 1129 5636; x_wconf 76' lang='grc' dir='ltr'>εστι,</span> <span class='ocrx_word' id='word_1_431' title='bbox 1151 5570 1296 5623; x_wconf 79' lang='grc' dir='ltr'>κατὰ</span> <span class='ocrx_word' id='word_1_432' title='bbox 1323 5570 1417 5624; x_wconf 80' lang='grc' dir='ltr'><strong>τὸν</strong></span> <span class='ocrx_word' id='word_1_433' title='bbox 1442 5570 1601 5641; x_wconf 87' lang='grc' dir='ltr'>λόγον</span> <span class='ocrx_word' id='word_1_434' title='bbox 1642 5571 1738 5626; x_wconf 74' lang='grc' dir='ltr'>τοῦ</span> <span class='ocrx_word' id='word_1_435' title='bbox 1772 5555 1892 5626; x_wconf 55' lang='lat' dir='ltr'><strong>xu;</strong></span> 
     </span>
    </p>
   </div>
   <div class='ocr_carea' id='block_1_63' title="bbox 368 5733 828 5799">
    <p class='ocr_par' dir='ltr' id='par_1_63' title="bbox 368 5733 828 5799">
     <span class='ocr_line' id='line_1_63' title="bbox 368 5733 828 5799; baseline -0.011 -9"><span class='ocrx_word' id='word_1_436' title='bbox 368 5738 390 5768; x_wconf 84' lang='grc'><strong><em>⁵</em></strong></span> <span class='ocrx_word' id='word_1_437' title='bbox 417 5736 568 5791; x_wconf 74' lang='lat' dir='ltr'><strong>Joau.</strong></span> <span class='ocrx_word' id='word_1_438' title='bbox 609 5749 741 5799; x_wconf 79' lang='lat' dir='ltr'><strong>xm,</strong></span> <span class='ocrx_word' id='word_1_439' title='bbox 773 5733 828 5797; x_wconf 83' lang='grc'>5,</span> 
     </span>
    </p>
   </div>
   <div class='ocr_carea' id='block_1_64' title="bbox 1969 563 3528 635">
    <p class='ocr_par' dir='ltr' id='par_1_64' title="bbox 1969 563 3528 635">
     <span class='ocr_line' id='line_1_64' title="bbox 1969 563 3528 635; baseline -0.004 -15"><span class='ocrx_word' id='word_1_440' title='bbox 1969 567 2166 620; x_wconf 85' lang='lat' dir='ltr'><strong>docent</strong></span> <span class='ocrx_word' id='word_1_441' title='bbox 2226 566 2415 620; x_wconf 86' lang='lat' dir='ltr'><strong>Patres</strong></span> <span class='ocrx_word' id='word_1_442' title='bbox 2495 565 2754 635; x_wconf 72' lang='lat' dir='ltr'><strong>exemplis</strong></span> <span class='ocrx_word' id='word_1_443' title='bbox 2838 563 3411 633; x_wconf 78' lang='lat' dir='ltr'><strong>supersnbstantialem</strong></span> <span class='ocrx_word' id='word_1_444' title='bbox 3476 570 3528 614; x_wconf 87' lang='lat' dir='ltr'><strong>et</strong></span> 
     </span>
    </p>
   </div>
   <div class='ocr_carea' id='block_1_65' title="bbox 1967 653 3527 725">
    <p class='ocr_par' dir='ltr' id='par_1_65' title="bbox 1967 653 3527 725">
     <span class='ocr_line' id='line_1_65' title="bbox 1967 653 3527 725; baseline -0.006 -15"><span class='ocrx_word' id='word_1_445' title='bbox 1967 657 2437 725; x_wconf 87' lang='lat' dir='ltr'><strong>supernaturalem</strong></span> <span class='ocrx_word' id='word_1_446' title='bbox 2496 654 2830 724; x_wconf 79' lang='lat' dir='ltr'><strong>explicantes</strong></span> <span class='ocrx_word' id='word_1_447' title='bbox 2867 653 3218 716; x_wconf 75' lang='lat' dir='ltr'><strong>Trinitatem,</strong></span> <span class='ocrx_word' id='word_1_448' title='bbox 3262 661 3316 704; x_wconf 92' lang='lat' dir='ltr'><strong>et</strong></span> <span class='ocrx_word' id='word_1_449' title='bbox 3359 667 3527 705; x_wconf 87' lang='lat' dir='ltr'><strong>unum</strong></span> 
     </span>
    </p>
   </div>
   <div class='ocr_carea' id='block_1_66' title="bbox 1968 740 3527 816">
    <p class='ocr_par' dir='ltr' id='par_1_66' title="bbox 1968 740 3527 816">
     <span class='ocr_line' id='line_1_66' title="bbox 1968 740 3527 816; baseline -0.005 -15"><span class='ocrx_word' id='word_1_450' title='bbox 1968 747 2135 802; x_wconf 87' lang='lat' dir='ltr'><strong>Deum</strong></span> <span class='ocrx_word' id='word_1_451' title='bbox 2171 747 2223 801; x_wconf 89' lang='lat' dir='ltr'><strong>in</strong></span> <span class='ocrx_word' id='word_1_452' title='bbox 2269 747 2445 801; x_wconf 87' lang='lat' dir='ltr'><strong>tribus</strong></span> <span class='ocrx_word' id='word_1_453' title='bbox 2472 746 2725 816; x_wconf 82' lang='lat' dir='ltr'><strong>personis</strong></span> <span class='ocrx_word' id='word_1_454' title='bbox 2754 753 2813 798; x_wconf 91' lang='lat' dir='ltr'><strong>ut</strong></span> <span class='ocrx_word' id='word_1_455' title='bbox 2862 758 3046 798; x_wconf 86' lang='lat' dir='ltr'><strong>veram</strong></span> <span class='ocrx_word' id='word_1_456' title='bbox 3105 741 3264 795; x_wconf 86' lang='lat' dir='ltr'><strong>ﬁdem</strong></span> <span class='ocrx_word' id='word_1_457' title='bbox 3311 751 3365 794; x_wconf 92' lang='lat' dir='ltr'><strong>et</strong></span> <span class='ocrx_word' id='word_1_458' title='bbox 3416 740 3527 808; x_wconf 82' lang='lat' dir='ltr'><strong>spei</strong></span> 
     </span>
    </p>
   </div>
   <div class='ocr_carea' id='block_1_67' title="bbox 1968 835 3528 901">
    <p class='ocr_par' dir='ltr' id='par_1_67' title="bbox 1968 835 3528 901">
     <span class='ocr_line' id='line_1_67' title="bbox 1968 835 3528 901; baseline -0.006 -9"><span class='ocrx_word' id='word_1_459' title='bbox 1968 839 2264 892; x_wconf 85' lang='lat' dir='ltr'><strong>anchoram</strong></span> <span class='ocrx_word' id='word_1_460' title='bbox 2299 837 2458 892; x_wconf 88' lang='lat' dir='ltr'><strong>nobis</strong></span> <span class='ocrx_word' id='word_1_461' title='bbox 2492 837 2788 890; x_wconf 83' lang='lat' dir='ltr'><strong>tradentes.</strong></span> <span class='ocrx_word' id='word_1_462' title='bbox 2822 835 2958 889; x_wconf 88' lang='lat' dir='ltr'><strong>Nam</strong></span> <span class='ocrx_word' id='word_1_463' title='bbox 3004 847 3330 901; x_wconf 86' lang='lat' dir='ltr'><strong>cognoscere</strong></span> <span class='ocrx_word' id='word_1_464' title='bbox 3366 846 3528 883; x_wconf 87' lang='lat' dir='ltr'><strong>unum</strong></span> 
     </span>
    </p>
   </div>
   <div class='ocr_carea' id='block_1_68' title="bbox 1967 921 3528 994">
    <p class='ocr_par' dir='ltr' id='par_1_68' title="bbox 1967 921 3528 994">
     <span class='ocr_line' id='line_1_68' title="bbox 1967 921 3528 994; baseline -0.004 -15"><span class='ocrx_word' id='word_1_465' title='bbox 1967 926 2136 980; x_wconf 88' lang='lat' dir='ltr'><strong>Deum</strong></span> <span class='ocrx_word' id='word_1_466' title='bbox 2183 935 2286 986; x_wconf 80' lang='lat' dir='ltr'><strong>est.</strong></span> <span class='ocrx_word' id='word_1_467' title='bbox 2315 924 2466 994; x_wconf 79' lang='lat' dir='ltr'><strong>juxta</strong></span> <span class='ocrx_word' id='word_1_468' title='bbox 2499 925 2847 991; x_wconf 80' lang='lat' dir='ltr'><strong>scripturam,</strong></span> <span class='ocrx_word' id='word_1_469' title='bbox 2885 921 3037 975; x_wconf 79' lang='lat' dir='ltr'><strong>radix</strong></span> <span class='ocrx_word' id='word_1_470' title='bbox 3064 921 3528 974; x_wconf 85' lang='lat' dir='ltr'><strong>immortalitatis:</strong></span> 
     </span>
    </p>
   </div>
   <div class='ocr_carea' id='block_1_69' title="bbox 1965 1005 3527 1085">
    <p class='ocr_par' dir='ltr' id='par_1_69' title="bbox 1965 1005 3527 1085">
     <span class='ocr_line' id='line_1_69' title="bbox 1965 1005 3527 1085; baseline -0.008 -13"><span class='ocrx_word' id='word_1_471' title='bbox 1965 1026 2022 1072; x_wconf 88' lang='lat' dir='ltr'><strong>et</strong></span> <span class='ocrx_word' id='word_1_472' title='bbox 2050 1019 2190 1072; x_wconf 88' lang='lat' dir='ltr'><strong>scire</strong></span> <span class='ocrx_word' id='word_1_473' title='bbox 2222 1018 2517 1085; x_wconf 83' lang='lat' dir='ltr'><strong>potentiam</strong></span> <span class='ocrx_word' id='word_1_474' title='bbox 2555 1018 2714 1069; x_wconf 63' lang='lat' dir='ltr'><strong>trinae</strong></span> <span class='ocrx_word' id='word_1_475' title='bbox 2744 1013 2992 1073; x_wconf 86' lang='lat' dir='ltr'><strong>unitatis,</strong></span> <span class='ocrx_word' id='word_1_476' title='bbox 3052 1005 3259 1080; x_wconf 83' lang='lat' dir='ltr'><strong>integra</strong></span> <span class='ocrx_word' id='word_1_477' title='bbox 3297 1011 3527 1080; x_wconf 85' lang='lat' dir='ltr'><strong>justitia.</strong></span> 
     </span>
    </p>
   </div>
   <div class='ocr_carea' id='block_1_70' title="bbox 1966 1101 3534 1175">
    <p class='ocr_par' dir='ltr' id='par_1_70' title="bbox 1966 1101 3534 1175">
     <span class='ocr_line' id='line_1_70' title="bbox 1966 1101 3534 1175; baseline -0.009 -9"><span class='ocrx_word' id='word_1_478' title='bbox 1966 1110 2062 1166; x_wconf 74' lang='lat' dir='ltr'><strong>Vel</strong></span> <span class='ocrx_word' id='word_1_479' title='bbox 2086 1111 2260 1163; x_wconf 79' lang='lat' dir='ltr'><strong>adhuc</strong></span> <span class='ocrx_word' id='word_1_480' title='bbox 2295 1107 2664 1175; x_wconf 79' lang='lat' dir='ltr'><strong>evangelicum</strong></span> <span class='ocrx_word' id='word_1_481' title='bbox 2714 1105 2934 1159; x_wconf 67' lang='lat' dir='ltr'><strong>effatum</strong></span> <span class='ocrx_word' id='word_1_482' title='bbox 2981 1104 3061 1158; x_wconf 87' lang='lat' dir='ltr'><strong>sic</strong></span> <span class='ocrx_word' id='word_1_483' title='bbox 3103 1101 3325 1170; x_wconf 87' lang='lat' dir='ltr'><strong>intelligi</strong></span> <span class='ocrx_word' id='word_1_484' title='bbox 3377 1115 3534 1169; x_wconf 83' lang='lat' dir='ltr'><strong>opor-</strong></span> 
     </span>
    </p>
   </div>
   <div class='ocr_carea' id='block_1_71' title="bbox 1971 1199 3532 1264">
    <p class='ocr_par' dir='ltr' id='par_1_71' title="bbox 1971 1199 3532 1264">
     <span class='ocr_line' id='line_1_71' title="bbox 1971 1199 3532 1264; baseline -0.008 -10"><span class='ocrx_word' id='word_1_485' title='bbox 1971 1211 2046 1255; x_wconf 86' lang='lat' dir='ltr'><strong>tet</strong></span> <span class='ocrx_word' id='word_1_486' title='bbox 2079 1217 2095 1254; x_wconf 90' lang='lat'><strong>:</strong></span> <span class='ocrx_word' id='word_1_487' title='bbox 2137 1219 2155 1253; x_wconf 83' lang='grc' dir='ltr'><strong>ι</strong></span> <span class='ocrx_word' id='word_1_488' title='bbox 2197 1199 2324 1254; x_wconf 65' lang='grc' dir='ltr'>Ιιειτσ</span> <span class='ocrx_word' id='word_1_489' title='bbox 2355 1199 2569 1254; x_wconf 84' lang='lat' dir='ltr'><strong>estvita</strong></span> <span class='ocrx_word' id='word_1_490' title='bbox 2604 1208 2824 1260; x_wconf 68' lang='lat' dir='ltr'><strong>aeterna,</strong></span> <span class='ocrx_word' id='word_1_491' title='bbox 2860 1205 2920 1248; x_wconf 87' lang='lat' dir='ltr'><strong>ut</strong></span> <span class='ocrx_word' id='word_1_492' title='bbox 2954 1202 3280 1264; x_wconf 67' lang='lat' dir='ltr'><strong>cognoscant</strong></span> <span class='ocrx_word' id='word_1_493' title='bbox 3305 1202 3353 1245; x_wconf 91' lang='lat' dir='ltr'><strong>te</strong></span> <span class='ocrx_word' id='word_1_494' title='bbox 3371 1207 3532 1244; x_wconf 89' lang='lat' dir='ltr'><strong>unum</strong></span> 
     </span>
    </p>
   </div>
   <div class='ocr_carea' id='block_1_72' title="bbox 1970 1282 3530 1354">
    <p class='ocr_par' dir='ltr' id='par_1_72' title="bbox 1970 1282 3530 1354">
     <span class='ocr_line' id='line_1_72' title="bbox 1970 1282 3530 1354; baseline -0.008 -8"><span class='ocrx_word' id='word_1_495' title='bbox 1970 1307 2156 1346; x_wconf 81' lang='lat' dir='ltr'><strong>verum</strong></span> <span class='ocrx_word' id='word_1_496' title='bbox 2187 1292 2352 1345; x_wconf 83' lang='lat' dir='ltr'><strong>Deum</strong></span> <span class='ocrx_word' id='word_1_497' title='bbox 2384 1291 2440 1345; x_wconf 92' lang='lat' dir='ltr'><strong>in</strong></span> <span class='ocrx_word' id='word_1_498' title='bbox 2476 1290 2653 1343; x_wconf 88' lang='lat' dir='ltr'><strong>tribus</strong></span> <span class='ocrx_word' id='word_1_499' title='bbox 2702 1286 2970 1354; x_wconf 86' lang='lat' dir='ltr'><strong>personis,</strong></span> <span class='ocrx_word' id='word_1_500' title='bbox 3017 1295 3072 1339; x_wconf 88' lang='lat' dir='ltr'><strong>et</strong></span> <span class='ocrx_word' id='word_1_501' title='bbox 3132 1299 3290 1351; x_wconf 87' lang='lat' dir='ltr'><strong>quem</strong></span> <span class='ocrx_word' id='word_1_502' title='bbox 3338 1282 3530 1335; x_wconf 75' lang='lat' dir='ltr'><strong>misisti</strong></span> 
     </span>
    </p>
   </div>
   <div class='ocr_carea' id='block_1_73' title="bbox 1967 1374 3534 1447">
    <p class='ocr_par' dir='ltr' id='par_1_73' title="bbox 1967 1374 3534 1447">
     <span class='ocr_line' id='line_1_73' title="bbox 1967 1374 3534 1447; baseline -0.01 -8"><span class='ocrx_word' id='word_1_503' title='bbox 1967 1383 2155 1439; x_wconf 80' lang='lat' dir='ltr'><strong>Jcsum</strong></span> <span class='ocrx_word' id='word_1_504' title='bbox 2191 1383 2492 1447; x_wconf 85' lang='lat' dir='ltr'><strong>Christum,</strong></span> <span class='ocrx_word' id='word_1_505' title='bbox 2545 1381 2600 1434; x_wconf 91' lang='lat' dir='ltr'><strong>in</strong></span> <span class='ocrx_word' id='word_1_506' title='bbox 2640 1378 2852 1432; x_wconf 84' lang='lat' dir='ltr'><strong>duabus</strong></span> <span class='ocrx_word' id='word_1_507' title='bbox 2898 1375 3112 1431; x_wconf 86' lang='lat' dir='ltr'><strong>naturis</strong></span> <span class='ocrx_word' id='word_1_508' title='bbox 3157 1386 3209 1428; x_wconf 90' lang='lat' dir='ltr'><strong>et</strong></span> <span class='ocrx_word' id='word_1_509' title='bbox 3243 1374 3534 1426; x_wconf 85' lang='lat' dir='ltr'><strong>voluntati-</strong></span> 
     </span>
    </p>
   </div>
   <div class='ocr_carea' id='block_1_74' title="bbox 1969 1475 2195 1529">
    <p class='ocr_par' dir='ltr' id='par_1_74' title="bbox 1969 1475 2195 1529">
     <span class='ocr_line' id='line_1_74' title="bbox 1969 1475 2195 1529; baseline -0.018 0"><span class='ocrx_word' id='word_1_510' title='bbox 1969 1476 2069 1529; x_wconf 86' lang='lat' dir='ltr'><strong>bus</strong></span> <span class='ocrx_word' id='word_1_511' title='bbox 2089 1475 2129 1528; x_wconf 81' lang='grc'><strong>⁵.</strong></span> <span class='ocrx_word' id='word_1_512' title='bbox 2176 1492 2195 1525; x_wconf 76' lang='grc' dir='ltr'><strong>ι</strong></span> 
     </span>
    </p>
   </div>
   <div class='ocr_carea' id='block_1_75' title="bbox 2035 1554 3532 1635">
    <p class='ocr_par' dir='ltr' id='par_1_75' title="bbox 2035 1554 3532 1635">
     <span class='ocr_line' id='line_1_75' title="bbox 2035 1554 3532 1635; baseline -0.01 -15"><span class='ocrx_word' id='word_1_513' title='bbox 2035 1566 2124 1621; x_wconf 77' lang='lat'><strong>&#39;53.</strong></span> <span class='ocrx_word' id='word_1_514' title='bbox 2153 1565 2224 1622; x_wconf 83' lang='lat' dir='ltr'><strong>Ut</strong></span> <span class='ocrx_word' id='word_1_515' title='bbox 2259 1564 2476 1635; x_wconf 71' lang='lat' dir='ltr'><strong>prannia</strong></span> <span class='ocrx_word' id='word_1_516' title='bbox 2507 1564 2790 1622; x_wconf 88' lang='lat' dir='ltr'><strong>bonorum,</strong></span> <span class='ocrx_word' id='word_1_517' title='bbox 2827 1560 2908 1613; x_wconf 89' lang='lat' dir='ltr'><strong>sic</strong></span> <span class='ocrx_word' id='word_1_518' title='bbox 2931 1571 3105 1627; x_wconf 64' lang='lat' dir='ltr'><strong>pinna:</strong></span> <span class='ocrx_word' id='word_1_519' title='bbox 3133 1564 3260 1610; x_wconf 91' lang='lat' dir='ltr'><strong>sunt</strong></span> <span class='ocrx_word' id='word_1_520' title='bbox 3282 1554 3532 1613; x_wconf 73' lang='lat' dir='ltr'><strong>diversze;</strong></span> 
     </span>
    </p>
   </div>
   <div class='ocr_carea' id='block_1_76' title="bbox 1968 1642 3533 1722">
    <p class='ocr_par' dir='ltr' id='par_1_76' title="bbox 1968 1642 3533 1722">
     <span class='ocr_line' id='line_1_76' title="bbox 1968 1642 3533 1722; baseline -0.013 -9"><span class='ocrx_word' id='word_1_521' title='bbox 1968 1658 2099 1713; x_wconf 80' lang='lat' dir='ltr'><strong>etin</strong></span> <span class='ocrx_word' id='word_1_522' title='bbox 2129 1657 2344 1712; x_wconf 79' lang='lat' dir='ltr'><strong>inferno</strong></span> <span class='ocrx_word' id='word_1_523' title='bbox 2381 1653 2696 1722; x_wconf 79' lang='lat' dir='ltr'><strong>sunt,juxta</strong></span> <span class='ocrx_word' id='word_1_524' title='bbox 2721 1650 3060 1719; x_wconf 85' lang='lat' dir='ltr'><strong>Scripturam</strong></span> <span class='ocrx_word' id='word_1_525' title='bbox 3081 1646 3346 1700; x_wconf 88' lang='lat' dir='ltr'><strong>dicentem</strong></span> <span class='ocrx_word' id='word_1_526' title='bbox 3381 1657 3396 1698; x_wconf 88' lang='lat'><strong>:</strong></span> <span class='ocrx_word' id='word_1_527' title='bbox 3423 1660 3441 1693; x_wconf 75' lang='grc' dir='ltr'><strong>ι</strong></span> <span class='ocrx_word' id='word_1_528' title='bbox 3476 1642 3533 1693; x_wconf 90' lang='lat' dir='ltr'><strong>In</strong></span> 
     </span>
    </p>
   </div>
   <div class='ocr_carea' id='block_1_77' title="bbox 1971 1732 3534 1818">
    <p class='ocr_par' dir='ltr' id='par_1_77' title="bbox 1971 1732 3534 1818">
     <span class='ocr_line' id='line_1_77' title="bbox 1971 1732 3534 1818; baseline -0.012 -15"><span class='ocrx_word' id='word_1_529' title='bbox 1971 1759 2120 1803; x_wconf 86' lang='lat' dir='ltr'><strong>terra</strong></span> <span class='ocrx_word' id='word_1_530' title='bbox 2181 1748 2477 1818; x_wconf 75' lang='lat' dir='ltr'><strong>caliginosa</strong></span> <span class='ocrx_word' id='word_1_531' title='bbox 2540 1755 2594 1798; x_wconf 90' lang='lat' dir='ltr'><strong>et</strong></span> <span class='ocrx_word' id='word_1_532' title='bbox 2643 1747 2952 1804; x_wconf 80' lang='lat' dir='ltr'><strong>tenebrosa,</strong></span> <span class='ocrx_word' id='word_1_533' title='bbox 3013 1740 3065 1792; x_wconf 91' lang='lat' dir='ltr'><strong>in</strong></span> <span class='ocrx_word' id='word_1_534' title='bbox 3120 1747 3259 1792; x_wconf 87' lang='lat' dir='ltr'><strong>terra</strong></span> <span class='ocrx_word' id='word_1_535' title='bbox 3287 1732 3534 1798; x_wconf 79' lang='lat' dir='ltr'><strong>caliginis</strong></span> 
     </span>
    </p>
   </div>
   <div class='ocr_carea' id='block_1_78' title="bbox 1977 1826 3532 1909">
    <p class='ocr_par' dir='ltr' id='par_1_78' title="bbox 1977 1826 3532 1909">
     <span class='ocr_line' id='line_1_78' title="bbox 1977 1826 3532 1909; baseline -0.011 -15"><span class='ocrx_word' id='word_1_536' title='bbox 1977 1840 2345 1909; x_wconf 61' lang='lat' dir='ltr'><strong>sempiternae,</strong></span> <span class='ocrx_word' id='word_1_537' title='bbox 2384 1837 2456 1889; x_wconf 82' lang='lat' dir='ltr'><strong>ibi</strong></span> <span class='ocrx_word' id='word_1_538' title='bbox 2487 1845 2802 1904; x_wconf 80' lang='lat' dir='ltr'><strong>peccatores</strong></span> <span class='ocrx_word' id='word_1_539' title='bbox 2830 1832 3072 1885; x_wconf 82' lang='lat' dir='ltr'><strong>habitant</strong></span> <span class='ocrx_word' id='word_1_540' title='bbox 3093 1835 3216 1881; x_wconf 86' lang='lat' dir='ltr'><strong>ante</strong></span> <span class='ocrx_word' id='word_1_541' title='bbox 3237 1826 3532 1891; x_wconf 83' lang='lat' dir='ltr'><strong>judicium.</strong></span> 
     </span>
    </p>
   </div>
   <div class='ocr_carea' id='block_1_79' title="bbox 1974 1913 3532 1998">
    <p class='ocr_par' dir='ltr' id='par_1_79' title="bbox 1974 1913 3532 1998">
     <span class='ocr_line' id='line_1_79' title="bbox 1974 1913 3532 1998; baseline -0.014 -12"><span class='ocrx_word' id='word_1_542' title='bbox 1974 1943 2029 1986; x_wconf 90' lang='lat' dir='ltr'><strong>et</strong></span> <span class='ocrx_word' id='word_1_543' title='bbox 2069 1945 2163 1998; x_wconf 88' lang='lat' dir='ltr'><strong>per</strong></span> <span class='ocrx_word' id='word_1_544' title='bbox 2180 1928 2502 1982; x_wconf 84' lang='lat' dir='ltr'><strong>sententiam</strong></span> <span class='ocrx_word' id='word_1_545' title='bbox 2536 1925 2724 1978; x_wconf 84' lang='lat' dir='ltr'><strong>iueam</strong></span> <span class='ocrx_word' id='word_1_546' title='bbox 2750 1921 3104 1975; x_wconf 77' lang='lat' dir='ltr'><strong>deducuntur.</strong></span> <span class='ocrx_word' id='word_1_547' title='bbox 3133 1935 3154 1968; x_wconf 77' lang='grc' dir='ltr'><strong>ι</strong></span> <span class='ocrx_word' id='word_1_548' title='bbox 3185 1915 3318 1969; x_wconf 83' lang='lat' dir='ltr'><strong>illud</strong></span> <span class='ocrx_word' id='word_1_549' title='bbox 3351 1913 3532 1967; x_wconf 83' lang='lat' dir='ltr'><strong>enim:</strong></span> 
     </span>
    </p>
   </div>
   <div class='ocr_carea' id='block_1_80' title="bbox 1981 2002 3535 2076">
    <p class='ocr_par' dir='ltr' id='par_1_80' title="bbox 1981 2002 3535 2076">
     <span class='ocr_line' id='line_1_80' title="bbox 1981 2002 3535 2076; baseline -0.014 -1"><span class='ocrx_word' id='word_1_550' title='bbox 1981 2042 1998 2075; x_wconf 85' lang='grc' dir='ltr'><strong>ι</strong></span> <span class='ocrx_word' id='word_1_551' title='bbox 2042 2023 2263 2076; x_wconf 75' lang='lat' dir='ltr'><strong>Detlucti</strong></span> <span class='ocrx_word' id='word_1_552' title='bbox 2291 2028 2417 2073; x_wconf 86' lang='lat' dir='ltr'><strong>sunt</strong></span> <span class='ocrx_word' id='word_1_553' title='bbox 2441 2019 2493 2070; x_wconf 93' lang='lat' dir='ltr'><strong>in</strong></span> <span class='ocrx_word' id='word_1_554' title='bbox 2523 2015 2793 2068; x_wconf 83' lang='lat' dir='ltr'><strong>infernum</strong></span> <span class='ocrx_word' id='word_1_555' title='bbox 2823 2019 3166 2076; x_wconf 82' lang='lat' dir='ltr'><strong>peccatores,</strong></span> <span class='ocrx_word' id='word_1_556' title='bbox 3213 2023 3230 2055; x_wconf 84' lang='grc' dir='ltr'><strong>ι</strong></span> <span class='ocrx_word' id='word_1_557' title='bbox 3269 2013 3322 2056; x_wconf 86' lang='lat' dir='ltr'><strong>ct</strong></span> <span class='ocrx_word' id='word_1_558' title='bbox 3353 2002 3481 2054; x_wconf 88' lang='lat' dir='ltr'><strong>illud</strong></span> <span class='ocrx_word' id='word_1_559' title='bbox 3519 2017 3535 2054; x_wconf 89' lang='lat'><strong>:</strong></span> 
     </span>
    </p>
   </div>
   <div class='ocr_carea' id='block_1_81' title="bbox 1981 2099 3538 2176">
    <p class='ocr_par' dir='ltr' id='par_1_81' title="bbox 1981 2099 3538 2176">
     <span class='ocr_line' id='line_1_81' title="bbox 1981 2099 3538 2176; baseline -0.017 -10"><span class='ocrx_word' id='word_1_560' title='bbox 1981 2133 2003 2165; x_wconf 68' lang='grc' dir='ltr'><strong>ι</strong></span> <span class='ocrx_word' id='word_1_561' title='bbox 2037 2112 2183 2166; x_wconf 83' lang='lat' dir='ltr'><strong>Mors</strong></span> <span class='ocrx_word' id='word_1_562' title='bbox 2215 2110 2386 2176; x_wconf 81' lang='lat' dir='ltr'><strong>pascit</strong></span> <span class='ocrx_word' id='word_1_563' title='bbox 2417 2107 2561 2169; x_wconf 86' lang='lat' dir='ltr'><strong>illos,</strong></span> <span class='ocrx_word' id='word_1_564' title='bbox 2608 2123 2626 2155; x_wconf 72' lang='grc' dir='ltr'><strong>ι</strong></span> <span class='ocrx_word' id='word_1_565' title='bbox 2667 2102 2793 2171; x_wconf 89' lang='lat' dir='ltr'><strong>quid</strong></span> <span class='ocrx_word' id='word_1_566' title='bbox 2831 2099 2975 2152; x_wconf 85' lang='lat' dir='ltr'><strong>aliud</strong></span> <span class='ocrx_word' id='word_1_567' title='bbox 3006 2107 3134 2151; x_wconf 87' lang='lat' dir='ltr'><strong>sunt</strong></span> <span class='ocrx_word' id='word_1_568' title='bbox 3152 2107 3310 2164; x_wconf 85' lang='lat' dir='ltr'><strong>quam</strong></span> <span class='ocrx_word' id='word_1_569' title='bbox 3347 2103 3538 2159; x_wconf 83' lang='lat' dir='ltr'><strong>supre-</strong></span> 
     </span>
    </p>
   </div>
   <div class='ocr_carea' id='block_1_82' title="bbox 1977 2188 3027 2258">
    <p class='ocr_par' dir='ltr' id='par_1_82' title="bbox 1977 2188 3027 2258">
     <span class='ocr_line' id='line_1_82' title="bbox 1977 2188 3027 2258; baseline -0.018 0"><span class='ocrx_word' id='word_1_570' title='bbox 1977 2220 2062 2258; x_wconf 87' lang='lat' dir='ltr'><strong>ma</strong></span> <span class='ocrx_word' id='word_1_571' title='bbox 2096 2198 2364 2256; x_wconf 85' lang='lat' dir='ltr'><strong>sententia</strong></span> <span class='ocrx_word' id='word_1_572' title='bbox 2391 2205 2445 2250; x_wconf 91' lang='lat' dir='ltr'><strong>et</strong></span> <span class='ocrx_word' id='word_1_573' title='bbox 2483 2204 2683 2250; x_wconf 83' lang='lat' dir='ltr'><strong>aeterna</strong></span> <span class='ocrx_word' id='word_1_574' title='bbox 2712 2188 3027 2246; x_wconf 84' lang='lat' dir='ltr'><strong>damnatio?</strong></span> 
     </span>
    </p>
   </div>
   <div class='ocr_carea' id='block_1_83' title="bbox 2047 2361 3537 2440">
    <p class='ocr_par' dir='ltr' id='par_1_83' title="bbox 2047 2361 3537 2440">
     <span class='ocr_line' id='line_1_83' title="bbox 2047 2361 3537 2440; baseline -0.019 -10"><span class='ocrx_word' id='word_1_575' title='bbox 2047 2375 2132 2430; x_wconf 69' lang='grc'><strong>54.</strong></span> <span class='ocrx_word' id='word_1_576' title='bbox 2187 2373 2324 2428; x_wconf 90' lang='lat' dir='ltr'><strong>Sunt</strong></span> <span class='ocrx_word' id='word_1_577' title='bbox 2363 2371 2524 2440; x_wconf 79' lang='lat' dir='ltr'><strong>ignis,</strong></span> <span class='ocrx_word' id='word_1_578' title='bbox 2586 2367 2780 2436; x_wconf 85' lang='lat' dir='ltr'><strong>caligo,</strong></span> <span class='ocrx_word' id='word_1_579' title='bbox 2816 2361 3123 2429; x_wconf 82' lang='lat' dir='ltr'><strong>vermisque</strong></span> <span class='ocrx_word' id='word_1_580' title='bbox 3171 2365 3225 2411; x_wconf 91' lang='lat' dir='ltr'><strong>et</strong></span> <span class='ocrx_word' id='word_1_581' title='bbox 3279 2365 3537 2414; x_wconf 81' lang='lat' dir='ltr'><strong>tartarus,</strong></span> 
     </span>
    </p>
   </div>
   <div class='ocr_carea' id='block_1_84' title="bbox 1976 2446 3630 2533">
    <p class='ocr_par' dir='ltr' id='par_1_84' title="bbox 1976 2446 3630 2533">
     <span class='ocr_line' id='line_1_84' title="bbox 1976 2446 3630 2533; baseline -0.018 -10"><span class='ocrx_word' id='word_1_582' title='bbox 1976 2469 2220 2523; x_wconf 89' lang='lat' dir='ltr'><strong>omnium</strong></span> <span class='ocrx_word' id='word_1_583' title='bbox 2261 2465 2571 2533; x_wconf 88' lang='lat' dir='ltr'><strong>passionum</strong></span> <span class='ocrx_word' id='word_1_584' title='bbox 2603 2470 2787 2522; x_wconf 65' lang='lat' dir='ltr'><strong>aestus,</strong></span> <span class='ocrx_word' id='word_1_585' title='bbox 2821 2465 2874 2509; x_wconf 87' lang='lat' dir='ltr'><strong>et</strong></span> <span class='ocrx_word' id='word_1_586' title='bbox 2912 2464 3137 2507; x_wconf 86' lang='lat' dir='ltr'><strong>cunctos</strong></span> <span class='ocrx_word' id='word_1_587' title='bbox 3173 2446 3540 2502; x_wconf 72' lang='lat' dir='ltr'><strong>ollletteltratts</strong></span> <span class='ocrx_word' id='word_1_588' title='bbox 3627 2509 3630 2512; x_wconf 8' lang='grc' dir='ltr'><strong>γ</strong></span> 
     </span>
    </p>
   </div>
   <div class='ocr_carea' id='block_1_85' title="bbox 1977 2533 3542 2629">
    <p class='ocr_par' dir='ltr' id='par_1_85' title="bbox 1977 2533 3542 2629">
     <span class='ocr_line' id='line_1_85' title="bbox 1977 2533 3542 2629; baseline -0.019 -15"><span class='ocrx_word' id='word_1_589' title='bbox 1977 2557 2304 2629; x_wconf 82' lang='lat' dir='ltr'><strong>ignorantia,</strong></span> <span class='ocrx_word' id='word_1_590' title='bbox 2336 2564 2392 2609; x_wconf 91' lang='lat' dir='ltr'><strong>et</strong></span> <span class='ocrx_word' id='word_1_591' title='bbox 2417 2551 2725 2608; x_wconf 88' lang='lat' dir='ltr'><strong>communis</strong></span> <span class='ocrx_word' id='word_1_592' title='bbox 2757 2546 3008 2599; x_wconf 85' lang='lat' dir='ltr'><strong>omnilms</strong></span> <span class='ocrx_word' id='word_1_593' title='bbox 3036 2539 3352 2594; x_wconf 89' lang='lat' dir='ltr'><strong>deliciarum</strong></span> <span class='ocrx_word' id='word_1_594' title='bbox 3407 2533 3542 2586; x_wconf 86' lang='lat' dir='ltr'><strong>titil-</strong></span> 
     </span>
    </p>
   </div>
   <div class='ocr_carea' id='block_1_86' title="bbox 1976 2627 3542 2717">
    <p class='ocr_par' dir='ltr' id='par_1_86' title="bbox 1976 2627 3542 2717">
     <span class='ocr_line' id='line_1_86' title="bbox 1976 2627 3542 2717; baseline -0.02 -12"><span class='ocrx_word' id='word_1_595' title='bbox 1976 2627 2123 2712; x_wconf 77' lang='lat' dir='ltr'><strong>latio,</strong></span> <span class='ocrx_word' id='word_1_596' title='bbox 2169 2660 2332 2717; x_wconf 89' lang='lat' dir='ltr'><strong>atque</strong></span> <span class='ocrx_word' id='word_1_597' title='bbox 2385 2655 2589 2698; x_wconf 87' lang='lat' dir='ltr'><strong>tremor</strong></span> <span class='ocrx_word' id='word_1_598' title='bbox 2621 2650 2674 2694; x_wconf 89' lang='lat' dir='ltr'><strong>et</strong></span> <span class='ocrx_word' id='word_1_599' title='bbox 2726 2638 2925 2691; x_wconf 77' lang='lat' dir='ltr'><strong>fctidos</strong></span> <span class='ocrx_word' id='word_1_600' title='bbox 2955 2644 3113 2702; x_wconf 91' lang='lat' dir='ltr'><strong>putor.</strong></span> <span class='ocrx_word' id='word_1_601' title='bbox 3150 2627 3396 2699; x_wconf 88' lang='lat' dir='ltr'><strong>peccati:</strong></span> <span class='ocrx_word' id='word_1_602' title='bbox 3423 2639 3542 2691; x_wconf 74' lang='lat' dir='ltr'><strong>qme</strong></span> 
     </span>
    </p>
   </div>
   <div class='ocr_carea' id='block_1_87' title="bbox 1972 2719 3544 2814">
    <p class='ocr_par' dir='ltr' id='par_1_87' title="bbox 1972 2719 3544 2814">
     <span class='ocr_line' id='line_1_87' title="bbox 1972 2719 3544 2814; baseline -0.021 -16"><span class='ocrx_word' id='word_1_603' title='bbox 1972 2745 2126 2814; x_wconf 85' lang='lat' dir='ltr'><strong>quasi</strong></span> <span class='ocrx_word' id='word_1_604' title='bbox 2157 2743 2334 2796; x_wconf 72' lang='lat' dir='ltr'><strong>arrlue</strong></span> <span class='ocrx_word' id='word_1_605' title='bbox 2359 2754 2421 2792; x_wconf 89' lang='lat' dir='ltr'><strong>ac</strong></span> <span class='ocrx_word' id='word_1_606' title='bbox 2449 2733 2697 2806; x_wconf 70' lang='lat' dir='ltr'><strong>primitia‘:</strong></span> <span class='ocrx_word' id='word_1_607' title='bbox 2723 2743 3005 2801; x_wconf 59' lang='lat' dir='ltr'><strong>poenarum</strong></span> <span class='ocrx_word' id='word_1_608' title='bbox 3033 2727 3142 2795; x_wconf 85' lang='lat' dir='ltr'><strong>jam</strong></span> <span class='ocrx_word' id='word_1_609' title='bbox 3173 2737 3314 2775; x_wconf 88' lang='lat' dir='ltr'><strong>nunc</strong></span> <span class='ocrx_word' id='word_1_610' title='bbox 3346 2719 3398 2771; x_wconf 88' lang='lat' dir='ltr'><strong>in</strong></span> <span class='ocrx_word' id='word_1_611' title='bbox 3420 2732 3544 2783; x_wconf 83' lang='lat' dir='ltr'><strong>pec-</strong></span> 
     </span>
    </p>
   </div>
   <div class='ocr_carea' id='block_1_88' title="bbox 1972 2807 3542 2895">
    <p class='ocr_par' dir='ltr' id='par_1_88' title="bbox 1972 2807 3542 2895">
     <span class='ocr_line' id='line_1_88' title="bbox 1972 2807 3542 2895; baseline -0.021 -5"><span class='ocrx_word' id='word_1_612' title='bbox 1972 2807 2216 2890; x_wconf 79' lang='lat' dir='ltr'><strong>catorum</strong></span> <span class='ocrx_word' id='word_1_613' title='bbox 2267 2831 2461 2886; x_wconf 86' lang='lat' dir='ltr'><strong>animis</strong></span> <span class='ocrx_word' id='word_1_614' title='bbox 2523 2825 2833 2895; x_wconf 66' lang='lat' dir='ltr'><strong>praemissae,</strong></span> <span class='ocrx_word' id='word_1_615' title='bbox 2889 2835 2983 2888; x_wconf 85' lang='lat' dir='ltr'><strong>per</strong></span> <span class='ocrx_word' id='word_1_616' title='bbox 3042 2817 3255 2870; x_wconf 83' lang='lat' dir='ltr'><strong>habitus</strong></span> <span class='ocrx_word' id='word_1_617' title='bbox 3312 2807 3542 2864; x_wconf 78' lang='lat' dir='ltr'><strong>manife-</strong></span> 
     </span>
    </p>
   </div>
   <div class='ocr_carea' id='block_1_89' title="bbox 1972 2931 2456 2984">
    <p class='ocr_par' dir='ltr' id='par_1_89' title="bbox 1972 2931 2456 2984">
     <span class='ocr_line' id='line_1_89' title="bbox 1972 2931 2456 2984; baseline -0.014 0"><span class='ocrx_word' id='word_1_618' title='bbox 1972 2937 2211 2984; x_wconf 82' lang='lat' dir='ltr'><strong>staatur.</strong></span> <span class='ocrx_word' id='word_1_619' title='bbox 2444 2931 2456 2939; x_wconf 83' lang='lat'><strong>’</strong></span> 
     </span>
    </p>
   </div>
   <div class='ocr_carea' id='block_1_90' title="bbox 2043 3097 3531 3174">
    <p class='ocr_par' dir='ltr' id='par_1_90' title="bbox 2043 3097 3531 3174">
     <span class='ocr_line' id='line_1_90' title="bbox 2043 3097 3531 3174; baseline -0.017 -1"><span class='ocrx_word' id='word_1_620' title='bbox 2043 3118 2132 3174; x_wconf 74' lang='lat'><strong>55.</strong></span> <span class='ocrx_word' id='word_1_621' title='bbox 2166 3116 2486 3170; x_wconf 80' lang='lat' dir='ltr'><strong>Mulctarum</strong></span> <span class='ocrx_word' id='word_1_622' title='bbox 2537 3109 2713 3163; x_wconf 72' lang='lat' dir='ltr'><strong>arrlue</strong></span> <span class='ocrx_word' id='word_1_623' title='bbox 2764 3114 2892 3160; x_wconf 89' lang='lat' dir='ltr'><strong>sunt</strong></span> <span class='ocrx_word' id='word_1_624' title='bbox 2938 3101 3156 3156; x_wconf 68' lang='lat' dir='ltr'><strong>habitus</strong></span> <span class='ocrx_word' id='word_1_625' title='bbox 3195 3097 3531 3167; x_wconf 80' lang='lat' dir='ltr'><strong>passionum.</strong></span> 
     </span>
    </p>
   </div>
   <div class='ocr_carea' id='block_1_91' title="bbox 1976 3191 3538 3266">
    <p class='ocr_par' dir='ltr' id='par_1_91' title="bbox 1976 3191 3538 3266">
     <span class='ocr_line' id='line_1_91' title="bbox 1976 3191 3538 3266; baseline -0.015 -2"><span class='ocrx_word' id='word_1_626' title='bbox 1976 3213 2114 3266; x_wconf 82' lang='lat' dir='ltr'><strong>sicut</strong></span> <span class='ocrx_word' id='word_1_627' title='bbox 2145 3220 2200 3262; x_wconf 90' lang='lat' dir='ltr'><strong>et</strong></span> <span class='ocrx_word' id='word_1_628' title='bbox 2245 3209 2501 3259; x_wconf 82' lang='lat' dir='ltr'><strong>virtutum</strong></span> <span class='ocrx_word' id='word_1_629' title='bbox 2525 3213 2678 3255; x_wconf 89' lang='lat' dir='ltr'><strong>actus</strong></span> <span class='ocrx_word' id='word_1_630' title='bbox 2703 3209 2832 3253; x_wconf 89' lang='lat' dir='ltr'><strong>sunt</strong></span> <span class='ocrx_word' id='word_1_631' title='bbox 2856 3198 3004 3265; x_wconf 86' lang='lat' dir='ltr'><strong>regni</strong></span> <span class='ocrx_word' id='word_1_632' title='bbox 3029 3194 3267 3248; x_wconf 61' lang='lat' dir='ltr'><strong>caelestis</strong></span> <span class='ocrx_word' id='word_1_633' title='bbox 3297 3191 3538 3258; x_wconf 73' lang='lat' dir='ltr'><strong>pignora.</strong></span> 
     </span>
    </p>
   </div>
   <div class='ocr_carea' id='block_1_92' title="bbox 1977 3282 3540 3370">
    <p class='ocr_par' dir='ltr' id='par_1_92' title="bbox 1977 3282 3540 3370">
     <span class='ocr_line' id='line_1_92' title="bbox 1977 3282 3540 3370; baseline -0.018 -14"><span class='ocrx_word' id='word_1_634' title='bbox 1977 3299 2326 3370; x_wconf 81' lang='lat' dir='ltr'><strong>Intelligenda</strong></span> <span class='ocrx_word' id='word_1_635' title='bbox 2359 3304 2538 3350; x_wconf 86' lang='lat' dir='ltr'><strong>autem</strong></span> <span class='ocrx_word' id='word_1_636' title='bbox 2571 3304 2698 3346; x_wconf 90' lang='lat' dir='ltr'><strong>sunt</strong></span> <span class='ocrx_word' id='word_1_637' title='bbox 2724 3306 2816 3360; x_wconf 88' lang='lat' dir='ltr'><strong>per</strong></span> <span class='ocrx_word' id='word_1_638' title='bbox 2851 3298 3004 3341; x_wconf 84' lang='lat' dir='ltr'><strong>actus</strong></span> <span class='ocrx_word' id='word_1_639' title='bbox 3043 3299 3204 3350; x_wconf 86' lang='lat' dir='ltr'><strong>opera</strong></span> <span class='ocrx_word' id='word_1_640' title='bbox 3255 3282 3540 3335; x_wconf 83' lang='lat' dir='ltr'><strong>mandato-</strong></span> 
     </span>
    </p>
   </div>
   <div class='ocr_carea' id='block_1_93' title="bbox 1978 3373 3541 3454">
    <p class='ocr_par' dir='ltr' id='par_1_93' title="bbox 1978 3373 3541 3454">
     <span class='ocr_line' id='line_1_93' title="bbox 1978 3373 3541 3454; baseline -0.018 -6"><span class='ocrx_word' id='word_1_641' title='bbox 1978 3410 2117 3454; x_wconf 89' lang='lat' dir='ltr'><strong>rum,</strong></span> <span class='ocrx_word' id='word_1_642' title='bbox 2181 3401 2235 3444; x_wconf 88' lang='lat' dir='ltr'><strong>et</strong></span> <span class='ocrx_word' id='word_1_643' title='bbox 2264 3391 2492 3442; x_wconf 88' lang='lat' dir='ltr'><strong>virtutes</strong></span> <span class='ocrx_word' id='word_1_644' title='bbox 2532 3383 2788 3438; x_wconf 73' lang='lat' dir='ltr'><strong>vocanda:</strong></span> <span class='ocrx_word' id='word_1_645' title='bbox 2842 3389 2969 3434; x_wconf 86' lang='lat' dir='ltr'><strong>sunt</strong></span> <span class='ocrx_word' id='word_1_646' title='bbox 3021 3377 3257 3433; x_wconf 85' lang='lat' dir='ltr'><strong>habitus,</strong></span> <span class='ocrx_word' id='word_1_647' title='bbox 3307 3373 3448 3426; x_wconf 84' lang='lat' dir='ltr'><strong>sicut</strong></span> <span class='ocrx_word' id='word_1_648' title='bbox 3486 3379 3541 3421; x_wconf 90' lang='lat' dir='ltr'><strong>et</strong></span> 
     </span>
    </p>
   </div>
   <div class='ocr_carea' id='block_1_94' title="bbox 1977 3469 3080 3552">
    <p class='ocr_par' dir='ltr' id='par_1_94' title="bbox 1977 3469 3080 3552">
     <span class='ocr_line' id='line_1_94' title="bbox 1977 3469 3080 3552; baseline -0.016 -14"><span class='ocrx_word' id='word_1_649' title='bbox 1977 3483 2212 3552; x_wconf 89' lang='lat' dir='ltr'><strong>nequitia</strong></span> <span class='ocrx_word' id='word_1_650' title='bbox 2235 3492 2591 3549; x_wconf 84' lang='lat' dir='ltr'><strong>perseverans</strong></span> <span class='ocrx_word' id='word_1_651' title='bbox 2622 3475 2819 3550; x_wconf 63' lang='lat' dir='ltr'><strong>dicitur</strong></span> <span class='ocrx_word' id='word_1_652' title='bbox 2847 3469 3080 3524; x_wconf 78' lang='lat' dir='ltr'><strong>habitus.</strong></span> 
     </span>
    </p>
   </div>
   <div class='ocr_carea' id='block_1_95' title="bbox 2045 3555 3542 3637">
    <p class='ocr_par' dir='ltr' id='par_1_95' title="bbox 2045 3555 3542 3637">
     <span class='ocr_line' id='line_1_95' title="bbox 2045 3555 3542 3637; baseline -0.018 -7"><span class='ocrx_word' id='word_1_653' title='bbox 2045 3576 2134 3629; x_wconf 74' lang='grc'><strong>56.</strong></span> <span class='ocrx_word' id='word_1_654' title='bbox 2163 3571 2374 3626; x_wconf 87' lang='lat' dir='ltr'><strong>Itemde</strong></span> <span class='ocrx_word' id='word_1_655' title='bbox 2395 3568 2567 3637; x_wconf 70' lang='lat' dir='ltr'><strong>pomis</strong></span> <span class='ocrx_word' id='word_1_656' title='bbox 2594 3580 2655 3616; x_wconf 83' lang='lat' dir='ltr'><strong>ac</strong></span> <span class='ocrx_word' id='word_1_657' title='bbox 2677 3564 2743 3617; x_wconf 87' lang='lat' dir='ltr'><strong>de</strong></span> <span class='ocrx_word' id='word_1_658' title='bbox 2773 3561 3030 3631; x_wconf 68' lang='lat' dir='ltr'><strong>prtemiis,</strong></span> <span class='ocrx_word' id='word_1_659' title='bbox 3065 3557 3190 3610; x_wconf 90' lang='lat' dir='ltr'><strong>licet</strong></span> <span class='ocrx_word' id='word_1_660' title='bbox 3222 3555 3542 3620; x_wconf 73' lang='lat' dir='ltr'><strong>discrepare</strong></span> 
     </span>
    </p>
   </div>
   <div class='ocr_carea' id='block_1_96' title="bbox 1977 3644 3544 3719">
    <p class='ocr_par' dir='ltr' id='par_1_96' title="bbox 1977 3644 3544 3719">
     <span class='ocr_line' id='line_1_96' title="bbox 1977 3644 3544 3719; baseline -0.015 1"><span class='ocrx_word' id='word_1_661' title='bbox 1977 3665 2162 3719; x_wconf 88' lang='lat' dir='ltr'><strong>multis</strong></span> <span class='ocrx_word' id='word_1_662' title='bbox 2197 3663 2505 3717; x_wconf 88' lang='lat' dir='ltr'><strong>videantur.</strong></span> <span class='ocrx_word' id='word_1_663' title='bbox 2544 3657 2680 3711; x_wconf 85' lang='lat' dir='ltr'><strong>Aliis</strong></span> <span class='ocrx_word' id='word_1_664' title='bbox 2718 3655 2861 3708; x_wconf 91' lang='lat' dir='ltr'><strong>enim</strong></span> <span class='ocrx_word' id='word_1_665' title='bbox 2895 3663 3151 3706; x_wconf 67' lang='lat' dir='ltr'><strong>mternam</strong></span> <span class='ocrx_word' id='word_1_666' title='bbox 3196 3649 3387 3710; x_wconf 87' lang='lat' dir='ltr'><strong>vitam,</strong></span> <span class='ocrx_word' id='word_1_667' title='bbox 3420 3644 3544 3696; x_wconf 80' lang='lat' dir='ltr'><strong>aliis</strong></span> 
     </span>
    </p>
   </div>
   <div class='ocr_carea' id='block_1_97' title="bbox 1974 3738 3543 3822">
    <p class='ocr_par' dir='ltr' id='par_1_97' title="bbox 1974 3738 3543 3822">
     <span class='ocr_line' id='line_1_97' title="bbox 1974 3738 3543 3822; baseline -0.018 -9"><span class='ocrx_word' id='word_1_668' title='bbox 1974 3768 2238 3812; x_wconf 68' lang='lat' dir='ltr'><strong>aeternum</strong></span> <span class='ocrx_word' id='word_1_669' title='bbox 2287 3750 2606 3822; x_wconf 86' lang='lat' dir='ltr'><strong>supplicium</strong></span> <span class='ocrx_word' id='word_1_670' title='bbox 2641 3749 2822 3801; x_wconf 86' lang='lat' dir='ltr'><strong>divina</strong></span> <span class='ocrx_word' id='word_1_671' title='bbox 2873 3741 3149 3798; x_wconf 80' lang='lat' dir='ltr'><strong>distribuit</strong></span> <span class='ocrx_word' id='word_1_672' title='bbox 3191 3738 3441 3810; x_wconf 82' lang='lat' dir='ltr'><strong>justitia;</strong></span> <span class='ocrx_word' id='word_1_673' title='bbox 3487 3743 3543 3786; x_wconf 91' lang='lat' dir='ltr'><strong>et</strong></span> 
     </span>
    </p>
   </div>
   <div class='ocr_carea' id='block_1_98' title="bbox 1976 3828 3544 3917">
    <p class='ocr_par' dir='ltr' id='par_1_98' title="bbox 1976 3828 3544 3917">
     <span class='ocr_line' id='line_1_98' title="bbox 1976 3828 3544 3917; baseline -0.018 -14"><span class='ocrx_word' id='word_1_674' title='bbox 1976 3851 2214 3917; x_wconf 85' lang='lat' dir='ltr'><strong>utrique,</strong></span> <span class='ocrx_word' id='word_1_675' title='bbox 2250 3848 2366 3901; x_wconf 86' lang='lat' dir='ltr'><strong>sive</strong></span> <span class='ocrx_word' id='word_1_676' title='bbox 2394 3845 2518 3900; x_wconf 88' lang='lat' dir='ltr'><strong>boni</strong></span> <span class='ocrx_word' id='word_1_677' title='bbox 2552 3844 2664 3897; x_wconf 85' lang='lat' dir='ltr'><strong>sive</strong></span> <span class='ocrx_word' id='word_1_678' title='bbox 2717 3839 2865 3903; x_wconf 88' lang='lat' dir='ltr'><strong>mali,</strong></span> <span class='ocrx_word' id='word_1_679' title='bbox 2902 3847 3140 3904; x_wconf 75' lang='lat' dir='ltr'><strong>praesens</strong></span> <span class='ocrx_word' id='word_1_680' title='bbox 3189 3828 3356 3896; x_wconf 90' lang='lat' dir='ltr'><strong>elapsi</strong></span> <span class='ocrx_word' id='word_1_681' title='bbox 3387 3840 3544 3880; x_wconf 87' lang='lat' dir='ltr'><strong>secu-</strong></span> 
     </span>
    </p>
   </div>
   <div class='ocr_carea' id='block_1_99' title="bbox 1977 3922 3545 4004">
    <p class='ocr_par' dir='ltr' id='par_1_99' title="bbox 1977 3922 3545 4004">
     <span class='ocr_line' id='line_1_99' title="bbox 1977 3922 3545 4004; baseline -0.019 -11"><span class='ocrx_word' id='word_1_682' title='bbox 1977 3941 2109 4003; x_wconf 84' lang='lat' dir='ltr'><strong>lum,</strong></span> <span class='ocrx_word' id='word_1_683' title='bbox 2138 3939 2348 3993; x_wconf 81' lang='lat' dir='ltr'><strong>debitas</strong></span> <span class='ocrx_word' id='word_1_684' title='bbox 2385 3934 2639 4004; x_wconf 81' lang='lat' dir='ltr'><strong>Operibus</strong></span> <span class='ocrx_word' id='word_1_685' title='bbox 2657 3929 2926 3996; x_wconf 85' lang='lat' dir='ltr'><strong>accipient</strong></span> <span class='ocrx_word' id='word_1_686' title='bbox 2958 3922 3365 3980; x_wconf 79' lang='lat' dir='ltr'><strong>retributiOnes,</strong></span> <span class='ocrx_word' id='word_1_687' title='bbox 3409 3930 3545 3984; x_wconf 85' lang='lat' dir='ltr'><strong>qua-</strong></span> 
     </span>
    </p>
   </div>
   <div class='ocr_carea' id='block_1_100' title="bbox 1979 4011 3545 4098">
    <p class='ocr_par' dir='ltr' id='par_1_100' title="bbox 1979 4011 3545 4098">
     <span class='ocr_line' id='line_1_100' title="bbox 1979 4011 3545 4098; baseline -0.02 -11"><span class='ocrx_word' id='word_1_688' title='bbox 1979 4049 2094 4088; x_wconf 92' lang='lat' dir='ltr'><strong>rum</strong></span> <span class='ocrx_word' id='word_1_689' title='bbox 2123 4029 2480 4098; x_wconf 79' lang='lat' dir='ltr'><strong>quantitatem</strong></span> <span class='ocrx_word' id='word_1_690' title='bbox 2517 4035 2571 4076; x_wconf 91' lang='lat' dir='ltr'><strong>et</strong></span> <span class='ocrx_word' id='word_1_691' title='bbox 2607 4020 2925 4090; x_wconf 88' lang='lat' dir='ltr'><strong>qualitatem</strong></span> <span class='ocrx_word' id='word_1_692' title='bbox 2965 4027 3090 4068; x_wconf 86' lang='lat' dir='ltr'><strong>eum</strong></span> <span class='ocrx_word' id='word_1_693' title='bbox 3142 4011 3398 4064; x_wconf 79' lang='lat' dir='ltr'><strong>vitiorum</strong></span> <span class='ocrx_word' id='word_1_694' title='bbox 3451 4017 3545 4058; x_wconf 88' lang='lat' dir='ltr'><strong>aut</strong></span> 
     </span>
    </p>
   </div>
   <div class='ocr_carea' id='block_1_101' title="bbox 1976 4101 3541 4179">
    <p class='ocr_par' dir='ltr' id='par_1_101' title="bbox 1976 4101 3541 4179">
     <span class='ocr_line' id='line_1_101' title="bbox 1976 4101 3541 4179; baseline -0.019 0"><span class='ocrx_word' id='word_1_695' title='bbox 1976 4126 2237 4179; x_wconf 78' lang='lat' dir='ltr'><strong>virtutum</strong></span> <span class='ocrx_word' id='word_1_696' title='bbox 2263 4116 2537 4173; x_wconf 81' lang='lat' dir='ltr'><strong>habilibus</strong></span> <span class='ocrx_word' id='word_1_697' title='bbox 2566 4123 2621 4167; x_wconf 87' lang='lat' dir='ltr'><strong>et</strong></span> <span class='ocrx_word' id='word_1_698' title='bbox 2647 4111 2862 4164; x_wconf 73' lang='lat' dir='ltr'><strong>acubus</strong></span> <span class='ocrx_word' id='word_1_699' title='bbox 2891 4118 3188 4174; x_wconf 84' lang='lat' dir='ltr'><strong>congruam</strong></span> <span class='ocrx_word' id='word_1_700' title='bbox 3221 4101 3541 4156; x_wconf 75' lang='lat' dir='ltr'><strong>sortientur.</strong></span> 
     </span>
    </p>
   </div>
   <div class='ocr_carea' id='block_1_102' title="bbox 2048 4272 3547 4363">
    <p class='ocr_par' dir='ltr' id='par_1_102' title="bbox 2048 4272 3547 4363">
     <span class='ocr_line' id='line_1_102' title="bbox 2048 4272 3547 4363; baseline -0.023 -7"><span class='ocrx_word' id='word_1_701' title='bbox 2048 4301 2139 4356; x_wconf 78' lang='lat'><strong>‘57.</strong></span> <span class='ocrx_word' id='word_1_702' title='bbox 2171 4299 2266 4354; x_wconf 70' lang='lat' dir='ltr'><strong>Nae</strong></span> <span class='ocrx_word' id='word_1_703' title='bbox 2292 4305 2481 4363; x_wconf 85' lang='lat' dir='ltr'><strong>stagna</strong></span> <span class='ocrx_word' id='word_1_704' title='bbox 2513 4289 2653 4360; x_wconf 83' lang='lat' dir='ltr'><strong>ignis</strong></span> <span class='ocrx_word' id='word_1_705' title='bbox 2681 4296 2806 4342; x_wconf 88' lang='lat' dir='ltr'><strong>sunt</strong></span> <span class='ocrx_word' id='word_1_706' title='bbox 2831 4278 3260 4338; x_wconf 61' lang='lat' dir='ltr'><strong>vitiosa-anima:</strong></span> <span class='ocrx_word' id='word_1_707' title='bbox 3291 4295 3302 4329; x_wconf 93' lang='lat'>:</span> <span class='ocrx_word' id='word_1_708' title='bbox 3329 4275 3384 4327; x_wconf 82' lang='lat' dir='ltr'><strong>in</strong></span> <span class='ocrx_word' id='word_1_709' title='bbox 3429 4272 3547 4340; x_wconf 84' lang='lat' dir='ltr'><strong>qui-</strong></span> 
     </span>
    </p>
   </div>
   <div class='ocr_carea' id='block_1_103' title="bbox 1980 4370 3550 4448">
    <p class='ocr_par' dir='ltr' id='par_1_103' title="bbox 1980 4370 3550 4448">
     <span class='ocr_line' id='line_1_103' title="bbox 1980 4370 3550 4448; baseline -0.022 0"><span class='ocrx_word' id='word_1_710' title='bbox 1980 4394 2080 4448; x_wconf 85' lang='lat' dir='ltr'><strong>bus</strong></span> <span class='ocrx_word' id='word_1_711' title='bbox 2111 4399 2169 4444; x_wconf 93' lang='lat' dir='ltr'><strong>ut</strong></span> <span class='ocrx_word' id='word_1_712' title='bbox 2195 4389 2419 4443; x_wconf 75' lang='lat' dir='ltr'><strong>fetidum</strong></span> <span class='ocrx_word' id='word_1_713' title='bbox 2448 4393 2660 4439; x_wconf 84' lang='lat' dir='ltr'><strong>stercus</strong></span> <span class='ocrx_word' id='word_1_714' title='bbox 2676 4379 2864 4433; x_wconf 82' lang='lat' dir='ltr'><strong>sordes</strong></span> <span class='ocrx_word' id='word_1_715' title='bbox 2891 4376 3172 4429; x_wconf 75' lang='lat' dir='ltr'><strong>libidinum</strong></span> <span class='ocrx_word' id='word_1_716' title='bbox 3191 4370 3284 4423; x_wconf 80' lang='lat' dir='ltr'><strong>aiit</strong></span> <span class='ocrx_word' id='word_1_717' title='bbox 3310 4381 3550 4420; x_wconf 85' lang='lat' dir='ltr'><strong>vermem</strong></span> 
     </span>
    </p>
   </div>
   <div class='ocr_carea' id='block_1_104' title="bbox 1987 4553 3548 4636">
    <p class='ocr_par' dir='ltr' id='par_1_104' title="bbox 1987 4553 3548 4636">
     <span class='ocr_line' id='line_1_104' title="bbox 1987 4553 3548 4636; baseline -0.021 -6"><span class='ocrx_word' id='word_1_718' title='bbox 1987 4573 2273 4636; x_wconf 85' lang='lat' dir='ltr'><strong>scentiam,</strong></span> <span class='ocrx_word' id='word_1_719' title='bbox 2313 4579 2369 4622; x_wconf 92' lang='lat' dir='ltr'><strong>et</strong></span> <span class='ocrx_word' id='word_1_720' title='bbox 2407 4573 2690 4635; x_wconf 84' lang='lat' dir='ltr'><strong>serpentes</strong></span> <span class='ocrx_word' id='word_1_721' title='bbox 2728 4572 2998 4628; x_wconf 81' lang='lat' dir='ltr'><strong>ranasque</strong></span> <span class='ocrx_word' id='word_1_722' title='bbox 3025 4564 3079 4610; x_wconf 88' lang='lat' dir='ltr'><strong>et</strong></span> <span class='ocrx_word' id='word_1_723' title='bbox 3109 4553 3388 4609; x_wconf 81' lang='lat' dir='ltr'><strong>ltirudines</strong></span> <span class='ocrx_word' id='word_1_724' title='bbox 3421 4562 3548 4617; x_wconf 81' lang='lat' dir='ltr'><strong>pra-</strong></span> 
     </span>
    </p>
   </div>
   <div class='ocr_carea' id='block_1_105' title="bbox 1988 4645 3548 4730">
    <p class='ocr_par' dir='ltr' id='par_1_105' title="bbox 1988 4645 3548 4730">
     <span class='ocr_line' id='line_1_105' title="bbox 1988 4645 3548 4730; baseline -0.017 -14"><span class='ocrx_word' id='word_1_725' title='bbox 1988 4679 2176 4717; x_wconf 85' lang='lat' dir='ltr'><strong>varum</strong></span> <span class='ocrx_word' id='word_1_726' title='bbox 2223 4659 2577 4730; x_wconf 86' lang='lat' dir='ltr'><strong>cupiditatum</strong></span> <span class='ocrx_word' id='word_1_727' title='bbox 2605 4695 2622 4721; x_wconf 92' lang='lat'><strong>,</strong></span> <span class='ocrx_word' id='word_1_728' title='bbox 2659 4669 2852 4722; x_wconf 84' lang='lat' dir='ltr'><strong>nempe</strong></span> <span class='ocrx_word' id='word_1_729' title='bbox 2901 4652 3072 4707; x_wconf 76' lang='lat' dir='ltr'><strong>ftedas</strong></span> <span class='ocrx_word' id='word_1_730' title='bbox 3109 4645 3462 4715; x_wconf 83' lang='lat' dir='ltr'><strong>cogitationes</strong></span> <span class='ocrx_word' id='word_1_731' title='bbox 3494 4649 3548 4690; x_wconf 76' lang='lat' dir='ltr'><strong>et</strong></span> 
     </span>
    </p>
   </div>
   <div class='ocr_carea' id='block_1_106' title="bbox 1987 4731 3549 4811">
    <p class='ocr_par' dir='ltr' id='par_1_106' title="bbox 1987 4731 3549 4811">
     <span class='ocr_line' id='line_1_106' title="bbox 1987 4731 3549 4811; baseline -0.018 0"><span class='ocrx_word' id='word_1_732' title='bbox 1987 4756 2266 4811; x_wconf 78' lang='lat' dir='ltr'><strong>lcthiferos</strong></span> <span class='ocrx_word' id='word_1_733' title='bbox 2299 4752 2594 4806; x_wconf 67' lang='lat' dir='ltr'><strong>daemones.</strong></span> <span class='ocrx_word' id='word_1_734' title='bbox 2651 4743 2958 4803; x_wconf 86' lang='lat' dir='ltr'><strong>istiusmodi</strong></span> <span class='ocrx_word' id='word_1_735' title='bbox 2999 4749 3178 4794; x_wconf 83' lang='lat' dir='ltr'><strong>autem</strong></span> <span class='ocrx_word' id='word_1_736' title='bbox 3210 4744 3384 4792; x_wconf 86' lang='lat' dir='ltr'><strong>status</strong></span> <span class='ocrx_word' id='word_1_737' title='bbox 3435 4731 3549 4800; x_wconf 70' lang='lat' dir='ltr'><strong>juu</strong></span> 
     </span>
    </p>
   </div>
   <div class='ocr_carea' id='block_1_107' title="bbox 1991 4831 3122 4914">
    <p class='ocr_par' dir='ltr' id='par_1_107' title="bbox 1991 4831 3122 4914">
     <span class='ocr_line' id='line_1_107' title="bbox 1991 4831 3122 4914; baseline -0.019 -10"><span class='ocrx_word' id='word_1_738' title='bbox 1991 4863 2130 4904; x_wconf 91' lang='lat' dir='ltr'><strong>nunc</strong></span> <span class='ocrx_word' id='word_1_739' title='bbox 2158 4845 2320 4901; x_wconf 71' lang='lat' dir='ltr'><strong>futuri</strong></span> <span class='ocrx_word' id='word_1_740' title='bbox 2352 4842 2570 4914; x_wconf 60' lang='lat' dir='ltr'><strong>praefert</strong></span> <span class='ocrx_word' id='word_1_741' title='bbox 2601 4840 2820 4895; x_wconf 86' lang='lat' dir='ltr'><strong>arrhatn</strong></span> <span class='ocrx_word' id='word_1_742' title='bbox 2851 4831 3122 4903; x_wconf 69' lang='lat' dir='ltr'><strong>supplicii.</strong></span> 
     </span>
    </p>
   </div>
   <div class='ocr_carea' id='block_1_108' title="bbox 2042 5029 3538 5103">
    <p class='ocr_par' dir='ltr' id='par_1_108' title="bbox 2042 5029 3538 5103">
     <span class='ocr_line' id='line_1_108' title="bbox 2042 5029 3538 5103; baseline -0.003 -17"><span class='ocrx_word' id='word_1_743' title='bbox 2042 5035 2133 5089; x_wconf 77' lang='grc'><strong>58.</strong></span> <span class='ocrx_word' id='word_1_744' title='bbox 2164 5033 2220 5088; x_wconf 83' lang='grc' dir='ltr'>1η</span> <span class='ocrx_word' id='word_1_745' title='bbox 2253 5035 2448 5088; x_wconf 86' lang='lat' dir='ltr'><strong>animis</strong></span> <span class='ocrx_word' id='word_1_746' title='bbox 2480 5043 2821 5103; x_wconf 85' lang='lat' dir='ltr'><strong>peccatorum</strong></span> <span class='ocrx_word' id='word_1_747' title='bbox 2867 5033 3008 5087; x_wconf 86' lang='lat' dir='ltr'><strong>sicut</strong></span> <span class='ocrx_word' id='word_1_748' title='bbox 3044 5029 3366 5086; x_wconf 66' lang='lat' dir='ltr'><strong>absconditae</strong></span> <span class='ocrx_word' id='word_1_749' title='bbox 3408 5039 3538 5084; x_wconf 87' lang='lat' dir='ltr'><strong>sunt</strong></span> 
     </span>
    </p>
   </div>
   <div class='ocr_carea' id='block_1_109' title="bbox 1973 5123 3537 5195">
    <p class='ocr_par' dir='ltr' id='par_1_109' title="bbox 1973 5123 3537 5195">
     <span class='ocr_line' id='line_1_109' title="bbox 1973 5123 3537 5195; baseline -0.005 -14"><span class='ocrx_word' id='word_1_750' title='bbox 1973 5141 2254 5194; x_wconf 65' lang='lat' dir='ltr'><strong>poenarum</strong></span> <span class='ocrx_word' id='word_1_751' title='bbox 2295 5127 2566 5195; x_wconf 67' lang='lat' dir='ltr'><strong>prituitizp,</strong></span> <span class='ocrx_word' id='word_1_752' title='bbox 2598 5126 2654 5180; x_wconf 86' lang='lat' dir='ltr'><strong>in</strong></span> <span class='ocrx_word' id='word_1_753' title='bbox 2682 5124 3219 5191; x_wconf 83' lang='lat' dir='ltr'><strong>cordibusjustorutn</strong></span> <span class='ocrx_word' id='word_1_754' title='bbox 3269 5123 3396 5177; x_wconf 86' lang='lat' dir='ltr'><strong>item</strong></span> <span class='ocrx_word' id='word_1_755' title='bbox 3448 5123 3537 5175; x_wconf 76' lang='lat' dir='ltr'><strong>in-</strong></span> 
     </span>
    </p>
   </div>
   <div class='ocr_carea' id='block_1_110' title="bbox 1970 5214 3536 5286">
    <p class='ocr_par' dir='ltr' id='par_1_110' title="bbox 1970 5214 3536 5286">
     <span class='ocr_line' id='line_1_110' title="bbox 1970 5214 3536 5286; baseline -0.003 -15"><span class='ocrx_word' id='word_1_756' title='bbox 1970 5227 2098 5272; x_wconf 89' lang='lat' dir='ltr'><strong>sunt</strong></span> <span class='ocrx_word' id='word_1_757' title='bbox 2143 5218 2364 5286; x_wconf 86' lang='lat' dir='ltr'><strong>pignora</strong></span> <span class='ocrx_word' id='word_1_758' title='bbox 2398 5233 2490 5284; x_wconf 90' lang='lat' dir='ltr'><strong>per</strong></span> <span class='ocrx_word' id='word_1_759' title='bbox 2521 5217 2786 5286; x_wconf 87' lang='lat' dir='ltr'><strong>Spiritum</strong></span> <span class='ocrx_word' id='word_1_760' title='bbox 2839 5217 3116 5284; x_wconf 65' lang='lat' dir='ltr'><strong>opt—rantia</strong></span> <span class='ocrx_word' id='word_1_761' title='bbox 3141 5225 3194 5271; x_wconf 89' lang='lat' dir='ltr'><strong>et</strong></span> <span class='ocrx_word' id='word_1_762' title='bbox 3235 5214 3536 5268; x_wconf 78' lang='lat' dir='ltr'><strong>communi-</strong></span> 
     </span>
    </p>
   </div>
   <div class='ocr_carea' id='block_1_111' title="bbox 1969 5309 3531 5375">
    <p class='ocr_par' dir='ltr' id='par_1_111' title="bbox 1969 5309 3531 5375">
     <span class='ocr_line' id='line_1_111' title="bbox 1969 5309 3531 5375; baseline -0.006 -11"><span class='ocrx_word' id='word_1_763' title='bbox 1969 5319 2086 5364; x_wconf 77' lang='lat' dir='ltr'><strong>cnta</strong></span> <span class='ocrx_word' id='word_1_764' title='bbox 2122 5327 2136 5364; x_wconf 91' lang='lat'><strong>:</strong></span> <span class='ocrx_word' id='word_1_765' title='bbox 2166 5325 2288 5364; x_wconf 79' lang='lat' dir='ltr'><strong>nam</strong></span> <span class='ocrx_word' id='word_1_766' title='bbox 2322 5311 2585 5364; x_wconf 66' lang='lat' dir='ltr'><strong>caelorum</strong></span> <span class='ocrx_word' id='word_1_767' title='bbox 2619 5318 2956 5375; x_wconf 79' lang='lat' dir='ltr'><strong>regunm_cst</strong></span> <span class='ocrx_word' id='word_1_768' title='bbox 2987 5309 3202 5362; x_wconf 85' lang='lat' dir='ltr'><strong>virtutis</strong></span> <span class='ocrx_word' id='word_1_769' title='bbox 3246 5319 3531 5361; x_wconf 84' lang='lat' dir='ltr'><strong>conversa-</strong></span> 
     </span>
    </p>
   </div>
   <div class='ocr_carea' id='block_1_112' title="bbox 1969 5399 3134 5465">
    <p class='ocr_par' dir='ltr' id='par_1_112' title="bbox 1969 5399 3134 5465">
     <span class='ocr_line' id='line_1_112' title="bbox 1969 5399 3134 5465; baseline 0.003 -12"><span class='ocrx_word' id='word_1_770' title='bbox 1969 5401 2066 5465; x_wconf 92' lang='lat' dir='ltr'><strong>tio,</strong></span> <span class='ocrx_word' id='word_1_771' title='bbox 2101 5401 2235 5454; x_wconf 85' lang='lat' dir='ltr'><strong>sicut</strong></span> <span class='ocrx_word' id='word_1_772' title='bbox 2281 5399 2585 5465; x_wconf 84' lang='lat' dir='ltr'><strong>damnatio,</strong></span> <span class='ocrx_word' id='word_1_773' title='bbox 2619 5399 2868 5454; x_wconf 77' lang='lat' dir='ltr'><strong>vitiorutu</strong></span> <span class='ocrx_word' id='word_1_774' title='bbox 2901 5401 3134 5456; x_wconf 83' lang='lat' dir='ltr'><strong>habitus.</strong></span> 
     </span>
    </p>
   </div>
   <div class='ocr_carea' id='block_1_113' title="bbox 2032 5573 3525 5634">
    <p class='ocr_par' dir='ltr' id='par_1_113' title="bbox 2032 5573 3525 5634">
     <span class='ocr_line' id='line_1_113' title="bbox 2032 5573 3525 5634; baseline -0.009 -2"><span class='ocrx_word' id='word_1_775' title='bbox 2032 5577 2121 5633; x_wconf 77' lang='lat'><strong>59.</strong></span> <span class='ocrx_word' id='word_1_776' title='bbox 2150 5576 2459 5633; x_wconf 83' lang='lat' dir='ltr'><strong>Secundum</strong></span> <span class='ocrx_word' id='word_1_777' title='bbox 2492 5576 2700 5632; x_wconf 83' lang='lat' dir='ltr'><strong>Domini</strong></span> <span class='ocrx_word' id='word_1_778' title='bbox 2728 5575 2948 5634; x_wconf 75' lang='lat' dir='ltr'><strong>effatum</strong></span> <span class='ocrx_word' id='word_1_779' title='bbox 3007 5590 3113 5629; x_wconf 71' lang='lat' dir='ltr'><strong>nos</strong></span> <span class='ocrx_word' id='word_1_780' title='bbox 3147 5573 3392 5634; x_wconf 82' lang='lat' dir='ltr'><strong>veniens,</strong></span> <span class='ocrx_word' id='word_1_781' title='bbox 3437 5573 3525 5620; x_wconf 72' lang='lat' dir='ltr'><strong>est</strong></span> 
     </span>
    </p>
   </div>
   <div class='ocr_carea' id='block_1_114' title="bbox 3608 4062 3626 4094">
    <p class='ocr_par' dir='ltr' id='par_1_114' title="bbox 3608 4062 3626 4094">
     <span class='ocr_line' id='line_1_114' title="bbox 3608 4062 3626 4094; baseline 0 0"><span class='ocrx_word' id='word_1_782' title='bbox 3608 4062 3626 4094; x_wconf 64' lang='grc' dir='ltr'><strong><em>τ</em></strong></span> 
     </span>
    </p>
   </div>
  </div>
