4102 6344
589 332 716 395 1951

1829 332 2214 393 GREGOItlI
2254 319 2587 399 Statura;

3695 322 3854 397 ιεδὲ

579 446 760 499 futura
799 441 888 497 illa
919 440 1095 504 caligo
1134 438 1223 491 ubi
1250 452 1407 493 nemo
1439 446 1613 507 potest
1645 445 1857 508 operari
1893 461 1907 508 ;
1948 447 2029 498 vel
2057 445 2162 499 alia

2269 454 2406 523 ρίου,
2437 447 2758 522 ἡπαντελὴς
2824 447 3186 516 ἀνενεργησία
3229 444 3325 496 τοῦ
3400 443 3705 513 μέλλοντος
3740 451 3882 496 σκό-

584 529 1061 600 iuterprelationc,
1113 537 1199 582 est
1231 527 1623 592 Antichristus,
1667 531 1758 591 qui
1810 535 2050 588 tenebrae
2075 542 2159 588 est

579 631 633 674 et
665 630 892 674 vocatur
935 636 951 683 ;
979 619 1060 672 vel
1098 618 1298 679 adhuc,
1329 617 1381 670 in
1411 618 1600 670 morali
1620 633 1805 684 sensu,
1833 632 1917 675 est
1964 639 2158 693 perpe-

586 725 678 767 tua
705 715 935 775 incuria,
963 727 1082 780 quae
1113 711 1258 763 velut
1281 709 1516 763 obscura
1549 725 1653 764 nox
1687 712 1922 766 animam
1961 714 2013 766 in
2042 724 2151 767 tor-

583 807 734 874 puris
784 818 977 859 somno
1009 815 1217 856 enecat.
1264 799 1333 854 Ut
1366 803 1508 855 enim
1544 818 1648 855 nox
1689 819 1878 860 omnes
1930 807 2072 874 sopit
2099 816 2156 861 et

587 896 814 948 mortuis
880 894 1010 948 facit
1062 894 1289 954 similes,
1357 894 1436 946 sic
1500 890 1695 946 futnrm
1750 895 2000 964 caliginis
2050 913 2154 951 nox

585 998 898 1054 peccatores
918 986 1166 1039 dolorum
1194 984 1457 1038 ebrietate
1502 995 1745 1039 mortuos
1775 987 1902 1042 facit
1934 999 1989 1041 et
2036 989 2155 1042 ina-

585 1091 777 1131 nunes.

670 1364 756 1419 40.
791 1363 884 1415 Est
916 1362 1078 1430 hujus
1111 1359 1296 1414 mundi
1351 1360 1617 1428 judicium
1673 1359 1737 1410 de
1771 1338 1888 1426 quo.
1927 1357 2162 1425 loquitur

588 1456 965 1524 Evangelium,
1019 1454 1317 1521 impiorum
1348 1451 1726 1513 incredulitas,
1780 1451 1932 1519 juxta
1983 1449 2162 1501 illud:

507 1610 509 1614 Α
593 1569 611 1600 ι
644 1549 747 1614 Qui
773 1563 876 1600 non
912 1545 1104 1608 credit,
1134 1545 1243 1612 jam
1275 1544 1544 1610 judicatus
1573 1544 1689 1595 est“
1717 1559 1732 1594 :
1776 1561 1793 1592 ι
1855 1554 1904 1594 et
1933 1540 2166 1608 judicia-

591 1639 671 1690 ria
707 1634 1070 1689 Providentia:
1101 1633 1351 1700 probatio
1391 1633 1454 1684 ad
1486 1632 1881 1693 correptiouem
1911 1641 2003 1684 aut
2031 1645 2158 1684 eor-

591 1729 926 1790 rectionem;
957 1734 1012 1778 et
1063 1723 1365 1776 voluntatis
1399 1723 1463 1775 ad
1503 1723 1701 1775 bonum
1744 1722 2012 1775 malnmve
2046 1736 2168 1788 pro-

591 1819 801 1887 pensio,
837 1817 991 1884 juxta
1045 1816 1174 1868 illud
1214 1831 1228 1866 :
1278 1833 1294 1864 ι
1333 1814 1563 1866 Alienati
1603 1822 1736 1865 sunt
1786 1823 2104 1879 peccatores
2137 1827 2168 1866 a
2202 1791 2242 1846 Β

590 1909 788 1961 vnlva'
837 1927 883 1960 ι.
921 1907 1057 1960 Nam
1108 1907 1158 1957 in
1232 1904 1654 1965 incredulitate,
1692 1913 1747 1958 et
1795 1903 2166 1971 cnrrepIiOne,

589 2010 645 2052 et
711 1998 971 2069 aperilius
1015 1995 1221 2064 justum
1273 1993 1363 2046 Dei
1404 1991 1668 2060 judicium
1757 2001 1888 2044 tunc
1959 1991 2170 2045 revela-

591 2103 726 2153 tur,
802 2089 939 2142 alios
1007 2087 1280 2155 puniens,
1357 2085 1590 2136 aliorum
1675 2083 1996 2146 miserans,
2051 2083 2170 2137 aliis

592 2196 827 2236 cornuas
877 2179 959 2232 vel
1009 2191 1198 2246 pmnas
1237 2176 1566 2230 retribuens.
1625 2173 1790 2227 Primi
1839 2175 1983 2227 enim
2043 2182 2170 2228 sunt

591 2274 816 2327 omnino
852 2269 1152 2336 increduli;
1197 2267 1419 2322 secundi
1468 2265 1752 2320 credentes
1783 2265 2027 2337 quidem,
2075 2267 2168 2318 sed

594 2365 941 2432 negligentes,
997 2361 1228 2429 ideoque
1293 2357 1722 2412 misericorditer
1779 2360 2157 2427 castigantur;

593 2457 790 2523 ultimi,
826 2464 983 2522 prout
1011 2456 1076 2506 ad
1106 2455 1305 2506 bonmn
1355 2451 1436 2505 vel
1488 2451 1553 2503 ad
1586 2450 1784 2502 malum
1813 2449 2159 2512 deﬂexeriut,

498 2565 505 2572 ·
595 2545 903 2603 mercedem
936 2542 1228 2611 accipient.

667 2744 760 2797 4t.
804 2741 1077 2795 Teneatur
1111 2740 1213 2795 nisi
1265 2739 1634 2806 immaculata,
1671 2749 1763 2794 aut
1809 2752 2164 2812 congruenter

597 2833 888 2886 mandetur
949 2841 1140 2886 natura
1214 2847 1311 2898 per
1373 2832 1668 2898 spiritum,
1737 2849 1904 2887 unum
1973 2849 2172 2902 corpus

594 2922 1093 2990 unusquespiritns
1123 2935 1244 2974 cum
1295 2918 1511 2973 Christo
1543 2930 1599 2973 et
1629 2931 1772 2975 nu‘nc
1817 2930 1870 2975 ct
1902 2922 1952 2975 in
1987 2921 2167 2976 futura

593 3010 988 3065 instauratione
1020 3011 1133 3063 lieri
1187 3012 1391 3078 nequit.
1437 3009 1570 3064 Nam
1611 3021 1847 3066 veterem
1913 3012 2168 3067 vitiorum

2262 561 2387 606 τους
2409 559 2422 572 ⁸
2447 543 2481 613 ἢ
2515 539 2639 594 καθ’
2662 539 2853 610 ἕτερον
2877 539 3046 608 τρὸπτ
3077 555 3110 600 Ι,
3131 539 3160 590 ό
3207 537 3578 606 Ἀντίχριστος
3609 535 3743 601 νὺξ.
3777 537 3880 588 καὶ

2263 634 2474 697 σκότος,
2524 632 2620 686 καὶ
2642 630 2717 683 ὢν
2753 630 2846 681 καὶ
2896 628 3230 695 καλούμενος
3252 641 3266 656 ⁸
3300 626 3333 695 ἢ
3366 626 3531 678 πάλιν
3585 626 3748 678 κατὰ
3778 626 3877 676 τὸν

2263 724 2452 794 ἠθικὸν
2513 722 2697 789 λόγον.
2728 722 2762 790 ὴ
2800 717 2922 772 καθ’
2955 719 3194 785 ἑκάστην
3239 716 3495 785 ἀμέλεια,
3530 717 3565 784 ἢ
3599 713 3880 781 καθάπερ

2263 815 2568 884 σκοτομένη
2614 812 2710 882 τὴν
2737 811 2917 880 ψυχὴν
2947 809 3244 877 ἀπονεκροῖ
3273 809 3332 859 ὲν
3353 806 3432 876 τῷ
3460 807 3562 875 τῆς
3589 805 3877 872 ἀναισθη-

2264 906 2384 966 σίας
2413 904 2585 972 ὕπνῳ.
2616 902 2826 969 Ὢσπερ
2854 899 2962 967 γὰρ
2983 900 3016 966 ἡ
3046 896 3143 960 νὺξ
3167 897 3412 949 ὑπνῶσαί
3436 897 3660 958 πάντας
3701 898 3872 957 ποιεῖ,

2263 997 2357 1048 καὶ
2385 995 2549 1046 εἰκών
2584 995 2700 1046 ἐστι
2755 989 2988 1045 θανάτου
3041 988 3187 1042 κατὰ
3221 989 3318 1056 τὴν
3349 989 3654 1059 νέκρωσιν,
3690 978 3872 1050 οὕτως

2263 1090 2297 1158 ἡ
2329 1085 2427 1150 νὺξ
2485 1084 2577 1138 τοῦ
2628 1084 2913 1154 μέλλοντος
2947 1083 3182 1146 σκότους
3211 1083 3438 1152 νεκροὺς
3461 1082 3559 1134 καὶ
3593 1082 3871 1148 ἀναισθή-

2263 1195 2412 1244 τους,
2434 1179 2500 1247 τῇ
2532 1176 2674 1247 μέθῃ
2709 1177 2818 1228 τῶν
2879 1175 3079 1239 πόνων,
3116 1175 3241 1238 τοὺς
3277 1174 3649 1245 ἁμαρτωλοὺς
3683 1175 3865 1242 ἁπερ-

2265 1267 2514 1337 γάζεται.

2336 1367 2409 1430 μ’.
2443 1360 2642 1430 Κρίσις
2697 1359 2816 1412 ἐστὶ
2846 1358 2943 1410 τοῦ
2969 1353 3176 1428 κόσμου
3213 1356 3426 1420 τούτου,
3457 1358 3604 1411 κατὰ
3635 1359 3740 1408 τὸν
3769 1359 3861 1409 εὖ.

2265 1450 2558 1518 αγγελικὺν
2594 1450 2778 1517 λόγον,
2808 1452 2841 1519 ἡ
2883 1451 3113 1502 ἀπιστίαι
3157 1449 3266 1502 τῶν
3314 1449 3549 1512 ἀσεϐῶν,
3590 1451 3745 1500 κατά
3779 1450 3864 1508 τὸ,

2277 1559 2298 1592 ι
2326 1540 2382 1594 '0
2417 1541 2476 1593 δὲ
2500 1540 2574 1611 μὴ
2592 1539 2885 1605 πιστεύων,
2944 1540 3046 1610 ἤδη
3093 1538 3364 1609 κέκριται,
3407 1559 3425 1589 ι
3462 1541 3553 1591 καὶ
3587 1542 3646 1592 αἱ
3682 1557 3866 1608 κριτι-

2267 1635 2359 1682 καὶ
2408 1633 2506 1700 τῆς
2561 1631 2820 1700 προνοίας
2887 1630 3021 1699 πρὸς
3079 1631 3376 1699 συστολὴν,
3424 1630 3457 1698 ἢ
3507 1630 3866 1698 ἐπιστροφὴν

2267 1723 2551 1792 ἐπιφοραὶ,
2619 1723 2714 1776 καὶ
2765 1721 2822 1774 αἱ
2877 1721 2984 1774 τῶν
3037 1721 3350 1792 προθέσεων
3407 1723 3466 1774 ὲν
3525 1721 3786 1788 ἀγαθοῖς,
3828 1723 3863 1790 ἦ

2267 1816 2456 1876 κακοῖς
2492 1814 2684 1883 ῥοπαὶ,
2713 1813 2857 1866 κατά
2889 1813 2989 1882 τὴν
3012 1813 3315 1882 ἐνέργειαν,
3343 1812 3485 1865 κατὰ
3521 1812 3607 1875 τὸ,
3642 1813 3865 1880 Ἀπηλ-

2267 1903 2642 1974 λοτριώθησαν
2681 1906 2730 1957 oi
2760 1903 3080 1974 ἁμαρτωλοὶ
3134 1903 3242 1956 ἀπὸ
3305 1905 3540 1973 μήτραςο
3576 1903 3722 1971 πρὸς
3752 1904 3866 1971 γὰρ

2267 1997 2548 2062 ἀπιστίαν,
2617 1995 2715 2050 καὶ
2775 1995 3044 2058 παιδείαν,
3108 1993 3201 2048 καὶ
3231 1994 3451 2064 πρᾶξιν,
3479 1994 3731 2062 ήδικαία
3766 1995 3866 2046 τοῦ

2267 2087 2416 2140 Θεοῦ·
2451 2087 2573 2140 τότε
2609 2087 2789 2156 κρίσις
2819 2085 3175 2154 ἐμφαίνεταιο
3224 2086 3352 2147 τοὺς
3379 2085 3478 2155 μὲν
3505 2084 3856 2155 τιμωροῦσα,

2268 2180 2392 2242 τοὺς
2412 2179 2471 2232 δὲ
2511 2178 2758 2238 ὲλεοῦσα.
2819 2178 2936 2239 τοῖς
2965 2177 3023 2229 δὲ
3061 2178 3382 2245 στεφάνους,
3437 2177 3471 2248 ἦ
3521 2176 3755 2228 κόλασιν
3783 2177 3858 2228 δι-

2267 2269 2471 2324 δοῦσα’
2500 2271 2548 2322 οἱ
2585 2269 2688 2340 μὲν
2754 2269 2863 2338 γὰρ
2926 2267 3157 2338 πρῶτοι,
3197 2269 3338 2320 εἰσὶν
3374 2267 3592 2330 ἀσεϐεῖς
3655 2267 3860 2319 διόλου·

2268 2363 2397 2416 οἱδὲ
2423 2361 2684 2434 δεύτεροι,
2738 2361 2921 2415 πιστοὶ
2981 2362 3101 2430 μὲν,
3157 2360 3382 2430 ἀμελεῖς
3431 2361 3520 2413 δέ’
3553 2359 3647 2412 διὰ
3681 2359 3848 2412 τοῦτο

2269 2453 2361 2506 καὶ
2430 2452 2827 2522 φιλανθρώπως
2879 2451 3260 2506 παιδεύονται⁶
3306 2452 3357 2504 οἱ
3385 2451 3443 2504 δὲ
3474 2451 3677 2504 τέλειοι
3720 2451 3758 2520 ἢ
3791 2453 3852 2501 ἐν

2269 2545 2513 2613 ἀρεταῖς,
2542 2544 2575 2612 ἢ
2621 2545 2679 2596 ὲν
2717 2543 2942 2606 κακίαις
3000 2543 3314 2612 πτωμάτων
3371 2544 3677 2613 γενόμενοι,
3752 2541 3857 2604 τὰς

2268 2632 2502 2701 ἀμοιϐὰς
2526 2632 2758 2698 ἕξουσιν.

2343 2730 2454 2794 μα’.
2519 2724 2827 2793 Ἀχραντος
2857 2722 2905 2774 εἰ
2957 2721 3032 2791 μὴ
3089 2720 3422 2790 φυλαχθῇ,ἢ
3467 2719 3743 2790 καθαρθῇ,
3779 2719 3858 2781 ὡς

2273 2815 2542 2884 πέφυκεν,
2575 2815 2608 2884 ή
2639 2812 2801 2882 φύσις
2858 2811 2949 2864 διὰ
2999 2811 3095 2864 τοῦ
3120 2810 3455 2879 πνεύματος,
3488 2811 3566 2872 είς
3595 2807 3654 2862 ἓν
3690 2806 3854 2876 σῶμα

2272 2906 2365 2958 καὶ
2414 2904 2632 2974 πνεῦμα
2661 2905 2719 2958 ὲν
2746 2901 2967 2974 Χριστῷ
3019 2901 3115 2956 νῦν
3143 2918 3206 2954 τε
3233 2905 3328 2955 καὶ
3355 2903 3435 2963 εἰς
3453 2903 3551 2970 τὴν
3582 2900 3855 2970 ἁρμονίαν

2273 2997 2372 3068 τὴν
2438 2996 2761 3066 μέλλουσαν,
2796 2993 3056 3048 ἀδύνατον
3096 2993 3370 3061 γενέσοαν
3412 2993 3579 3064 ῥάκος
3613 2991 3722 3060 γὰρ
3747 3007 3853 3043 πα-

594 3102 1006 3154 commissuram
1062 3116 1202 3154 novo
1232 3103 1420 3171 gratiae
1463 3104 1790 3158 vestimento
1844 3104 1898 3156 in
1951 3103 2167 3172 supple-

2270 3090 2554 3160 λαιότητος
2612 3089 2825 3153 παθῶν,
2887 3091 2968 3151 είς
3001 3087 3188 3142 καινὸν
3223 3086 3430 3156 χιτῶνα
3485 3087 3584 3156 τῆς
3627 3087 3852 3154 χάριτος

598 3199 839 3244 mentum
869 3206 1094 3246 assuere
1126 3205 1236 3246 non
1293 3191 1432 3245 solet
1488 3194 1833 3262 omnipotens
1872 3204 1926 3248 et
1970 3193 2164 3248 umlica

595 3282 820 3350 Spiritus
847 3282 1112 3350 potentia.

664 3375 754 3427 42.
813 3372 1006 3428 Parem
1054 3389 1180 3428 cum
1227 3373 1449 3429 Christo
1514 3375 1744 3430 formam
1802 3361 2042 3440 habebit,
2075 3375 2167 3442 qni

605 3463 844 3533 Spiritus
872 3464 1281 3518 renovationem
1310 3466 1452 3518 dono
1489 3465 1764 3532 acceperit
1793 3474 1846 3518 et
1878 3478 2170 3518 conserva-

603 3554 765 3616 verit,
799 3555 1234 3620 supernatnralis
1274 3555 1355 3608 sic
1389 3552 1736 3608 ineﬂ‘abiliter
1763 3568 1987 3622 compos
2013 3553 2172 3607 deiﬁ-

601 3645 856 3696 cationis.
923 3644 1074 3697 Linus
1123 3653 1305 3696 autem
1358 3659 1481 3697 cum
1550 3643 1767 3697 Christo
1830 3652 1924 3696 aut
1966 3642 2167 3700 Christi

603 3733 905 3786 membrum
965 3733 1112 3786 haud
1152 3733 1277 3798 erit,
1314 3735 1404 3802 qui
1435 3749 1539 3787 non
1574 3735 1757 3800 gratiae
1783 3733 1894 3802 jam
1917 3751 2059 3798 nunc
2084 3746 2170 3790 est

603 3824 899 3891 particeps,
926 3836 1028 3875 nec
1063 3823 1309 3876 veritatis
1336 3833 1391 3876 et
1414 3823 1660 3877 scientiae
1689 3823 1942 3891 formam,
1962 3827 2028 3882 de
2064 3843 2170 3897 qua

601 3915 917 3982 Apostolus,
951 3915 1111 3966 habet
1148 3915 1203 3967 in
1235 3915 1438 3982 seipso.

671 4005 757 4058 43.
795 4002 1039 4073 Regnum
1068 4007 1338 4059 caelorum
1391 4005 1573 4060 simile
1623 4015 1708 4061 est
1769 4009 2102 4064 tabernaculi
2140 4024 2170 4062 a

605 4097 714 4148 Deo
764 4111 859 4165 per
891 4095 1129 4166 Moysem
1191 4097 1340 4153 facti.
1394 4098 1488 4153 Est
1539 4113 1682 4152 enim
1729 4100 1784 4153 in
1820 4103 1952 4156 duas
1994 4111 2171 4170 partes

605 4190 724 4242 velo
763 4189 935 4243 seculi
980 4189 1150 4244 futuri
1186 4191 1440 4245 divisum.
1492 4190 1559 4245 Et
1607 4193 1663 4245 in
1698 4194 1927 4262 primam
1949 4195 2170 4262 quidem

603 4290 814 4348 partem
855 4295 1046 4335 oumes
1081 4282 1450 4348 ingredientur
1481 4285 1670 4350 gratiae
1716 4287 2066 4350 sacerdotes;
2115 4287 2170 4342 in

601 4371 892 4424 secundam
926 4386 1080 4436 vero,
1110 4382 1296 4439 utpote
1321 4373 1686 4441 spiritualem,
1717 4375 1792 4427 illi
1825 4385 2036 4430 tantum
2077 4379 2170 4447 qui

2274 3183 2411 3253 πρὸς
2444 3181 2859 3252 συμπλήρωσιν,
2903 3182 2936 3250 ἡ
2968 3178 3290 3248 περιεκτικὴ
3325 3195 3418 3230 και
3472 3175 3703 3245 ἑνωτικὴ
3754 3174 3849 3227 τοῦ

2273 3272 2586 3342 πνεύματος
2619 3272 2847 3341 δύναμις
2875 3271 3212 3342 συρράπτειν
3231 3270 3295 3322 ού
3326 3268 3598 3336 πέφυκεν.

2346 3365 2458 3434 μβθ.
2505 3365 2795 3433 ἰσοτιμὶαν
2863 3364 2999 3436 πρὸς
3051 3363 3149 3435 τὴν
3187 3365 3245 3416 ιν
3290 3363 3513 3434 Χριστῷ
3571 3362 3854 3431 μόρφωσιν

2272 3455 2383 3521 ἓξει
2409 3458 2437 3509 ὁ
2464 3455 2562 3526 τὴν
2611 3456 2907 3526 καινότητα
2935 3455 3028 3508 τοῦ
3062 3455 3378 3524 πνεύματος
3419 3453 3598 3508 λαϐὼν
3617 3454 3854 3523 δωρεὰν,

2276 3549 2370 3601 καὶ
2409 3546 2687 3615 φυλάξας,
2735 3545 2833 3616 τὴν
2885 3545 3144 3616 ὑπερφυᾶ
3210 3546 3405 3599 θέωσιν
3442 3546 3562 3598 τότε
3625 3547 3855 3614 πάσχων

2274 3639 2554 3710 ἀρρήτως
2587 3633 2666 3702 εἷς
2706 3639 2816 3709 γὰρ
2848 3641 2905 3692 ὲν
2937 3638 3183 3709 Χριστῷ,
3218 3640 3252 3710 ἢ
3290 3637 3526 3708 Χριστοῦ
3561 3639 3725 3708 μέλος
3754 3639 3857 3689 οὐκ

2275 3727 2452 3792 ἔσται,
2485 3727 2561 3798 μὴ
2588 3731 2685 3798 τῆς
2734 3730 2952 3799 χάριτος
3011 3732 3235 3800 μέτοχος
3279 3731 3373 3783 ἀπ’
3400 3730 3652 3783 ἐντεῦθεν
3700 3731 3857 3797 γενόο

2275 3835 2456 3888 μενος,
2474 3818 2572 3889 τὴν
2601 3819 2884 3889 μόρφωσιν
2911 3821 3011 3889 τῆς
3041 3821 3303 3891 ἀληθείας
3331 3821 3423 3873 καὶ
3451 3820 3547 3889 τῆς
3575 3818 3852 3888 γνώσεως.

2273 3911 2414 3964 κατά
2446 3911 2537 3963 τὸν
2577 3910 2918 3976 ’Δπόστολον,
2943 3912 3082 3982 ἔχων
3103 3915 3160 3965 ὲν
3189 3913 3385 3982 ἐαυτῷ.

2348 4009 2459 4073 μγ’.
2534 4003 2751 4056 Ἔοικεν
2804 4005 2836 4073 ὴ
2899 4002 3145 4073 βασιλεία
3205 4004 3315 4057 τῶν
3372 4002 3617 4072 οὐρανῶν
3676 4004 3849 4069 σκηνῇ

2274 4092 2597 4161 θεοτεύκτῳ,
2664 4093 2804 4145 κατὰ
2853 4093 2952 4162 τὴν
3002 4094 3327 4162 Μωσαῖκὴν,
3360 4095 3420 4146 ὲν
3457 4095 3577 4146 δυσὶ
3607 4110 3850 4145 καταπε-

2274 4183 2515 4250 τάσμασι
2574 4182 2668 4234 τοῦ
2724 4181 3008 4251 μέλλοντος
3036 4181 3232 4246 αἰῶνος
3270 4183 3489 4251 ἔχουσα,
3520 4186 3614 4236 καὶ
3635 4185 3715 4244 είς
3751 4182 3853 4250 μὲν

2275 4276 2373 4346 τὴν
2435 4274 2662 4346 πρώτην
2719 4276 2926 4346 σκηνὴν
2969 4278 3191 4340 πάντες,
3245 4278 3360 4330 ὅσοι
3409 4279 3576 4345 ἱερεῖς
3631 4277 3852 4345 χάριτος

2274 4368 2675 4422 εἰσελεύσονται
2707 4410 2722 4434 ,
2778 4370 2860 4429 εἰς
2913 4371 2970 4421 δὲ
3016 4369 3115 4439 τὴν
3163 4369 3454 4439 δευτέραν,
3511 4368 3587 4431 ὼς
3631 4368 3848 4438 νοητὴν,

603 4477 749 4515 nunc
795 4464 846 4513 in
896 4462 1179 4530 theologia:
1237 4464 1576 4518 obscuritate
1627 4465 1922 4534 pontifices
1972 4469 2167 4521 trinam

2279 4462 2429 4530 μόνοι
2478 4462 2594 4514 ὅσοι
2624 4461 2720 4514 ἀπ’
2747 4461 3000 4514 ἐντεῦθεν
3035 4464 3092 4515 ἐν
3118 4461 3197 4530 τῷ
3226 4464 3322 4530 τῆς
3355 4461 3634 4529 θεολογίας
3666 4462 3851 4529 γνόφῳ

601 4555 796 4607 anima:
823 4553 930 4606 vim
968 4552 1201 4622 perfecte
1258 4556 1654 4619 sacrificantes,
1719 4567 1773 4612 et
1816 4556 2001 4612 Iesum
2030 4573 2167 4612 Stttn«

2274 4549 2604 4620 ἰεραρχικῶς
2633 4553 2690 4602 ὲν
2729 4552 3028 4622 τελειότητι
3090 4551 3385 4620 τριαδικῶς
3427 4551 3850 4622 λειτουργήσαν-

604 4661 750 4699 mum
782 4645 1126 4701 sacerdotum
1173 4647 1596 4714 pontiﬁcumque
1645 4647 1952 4717 principem
1989 4648 2176 4703 Trini-

604 4737 700 4790 tati
730 4736 1042 4800 oiferentes,
1065 4735 1119 4789 in
1152 4737 1583 4802 tabernaculum,
1624 4738 1712 4792 ubi
1750 4738 2044 4794 cruciﬁxus
2065 4752 2172 4808 est,

605 4828 829 4890 intrant,
863 4827 1241 4895 fulgidioribus
1272 4827 1388 4896 ejus
1427 4829 1808 4896 splendoribus
1858 4831 2170 4885 illuminan-

606 4926 715 4971 tur.

671 5009 758 5061 44.
793 5007 1040 5063 Οιιοιιδίι
1072 5009 1340 5072 Salvator,
1368 5007 1550 5077 plures
1580 5008 1809 5063 dicendo
1841 5011 2168 5076 mansiones,

607 5104 784 5154 varios
815 5118 935 5155 esse
961 5101 1162 5168 gradus
1210 5113 1264 5154 et
1311 5109 1486 5154 status
1541 5101 1593 5152 in
1634 5100 1742 5152 vita
1797 5100 1998 5157 futura.
2036 5099 2168 5154 Nam

607 5209 828 5256 regnum
869 5195 1108 5256 cceleste,
1146 5193 1268 5245 licet
1301 5208 1463 5244 unum
1498 5194 1592 5256 sit,
1632 5195 1800 5246 multa
1833 5194 1977 5250 intus
2010 5195 2172 5248 habet

609 5285 764 5334 loca:
805 5287 872 5332 ita
925 5291 983 5333 ut
1013 5283 1121 5335 sint
1166 5283 1234 5334 ibi
1295 5283 1440 5335 velut
1467 5283 1719 5336 caelestes
1762 5295 1814 5335 et
1863 5293 2171 5350 terrestres,

609 5384 766 5434 prout
827 5373 1080 5440 majorem
1135 5373 1332 5425 habent
1368 5375 1619 5426 virtutem
1676 5375 2071 5443 scientiamque
2107 5392 2170 5429 ac

605 5465 1021 5516 dedicationem.
1058 5462 1268 5516 Etenim
1309 5465 1409 5516 alia
1439 5465 1652 5518 claritas
1677 5467 1828 5530 solis,
1860 5466 1962 5518 alia
1983 5467 2146 5518 clari-

607 5567 691 5610 tas
721 5555 881 5619 lunze,
906 5565 958 5607 et
985 5555 1089 5608 alia
1125 5554 1342 5608 claritas
1371 5555 1672 5618 stellarum,
1699 5566 1754 5612 et
1778 5558 1930 5624 stella
1965 5574 1991 5607 a
2022 5557 2170 5610 stella

679 5733 700 5762 ‘
727 5731 885 5786 Joan.
922 5748 1003 5797 lli,
1030 5733 1114 5787 18.
1195 5732 1212 5760 ⁷
1243 5730 1382 5785 Psal.
1413 5700 1621 5796 l.Vll,.4.

2269 4654 2380 4701 τες,
2409 4639 2499 4691 τὸν
2550 4639 2761 4709 Ἰησοῦν
2803 4641 3138 4710 τελετάρχην
3197 4641 3296 4695 καὶ
3323 4641 3584 4713 ἱεράρχην
3633 4642 3855 4712 πρῶτον

2269 4728 2405 4798 πρὸς
2438 4729 2536 4800 τὴν
2591 4729 2798 4802 ἰ’ριάδα
2833 4731 3070 4800 ἔχοντες,
3105 4733 3164 4784 ὲν
3195 4734 3258 4802 τῇ
3290 4736 3484 4802 σκηνῇ,
3513 4726 3810 4805 ᾖὲπήξατο
3831 4772 3848 4796 ,

2267 4820 2662 4890 εἰσερχόμενοι,
2717 4823 2810 4874 καὶ
2869 4823 3276 4895 ἐμφανέστερον
3294 4825 3394 4888 τὰς
3427 4825 3593 4878 αὑτοῦ
3627 4842 3849 4895 μαρμαυ

2272 4909 2442 4980 ρυγὰς
2472 4911 2890 4982 ὲλλαμπόμενοι.

2344 4999 2451 5068 μό’.
2489 5003 2696 5068 Πολλὰς
2755 4999 2923 5076 μονὰς
2946 5010 2974 5060 ὀ
3001 5009 3192 5080 Σωτὴρ
3223 5009 3394 5080 ἔφησε
3429 5010 3528 5072 τὰς
3557 5009 3848 5079 διαφόρους

2275 5091 2572 5156 ἀναϐάσεις
2596 5132 2610 5156 ,
2645 5099 2743 5148 καὶ
2785 5098 3071 5166 προκοπὰς
3096 5099 3193 5167 τῆς
3221 5100 3401 5150 ἐκεῖσε
3434 5098 3846 5155 καταστάσεωςο

2276 5190 2405 5260 μιᾶς
2433 5189 2532 5258 μὲν
2547 5187 2710 5256 οὔσης
2744 5191 2841 5258 τῆς
2868 5190 3168 5260 βασιλείας,
3221 5192 3422 5253 πολλὰς
3442 5192 3497 5244 δὲ
3528 5191 3676 5244 ἔνδον
3727 5189 3847 5241 δια-

2273 5280 2444 5349 φοράς
2463 5279 2692 5350 ἐχούσης
2712 5297 2725 5311 ⁸
2753 5281 2828 5345 ὡς
2861 5281 3000 5336 εἶναι
3062 5283 3348 5352 οὐρανίους
3386 5301 3444 5335 τε
3480 5284 3574 5336 καὶ
3599 5283 3843 5352 γηῖνους,

2275 5371 2414 5426 κατά
2441 5389 2499 5425 τε
2525 5373 2622 5444 τὴν
2667 5375 2892 5445 ἀρετὴν,
2950 5375 3046 5427 καὶ
3099 5374 3198 5447 τὴν
3257 5375 3479 5442 γνῶσιν,
3514 5375 3656 5427 κατά
3687 5391 3743 5425 τε
3777 5372 3844 5423 τὸ

2273 5466 2436 5520 ποσὸν
2480 5468 2582 5540 τῆς
2619 5468 2866 5532 θεώσεως
2902 5466 3147 5537 ἔχοντας.
3179 5466 3345 5537 ’Ἄλλη
3378 5467 3487 5537 γὰρ
3516 5467 3642 5532 δόξα
3663 5465 3843 5535 ἡλίου,

2276 5562 2367 5614 καὶ
2417 5560 2549 5630 ἄλλη
2613 5559 2863 5629 σελήνης,
2922 5561 3012 5610 καὶ
3059 5557 3194 5628 ἄλλη
3245 5559 3510 5628 ἀστέρων,
3539 5559 3630 5631 καὶ
3660 5555 3838 5622 ἀστὴρ
