4122 6322
337 355 474 421 1253
1376 357 1647 420 CAPITA
1696 361 1848 420 PER
1884 343 2543 445 ACROSTICHIDEM.
3438 375 3574 443 test

322 482 549 553 ἀστέρος
612 482 856 551 διαφέρει
887 481 945 534 ὲν
977 478 1123 550 δόξῃ,
1158 476 1342 540 καθὼς
1374 493 1539 547 φησιν
1566 478 1594 528 ὁ
1634 476 1898 529 ’Λπόστο-
1927 486 1950 541 Α

1941 485 1974 541 Α
2005 484 2186 540 dim-rt
2222 487 2491 554 claritate,
2545 498 2601 544 ut
2631 488 2707 541 ait
2756 488 3102 559 Apostolus“,
3138 492 3260 547 licet
3300 507 3489 547 omnes
3516 495 3569 547 in

326 576 442 639 λος,
508 574 563 627 εἰ
618 573 714 628 καὶ
763 574 962 635 πᾶντες
1006 573 1064 625 ὲν
1116 569 1200 623 svi.
1232 568 1363 640 θείῳ
1399 568 1738 640 στερεώματι
1757 569 1869 639 λάμ

1358 592 1363 616 ι
1399 568 1738 640 στερεώματι
1757 569 1869 639 λάμ
2002 594 2112 635 uno
2147 578 2383 649 fulgeant
2410 581 2592 635 divino
2627 581 2986 637 ﬁrmamento.

324 683 540 719 πουσιν.
2018 694 2023 695 ⁷

398 760 500 823 με’.
564 753 844 820 Ἀγγέλοις
895 751 1199 820 ὁμοδίαιτος
1249 751 1462 820 γίνεται
1499 749 1677 821 βραχύ
1701 767 1777 814 τι,
1810 750 1905 801 καί

2080 758 2172 814 45.
2210 759 2448 816 Mutatur
2472 759 2585 816 fere
2612 760 2665 815 in
2701 761 2950 829 angelum
2987 761 3365 829 incorporeum
3399 771 3452 815 et
3484 763 3568 814 in-

323 845 641 914 ἀσώματος,
663 844 738 907 ὡς
763 843 1043 915 ἄφθαρτος
1070 846 1099 898 ὁ
1118 844 1208 898 τὸν
1237 845 1337 915 μὲν
1365 842 1494 897 νοῦν
1531 843 1619 895 διὰ
1650 840 1897 912 δακρύωι

2002 852 2457 923 θοττιιριίιιίιοηι,
2540 853 2632 922 qui
2691 861 2925 908 mentem
2989 854 3239 923 lacrymis
3295 868 3570 923 purgans,

325 939 590 1007 καθάρας,
657 937 757 1006 τὴν
809 938 867 991 δὲ
913 937 1112 1008 ψυχὴν,
1167 938 1483 1008 ἀναστήσας
1524 935 1778 989 ἐντεῦθεν
1824 934 1904 1004 τῷ

2006 949 2353 1014 animamque
2379 945 2490 1013 jam
2527 961 2671 999 nunc
2702 946 2921 1016 spiritu,
2959 960 3178 1001 carnem
3204 961 3333 999 vero
3360 946 3570 1000 ratione

325 1030 626 1098 πνεύματι,
659 1029 758 1098 τὴν
786 1030 846 1084 δὲ
911 1030 1183 1101 σάρκατῷ
1217 1030 1362 1100 λόγῳ
1393 1027 1685 1096 φωτοειδές
1727 1043 1786 1080 τε
1809 1027 1904 1079 καὶ

2002 1040 2241 1110 erigens,
2266 1040 2317 1091 in
2361 1037 2698 1108 splendidam
2733 1039 3053 1108 igneamque
3100 1038 3297 1093 divina!
3329 1037 3573 1105 pulchri-

322 1122 551 1190 πύρινον
604 1119 831 1190 ἄγαλμα
885 1120 1035 1185 θείας
1090 1121 1430 1190 ὡραιότητος
1485 1117 1856 1187 ποιησάμενος
1885 1156 1901 1181 ,

2005 1131 2211 1187 tudinis
2271 1131 2565 1200 imaginem
2603 1131 2870 1185 convertit
2919 1145 3073 1185 suam
3133 1129 3435 1183 naturalem
3487 1130 3571 1182 lu-

322 1211 416 1264 τδν
451 1210 611 1278 φύσει
665 1211 894 1280 πήλινον
921 1212 1219 1283 ἀνδριάντα
1247 1210 1474 1265 ἑαυτοῦο
1505 1211 1663 1281 εἰπερ
1692 1210 1906 1279 ἀφθαρ-

2007 1234 2256 1294 teamque
2319 1224 2548 1278 formam
2587 1223 2895 1291 :siquideut
2943 1223 3275 1291 incurruptio
3325 1221 3571 1291 corporis

327 1302 416 1355 σία
477 1302 595 1355 ἐστὶ
661 1304 952 1373 σωμάτων,
1006 1302 1198 1374 χυμῶν
1224 1302 1468 1373 ἔκλειψις
1519 1302 1614 1355 καί⁵
1655 1303 1905 1373 παχυτή·

1589 1302 1614 1353 ’δ’
1655 1303 1905 1373 παχυτή·
2004 1326 2084 1371 est
2119 1316 2367 1372 defectus
2394 1318 2684 1370 bumorum
2739 1325 2792 1369 et
2816 1313 3217 1368 crassitudinis.

321 1412 452 1452 των.

397 1494 516 1557 pg".
564 1489 755 1558 Γήῖνον
786 1488 940 1540 ἔσται
972 1487 1034 1541 τὸ
1068 1486 1228 1558 σῶμα
1258 1486 1358 1557 τῆς
1382 1485 1713 1557 ἀφθαρσίας,
1735 1485 1906 1555 χωρὶς

2077 1501 2173 1556 46.
2230 1497 2659 1568 lncorruptionis
2723 1512 2918 1568 corpus
2970 1498 3074 1552 erit
3119 1505 3418 1557 terrenum,
3480 1494 3575 1549 sed

323 1579 513 1648 χυμῶν
567 1581 661 1664 καὶ
713 1577 1063 1649 παχύτητος,
1119 1578 1588 1648 μεταποιούμενον
1646 1577 1905 1648 ἀρρήτως

2005 1596 2210 1661 absque
2282 1591 2601 1645 humoribus
2658 1599 2713 1645 et
2768 1589 3156 1651 crassitudine,
3229 1584 3576 1641 inell‘abiliter

326 1676 435 1727 ἀπὸ
463 1673 560 1727 τοῦ
608 1675 841 1745 ψυχικοῦ
889 1676 971 1738 εἰς
1002 1676 1162 1747 σῶμα
1201 1675 1591 1746 πνευματικὸν,
1625 1675 1697 1738 ὡς
1765 1670 1907 1727 εῖναι

2009 1686 2452 1743 transformatum
2485 1684 2553 1738 ab
2601 1683 2818 1737 animali
2852 1682 2905 1734 in
2939 1680 3191 1751 spiritale
3232 1692 3472 1745 corpus:
3503 1677 3573 1731 ita

331 1766 427 1818 καὶ
446 1765 651 1835 χοῖκὺν,
678 1765 773 1820 καὶ
799 1768 1050 1837 οὐράνιον
1087 1770 1153 1838 τῇ
1178 1768 1277 1837 τῆς
1302 1767 1566 1829 θεοειδίας
1590 1766 1904 1835 λεπτότητι·
1933 1827 1959 1838 _

1950 1827 1978 1838 _
2011 1790 2071 1834 ut
2101 1781 2172 1834 sit
2207 1787 2466 1833 terrestre
2499 1778 2664 1831 simul
2696 1793 2756 1830 ac
2786 1775 3030 1838 cmleste,
3056 1781 3110 1825 et
3142 1770 3445 1825 subtilitate
3470 1770 3578 1822 Deo

330 1827 585 1927 οἷον“γὰρ
623 1827 880 1928 ἐπλάσθη.
915 1859 973 1924 ἑξ
1017 1827 1510 1929 ἀρχξιςίντοιοῦτον
1542 1827 1637 1911 ita!
1671 1827 1958 1926 ἀναστή-1

1950 1827 1983 1886 B
2016 1870 2216 1927 simile.
2258 1868 2430 1934 Quale
2478 1869 2620 1919 enim
2684 1866 2933 1933 primitus
2996 1872 3237 1917 creatum
3295 1868 3407 1927 est,
3471 1857 3578 1912 tale

328 1962 511 2004 σεται.»
554 1947 640 2000 ἵνα
727 1948 1054 2019 σύμμορφον
1095 1949 1196 2018 τῆς
1257 1951 1464 2013 εἰκόνος
1513 1950 1610 2003 τοῦ
1651 1949 1767 2003 υίοῦ
1808 1946 1904 2001 τοῦ

2015 1971 2281 2030 resurget,
2350 1968 2410 2013 ut
2465 1957 2834 2024 conﬁguretur
2871 1954 3094 2025 imagini
3162 1951 3282 2005 Filii
3322 1950 3575 2013 hominis,

326 2033 639 2106 ἀνθρώπου,
680 2036 820 2090 κατά
842 2039 942 2109 τὴν
997 2040 1294 2111 ὁλόκληρον
1345 2041 1444 2110 τῆς
1488 2038 1735 2103 θεώσεως
1774 2038 1906 2109 μέθ-

1345 2041 1444 2110 τῆς
1488 2038 1735 2103 θεώσεως
1774 2038 1906 2109 μέθ’
2012 2051 2220 2107 deities:
2252 2049 2473 2105 omnino
2511 2063 2737 2103 consors
2763 2047 2968 2117 glorire.

326 2127 459 2193 εξιν.
2014 2159 2021 2163 .

400 2219 508 2286 μζ’.
569 2218 650 2289 Γῆ
730 2219 956 2290 πραέων
1017 2220 1170 2275 ἐστὶν
1232 2221 1266 2290 ή
1345 2220 1591 2291 βασιλεία
1649 2219 1759 2273 τῶν
1814 2220 1908 2274 ού-

2082 2231 2174 2286 47.
2206 2229 2407 2284 Sancta
2439 2226 2650 2281 mitium
2679 2235 2824 2280 terra
2879 2232 2964 2279 est
3015 2237 3239 2291 regnum
3289 2220 3577 2280 cmlorum,

325 2308 525 2379 ρανῶν,
556 2309 647 2382 ἢή
697 2311 990 2382 θεανδρικὴ
1049 2312 1144 2366 τοῦ
1198 2312 1317 2366 υἰοῦ
1369 2313 1505 2378 ἕξις,
1567 2314 1648 2376 εἰς
1707 2312 1774 2383 ήν
1810 2312 1903 2382 βε-

2012 2337 2106 2378 seu
2141 2321 2332 2376 deiﬁca
2362 2320 2549 2373 tiliatio
2577 2333 2738 2388 quam
2769 2317 2945 2384 adepti
2968 2314 3048 2369 vel
3087 2315 3333 2381 adepturi
3365 2325 3575 2370 sumus.

328 2403 580 2472 δήκαμεν
607 2444 622 2469 ,
671 2403 706 2473 ἢ
753 2404 1133 2475 ὲπιϐαίνομεν,
1189 2404 1291 2475 τὴν
1328 2405 1387 2458 ὲν
1412 2406 1594 2476 χάριτι
1650 2406 1904 2474 γέννησιν

2013 2414 2186 2484 gratia
2219 2410 2529 2480 regenerati
2579 2419 2633 2464 el
2667 2409 2930 2475 adoptati.
2956 2416 3010 2459 et
3062 2404 3461 2458 resurrectione
3495 2402 3579 2455 in-

324 2491 426 2561 τῆς
483 2492 779 2558 υἱοθεσίας,
836 2495 933 2548 καὶ
957 2494 1056 2565 τὴν
1089 2494 1179 2549 διὰ
1215 2496 1315 2564 τῆς
1346 2496 1697 2559 ἀναστάσεως
1721 2496 1903 2550 καινό⁹

2011 2505 2263 2562 staurati.
2286 2502 2378 2556 Vel
2397 2501 2574 2556 adhuc
2596 2508 2739 2554 terra
2769 2507 2955 2552 sancta
2976 2504 3061 2549 est
3090 2502 3276 2548 natura
3307 2492 3577 2554 deilicata,

325 2599 462 2653 τητα
493 2584 801 2655 εἰληφότεςο
852 2586 886 2657 ἢ
920 2586 1104 2651 πάλιν,
1134 2586 1208 2658 γῆ
1236 2588 1369 2655 ἀγία
1398 2588 1547 2640 ἐστὶν
1575 2589 1608 2657 ή
1640 2588 1903 2641 θεωθείσα

2014 2608 2107 2653 aut
2165 2598 2346 2651 forsan
2405 2603 2549 2648 terra
2615 2591 2732 2645 haec
2776 2588 3059 2659 pnrillcata
3120 2601 3219 2654 pro
3279 2583 3477 2638 incolis
3512 2584 3578 2636 ad

326 2673 510 2743 φύσις,
554 2674 588 2743 ἢ
636 2677 800 2747 τυχὸν
862 2678 958 2730 καὶ
1021 2677 1357 2748 καθαρθεῖσα
1409 2679 1484 2747 γῆ
1539 2678 1702 2749 αὕτη,
1766 2679 1904 2749 πρὸς

2015 2698 2219 2745 tantam
2263 2686 2577 2756 dignitatem
2628 2681 2919 2751 promotis.
2956 2676 3049 2732 Vel
3086 2677 3191 2732 alio
3220 2682 3401 2741 sensu,
3436 2683 3577 2728 terra

321 2770 556 2839 γεηροὺς
624 2766 747 2822 κατ’
792 2769 952 2836 ἀξίαν
1016 2771 1379 2843 τοιούτουςοῆ
1427 2771 1549 2826 κατ’
1578 2771 1747 2842 ἄλλην
1780 2771 1905 2826 ἐπί-

2012 2795 2139 2836 vere
2208 2779 2414 2833 sanctis
2493 2781 2811 2835 reservata,
2870 2780 2959 2826 est
3013 2765 3580 2836 incomprehensibilis

326 2876 478 2914 νοιαν
506 2878 522 2893 ’
580 2861 651 2932 γῆ
710 2863 1340 2935 κατακληρονομουμένη
1394 2864 1514 2917 ἐστὶ
1567 2865 1681 2927 τοῖς
1735 2862 1905 2927 ὅντως

2013 2873 2281 2932 securitas
2309 2880 2365 2926 et
2396 2868 2580 2922 divina
2616 2883 2740 2935 pax.
2769 2864 2823 2919 in
2858 2877 2960 2930 qua
3003 2863 3268 2933 iustorum
3300 2857 3593 2929 generatio

324 2952 502 3020 ἁγίοις
547 2955 582 3025 ἡ
628 2955 945 3025 ἀκύμαντος
988 2956 1091 3027 τῆς
1145 2957 1286 3025 ὑπὲρ
1334 2958 1461 3009 νοῦν
1511 2958 1738 3026 εἰρήνης
1782 2955 1903 3008 θεία

2012 2965 2389 3025 collocabitur,
2416 2961 2567 3013 nullo
2601 2970 2868 3010 creatura!
2898 2953 3132 3008 tumultu
3188 2950 3578 3014 per-turbanda.

327 3044 565 3117 γαλήνη,
597 3042 681 3109 εἰς
710 3040 781 3113 ἢν
811 3039 848 3111 ή
886 3037 1056 3109 γενεὰ
1081 3035 1195 3089 τῶν
1217 3032 1422 3088 εύθέων
1446 3033 1950 3103 κατῳκισθήσεται,
1984 3033 2214 3104 μηδενὸς
2238 3034 2348 3085 τῶν
2374 3035 2434 3086 έν
2462 3035 2577 3098 τοῖς
2609 3030 2730 3089 οὖσι
2770 3031 3256 3106 περιϐομϐοῦντος,
3290 3031 3324 3102 ἢ
3357 3031 3571 3086 σαίνον-

329 3161 421 3217 τος
447 3139 668 3217 αὐτούς.

392 3184 918 3288 Ἶέιῖταγγελίας
969 3213 1045 3284 γῆ
1076 3214 1253 3281 ἐστιν,
1277 3213 1313 3284 ή
1363 3210 1625 3276 ἀπάθεια,
1663 3208 1786 3263 καθ’
1829 3206 1897 3279 ήν

2075 3223 2163 3280 48.
2218 3219 2415 3275 Sancta
2465 3208 2842 3284 promissionis
2896 3184 3044 3262 terr;
3106 3213 3193 3260 est
3243 3200 3559 3272 passionum

322 3307 614 3372 ἀναϐλύζει
665 3307 787 3377 μέλι
845 3307 941 3360 καί
990 3305 1154 3374 γάλα,
1189 3307 1223 3377 ή
1265 3304 1577 3377 εὐφροσύνη
1613 3302 1708 3358 τοῦ
1734 3301 1895 3357 πνεύ-

1998 3316 2345 3380 immunitas,
2379 3313 2434 3367 in
2454 3324 2559 3381 qua
2588 3307 2747 3362 melle
2776 3313 2831 3359 et
2861 3302 3003 3358 lacte
3046 3309 3221 3356 scatet
3270 3293 3560 3368 prudentis

326 3419 517 3472 ματος.

2000 3412 2241 3482 spiritus.

397 3491 504 3561 μθ’.
569 3490 744 3557 Λόγον
775 3489 823 3542 οἰ
861 3487 1011 3556 ἅγιοι
1041 3489 1099 3541 ὲν
1148 3486 1403 3557 ἀλλήλοις
1431 3486 1492 3541 ἐν
1536 3485 1616 3557 τῷ
1651 3485 1900 3557 μέλλοντι

2033 3474 2046 3482 ’
2070 3502 2160 3558 49.
2198 3499 2259 3553 in
2306 3495 2447 3550 caelo
2491 3489 2663 3547 sancti
2698 3488 2844 3543 inter
2891 3500 2952 3539 se
2982 3480 3240 3554 mysticos
3285 3491 3353 3531 ex
3393 3474 3565 3530 abun-

324 3582 652 3652 φθέγγονται
673 3580 948 3649 μυστικῶς
975 3580 1066 3633 τὸν
1112 3577 1442 3641 ἐνδιάθετον,
1472 3578 1531 3630 tv
1568 3577 1710 3648 ἁγίῳ
1730 3577 1870 3631 Πνεύ

2002 3592 2184 3649 dantis
2239 3587 2421 3644 cordis
2455 3595 2733 3641 sermones
2764 3578 2989 3642 habent,
3020 3575 3076 3628 in
3110 3569 3313 3642 Spiritu
3373 3575 3563 3623 sancto

329 3689 463 3745 ματι
496 3669 744 3739 ἐκφωνού
753 3687 938 3739 μενον.
2001 3686 2371 3751 ωηοψωηιεε
2654 3683 2661 3690 .

393 3772 457 3819 ν’.
497 3764 625 3817 Ἐὰν
680 3762 756 3833 μὴ
798 3761 1016 3832 γνῶμεν
1051 3761 1197 3825 οἵους
1224 3762 1376 3832 ἡμᾶς
1400 3761 1658 3832 ἐποίησεν
1688 3761 1718 3814 ό
1746 3760 1901 3829 Θεὸς,

2072 3747 2172 3831 50..
2190 3774 2247 3827 Si
2275 3770 2582 3827 nesciamus
2608 3763 2796 3834 quales
2823 3774 2922 3815 nos
2956 3755 3142 3813 fecerit
3164 3754 3334 3818 Deus,
3357 3747 3577 3805 nescie-

325 3856 426 3910 οὐκ
447 3854 868 3925 ἑπιγνωσόμεθα
889 3853 1033 3917 οἴους
1056 3852 1312 3923 ἐποίησεν
1340 3854 1373 3923 ή
1404 3852 1669 3924 ἁμαρτία.

1404 3852 1669 3924 ἁμαρτίαι
2004 3883 2124 3922 mus
2159 3865 2350 3934 quales
2377 3876 2478 3916 nos
2506 3857 2695 3914 fecerit
2717 3861 3021 3924 peccatum.

395 3956 501 4003 να’.
555 3944 695 4002 Ἷσοι
748 3947 888 4001 κατά
934 3945 1033 4018 τὴν
1089 3945 1306 4016 ἡλικίαν
1357 3945 1496 3998 είσίν
1517 3946 1576 3998 ὲν
1607 3944 1902 4014 πνεύματι,
2073 3959 2161 4013 δι,
2195 3954 2517 4011 Είηοίυηιιη·
2536 3947 2769 4016 animus
2788 3955 2946 4000 amne
2981 3943 3034 3995 in
3068 3938 3289 4004 ερῑι-ῑιιι,
3317 3934 3566 4005 quicum-

330 4046 455 4100 ὅσοι.
476 4043 536 4097 τὸ
562 4045 841 4115 πλήρωμα
888 4041 989 4111 τῆς
1017 4040 1115 4094 τοῦ
1165 4036 1404 4110 Χριστοῦ
1440 4035 1781 4107 τελειότητος
1807 4038 1906 4091 ἀπ’

2001 4065 2108 4121 que
2138 4044 2525 4118 plenitudinem
2568 4034 2920 4111 perfectionis
2958 4030 3163 4088 Christi
3191 4043 3336 4082 nunc
3382 4022 3560 4094 adepti

330 4086 455 4100 νυν-ν
487 4086 535 4097 ’ν
569 4086 841 4115 ’ν’-ἰς’*ι-’νν
899 4086 985 4111 "ru
1029 4086 1110 4094 *ν*
1166 4086 1399 4110 --τ---ν-
1453 4086 1779 4107 ννν--τν--ιννν
1810 4086 1885 4091 -η-
2001 4086 2108 4121 quo
2140 4086 2525 4118 μιν-ιι--νυ-υ--ι
2571 4086 2849 4111 γν--ννν--ε
2877 4086 2914 4089 κ-
2973 4086 2986 4088 -
3010 4086 3017 4087 κ
3488 4086 3505 4094 -
3634 4086 3653 4123 ς

328 4135 579 4192 ἐντεῦθεν
599 4135 904 4205 εἰλήφασιν.
2004 4149 2157 4199 sunt.

403 4226 503 4296 νβ’.
537 4220 640 4278 Ὧν
663 4225 712 4278 οἰ
744 4224 920 4283 πόνοι,
949 4218 1156 4272 τούτων
1186 4218 1241 4271 αἰ
1273 4217 1520 4289 ἀμοιϐαί·
1548 4218 1609 4272 τὸ
1636 4216 1800 4271 ποσὸν
1822 4216 1902 4283 δὲ,

2080 4233 2171 4289 52.
2200 4229 2305 4285 Tot
2331 4224 2548 4296 praemia
2579 4227 2710 4292 quot
2759 4217 2973 4272 labores
3010 4228 3026 4270 :
3063 4208 3338 4281 quantitas
3386 4213 3562 4259 autem

332 4318 452 4390 ῆτὸ
508 4316 694 4378 ποιὸν,
751 4312 997 4367 τουτέστι
1048 4309 1110 4363 τὸ
1161 4310 1360 4380 μέτρον
1412 4310 1595 4364 ὁποῖόν
1648 4311 1819 4373 ἔστιν,
1867 4308 1902 4379 ή

2007 4335 2062 4384 et
2082 4323 2337 4394 qualitas,
2379 4317 2434 4373 id
2483 4322 2587 4380 est,
2630 4321 2881 4366 mensura
2934 4316 3183 4376 quaenam
3214 4299 3306 4364 sit,
3333 4298 3468 4352 ordo
3508 4304 3563 4350 et

328 4408 504 4476 τάξις,
561 4404 1069 4476 καὶήκατάστασις
1122 4402 1302 4454 ἐκεῖσε
1349 4400 1438 4455 διὰ
1497 4400 1600 4472 τῆς
1670 4401 1956 4527 μετοχῆςΙ

332 4501 562 4527 ιι-ι.-....-.

1515 4400 1600 4472 πῆς
1670 4401 1906 4472 μετοχῆς
1934 4467 1983 4527 D
2012 4427 2188 4474 status
2220 4408 2463 4468 caelestis
2496 4400 2857 4477 possessionis
2887 4395 3143 4453 ostendit.

330 4501 588 4555 δείκνυσι.

403 4591 506 4659 νγ⁹.
536 4591 700 4654 Νόες,
755 4587 1039 4641 τουτέστιν
1084 4584 1385 4654 ἰσάγγελοι,
1445 4586 1631 4655 φησὶν,
1691 4584 1906 4641 ἔσονται

2083 4585 2172 4640 55.
2201 4583 2374 4637 Erunt
2420 4580 2668 4649 spiritus,
2724 4577 2779 4633 id
2827 4586 2932 4640 est,
2977 4575 3182 4645 angelis
3225 4575 3451 4634 similes,
3510 4583 3567 4643 ut

331 4683 382 4737 οἰ
412 4683 517 4737 υἰοί
563 4682 663 4753 τῆς
706 4678 1057 4741 ἀναστάσεως
1093 4677 1187 4732 τοῦ
1232 4674 1492 4747 Χριστοῦ,
1524 4679 1591 4749 τῇ
1622 4675 1906 4751 ἀφθαρσίᾳ

2007 4676 2266 4745 scriptum
2295 4681 2402 4736 est,
2430 4671 2523 4726 filii
2551 4668 2964 4725 resurrectionis
2992 4665 3218 4729 Christi,
3260 4681 3354 4721 seu
3387 4666 3567 4738 incor-

332 4776 425 4828 καί
450 4771 644 4826 θεώσει
674 4771 723 4823 οἰ
754 4769 921 4838 ἅγιοι.

2004 4768 2295 4838 ruptihiles
2320 4764 2656 4831 deiﬁcatique
2683 4760 2876 4829 sancti.

400 4865 499 4919 νδ’.
547 4865 637 4916 Ἐν
680 4860 761 4930 τῷ
824 4859 1074 4931 μέλλοντι
1114 4858 1165 4911 οἰ
1211 4858 1434 4928 ἄγγελοι
1480 4859 1574 4913 καὶ
1637 4861 1685 4913 οἱ
1734 4859 1904 4929 ἅγιοι,

2080 4858 2170 4913 54.
2203 4855 2354 4911 Tunc.
2388 4855 2441 4908 in
2496 4853 2676 4908 futuro
2728 4848 2933 4903 steculo
2964 4848 3138 4916 angeli
3190 4857 3244 4901 et
3278 4848 3469 4914 sancti,
3511 4858 3570 4904 ut

336 4957 494 5026 φασὶ,
533 4954 938 5025 προκόπτοντες
974 4952 1126 5022 ὲντῇ
1177 4951 1285 5005 τῶν
1342 4951 1698 5022 χαρισμάτων
1744 4970 1907 5025 προσ-

2010 4951 2230 5011 dicitur,
2263 4948 2524 5017 prolicere
2554 4944 2607 4998 in
2637 4941 2933 5012 gratiarum
2966 4948 3260 5007 augmento
3292 4956 3395 4995 non
3426 4942 3570 4996 desi-

334 5049 481 5119 θήκῃ
509 5047 767 5100 οὐδέποτε
810 5042 1087 5113 λήξουσιν,
1114 5043 1146 5112 ἢ
1177 5042 1488 5108 ἐνδώσουσι,
1547 5043 1654 5096 τῶν
1681 5043 1906 5113 ἀγαθῶν

2012 5050 2145 5096 nent
2175 5049 2267 5092 aut
2322 5037 2634 5098 cessabunt,
2685 5049 2785 5088 nec
2833 5048 2862 5088 a
2915 5032 3059 5087 bono
3112 5032 3400 5099 deficient;
3442 5046 3567 5086 nam

334 5141 546 5208 ὲφετῶς
597 5139 847 5209 ἔχοντες·
882 5137 1080 5205 ὕφεσιν
1125 5135 1258 5206 γὰρ,
1295 5135 1591 5210 ἦμείωσιν
1646 5135 1755 5189 ἀπὸ
1805 5136 1906 5207 τῆς

2012 5134 2222 5203 lapsum
2265 5139 2358 5184 aut
2403 5129 2805 5182 decrernentum
2836 5139 2864 5177 a
2908 5135 3059 5178 recto
3093 5122 3145 5177 in
3179 5124 3417 5179 deterius
3480 5124 3566 5179 illa

331 5234 536 5306 ἀρετῆς
567 5234 660 5285 ἐπὶ
685 5231 886 5285 κακίαν
917 5231 1125 5289 ἐκεῖνος
1146 5232 1248 5281 οὐκ
1274 5227 1387 5297 ἔχει
1407 5230 1434 5280 ὁ
1463 5227 1621 5281 αἰὼν.

917 5231 1125 5289 ἐκεῖνος
1146 5232 1248 5281 οὐκ
1274 5227 1387 5297 ἔχει
1407 5230 1434 5280 ὁ
1463 5227 1621 5281 αἰὼν.
2013 5227 2125 5281 vita
2151 5237 2258 5276 non
2295 5221 2514 5287 patitur.

401 5322 493 5376 νε’.
509 5321 727 5374 Τέλειον
748 5319 917 5390 ἄνδρα
942 5322 1164 5388 νόμισον
1181 5312 1322 5371 εἶναι
1338 5317 1557 5384 νῦν,τὸν
1580 5319 1679 5390 τὴν
1711 5321 1909 5392 ὁμοίω-

2082 5314 2170 5369 55.
2219 5311 2463 5379 lntellige
2502 5306 2798 5377 perfectum
2848 5321 2991 5361 nunc
3041 5322 3163 5362 esse
3214 5309 3414 5372 virum,
3472 5308 3566 5375 qui

332 5433 420 5468 σιν
439 5413 547 5468 τῶν
575 5412 671 5465 τοῦ
692 5411 932 5483 Χριστοῦ
967 5409 1413 5483 μεθηλικιὼσεων
1438 5410 1717 5482 εἰληφότα,
1748 5414 1823 5479 ὡς
1849 5416 1906 5467 ὲν

2007 5402 2411 5458 similitudinem
2482 5401 2936 5452 incrementorum
3000 5398 3200 5453 Christi
3253 5399 3408 5467 quasi
3485 5401 3567 5467 pi-

328 5502 633 5576 ἀῤῥαὸῶνι,
658 5501 751 5555 τὸν
779 5500 837 5555 δὲ
868 5503 927 5555 ὲν
979 5501 1057 5573 τῷ
1111 5501 1361 5574 μέλλοντι
1392 5503 1598 5558 τέλειον
1631 5505 1908 5560 δείκνυσιν

2007 5506 2142 5560 guns
2168 5494 2394 5558 adeptus
2422 5498 2534 5550 est;
2565 5485 2615 5539 in
2637 5483 2821 5541 futuro
2834 5493 3013 5541 autem
3047 5486 3247 5542 saaculo
3265 5485 3562 5554 perfectum

331 5598 367 5666 ἡ
402 5592 784 5662 τῆςηεθεώσεως
809 5592 1061 5663 δύναμις.

995 5611 1061 5657 ις.
2007 5582 2185 5640 reddit
2210 5581 2383 5636 virtus
2411 5577 2623 5634 deiﬁca.

448 5735 617 5795 lCor.
649 5753 739 5807 xv,
770 5740 862 5795 ιι.
