4102 6344
581 333 721 400 1255

651 450 742 506 56.
775 447 1252 504 Accommodatam
1287 447 1353 500 ad
1394 457 1549 500 suam
1586 455 1732 500 cum'
1757 443 1864 498 Deo
1899 445 2150 498 similitu-

582 542 761 596 dinem
793 551 844 595 et
887 541 954 597 ad
1003 555 1099 596 sua
1131 539 1321 596 merita
1352 540 1404 593 in
1442 539 1626 592 futuro
1677 537 1885 592 saeculo
1931 537 2151 591 habebit

584 631 1006 696 deificationem,
1038 632 1130 699 qui
1169 644 1312 684 nunc
1347 629 1546 684 virtute
1572 643 1667 695 per
1711 629 1938 698 spiritus
1975 628 2152 683 incre-

582 732 763 776 menta
791 731 874 775 est
897 721 1191 789 perfectus.

653 814 741 867 57.
773 813 916 866 Mera
947 814 1117 882 gloria
1149 825 1272 866 esse
1295 811 1497 866 dicitur
1521 811 1770 878 scientia,
1793 812 1877 866 vel
1912 824 2156 866 contem-

582 905 750 970 platio
778 902 1099 967 spiritualis.
1135 902 1219 956 vel
1247 910 1501 956 accurata
1533 903 1846 973 dogmatum
1878 903 2072 958 notitia
2103 913 2157 958 et

583 1011 726 1050 verae
755 997 878 1051 titlei
904 995 1163 1064 cognitio.

657 1090 745 1143 58.
794 1089 1005 1142 Dicitur
1026 1090 1226 1144 mentis
1259 1104 1542 1152 excessus,
1575 1089 1808 1145 elevatio
1834 1098 2155 1146 cunctarum

586 1183 780 1237 animm
804 1182 998 1237 virium
1020 1183 1087 1237 ad
1131 1181 1376 1250 cognitas
1417 1197 1680 1248 suprema:
1705 1182 1998 1254 Maiestatis
2029 1197 2156 1250 pro-

587 1275 864 1341 prie-tates;
888 1275 969 1329 vel
996 1263 1193 1330 iterum
1215 1289 1474 1329 excessus
1493 1275 1580 1329 ille
1591 1283 1671 1328 est
1693 1289 1826 1342 pura
1850 1285 1902 1328 et
1920 1273 2158 1344 perfecta

587 1366 652 1418 ad
682 1365 953 1419 infinitam
977 1366 1159 1436 gloria:
1180 1365 1356 1420 lucem
1387 1366 1634 1421 attentio.
1655 1365 1899 1420 Exstasis
1913 1373 2154 1429 veroest,

588 1474 693 1514 non
736 1460 896 1514 modo
956 1459 1272 1514 facultatum
1333 1459 1528 1514 anima:
1572 1461 1638 1514 ad
1686 1461 1883 1514 coelum
1939 1469 2154 1529 raptus,

589 1552 682 1605 sed
737 1560 790 1604 et
826 1552 894 1604 ab
942 1553 1086 1604 omni
1143 1564 1304 1606 sensu
1355 1553 1672 1607 abstractio.
1711 1551 1914 1621 Duplex
1975 1559 2155 1605 autem

590 1656 745 1695 amor
783 1641 1088 1698 exstaticus
1147 1642 1399 1712 spiritum
1449 1643 1675 1700 inebriat
1723 1651 1778 1698 et
1831 1642 2157 1698 desiderium

589 1744 901 1801 exsuperat.

661 1908 749 1962 59.
795 1909 1054 1963 Exstatiei
1089 1911 1317 1977 spiritus
1349 1925 1564 1963 amores
1598 1910 1816 1978 preprie
1847 1911 1960 1964 duo
2009 1919 2160 1974 sunt,

591 2012 784 2066 nempe
819 1999 1072 2052 cortlialis
1095 2012 1148 2054 et
1185 2001 1505 2065 exstaticus,
1543 2017 1558 2054 :
1595 2015 1737 2054 unus
1781 2001 1848 2055 iis
1904 2002 2163 2069 competit

593 2091 686 2157 qui
717 2089 892 2143 adhuc
921 2100 1044 2145 sunt
1079 2090 1392 2154 illuminati,
1425 2091 1563 2145 alter
1586 2093 1652 2145 iis
1698 2092 1794 2160 qui
1825 2104 1952 2146 sunt
1980 2092 2162 2146 chari-

601 2187 711 2233 tate
735 2179 983 2247 perfecti.
1011 2180 1184 2235 Ambo
1216 2194 1394 2235 autem
1443 2183 1681 2236 animum
1711 2184 1764 2236 in
1799 2198 1907 2250 quo
1933 2198 2163 2252 Operan-

595 2280 706 2332 tur,
736 2285 764 2323 a
793 2273 1039 2326 sensibus
1069 2285 1337 2327 avocant:
1371 2273 1588 2328 divinus
1615 2275 1881 2342 siquidem
1907 2290 2059 2328 amor
2080 2285 2166 2329 est

593 2363 818 2428 spiritus
886 2364 1123 2418 ebrietas
1201 2367 1474 2419 naturales
1526 2365 1797 2433 cogitatus
1856 2365 1922 2419 ad
1972 2365 2165 2420 melius

592 2453 825 2508 elfcrens
860 2465 914 2509 et
941 2470 1198 2511 sensuum
1229 2456 1446 2511 habitus
1473 2455 1745 2510 auferens.

667 2633 756 2687 60.
785 2635 1542 2703 Cogitationumprincipium
1575 2644 1630 2690 et
1652 2649 1816 2689 causa
1846 2645 1932 2690 est
1964 2647 2161 2688 memo-

598 2727 676 2779 ria
704 2741 719 2781 :
754 2739 894 2802 qna,
925 2741 1029 2777 una
1058 2734 1112 2778 et
1142 2726 1393 2794 simplex,
1428 2726 1666 2779 hominis
1693 2736 1918 2793 peccato
1950 2727 2162 2780 discer-

600 2826 688 2884 pta
731 2825 838 2879 est,
881 2815 1084 2884 Deique
1129 2817 1312 2869 amisit
1357 2817 1891 2882 recordationem,et
1921 2818 2058 2873 facta
2099 2833 2166 2872 ex

602 2905 859 2972 simplice
887 2903 1170 2973 complexa‘
1203 2919 1270 2958 ex
1311 2921 1526 2975 unaque
1567 2907 1763 2973 divisa,
1804 2909 2036 2977 propriis
2064 2923 2163 2963 uu-

600 2996 724 3050 data
754 3007 836 3051 est
863 2996 1096 3050 viribus.

669 3086 762 3140 61.
789 3086 1021 3156 Originis
1045 3087 1200 3176 istius
1215 3103 1498 3157 pravarum
1524 3089 1935 3157 cogitationum,
1958 3089 2165 3145 scilicet

2333 3104 2432 3169 ξω.
2459 3107 2631 3170 ’Ἰασίς
2677 3111 2791 3164 ἐστι
2841 3112 2939 3180 τῆς

601 3179 876 3231 memorias
906 3181 1203 3234 remedium
1235 3192 1316 3235 est
1349 3183 1553 3236 reditus
1595 3181 1663 3236 ad
1713 3183 1996 3249 pristinam
2049 3182 2167 3253 ejus

601 3267 1028 3334 simplicitatem.
1060 3268 1194 3322 Nam
1243 3272 1662 3325 instrumentum
1695 3271 1947 3340 nequitiae
1979 3271 2168 3326 inobe-

601 3359 827 3423 dientia,
859 3374 965 3412 non
1008 3359 1185 3414 solum
1223 3361 1276 3414 in
1332 3362 1512 3416 anima
1551 3362 1848 3432 simplicem
1879 3363 2003 3417 boni
2057 3377 2171 3419 me.

604 3449 832 3503 moriam
869 3449 1078 3515 infecit,
1108 3452 1202 3506 sed
1237 3461 1291 3506 et
1317 3468 1506 3507 omnes
1555 3456 1798 3522 currupit
1840 3455 1960 3521 ejus
2002 3455 2166 3520 vires,

603 3542 876 3597 naturales
901 3543 1023 3609 ejus
1069 3544 1134 3596 ad
1164 3545 1419 3598 virtutem
1473 3555 1652 3598 motus
1683 3547 2069 3614 comprimens.
2097 3547 2168 3600 At

605 3635 752 3686 illam
787 3635 1104 3688 memoriam
1130 3646 1288 3688 sanat
1316 3639 1468 3690 firme
1496 3635 1604 3690 Deo
1633 3637 1893 3690 memoria
1922 3652 2015 3704 per
2046 3653 2167 3690 ora-

606 3729 804 3778 tionem
847 3727 1153 3788 adltmreus,
1185 3735 1240 3780 et
1273 3742 1301 3779 a
1361 3728 1696 3781 naturalibus
1728 3728 1797 3783 ad
1847 3740 2166 3798 supernatu-

604 3817 737 3870 ralia
762 3817 1072 3882 deﬂectens,
1111 3829 1274 3887 atque
1311 3819 1521 3886 spiritui
1559 3819 1732 3874 unita.

674 3988 767 4042 62.
808 3987 1156 4045 Generantur
1189 3992 1316 4046 vitia
1358 3991 1517 4046 malis
1569 3993 1822 4060 actibus;
1855 4004 1911 4050 et
1961 3997 2162 4062 cogita-

607 4081 804 4146 tiones,
865 4082 1054 4147 vitiis;
1119 4093 1174 4136 et
1239 4084 1549 4152 imaginatio
1605 4086 2069 4156 cogitationibus;
2114 4100 2167 4140 et

606 4171 760 4232 illea‘,
793 4173 1090 4237 memoria;
1123 4181 1178 4227 et
1207 4175 1490 4238 memoria,
1522 4175 1905 4242 oblivione;et
1943 4179 2166 4239 oblivio.

608 4260 944 4326 ignorantia;
971 4269 1027 4314 et
1059 4262 1384 4328 ignorantia,
1407 4263 1662 4334 pigritie;
1695 4275 1750 4320 et
1773 4267 2046 4336 pigritiem
2071 4285 2164 4336 pa-

607 4350 679 4401 rit
723 4352 1180 4416 cancupiscentiaa
1217 4354 1520 4420 appetitus;
1558 4366 1612 4410 et
1663 4358 1936 4425 appetitus
1997 4359 2165 4427 gignit

608 4441 979 4495 inclinationis
1039 4453 1250 4506 motus;
1299 4453 1351 4498 et
1384 4453 1562 4502 motus
1594 4459 1765 4502 mater
1806 4457 1889 4502 est
1928 4451 2165 4518 practica
2197 4467 2238 4519 ις

604 4532 883 4599 operatio;
915 4541 970 4585 et
1003 4534 1183 4600 praxis
1231 4545 1318 4589 est
1381 4536 1754 4594 irrationabile
1797 4540 1923 4595 mali
1955 4540 2168 4596 deside-

609 4624 768 4688 rium,
797 4633 848 4678 et
875 4625 1213 4679 sensibilium
1244 4641 1610 4699 sensuumque
1645 4631 1891 4688 aﬂ'eclus.

678 4714 768 4769 63.
815 4714 869 4768 In
910 4717 1157 4770 rationali
1192 4729 1345 4786 parte
1370 4724 1913 4789 suntcogitationes;
1951 4726 2003 4780 in
2037 4725 2170 4780 iras-

607 4805 778 4870 cibili,
814 4806 937 4860 fera:
982 4793 1299 4876 passiones;
1337 4810 1388 4863 in
1445 4815 1885 4881 concupiscibili,
1927 4818 2170 4873 bestialis

610 4896 888 4964 appetitus
927 4898 1222 4965 Memoria;
1259 4898 1310 4951 in
1345 4901 1561 4969 spiritu,
1593 4904 2032 4970 pltantasmalttm
2062 4907 2168 4962 for.

1826 319 2208 392 GREGORII
2251 316 2588 391 SlNAleB

3695 323 3868 386 12:76

2321 450 2589 518 νς⁹.“1σην
2613 449 2723 520 ἔχει
2751 452 2883 521 πρὸς
2903 454 2993 506 τὸν
3013 451 3275 522 ὁμοειδεῖς
3295 461 3388 512 καὶ
3417 462 3516 532 τὴν
3538 456 3706 531 ἀξίαν
3735 469 3853 541 τὴν

2251 541 2446 596 θέωσιν
2474 543 2532 594 ἐν
2555 543 2634 613 τῷ
2658 544 2943 634 μέλλοντι,
2968 545 2997 598 ὁ
3035 548 3134 616 τὴν
3161 551 3368 624 ἀρετὴν
3396 556 3662 613 ἐντεῦθεν
3692 566 3850 634 πρὸς

2249 632 2348 694 τὰς
2379 631 2796 700 μεθηλικιώσεις
2827 633 2921 688 τοῦ
2951 638 3262 710 πνεύματος
3282 643 3508 711 τέλειος.

2323 814 2422 878 νζ’.
2455 813 2625 880 Δόξαν
2660 808 2836 882 ἀληθῆ
2889 812 2989 882 τὴν
3015 811 3236 880 γνῶσιν,
3271 813 3302 884 ἢ
3332 813 3431 884 τὴν
3463 814 3713 885 θεωρίαν
3741 815 3854 871 τοῦ

2252 904 2563 973 πνεύματος
2590 905 2839 972 λέγουσιν
2877 900 3037 967 εἶναι,
3127 904 3220 957 καὶ
3277 905 3377 974 τὴν
3399 907 3508 958 τῶν
3536 907 3852 978 δογμάτων

2252 996 2452 1068 ἀκριδῆ
2469 997 2776 1065 διάγνωσιν,
2807 998 3044 1059 πίστεως
3074 997 3332 1066 ἀληθινῆς
3364 998 3693 1065 ἐπίγνωσιν.

2324 1087 2744 1156 νη’.“Ἐκπληξίς
2777 1089 2925 1139 ἐστιν
2951 1087 3088 1157 πρὸς
3121 1088 3188 1140 τὰ
3215 1089 3610 1157 ἐπεγνωσμένα
3639 1107 3707 1143 τε
3745 1092 3847 1144 καὶ

2255 1176 2510 1246 ἡνωμένα
2556 1175 2656 1243 τῆς
2715 1176 3164 1246 μεγαλοπρεποῦς
3196 1177 3354 1245 δόξης
3381 1179 3489 1231 τῶν
3518 1181 3626 1249 τῆς
3657 1180 3847 1250 ψυχῆς

2256 1266 2538 1337 δυνάμεων
2603 1267 2757 1336 ὁλικὴ
2804 1267 3118 1338 ἔπαρσιςοῆ
3152 1269 3336 1336 πάλιν,
3391 1269 3663 1340 ἔκπληξίς
3689 1275 3842 1324 ἔστιν

2257 1358 2290 1425 ἡ
2316 1356 2535 1426 καθαρὰ
2563 1357 2659 1409 καὶ
2713 1357 3006 1427 ὁλόκληρος
3042 1359 3177 1427 πρὸς
3199 1358 3298 1427 τὴν
3333 1360 3390 1412 ὲν
3420 1363 3563 1427 φωτὶ
3596 1362 3841 1432 ἄπειρον

2255 1448 2484 1518 δύναμιν
2536 1448 2820 1511 ἀνάτασις.
2858 1450 3159 1513 Ἔκστασις
3226 1449 3283 1502 δὲ
3307 1449 3368 1502 ού
3389 1451 3552 1520 μόνον
3581 1453 3701 1504 τῶν
3742 1455 3840 1524 τῆς

2255 1539 2432 1609 ψυχῆς
2484 1539 2765 1610 δυνάμεων
2822 1540 2958 1610 πρὸς
3005 1541 3234 1610 οὐρανὸν
3273 1542 3518 1610 ἁρπαγὴ,
3565 1543 3713 1595 ἀλλὰ
3745 1546 3843 1596 καὶ

2257 1631 2429 1695 αὐτῆς
2491 1631 2591 1700 τῆς
2649 1631 2955 1702 αἰσθήσεως
3003 1632 3200 1695 ὁλικῶς
3258 1634 3558 1693 ἔκστασις·
3606 1635 3756 1703 ἔρως
3784 1637 3840 1689 δὲ

2255 1723 2286 1774 ὁ
2315 1721 2511 1787 διττὸς,
2543 1723 2576 1791 ή
2613 1721 2712 1792 τῆς
2768 1722 3008 1790 ἐφέσεως
3034 1722 3290 1794 νικητική
3325 1721 3468 1792 μέθη
3522 1723 3620 1777 τοῦ
3659 1729 3840 1778 πνεύ-

2189 1805 2230 1861 Β
2263 1829 2449 1884 ματος.

2339 1905 2427 1960 υθθ.
2484 1907 2706 1977 κυρίως
2768 1905 2879 1959 δύω
2930 1907 3067 1959 εἰσὶν
3101 1908 3160 1959 ἐν
3187 1908 3454 1978 πνεύματι
3514 1910 3842 1963 ἐκστατικοὶ

2263 1996 2486 2066 ἔρωτες,
2512 2000 2540 2052 ὁ
2560 1994 2870 2067 ἐγκάρδιος,
2901 1999 2996 2050 καὶ
3033 1999 3062 2050 ὁ
3089 1999 3433 2063 ὲκστατικός.
3473 1999 3534 2053 Ὀ
3589 2002 3694 2070 μὲν
3728 2002 3839 2070 γὰρ

2261 2087 2370 2140 τῶν
2398 2087 2476 2141 ἔτι
2526 2087 2915 2158 φωτιζομένων
2951 2089 3120 2153 ἐστὶν,
3153 2089 3181 2140 ὁ
3215 2090 3293 2154 δὲ,
3318 2091 3425 2145 τῶν
3455 2091 3515 2143 ἐν
3541 2095 3611 2161 τῇ
3643 2094 3837 2162 ἀγάπῃ

2259 2177 2654 2233 τελειωθέντων
2707 2196 2722 2209 ·
2791 2179 3095 2249 ἀμφότεροι
3151 2180 3208 2232 δὲ
3263 2181 3356 2233 τὸν
3433 2182 3839 2251 ὲνεργούμενον

2260 2268 2408 2334 νοῦν,
2438 2270 2538 2340 τῆς
2574 2271 2884 2340 αἰσθήσεως
2913 2271 3290 2325 ὲκὸἀλλουσινσ
3320 2272 3480 2341 εἴπερ
3508 2272 3653 2343 ἔρως
3695 2274 3836 2336 θεῖός

2261 2361 2400 2425 ἐστι,
2455 2360 2595 2431 μέθη
2623 2361 2758 2431 πρὸς
2791 2363 2851 2416 τὸ
2903 2365 3152 2433 κρεῖττον
3177 2364 3286 2418 τῶν
3316 2367 3458 2418 κατὰ
3489 2367 3657 2432 φύσιν
3697 2384 3830 2435 φρε-

2259 2449 2386 2512 νῶν,
2416 2450 2508 2502 τοῦ
2569 2452 2904 2520 πνεύματος,
2949 2454 3018 2508 δι’
3042 2450 3110 2526 ἦς
3135 2456 3226 2508 καὶ
3253 2456 3285 2526 ή
3309 2456 3558 2527 αἴσθησις
3580 2458 3834 2527 ἀφαιρεί-

2259 2555 2349 2592 ται
2376 2539 2484 2592 τῶν
2520 2541 2776 2612 σχέσεων.

2333 2630 2396 2695 ξ’.
2435 2631 2604 2703 Ἀρχὴ
2629 2634 2738 2686 τῶν
2785 2635 3080 2704 λογισμῶν,
3107 2637 3202 2690 καὶ
3225 2619 3394 2702 αίτία,
3422 2641 3455 2705 ἡ
3492 2637 3830 2708 διαιρεθεῖσα

2261 2722 2499 2793 ἐνοειδὴς
2557 2725 2645 2778 διὰ
2689 2728 2789 2795 τῆς
2821 2727 3184 2797 παραϐάσεως
3220 2729 3314 2782 to?»
3353 2729 3645 2800 ἀνθρώπου
3684 2733 3828 2801 ἁπλῆ

2264 2813 2474 2883 μνήμη,
2525 2815 2593 2868 δι’
2626 2811 2694 2887 ἧς
2742 2817 2837 2870 καὶ¹
2888 2818 2988 2883 τὴν
3021 2818 3169 2873 θείαν
3203 2819 3473 2886 ἀπώλεσε,
3495 2821 3752 2885 σύνθετος
3773 2823 3828 2886 ἐξ

2261 2900 2434 2954 ἁπλοῦ
2483 2904 2576 2955 καὶ
2632 2905 2850 2974 ποικίλη
2909 2906 2974 2958 ἐκ
3007 2908 3337 2976 μονοειδοῦς,
3397 2911 3518 2973 ταῖς
3594 2912 3826 2977 οἰκείαις

2259 2993 2526 3064 δυνάμεσι
2554 3001 2815 3064 γεγονυῖα
2845 2998 3066 3055 ῶλλετο.

2975 3114 3271 3183 ἀρχεγόνου
3321 3118 3567 3190 μνήμης.
3597 3120 3704 3172 ἀπὸ
3727 3121 3822 3191 τῆς

2261 3199 2504 3267 πονηρᾶς
2526 3199 2632 3250 τῶν
2664 3201 2936 3271 λογισμῶν
2979 3205 3330 3276 ὀλεθροτόκου
3365 3212 3605 3280 μνήμης,
3629 3213 3662 3281 ή
3691 3213 3822 3282 πρὸς

2261 3289 2321 3341 τὸ
2351 3290 2578 3359 ἀρχαῖον
2631 3292 2836 3345 ἁπλοῦν
2893 3295 3068 3364 αὐτῆς
3118 3297 3378 3360 ἐπάνοδος
3405 3314 3420 3328 ⁶
3459 3300 3684 3371 ὄργανον
3714 3303 3824 3370 γὰρ

2263 3380 2482 3443 κακίας,
2511 3383 2541 3450 ή
2571 3384 2844 3454 παρακοὴ,
2877 3385 2937 3437 ού
2967 3386 3127 3454 μόνον
3183 3387 3280 3457 τὴν
3319 3389 3417 3458 τῆς
3454 3389 3628 3460 ψυχῆς
3686 3392 3827 3460 πρὸς

2261 3469 2322 3523 τὸ
2342 3470 2547 3537 ἀγαθὸν
2610 3473 2786 3543 ἁπλῆν
2846 3475 3069 3547 μνήμην
3095 3477 3550 3549 ἐδημιούργησεν,
3575 3482 3710 3534 ἀλλὰ
3735 3484 3825 3535 καὶ

2263 3557 2446 3623 πάσας
2502 3562 2601 3624 τὰς
2675 3563 2884 3639 ἑαυτῆςΔ
2915 3566 3180 3637 δυνάμεις
3236 3567 3664 3639 διέφθειρε.τὰς
3686 3574 3824 3626 κατὰ

2263 3651 2428 3718 φύσιν
2500 3653 2712 3720 ὀρέξεις
2767 3635 2904 3726 πρὸξ
2964 3635 3165 3729 ἀρετὴν
3202 3635 3575 3730 ἀμαυρώσεις·
3607 3665 3826 3716 lamas

2261 3739 2361 3810 τὴν
2434 3743 2658 3812 μνήμην
2704 3746 2927 3814 κυρίως,
2959 3748 2992 3818 ἡ
3022 3747 3141 3801 Θεία
3192 3750 3534 3817 παγιωθείσα
3593 3752 3823 3822 ἔμμονος

2263 3831 2353 3885 διὰ
2392 3834 2700 3903 προσευχῆς
2759 3839 2970 3906 μνήμη,
3017 3837 3126 3890 ἀπὸ
3160 3839 3252 3892 τοῦ
3287 3841 3424 3892 κατὰ
3455 3841 3636 3908 φύσιν,
3672 3845 3748 3907 τίς
3766 3846 3825 3895 τὸ

2264 3920 2408 3991 ὑπὲρ
2438 3921 2598 3990 φύσιν
2627 3924 2998 3996 ἀνακραθεῖσα
3027 3928 3105 3998 τῷ
3132 3929 3425 3999 πνεύματι.

2340 4030 2438 4102 ξβ¹.
2473 4032 2668 4087 Παθῶν
2701 4035 2800 4104 μὲν
2826 4037 3015 4103 αἰτίαι,
3044 4039 3241 4092 αίκαθ’
3269 4040 3546 4111 ἁμαρτίαν
3576 4044 3819 4114 πράξεις·

2262 4125 2539 4194 λογισμῶν
2579 4127 2667 4192 δὲ,
2721 4128 2790 4182 τὰ
2816 4129 2998 4202 πάθηο
3052 4133 3364 4199 φαντασιῶν
3419 4134 3495 4200 δὲ,
3553 4138 3821 4207 λογισμοῖ,

2260 4216 2483 4270 ἐννοιῶν
2507 4217 2586 4284 δὲ,
2656 4221 2846 4292 μνήμη
2882 4235 2896 4252 ο
2961 4224 3179 4294 μνήμης
3227 4225 3304 4292 δὲ,
3331 4225 3490 4297 λήθη⁹
3544 4226 3714 4300 λήθης
3743 4229 3820 4294 δὲ,

2262 4306 2454 4377 ἄγνοια
2510 4313 2845 4380 γεννήτρια·
2898 4313 3120 4380 ἀγνοίας
3183 4314 3259 4380 δὲ,
3321 4315 3590 4388 ῥᾳθυμίᾳ.
3635 4317 3823 4389 Ῥᾳθυ-

2266 4400 2396 4468 μίαν
2413 4399 2470 4452 δὲ
2493 4401 2691 4466 τίκτει,
2711 4401 3010 4471 ἐπιθυμίας
3037 4404 3218 4474 ὄρεξις
3240 4423 3253 4436 ·
3283 4405 3520 4477 ὀρέξεων
3547 4408 3604 4462 δὲ
3626 4411 3822 4479 μήτηρ,

2260 4489 2470 4560 τροπῆς
2528 4491 2770 4561 κίνησις’
2829 4495 3098 4564 κινήσεως
3131 4495 3210 4558 δὲ,
3242 4497 3495 4567 ἐνέργεια
3539 4498 3820 4570 πράξεως·

2219 4605 2222 4608 ~
2262 4580 2456 4652 πρᾶξίς
2480 4582 2538 4636 δέ
2568 4585 2705 4648 ἐστι,
2757 4585 2929 4638 κακοῦ
2960 4586 3243 4655 ἀλόγιστος
3285 4588 3495 4658 ἔφεσις,
3526 4591 3621 4644 καὶ
3657 4592 3826 4645 διάθες

2261 4688 2346 4734 σις
2374 4671 2671 4743 αἰσθητῶν,
2708 4676 2802 4728 καὶ
2829 4677 3152 4746 αίσθήσεων.

2331 4763 2430 4830 ξγ’.
2479 4765 2567 4818 Ἐν
2599 4766 2698 4834 μὲν
2748 4766 2827 4837 τῷ
2856 4768 3080 4838 λογικῷ,
3121 4772 3170 4824 οἱ
3204 4771 3453 4844 λογισμοί
3485 4793 3499 4806 ·
3537 4779 3593 4830 ὲν
3641 4776 3698 4830 δὲ
3749 4775 3823 4844 τῷ

2257 4850 2497 4924 θυμικῷ,
2537 4855 2606 4908 τὰ
2640 4856 2878 4928 θηριώδη
2922 4859 3101 4930 πάθη·
3146 4864 3204 4915 ὲν
3231 4863 3288 4916 δὲ
3313 4866 3391 4935 τῷ
3424 4867 3820 4936 ἐπιθυμητικῷ,

2257 4945 2291 5013 η
2323 4944 2511 5013 μνήμη
2544 4945 2642 5015 τῆς
2697 4945 3003 5015 κτηνώδους
3046 4948 3278 5018 ὀρέξεως
3306 4967 3319 4980 ·
3361 4953 3418 5003 ὲν
3450 4953 3504 5005 δὲ
3528 4953 3605 5024 τῷ
3633 4952 3818 5023 νοερῷ.

2257 5035 2315 5088 al
2346 5038 2724 5103 ’φανταστικαὶ
2773 5037 3086 5108 μορφώσεις
3107 5057 3122 5072 ·
3187 5041 3246 5093 ὲν
3265 5041 3324 5094 δὲ
3349 5042 3426 5112 τῷ
3473 5043 3817 5114 διαωητικῷ.

2253 5125 2312 5178 αἱ
2348 5124 2548 5181 ἔννοιαι
2572 5127 2858 5198 ἐνεργοῦσι
2898 5130 2992 5183 καὶ
3019 5131 3389 5186 ἀνατέλλουσι.

610 5000 747 5053 mae;
777 4985 831 5040 in
866 4986 1163 5054 intellectu,
1195 4988 1326 5044 ideas
1363 4991 1614 5046 oriuntur
1643 5003 1699 5047 et
1732 5003 2055 5064 operantur.

2328 5239 2417 5306 ξδ’.
2462 5240 2667 5312 Ῥεῦμα
2690 5243 2957 5312 ποτάμιόν
2983 5244 3131 5297 ἐστιν
3165 5246 3198 5316 ή
3228 5246 3414 5316 ἔφοδος
3439 5247 3551 5301 τῶν
3571 5247 3818 5319 πονηρῶν

2251 5332 2548 5403 λογισμῶν,
2574 5335 2632 5384 ἐν
2658 5329 2738 5396 οἷς
2765 5335 2798 5403 ή
2833 5333 3129 5406 προσϐολή,
3191 5336 3287 5390 καὶ
3332 5337 3453 5406 μεθ’
3515 5332 3584 5409 ἦς
3621 5341 3654 5409 ή
3687 5355 3814 5405 συγ·

2253 5423 2544 5485 κατάθεσις
2599 5423 2696 5492 τῆς
2749 5424 3023 5493 ἁμαρτίας
3052 5425 3128 5490 ὡς
3177 5426 3487 5498 πλημμύρα
3542 5445 3814 5499 κυματουο

2257 5513 2390 5586 μένη
2423 5515 2652 5582 γίνεται,
2680 5514 2779 5584 τήν
2808 5515 3034 5586 καρδίαν
3055 5516 3430 5573 καλύπτουσα.

2325 5621 2417 5688 ἔτ’.
2457 5623 2596 5677 Ὶλὺν
2627 5621 2791 5693 βυθοῦ
2823 5622 2934 5678 νόει
2961 5624 3058 5696 τὴν
3088 5625 3364 5697 κάθυγρον
3384 5626 3597 5700 ἡδονὴν,
3635 5627 3668 5700 ἢ
3712 5628 3808 5695 τῆς

2256 5715 2509 5789 πορνείας
2537 5715 2628 5770 τὸν
2678 5715 2959 5787 βόρϐορον,
2999 5715 3032 5788 ἢ
3068 5717 3158 5769 καὶ
3185 5719 3293 5770 τῶν
3323 5719 3526 5774 ὑλικῶν
3547 5720 3807 5789 πραγμά-

2255 5829 2358 5864 τιον
2410 5810 2509 5878 τὴν
2560 5809 2846 5879 ἀχθηδόνα,
2882 5809 2939 5874 ἐξ
2979 5805 3053 5863 ὧν
3092 5809 3427 5879 βαρούμενος
3480 5814 3508 5866 ὁ
3555 5811 3804 5880 ἐμπαθὴς

677 5266 771 5321 64.
825 5263 1069 5318 Torrens
1129 5265 1391 5319 malarum
1456 5264 1842 5335 cogitationum
1893 5275 1976 5320 est
2013 5266 2165 5323 velut

609 5359 784 5413 amnis
816 5356 866 5410 in
897 5369 1056 5424 quem
1094 5355 1351 5410 inﬂuente
1379 5367 1436 5412 et
1463 5358 1766 5411 conﬂuente
1794 5367 2015 5426 peccato
2041 5372 2171 5428 pro-

611 5449 844 5506 cellosus
869 5448 928 5502 llt
960 5455 1125 5502 aestus
1154 5447 1245 5516 qui
1270 5463 1367 5503 cor
1399 5449 1603 5504 obruit.

685 5626 774 5682 65.
807 5624 1002 5697 Abyssi
1037 5625 1224 5679 limum
1249 5623 1491 5694 intellige
1522 5625 1785 5681 lubricam
1819 5625 2170 5697 voluptatem,

620 5731 716 5776 aut
747 5720 1121 5776 fornicationis
1165 5729 1398 5784 stercus,
1434 5727 1526 5769 aut
1583 5719 1942 5773 materialium
1994 5735 2171 5776 rerum

618 5813 986 5878 aﬂlictionem,
1010 5812 1208 5880 quibus
1247 5821 1464 5881 gravata
1495 5809 1689 5865 vitiosa
1726 5825 1879 5865 mens
1913 5811 1964 5865 in
2015 5813 2171 5881 abys-
