4122 6322
332 338 460 404 125i

1373 330 1645 404 carm
1681 344 1832 406 PER
1871 319 2520 402 ACROSTICHIDEM;

3435 315 3572 387 123

326 453 468 516 νοῦς,
505 451 585 514 εἰς
627 449 790 521 βυθὸν
819 445 1207 516 ἀπογνώσεως
1264 447 1458 501 ἑαυτὸν
1485 449 1882 513 καταδαπτίζει

1990 471 2110 511 sum
2149 449 2543 521 desperationis
2602 459 2659 501 se
2690 442 2883 514 mergit
2915 444 3096 511 pravis
3128 441 3572 513 cogitationibus.

322 544 426 599 τοῖς
448 543 751 611 λογισμοῖς.

385 631 493 698 Eg’.
548 633 856 701 Λογισμοὺς
916 630 1176 694 πολλάκις
1233 633 1325 684 καί
1367 632 1495 696 τοὺς
1537 632 1725 700 λόγους
1775 635 1884 686 τῶν

324 725 659 794 πραγμάτων
688 726 725 794 ἡ
761 723 951 793 Γραφὴ
1013 723 1258 793 εἴρηκεν,
1296 723 1485 795 ὥσπερ
1520 724 1623 778 καὶ,
1639 725 1887 795 νοήματα

323 815 444 879 τοὺς
467 815 677 884 λόγους,
716 816 809 866 καὶ
827 814 956 875 τοὺς
983 814 1174 883 λόγους
1210 815 1583 885 ἀντιστρόφως
1612 818 1884 886 νοήματα·

324 905 475 959 τοῦτο
500 905 556 958 δὲ
601 904 811 971 γίνεται
870 904 1060 975 ἐπειδὴ
1108 907 1142 976 ἠ
1205 905 1421 976 κίνησις
1459 905 1569 959 τῶν
1629 906 1889 959 τοιούτων

324 995 442 1049 καθ’
485 995 684 1066 ἑαυτὴν
736 995 835 1065 μὲν
872 995 1035 1059 ἇῦλός
1079 999 1219 1059 ἐστι,
1249 996 1554 1067 μορφοῦται
1577 996 1634 1050 δὲ
1662 996 1749 1050 διὰ
1777 998 1888 1050 τῶν

325 1085 662 1156 πραγμάτων
698 1086 778 1149 είς
809 1081 969 1149 εῐδος,
1001 1088 1094 1139 καὶ¹
1129 1087 1588 1157 μεταπλὰττεται,
1616 1090 1710 1141 καὶ
1747 1087 1892 1144 οὕτω

323 1177 379 1230 τὸ
403 1175 708 1247 προσϐαλὸν
732 1177 824 1231 διὰ
852 1180 950 1248 τῆς
974 1178 1320 1247 ἐπιφανείας,
1358 1178 1685 1250 γνωρίζεται
1707 1196 1764 1232 τε
1796 1181 1889 1232 καὶ

325 1267 556 1334 λέγεται.

395 1357 489 1422 ξς.
528 1358 592 1411 Oi.
629 1358 876 1429 λογισμοὶ
935 1361 1081 1427 λόγοι
1140 1360 1248 1413 τῶν
1286 1360 1557 1432 δαιμόνων
1598 1362 1740 1427 εἰσὶ,
1800 1362 1893 1413 καὶ

327 1450 434 1501 τῶν
460 1449 650 1502 παθῶν
681 1451 998 1521 πρόδρομοι,
1053 1451 1242 1521 ῶσπερ
1266 1453 1360 1507 καὶ
1389 1452 1498 1506 τῶν
1528 1453 1890 1523 πραγμάτων,

325 1540 370 1592 οἱ
393 1539 540 1606 λόγοι
596 1542 691 1594 καὶ
719 1542 786 1595 τὰ
815 1543 1101 1613 νοήματα·’
1144 1543 1408 1600 ἀδύνατον
1457 1544 1566 1614 γὰρ
1611 1544 1814 1612 ἀγαθὸν
1857 1544 1892 1614 ἢ

328 1630 491 1684 κακόν
549 1631 862 1703 ἐνεργῆσαι,
899 1637 972 1704 μὴ
998 1634 1305 1706 προσὸαλὺν
1365 1637 1631 1705 πρότερον
1656 1636 1747 1688 τὸν
1769 1636 1885 1688 ὲαυΔ
1914 1638 1932 1648 ’

328 1723 419 1775 τοῦ
453 1722 734 1793 λογισμὸν,
777 1725 935 1794 είπερ
957 1725 1220 1794 λογισμός
1247 1728 1382 1789 ἐστὶ,
1408 1725 1717 1797 προσόολῆς
1743 1726 1892 1778 ἁνεί-

327 1813 440 1875 δεος
466 1813 680 1883 κίνησις
714 1816 1061 1885 πραγμάτων
1087 1815 1406 1869 ὁποιωνοῦν.

396 1903 497 1971 ξη’.
536 1904 704 1976 Γεννᾷ
741 1907 775 1976 η
814 1907 912 1976 μὲν
941 1906 1041 1976 ὕλη
1063 1905 1174 1959 τῶν
1216 1907 1560 1977 πραγμάτων
1588 1897 1775 1975 dulei);
1807 1905 1896 1959 λο·

328 1995 578 2064 γισμοὺς,
607 1996 641 2066 ἡ
678 1996 1010 2066 δὲπροσδολὴ
1056 1999 1091 2068 ἡ
1140 1994 1501 2067 δαιμονιώδης
1545 1999 1674 2060 τοὺς
1729 2013 1895 2068 πονη-

330 2085 454 2154 ροὺς
511 2085 784 2138 τεκταίνει
818 2103 834 2118 ·
869 2088 1139 2156 διαφορὰν
1178 2079 1273 2140 οὖν
1328 2087 1543 2157 ἔχουσιν
1577 2089 1626 2140 οἱ
1676 2082 1899 2156 φυσικοὶ

327 2178 390 2229 ἐκ
412 2176 526 2238 ετῶν
581 2178 730 2248 παρᾶ
792 2176 978 2245 φύσιν,
1037 2179 1131 2231 καὶ
1188 2178 1329 2247 ὑπὲρ
1383 2177 1548 2247 φύσιν
1576 2178 1771 2246 λόγων,
1805 2179 1898 2231 καὶ

326 2266 625 2337 λογισμῶν,
655 2268 793 2321 κατὰ
816 2269 1126 2340 σύγκρισιν.

396 2357 490 2423 ξθ’.
530 2360 869 2430 Ἰσουργοῦσι
922 2362 1061 2432 πρὸς
1088 2362 1187 2431 τὴν
1223 2363 1281 2414 ἐν
1302 2361 1488 2432 ἀτόμῳ
1520 2360 1824 2426 ἀλλοίωσιν,
1847 2362 1897 2415 οἱ

330 2451 425 2518 μὲν
456 2451 697 2518 φυσικοὶ,
729 2452 866 2520 πρὸς
899 2452 1022 2512 τοὺς
1049 2452 1200 2523 παρὰ
1229 2449 1411 2520 φύσιν,
1448 2452 1497 2505 οί
1528 2452 1584 2505 δὲ
1621 2452 1762 2505 κατὰ
1793 2450 1896 2523 r96-

331 2553 434 2602 σιν,
475 2539 611 2608 πρὸς
640 2534 768 2603 τοὺς
807 2530 946 2610 ὑπὲρ
972 2540 1133 2608 φύσιν
1167 2540 1328 2614 εὐθὺς
1361 2542 1708 2612 τρεπόμενον
1732 2542 1899 2595 αίτιοι

312 2631 382 2695 ,δέ
424 2630 529 2683 sic:
576 2620 710 2701 πρδς
748 2628 937 2702 τὴν⁶ὲν
959 2624 1208 2703 ἀλλήλοις
1235 2633 1463 2704 τροπὴν,
1499 2632 1591 2688 καὶ
1621 2633 1895 2705 γέννησιν,

326 2724 434 2777 τῶν
460 2725 556 2793 μὲν
579 2724 929 2794 δαιμονικῶν,
958 2728 1004 2778 oi
1033 2725 1096 2778 ὲκ
1143 2726 1241 2795 τῆς
1272 2723 1424 2796 ὕλης,
1448 2723 1558 2779 τῶν
1588 2725 1644 2779 δὲ
1671 2724 1895 2792 ὑλικῶν,

327 2814 393 2867 ἐκ
421 2814 519 2883 τῆς
552 2815 882 2885 προσόολῆς
916 2816 1116 2886 ὁμοίως
1141 2818 1225 2869 καὶ
1255 2817 1363 2870 τῶν
1395 2816 1638 2882 θείων,οί
1657 2817 1897 2885 φυσικοὶ,

328 2905 478 2958 καλοί
511 2909 749 2973 φυσικοὲ,
768 2907 876 2958 τῶν
906 2907 1048 2978 ὑπὲρ
1073 2908 1233 2976 φύσιν
1283 2904 1601 2979 γεννήτορες
1623 2914 1641 2941 ⁸
1672 2906 1899 2963 ἕκαστον

331 2996 439 3065 γὰρ
461 2997 595 3067 πρός
647 2988 707 3050 τδ
753 2990 1009 3067 συγγενὲς
1060 2998 1158 3069 τὴν
1205 2999 1398 3052 ἑαυτοῦ
1448 2998 1733 3052 ἀλλοίωσιν
1774 2998 1891 3071 ἔχει

331 3093 617 3160 κινητικὴν
658 3090 937 3161 τετραχῶς
990 3089 1346 3163 διῃρημένην,
1399 3088 1577 3144 αἰτίαν
1631 3092 1722 3143 καὶ
1773 3092 1956 3164 γέν-η

1911 3143 1958 3205 C

332 3195 509 3232 νησιν.

404 3196 509 3232 σιν.

365 3196 462 3320 ηό.
497 3268 1332 3340 Σημείωσαιὸτιπροόἐδληνται
1367 3270 1477 3323 τῶν
1498 3270 1598 3339 μὲν
1624 3264 1901 3339 λογισμῶν

329 3360 386 3410 αἱ
424 3358 618 3424 αἰτίαι,
671 3359 780 3412 τῶν
810 3349 866 3413 δὲ
889 3361 1223 3428 φαντασιῶν,
1252 3361 1302 3414 οί
1356 3358 1630 3431 λογισμοὶ,
1694 3360 1803 3413 τῶν
1845 3354 1902 3414 δὲ

333 3450 540 3513 παθῶν,
585 3451 640 3502 αἱ
679 3453 995 3520 φαντασίαι,
1050 3453 1161 3506 τῶν
1189 3453 1244 3506 δὲ
1275 3452 1548 3525 δαιμόνων
1596 3444 1668 3506 τὰ
1728 3451 1929 3537 πάθηη

330 3541 405 3603 ὡς
431 3545 589 3611 σειρά
627 3561 729 3607 τις,
755 3546 849 3598 καὶ
900 3544 1054 3609 τάξις
1092 3546 1151 3598 ἐν
1203 3544 1459 3607 ἀτάκτοις
1491 3543 1787 3616 πνεύμασι,
1819 3546 1902 3599 δο-

328 3629 480 3694 λίως,
510 3629 567 3684 ἒν
605 3633 697 3684 τοῦ
746 3635 864 3697 ἐνὸς
915 3634 1174 3705 ἐχόμενον
1215 3635 1502 3704 ἤρτηνται,
1554 3633 1693 3706 πλὴν
1748 3623 1902 3688 οὐδὲν

330 3723 697 3793 ἐνεργεῖκαθ’
739 3725 893 3791 αὐτὸ,
932 3716 1049 3779 ἀλλ’
1107 3726 1211 3780 ὑπὸ
1261 3728 1531 3798 δαιμόνων
1575 3729 1899 3798 ἐνεργεῖται,

328 3813 452 3866 οὔτε
514 3816 784 3883 φαντασία
827 3816 1272 3881 είδωλοποιεϊται,
1306 3817 1430 3872 οὔτε
1461 3819 1633 3882 πάθος
1664 3821 1902 3889 ἐνεργεῖ,

331 3907 498 3976 χωρὶς
522 3906 622 3976 τῆς
638 3906 944 3978 λεληθότως
979 3909 1217 3979 κρυφίας
1249 3909 1572 3980 δαιμονικῆς
1597 3908 1899 3978 δυνάμεως⁸

328 3998 379 4049 εί
414 3999 523 4068 γὰρ
588 3999 683 4050 καὶ
742 4000 1034 4053 πέπτωκεν
1077 4002 1107 4053 ό
1145 3999 1321 4054 Σατὰν
1363 3999 1670 4070 συντριϐεὶς
1700 4040 1715 4065 ,
1764 3999 1901 4054 ἀλλὰ

330 4087 491 4141 πλέον
555 4088 729 4161 ἰσχύει
766 4092 834 4162 τῇ
869 4091 995 4145 καθ’
1019 4090 1180 4162 ἡμῶν
1221 4090 1468 4162 ῥᾳθυμία
1505 4089 1900 4162 γαυριούμενος

329 4177 472 4248 ὑπὲρ
506 4178 683 4247 ἡμῶνι
810 4161 829 4162 η
1044 4161 1047 4162 ν
1252 4161 1277 4181 ’ί
1374 4161 1377 4162 ν
1582 4161 1595 4185 ²

394 4276 495 4323 σοι’.
529 4270 809 4342 Μορφοῦσι
856 4271 946 4325 τὸν
1017 4271 1142 4323 νοῦν
1196 4258 1374 4340 ἡμῶν,
1438 4270 1642 4340 μᾶλλον
1670 4270 1728 4324 δὲ
1764 4286 1897 4342 μορ·

324 4361 552 4431 φοῦνται
585 4362 704 4416 καθ’
738 4362 938 4425 αὖτοὺς
962 4363 1129 4433 ἡμᾶς,
1180 4362 1278 4415 καὶ
1302 4359 1718 4433 προσόάλλουσι,
1757 4360 1900 4415 κατὰ

2068 630 2159 684 G6.
2192 627 2328 681 Tum
2365 621 2724 695 cogitationes
2750 634 2845 690 pro
2880 619 3187 673 rationibus
3219 634 3399 672 rerum
3425 625 3575 687 saepe

1998 722 2284 790 Scriptura
2313 710 2467 783 dicit,
2508 728 2619 770 tum
2653 714 2804 768 ideas
2841 728 2940 782 pro
2966 711 3285 776 rationibus,
3315 714 3370 767 "et
3408 711 3574 765 ratio-

1993 830 2089 870 nes
2117 812 2358 869 vicissim
2394 807 2493 878 pro
2547 808 2703 861 ideis.
2739 804 2852 860 lloc
2892 800 3071 858 autem
3108 801 3186 867 lit.
3212 803 3347 874 quia
3393 812 3574 858 motus

1993 904 2300 976 huiusmodi
2352 909 2652 982 rerum_est
2679 899 2900 970 quidem
2934 896 2988 952 in
3021 898 3201 966 seipso
3237 898 3575 951 immateria~

1992 999 2081 1062 lis,
2107 995 2435 1051 informatur
2472 1006 2599 1045 vero
2632 999 2689 1044 et
2750 984 3175 1043 transformatur
3204 989 3303 1056 per
3336 986 3571 1057 objecta,

1993 1101 2048 1148 et
2074 1089 2156 1145 sic
2187 1086 2334 1156 quod
2363 1100 2458 1152 per
2502 1081 2871 1152 apparentiam
2925 1088 3250 1146 commovet,
3283 1080 3573 1150 cognosci-

1996 1192 2080 1235 tur
2123 1190 2177 1235 et
2209 1178 2549 1235 uominatdr.

2062 1355 2153 1409 67.
2188 1336 2458 1423 improba:
2492 1343 2854 1422 cogitatioiies
2889 1360 3020 1404 sunt
3068 1349 3349 1404 sermones
3377 1346 3578 1403 dieme-

2009 1461 2162 1509 num,
2191 1453 2249 1500 et
2279 1444 2534 1498 vitiorum
2566 1444 2956 1511 praecursores,
2990 1442 3134 1495 sicut
3157 1440 3319 1495 verba
3347 1451 3402 1493 et
3426 1442 3577 1509 cogi-

1994 1537 2256 1600 tationes,
2291 1535 2566 1590 actionum
2617 1550 2632 1589 :
2671 1548 2835 1586 nemo
2867 1532 3010 1586 enim
3047 1542 3223 1600 potest
3257 1533 3461 1587 bonum
3489 1531 3575 1586 vel
3615 1590 3623 1596 ,

1995 1628 2195 1683 malum
2244 1626 2428 1684 facere
2459 1628 2602 1696 quod
2648 1641 2757 1680 non
2809 1615 2964 1692 prius
2993 1623 3353 1677 commntrerit
3406 1624 3577 1692 ipsius

1996 1720 2410 1790 cogitationem,
2450 1720 2719 1788 siquidem
2751 1716 3018 1787 cogitatio
3059 1718 3141 1772 est
3176 1716 3424 1770 inlormis
3458 1720 3575 1770 tnu-

1923 1810 1962 1860 Β
1994 1821 2079 1866 tus
2117 1813 2184 1865 ab
2216 1812 2450 1881 objectis
2475 1798 2807 1880 quibuslibet
2836 1810 3123 1866 ekeitatus.

2067 1904 2157 1959 68.
2189 1893 2480 1973 Simplices
2506 1905 2724 1972 quidem
2749 1903 3110 1974 cogitationes
3148 1903 3372 1969 generat
3406 1909 3577 1954 mate-

1997 1997 2074 2051 ria
2110 2011 2314 2062 rerum,
2348 1996 2613 2051 diabolica
2648 2007 2830 2051 autem
2867 1995 3162 2052 commotio
3198 1994 3368 2049 malas
3390 1991 3528 2062 parit
3557 2008 3572 2050 :

1995 2078 2254 2143 diﬂ‘erunt
2280 2088 2445 2158 igitur
2491 2088 2771 2143 naturales
2806 2086 3090 2144 sermones
3123 2096 3178 2142 et
3208 2085 3577 2155 cogitationes

1994 2190 2306 2248 Comparate
2329 2181 2395 2235 ad
2418 2195 2479 2234 ea
2500 2194 2618 2250 quae
2636 2188 2761 2236 sunt
2784 2188 2979 2247 praeter
2997 2181 3076 2233 vel
3102 2194 3266 2248 supra
3297 2184 3575 2233 naturam.

2065 2272 2152 2324 69.
2190 2271 2518 2327 Alternatim
2558 2286 2746 2328 secum
2790 2272 3019 2325 invicem
3059 2270 3292 2326 indivise
3324 2277 3575 2326 commn-

1993 2371 2178 2416 tantur
2205 2362 2567 2433 cogitationes
2607 2377 2622 2417 :
2659 2359 2940 2416 naturales
2975 2362 3196 2429 quidem
3232 2361 3289 2414 in
3325 2376 3421 2415 eas
3455 2371 3576 2429 qua:

1992 2463 2120 2507 sunt
2168 2465 2366 2523 prater
2414 2462 2690 2523 naturam,
2731 2461 2786 2508 et
2833 2460 2955 2521 qua!
3005 2453 3158 2522 juxm
3211 2464 3485 2517 naturam,
3517 2457 3570 2506 in

1995 2547 2116 2603 illas
2144 2561 2264 2616 quae
2287 2560 2455 2618 supra
2489 2555 2766 2613 naturam,
2787 2558 3082 2602 conversae.
3118 2547 3246 2601 Item
3274 2549 3327 2600 in
3367 2556 3575 2601 seniu—

1995 2648 2088 2692 tuo
2118 2650 2512 2694 convertuntur
2561 2655 2625 2696 ac
2657 2649 3117 2709 congenerantur,
3161 2640 3473 2694 materiales
3510 2641 3561 2694 in

1993 2732 2379 2795 dmmoniacas,
2431 2741 2486 2786 et
2520 2747 2641 2803 qua:
2683 2742 2814 2788 sunt
2845 2747 2911 2788 ex
2962 2733 3331 2788 commotione
3383 2733 3436 2787 in
3480 2747 3573 2788 eas

1993 2838 2113 2893 qua:
2147 2834 2277 2877 sunt
2329 2838 2396 2877 ex
2453 2822 2710 2877 materia.
2768 2824 2977 2878 Pariter
3026 2823 3304 2879 naturales
3353 2827 3573 2894 pariunt

1994 2916 2247 2977 divinas;
2308 2923 2364 2970 et
2408 2929 2528 2984 qua:
2581 2914 2739 2982 juxta
2785 2924 3059 2979 naturam,
3091 2929 3187 2969 cas
3239 2924 3356 2982 quae
3411 2927 3570 2984 Supra
3611 2983 3634 3000 .

1965 3003 2243 3059 'naturam
2283 3012 2430 3060 sunt.
2482 3004 2926 3075 Unumquodque
2969 3004 3112 3058 enim
3152 3005 3569 3075 quadruplicem

1992 3099 2154 3152 habet
2176 3110 2396 3152 causam
2419 3098 2528 3166 qua
2573 3110 2924 3166 promovetur
2976 3108 3030 3152 et
3092 3106 3414 3168 proeteatur
3472 3112 3569 3152 sua

1993 3192 2045 3245 in
2069 3190 2224 3244 alllnc
2250 3189 2493 3244 mutatio.

2065 3279 2153 3334 70.
2184 3277 2487 3334 Cunsidera
2519 3288 2577 3332 ut
2599 3278 3025 3347 Cogitationlbus
3061 3282 3249 3334 adsint
3281 3295 3483 3347 causw,
3513 3294 3568 3336 et

1994 3372 2368 3440 phantasmata
2405 3385 2471 3424 ex
2536 3370 2986 3440 cogitationibus,
3049 3381 3104 3426 et
3157 3374 3440 3441 passiones
3499 3390 3565 3429 ex

1993 3463 2484 3533 phantasmatibus,
2519 3472 2575 3516 et
2614 3463 2813 3517 iterum
2858 3463 3140 3530 passiones
3176 3478 3240 3517 ex
3295 3465 3568 3527 daemoni-

1990 3552 2114 3617 bus,
2162 3554 2316 3623 quasi
2349 3565 2540 3610 catena
2589 3555 2821 3624 quadam
2861 3561 2919 3609 et
2951 3553 3144 3609 ordine
3194 3558 3335 3624 apud
3369 3557 3571 3613 inordi-

1989 3656 2148 3701 natos
2170 3645 2394 3713 Spiritus
2420 3645 2619 3701 callide
2644 3647 2749 3700 alia
2777 3663 2843 3701 ex
2873 3648 2993 3703 aliis
3015 3656 3136 3716 apta
3167 3664 3414 3717 nexaque
3437 3649 3567 3704 sint.

1988 3736 2060 3789 At
2107 3737 2311 3789 nullunt
2371 3744 2630 3807 Operatur
2662 3752 2726 3792 ex
2764 3738 2967 3806 seipse,
2996 3738 3093 3797 sed
3145 3752 3177 3793 a
3228 3738 3570 3793 daettiOnibus
3641 3762 3647 3769 -

1993 3836 2244 3881 movetur
2276 3842 2293 3883 :
2328 3843 2425 3882 nec
2484 3830 2770 3898 phantasia
2830 3830 3179 3902 imaginatur,
3234 3846 3333 3886 nec
3388 3831 3570 3899 passio

1990 3916 2099 3987 agit
2122 3918 2327 3985 absque
2345 3920 2484 3973 clam
2511 3920 2709 3973 furtiva
2742 3922 3041 3975 dzemonum
3064 3923 3330 3990 potentia.
3364 3921 3566 3989 Quam-

1990 4011 2075 4064 \is
2122 4011 2265 4064 enim
2333 4011 2501 4065 Satau
2565 4013 2829 4067 ceciderit
2885 4014 3224 4083 confractus,
3274 4018 3568 4085 potentior

1993 4110 2170 4156 tamen
2199 4113 2282 4156 est
2314 4114 2498 4157 nostra
2526 4104 2853 4175 superbiens
2882 4105 3118 4177 ignavia.

2062 4279 2149 4334 7|.
2186 4276 2412 4335 Vel-lunt
2448 4286 2684 4337 mentem
2720 4284 2960 4339 nostram
3002 4280 3297 4353 daemones,
3342 4280 3426 4344 vel
3465 4294 3565 4360 po:

1991 4376 2098 4427 tius
2140 4388 2265 4428 sese
2320 4374 2481 4430 nobis
2536 4375 2902 4443 conformant;
2935 4386 2992 4434 et
3014 4392 3117 4436 nos
3171 4384 3561 4452 aggrediuntur

320 4453 421 4523 τὴν
450 4452 563 4518 ἕξιν
599 4453 695 4507 τοῦ
716 4455 1159 4525 ἐπικρατοῦντος,
1202 4454 1296 4507 καὶ
1317 4452 1667 4524 ἐνεργοῦντος
1691 4452 1898 4517 πάθους

1992 4467 2291 4520 secundum
2320 4467 2574 4521 vitiosum
2614 4469 2858 4525 habitum
2899 4472 3162 4529 inanima
3191 4475 3561 4532 dominantem

322 4547 381 4597 ἐν
414 4547 480 4615 τῇ
513 4544 690 4616 ψυχῇ’
721 4546 904 4599 αἰτίαν
951 4548 1060 4617 γὰρ
1117 4547 1254 4617 πρὸς
1313 4545 1741 4617 είδωλοποίησιν,
1798 4544 1898 4615 τὴν

320 4636 435 4703 ἕξιν
490 4637 585 4690 τοῦ
632 4637 838 4701 πάθους
869 4640 919 4690 οί
956 4637 1209 4708 δαίμονες
1254 4636 1551 4706 κέκτηνται
1581 4653 1594 4668 ·
1645 4636 1897 4708 ποικίλην

319 4723 413 4782 οὖν
464 4731 560 4782 καὶ
616 4729 964 4799 πολύμορφον
1009 4731 1107 4801 τὴν
1158 4732 1456 4798 φαντασίαν
1515 4730 1896 4801 ἐγρηγορότως

317 4823 416 4875 καὶ
467 4821 589 4875 καθ’
626 4820 832 4885 ὕπνους
889 4822 1025 4891 ὑμῖν
1052 4822 1378 4895 δεικνύουσι·
1418 4822 1896 4893 μεταμορφοῦνται
1941 4819 1944 4824 ’

317 4914 431 4983 γὰρ
481 4914 531 4966 οἱ
592 4915 689 4984 μὲν
737 4915 836 4982 τῆς
891 4913 1189 4983 ἐπιθυμίας
1261 4914 1536 4983 δαίμονες,
1612 4913 1744 4967 ποτὲ
1796 4913 1893 4983 μὲν

316 5007 401 5066 εἰς
430 5004 664 5076 χοίρους,
699 5004 831 5058 ποτὲ
874 5004 930 5057 δὲ
974 5006 1052 5067 είς
1091 5005 1265 5071 ὄνους,
1315 5004 1443 5057 ποτὲ
1478 5005 1534 5058 δὲ
1571 5006 1648 5068 είς
1694 5004 1894 5068 ίππους

318 5098 655 5168 θηλυμανεῖς
701 5098 794 5150 καὶ
845 5098 1176 5167 πυροειδεῖς,
1210 5098 1339 5150 ποτὲ
1367 5098 1423 5150 δὲ
1464 5100 1544 5161 είς
1587 5098 1889 5166 Ἐϐραίους,

316 5190 421 5258 τῆς
451 5189 745 5253 ἀκολασίας
776 5189 1041 5259 μάλισταο
1109 5191 1208 5259 τῆς
1263 5191 1321 5243 δὲ
1366 5188 1559 5261 ὀργῆς,
1609 5191 1737 5243 ποτὲ
1794 5191 1892 5256 μὲν

315 5283 400 5345 είς
429 5282 861 5346 ὲθνικοὺς,-ποτὲ
883 5283 939 5336 δὲ
969 5285 1047 5348 εἰς
1076 5283 1296 5346 λέοντας
1327 5300 1341 5313 ·
1380 5286 1473 5336 καὶ
1502 5287 1601 5352 τῆς
1632 5284 1731 5352 μὲν
1779 5283 1887 5336 δει-

313 5374 462 5441 λίας,
493 5375 574 5437 είς
621 5375 753 5438 τοὺς
809 5375 1155 5445 Ἰσμαηλίτας
1181 5392 1195 5406 ’
1227 5375 1325 5443 τῆς
1352 5375 1407 5428 δὲ
1431 5374 1748 5439 ἀκολασίας,
1811 5373 1890 5433 είς

314 5464 453 5527 τοὺς
513 5452 878 5535 ’Ῐδουμαίουςο
931 5465 1030 5533 τῆς
1086 5464 1144 5518 δὲ
1192 5456 1527 5527 πολυποσίας
1581 5464 1675 5516 καὶ
1717 5448 1891 5532 ἄκρα-

317 5556 444 5618 σίας
474 5596 489 5620 ,
543 5559 622 5619 εἰς
657 5548 786 5619 τοὺς
849 5555 1229 5627 Ἀγαπηνούς’
1290 5546 1393 5626 τῆς
1447 5555 1504 5609 δὲ
1549 5553 1884 5620 πλεονεξίας,

315 5647 451 5699 ποτὲ
512 5640 610 5716 μὲν
670 5646 752 5712 είς
792 5645 920 5707 τοὺς
950 5646 1167 5712 λύκους,
1234 5647 1365 5701 ποτὲ
1388 5647 1445 5701 δὲ
1483 5648 1563 5711 είς
1592 5647 1717 5709 τοὺς
1747 5663 1888 5719 παρ-

311 5736 530 5804 δάλεις·
581 5742 678 5812 τῆς
707 5740 760 5794 δὲ
793 5742 1076 5812 πονηρίας.
1119 5744 1248 5794 ποτε
1298 5743 1397 5814 μὲν
1425 5745 1503 5808 εἰς
1541 5743 1666 5809 τοὺς
1706 5742 1880 5814 ὄψεις,

495 5850 500 5854 ‘
714 5837 975 5902 Partum.
1014 5841 1130 5901 Gn.
1175 5841 1283 5905 CL.

1986 4565 2042 4611 et
2090 4566 2428 4626 operantem.
2462 4556 2578 4613 Hoc
2627 4561 2774 4614 enim
2838 4562 3026 4616 vitium
3078 4577 3565 4636 prmoccupant,ut
3614 4567 3645 4578 ““

1987 4647 2116 4703 hinc
2169 4647 2614 4718 imagidationem
2668 4652 2955 4708 invadant.
3023 4653 3215 4711 Varias
3285 4659 3451 4725 igjlut‘
3508 4672 3563 4714 et

1987 4739 2349 4794 multiformes
2402 4742 2563 4797 nobis
2623 4742 2978 4812 vigilantibus
3046 4756 3099 4800 et
3168 4747 3562 4805 dormientibus

1983 4831 2246 4886 exhibent
2280 4833 2546 4903 imagines
2592 4853 2606 4890 :
2654 4835 3116 4891 transformamur
3154 4841 3302 4892 enim
3355 4844 3555 4896 damo-

1986 4937 2081 4977 nes
2111 4926 2332 4992 quidem
2360 4927 2846 5004 concupiscentiae,
2878 4931 3036 4983 modo
3071 4930 3122 4984 in
3151 4946 3366 4997 porcos,
3400 4938 3562 4991 modo

1983 5015 2036 5069 in
2071 5015 2276 5082 asinos,
2317 5021 2478 5072 modo
2511 5020 2565 5073 in
2616 5033 2788 5089 equos
2848 5022 2916 5076 ad
2968 5022 3172 5076 coitum
3225 5025 3479 5081 ardentes
3504 5038 3561 5084 et

1982 5123 2301 5173 succcnsos,
2334 5110 2495 5165 modo
2530 5110 2584 5165 in
2632 5110 2888 5168 Hebraeos
2925 5116 3158 5169 maxime
3210 5117 3555 5188 luxuriosos;

1980 5201 2259 5255 daemones
2310 5211 2492 5255 autem
2549 5202 2662 5271 iraa.
2705 5219 2848 5259 nunc
2896 5206 2951 5258 in
2992 5207 3266 5272 ethnicos;
3300 5225 3446 5266 nunc
3500 5210 3555 5265 in

1984 5294 2205 5357 leones;
2235 5304 2288 5347 et
2314 5294 2547 5357 timoris,
2580 5295 2633 5348 in
2664 5295 3006 5364 lsmaelitas;
3040 5310 3094 5354 et
3116 5301 3572 5367 incontinentiaz,-

1980 5385 2034 5437 in
2082 5382 2383 5448 ldumaws;
2445 5394 2500 5441 et
2547 5387 2835 5449 ebrietatis
2882 5404 2945 5443 ac
3001 5389 3457 5461 intemperantize,
3499 5393 3555 5448 in

1980 5461 2321 5543 Saracenos;
2359 5487 2415 5532 et
2472 5478 2811 5547 cupiditatis,
2846 5481 2963 5537 sive
2997 5483 3050 5537 in
3102 5483 3277 5555 lupos,
3331 5488 3447 5540 sive
3499 5485 3557 5541 iit

1978 5573 2308 5642 pantheras;
2357 5582 2413 5627 ct
2458 5576 2701 5641 malitiae,
2741 5584 2854 5631 tum
2897 5579 2948 5632 in
2986 5589 3290 5649 serpentes,
3327 5593 3436 5635 tum
3499 5583 3555 5639 in

1980 5663 2215 5733 viperas,
2287 5671 2402 5720 tum
2464 5666 2515 5719 in
2551 5669 2739 5738 vulpes
2790 5678 3254 5741 transmutantnr;
3288 5684 3344 5728 et
3373 5675 3553 5745 impu~

1977 5756 2193 5825 (lentiae,
2229 5757 2281 5811 in
2334 5772 2539 5827 canes;
2579 5769 2631 5817 et
2691 5764 2914 5837 Mediae,
2956 5766 3010 5820 in
3043 5766 3194 5822 feles.
3252 5767 3553 5840 Aliquando

3190 5859 3267 5923 40
