4122 6322
555 350 692 414 I259

1805 332 1850 390 G
1865 326 2188 390 REGORII
2232 321 2570 385 SINAIT/E

3679 308 3812 366 22Εο

551 461 718 514 etiam
752 455 1028 511 daemones
1074 446 1474 513 Iornicationis,
1511 445 1672 500 modo
1701 444 1757 498 in
1819 447 2124 511 serpentes,

2252 436 2370 492 ποτὲ
2398 435 2458 489 δὲ
2485 437 2564 498 είς
2600 433 2744 504 ἔχεις
2805 451 3310 506 μεταμορφουνται,
3368 437 3498 488 ποτὲ
3519 436 3577 490 δὲ
3611 438 3708 492 καὶ
3730 441 3808 502 είς

549 553 710 607 modo
751 551 806 604 in
841 560 1040 604 corvos
1072 553 1128 601 et
1165 541 1452 613 graculos;
1488 547 1542 593 et
1595 538 1652 601 in
1709 535 1961 590 volucres
1993 544 2128 584 conv

550 657 840 704 vertuntur
877 640 1171 705 animales,
1215 651 1278 691 ac
1320 631 1618 704 praesertim
1655 627 1789 683 aerii
1827 628 2128 681 dannOnes.

549 742 704 798 Hanc
735 747 916 793 autem
955 734 1026 788 ob
1078 743 1299 786 causam
1358 723 1554 795 triplici
1609 721 1784 791 eﬂigie
1843 719 2136 772 immutant

550 849 681 890 suas
710 832 918 886 formas
950 826 1197 894 spiritus,
1228 817 1370 888 quod
1400 827 1513 871 tres
1543 813 1742 868 habeat
1780 810 1958 864 anima
2008 819 2132 872 par-

562 935 644 980 tes
672 942 690 992 ;
731 924 806 977 ita
832 929 890 974 nt
930 916 1122 986 triplex
1157 913 1227 967 sit
1253 911 1453 978 imago,
1486 919 1679 974 nempe
1712 904 1766 958 in
1794 898 2131 992 volucribus,

552 987 686 1071 feris
707 1023 760 1068 et
785 1008 1106 1082 pecudibus,
1138 1011 1362 1074 propter
1401 994 1908 1067 concupiscibiletn,
1944 987 2136 1082 irasci-

557 1108 713 1163 oiletn
743 1081 799 1158 et
829 1096 1207 1157 rationabilem
1244 1094 1438 1147 animae
1464 1088 1735 1160 potentias
1763 1103 1776 1139 :
1837 1096 1946 1138 tres
1990 1081 2134 1135 enim

558 1198 813 1251 vitiorum
855 1195 1020 1245 doces
1073 1189 1338 1243 adversus
1383 1191 1496 1237 tres
1553 1180 1687 1234 istas
1717 1177 1861 1230 vires
1923 1185 2137 1241 semper

557 1297 862 1348 armantur,
918 1293 974 1336 et
1032 1280 1099 1334 ad
1139 1277 1283 1348 quod
1335 1275 1530 1328 vitium
1571 1272 1752 1326 anima
1811 1266 2136 1338 propendet,

557 1379 680 1433 huic
707 1376 1055 1432 conformant
1076 1385 1230 1426 suam
1268 1371 1319 1422 in
1347 1382 1448 1421 nos
1485 1361 1919 1434 aggressionem.

2239 528 2528 588 ἀλώπεκας
2550 543 2565 558 ο
2609 526 2706 596 τῆς
2733 525 2790 578 δὲ
2827 525 3118 592 ἀναιδείας,
3172 528 3254 589 είς
3291 527 3417 590 τοὺς
3460 525 3632 591 κύνας
3663 543 3676 556 ·
3711 527 3810 596 τῆς

2239 621 2298 674 δὲ
2311 619 2558 690 ἀκηδίας,
2622 621 2703 684 είς
2749 619 2875 682 τοὺς
2911 621 3162 683 κάττους.
3206 620 3364 678 Ἔστι
3397 619 3441 672 δ’
3472 622 3562 674 ὅτε
3593 621 3689 672 καὶ
3714 622 3812 690 τῆς

2239 713 2519 782 πορνείας,
2567 711 2695 766 ποτὲ
2751 711 2849 780 μὲν
2906 713 2988 774 είς
3037 712 3210 781 δφεις,
3245 713 3377 765 ποτὲ
3405 712 3462 764 δὲ
3495 711 3590 766 καὶ
3617 714 3698 776 είς
3720 730 3813 766 κο-

2243 805 2463 871 ράκους,
2520 801 2616 854 καὶ
2654 800 2920 864 κολοιοὺς,
2968 800 3044 864 ὡς
3100 802 3322 854 πετεινὰ
3367 801 3426 854 δὲ
3479 802 3530 854 οί
3565 802 3812 872 ψυχικοί,

2244 890 2476 960 μάλιστα
2504 889 2559 940 δὲ
2585 889 2820 958 ὲναέριοι
2861 888 3116 956 δαίμονες
3153 887 3610 958 μεταϐάλλονται.
3661 889 3815 958 Ἔχει

2239 980 2412 1050 δὲτὴν
2459 980 2638 1032 αἰτίαν
2670 979 2999 1048 ἡφαντασία
3051 980 3275 1048 τριχῶς,
3327 978 3656 1032 ἁλλοιοῦσαν
3711 979 3810 1042 τὰς

2245 1070 2459 1140 μορφὰς
2500 1069 2608 1122 τῶν
2642 1071 2989 1138 πνευμάτων,
3040 1069 3260 1122 κατὰτὸ
3277 1069 3542 1140 τριμερὲς
3589 1071 3687 1139 τῆς
3715 1070 3815 1138 ψυο

2243 1163 2362 1232 χῆς,
2421 1161 2563 1214 ὥστε
2614 1162 2708 1214 καὶ
2758 1163 2856 1230 τὴν
2901 1163 3210 1230 φαντασίαν
3266 1161 3504 1231 τριπλῆν
3558 1157 3723 1224 εἶναι,
3761 1162 3817 1214 ὲν

2244 1257 2533 1320 πετεινοῖς,
2587 1257 2643 1306 ὲν
2667 1254 2899 1325 Θηρίοις,
2949 1256 3006 1309 ὲν
3075 1256 3321 1325 κτήνεσι,
3375 1253 3513 1323 πρὸς
3546 1251 3608 1305 τὸ
3635 1251 3816 1304 ὲπιθυυ

2249 1346 2478 1414 μητικὸν
2504 1387 2518 1410 ,
2581 1346 2812 1415 θυμικὸν
2845 1388 2859 1409 ,
2901 1349 2996 1400 καὶ
3049 1347 3359 1414 λογιστικὸν
3401 1345 3499 1408 τὰς
3520 1345 3620 1413 τῆς
3643 1343 3818 1413 ψυχῆς

567 1465 834 1532 δυνάμεις
864 1473 878 1488 ο
911 1462 960 1509 οἱ
1006 1460 1161 1526 τρεῖς
1209 1472 1318 1525 γαρ
1355 1433 1621 1524 αρχοντες
1649 1469 1757 1504 των
1791 1452 2006 1516 παθῶν,
2054 1453 2195 1504 κατὰ
2225 1452 2336 1506 τῶν
2369 1454 2536 1522 τριῶν
2563 1456 2648 1508 ἀεὶ
2690 1433 3029 1521 ὁπλίζονται,
3067 1461 3163 1513 καὶ
3211 1460 3348 1532 πρὸς
3373 1460 3404 1515 δ
3437 1468 3748 1524 πεποίωται
3780 1474 3812 1542 ἡ

568 1557 717 1629 ψυχὴ
758 1554 955 1614 πάθος,
992 1549 1133 1617 πρὸς
1166 1549 1298 1600 αὐτὸ
1339 1549 1482 1600 κατὰ
1524 1547 1585 1598 τὸ
1623 1545 1879 1612 συγγενὲς
1915 1545 2286 1617 μορφάζρνται
2320 1551 2451 1619 ἡμῖν
2488 1549 2587 1603 καὶ
2624 1542 3068 1621 προσέρχονταί

646 1649 734 1704 72.
770 1649 912 1719 Ignis
943 1659 997 1703 et
1044 1649 1338 1703 carbonum
1371 1650 1544 1702 instar
1595 1649 1858 1700 invadunt
1887 1661 2028 1713 saepe
2057 1659 2148 1699 nos

2311 1651 2410 1723 οβ’.
2459 1652 2546 1714 Ὠς
2577 1650 2687 1720 πῦρ
2738 1651 2834 1720 μὲν
2891 1650 3150 1712 πολλάκις
3201 1649 3296 1704 καὶ
3336 1650 3412 1713 ὼς
3451 1650 3724 1720 ἄνθρακες
3773 1653 3820 1704 οἱ

571 1743 1180 1813 νοιιιριιιιίςιιατιηοηθε.
1212 1739 1453 1810 Spiritus
1479 1740 1623 1793 enim
1654 1737 1905 1802 luxuritr,
1930 1745 1984 1790 et
2014 1749 2148 1790 con-

2252 1745 2342 1814 τῆς
2372 1745 2564 1815 ἡδονῆς
2585 1743 2981 1814 προσέρχονται
3008 1742 3262 1811 δαίμονες
3281 1757 3296 1772 ο
3329 1741 3399 1794 τὰ
3428 1741 3687 1812 φιλήδονα
3717 1743 3822 1811 γὰρ

572 1835 896 1905 piscentiam
930 1831 1293 1896 inﬂammant,
1323 1842 1379 1886 et
1411 1831 1677 1884 rationem
1741 1829 2148 1898 perturbantes,

2252 1834 2554 1904 πνεύματα,
2592 1833 2655 1886 τὸ
2707 1831 2805 1902 μὲν
2853 1830 3248 1902 ἐπιθυμητικὸν
3298 1833 3601 1900 ὲκκαίουσι,
3654 1832 3714 1884 τὺ
3770 1833 3824 1885 δὲ

467 1917 470 1921 ’
570 1927 810 2004 animam
880 1924 1245 1978 obtenebrant
1277 1939 1291 1975 :
1319 1923 1590 1992 siquidem
1623 1921 1758 1976 nihil
1788 1922 1892 1975 nisi
1929 1920 2153 1976 combu-

571 2020 826 2086 stionem,
874 2016 1165 2071 tumultum
1219 2032 1282 2073 ac
1323 2015 1613 2086 caliginem
1672 2017 1818 2084 parit
1867 2015 2150 2068 libidinum

570 2122 760 2167 ἰθείας.

644 2227 732 2280 73.
783 2225 1045 2280 Tenebrae
1095 2224 1418 2294 ignorantiae
1475 2233 1560 2277 est
1604 2223 1858 2280 vitiorum
1891 2238 2030 2288 nox;
2067 2225 2151 2278 vel

567 2317 747 2372 adhuc
801 2333 901 2374 nox
940 2318 1036 2373 ista
1083 2329 1166 2372 est
1215 2317 1506 2388 imperium
1539 2315 1633 2371 ubi
1669 2328 1967 2374 nascuntur
1999 2318 2148 2382 vitia,

568 2413 658 2466 ubi
697 2421 884 2481 regnat
934 2414 1190 2481 princeps
1223 2411 1597 2474 tenebrarum,
1628 2409 1719 2463 ttbi
1756 2408 1885 2462 forte
1923 2409 2062 2478 agri,
2096 2418 2150 2463 et

566 2504 806 2563 volatilia
835 2504 985 2570 caeli,
1014 2513 1064 2557 et
1104 2503 1320 2571 reptilia
1358 2511 1514 2557 terrae
1547 2501 1780 2570 ﬁgurate
1813 2501 1949 2554 dicti
1991 2503 2149 2570 Spiri-

566 2606 652 2652 tus
683 2597 956 2666 rugientes
981 2603 1235 2665 quaerunt
1264 2609 1454 2664 rapere
1481 2609 1582 2648 nos
1611 2608 1790 2648 escam
1823 2593 1949 2676 sibi.

637 2863 725 2918 74.
761 2862 1038 2918 Interdum
1076 2861 1306 2917 vitiosos
1331 2869 1486 2916 actus
1508 2863 1868 2934 cogitationes
1895 2871 2145 2933 tempore

500 2958 516 2968 '
564 2957 897 3028 praecedunt,
929 2965 985 3011 et
1045 2956 1319 3009 interdum
1351 2965 1677 3026 sequuntur.
1726 2955 1792 3009 Et
1822 2957 2143 3023 praecedunt

565 3052 780 3122 quidem
830 3048 1188 3120 cogitationes
1242 3047 1587 3116 phantasias,
1643 3061 1950 3117 sequuntur
2012 3062 2141 3104 vero

565 3143 886 3212 phantasias
913 3143 1222 3212 passiones.
1254 3140 1320 3195 Et
1347 3142 1626 3211 passiones
1675 3145 1988 3210 praecedunt
2036 3140 2145 3197 dte-

567 3235 842 3299 tttonibus,
868 3237 1145 3289 daemones
1177 3249 1305 3289 vero
1331 3235 1614 3304 passiones
1641 3243 1970 3303 sequuntur.

634 3413 726 3470 75.
758 3413 974 3469 Initium
1005 3423 1059 3469 et
1088 3428 1255 3468 causa
1289 3413 1544 3468 vitiorum
1579 3423 1666 3468 est
1711 3413 1956 3480 abusus;
2013 3413 2148 3469 abu-

566 3521 663 3562 sus
692 3514 895 3572 autem,
935 3505 1262 3573 inclinatio;
1292 3514 1347 3560 et
1405 3505 1802 3572 inclinationis,
1857 3505 2148 3574 proclivior

567 3600 858 3666 voluntas;
899 3597 1188 3652 voluntatis
1226 3607 1408 3653 autem
1445 3599 1696 3668 probatio
1735 3607 1818 3654 est
1870 3600 2144 3664 tentatio;

565 3701 620 3744 et
651 3690 969 3746 tentationis
1003 3699 1258 3746 auctores
1289 3698 1422 3744 sunt
1449 3691 1756 3756 dazmones,
1797 3691 2145 3759 permittente

566 3781 946 3846 Providentia,
983 3789 1044 3835 ut
1078 3769 1399 3835 ostendatur
1422 3791 1629 3851 quanta
1656 3783 1729 3836 sit
1763 3791 1952 3837 nostra
1979 3783 2150 3838 liber-

569 3887 671 3930 tas.

637 3987 727 4042 76.
756 3986 1018 4044 Stimulos
1049 3987 1256 4056 peccati
1283 3997 1336 4044 et
1373 3988 1572 4059 sagitta
1609 3991 1807 4047 mortis
1865 4001 1950 4047 est
1983 3991 2151 4046 vitio-‘

567 4096 661 4139 sos
697 4084 893 4135 animae
920 4081 1140 4137 habitus
1171 4099 1186 4137 :
1218 4097 1396 4153 neque
1428 4083 1577 4138 enim
1605 4084 1804 4139 mutari
1820 4093 1876 4140 et
1901 4086 2146 4141 converti

567 4184 766 4244 potest,
799 4176 887 4244 qui
913 4176 1059 4230 vitiis
1088 4175 1230 4231 ultro
1265 4177 1460 4232 servit.

641 4352 734 4405 77.
772 4353 838 4406 Et
867 4352 1237 4424 multipliciter
1283 4355 1702 4426 distinguuntur
1752 4358 2068 4428 passiones,
2097 4368 2152 4412 et

578 4444 898 4538 dividuntur
932 4445 984 4499 in
1017 4447 1331 4538 corporales
1367 4458 1422 4504 et
1453 4451 1789 4519 spirituales.
1826 4451 2154 4521 Corporales
2187 4489 2230 4538 Β

571 4535 998 4589 subdividuntur
1030 4537 1080 4592 in
1115 4537 1422 4596 dolorilicas
1463 4551 1520 4597 et
1578 4545 1987 4611 peccaminosas
2019 4543 2150 4600 :do-

575 4626 810 4690 Ioril’erte
874 4628 1076 4682 iterum
1154 4629 1545 4688 discernuntur
1597 4634 1650 4688 in
1721 4636 2046 4693 morbiferas
2099 4648 2155 4693 et

574 4727 838 4792 poenales.
873 4725 1197 4796 Spirituales
1248 4729 1376 4783 item
1403 4730 1721 4786 dividuntur
1743 4733 1797 4787 in
1827 4735 2151 4804 irascibiles,

573 4819 1024 4888 concupiscibiles
1051 4829 1106 4873 et
1135 4821 1523 4876 rationabiles:
1553 4831 1605 4877 et
1634 4826 1994 4884 rationabiles
2027 4830 2157 4885 sub-

575 4907 895 4962 dividuntur
920 4910 972 4962 in
1015 4910 1386 4979 pbantasticas
1416 4922 1471 4966 et
1500 4915 1918 4973 intellectuales.
1963 4919 2154 4976 Adhuc

575 4999 696 5054 alia:
719 5012 847 5055 sunt
871 5003 1188 5057 voluntaria:
1239 5018 1302 5057 ex
1337 5005 1534 5070 abusu,
1571 5007 1690 5061 alia:
1735 5014 2061 5066 necessaria:
2085 5021 2154 5074 .et

575 5090 977 5158 involuntariar,
1005 5093 1149 5147 sicut
1201 5097 1482 5163 passiones
1560 5099 1720 5154 dit-tae
1777 5101 2152 5174 inculpabiles,

581 5199 699 5250 qote
727 5187 1067 5239 consectaria
1101 5197 1156 5241 et
1189 5190 1554 5257 proprietates
1591 5202 1798 5248 naturae
1838 5211 1866 5248 a
1899 5196 2154 5255 I’atribus

582 5286 873 5330 νοευηιιιτ.

651 5387 738 5442 78.
776 5387 913 5442 Tum
942 5389 1084 5444 aliud
1119 5393 1397 5460 passiones
1422 5409 1720 5464 corporeae,
1747 5407 1802 5450 et
1848 5397 1994 5453 aliud
2047 5401 2155 5470 spi-

576 5481 837 5546 ritua'cs;
878 5491 988 5534 tntn
1027 5482 1176 5536 aliud
1225 5486 1695 5554 concupiscentia:
1746 5499 1801 5542 ct
1857 5491 2004 5544 aliud
2038 5491 2153 5558 irae,

577 5576 720 5628 aliuti
757 5578 984 5631 rationis
1032 5586 1086 5630 et
1125 5575 1272 5631 aliud
1329 5577 1640 5635 intellectus
1683 5597 1746 5636 ac
1813 5584 2157 5653 cogitationis

579 5670 878 5735 passiones.
921 5670 992 5724 At
1025 5683 1208 5724 secum
1264 5670 1496 5725 invicem
1551 5685 1750 5728 coeunt
1794 5687 1848 5730 et
1878 5677 1996 5731 aliae
2037 5680 2156 5732 altis

581 5773 944 5828 CCllperﬂIIUII'
974 5765 1257 5834 passiones
1284 5766 1536 5834 corporis
1564 5777 1617 5820 et
1659 5768 2148 5839 concupiscentim,

2243 1927 2602 2000 διανοητικδν,
2631 1926 2951 1997 συγχέοντες
2986 1967 3001 1992 ,
3073 1925 3382 1990 σκοτίζουσι
3437 1923 3539 1992 τῆς
3596 1923 3776 1992 ψυχῆς
3807 1936 3822 1952 ’

2246 2019 2495 2082 καύσεως
2524 2017 2656 2087 γὰρ,
2688 2021 2952 2089 ταραχῆς.
2987 2017 3079 2070 καὶ
3103 2017 3328 2079 σκότους
3362 2015 3531 2079 αἰτία,
3561 2016 3594 2084 ἡ
3622 2013 3824 2084 κυρίως

2246 2112 2352 2164 τῶν
2378 2109 2567 2163 παθῶν
2588 2109 2770 2179 ἡδονή.

2317 2207 2416 2268 ογ’.
2447 2200 2562 2264 Νὺξ
2585 2200 2694 2252 τῶν
2721 2198 2933 2257 παθῶν,
2959 2201 3063 2264 ’τῆς
3095 2197 3315 2266 ἀγνοίας
3344 2198 3404 2250 τὸ
3439 2198 3631 2260 σκότος
3653 2198 3822 2258 ἐστὶν,

2251 2294 2284 2361 ἢ
2337 2293 2519 2354 πάλιν,
2577 2290 2673 2356 νύξ
2720 2292 2924 2359 ἐστινὴ
2957 2290 3249 2359 γεννητική
3316 2291 3422 2342 τῶν
3476 2289 3668 2342 παθῶν
3707 2291 3823 2343 tat-

2249 2385 2496 2454 κράτεια,
2523 2385 2580 2434 ἐν
2677 2382 2952 2452 βασιλεύει
3011 2384 3038 2434 ὁ
3063 2381 3157 2434 τοῦ
3203 2381 3427 2443 σκότους
3450 2381 3702 2452 ἔξαρχος,
3732 2385 3821 2435 καὶ

2249 2479 2306 2528 ἐν
2415 2476 2482 2528 τὰ
2515 2475 2680 2544 Θηρία
2727 2473 2820 2526 τοῦ
2881 2471 3072 2544 ἀγροῦ,
3107 2472 3206 2524 καὶ
3243 2473 3316 2526 τὰ
3350 2477 3580 2527 ταπεινὰ
3612 2474 3708 2526 τοῦ
3739 2474 3825 2526 ού-

2252 2568 2434 2641 ρανοῦ,
2489 2567 2677 2621 καὶτὰ
2708 2565 2919 2636 ἑρπετὰ
2967 2565 3066 2636 τῆς
3102 2565 3208 2636 γῆς
3237 2566 3516 2640 τροπικῶς
3551 2566 3820 2636 λεγόμενα

2251 2661 2537 2728 πνεύματα
2596 2657 2887 2730 ὠρυόμενα
2946 2658 3215 2728 ζητοῦντα
3265 2658 3512 2729 ἁρπάσαι
3562 2658 3710 2727 ἡμᾶς
3743 2658 3820 2720 είς

2254 2751 2454 2823 βρῶσιν
2479 2751 2678 2807 αὐτῶν.

2321 2844 2413 2898 οδ’.
2461 2845 2618 2898 Κατὰ
2681 2844 2872 2915 καιρὸν
2927 2843 3028 2912 τῆς
3077 2842 3184 2895 τῶν
3231 2841 3419 2894 παθῶν
3469 2841 3751 2910 ἐνεργείας
3776 2841 3822 2893 oi

2252 2937 2519 3005 λογισμοὶ,
2542 2936 2590 2987 οί
2624 2934 2720 3005 μὲν
2790 2934 3268 3003 προηγοῦνται,ὀὶ
3319 2933 3375 2985 δὲ
3435 2933 3688 2985 ἕπονταιο
3731 2931 3822 2984 καὶ

2254 3023 2623 3096 προηγοῦνται
2682 3023 2778 3094 μὲν
2808 3025 2857 3075 oi
2890 3023 3140 3090 λογισμοὶ
3167 3021 3273 3074 τῶν
3302 3021 3638 3090 φαντασιῶν,
3669 3021 3824 3073 Emito

2171 3113 2216 3169 C
2257 3131 2345 3165 ται
2397 3113 2453 3166 δὲ
2500 3112 2608 3165 τῶν
2661 3112 2969 3180 φαντασιῶν
3023 3111 3132 3184 [ῖσ.
3188 3114 3307 3175 ταῖς
3370 3110 3712 3181 φαντασίαις]
3759 3113 3824 3163 τὰ

2258 3203 2428 3273 πάθη,
2458 3205 2551 3256 καὶ
2583 3202 2691 3256 τῶν
2720 3205 2816 3272 μὲν
2842 3204 3117 3273 δαιμόνων
3151 3203 3518 3274 προηγοῦνται
3545 3203 3613 3255 τὰ
3658 3202 3821 3272 πάθη,

2256 3296 2478 3348 ἕπονται
2511 3295 2566 3348 δὲ
2592 3297 2702 3358 τοῖς
2731 3297 2960 3356 πάθεσιν
2987 3297 3036 3348 οἱ
3062 3296 3332 3365 δαίμονες.

2329 3383 2426 3438 σε’.
2447 3384 2614 3455 Ἀρχὴ
2632 3384 2739 3451 τῶν
2760 3385 2948 3437 παθῶν
2974 3386 3226 3439 καὶαίτία
3243 3387 3385 3438 ἐστὶν
3406 3387 3439 3455 ἡ
3461 3387 3824 3455 παράχρησιςο

2259 3478 2658 3545 παραχρήσεως
2706 3477 2782 3541 δὲ,
2892 3479 3066 3548 τροπή
3095 3494 3109 3507 '
3144 3479 3352 3548 τροπῆς
3383 3478 3461 3544 δὲ,
3495 3481 3529 3548 ἡ
3563 3479 3702 3548 ῥοπὴ
3733 3478 3829 3546 τῆς

2260 3565 2551 3636 θελητικῆς
2599 3568 2786 3632 ἕξεως·
2847 3569 3115 3648 Θελυήσεως
3135 3571 3190 3622 δὲ
3243 3571 3506 3640 δοκίμιον,
3572 3573 3605 3640 ή
3659 3587 3828 3641 προσ-

2262 3658 2393 3728 ϐολή
2432 3678 2447 3691 ο
2479 3660 2787 3730 προσϐολῆς
2849 3662 2924 3727 δὲ,
2961 3664 3010 3715 οί
3035 3663 3310 3732 δαίμονες,
3341 3662 3426 3714 διὰ
3444 3663 3545 3732 τῆς
3579 3664 3832 3732 προνοίας

2260 3751 2754 3820 παραχωρούμενοι
2831 3751 3100 3806 δεικνύειν
3155 3754 3218 3806 τὸ
3276 3753 3432 3824 ἡμῶν
3485 3752 3831 3820 αὐτεξούσιον

2257 3841 2442 3892 ὁποῖόν
2466 3843 2633 3894 ἐστιν.

2336 3987 2442 4046 ος’.
2489 3982 2584 4046 ‘Ib;
2614 3982 2708 4036 τοῦ
2739 3983 2968 4052 κέντρου
2997 3984 3095 4054 τῆς
3125 3983 3401 4054 ἁμαρτίας
3435 3986 3572 4054 πρὲις
3612 3983 3834 4036 θὰνᾶτῡν

2260 4073 2294 4142 ἡ
2323 4073 2578 4143 ἐμπαθὴς
2631 4074 2742 4141 ἕξις
2792 4075 2893 4146 τῆς
2937 4075 3115 4146 ψυχῆς
3139 4091 3154 4106 ⁸
3189 4075 3443 4144 ἀκίνητον
3469 4078 3578 4147 γὰρ
3607 4077 3717 4146 ἔχει
3743 4076 3832 4127 καὶ

2261 4162 2640 4233 ἀμετάϐλητον
2706 4165 2799 4217 τὸν
2851 4155 3056 4236 τρόπον
3097 4169 3124 4220 ὁ
3164 4169 3274 4230 τοῖς
3322 4167 3524 4220 πάθεσι
3584 4165 3832 4227 ποιωῡεὶς

2263 4253 2545 4316 ἑκουσίως.

2335 4328 2430 4408 ρξ’.
2460 4345 2615 4418 Πάθη
2642 4347 2894 4413 λέγονται
2916 4349 3290 4422 πολυτρόπως,
3320 4349 3656 4418 διαιροῦνται
3685 4349 3738 4402 δὲ
3758 4349 3830 4409 εἰς

2268 4437 2583 4508 σωματικὰ,
2609 4441 2704 4494 καὶ
2732 4439 2963 4510 ψυχικά·
3000 4445 3068 4496 τὰ
3097 4441 3388 4514 σωματικὰ
3404 4440 3724 4512 ὑποδιαιροῦ
3737 4457 3842 4492 nat

2265 4527 2345 4588 είς
2394 4526 2639 4594 ἀλγεινὰ,
2670 4529 2768 4581 καὶ
2799 4530 3155 4600 ἁμαρτητικά
3175 4547 3186 4559 ·
3221 4529 3290 4583 τὰ
3319 4530 3548 4597 ἀλγεινὰ
3600 4529 3843 4582 ύποδιαιυ

2269 4620 2483 4690 ροῦνται
2510 4623 2586 4683 είς
2606 4623 2812 4692 νοσηρὰ
2830 4623 2924 4677 καὶ
2972 4623 3324 4676 παιδευτικά⁶
3357 4623 3428 4675 τὰ
3450 4623 3659 4691 duxi-45:
3684 4622 3842 4674 πάλιν

2268 4713 2603 4783 διαιροῦνται
2625 4717 2704 4778 εἰς
2737 4714 2967 4784 θυμικὰ,
2998 4714 3378 4786 ὲπιΘυμητικὰ
3405 4716 3501 4768 καὶ
3539 4713 3840 4781 λογιστικάο

2267 4802 2334 4856 τὰ
2353 4802 2639 4871 λογιστικὰ
2663 4805 3105 4875 ύποδιαιροῦνται
3129 4809 3208 4868 είς
3237 4805 3582 4874 φανταστικὰ
3615 4805 3712 4856 καὶ
3735 4803 3843 4854 δια-

2271 4896 2517 4964 νοητικὰ.
2584 4895 2804 4949 Τούτων
2854 4897 2922 4948 τὰ
2980 4898 3080 4966 μέν
3139 4899 3244 4950 είσι
3303 4897 3446 4950 κατὰ
3497 4898 3844 4967 παρὰχρησιι

2273 4984 2554 5054 θελητικὰ,
2608 4987 2678 5038 τὰ
2707 4987 2784 5052 δὲ,
2836 4988 2975 5041 κατὰ
3008 4989 3257 5058 ἀνάγκην
3307 4989 3570 5051 ἀκούσια,
3599 4989 3677 5050 ὡς
3701 4986 3843 5041 ἁδιὰ·

2273 5075 2444 5146 ὅλη-τα
2490 5076 2636 5145 πάθη
2699 5076 2985 5147 λεγόμενα,
3043 5078 3079 5132 ἃ
3135 5079 3228 5130 καὶ
3273 5078 3843 5149 παρακολουϐήματα,

2276 5171 2368 5223 καὶ
2401 5169 2608 5236 φυσικὰ
2635 5168 2903 5236 ἰδιώματα
2926 5170 2976 5222 οἱ
3009 5170 3251 5239 Πατέρες
3279 5170 3568 5226 ἐκάλεσαν.

2329 5412 2431 5476 οη’.
2493 5405 2662 5458 Ἀλλα
2689 5403 2756 5457 τὰ
2811 5403 3100 5474 σωματικὰ
3147 5401 3312 5470 πάθη,
3345 5400 3440 5454 καὶ
3468 5397 3605 5455 ἄλλα
3628 5398 3697 5453 τὰ
3721 5398 3832 5468 ψυ-

2259 5500 2388 5569 χικά
2408 5515 2424 5530 ⁸
2453 5498 2522 5551 τὰ
2562 5498 2662 5567 τῆς
2691 5497 2990 5565 ἐπιθυμίας
3024 5497 3210 5566 ἕτερα,
3239 5495 3330 5546 καὶ
3354 5493 3487 5546 ἄλλα
3507 5493 3602 5546 τοῦ
3632 5491 3832 5560 Θυμοῦ·

2258 5592 2421 5662 ἔτερα
2457 5589 2524 5642 τὰ
2563 5587 2656 5641 τοῦ
2709 5586 3041 5655 λογιστικοῦ,
3093 5586 3186 5639 καὶ
3209 5585 3341 5638 ἄλλα
3361 5583 3544 5656 τὰὶτοῦ
3586 5584 3706 5646 νοὸς
3738 5588 3838 5635 καὶ

2262 5681 2357 5750 τῆς
2423 5679 2696 5742 διανοίας’
2773 5676 3088 5730 κοινωνοῦσι
3114 5676 3168 5729 δὲ
3195 5675 3460 5742 ἀλλήλοις,
3511 5677 3602 5726 καὶ
3642 5691 3833 5743 συνερ-

2262 5773 2414 5839 γοῦσι
2450 5771 2648 5840 Θάτερα
2676 5772 2784 5831 τοῖς
2811 5769 3037 5836 ἑτέρως’
3072 5769 3135 5820 τὰ
3163 5768 3259 5836 μὲν
3275 5767 3581 5836 σωματικὰ,
3609 5765 3744 5832 πρὸς
3769 5768 3839 5817 τὰ
