4122 6322
326 346 448 409 1261

1354 347 1630 410 CAPITA
1673 347 1826 411 PER
1866 348 2525 415 ACROSTICUIDEM.

3431 350 3569 412 1262

311 472 400 541 τῆς
440 467 755 538 ἐπιθυμίας,
793 467 860 522 τὰ
888 466 943 521 δὲ
972 465 1203 540 ψυχικὰ,
1231 464 1364 543 πρὸς
1391 465 1457 519 τὰ
1483 464 1574 531 τοῦ
1616 464 1865 537 θυμικοὶὀ¹

1998 465 2197 519 animae
2223 479 2279 521 et
2313 466 2429 530 irm,
2467 466 2693 523 rationis
2721 475 2773 520 ct
2813 466 3138 533 intellectus,
3175 463 3485 520 intellectus
3515 472 3571 517 et

311 563 399 616 καὶ
429 562 594 616 πάλιν
618 561 688 614 τὰ
718 557 1024 630 λογιστικὰ,
1052 556 1186 628 πρὸς
1204 558 1272 611 τὰ
1297 557 1478 628 νοερὰ,
1496 557 1671 610 καὶτὰ
1687 558 1870 629 νοερὰ,

311 656 441 727 πρὸς
469 656 537 709 τὰ.
565 656 667 724 τῆς
723 653 960 723 διανοίας
991 653 1085 706 καὶ
1113 653 1209 721 τῆς
1269 652 1510 725 μνήμης
1551 652 1869 722 παθήματα.
1902 644 1906 649 ’

369 747 466 800 00’.
499 741 684 815 Θυμοῦ
735 745 834 816 μέν
856 746 962 797 sict
989 743 1158 814 πάθη,
1182 744 1341 813 ὀργὴ,
1371 743 1586 814 πικρία.
1630 744 1872 812 κραυγὴ,

289 821 573 908 όξυχολία,
606 835 827 905 θράσος,
861 833 1051 904 τῦφος,
1086 832 1380 898 ἀλαξωνία,
1406 835 1499 888 καὶ
1531 834 1633 887 είτι
1663 832 1871 904 ἕτερον·

307 926 595 997 ἐπιθυμίας
624 925 704 987 δέ,
740 924 1046 992 πλεονεξία,
1079 924 1365 990 ἀκολασία,
1392 922 1647 996 ἀκρασία,
1705 908 1877 991 ἀπληέ

307 1017 446 1080 στία,
507 1015 809 1086 φιληδονία,
862 1017 1218 1088 φιλαργυρία,
1289 1015 1546 1084 φιλαυτία
1591 1015 1877 1085 ήπάντων

304 1107 676 1179 χαλεπωτέρα·
703 1109 771 1161 τὰ
804 1108 860 1163 δέ
889 1108 990 1179 τῆς
1037 1107 1260 1179 σαρκὸς,
1320 1108 1569 1179 πορνεία,
1634 1104 1871 1176 μοιχεία,

303 1199 626 1270 ἀκαθαρσία,
677 1198 907 1263 ἀσωτία,
942 1198 1145 1264 ἀδικία,
1179 1198 1616 1268 γαστριμαργία,
1648 1197 1872 1266 ἁκηδία,

305 1292 668 1364 περπερότης,
697 1290 1048 1362 φιλοκοσμία,
1084 1290 1369 1360 φιλοζωῒα,
1409 1293 1501 1345 καὶ
1531 1290 1637 1344 είτι
1663 1290 1869 1360 ἕτερον’

304 1384 366 1437 τὰ
402 1384 458 1438 δὲ
479 1383 571 1437 τοῦ
599 1382 914 1451 λογιστικοῦ
948 1382 1147 1454 μέρους
1165 1384 1325 1443 είσὶν,
1353 1381 1601 1449 ἀπιστία,
1630 1381 1873 1452 βλασφη-

307 1474 437 1544 μία,
485 1474 743 1544 πονηρία.
798 1472 1134 1543 πανουργία,
1190 1472 1549 1543 περιέργεια,
1607 1472 1867 1542 διψυχία,

303 1564 555 1636 λοιδορία,
603 1564 927 1628 καταλαλιὰ,
975 1565 1320 1635 κατάκρισις,
1385 1564 1754 1630 ἐξουδὲνωσις,
1787 1562 1873 1615 εὑ-

302 1656 590 1726 τραπελία,
625 1655 938 1725 ὑπόκρισις,
975 1654 1193 1725 ψεῦδος,
1223 1653 1597 1726 αἰσχρολογία,
1635 1656 1874 1724 μωρολο-

301 1750 417 1817 γία,
450 1748 774 1819 ὑπουλότης,
799 1748 1041 1816 εἰρωνία,
1072 1748 1331 1817 φανητία,
1356 1746 1870 1817 ἀνθρωπαρέσκεια,

303 1840 697 1911 μετεωρισμὸς,
762 1838 1058 1910 ἐπιορκίαι,
1094 1837 1434 1907 ἀργολογίαι,
1465 1839 1558 1890 καὶ
1589 1837 1659 1889 τὰ
1689 1836 1870 1890 λοιπά·

295 1933 363 1985 τὰ
388 1932 445 1985 δὲ
472 1930 566 1985 τοῦ
589 1930 729 1993 νοὸς,
784 1933 983 2000 οίησις,
1025 1929 1278 1999 ἔπαρσις,
1308 1927 1696 1998 μεγαλαυχίαι,
1730 1928 1869 1999 ἔρις,
1918 1918 1960 1976 Β

297 2022 481 2090 ζῆλος,
508 2020 898 2091 αὐταρέσκεια,
926 2017 1229 2089 ἀντιλογία,
1289 2019 1543 2088 άνηκοΐα,
1577 2019 1868 2088 φαντασία,

296 2111 665 2182 ἀναπλασμοὶ,
702 2110 1076 2181 φιλενδειξίαι,
1138 2108 1437 2176 φιλοδοξία,
1492 2111 1867 2181 ὑπερηφανία,

291 2202 349 2255 τὸ
377 2201 593 2273 πρῶτον
646 2203 742 2254 καὶ
794 2204 1021 2270 ἔσχατον
1065 2202 1284 2258 πάντων
1314 2199 1425 2255 τῶν
1456 2200 1642 2257 κακῶν
1666 2218 1678 2230 ·
1726 2201 1794 2272 τα
1815 2199 1871 2251 δὲ
1944 2204 1953 2213 ⁸

291 2296 385 2362 τῆς
435 2292 681 2357 διανοίας
708 2293 818 2347 εἰσὶ
887 2292 1082 2359 ταῦτα,
1105 2293 1439 2365 ρεμϐασμοὶ,
1475 2292 1870 2364 μετεωρισμοὶ,

290 2386 678 2456 αἰχμαλωσίαι,
712 2386 996 2453 σκότωσις,
1022 2385 1319 2456 τύφλωσις,
1353 2389 1671 2456 ἀπαγωγαὶ,
1703 2404 1869 2456 προσ-

292 2478 462 2546 ϐολαὶ,
495 2478 957 2546 συγκαταθέσεις,
990 2480 1183 2553 ῥοπαὶ,
1209 2480 1433 2552 τροπαὶ,
1461 2480 1865 2552 παραῤῥισμοὶ,

288 2568 381 2625 καὶ
406 2574 475 2628 τὰ
503 2573 666 2642 ὅμοια
713 2571 942 2637 τούτων,
1007 2572 1082 2639 ὡς
1108 2573 1166 2625 ἐν
1215 2573 1326 2643 ὅρῳ
1354 2574 1412 2627 δέ
1447 2573 1638 2641 φάναι,
1692 2573 1871 2627 πάντα

286 2663 352 2714 τὰ
383 2663 534 2732 παρὰ
592 2662 756 2730 φύσιν
802 2664 951 2717 κακὰ
1004 2667 1129 2730 ταῖς
1154 2666 1302 2735 τρισὶ
1332 2666 1597 2735 δυνάμεσι
1635 2664 1733 2736 τῆς
1768 2665 1868 2735 ψυ-

288 2759 389 2826 κῆς
424 2757 821 2827 συνεμίγησαν,
873 2757 1064 2826 ὥσπερ
1114 2758 1211 2811 καὶ
1232 2758 1303 2810 τὰ
1346 2758 1526 2826 ἀγαθὰ
1576 2759 1633 2810 ὲν
1678 2757 1868 2820 αὑταῖς

287 2847 467 2901 πάντα
497 2848 907 2918 συνυπάρχουσι
937 2849 1077 2901 κατὰ
1101 2847 1279 2917 φύσιν,

363 2938 515 2994 π’.Ὢ
531 2940 627 3009 τῆς
653 2940 749 2994 τοῦ
771 2940 936 2994 Δαϐὶδ
968 2941 1102 3012 πρὸς
1122 2941 1214 2994 τὸν
1241 2941 1375 2995 Θεὸν
1406 2941 1524 3010 μετ’
1553 2940 1868 3011 ἐκπλήξεως

295 3020 724 3104 μεγαληγορίας,
769 3033 1195 3104 ἐθαυμαστώθη,
1249 3033 1519 3103 λέγοντος,
1569 3034 1633 3087 Ἦ
1664 3033 1867 3103 γνῶσίς

293 3140 387 3175 σου
417 3121 477 3187 ἐξ
504 3122 664 3193 ἐμοῦ,
712 3124 775 3177 οὐ
803 3123 913 3193 γὰρ
946 3123 1185 3194 δύναμαι
1216 3125 1352 3196 πρὸς
1380 3124 1553 3195 αὐτὴν
1586 3125 1875 3195 ἰσχυροτέ-·

1999 557 2350 628 cogitationis
2384 558 2769 628 memoriteque
2800 558 3103 626 passiones.

2065 756 2157 815 79.
2196 757 2648 833 \(itiairascibilis
2689 761 2882 815 animae
2932 771 3059 817 sunt
3099 763 3200 826 ira,
3240 759 3560 826 acrimonia,

1988 848 2331 921 jurgiositas,
2380 852 2744 921 irritabilitas,
2795 855 3041 923 audacia,
3087 855 3416 925 arrogantia,
3454 854 3566 924 glo-

1996 944 2174 1008 riatio,
2227 955 2516 1013 etcetcra;
2574 948 3262 1017 concupiscibilis.autem,
3313 946 3564 1011 avaritia,

1994 1034 2413 1099 incontinentia,
2439 1039 2873 1109 intemperantia,
2898 1038 3198 1100 insatietas,
3228 1036 3562 1106 voluptatum

1994 1128 2213 1197 cupido,
2251 1132 2365 1182 auri
2403 1129 2594 1193 funes,
2647 1131 2731 1183 sui
2771 1129 2940 1198 ipsius
2990 1144 3161 1193 amor,
3194 1128 3286 1198 qui
3319 1138 3399 1182 est
3449 1144 3561 1180 om-

1995 1218 2144 1271 nium
2166 1220 2431 1288 pessimus
2458 1235 2473 1286 ;
2497 1230 2549 1285 et
2568 1222 2748 1275 carnis
2772 1219 3052 1288 passiones
3090 1230 3215 1275 sunt
3258 1216 3560 1279 fornicatio,

1994 1310 2251 1376 mtnchia,
2284 1311 2639 1380 impudicitia,
2694 1311 3038 1374 comessatio,
3072 1311 3354 1380 injustitia,
3386 1309 3554 1379 inglu-

1995 1404 2137 1469 vies,
2167 1405 2377 1469 accdia,
2421 1404 2665 1471 fatuitas,
2689 1405 2874 1468 luxus,
2903 1405 3101 1461 nimius
3143 1403 3265 1459 vitae
3308 1417 3482 1466 amor,
3511 1413 3567 1459 et

1993 1495 2131 1561 alia;
2166 1507 2221 1550 et
2260 1496 2506 1558 rationis,
2528 1495 2909 1565 incredulitas,
2939 1494 3295 1567 blasphemia,
3330 1494 3560 1556 malitia,

1995 1587 2175 1651 dolus,
2201 1588 2513 1655 curiositas,
2548 1587 2859 1657 duplicitas,
2916 1586 3258 1649 detrectatio,
3309 1583 3562 1639 diﬂ‘ama-

1996 1681 2502 1748 tio,condemnatio,
2559 1680 2910 1751 vituperatio,
2934 1679 3212 1745 dicacitas,
3234 1676 3562 1747 hypocrisis,

1992 1772 2356 1836 mendacium,
2387 1771 2797 1842 turpiloquium,
2827 1769 3558 1835 scurrilitas,dissimulatio,

1994 1866 2189 1926 ironia,
2216 1862 2532 1933 ostentatio,
2569 1862 2859 1933 placentia,
2884 1862 3194 1927 insolentia,
3238 1860 3557 1931 periurium,

1991 1958 2383 2027 vaniquuium,
2435 1966 2490 2011 et
2549 1957 2799 2028 reliqua;
2846 1969 2899 2012 et
2934 1957 3257 2020 intellectus,
3305 1972 3561 2024 [rwsntn-

1988 2053 2117 2121 ptio,
2151 2049 2337 2115 elatio,
2376 2049 2659 2118 iactantia,
2697 2049 2997 2113 contentio,
3034 2048 3252 2111 invidia,
3284 2048 3558 2102 sullieieu~

1987 2146 2082 2208 tia,
2137 2143 2524 2206 contradictio,
2570 2141 2970 2205 inobedientia,
3003 2143 3307 2212 phantasia,
3358 2141 3558 2204 illusio,

1985 2235 2216 2299 vanitas,
2234 2234 2482 2301 gloriola,
2498 2234 2773 2302 superbia,
2800 2248 2921 2302 qua:
2937 2242 3014 2288 est
3032 2236 3265 2301 primum
3286 2235 3560 2287 ultimum-

1982 2344 2087 2396 que
2133 2328 2372 2380 omnium
2434 2326 2739 2392 malorum;
2792 2335 2847 2380 et
2915 2326 3285 2394 cogitationis,
3356 2324 3557 2378 distra-

1982 2420 2214 2484 ctiones,
2245 2424 2462 2479 tumens
2519 2416 2766 2484 spiritus,
2818 2416 3108 2480 servilitas,
3162 2415 3556 2479 obtenebratio,

1981 2508 2295 2574 obcaecatio,
2327 2508 2700 2574 evagationes,
2727 2507 3075 2571 teutationes,
3095 2522 3412 2570 consensus,
3432 2521 3556 2575 pro-

1983 2599 2299 2668 pensiones,
2334 2598 3117 2668 inclinationes,repulsiones,
3162 2607 3217 2654 et
3266 2599 3557 2652 hurnltlsi-

1982 2693 2150 2754 milia,
2181 2691 2253 2745 ita
2284 2699 2363 2755 ut,
2428 2706 2537 2745 uno
2570 2691 2757 2755 verbo,
2822 2689 3007 2744 omnia
3061 2700 3248 2744 contra
3299 2700 3546 2750 naturam

1981 2784 2123 2836 mala
2151 2783 2208 2836 in
2236 2782 2411 2841 tribus
2448 2782 2641 2837 animae
2687 2780 2891 2835 viribus
2942 2782 3223 2837 commista
3256 2783 3386 2846 sint,
3410 2783 3556 2835 sicut

1981 2885 2033 2925 et
2061 2872 2419 2942 omniajuxta
2458 2883 2703 2934 naturam
2722 2871 2857 2924 bona
2894 2872 2946 2925 in
2974 2872 3196 2928 eissunt
3216 2871 3550 2925 consociata.

2060 2965 2151 3019 80.
2201 2964 2259 3025 lu
2313 2960 2513 3019 mentis
2563 2978 2788 3021 excessu
2818 2962 2987 3027 causa
3026 2977 3059 3023 ο
3097 2963 3552 3032 magniloquentia

1980 3056 2197 3112 Davidis
2250 3058 2316 3110 ad
2414 3055 2577 3113 Dcttnt
2639 3054 2866 3111 dicentis
2900 3054 2921 3086 ’
2960 3070 2976 3111 ;
3019 3073 3037 3105 ι
3090 3051 3351 3108 Mirabilis
3411 3052 3552 3106 facta

1977 3158 2062 3202 est
2115 3148 2345 3203 scientia
2391 3157 2481 3202 tua
2535 3155 2854 3214 cx.mc;et
2904 3161 3008 3201 non
3072 3157 3260 3215 potero
3293 3147 3358 3200 ad
3406 3162 3549 3209 eam,

291 3210 413 3284 ραν’
454 3212 619 3266 οὖσαν
647 3211 766 3267 ’καὶ
817 3214 1106 3284 ἀνέφικτον
1150 3215 1307 3305 ,ὑπὲρ
1355 3214 1453 3286 τὴν
1492 3214 1630 3285 ἐμὴν
1661 3213 1864 3282 ἀσθενῆ

1977 3239 2099 3307 quia
2163 3236 2463 3298 ccttfortata
2523 3247 2646 3301 est,
2686 3255 2704 3288 ι
2761 3248 2817 3292 et
2879 3237 3190 3303 inaccessa,
3255 3245 3311 3292 et
3386 3250 3549 3304 snpe-

289 3306 491 3373 γνῶσιν
516 3306 611 3359 καὶ
651 3306 883 3377 δύναμιν
921 3306 1019 3378 τὴν
1046 3296 1159 3360 ἐπ”
1189 3308 1348 3378 ἐμοί’
1382 3306 1498 3369 πῶς
1535 3308 1630 3361 καὶ
1660 3310 1693 3378 ὴ
1726 3307 1866 3380 σὰρξ

288 3396 675 3464 ἁκατάληπτος
727 3396 869 3466 αὕτη
917 3398 1063 3452 κατὰ
1096 3398 1196 3466 τὴν
1227 3397 1477 3454 σύνθεσιν
1517 3399 1619 3469 τῆς
1638 3398 1865 3453 διαπλά-

289 3502 427 3548 σεως
494 3484 649 3551 οὖσα,
702 3487 985 3559 τριαδικὴν
1029 3489 1087 3541 ἐν
1138 3489 1356 3561 ἑκάστῳ
1405 3490 1554 3554 εῖδει,
1606 3492 1699 3544 καὶ
1730 3491 1860 3562 μίαν

285 3580 516 3649 ἔχουσαν
554 3581 652 3648 τὴν
684 3580 952 3650 ἁρμονίαν
978 3581 1089 3635 τῶν
1126 3581 1272 3636 ίδίων
1300 3581 1478 3654 μελῶν
1522 3584 1617 3637 καὶ
1656 3582 1859 3654 μερῶν,

285 3670 381 3723 καὶ
431 3669 655 3739 ἀριθμῷ
708 3669 1048 3741 ἑϐδοματικῷ
1074 3671 1313 3742 δευτέρῳ
1353 3673 1692 3745 τιμωμένην,
1723 3674 1861 3746 ὅπερ

282 3761 477 3829 χρόνον
495 3761 597 3816 καὶ
625 3760 788 3831 φύσιν
808 3763 948 3815 κατὰ
978 3765 1105 3827 τοὺς
1153 3765 1551 3835 ἁριθμητικοὺς
1585 3767 1859 3836 ἐμφαίνει,

280 3851 357 3915 Co;
387 3848 528 3917 εἶναι
574 3853 669 3907 καί⁵
694 3853 827 3906 αὐτὸ
855 3855 938 3916 εἰς
969 3854 1129 3922 δόξαν
1162 3855 1299 3913 Θεοῦ
1334 3859 1566 3927 ὄργανον
1597 3862 1859 3931 ἐκφαντο-

285 3944 439 4014 ρικδν
486 3946 775 4018 τριαδικῆς
826 3946 1312 4020 μεγαλοπρεπείας
1346 3950 1855 4021 φυσιολογούμενον,

279 4035 427 4088 κατὰ
459 4037 583 4099 τοὺς
607 4037 854 4107 ἐνεργεῖς
878 4036 1078 4109 νόμους
1106 4039 1343 4107 φύσεως.

352 4123 468 4180 πα’.
503 4127 675 4197 Νόμοι
705 4127 921 4196 φύσεώς
943 4130 1080 4182 εἰσιν
1109 4132 1167 4183 αί
1203 4131 1353 4185 ποιαὶ
1384 4130 1496 4184 τῶν
1527 4133 1854 4203 ἐνεργουμέ-

281 4232 391 4269 νων
435 4215 612 4286 μελῶν
658 4218 972 4284 συνθέσεις,
1011 4219 1077 4285 ἃς
1120 4222 1215 4274 καὶ
1260 4223 1588 4292 ἑτερότητας
1629 4224 1657 4275 ὁ
1700 4224 1856 4292 λόγος

277 4307 562 4376 ἐκάλεσεν,
605 4310 681 4373 ὡς
711 4311 1077 4385 πολυμερείας
1112 4314 1220 4367 τῶν
1261 4314 1405 4370 ἰδίων
1444 4314 1742 4386 ίδιοτήτων.
1786 4316 1856 4370 Ἦ

224 4451 239 4459 ,
278 4401 478 4469 πάλιν,
513 4402 678 4474 νόμος
721 4406 949 4474 φυσικός
1004 4408 1152 4462 ἐστιν
1186 4410 1219 4480 ή
1253 4410 1487 4463 ἑκάστου
1542 4411 1717 4475 εἴδους
1761 4412 1855 4466 καὶ

281 4492 482 4561 μέλους
510 4495 762 4566 ἐνέργεια
795 4498 854 4551 ἐν
882 4497 1132 4569 δυνάμει.
1164 4500 1374 4571 Ὥσπερ
1406 4500 1516 4572 γὰρ
1543 4503 1572 4556 ό
1601 4502 1733 4565 Θεὸς
1756 4503 1854 4574 τὴν

271 4583 498 4639 ἃπασαν
529 4588 728 4653 κτίσιν,
762 4587 935 4675 οὕτως
963 4591 996 4660 ἡ
1035 4589 1180 4663 ψυχὴ
1204 4592 1273 4645 τὰ
1306 4594 1400 4646 τοῦ
1431 4595 1681 4664 σώματος
1716 4597 1847 4667 μέλη

273 4677 373 4729 καὶ
410 4679 643 4750 ἐνεργεῖ,
676 4680 770 4732 καὶ
798 4684 938 4734 κινεῖ
967 4681 1198 4738 ἕκαστον
1231 4683 1367 4755 πρὸς
1407 4685 1507 4757 τὴν
1543 4685 1679 4741 ίδίαν
1709 4685 1857 4759 ἐνέρ-

269 4785 455 4836 γειαν.
505 4770 781 4840 Ζητητέον
824 4771 881 4824 δὲ
927 4773 1033 4826 τίνι
1084 4775 1227 4847 λόγῳ
1266 4777 1356 4829 τὸν
1399 4777 1571 4848 θυμὸν
1617 4780 1710 4833 καὶ
1750 4781 1850 4851 τὴν

272 4859 597 4929 ἐπιθυμίαν,
627 4861 760 4914 ποτὲ
796 4862 893 4933 μὲν
923 4865 972 4916 oi
1000 4863 1246 4936 θεοφόροι
1276 4868 1487 4940 ἄνδρες,
1521 4873 1619 4942 τῆς
1634 4874 1848 4942 ’σαρκὸς

266 4947 418 5005 εἶναι
465 4953 769 5021 φάσκουσι,
805 4955 935 5008 ποτὲ
963 4955 1051 5023 δέ,
1083 4959 1167 5011 ὅτι
1192 4958 1293 5029 τῆς
1319 4960 1497 5031 ψυχῆς
1518 4963 1646 5016 ἐίσι
1685 4963 1848 5029 δυνά-

267 5057 418 5111 μεις.
459 5043 568 5099 Καί
596 5061 808 5116 φαμεν,
841 5047 923 5101 ὅτι
957 5048 1216 5119 οὐδεμίαν
1246 5052 1604 5122 ἀσυμφωνίαν
1632 5055 1847 5126 ἔχουσιν

261 5134 320 5186 οί
359 5133 511 5202 λόγοι
547 5135 657 5190 τῶν
700 5137 873 5206 ἁγίων
903 5139 1056 5211 παρὰ
1086 5144 1200 5205 τοῖς
1238 5144 1482 5215 ἀκριϐῶς
1513 5146 1711 5202 είδόσιν
1750 5149 1846 5202 αὑ-

262 5225 420 5293 τοὺς,
451 5224 567 5279 ἀλλ’
605 5228 904 5299 ἀμφότεροι
936 5231 1280 5302 ἀληθεύουσι,
1304 5237 1558 5293 καὶκατὰ
1579 5240 1641 5292 τὸ
1674 5256 1846 5311 προσ·-

260 5317 409 5388 ῆκον
447 5320 548 5383 τὰς
589 5325 961 5395 ποοσηγορίας
1013 5328 1402 5385 ἐναλλάσσουσι
1450 5332 1593 5388 πάνυ
1625 5335 1803 5404 σοφῶς
1825 5375 1841 5400 ,

261 5409 363 5463 διὰ
389 5410 489 5482 τὴν
515 5412 772 5485 ἀρρήτως
795 5416 963 5487 ἄμφω
986 5420 1202 5487 γένεσιν
1231 5424 1311 5486 εἰς
1336 5423 1397 5477 τὸ
1423 5421 1563 5479 εἶναι
1589 5427 1731 5480 κατὰ
1751 5428 1844 5483 τὸν

259 5500 369 5570 τῆς
429 5504 818 5576 συνυπάρξεως
861 5509 1064 5579 τρόπον
1087 5529 1102 5544 θ
1140 5512 1216 5577 ὡς
1265 5511 1405 5570 εἶναι
1448 5515 1547 5586 μὲν
1588 5517 1770 5572 τελεία
1806 5521 1840 5591 ὴ

261 5592 421 5664 ψυχὴ
468 5595 566 5650 ἀπ’
614 5598 904 5665 ἐντεῦθεν,
956 5604 1145 5674 ἀτελὲς
1184 5606 1243 5660 δὲ
1291 5609 1351 5661 τδ
1386 5608 1575 5679 σῶμα,
1616 5610 1703 5665 διὰ
1741 5612 1841 5683 τὴν

260 5684 576 5761 θρεπτικὴν
608 5689 858 5759 αὔξησιν.
918 5695 979 5747 Ἦ
1028 5697 1175 5767 ψυχὴ
1206 5699 1313 5769 γὰρ
1366 5701 1488 5754 καθ’
1518 5702 1689 5773 αὐτὴν
1726 5704 1840 5775 ἔχει

354 5876 380 5910 ⁹
402 5876 543 5932 Psal.
571 5893 807 5946 cxnvn,
828 5888 885 5942 6.

1978 3332 2092 3386 rior
2120 3331 2284 3387 debili
2321 3332 2548 3395 scientia
2579 3345 2699 3387 mea
2729 3338 2785 3384 et
2835 3330 3042 3386 viribus
3072 3332 3230 3394 meis.
3278 3332 3547 3397 quomodo

1976 3431 2032 3479 et
2067 3422 2238 3492 ipsius
2265 3422 2449 3477 carnis
2482 3421 3241 3493 hujusincomprehensibilis
3278 3431 3362 3476 est
3410 3437 3545 3476 con-

1975 3514 2324 3573 formationis
2371 3512 2717 3582 compositio,
2743 3528 2861 3581 qua:
2886 3514 3083 3575 trinam
3136 3515 3189 3571 in
3221 3528 3545 3582 unoquoque

1975 3619 2175 3674 genere
2218 3612 2274 3659 et
2326 3605 2540 3661 unicam
2596 3605 2765 3659 habet
2792 3618 3013 3665 suorum
3082 3605 3447 3660 membrorum
3481 3622 3544 3660 ac

1977 3698 2213 3764 partium
2256 3696 2619 3759 harmoniam,
2670 3707 2892 3764 septeno
2945 3706 3000 3751 et
3045 3696 3173 3751 bino
3222 3697 3543 3750 aestimatam

1973 3801 2223 3852 numero,
2255 3787 2345 3857 qui
2408 3797 2617 3857 tempus
2655 3795 2713 3842 et
2759 3796 3007 3849 naturam
3047 3786 3344 3853 secundum
3373 3788 3545 3841 arith-

1973 3878 2205 3936 meticos
2247 3879 2582 3948 signiﬁcant,
2616 3879 2688 3935 ita
2722 3889 2781 3933 ut
2834 3888 2889 3942 et
2922 3879 3022 3949 ipsi
3084 3883 3148 3934 ad
3186 3880 3408 3949 gloriam
3451 3879 3543 3933 Dei

1973 3967 2262 4024 conferant
2293 3979 2578 4037 augustam
2599 3970 2921 4026 Trinitatem
2947 3972 3168 4039 physice
3187 3974 3545 4036 osxeodentlo,

1967 4059 2118 4133 juxta
2148 4057 2395 4113 etiicaces
2425 4069 2636 4115 natura:
2669 4060 2834 4131 leges.

2042 4152 2130 4205 8t.
2182 4149 2390 4219 Reputa
2424 4151 2567 4223 leges
2605 4161 2812 4207 natura:
2856 4166 2980 4219 esse
3013 4154 3368 4223 particuPares
3429 4172 3545 4209 mo-

1973 4251 2149 4297 torum
2213 4243 2581 4298 membrorum
2637 4245 3093 4313 compositiones,
3173 4262 3307 4317 quas
3373 4250 3537 4302 etiam

1970 4349 2152 4394 sermo
2188 4343 2344 4388 vocat
2390 4334 2745 4402 diﬂ‘ereutias,
2816 4337 2942 4406 quia
2991 4347 3118 4392 sunt
3167 4339 3330 4392 variae
3361 4350 3540 4410 partes

1972 4428 2312 4495 propriorum
2367 4426 2775 4481 attributorum.
2806 4426 2904 4497 Ἶρι
2966 4444 3155 4485 rursus
3190 4429 3276 4483 lex
3328 4441 3536 4486 natura:

1976 4530 2061 4572 est
2126 4519 2392 4588 cujusque
2466 4520 2682 4588 generis
2738 4530 2834 4576 aut
2899 4522 3128 4577 membri
3180 4526 3425 4597 operatio
3484 4527 3537 4580 in

1975 4609 2236 4677 polentia.
2312 4608 2382 4664 Ut
2441 4611 2587 4665 enim
2646 4609 2786 4667 Deus
2835 4627 3028 4668 omnes
3086 4625 3401 4683 creaturas,
3456 4619 3537 4672 sic

1968 4700 2149 4753 anima
2178 4701 2426 4770 c0rporis
2464 4712 2616 4758 artus
2666 4716 2864 4770 movet,
2899 4714 2952 4759 et
2984 4705 3132 4760 ducit
3180 4723 3537 4778 unumquem-

1966 4806 2072 4860 que
2097 4792 2163 4849 ad
2197 4791 2468 4862 propriam
2500 4797 2892 4864 operationem.
2925 4796 3315 4867 inquirendum
3351 4810 3529 4856 autem

1965 4894 2049 4939 est
2073 4900 2182 4953 quo
2225 4899 2387 4940 sensu
2417 4895 2621 4954 partem
2651 4889 2973 4944 irascihilem
2994 4893 3532 4964 etconcupiscihilem

1964 4977 2071 5033 divi
2107 4976 2301 5034 Patres
2326 4979 2489 5035 modo
2521 4981 2728 5043 carnis,
2789 4983 2950 5038 modo
2999 4983 3198 5039 anima:
3253 4988 3526 5054 potentias

1966 5079 2301 5138 mmcnpent.
2334 5071 2398 5126 Et
2455 5071 2689 5128 dicimus
2723 5073 2925 5127 nullam
2975 5074 3030 5129 in
3077 5088 3387 5132 sanctorum
3417 5094 3532 5134 ser-

1961 5162 2212 5215 monibus
2244 5162 2636 5217 dissonantiam
2674 5164 2906 5220 inveniri
2955 5168 3022 5221 ab
3048 5168 3130 5221 his
3158 5171 3251 5238 qui
3281 5184 3376 5225 eos
3406 5186 3533 5238 per-

1958 5251 2182 5317 callent,
2216 5252 2308 5306 sed
2360 5253 2506 5320 ipsos
2561 5256 2814 5323 utrinque
2862 5271 3052 5310 verum
3089 5257 3293 5323 dicere,
3331 5270 3386 5315 et
3425 5277 3525 5330 pro

1938 5344 2308 5411 -congrnentia
2363 5345 2665 5401 locutiOnes
2720 5358 2932 5403 mutare
2994 5350 3154 5406 valde
3194 5353 3518 5422 ,sapienter,

1957 5435 2082 5502 quia
2145 5448 2344 5504 corpus
2399 5446 2451 5492 et
2506 5438 2683 5491 anima
2747 5439 3095 5495 ineﬂ‘abiliter
3126 5453 3250 5512 apta
3301 5453 3427 5499 sunt
3453 5450 3522 5501 ad

1958 5536 2195 5579 mutuam
2232 5526 2693 5597 coniunctionem,
2719 5529 2793 5584 ita
2838 5539 2899 5584 ut
2929 5530 3165 5599 perfecta
3215 5532 3328 5602 jam
3375 5549 3522 5590 nunc

1951 5615 2021 5671 sit
2080 5617 2284 5681 anima,
2342 5619 2718 5689 imperfectum
2775 5638 2903 5677 vero
2952 5639 3169 5692 corpus,
3199 5634 3383 5697 utpote
3422 5642 3524 5698 per

1947 5710 2306 5764 autritioncm
2338 5727 2615 5769 crescens.
2646 5712 2891 5773 Natnaae
2913 5717 3093 5769 anima
3119 5718 3520 5790 concupiscibi-
3554 5700 3560 5706 ’
