4102 6344
606 360 738 424 1Ξι63

1841 351 2224 412 (ιιιΕουιιιι
2268 349 2596 412 διΝΑιΤΑι

3716 346 3867 412 1264

587 471 709 524 lem
743 468 1038 538 appetitum
1093 476 1145 520 et
1193 465 1295 519 vim
1339 463 1666 519 irascibilcm
1699 480 1805 533 qua
1835 476 2076 520 movetur
2105 464 2164 520 ad

2267 463 2355 520 καὶ
2379 461 2608 534 δύναμιν
2638 465 2926 537 ὁρεκτικῆς
2955 465 3268 535 ἐπιθυμίας,
3305 464 3399 518 καὶ
3427 460 3674 533 θυμικὴν
3706 463 3863 529 πρὸς

589 560 978 614 ΔΙκηιὶιιιιιὶηωη
1037 573 1207 621 amor,
1265 557 1318 609 in
1352 557 1524 624 seipsa
1555 555 1714 608 habet
1764 573 1792 608 a
1840 555 2166 610 formatione

603 669 720 716 sua,
758 649 1038 704 rationalis
1068 657 1251 703 creata
1282 655 1336 701 et
1373 647 1772 716 intellectualis.
1805 647 1989 717 Neque
2020 650 2164 702 enim

601 748 891 798 concreata
941 749 1026 795 est
1055 741 1154 807 ipsi
1189 739 1516 793 irrationalis
1546 738 1621 792 ira
1653 749 1706 793 et
1759 755 1946 795 amens
1973 756 2166 794 concu-

604 831 888 902 piscentia,
922 829 1061 882 sicut
1092 843 1190 882 nec
1218 828 1270 882 in
1301 841 1527 897 corpore
1567 829 1720 899 prius
1757 847 1771 895 ;
1809 831 1903 885 sed
1959 830 2166 900 plasma

606 920 1013 989 incorruptibile
1069 931 1187 979 erat
1227 919 1426 989 absque
1478 920 1796 976 humoribus
1855 937 1923 976 ex
1969 923 2166 992 quibus

601 1013 1038 1083 concupiscentia
1074 1021 1131 1065 et
1166 1011 1243 1064 ira
1283 1011 1528 1066 bestialis
1585 1022 1783 1067 secutae
1839 1023 1987 1068 sunt.
2065 1013 2164 1068 Ubi

601 1105 745 1158 enim
792 1119 885 1174 per
920 1104 1341 1158 inobedientiam
1405 1104 1563 1157 homo
1635 1105 1920 1159 brutorum
1971 1102 2162 1160 corru~

603 1195 774 1263 ptioni
807 1207 862 1249 et
891 1196 1235 1249 crassitudini
1269 1196 1540 1262 subjectus
1563 1205 1664 1261 est,
1686 1199 1992 1252 necessario
2014 1201 2090 1251 ira
2115 1210 2168 1252 ct

601 1288 1044 1356 concupiscentia
1099 1289 1150 1340 in
1183 1303 1245 1340 eo
1271 1288 1755 1350 degeneraverunt.
1793 1289 1917 1342 Ideo
1947 1290 2168 1345 mortale

602 1393 796 1446 corpus
826 1379 1018 1432 animae
1049 1378 1310 1431 voluntati
1363 1393 1462 1446 per
1493 1381 1627 1432 iram
1675 1389 1728 1432 et
1776 1381 2167 1449 concupiscen-

608 1469 739 1522 tiam
790 1469 1011 1532 resistit,
1040 1485 1163 1523 cum
1185 1469 1548 1536 dominatur)»
1584 1483 1707 1523 cum
1755 1481 1933 1525 autem
1967 1473 2164 1527 rationi

604 1560 866 1630 subjacet,
892 1561 1127 1614 animam
1150 1561 1202 1615 in
1223 1561 1380 1618 bonis
1399 1564 1650 1632 operibus
1668 1564 2166 1632 sequitur.Quaudo

605 1653 754 1706 cnim
795 1653 1080 1707 commista
1137 1663 1191 1708 et
1225 1655 1450 1709 confusa
1485 1667 1610 1711 sunt
1639 1660 1930 1713 adventitia
1985 1661 2165 1713 carnis

603 1761 726 1798 cum
753 1746 944 1800 anima:
964 1747 1403 1816 proprietatibus,
1433 1758 1556 1804 tunc
1581 1751 1776 1804 similis
1801 1761 1880 1804 est
1903 1751 2166 1818 jumentis

2259 568 2508 640 ἀνδρείαν
2558 568 2758 636 ἔρωτος
2815 567 3122 635 κινητικὴν.
3180 563 3286 616 ἀπὸ
3345 565 3446 633 τῆς
3488 564 3861 624 διαπλάσεως

2257 657 2446 726 αὐτῆς,
2471 655 2690 725 λογικῆς
2721 653 3032 722 κτισθείσης
3065 653 3156 704 καὶ
3201 651 3526 722 νοερᾶς.,οὖ
3572 651 3694 721 γὰρ
3731 667 3863 702 συν-

2257 739 2483 816 εκτίσθη
2529 746 2664 816 αὐτῇ
2702 743 2871 814 θυμὸς
2921 744 3144 809 ἄλογος,
3204 745 3298 795 καὶ
3331 742 3494 804 ἄνους
3527 741 3828 811 ἐπιθυμία
3850 758 3862 769 ·

2256 837 2444 908 ὥσπερ
2479 837 2598 890 οὐδὲ
2640 838 2696 890 ἐν
2740 838 2807 906 τῇ
2850 836 3014 904 σαρκὶ
3056 836 3319 905 πρότερον
3345 854 3356 864 ·
3390 835 3530 888 ἀλλά
3569 836 3864 899 πλασθέν,

2258 925 2530 998 ἄφθαρτον
2556 920 2624 996 ἦν
2654 927 2824 994 χωρὶς
2855 923 3067 993 χυμῶν,
3108 922 3166 987 ἐξ
3192 917 3266 976 ὧν
3363 924 3637 993 ἐπιθυμία
3703 925 3814 978 καὶ
3838 928 3868 976 6

2259 1013 2424 1084 θυμὸς
2468 1014 2496 1065 6
2551 1011 2820 1081 θηριώδης
2873 1011 3302 1082 ἐπηκολούθησε.
3373 1012 3529 1066 Μετά
3585 1013 3707 1082 γὰρ
3761 1013 3867 1084 τὴν

2257 1103 2542 1177 παρακοὴν
2591 1103 2922 1156 ὑποπεσόντι
2958 1104 3023 1172 τῇ
3077 1103 3255 1174 φθορᾷ
3299 1105 3394 1156 καὶ
3436 1107 3500 1174 τῇ
3559 1104 3861 1177 παχύτητι

2255 1193 2366 1247 τῶν
2417 1193 2662 1260 ἀλόγων,
2715 1191 2774 1257 ἐξ
2807 1193 3054 1263 ἀνάγκης
3089 1195 3184 1246 καὶ
3226 1196 3256 1246 6
3290 1193 3457 1263 θυμὸς
3497 1196 3596 1248 καὶ
3637 1199 3678 1264 ἡ
3736 1199 3863 1249 ἐπι-

2259 1284 2427 1356 θυμία
2474 1285 2530 1336 ἐν
2583 1285 2731 1353 αὐτῷ
2758 1283 3006 1352 ἐνέκυψε.
3048 1285 3147 1339 Διά
3189 1283 3348 1338 τοῦτο
3391 1285 3500 1354 γὰρ
3537 1286 3639 1338 καὶ
3695 1288 3861 1340 ἐναν-

2257 1377 2467 1430 τιοῦται
2498 1377 2576 1446 τῷ
2605 1375 2905 1446 βουλήματι
2933 1377 3034 1446 τῆς
3070 1375 3247 1446 ψυχῆς
3273 1377 3412 1430 κατά
3447 1393 3508 1429 τε
3545 1378 3642 1430 τὸν
3680 1378 3862 1448 θυμὶν

2258 1468 2353 1522 καὶ
2382 1468 2480 1538 τὴν
2508 1467 2828 1538 ἐπιθυμίαν,
2860 1467 2948 1520 ὅτε
2981 1467 3246 1538 κυριεύει.
3288 1467 3458 1520 Ἐπὰν
3495 1468 3555 1520 δὲ
3590 1470 3857 1539 ὑποταγῇ

2258 1559 2320 1613 τὸ
2357 1558 2550 1628 θνητὸν
2585 1557 2663 1628 τῷ
2700 1557 2923 1628 λογικῷ,
2963 1558 3156 1611 ἕπεται
3185 1557 3320 1627 πρὸς
3345 1557 3446 1628 τὴν
3477 1558 3591 1610 τῶν
3621 1561 3861 1626 ἀγαθῶν

2261 1652 2545 1721 ἐνέργειαν
2576 1654 2641 1720 τῇ
2665 1649 2829 1719 ψυχῇ.
2866 1650 2997 1702 Ὅτε
3030 1649 3139 1718 γὰρ
3170 1650 3554 1718 συνεφύρησαν
3587 1653 3692 1703 καὶ
3724 1653 3857 1704 ἀνα-

2263 1741 2360 1811 μὶξ
2408 1742 2657 1810 ἐγένοντο
2708 1743 2776 1794 τὰ
2822 1741 2920 1805 τῆς
2957 1739 3160 1810 σαρκὸς
3203 1739 3504 1791 ἐπείσακτα
3554 1741 3706 1809 μετὰ
3757 1744 3856 1810 τῆς

606 1838 788 1903 Ιιυιιιο,
819 1836 921 1906 legi
951 1838 1156 1908 peccati
1196 1853 1228 1892 n
1251 1843 1523 1894 ecessario
1550 1852 1604 1895 et
1635 1850 1823 1895 natura
1863 1844 2164 1914 subjacens,

2267 1834 2434 1903 ψυχῆς
2465 1833 2732 1904 ἰδιώματα
2755 1873 2769 1896 ,
2807 1833 2925 1884 τότε
2965 1831 3222 1902 ὡμοιώθη
3269 1833 3380 1903 τοῖς
3410 1832 3678 1901 κτήνεσιν
3722 1834 3855 1884 ὑπερ

604 1939 764 1992 atque
795 1933 986 1984 brutus
1013 1945 1075 1983 ex
1109 1931 1356 1985 rationali
1383 1940 1434 1986 et
1456 1945 1616 2000 pecus
1635 1949 1700 1988 ex
1729 1934 1945 1990 homine
1963 1935 2161 1990 factus.

675 2188 764 2244 82.
791 2189 927 2246 Tum
957 2207 1078 2247 cum
1101 2189 1282 2248 anima
1309 2194 1406 2266 per
1428 2197 1662 2253 amatum
1692 2202 1970 2258 rationalis
1986 2214 2036 2258 et
2071 2221 2164 2274 per

608 2283 938 2349 spiraculum
993 2286 1114 2340 vita:
1162 2287 1551 2345 intellectualis
1580 2302 1762 2346 creata
1799 2303 1904 2360 est,
1943 2297 2078 2350 iram
2110 2310 2163 2351 et

599 2375 1093 2444 concupiscentiam
1123 2379 1402 2452 bestialem
1433 2395 1538 2436 nou
1569 2387 1879 2440 concreavit
1911 2387 1958 2441 ei
1995 2389 2156 2452 Deus,

600 2467 693 2520 sed
729 2469 830 2520 vim
864 2469 1112 2538 cupiendi
1147 2473 1497 2540 appetitivam
1530 2483 1585 2529 et
1637 2490 1759 2530 cum
1791 2491 1856 2531 ea
1888 2476 2167 2533 fortitudi-

602 2572 724 2611 ncm
758 2561 1040 2614 suavitatis
1065 2564 1403 2618 amatricem.
1439 2564 1515 2618 lta
1545 2580 1647 2621 nec
1677 2569 1888 2638 corpori
1935 2569 2166 2626 formato

608 2646 742 2698 iram
778 2658 832 2701 et
856 2652 1346 2717 concupiscentiam
1374 2655 1740 2710 i'rrationalem
1777 2659 1845 2713 ab
1897 2659 2050 2714 initio
2079 2662 2164 2716 iu-

607 2736 778 2800 didit;
808 2740 899 2791 sed
946 2741 1214 2807 posterius
1248 2757 1343 2811 per
1381 2743 1804 2802 inobedtentiam
1853 2747 2056 2804 factum
2083 2763 2166 2807 est

607 2828 850 2907 mortale,
900 2831 1254 2899 cot'rupt'tbile
1290 2849 1351 2886 ac
1385 2835 1634 2902 bestiale,
1661 2837 1715 2891 in
1755 2840 1842 2893 illa
1900 2851 2164 2897 mutatum

604 2918 804 2984 quibus
823 2919 1174 2974 assimilatum
1195 2930 1295 2976 est.
1322 2921 1454 2977 Nam
1473 2941 1694 2994 corpus,
1731 2931 1883 2984 aiunt
1907 2934 2164 3004 theologi,

602 3008 739 3062 licet
821 3012 1186 3081 corruptionis
1239 3030 1426 3084 capax,
1486 3017 1898 3090 incorruptibile
1928 3036 2164 3079 creatum

601 3105 708 3165 est,
742 3098 882 3154 sicut
908 3113 960 3156 et
990 3105 1168 3157 anima
1201 3105 1568 3175 impassibilis.
1606 3113 1710 3167 Sed
1739 3129 1862 3168 cum
1895 3116 1993 3170 sibi
2026 3118 2166 3172 invi-

603 3204 720 3243 cem
751 3193 1139 3248 coordineutur
1187 3206 1241 3249 et
1301 3203 1706 3257 communicent
1763 3209 2164 3262 naturalissima

604 3282 722 3350 lege
746 3283 924 3336 anima
951 3294 1008 3340 et
1065 3301 1276 3356 corpus,
1328 3294 1490 3346 ambo
1537 3305 1788 3365 corrupta
1847 3305 1902 3351 et
1941 3298 2166 3354 confusa

603 3383 750 3437 sunt,
796 3376 908 3429 lucc
937 3378 1278 3443 passionibus
1324 3396 1418 3437 seu
1462 3386 1639 3452 potius
1686 3389 2020 3445 daemonibus
2060 3403 2170 3445 tra-

602 3466 736 3532 dita,
763 3465 892 3520 illud
919 3469 1334 3527 irrationalibus
1363 3473 1624 3541 iumentis
1649 3479 2009 3534 assimilatum
2033 3481 2082 3536 vi
2113 3492 2167 3538 et

605 3560 804 3612 robore
839 3567 1012 3614 status
1051 3563 1136 3615 sui
1172 3565 1434 3618 mortalis.
1470 3564 1533 3620 Et
1573 3568 1853 3623 amborum
1887 3571 2027 3627 vires
2059 3588 2165 3628 una

602 3649 929 3719 conjuncta).
966 3654 1417 3709 uumnbestiam
1479 3657 1556 3712 ira
1614 3671 1670 3713 et
1724 3665 2164 3733 concupiscentia

601 3739 968 3794 irrationalem
1037 3751 1092 3794 et
1141 3754 1404 3800 amentem
1457 3748 1767 3815 eﬂecerunt,
1810 3761 1863 3808 et
1889 3755 1969 3808 sic
2021 3765 2167 3814 totus

603 3836 765 3884 homo
805 3841 1148 3900 comparatus
1197 3843 1282 3888 est
1335 3836 1634 3908 iumentis,
1671 3851 1728 3896 ut
1757 3842 1834 3898 ait
1861 3842 2164 3915 Scriptura,

597 3934 651 3978 et
683 3925 876 3980 similis
905 3924 1077 3981 factus
1107 3936 1188 3982 est
1215 3926 1346 3983 illis.

2261 1922 2439 1993 κύψας
2473 1922 2551 1993 τῷ
2584 1924 2738 1994 νόμῳ
2777 1923 2878 1993 τῆς
2909 1922 3182 1994 ἁμαρτίας
3214 1922 3302 1974 διὰ
3332 1923 3430 1991 τὴν
3464 1923 3729 1991 ἀνάγκην
3757 1924 3853 1990 τῆς

2263 2014 2495 2084 φύσεως,
2527 2014 2720 2086 κτῆνος
2755 2016 2819 2067 ἐκ
2852 2013 3094 2083 λογικοῦ,
3123 2014 3216 2067 καὶ
3243 2013 3518 2085 θηρίονέξ
3549 2013 3852 2084 ἀνθρώπου

2261 2108 2570 2175 γενόμενος.

2334 2197 2442 2268 πβ’,
2504 2199 2771 2270 Καθάπερ
2827 2201 2901 2270 τῇ
2952 2198 3099 2270 ψυχῇ
3156 2199 3242 2252 διὰ
3291 2197 3385 2250 τοῦ
3442 2197 3848 2268 ἐμφυσήματος

2263 2292 2734 2363 δημιουργηθείσῃ
2770 2293 2987 2362 λογικῇ,
3023 2292 3118 2344 καὶ
3147 2291 3310 2360 νοερᾷ
3350 2290 3436 2342 δια
3463 2291 3561 2358 τῆς
3608 2290 3848 2358 ζωτικῆς

2264 2383 2646 2451 ἐμπνεύσεως,
2686 2383 2859 2452 θυμὸν
2890 2383 2985 2438 καὶ
3011 2381 3309 2452 ἐπιθυμίαν
3351 2381 3598 2452 κτηνώδη
3628 2383 3692 2434 οὐ
3727 2399 3847 2434 συν-

2265 2476 2477 2528 έκτισεν
2521 2477 2658 2545 αὐτῇ
2691 2478 2719 2528 6
2749 2475 2902 2539 Θεὸς,
2931 2476 3046 2528 ἀλλ’
3089 2474 3330 2544 ἐφέσεως
3356 2473 3591 2544 δύναμιν
3627 2474 3850 2544 ὀρεκτιο

2265 2567 2389 2638 κὴν,
2435 2570 2531 2620 καὶ
2578 2566 2715 2637 πρὸς
2762 2567 2899 2636 αὐτῇ
2955 2565 3186 2630 θέλξεως
3230 2566 3484 2635 ἀνδρείαν
3535 2568 3847 2636 ἐρωτικήν·

2265 2653 2438 2719 οὕτως
2465 2656 2584 2710 οὐδὲ
2620 2655 2699 2727 τῷ
2743 2655 2978 2727 σώματι,
3020 2656 3498 2727 πλαστουργήσας,
3533 2655 3714 2724 θυμὸν
3760 2658 3849 2709 καὶ

2267 2747 2562 2819 ἐπιθυμίαν
2592 2749 2787 2815 ἄλογον
2816 2749 2966 2820 παρά
3005 2749 3105 2814 τὰς
3133 2749 3311 2820 ἀρχὰς
3333 2750 3614 2816 ἐνέθηκεν.
3645 2751 3845 2803 ’Ὑστε-

2271 2857 2362 2911 ρον
2416 2841 2525 2912 γὰρ
2577 2841 2752 2894 ταῦτα
2808 2842 2898 2895 διὰ
2941 2843 3040 2912 τῆς
3089 2842 3378 2912 παρακοῆς
3423 2841 3739 2912 προσέλαϐε
3789 2843 3848 2896 τδ

2272 2931 2504 3001 θνητὸν,
2556 2932 2649 2985 καὶ
2705 2932 2968 3004 φθαρτὸν,
3016 2932 3112 2986 καὶ
3165 2931 3472 3000 κτηνῶδες,
3523 2933 3581 2986 ἐν
3632 2927 3714 2994 οἷς
3759 2934 3845 2986 καὶ

2269 3022 2527 3092 ὡμοιώθη
2560 3023 2870 3093 γενόμενον.
2914 3024 2986 3076 Τὸ
3023 3024 3130 3095 γὰρ
3157 3025 3337 3095 σῶμα,
3388 3025 3553 3093 φασιν
3590 3026 3638 3076 oi
3668 3023 3844 3076 θεολό-

2271 3135 2394 3186 γοι,
2439 3119 2712 3188 ἄφθαρτον
2757 3120 3018 3190 ἐκτίσθη,
3058 3113 3168 3174 οἷον
3195 3121 3288 3173 καὶ
3319 3119 3704 3188 ἀναστήσεται,
3745 3121 3844 3169 κᾶν

2272 3208 2516 3262 δεκτικὸν
2547 3210 2656 3282 [Ῐσ.
2686 3211 2811 3264 add.
2845 3209 3099 3281 φθορᾶς],
3131 3211 3322 3280 ὥσπερ
3351 3211 3444 3264 καὶ
3473 3209 3675 3279 ἡψυχὴ
3707 3211 3844 3262 ἀπα-

2277 3297 2396 3369 θής.
2459 3300 2808 3371 Ἐφθάρησαν
2869 3301 2914 3353 δ’
2957 3301 3244 3371 ἀμφότερα
3286 3302 3382 3354 καὶ
3435 3300 3845 3370 συνεκράθησαν

2275 3391 2363 3444 διὰ
2390 3391 2479 3444 τὸν
2509 3391 2888 3458 φυσικώτατον
2915 3391 3119 3460 θεσμὸν
3145 3393 3244 3461 τῆς
3273 3393 3353 3454 είς
3383 3389 3586 3461 ἀλληλα
3615 3407 3846 3460 περιχωο

2280 3483 2494 3554 ρήσεώς
2517 3503 2575 3537 τε
2605 3485 2697 3538 καὶ
2727 3483 3082 3554 μεταδόσεως,
3112 3483 3145 3552 ἦ
3176 3500 3236 3535 τε
3260 3482 3409 3553 ψυχὴ
3440 3481 3618 3535 καὶτὸ
3651 3480 3809 3550 σῶμα
3831 3496 3846 3511 ο

2283 3574 2318 3645 η
2369 3574 2469 3642 μὲν
2513 3577 2623 3638 τοῖς
2657 3574 2887 3639 πάθεσι,
2933 3574 3131 3643 μᾶλλον
3171 3572 3228 3626 δὲ
3263 3573 3480 3642 δαίμοσι
3515 3572 3847 3625 ποιωθεῖσαο

2283 3666 2344 3718 τὸ
2376 3665 2432 3718 δὲ
2487 3669 2597 3728 τοῖς
2635 3667 2852 3733 ἀλόγοις
2891 3667 3142 3734 κτήνεσιν
3181 3663 3614 3733 ἐξομοιούμενον,
3655 3666 3722 3733 τῇ
3755 3661 3848 3730 τῆς

2282 3757 2667 3818 καταστάσεως
2708 3757 2978 3827 ἐνεργείᾳ,
3017 3757 3110 3808 καὶ
3139 3757 3206 3825 τῇ
3243 3753 3568 3824 ἐπικρατείᾳ
3600 3754 3697 3822 τῆς
3732 3754 3847 3821 φθο-

2284 3848 2404 3917 ρᾶς.
2457 3846 2567 3902 Καὶ
2598 3848 2678 3910 εἰς
2722 3846 2779 3900 ἓν
2816 3846 2924 3900 τῶν
2964 3845 3294 3916 ἀμφοτέρων
3325 3844 3382 3897 αί
3413 3844 3675 3911 δυνάμεις
3702 3842 3848 3909 γενὸς

2287 3956 2463 4008 μεναι,
2503 3937 2562 3990 ἐν
2599 3938 2795 4006 κτῆνος
2827 3936 3018 4004 ἀλογον
3049 3936 3144 3988 καὶ
3178 3935 3340 3989 ἀνουν
3371 3934 3449 4004 τῷ
3477 3932 3638 4004 θυμῷ
3665 3934 3758 3986 καὶ
3789 3937 3847 4003 τῇ

594 4029 861 4102 ἐπιθυμίᾳ
901 4027 1194 4097 γενόμενον
1247 4019 1626 4074 ἀπετέλεσανο
1687 4021 1783 4072 καὶ
1829 4017 1974 4072 οὕτω
2014 4034 2032 4068 ι
2072 4019 2532 4090 παρασυνεδλήθη
2588 4024 2706 4084 τοῖς
2758 4023 2999 4092 κτήνεσι,
3062 4026 3206 4079 κατά
3277 4029 3378 4098 τὴν
3423 4028 3674 4099 Γραφὴν,
3747 4032 3838 4080 καὶ

594 4123 856 4197 ὡμοιώθη
876 4121 1083 4183 αὐτοῖς,
1116 4135 1133 4202 ξ
1164 4115 1310 4169 κατὰ
1331 4113 1510 4167 πάντα
1531 4112 1754 4182 τρόπον.

667 4219 756 4272 85.
793 4215 862 4271 Ut
907 4218 1119 4270 initium
1174 4226 1229 4270 et
1277 4221 1428 4288 origo
1467 4223 1722 4275 virtutum
1756 4233 1839 4276 est
1877 4222 2021 4276 bona
2065 4241 2161 4280 vo-

599 4307 799 4372 luntas,
825 4307 1032 4362 scilicet
1079 4308 1296 4361 virtutis
1331 4310 1682 4374 desiderium,
1710 4312 1788 4365 sic
1823 4312 1959 4365 Deus
1991 4327 2150 4366 causa

601 4409 684 4452 est
720 4409 772 4453 ct
806 4400 926 4452 l'ons
950 4401 1124 4453 omnis
1159 4401 1310 4453 boni.
1363 4399 1592 4456 Virtutis
1620 4403 1795 4455 adhuc
1827 4403 2034 4455 initium
2079 4415 2162 4474 est

603 4493 759 4553 iides,
825 4487 908 4541 vel
971 4490 1150 4556 pouus
1215 4489 1480 4554 Christus,
1549 4491 1638 4560 qui
1693 4503 1776 4546 εει
1825 4502 1974 4560 petra
2012 4491 2158 4559 ﬁdei,

503 4565 516 4577 ’
600 4592 657 4634 et
687 4579 1010 4648 principium
1067 4577 1580 4649 fundamentumque
1615 4582 1769 4635 nobis
1804 4593 1886 4636 est
1915 4585 2156 4637 omnium

600 4676 883 4735 virtutum,
942 4671 996 4723 in
1049 4684 1157 4739 quo
1204 4669 1494 4724 fundamus
1541 4679 1594 4725 ct
1643 4672 1968 4728 aediﬁcamus
1997 4689 2156 4727 omne
2191 4693 2232 4746 υ

599 4763 819 4816 bonum.
865 4762 963 4816 Hic
1001 4774 1083 4816 est
1111 4761 1250 4829 lapis
1296 4763 1573 4830 angularis
1624 4778 1720 4817 nos
1766 4764 1983 4818 sibimet
2029 4780 2160 4820 con-

590 4854 843 4922 jungens,
875 4863 924 4908 et
962 4854 1194 4922 pretiosa
1243 4854 1556 4921 margarita,
1603 4870 1770 4920 quam.
1799 4871 2048 4926 quaerens
2077 4859 2159 4912 in-

599 4959 815 5012 gressus
842 4945 1156 4996 altissimam
1204 4944 1570 5012 quietudiuem
1610 4949 1904 5003 monachus
1925 4987 1940 5012 ,
1971 4966 2160 5003 omnes

599 5050 728 5089 suas
763 5037 1061 5089 voluntates
1088 5037 1266 5090 vendit
1306 5051 1368 5090 ac
1409 5039 1674 5090 mandatis
1699 5039 1901 5106 subdit,
1946 5050 2006 5094 ut
2037 5041 2160 5095 inde

599 5127 741 5180 illam
773 5131 1034 5196 acquirat.

671 5307 756 5358 Si.
807 5305 1016 5358 Tcticltl
1077 5306 1483 5360 similitudinem
1538 5306 1675 5360 inter
1715 5320 1774 5360 se
1803 5305 2054 5372 virtutes,
2107 5321 2162 5364 ct

598 5419 785 5457 omnes
860 5403 910 5454 itt
979 5416 1143 5452 unum
1202 5403 1556 5465 conveniunt,
1634 5411 1687 5457 et
1747 5417 1916 5473 genus
1995 5420 2156 5458 unum

610 5511 876 5564 unamque
905 5493 1194 5548 coniiciunt
1228 5495 1484 5562 speciem.
1513 5493 1649 5550 Sunt
1681 5478 1824 5549 enim
1851 5496 2078 5552 virtutes
2109 5506 2163 5551 et

599 5571 842 5649 virtutes,
887 5597 939 5660 et
985 5585 1109 5639 alite
1152 5584 1274 5638 aliis
1328 5585 1576 5653 majores,
1613 5598 1797 5656 utpote
1827 5587 2030 5643 multas
2074 5590 2158 5645 vel

597 5681 762 5733 ctiam
797 5688 1016 5733 cunctas
1042 5677 1560 5747 comprehcndcntes
1605 5694 1666 5732 ac
1691 5681 2110 5748 complectentes
2145 5700 2158 5736 :

597 5773 738 5827 sicut
765 5786 918 5824 amor
951 5769 1064 5835 Dei,
1099 5769 1394 5836 humilitas,
1429 5781 1483 5824 ct
1513 5772 1694 5825 divina
1725 5773 2010 5840 patientia.
2073 5774 2160 5828 Di-

600 5862 676 5916 cit
711 5861 853 5916 eaim
885 5860 950 5915 de
980 5860 1081 5915 hac
1133 5860 1395 5915 Dominus
1433 5875 1450 5918 z
1505 5879 1523 5912 ι
1559 5861 1615 5914 ln
1675 5863 1934 5931 patientia
1980 5874 2158 5920 vestra

599 5947 949 6019 possidebitis
1023 5948 1230 6005 animas
1283 5957 1494 6006 vestras
1559 5947 1718 6020 (an.
1777 5963 1894 6016 xxi,
1929 5950 2162 6020 l9):at

2341 4214 2450 4284 πγ¹.
2519 4216 2685 4285 Ἀρχὴ
2739 4215 2846 4268 τῶν
2893 4215 3104 4285 ἀρετῶν
3161 4215 3252 4267 καὶ
3315 4219 3550 4282 γένεσις,
3594 4215 3626 4283 ὴ
3667 4214 3839 4283 ἀγαθὴ

2273 4307 2563 4376 πρόθεσις,
2609 4308 2707 4358 εἴτ’
2750 4303 2844 4359 οὖν
2894 4308 2926 4376 ὴ
2979 4306 3165 4374 ἔφεσις
3213 4303 3304 4357 τοῦ
3341 4304 3547 4357 καλοῦο
3591 4304 3778 4373 ὥσπερ
3814 4307 3841 4355 6

2271 4397 2400 4454 Θεὸς
2455 4398 2603 4450 αἰτία
2661 4399 2756 4449 καὶ
2805 4397 2954 4464 πηγὴ
3014 4395 3215 4458 παντὸς
3262 4393 3491 4462 ἀγαθοῦ.
3538 4392 3722 4446 Καλοῦ
3789 4394 3840 4446 δὲ

2273 4490 2414 4559 ἀρχὴ
2468 4491 2502 4558 ἡ
2552 4488 2752 4550 πίστις,
2802 4488 3082 4556 μᾶλλονδὲ
3111 4490 3138 4540 6
3169 4487 3424 4556 Χριστὸς,
3462 4487 3494 4556 ἡ
3539 4486 3716 4557 πέτρα
3752 4488 3844 4555 τῆς

2274 4582 2537 4644 πίστεως,
2569 4563 2630 4633 δν
2669 4579 2744 4642 ώς
2787 4579 2960 4650 ἀρχὴν
2990 4581 3083 4632 καὶ
3127 4579 3374 4650 θεμέλιον
3405 4578 3602 4647 ἔχομεν
3631 4579 3844 4632 πάντων

2273 4671 2380 4725 τῶν
2415 4672 2647 4743 ἀρετῶν,
2673 4673 2729 4724 ἐν
2818 4672 3152 4741 βεϐήκαμεν,
3187 4670 3282 4724 καὶ
3306 4672 3362 4722 ἐν
3385 4662 3429 4736 ᾧ
3455 4668 3844 4738 οἰκοδομοῦμεν

2274 4765 2382 4817 πᾶν
2404 4764 2626 4832 ἀγαθόν.
2652 4758 2818 4828 Οὗτος
2841 4765 2868 4816 6
2900 4763 3044 4825 λίθος
3069 4765 3098 4814 6
3121 4763 3533 4832 ἀκρογωνιαῖος,
3563 4762 3590 4812 ὀ
3617 4760 3844 4813 συνδέων

2230 4844 2419 4927 ’ἡμᾶς
2468 4855 2682 4925 ἐαυτῷ,
2740 4856 2834 4907 καὶ
2897 4855 2926 4907 6
2989 4853 3288 4922 πολύτιμος
3346 4851 3730 4922 μαργαρίτηςο
3789 4849 3842 4900 ὃν

2273 4947 2451 5018 ζητῶν
2482 4948 2511 5000 6
2549 4949 2628 5010 είς
2661 4946 2754 5001 τὸν
2787 4945 2950 5015 βυθὸν
2987 4945 3088 5015 τῆς
3119 4944 3348 5014 ἡσυχίας
3387 4943 3645 4996 είσδύνων
3679 4958 3841 5011 μονα·

2273 5035 2390 5104 χδς,
2429 5035 2605 5088 πάντα
2637 5033 2706 5087 τὰ
2735 5033 3051 5103 ὑπάρχοντα
3087 5030 3238 5099 αὐτῷ
3289 5030 3590 5100 θελήματα,
3637 5029 3842 5098 πιπρά-

2276 5143 2394 5180 σκει
2424 5126 2511 5178 διὰ
2540 5125 2639 5194 τῆς
2669 5125 2917 5194 ὑπακοῆς
2944 5124 3051 5176 τῶν
3078 5121 3327 5185 ἐντολῶν,
3365 5121 3450 5174 ῐνα
3478 5119 3572 5173 ἀπ’
3601 5119 3843 5173 ἐντεῦθεν

2277 5219 2437 5272 αὑτὸν
2469 5219 2758 5286 κτήσηται.

2348 5309 2452 5362 τπδ’.
2501 5308 2742 5376 Ἰσότητα
2772 5304 2876 5374 πρὸ
2889 5325 2903 5368 ς
2941 5305 3175 5375 ἀλλήλας
3207 5304 3262 5357 αἱ
3305 5305 3497 5372 ἀρεταὶ
3530 5305 3839 5373 κέκτηνται,

2278 5403 2371 5455 καὶ
2422 5401 2590 5453 πᾶσαι
2638 5401 2718 5461 εἰς
2767 5397 2823 5450 ἓν
2875 5398 3219 5466 συνάγονται,
3279 5397 3371 5448 καὶ
3416 5395 3514 5448 ἕνα
3557 5396 3704 5464 ὅρον,
3753 5399 3843 5446 καὶ

2277 5492 2416 5557 εἶδος
2448 5495 2650 5563 ἀρετῆς
2698 5490 3129 5562 συμπληροῦσιν.
3171 5492 3290 5544 Εἰσὶ
3333 5491 3441 5560 γὰρ
3488 5492 3700 5560 ἀρεταὶ,
3742 5490 3832 5542 καὶ

2277 5587 2412 5640 είσὶν
2457 5584 2666 5655 ἀρετῶν
2709 5583 2902 5652 ἀρεταὶ
2939 5582 3190 5652 μείζους,
3237 5583 3312 5645 ώς
3366 5583 3712 5653 περιεκτικαὶ
3742 5585 3834 5634 και

2279 5675 2588 5731 συνεκτικαὶ
2620 5673 2727 5726 τῶν
2768 5673 3049 5738 πλειόνων,
3079 5674 3110 5744 ἢ
3144 5675 3234 5727 καὶ
3277 5674 3513 5726 πάντων·
3547 5673 3624 5735 ὡς
3651 5674 3683 5742 ἡ
3719 5673 3834 5725 θεία

2277 5769 2482 5837 ἀγάπη,
2511 5765 2604 5818 καὶ
2633 5767 2664 5834 ἡ
2695 5763 3037 5820 ταπείνωσις.
3071 5765 3165 5817 καὶ
3199 5767 3230 5834 ὴ
3259 5763 3375 5815 θεία
3407 5762 3676 5831 ὑπομονή.
3700 5765 3834 5831 Φησὶ

2260 5865 2367 5935 γὰρ
2404 5862 2432 5916 ὁ
2464 5859 2666 5930 Κύριος
2713 5857 2840 5926 περὶ
2866 5854 3058 5921 αὐτῆς·
3097 5875 3116 5906 ι
3177 5857 3262 5910 Ἐν
3293 5857 3355 5925 τῇ
3388 5853 3632 5925 ὑπομονῇ
3669 5856 3826 5925 ὑμῶν

2263 5951 2536 6024 κτήσαςθε
2585 5953 2681 6012 τὰς
2727 5948 2902 6020 ψυχὰς
2931 5947 3120 6011 ὑμῶν’
3178 5968 3195 6000 ι
3231 5947 3318 6002 καὶ
3361 5946 3458 5998 οὐκ
3503 5943 3688 6001 εἶπεν*
3733 5947 3822 6000 Ἐν
