4102 6344
1510 249 1558 264 ἢ..
1611 261 1632 266 ,,
1673 261 1679 267 ,
1723 261 1742 267 Δ-
1757 253 1780 261 ο

303 408 440 474 1265

1324 404 1594 464 CAPITA
1645 399 1794 461 PER
1836 385 2495 457 ACROSTICHIDEM.
3258 369 3260 371 ’
3386 380 3535 446 ιρδθ

271 523 339 588 τῇ
364 513 584 586 νηστείᾳ
609 510 784 582 ὑμῶν,
817 512 873 580 ἢ,
900 507 977 578 Τῇ
1011 503 1289 575 ἀγρυπνίᾳ
1317 502 1492 572 ὑμῶν.
1536 499 1847 570 ’Υπομονῆς

1986 516 2063 553 non
2126 499 2261 552 dixit
2304 495 2405 552 :ln
2465 491 2670 564 jejunio
2721 500 2926 560 vestro,
2953 501 3044 546 aut
3099 493 3152 545 in
3188 493 3386 562 vigiliis
3440 512 3531 551 ve-

271 611 330 663 δὲ
361 609 505 676 λέγω
524 646 540 670 ,
575 603 673 674 τῆς
719 602 861 654 κατά
901 598 1032 651 Θεὸν
1063 594 1360 664 γινομένης
1379 631 1396 657 ,
1426 592 1526 662 τῆς
1579 589 1850 660 βασιλίδος

271 702 384 754 τῶν
431 695 673 769 ἀρετῶν,
719 692 814 746 τοῦ
867 687 1120 761 θεμελίου
1163 684 1272 740 τῶν
1320 680 1850 753 ἀνδραγαθημάτων.

270 789 424 858 Αὕτη
469 787 578 856 γάρ
609 788 777 849 ἐστιν,
811 780 973 849 αὕτη,
1005 780 1038 846 ἡ
1082 779 1140 830 ὲν
1171 773 1430 844 πολέμοις
1468 771 1683 842 εἰρήνη,
1721 771 1755 839 ἡ
1795 769 1856 823 ὲν

271 879 419 951 ζάλῃ
453 878 685 947 γαλήνη,
720 875 754 943 ἡ
790 874 848 926 ἐν
895 872 1007 934 τοῖς
1042 866 1448 937 κατορθωκόσιν
1503 865 1677 935 αὐτὴν
1720 864 1856 916 ἀπε-

277 971 568 1041 ρίτρεπτος
623 967 871 1036 ἵδρυσις·
921 962 990 1032 ἢν
1037 960 1139 1029 οὐχ
1190 957 1331 1011 ὅπλα
1377 957 1471 1009 καὶ
1515 955 1751 1026 δόρατα,
1792 954 1855 1007 ού

274 1058 618 1132 στρατόπεδα
671 1055 982 1126 ἀφιέμενα,
1036 1051 1136 1121 οὐχ
1177 1047 1318 1119 αὕτη
1365 1049 1400 1117 ή
1443 1045 1552 1100 τῶν
1587 1045 1859 1116 δαιμόνων

271 1151 624 1222 παράταξις,
674 1148 772 1218 οὐχ
827 1147 862 1217 ἡ
913 1143 1123 1212 ζοφερὰ
1177 1140 1285 1194 τῶν
1338 1139 1595 1193 ἐναντίων
1646 1135 1860 1207 φάλαγξ

276 1243 484 1313 βλάψαι
519 1241 840 1310 δυνήσονται
875 1236 967 1290 τὸν
1005 1233 1211 1304 ταύτην
1254 1231 1600 1302 κτησάμενον
1637 1230 1695 1283 ὲν
1728 1229 1864 1302 Χρι-

275 1335 396 1405 στῷ
442 1331 644 1402 Ἰησοῦ.

354 1423 458 1479 πε’.
519 1424 586 1476 Αἰ
641 1419 874 1492 ἀρεταὶ,
923 1417 1030 1470 κᾶν
1077 1414 1324 1485 ἀλλήλων
1369 1414 1478 1466 εἰσὶ
1511 1410 1866 1484 γεννητικαὶ,

274 1518 401 1572 ἀλλ’
430 1519 495 1570 ὲκ
521 1515 630 1568 τῶν
657 1511 826 1583 τριῶν
859 1509 1145 1577 δυνάμεων
1174 1509 1273 1578 τῆς
1311 1505 1488 1577 ψυχῆς
1529 1505 1628 1576 τὴν
1653 1504 1869 1573 γένεσιν

275 1602 524 1679 ἔχουσιν,
564 1605 694 1660 ἄνευ
735 1602 845 1655 τῶν
889 1601 1074 1656 θείων.
1110 1599 1269 1652 Αίτία
1305 1598 1414 1668 γὰρ
1452 1597 1545 1650 καὶ
1578 1596 1722 1666 ἀρχὴ
1762 1595 1870 1649 τῶν

275 1699 568 1765 τεσσάρων
597 1693 832 1763 γενικῶν
871 1695 928 1746 ὲν
960 1693 1073 1754 τοῖς
1108 1690 1359 1760 φυσικοῖς
1407 1689 1501 1742 καὶ
1542 1686 1704 1741 θείων
1741 1686 1872 1755 ἀρεο

275 1791 417 1856 τῶν,
449 1787 510 1852 ἐξ
537 1781 612 1841 ὧν
640 1786 737 1840 καὶ
785 1788 842 1838 έν
873 1777 961 1847 αἷς
992 1784 1045 1835 αἰ
1076 1781 1263 1834 λοιπαὶ
1288 1779 1659 1844 συνίστανται,
1688 1777 1788 1846 τῆς
1813 1793 1873 1828 τε

1966 593 2114 646 suis.
2156 589 2478 645 Patientiam
2537 593 2716 640 autem
2764 586 2884 640 dico
2931 599 3050 654 quae
3101 594 3185 642 est
3238 589 3530 642 secundum

1966 685 2160 746 Deum,
2195 697 2315 752 quae
2342 682 2526 751 regina
2557 690 2642 735 est
2675 679 2966 743 virtutum,
3009 681 3384 746 bonorumque
3405 695 3535 746 ope-

1969 791 2087 832 rum
2123 775 2548 829 fundamentum.
2577 770 2701 827 Haec
2728 777 2812 826 est
2833 769 2977 825 enim
3008 770 3063 823 in
3097 769 3237 824 bello
3272 785 3395 839 pax,
3421 771 3534 824 haec

1969 872 2022 927 in
2049 879 2370 941 tempestate
2423 867 2713 932 serenitas,
2748 867 2864 922 haec
2917 865 3319 936 possidentibus
3361 865 3532 934 ipsam

1971 963 2298 1018 inconcussa
2352 961 2532 1028 sedes,
2565 973 2728 1028 quam
2782 960 2826 1014 si
2879 958 3003 1027 quis
3049 959 3102 1012 in
3147 958 3365 1013 Christo
3406 955 3538 1012 Jesu

1970 1055 2199 1125 adeptus
2226 1063 2334 1119 est,
2423 1069 2533 1108 non
2583 1053 2662 1107 illi
2721 1066 2870 1106 arma
2896 1059 2950 1106 et
2995 1052 3122 1116 tela,
3160 1067 3266 1106 non
3310 1051 3537 1105 militum

1972 1147 2224 1216 impetus,
2257 1163 2370 1202 non
2402 1148 2514 1217 ipsa
2562 1146 2869 1200 daemonum
2900 1145 3067 1210 acies,
3103 1159 3206 1200 non
3241 1144 3541 1200 tenebrosa:

1951 1239 2212 1302 hostium
2239 1249 2471 1294 catervae
2502 1251 2698 1294 nocere
2730 1246 2979 1308 possunt.

2045 1419 2135 1474 85.
2175 1419 2407 1474 Invicem
2452 1417 2713 1487 quamvis
2763 1432 2823 1472 se
2872 1425 3132 1489 generant
3171 1418 3419 1483 virtutes,
3474 1435 3541 1472 ex

1975 1510 2147 1565 tribas
2200 1519 2379 1564 tamen
2443 1510 2651 1565 anima:
2721 1509 2934 1565 viribus
3015 1509 3282 1580 originem
3337 1513 3543 1566 ducunt

1983 1603 2229 1672 exceptis
2261 1602 2596 1675 theologicis.
2643 1604 2778 1674 Nam
2841 1613 3073 1673 quatuor
3109 1604 3340 1658 virtutes
3362 1604 3542 1658 cardi-

1977 1695 2146 1759 nales,
2168 1710 2288 1764 quar
2317 1695 2593 1751 naturales
2623 1706 2748 1751 sunt
2802 1709 2866 1750 ac
2905 1695 3120 1759 divinae,
3149 1705 3204 1750 et
3239 1710 3306 1749 ex
3340 1697 3536 1765 quibus

1975 1795 2029 1840 et
2059 1787 2110 1840 in
2143 1787 2337 1854 quibus
2363 1797 2575 1842 creterte
2608 1790 2936 1854 consistunt,
2983 1789 3198 1844 scilicet
3235 1791 3542 1859 prudentia,

280 1884 630 1953 φρονήσεως,
687 1878 782 1932 καὶ
827 1875 1106 1947 ἀνδρείας.
1165 1870 1524 1940 σωφροσύνης
1561 1887 1620 1922 τε
1663 1870 1760 1922 καὶ
1792 1867 1875 1919 δι-

1986 1877 2254 1945 Fortitudo,
2282 1881 2637 1948 temperantia
2684 1891 2739 1934 et
2772 1881 3008 1950 justitia,
3039 1896 3258 1937 causam
3295 1893 3349 1938 et
3376 1885 3544 1951 origi-

283 1972 617 2041 καιοσύνης,
651 1969 799 2022 ἔστιν
846 1969 880 2038 ἡ
917 1965 1038 2018 Θεία
1062 1963 1172 2017 τῶν
1210 1961 1476 2029 θεολόγων
1507 1957 1876 2028 πνευματοκί-

1986 1981 2098 2022 nem
2123 1969 2324 2025 habent
2350 1969 2590 2025 divinam
2623 1971 2927 2027 divinarum
2954 1987 3130 2026 rerum
3163 1975 3480 2044 sapientiam
3513 1991 3544 2029 a

280 2081 453 2134 νητος
486 2061 670 2130 σοφία,
707 2059 850 2114 κατὰ
887 2056 1014 2110 νοῦν
1061 2054 1341 2123 τετραχῶς
1387 2050 1710 2120 κινουμένη.
1765 2048 1880 2118 Οὐχ

1986 2061 2188 2130 Spiritu
2242 2063 2294 2116 in
2341 2070 2522 2116 mente
2550 2064 2976 2133 quadrupliciter
3007 2077 3226 2123 motam.
3265 2068 3396 2134 Quae
3439 2085 3544 2124 non

284 2155 413 2222 ἃμα
447 2151 502 2204 δὲ
538 2150 718 2212 πάσας
755 2147 992 2215 ἐνεργεῖ,
1037 2142 1153 2196 ἀλλ’
1193 2141 1300 2209 ἰδίᾳ
1330 2138 1570 2234 ἑκάστην
1611 2138 1674 2234 ἐν
1700 2135 1881 2234 καιρῷ

1986 2169 2164 2208 omnes
2185 2155 2346 2211 simul
2376 2155 2492 2210 illas
2517 2157 2786 2225 producit,
2825 2159 2917 2213 sed
2941 2174 3182 2215 seorsum
3223 2163 3463 2234 singulas
3493 2164 3546 2217 in

287 2242 470 2309 αὐτῆς
513 2238 697 2300 καθὼς
749 2234 999 2304 βούλεται
1028 2247 1042 2285 ῖ
1080 2229 1176 2284 καὶ
1213 2227 1310 2300 τὴν
1341 2227 1463 2296 μὲν,
1493 2225 1568 2288 ὡς
1599 2224 1714 2294 φῶς
1737 2242 1752 2255 θ
1783 2224 1881 2292 τὴν

1986 2250 2223 2311 tempore
2250 2224 2555 2312 opportuno
2595 2256 2754 2315 prout
2784 2248 2897 2302 vult
2926 2265 2941 2304 :
2970 2259 3024 2304 et
3059 2251 3216 2306 aliam
3247 2224 3461 2320 quidem
3492 2264 3580 2308 ut~

287 2332 381 2394 δὲ,
429 2331 505 2392 ὡς
551 2327 782 2396 δύναμιν
831 2324 1014 2390 ὀξεῖαν
1059 2323 1156 2374 καὶ
1199 2320 1515 2388 ἀεικίνητον
1543 2317 1878 2387 ἔμπνευσιν⁸

1986 2334 2175 2400 lucem,
2207 2335 2368 2389 aliam
2402 2345 2460 2390 ut
2525 2339 2689 2391 robur
2748 2343 3071 2396 acerrimum
3122 2317 3550 2414 perpetuumth

288 2421 400 2490 τὴν
425 2419 503 2481 δὲ,
530 2417 604 2480 ὡς
637 2415 965 2484 ἁγιαστικὴν
1001 2412 1232 2481 δύναμιν
1254 2410 1350 2464 καὶ
1377 2409 1717 2480 καθαρτικήν
1740 2423 1754 2436 ·
1786 2406 1881 2504 την

1986 2425 2312 2496 impulsum,
2333 2427 2493 2482 aliam
2524 2436 2583 2482 ut
2631 2430 2740 2484 vim
2776 2406 3202 2487 sanctificantem
3220 2406 3280 2487 et
3313 2406 3551 2504 purgan-

279 2511 376 2574 δὲ,
431 2509 506 2572 ὡς
535 2507 725 2577 δρόσον
770 2502 996 2571 ἁγνείας
1025 2500 1397 2570 εὐφραντικὴν
1420 2540 1435 2565 ,
1483 2498 1579 2552 καὶ
1608 2497 1702 2550 τοῦ
1749 2495 1886 2548 καύο

291 2618 473 2664 σωνος
540 2599 649 2653 τῶν
723 2595 914 2651 παθῶν
996 2593 1522 2664 ἀναψυχαγωγικήν.
1615 2589 1888 2660 Ἑκάστην

289 2695 550 2762 ἑκάστῳ,
616 2689 692 2754 ὡς
757 2687 1118 2759 προείρηται,
1155 2684 1346 2753 τελείῳ
1397 2683 1614 2736 τελείαν
1650 2683 1746 2734 καὶ
1788 2683 1888 2750 τὴν

290 2786 586 2857 ἐνέργειαν
616 2782 758 2836 κατά
783 2781 881 2851 τὴν
911 2777 1180 2850 τροπικὴν
1205 2776 1408 2830 δίδωσι.
1784 2837 1792 2844 σ

368 2871 493 2939 πς’.
539 2872 736 2926 Ῥῶσιν
767 2869 981 2924 τελείαν
1009 2869 1192 2939 ψυχῆς
1213 2867 1273 2920 οὐ
1308 2862 1595 2936 χαρίζεται
1623 2864 1732 2918 τῶν
1759 2865 1886 2935 ἀρε·-

287 2966 408 3018 τῶν
458 2965 518 3030 ἐξ
551 2964 686 3026 ἰδίας
712 2963 950 3032 σπουδῆς
979 2964 1050 3015 τὰ
1075 2960 1486 3031 ἐπιτηδεύματα
1509 2998 1523 3022 ,
1556 2962 1604 3012 εί
1629 2959 1704 3028 μὴ
1731 2953 1890 3013 αὗται

287 3059 580 3121 οὐσιωδῶς
607 3059 664 3110 έν
695 3058 762 3127 τῇ
797 3056 910 3122 ἕξει
939 3054 1026 3108 διά
1049 3053 1150 3123 τῆς
1183 3053 1408 3125 χάριτος
1437 3051 1887 3127 παραγένωνται.

1984 2525 2111 2584 tem,
2146 2519 2310 2574 aliain
2339 2519 2570 2588 denique
2603 2529 2661 2573 ut
2690 2536 2866 2576 rorem
2899 2524 3152 2592 puritatis
3181 2526 3448 2581 laetificum
3492 2536 3553 2582 et

1983 2609 2232 2664 vitiorum
2263 2610 2511 2665 ﬂammas
2559 2612 3006 2683 refrigerantem;
3041 2623 3095 2670 et
3139 2617 3380 2683 singulas
3433 2621 3550 2674 sin-

1981 2701 2122 2772 gulis
2164 2701 2594 2771 perfectionibus
2658 2703 3025 2773 perfectiones
3083 2717 3140 2762 et
3177 2702 3553 2778 'operationes

1983 2807 2254 2862 congruas
2287 2793 2538 2862 largitur,
2570 2804 2628 2848 ut
2662 2795 2867 2850 dictum
2895 2807 2999 2851 est.

2056 2884 2150 2939 86.
2205 2883 2475 2939 Bonorum
2525 2885 2820 2954 perfectam
2883 2888 3186 2944 firmitatem
3258 2908 3362 2946 non
3427 2892 3557 2948 dant

1985 2976 2178 3031 anitum
2227 2977 2434 3046 proprii
2459 2977 2542 3032 sui
2569 2991 2825 3044 conatus,
2879 2981 2982 3034 nisi
3032 2982 3117 3035 illa
3148 2983 3214 3036 ad
3239 2984 3555 3038 substantia

1989 3067 2228 3122 habitum
2275 3067 2452 3138 gratia
2489 3070 2860 3137 pervenerint.
2892 3069 3102 3140 Quippe
3130 3087 3248 3140 quae
3274 3073 3553 3140 proprium

299 3149 554 3218 Ἐκάστη
608 3124 882 3218 γάρ--ἒχει
947 3124 1196 3217 χάρισμα
1234 3145 1386 3207 ῐδιον,
1433 3143 1718 3214 ἐνέργειαν
1765 3125 1881 3195 καθε

1991 3174 2327 3230 unaquaeque
2355 3161 2516 3215 habet
2547 3163 2819 3217 charisma
2876 3164 3315 3234 peculiaremque
3363 3155 3557 3235 opera-

289 3241 500 3308 αὐτὴν,
552 3238 694 3290 ὥστε
741 3235 1000 3289 δύνασθαι
1030 3236 1128 3289 καὶ
1182 3236 1258 3304 μὴ
1309 3233 1668 3304 βουλομένους
1709 3230 1881 3284 ἓλκειι

1989 3250 2209 3318 tionem,
2242 3265 2348 3320 qua
2380 3253 2552 3322 possit
2593 3253 2756 3306 etiam
2806 3230 3038 3307 inviCtos
3063 3255 3143 3306 sui
3166 3230 3443 3323 compotes
3475 3263 3558 3310 at-

291 3333 430 3393 τοὺς
469 3329 731 3400 μετόχους
757 3327 929 3395 αὐτῆς
956 3327 1090 3396 πρὸς
1128 3324 1326 3395 ἑαυτὴν
1351 3327 1418 3393 τῇ
1446 3324 1557 3390 ἕξει
1592 3322 1690 3376 καὶ
1729 3322 1881 3389 φύσει

1987 3343 2202 3397 trahere
2244 3344 2310 3397 ad
2341 3345 2592 3412 .seipsam
2636 3343 2821 3399 habitu
2855 3355 2906 3398 et
2939 3354 3131 3401 natura
3149 3322 3311 3404 ‘boni.
3340 3349 3406 3404 Et
3434 3365 3556 3405 cum

295 3420 399 3474 τοῦ
437 3417 668 3487 ἀγαθοῦ.
702 3417 812 3470 Καὶ
865 3416 952 3467 ὅτε
987 3416 1117 3485 ἡμῖν
1167 3414 1329 3483 δοθῇ,
1389 3412 1750 3467 ἀναλλοίωτον
1797 3411 1881 3462 καί

1986 3434 2144 3489 nobis
2183 3436 2304 3487 data
2329 3411 2687 3500 est,7lirtniter
2718 3446 2775 3490 et
2811 3438 3235 3493 imm‘utahiliter
3274 3455 3562 3498 conserva-

297 3516 586 3584 ἄτρεπτον
646 3509 831 3562 ἔκτοτε
890 3507 1258 3577 συντηρεῖται.
1313 3503 1503 3558 Ζῶσαν
1548 3504 1656 3574 γὰρ
1703 3503 1881 3574 ὥσπερ

1989 3535 2095 3578 tur.
2133 3527 2227 3581 Est
2251 3527 2392 3581 enim
2418 3528 2706 3583 virtutibus
2731 3531 2885 3595 quasi
2920 3531 3096 3583 anima
3129 3532 3316 3586 vivens
3345 3536 3562 3601 propria

297 3605 490 3677 ψυχὴν
525 3605 582 3655 ἐν
617 3601 765 3664 ἰδίοις
801 3600 1016 3670 μέλεσιν
1050 3599 1255 3668 ἔχουσι,
1298 3597 1395 3649 τοῦ
1427 3597 1671 3668 ἐνεργεῖν
1701 3595 1881 3661 αὑτὰςἸ

1987 3634 2172 3672 earum
2201 3622 2440 3673 membra
2477 3619 2751 3674 vivificaris
2777 3622 2948 3690 gratia
2969 3622 3209 3690 spiritus.
3234 3622 3412 3690 Quare
3445 3627 3561 3681 sine

297 3700 403 3768 τὴν
455 3695 622 3766 χάριν
666 3691 760 3747 τοῦ
814 3691 1150 3762 Πνεύματος.
1203 3690 1294 3741 Διὸ
1327 3689 1420 3741 καὶ
1453 3688 1647 3758 νεκρὸς
1675 3687 1818 3750 άπας
1857 3691 1881 3742 ό

1992 3711 2091 3765 hac
2115 3719 2223 3763 tota
2253 3711 2510 3762 virtutum
2527 3711 2722 3766 cohors
2747 3721 2832 3768 est
2860 3723 3091 3779 mortua,
3113 3722 3167 3768 et
3193 3714 3247 3767 in
3272 3714 3336 3768 iis
3363 3717 3451 3785 qui
3483 3717 3562 3770 vi-

299 3789 417 3842 τῶν
464 3785 683 3856 ἀρετῶν
726 3784 911 3854 ὅμιλος
948 3782 1116 3852 χωρὶς
1153 3779 1322 3848 αὐτῆς
1369 3779 1610 3846 πέφυκε’
1657 3778 1751 3831 καὶ
1784 3783 1881 3842 τοῖς

1991 3807 2182 3855 dentur
2199 3817 2290 3856 eas
2307 3803 2506 3857 habere
2521 3817 2583 3857 ac
2601 3803 2894 3872 possidere,
2914 3805 3048 3860 nihil
3071 3815 3153 3862 est
3187 3809 3294 3862 nisi
3311 3810 3422 3863 sola
3450 3823 3563 3862 mn-

301 3877 537 3934 δοκοῦσι
592 3875 815 3938 τελείως
869 3873 1012 3944 έχειν
1064 3871 1098 3940 ἢ
1144 3869 1502 3940 κατορθοῦσιν
1548 3867 1745 3930 αὐτὰς,
1802 3870 1881 3918 κα¹

1993 3893 2087 3945 hra
2110 3903 2162 3946 et
2192 3894 2367 3961 imago
2386 3894 2536 3960 boni,
2559 3910 2668 3949 non
2698 3904 2878 3952 autem
2906 3899 3020 3966 ipsa
3043 3912 3129 3954 res
3149 3913 3309 3967 quam
3339 3899 3562 3971 efﬁngit.

304 3965 473 4023 αῦται
519 3965 696 4035 ἑαυτῷ
739 3965 918 4035 μόναι,
955 3963 1107 4016 σκιαὶ
1141 3962 1232 4014 καὶ
1257 3961 1416 4014 τύποι
1449 3958 1544 4012 τοῦ
1577 3958 1766 4024 καλοῦ,
1799 3960 1894 4014 καὶ

302 4064 408 4116 οὐκ
438 4059 710 4130 ἀληθείας
744 4058 1064 4126 ἰνδάλματα.

371 4154 490 4217 πξν.
535 4151 688 4204 Εἰσὶν
713 4147 804 4202 οῦν
839 4147 1100 4216 τέσσαρες
1135 4146 1234 4217 μὲν
1276 4146 1332 4198 αἱ
1363 4144 1651 4199 καθολικαὶ
1680 4144 1897 4215 ἀρεταὶ,

295 4241 561 4314 ἀνδρεία,
587 4240 867 4311 φρόνησις,
899 4238 1241 4306 σωφροσύνη,
1269 4239 1362 4290 καὶ
1379 4237 1693 4308 δικαιοσύνη
1713 4252 1728 4266 ⁸
1753 4236 1881 4290 ὀκτὰ

2064 4225 2154 4282 87.
2190 4226 2258 4283 Ut
2289 4237 2418 4281 sunt
2444 4235 2680 4297 quatuor
2721 4227 2954 4284 virtutes
2986 4229 3309 4295 cardinales,
3349 4231 3566 4287 fortitu-

295 4338 374 4396 δὲ.
427 4338 492 4388 αἱ
556 4331 678 4385 καθ’
725 4330 1033 4402 ὑπερϐολὴν
1083 4327 1180 4382 καὶ
1234 4328 1469 4397 ἔλλειψιν
1521 4328 1699 4382 αὐτῶν
1733 4327 1881 4396 ἐγγὺς

1997 4320 2086 4388 do,
2123 4320 2431 4391 prudentia,
2468 4322 2852 4391 temperantia,
2880 4321 3111 4390 iustitia,
3145 4334 3268 4378 octo
3293 4335 3417 4380 sunt
3440 4325 3569 4381 illas

297 4425 739 4497 παρεπόμεναι·
803 4422 993 4476 κακίαι
1049 4421 1147 4490 μὲν
1202 4420 1332 4489 παρ’
1385 4421 1544 4490 ἡμῖν,
1597 4419 1791 4490 ἀρεταὶ
1839 4417 1881 4472 δέ

2002 4429 2098 4482 per
2127 4413 2397 4469 defectum
2427 4424 2524 4468 aut
2554 4427 2836 4469 excessum
2868 4415 3116 4483 proxime
3155 4417 3564 4486 consequentia,

255 4555 263 4565 .
296 4519 452 4587 παρά
482 4517 614 4576 ’τοῖς
655 4515 712 4566 ἐν
741 4513 954 4583 κόσμῳ,
987 4512 1082 4566 καὶ
1119 4511 1435 4581 λεγόμεναι,
1472 4511 1564 4563 καὶ
1589 4510 1874 4581 νοούμεναι

2007 4523 2128 4576 qua:
2154 4523 2182 4561 a
2206 4507 2363 4563 nobis
2394 4506 2556 4573 mala,
2580 4521 2610 4559 a
2639 4507 2989 4562 saecularibus
3037 4520 3165 4562 vero
3210 4507 3345 4562 bona
3376 4507 3566 4562 dicun-

300 4609 418 4662 Καὶ
463 4606 579 4675 τῆς
638 4604 738 4674 μὲν
786 4603 1054 4673 ἀνδρείας,
1114 4601 1389 4672 θρασύτης
1428 4603 1521 4655 καὶ
1551 4602 1754 4654 δειλίαο
1801 4604 1881 4674 τῆς

2002 4609 2089 4652 tur
2116 4607 2171 4653 et
2196 4599 2558 4653 aestimantur.
2597 4598 2665 4652 Et
2691 4597 2906 4668 quidem
2934 4597 3303 4651 fortitudinem
3331 4612 3568 4666 sequun-

273 4692 280 4698 ’
310 4698 638 4768 φρονήσεως
661 4695 740 4759 δὲ,
777 4693 1010 4763 πονηρία
1035 4694 1127 4746 καὶ
1159 4693 1346 4761 ἄγνοια
1375 4710 1388 4722 ο
1417 4692 1514 4760 τῆς
1546 4692 1881 4764 σωφροσύνης

1998 4699 2086 4744 tur
2113 4689 2340 4744 audacia
2368 4699 2422 4743 et
2451 4689 2652 4758 timor;
2685 4690 3055 4756 prudentiam,
3099 4691 3297 4746 astutia
3327 4700 3383 4746 et
3414 4692 3569 4758 igno-

315 4789 395 4853 δὲ,
443 4785 714 4842 ἀκολασία
766 4785 861 4837 καὶ
915 4783 1231 4853 ὴλιθιότης·
1288 4784 1387 4852 τῆς
1434 4783 1491 4836 δὲ
1531 4783 1895 4851 δικαιοσύνης,

317 4877 606 4941 πλεονεξία
635 4875 730 4928 καὶ
758 4873 962 4937 ἀδικία,
1001 4873 1097 4925 εἴτ’
1133 4869 1226 4928 οῦν
1259 4873 1549 4944 μειονεξία.
1583 4866 1760 4927 Μέσαι
1790 4876 1900 4943 γάρ

307 4953 460 5023 ἐἰσιν
505 4967 724 5037 ἀρεταὶ,
755 4967 816 5020 ού
871 4966 1033 5037 μόνον
1075 4966 1129 5020 αί
1162 4965 1445 5018 καθολικαὶ
1470 5005 1485 5028 ,
1519 4965 1612 5019 καὶ
1641 4965 1897 5034 φυσικαὶ,

323 5064 421 5114 καὶ
477 5059 663 5127 πάσης
731 5057 1021 5126 ἐλλείψεως
1083 5057 1175 5107 καὶ
1233 5056 1534 5125 ὑπερϐολῆς
1592 5054 1897 5125 ἀνώτεραι,

326 5152 464 5205 ἀλλά
495 5150 591 5202 καὶ
617 5150 675 5202 αἱ
707 5147 1032 5218 πρακτικαί.
1069 5148 1178 5200 Καὶ
1204 5148 1261 5200 αί
1302 5149 1398 5217 μὲν
1432 5146 1530 5216 τὴν
1560 5146 1900 5216 προαίρεσιν,

327 5243 394 5311 τῇ
421 5240 525 5307 τῆς
555 5239 780 5310 γνώμης
809 5238 1062 5308 εύθύτητι
1087 5255 1099 5267 ο
1129 5238 1185 5290 αἱ
1213 5238 1289 5303 δὲ,
1324 5237 1424 5306 τὴν
1449 5235 1655 5306 τροπὴν
1685 5235 1778 5288 καὶ
1803 5233 1903 5307 τὴν

330 5331 508 5400 ρῐησιν
568 5331 827 5402 συνεργὸν
877 5330 1191 5399 κέκτηνται.
1255 5329 1389 5398 Περὶ
1435 5327 1543 5396 γὰρ
1588 5325 1766 5380 αὐτῶν
1822 5327 1902 5379 ὅτι

333 5420 498 5489 μέσαι
525 5421 664 5474 εἰσιν
696 5421 891 5492 ἀρεταὶ
919 5421 1018 5489 τῆς
1045 5420 1360 5491 εὐθύτητος,
1403 5418 1610 5488 μάρτυς
1643 5419 1675 5487 ὴ
1709 5433 1902 5488 παροι-

332 5511 431 5578 μία
472 5510 676 5565 ούτωσὶ
724 5511 1037 5580 φάσκουσαο
1076 5528 1094 5562 ι
1137 5511 1241 5564 Καὶ
1283 5509 1651 5579 κατορθώσεις
1692 5501 1902 5569 πάντας

326 5599 522 5665 ἄξονας
550 5602 819 5672 ἀγαθούς.
853 5622 871 5654 ι
911 5604 1091 5656 Πᾶσαι
1120 5601 1212 5656 οὖν
1241 5603 1300 5656 ὲν
1321 5604 1441 5665 ταῖς
1465 5601 1614 5672 τρισὶ
1643 5597 1906 5671 δυνάμεσι

322 5691 417 5760 τῆς
443 5690 635 5760 ψυχῆς
667 5688 1076 5756 συνιστάμεναι,
1110 5687 1166 5739 ὲν
1207 5680 1294 5749 αἷς
1332 5685 1608 5741 τίκτονται
1637 5686 1732 5740 καὶ
1759 5688 1906 5741 οίκοο

1999 4781 2210 4845 rantia;
2244 4782 2684 4850 temperantiam,
2714 4781 3112 4836 incontinentia
3148 4790 3203 4837 et
3231 4780 3568 4850 stupiditas;

1994 4873 2285 4944 justitiam,
2313 4873 2542 4927 avaritia
2563 4880 2623 4928 et
2660 4872 2950 4942 iniustitia,
2986 4882 3248 4940 quatenus
3297 4883 3377 4926 est
3419 4871 3570 4928 defe-

2002 4976 2138 5018 ctus.
2177 4965 2309 5018 Nam
2345 4965 2591 5030 virtutes,
2626 4979 2730 5018 non
2765 4966 2938 5017 solum
2973 4963 3275 5018 cardinales
3318 4974 3372 5018 et
3412 4974 3571 5019 natu-.

2002 5057 2141 5112 rales
2173 5093 2188 5118 .
2225 5057 2336 5111 sed
2407 5065 2462 5112 et
2509 5057 2802 5126 practicae,
2862 5055 2915 5109 in
2969 5055 3144 5108 medio
3193 5066 3358 5122 stant,
3409 5073 3599 5126 supra.

1953 5156 2216 5204 'omnem
2263 5150 2532 5204 defectum
2605 5158 2660 5203 et
2711 5161 3014 5201 excessum.
3079 5146 3144 5203 Et
3185 5147 3302 5202 alia:
3355 5148 3570 5216 quidem
3668 5157 3670 5159 ‘

1985 5257 2128 5301 eum
2187 5241 2353 5295 animi
2406 5239 2730 5295 rectitudine
2768 5237 3192 5307 coeperatricem
3231 5238 3436 5294 habent
3476 5253 3576 5292 vo-

2007 5335 2266 5388 luntatem
2303 5371 2318 5394 .
2381 5332 2500 5386 alia:
2559 5345 2688 5384 vero
2766 5330 3194 5405 inclinationem.
3245 5338 3300 5382 et
3386 5343 3573 5395 super-

2009 5425 2173 5477 biam.
2237 5423 2414 5490 Atque
2444 5421 2672 5475 virtutes
2734 5421 2787 5473 in
2810 5419 2990 5473 medio
3043 5419 3381 5473 rectitudinis
3429 5425 3578 5469 stare

2010 5522 2242 5568 testatur
2294 5510 2646 5568 Proverhium
2696 5510 2945 5566 dicens:
2986 5528 3005 5560 ι
3037 5493 3111 5563 Ἐι
3140 5510 3340 5576 diriges
3387 5519 3577 5558 omnes

2011 5609 2181 5662 bonas
2213 5606 2452 5659 semitas.
2489 5623 2508 5656 ι
2534 5601 2734 5658 Omnes
2758 5603 2922 5670 igitur
2953 5603 3006 5655 in
3043 5600 3213 5656 tribus
3263 5597 3453 5648 ani-mae
3484 5611 3580 5662 po-

2013 5700 2198 5752 tentiis
2217 5696 2490 5763 stabilitas,
2513 5704 2777 5764 generata;
2797 5703 2851 5749 et
2878 5691 3156 5764 aedificata:
3179 5698 3235 5743 ut
3256 5686 3577 5741 fundamen-

331 5779 662 5854 δομοῦντηι,
727 5784 800 5842 ὡς
866 5778 1117 5846 θεμέλιον
1183 5776 1279 5840 τὰς
1354 5777 1628 5848 τέσσαρας
1692 5780 1881 5848 γενικά

2017 5797 2126 5841 tum
2156 5803 2264 5842 sua:
2301 5763 2724 5841 construictionis
2760 5782 2956 5838 habent
2982 5763 3212 5848 quatuor
3246 5773 3597 5836 cardinales“.
