4122 6322
320 428 459 494 1269

1346 427 1624 487 CAPlTA
1668 387 1822 484 PER.
1855 424 2514 487 ACROSTICHIDEM.

3425 418 3574 485 1270

297 536 394 588 καὶ
426 531 634 602 ἑτέροις
659 529 753 582 τὸν
787 528 1066 599 φωτισμὸν
1091 526 1185 580 τοῦ
1215 527 1474 598 Χριστοῦ.
1511 528 1722 598 Ὠσπερ
1753 529 1872 582 τινὰ

2004 534 2226 590 Christi.
2283 534 2418 589 Nam
2477 543 2781 589 sermonem
2838 527 3004 584 divini
3033 527 3206 583 instar
3254 529 3480 585 seminis
3507 530 3562 584 in

299 625 501 696 σπόρον
526 624 668 676 θεῖον
693 622 786 675 τὸν
813 621 970 688 λόγον
1003 621 1062 673 ἐν
1083 621 1205 683 ταῖς
1226 619 1487 690 ψυχικαῖς
1514 621 1622 673 τῶν
1647 622 1876 675 ἀκουόν-

295 734 402 769 των
435 713 699 785 ἀρούραις
736 712 897 765 αὐτὸν
929 709 1160 780 ἐνίησιν.
1205 729 1223 762 ι
1274 711 1333 763 '0
1359 710 1518 779 λόγος
1556 710 1732 781 ὑμῶν,
1771 726 1876 781 φη-

297 809 406 868 σιν.
439 807 578 859 ἔστω
626 805 686 857 ἐν
731 803 914 873 χάριτι
941 803 1247 871 ἠρτυμένος
1285 800 1436 864 θείας
1477 801 1866 872 χρηστότητος,

296 901 385 953 ἵνα
425 896 499 967 δῷ
544 895 705 966 χάριν
738 895 853 956 τοῖς
891 893 949 946 ἐν
991 892 1172 946 πίστει
1213 887 1488 945 ἀκούουσι.
1540 909 1558 941 ι
1595 889 1879 961 Γεωργοὺς

295 990 351 1043 δὲ
398 987 597 1052 πάλιν,
647 985 743 1038 καὶ
792 983 1102 1055 γεώργιον,
1163 983 1293 1046 τοὺς
1345 979 1729 1047 διδασκάλους,
1785 979 1880 1033 καὶ

294 1077 712 1148 διδασκομένους
752 1075 944 1141 εἰπὼν,
997 1075 1255 1146 ἐμφαίνει
1300 1073 1445 1144 μάλα
1486 1071 1703 1142 σοφῶς,
1749 1072 1880 1135 τοὺς

299 1172 397 1243 μὲν
434 1170 510 1233 ὡς
577 1169 856 1241 ἀροτῆρας
913 1168 1010 1222 καὶ
1061 1170 1282 1238 σπορεῖς
1329 1162 1424 1220 τοῢ
1473 1165 1620 1219 θείου
1681 1164 1880 1234 λόγου,

295 1263 421 1327 τοὺς
458 1262 514 1316 δὲ
569 1262 647 1325 ὡς
705 1261 816 1315 τῶν
873 1260 1087 1331 ἀρετῶν
1131 1261 1238 1328 γῆν
1282 1261 1442 1323 πίαν,
1496 1257 1882 1329 καρποφόρον,

297 1355 392 1405 καὶ
439 1349 730 1420 εὕσταχυν.
800 1349 1104 1422 Ἰερουργία
1155 1349 1263 1418 γὰρ
1296 1350 1500 1418 κυρίως
1529 1347 1782 1417 ἀληθινὴ,
1822 1346 1884 1400 οὐ

302 1444 462 1514 μόνον
511 1445 545 1514 η
575 1442 685 1496 τῶν
725 1441 884 1494 θείων
925 1442 1196 1512 ἐνέργεια,
1233 1440 1368 1494 ἀλλά
1417 1438 1514 1494 καὶ
1544 1441 1579 1510 ἠ
1626 1435 1887 1511 μετουσία

299 1535 408 1591 τῶν
440 1534 660 1598 ἀγαθῶν
697 1534 792 1588 καὶ
823 1533 1133 1604 μετάδοσις.

373 1627 472 1693 ιβ’.
509 1623 774 1694 Διάφορός
809 1625 958 1676 ἐστιν
993 1625 1021 1676 6
1051 1624 1140 1676 διὰ
1182 1624 1462 1694 προφορᾶς
1498 1621 1634 1693 πρὸς
1665 1621 1890 1692 διδαχην

304 1717 711 1789 προερχόμενος
754 1715 914 1783 λόγος
935 1756 950 1780 ,
990 1717 1083 1766 και
1110 1713 1384 1784 διαφόρως
1421 1716 1485 1766 ἐκ
1520 1711 1734 1765 πολλῶν
1764 1711 1888 1781 τρό-

303 1828 422 1864 πων
461 1809 758 1877 συνάγεται
801 1809 865 1858 ἐκ
909 1806 1196 1876 τεσσάρων
1247 1804 1405 1857 εἱδῶν
1430 1818 1446 1833 ο
1480 1804 1509 1856 6
1555 1803 1654 1874 μὲν
1691 1803 1755 1856 ἐκ
1789 1819 1894 1873 μα-

1987 625 2329 681 audientium
2350 625 2561 680 animos
2582 623 2731 678 velut
2750 624 2804 676 in
2820 615 3014 691 agrum
3043 619 3316 676 immittit:
3343 621 3568 678 «Sermo

1989 727 2187 783 vester,
2213 717 2428 785 dicitur,
2457 717 2528 771 sit
2572 717 2624 769 in
2659 711 2832 785 gratia
2881 711 3132 767 conditus
3173 711 3370 766 divinae
3408 712 3568 766 boni«

1992 795 2140 875 tatis,
2166 809 2326 864 utdet
2356 809 2584 876 gratiam
2610 803 2956 862 audientibus
2979 805 3034 859 in
3063 803 3188 858 ﬁde.
3220 821 3239 854 ι
3291 803 3572 875 Agricolas

1989 901 2115 957 alibi
2146 908 2200 956 et
2244 900 2628 969 agriculturam
2644 911 2848 954 vocans
2879 895 3174 968 Apostolus
3203 897 3489 965 magistros
3517 906 3572 950 et

1990 993 2307 1064 discipulos,
2335 989 2637 1046 manifeste
2689 988 2930 1045 ostendit
2987 989 3123 1043 alius
3162 977 3378 1057 quidem
3446 1003 3570 1043 esse

1990 1095 2051 1143 ιιι
2080 1087 2312 1141 cultores
2345 1095 2399 1138 et
2425 1093 2635 1140 satores
2665 1081 2831 1136 divini
2867 1080 3040 1151 verbi,
3086 1079 3224 1137 alios
3246 1093 3379 1136 vero
3418 1081 3570 1147 quasi

1991 1193 2178 1250 agrum
2201 1178 2474 1246 pinguem,
2505 1173 2818 1242 frugiferum
2843 1181 2897 1229 et
2926 1185 3107 1241 segete
3135 1173 3374 1227 uberem.
3433 1172 3576 1227 Nam

1990 1284 2118 1326 vere
2146 1278 2198 1324 et
2220 1269 2436 1340 proprie
2453 1265 2810 1322 sanctiﬁcatio
2830 1271 2933 1332 est,
2965 1277 3072 1318 non
3098 1263 3256 1317 modo
3279 1277 3459 1316 rerum
3484 1260 3571 1314 di-

1991 1362 2242 1418 vinarum
2274 1360 2538 1430 operatio,
2581 1357 2678 1414 sed
2715 1357 2878 1412 etiam
2920 1355 3183 1412 bonorum
3235 1355 3576 1425 partieipatio

1995 1463 2048 1508 et
2075 1451 2512 1506 communicatio.

2068 1608 2158 1664 9ι.
2199 1607 2294 1663 Est
2325 1608 2508 1663 varius
2534 1621 2716 1662 sermo
2745 1605 2814 1662 ad
2840 1605 3146 1660 doctrinam
3175 1619 3272 1660 ore
3300 1605 3571 1677 prolatus,

1995 1713 2048 1756 et
2085 1701 2234 1754 varie
2279 1715 2347 1754 ex
2389 1698 2762 1769 quadruplicis
2800 1696 3005 1768 speciei
3044 1696 3286 1752 fontibus
3334 1706 3574 1762 emanat,

1998 1793 2206 1848 scilicet
2236 1791 2373 1845 alius
2403 1807 2470 1845 ex
2503 1791 2753 1855 scientia,
2785 1788 2925 1843 alius
2953 1803 3020 1843 ex
3052 1789 3309 1854 lectione,
3338 1789 3482 1844 alius
3512 1806 3579 1845 ex

303 1903 550 1974 θήσεως,
590 1903 616 1954 6
649 1901 705 1953 δὲ
756 1902 820 1952 ἐκ
868 1901 966 1969 τῆς
1013 1896 1408 1965 ἀναγνώσεως·
1445 1895 1602 1958 ἄλλος
1652 1895 1718 1948 ἐκ
1750 1894 1892 1965 πρά-

2004 1883 2250 1945 actibus,
2302 1881 2443 1935 alius
2495 1895 2562 1934 ex
2618 1882 2812 1948 gratia.
2873 1879 3340 1945 Quemadmodum
3397 1892 3581 1936 autem

305 1992 464 2061 ξεως,
507 1992 602 2045 καὶ
627 1991 812 2062 ’ἐτερος
844 1990 906 2042 ἐκ
930 1990 1028 2059 τῆς
1057 1987 1303 2058 χάριτος.
1339 1987 1551 2055 ’Ὠσπερ
1573 1984 1631 2038 δὲ
1657 1984 1718 2036 τὸ
1748 1982 1892 2052 ὕδωρ

305 2083 364 2136 ἐν
395 2085 509 2135 ἐστι
537 2085 604 2152 τῇ
627 2080 807 2149 φύσει,
836 2081 1209 2150 μεταποιεῖται
1243 2077 1300 2130 δὲ
1339 2078 1431 2130 καὶ
1467 2075 1888 2147 μεταϐάλλεται,

307 2176 450 2227 κατὰ
489 2175 589 2243 τὴν
629 2172 1003 2241 ὑποκειμένην
1050 2171 1308 2241 διάφορον
1336 2169 1430 2222 τοῦ
1461 2169 1583 2239 χοὸς
1629 2167 1782 2238 ὕλην,
1817 2171 1896 2230 εἰς

308 2265 517 2319 οἰκείαν
558 2264 844 2332 ποιότητα,
879 2262 952 2324 ὡς
981 2264 1048 2332 τῇ
1079 2253 1266 2329 γεύσει
1311 2262 1602 2330 νοούμενον
1636 2255 1776 2312 εἶναι
1835 2259 1896 2310 τὸ

313 2357 409 2425 μὲν
460 2355 690 2426 πικρὸν,
733 2354 793 2406 τὸ
829 2354 886 2406 δὲ
947 2353 1156 2420 γλυκὺ,
1196 2354 1290 2406 καὶ
1330 2352 1457 2407 ἀλλο
1505 2350 1750 2423 ἁλμυρὸν
1800 2351 1897 2403 καὶ

309 2448 507 2511 ὸζῶδες
554 2446 668 2518 [tau
721 2445 978 2516 όξῶδεςι·
1029 2445 1173 2498 οὕτω
1219 2445 1362 2499 κατά
1407 2445 1506 2515 τὴν
1541 2441 1738 2513 ἠθικὴν
1783 2441 1898 2508 ἕξιν

313 2539 545 2593 ἑκάστου
605 2538 1006 2610 προερχόμενος
1052 2537 1081 2589 6
1134 2536 1294 2605 λόγος
1343 2535 1439 2590 καὶ
1475 2534 1894 2610 ἀλλοιούμενος,

312 2633 561 2704 ἐνεργείᾳ
587 2631 916 2700 γινώσκεται
947 2631 1042 2684 καὶ
1069 2631 1168 2700 τὴν
1193 2630 1467 2699 ὠφέλειαν
1495 2630 1730 2684 δίδωσιν.

277 2761 280 2764 ~
384 2731 486 2794 ιιεν.
550 2725 770 2796 Ἐπειδὴ
825 2725 883 2778 δὲ
928 2725 955 2777 6
992 2724 1150 2793 λόγος
1207 2727 1288 2788 είς
1341 2723 1640 2777 ἀπόλαυσιν
1690 2723 1901 2778 δέδοται

313 2821 496 2891 πάσης
523 2818 750 2889 λογικῆς
779 2817 1016 2887 φύσεως,
1047 2816 1238 2888 ὥσπερ
1270 2817 1543 2887 ἐδέσματά
1575 2835 1699 2871 τινα
1728 2816 1901 2870 πολλά

316 2911 578 2980 διάφορα,
624 2910 723 2980 τὴν
763 2909 956 2978 ἡδονὴν
988 2907 1167 2962 αὐτῶν
1213 2909 1489 2978 διαφόρως
1519 2912 1552 2980 ἡ
1577 2909 1726 2980 ψυχὴ
1767 2909 1902 2962 ἁπο-

315 3001 672 3073 λαμὸάνουσα
720 2999 1057 3055 αἰσθάνεται.
1109 3001 1262 3071 Ἔχει
1307 3001 1415 3072 γὰρ
1468 3001 1559 3054 τὸν
1602 3002 1902 3071 ἐπιστημο-

315 3093 466 3147 νικὸν
500 3092 695 3160 λόγον,
744 3092 820 3156 ὡς
875 3092 1223 3161 παιδαγωγὸν
1266 3093 1402 3164 πρὸς
1447 3088 1579 3164 ἦθος
1627 3090 1903 3146 τυποῦντα

316 3185 487 3255 αὐτήν
511 3201 525 3215 ·
580 3186 670 3238 τὸν
699 3184 757 3238 δέ
800 3184 898 3252 τῆς
935 3182 1328 3253 ἀναγνώσεως,
1355 3183 1430 3247 ὡς
1462 3183 1606 3256 ὕδωρ
1655 3184 1905 3238 ἀναπαύ-

319 3293 458 3339 σεως
495 3276 866 3346 ἐκτρέφονταο
906 3276 997 3330 τὸν
1045 3277 1102 3329 δὲ
1147 3277 1248 3347 τῆς
1291 3275 1578 3346 πράξεως,
1624 3277 1700 3340 ὡς
1737 3277 1902 3329 τόπον

317 3367 478 3438 χλόης
510 3367 793 3421 πιαίνοντα
816 3384 830 3398 θ
873 3367 965 3420 τὸν
1011 3368 1066 3422 δὲ
1097 3367 1198 3437 τῆς
1239 3367 1494 3439 χάριτος,
1533 3369 1609 3431 ώς
1640 3369 1902 3439 ποτήριον

322 3459 662 3530 μεθύσκοντα
691 3459 862 3529 αὐτὴν
894 3460 987 3512 καὶ
1021 3459 1381 3530 εὐφραίνοντα
1404 3478 1416 3489 ·
1448 3460 1546 3529 τὴν
1577 3460 1632 3513 δὲ
1665 3461 1902 3531 ἄρρητον

319 3552 492 3622 αὐτῆς
530 3552 890 3621 ἀγαλλίασιν,
942 3552 1016 3615 ὡς
1067 3551 1245 3607 ἔλαιον
1281 3554 1574 3623 πρόσωπον
1621 3553 1898 3624 ίλαρύνουυ

323 3659 420 3695 σαν
441 3681 454 3703 ,
485 3642 581 3695 καὶ
609 3643 838 3714 φαιδρὰν
879 3644 1277 3713 ἐργαζομένην.
1891 3689 1913 3722 η

390 3732 511 3801 ις’.
560 3735 784 3804 Κυρίως
835 3735 895 3788 ού
935 3735 1095 3804 μόνον
1135 3738 1193 3788 ἐν
1239 3735 1372 3805 αύτῇ
1399 3734 1473 3799 ὡς
1508 3735 1716 3808 ζωὴνή
1756 3736 1903 3807 ψυχὴ

319 3826 492 3879 ταῦτα
540 3827 843 3894 κέκτηται,
896 3826 1010 3878 ἀλλ’
1052 3826 1140 3879 ὅτε
1188 3827 1281 3879 καὶ
1322 3827 1452 3898 παρ’
1500 3827 1680 3889 ἄλλαις
1714 3815 1905 3879 ἀκούει

321 3917 492 3971 ταῦτα
519 3919 656 3989 πρὸς
682 3918 905 3988 διδαχὴν
937 3918 1290 3972 αἰσθάνεται·
1323 3919 1564 3988 ὁπηνίκα
1596 3920 1905 3990 προηγῆται

321 4009 647 4080 ἀμφοτέρων
700 4010 891 4080 ἀγάπη
951 4010 1045 4063 καὶ
1099 4010 1316 4073 πίστις·
1376 4012 1469 4064 καὶ
1515 4012 1543 4063 6
1582 4011 1682 4080 μὲν
1723 4010 1905 4062 πίστει

323 4098 560 4165 ἀκούων,
585 4100 613 4152 'o
636 4099 694 4152 δὲ
721 4102 910 4170 ἀγάπῃ
943 4099 1237 4166 παιδεύων,
1267 4101 1395 4153 ἄνευ
1424 4102 1593 4170 τύφου
1625 4103 1717 4154 καὶ
1748 4101 1906 4172 δόξης

329 4191 453 4252 ¹τοὺς
490 4190 681 4258 λόγους
722 4190 830 4244 τῶν
877 4191 1090 4263 ἀρετῶν
1135 4192 1478 4262 ποιούμενος.
1517 4193 1620 4248 Τὸν
1654 4193 1753 4261 μὲν
1799 4192 1908 4264 γὰρ

331 4284 397 4333 ἐκ
445 4281 736 4352 μαθήσεως
774 4282 934 4351 λόγον
983 4284 1058 4347 ὡς
1112 4285 1461 4352 παιδαγωγὸν
1528 4285 1781 4355 δέχεταιο
1819 4286 1909 4339 τὸν

327 4374 385 4426 δὲ
430 4376 532 4444 τῆς
574 4372 950 4441 ἀναγνώσεως,
997 4375 1068 4438 ὡς
1118 4377 1319 4449 τροφόν
1345 4394 1358 4407 ·
1403 4376 1494 4429 τὸν
1532 4376 1590 4429 δὲ
1623 4377 1722 4446 τῆς
1764 4378 1906 4448 πρά-

330 4462 484 4529 ξεως,
516 4463 592 4526 ὡς
631 4465 955 4529 ἐνδιάθετον,
990 4467 1067 4530 ὡς
1093 4467 1461 4537 νυμφοστόλον
1487 4465 1750 4536 ἡδύτατον
1779 4485 1789 4495 ·
1819 4467 1910 4520 τὸν

328 4552 380 4604 δὲ
418 4553 510 4607 τοῦ
568 4554 885 4625 Πνεύματος
943 4558 1306 4625 φωτιστικὸν,
1341 4557 1416 4619 ὡς
1472 4556 1706 4626 νυμφίον
1757 4557 1912 4625 λόγον

328 4643 585 4697 ἐνωτικὸν
628 4645 836 4714 αὐτῆς,
872 4647 961 4701 τὸν
1008 4648 1393 4720 εὐφραίνοντα.
1447 4649 1560 4700 Πᾶν
1605 4649 1711 4717 γὰρ
1761 4647 1913 4719 ῥῆμα

327 4734 761 4806 ἐκπορευόμενον
798 4737 886 4790 διὰ
919 4739 1206 4808 στόματος,
1246 4739 1383 4791 Θεοῦ
1420 4741 1589 4803 ἐστιν,
1622 4741 1669 4792 oi
1699 4738 1790 4792 διὰ
1815 4739 1912 4793 τοῦ

327 4826 650 4897 Πνεύματος
713 4829 780 4882 ἐκ
831 4829 1100 4900 στόματος
1153 4831 1263 4885 τῶν
1307 4831 1498 4899 ’ἁγίων
1557 4831 1914 4900 προελθόντες

327 4915 512 4984 λόγοι,
562 4919 596 4988 ἡ
639 4915 707 4972 δι’
763 4919 1047 4989 ἐνέργειαν
1089 4920 1404 4992 γλυκυτάτη
1452 4921 1547 4976 τοῦ
1597 4920 1914 4995 Πνεύματος

329 5007 587 5063 ἐπίπνοια
611 5048 624 5074 ,
678 5011 746 5081 ἢν
789 5011 1070 5081 τρυφῶσιν
1123 5013 1183 5066 οὐ
1224 5015 1466 5079 πάντες,
1513 5013 1646 5068 ἀλλά
1685 5014 1834 5085 μόνοι
1865 5018 1913 5070 oi

330 5098 491 5164 ἄξιοι.
556 5102 778 5172 Ἐπειδὴ
817 5103 874 5156 δὲ
922 5105 1014 5156 καὶ
1062 5106 1272 5176 τρυφὴν
1326 5106 1509 5175 ἔχουσι
1546 5107 1638 5159 τὸν
1675 5106 1834 5177 λόγον
1865 5109 1913 5162 οἱ

331 5189 564 5259 λογικοὶ,
591 5195 823 5247 ἐνταῦθα
854 5194 956 5264 μὲν
989 5196 1040 5248 oi
1075 5195 1182 5249 τῶν
1208 5197 1299 5250 τοῦ
1333 5196 1646 5267 Πνεύματος
1670 5199 1916 5270 ἐναργῶς

331 5281 775 5354 εὐφραινόμενοι,
827 5287 999 5355 ὀλίγοι
1050 5287 1173 5341 λίαν
1212 5288 1379 5342 είσίψ
1434 5290 1560 5353 τοὺς
1605 5290 1811 5354 τύπους
1858 5290 1915 5344 δὲ

337 5371 498 5441 μόνον
546 5375 595 5424 οἱ
647 5374 834 5444 πολλοὶ
880 5377 990 5430 τῶν
1037 5380 1429 5450 πνευματικῶν
1474 5379 1649 5449 λόγων
1692 5379 1782 5435 διὰ
1817 5383 1916 5454 τῆς

245 5465 286 5495 ’-
336 5463 559 5533 μνήμης
608 5465 703 5518 καὶ
749 5467 1080 5534 γινώσκουσι
1137 5473 1227 5524 καὶ
1271 5472 1581 5542 μετέχουσι,
1620 5473 1712 5527 τὸν
1752 5473 1918 5546 ἄρτον

333 5552 488 5606 οὔπω
516 5555 606 5607 τὸν
639 5555 894 5626 ἀληθινὸν
944 5561 1038 5614 τοῦ
1079 5562 1364 5632 μέλλοντος
1410 5563 1468 5618 ἐν
1497 5563 1750 5636 αἰσθήσει
1781 5566 1918 5622 Θεοῦ

334 5642 491 5709 λόγον
525 5649 907 5719 μετασχόντες.
954 5653 1130 5717 Μόνος
1161 5653 1271 5724 γὰρ
1297 5653 1459 5718 αὐτὸς
1485 5655 1664 5709 ἐκεῖσε
1694 5663 1910 5729 πρόκιι-

2000 1990 2139 2044 aqua
2181 1989 2288 2028 una
2334 1983 2416 2030 est
2451 1983 2671 2039 natura,
2701 1972 3118 2028 discriminatur
3150 1988 3281 2028 vero
3309 1990 3373 2029 ac
3406 1983 3586 2030 trans-

2000 2077 2260 2131 mutatur,
2296 2082 2394 2135 pro
2427 2067 2649 2120 diverso
2685 2067 2836 2120 bumi
2881 2064 3214 2134 subjacentis
3252 2066 3496 2137 ingenio,
3529 2067 3583 2123 in

2001 2161 2332 2230 peculiarem
2389 2159 2751 2229 qualitatem,
2807 2159 2882 2213 ita
2935 2167 2995 2212 ut
3049 2167 3208 2228 gustu
3262 2160 3583 2225 testimetur,

2002 2256 2114 2307 haec
2150 2267 2359 2316 amara,
2401 2251 2490 2306 illa
2534 2251 2734 2317 dulcis,
2768 2251 2872 2305 alia
2910 2250 3052 2305 salsa
3088 2260 3142 2305 et
3177 2252 3365 2319 acida;
3401 2253 3483 2308 sic
3518 2255 3587 2309 ad

2003 2343 2436 2413 uniuscujusque
2514 2343 2750 2398 indolem
2819 2344 3266 2399 accommodatus
3330 2353 3386 2399 et
3449 2360 3585 2400 con-

2001 2450 2192 2489 versus
2259 2450 2478 2502 sermo,
2540 2450 2704 2506 opere
2767 2435 3112 2507 dignoscitur
3175 2445 3230 2492 et
3297 2438 3583 2495 utilitatem

2003 2527 2176 2582 aﬂ'crt.

2074 2730 2162 2785 95.
2207 2726 2514 2785 Ratibnalis
2567 2728 2867 2800 cujuslibet
2911 2739 3118 2785 naturae
3170 2732 3236 2787 ad
3300 2731 3586 2790 utilitatem

2005 2838 2126 2878 cum
2159 2822 2321 2877 datus
2351 2823 2424 2875 sit
2455 2836 2657 2885 sermo,
2684 2836 2747 2876 ex
2783 2837 2846 2876 eo
2877 2823 3022 2876 velut
3049 2837 3114 2877 ex
3144 2824 3326 2880 multis
3359 2827 3590 2894 dapibus

2006 2915 2174 2969 variis
2228 2915 2437 2968 variant
2497 2913 2678 2967 anima
2729 2915 2963 2984 percipit
3011 2930 3074 2970 ac
3115 2926 3298 2986 gustat
3345 2921 3590 2973 suavita-

2008 3017 2138 3063 tem.
2175 3007 2348 3062 Habet
2380 3006 2524 3061 enim
2557 3007 2802 3062 scientiae
2835 3019 3142 3063 sermonem
3179 3022 3235 3063 ut
3270 3012 3590 3080 magistrum

2008 3114 2187 3154 mores
2234 3113 2388 3183 suos.
2415 3098 2843 3166 informantem;
2885 3112 2961 3155 et-
2992 3099 3265 3166 lectionis,
3302 3111 3359 3155 ut
3393 3119 3587 3175 aquam

2009 3193 2344 3248 reﬁcientem
2373 3202 2436 3246 et
2469 3193 2840 3262 nutrientem;
2887 3204 2940 3248 et
2985 3193 3241 3260 actionis,
3279 3203 3334 3248 ut
3374 3205 3585 3263 pratum

2007 3283 2174 3339 herba
2224 3283 2463 3353 pingue;
2502 3291 2556 3336 et
2598 3285 2805 3353 gratiae,
2843 3292 2902 3337 ut
2947 3293 3130 3352 potum
3171 3299 3273 3351 qua
3313 3285 3424 3351 ipsa
3473 3287 3588 3342 ine-

2005 3373 2217 3429 briatur
2249 3381 2304 3426 et
2338 3371 2663 3437 lmliﬁcatur,
2689 3381 2744 3428 et
2764 3371 3093 3427 ineﬂabilem
3125 3373 3242 3444 ejus
3272 3377 3590 3431 exsultatio-

2004 3483 2168 3531 nem,
2209 3458 2272 3520 ut
2319 3465 2523 3529 oleum,
2581 3464 2773 3519 faciem
2831 3464 3074 3520 hilarans
3106 3475 3160 3520 et
3217 3467 3444 3524 nitidam
3507 3469 3589 3522 fa-

2005 3574 2174 3615 Clells.

2079 3735 2171 3790 96.
2215 3733 2442 3799 Deinde,
2480 3732 2598 3787 haec
2636 3746 2744 3786 non
2783 3731 2958 3788 solum
3005 3732 3057 3786 in
3101 3734 3275 3803 seipsa
3328 3745 3386 3788 ut
3429 3736 3588 3791 vitam

2009 3827 2188 3881 anima
2239 3825 2515 3896 possidet,
2553 3823 2649 3879 sed
2692 3823 2854 3878 etiam
2902 3824 3196 3892 aliquando
3229 3827 3296 3881 ab
3335 3827 3455 3883 aliis
3498 3831 3590 3884 do-

2009 3917 2257 3972 centibus
2289 3917 2517 3971 audiens
2543 3915 2764 3980 ediscit,
2798 3931 2918 3969 cum
2953 3916 3104 3970 ducit
3135 3925 3424 3987 utrumque
3458 3919 3590 3977 ﬁdes

2010 4021 2062 4063 et
2101 4009 2340 4062 citat-itas
2377 4024 2392 4074 ;
2429 4022 2566 4061 unus
2616 4021 2812 4075 nempe
2860 4007 2912 4060 in
2952 4007 3060 4061 ﬁde
3086 4010 3254 4073 audit,
3294 4011 3429 4066 alter
3464 4028 3592 4068 vero

2013 4104 2066 4156 in
2102 4098 2370 4155 cbaritate
2416 4097 2598 4164 docet,
2629 4099 2749 4152 sine
2795 4098 2934 4152 fastu
2971 4110 3063 4153 aut
3093 4097 3354 4167 iactantia
3389 4103 3453 4157 de
3481 4105 3594 4160 vir-

2014 4196 2216 4249 tutibus
2254 4193 2652 4248 sermocinans.
2690 4191 2844 4246 Tunc
2885 4192 3026 4246 enim
3064 4193 3245 4249 anima
3282 4210 3586 4254 sermonem

2013 4285 2253 4345 scientiae
2285 4297 2344 4340 ut
2383 4284 2697 4354 magistrum
2740 4283 2974 4353 accipit;
3010 4292 3065 4339 et
3106 4284 3378 4351 lectionis,
3415 4298 3475 4342 ut
3512 4290 3593 4345 ci-

2015 4379 2177 4442 bum;
2211 4383 2266 4430 et
2306 4388 2610 4429 sermonem
2654 4388 2839 4442 opere,
2875 4389 2982 4427 non
3029 4388 3122 4428 ore
3161 4389 3495 4445 expressum,
3531 4388 3591 4433 ut

2015 4469 2381 4540 gratissimum
2424 4466 2895 4536 paranympbum;
2933 4475 2987 4519 et
3026 4466 3442 4523 illuminativum
3479 4469 3594 4540 spi-

1942 4589 1987 4644 υ
2017 4559 2160 4614 ritus
2197 4571 2529 4620 sermonem,
2563 4565 2620 4609 ut
2659 4555 2871 4609 laetiﬁca
2906 4556 3068 4638 verba
3103 4570 3356 4625 sponsam
3391 4573 3590 4628 sponso

2018 4650 2283 4706 uuientia.
2333 4647 2468 4702 Nam
2521 4661 2802 4702 sermones
2851 4632 2925 4700 ex‘
2957 4661 3053 4701 ore
3099 4646 3192 4700 Dei
3238 4651 3605 4718 procedentes.

2018 4753 2144 4800 sunt
2187 4741 2368 4797 omnia
2415 4741 2578 4795 verba
2615 4754 2713 4810 per
2744 4737 3005 4808 Spiritum
3042 4752 3108 4792 ex
3151 4753 3247 4792 ore
3277 4753 3590 4796 sanctorum

2017 4835 2252 4906 prolata,
2291 4841 2346 4887 et
2403 4846 2568 4900 opera
2629 4830 2944 4885 dulcissimo
2980 4827 3218 4898 Spiritus
3255 4831 3443 4904 amata
3501 4835 3591 4888 in-

2017 4927 2246 4988 Stinctu,
2271 4938 2381 4996 quo
2407 4938 2516 4977 non
2547 4936 2757 4984 omnes,
2789 4921 2882 4974 sed
2911 4920 3056 4990 digni
3091 4930 3293 4975 tantum
3320 4922 3592 4985 fruuntur.

2017 5018 2153 5073 Cum
2204 5025 2386 5070 autem
2437 5029 2689 5069 sermone
2725 5010 2979 5066 fruantur
3011 5012 3325 5084 quicunque
3358 5019 3595 5072 rationa-

2018 5110 2116 5175 les,
2151 5122 2292 5161 nunc
2325 5103 2634 5176 paucissimi
2666 5113 2792 5158 sunt
2819 5117 2955 5173 quos
2988 5102 3221 5175 Spiritus
3254 5107 3426 5177 reipsa
3462 5109 3596 5165 lacti-

2019 5203 2175 5267 licat,
2216 5201 2310 5254 sed
2371 5197 2592 5268 plurimi
2647 5194 2863 5264 species
2915 5193 3185 5250 duntaxat
3233 5199 3593 5266 spiritualium

2018 5308 2330 5350 sermonum
2359 5288 2622 5344 memoria
2649 5296 2984 5356 cognoscunt
3007 5296 3061 5341 et
3084 5289 3433 5357 participant,
3463 5306 3596 5344 non-

2020 5390 2146 5442 dum
2186 5385 2348 5440 cibati
2383 5381 2513 5436 vero
2547 5393 2684 5450 parte
2717 5377 2897 5433 divini
2928 5379 3275 5449 verbilquem
3313 5381 3366 5434 in
3409 5381 3594 5438 futuro

2019 5476 2333 5548 gustabunt,
2363 5480 2418 5528 et
2459 5472 2552 5541 qui
2603 5469 2754 5524 solus
2799 5468 2911 5524 illic
2951 5469 3271 5538 proponitur
3307 5471 3374 5524 ad
3420 5471 3596 5527 laetiti-

2020 5567 2222 5622 candos
2257 5577 2448 5619 omnes
2484 5561 2701 5631 dignos,
2741 5574 2843 5614 nec
2874 5573 3109 5627 unquam
3141 5559 3462 5625 comeditur,
3499 5577 3600 5618 nec

2020 5659 2343 5716 absorbetur
2379 5664 2470 5709 aut
2503 5654 2864 5708 consumitur.

343 5742 435 5780 ται
467 5729 547 5794 εἰς
581 5731 764 5788 πᾶσαν
795 5736 906 5798 τοῖς
931 5735 1104 5799 ἀξίοις
1132 5736 1334 5802 ἱκανῶς
1361 5737 1560 5805 ἡδονήν
1583 5755 1597 5770 ·
1629 5742 1768 5807 μήτε
1793 5741 2127 5808 ἐσθιόμενος,
2164 5737 2304 5807 μήτε
2327 5733 2745 5807 δαπανώμενος,
2766 5737 2802 5806 ἢ
2831 5735 3096 5806 θυόμενος
3127 5731 3371 5787 πώποτε.
