4102 6344
392 375 532 444 1:273

1419 388 1503 449 CA
1517 389 1691 450 PITA
1731 388 1880 450 PER
1921 389 2582 456 ACROSTICHIDEM.

3483 392 3619 457 1⁵274

378 496 524 565 ὥρας
554 495 612 560 ἓξ
633 494 737 559 ἕως
769 513 912 567 πρω.
937 511 950 525 ·
982 494 1100 548 εἶτα
1132 492 1359 562 ψάλλειν
1383 493 1483 563 τὴν
1516 492 1746 562 πρώτην
1788 493 1940 563 ὥραν

2051 514 2106 560 et
2148 508 2200 560 in
2246 507 2460 563 silentio
2503 509 2714 575 sedere,
2751 516 2808 562 ut
2860 523 3026 578 supra
3078 509 3278 562 dictum
3319 519 3420 573 est,
3451 520 3502 562 et
3542 510 3622 564 vel

376 586 470 638 xei.
515 585 840 649 καθέζεσθαι
885 584 1246 656 ἡσυχάζοντα,
1284 583 1359 646 ὡς
1389 583 1752 654 προείρηται·
1787 586 1882 638 καὶ
1911 585 1944 656 ἢ

373 675 500 737 τοὺς
529 676 687 744 ὄρους
717 676 825 729 τῶν
856 674 1132 746 ἐργασιῶν
1179 674 1469 741 φυλάττειν
1510 674 1598 728 διὰ
1629 674 1737 727 τῶν
1767 675 1948 744 ὡρῶν,

373 767 407 836 ἢ
439 767 536 837 τὴν
582 768 861 836 συνέχειαν
895 766 1095 836 δηλαδὴ
1131 767 1228 836 τῆς
1278 766 1589 835 προσευχῆς
1628 766 1950 820 ἀδιάστατον

371 861 580 928 τηρεῖν,
639 860 706 911 δι’
758 854 827 930 ἦς
881 860 914 929 ή
970 857 1083 923 ἕξις
1133 859 1226 932 τὸν
1283 857 1722 928 πολιτευόμενον.
1777 859 1842 910 Ἦ
1893 859 1950 912 δὲ

2053 613 2215 666 opera
2258 600 2404 653 horis
2434 601 2699 670 regulare,
2731 603 2812 654 vel
2844 615 3157 670 permanere
3189 601 3387 669 jugiter
3409 602 3460 654 in
3500 616 3623 653 ora-

2055 694 2200 744 tione
2257 692 2549 755 continua,
2606 707 2702 760 pro
2761 692 3007 746 monachi
3075 691 3347 745 laeultate.
3404 691 3624 745 Tertius

2052 782 2284 850 denique
2335 782 2524 836 modus
2567 792 2651 836 est
2705 791 2870 836 tutam
2921 792 3130 836 noctem
3179 785 3375 836 ducere
3420 783 3624 836 insom-

2055 887 2199 926 nem.

371 952 528 1018 τρίτη
571 950 837 1014 πολιτεία,
876 949 1169 1019 παννύχιον
1217 949 1331 1019 ἔχει
1369 949 1468 1019 τὴν
1501 951 1690 1004 στάσιν
1727 950 1822 1004 καὶ
1851 953 1952 1026 τὴν
1982 955 2338 1027 ἐγρήγορσιν.

445 1033 551 1104 ρβέ,
589 1033 722 1087 Ἰδοὺ
752 1034 862 1104 γάρ
893 1034 986 1088 καὶ
1020 1035 1150 1106 περί
1177 1033 1430 1104 βρώσεώς
1459 1051 1660 1104 φαμεν,
1688 1035 1770 1087 ὅτι
1793 1033 1949 1104 λίτρα

375 1125 540 1196 ἄρτου
569 1127 730 1196 ἀρκεῖ
771 1127 934 1180 παντὶ
975 1127 1054 1198 τῷ
1091 1128 1478 1198 ἀγωνιζομένῳ
1517 1127 1656 1198 πρὸς
1690 1127 1944 1198 ἡσυχίαν,

375 1215 470 1270 καὶ
504 1219 646 1270 οῖνου
683 1217 781 1287 μὲν
817 1217 929 1271 δύω
953 1218 1228 1288 βαυκάλια-
1251 1219 1492 1288 ἀκράτου
1519 1217 1713 1283 πίνειν,
1756 1215 1947 1281 ὕδατος

373 1307 430 1360 δὲ
468 1307 595 1375 τρία
617 1322 630 1336 ⁶
668 1306 763 1358 καὶ
801 1306 910 1359 ἀπὸ
948 1307 1057 1358 τῶν
1087 1306 1490 1377 εὑρισκομένων
1526 1307 1710 1359 σιτίων
1748 1307 1943 1376 τρέφε-

375 1398 519 1458 σθαι,
548 1400 646 1468 οὐχ
670 1400 768 1453 ὃσα
800 1399 953 1470 ζητεῖ
982 1399 1015 1467 ὴ
1049 1398 1210 1466 φύσις
1239 1399 1671 1467 ἐπιθυμητικῶς,
1705 1400 1816 1452 ἀλλ’
1847 1400 1944 1452 ὅσα

371 1492 404 1558 ἡ
457 1490 684 1559 πρόνοια
719 1490 1012 1558 οἰκονομεῖ,
1047 1489 1283 1559 χρᾶσθαι
1343 1490 1646 1560 ἐγκρατῶς.
1691 1491 1944 1558 Ἀριστος

370 1581 483 1654 [Ion
539 1564 760 1653 ἀρίστη]
810 1576 902 1635 οὖν
952 1582 1046 1636 καὶ
1095 1581 1361 1651 σύντομος
1411 1583 1613 1654 είδησις
1665 1585 1794 1654 περὶ
1834 1584 1943 1637 τῶν

368 1672 615 1743 ἀκριϐῶς
665 1671 1048 1726 πολιτεύεσθαι
1104 1672 1465 1743 βουλομένων,
1519 1672 1618 1735 τὰς
1649 1677 1796 1745 τρεῖς
1833 1674 1943 1727 τῶν

366 1761 579 1832 ἀρετῶν
596 1762 950 1831 περιεκτικὰς
975 1763 1236 1833 ἐργασίας
1259 1764 1466 1832 τηρεῖν,
1490 1764 1744 1831 νηστείαν
1773 1763 1938 1832 φημὶ,

2121 1055 2244 1106 109..
2287 1055 2432 1108 Talia
2493 1055 2574 1116 de.
2613 1053 2887 1109 alimentis
2943 1055 3254 1110 statuimus.
3297 1055 3408 1110 Una
3463 1055 3621 1122 panis

2049 1145 2184 1198 libra
2237 1147 2370 1201 satis
2417 1155 2502 1201 est
2547 1146 2772 1200 cuilibet
2817 1146 2880 1198 ad
2926 1148 3296 1214 quietttdinem
3348 1148 3620 1212 tendenti;

2047 1237 2197 1292 bibat
2227 1253 2352 1294 vero
2379 1239 2489 1293 duo
2512 1238 2622 1291 vini
2651 1239 2782 1292 nteri
2815 1241 3028 1306 pocula,
3057 1249 3111 1291 et
3137 1255 3290 1307 aqnte
3318 1239 3447 1292 tria.
3474 1239 3620 1300 (libis

2046 1329 2458 1384 occurrentibus
2503 1328 2703 1393 alatur,
2746 1345 2845 1384 nec
2891 1330 2957 1383 iis
3001 1345 3135 1398 quos
3179 1339 3375 1382 natura
3422 1329 3622 1397 cupide

2045 1420 2271 1486 appetit,
2313 1422 2407 1474 sed
2459 1436 2596 1489 quos
2647 1419 2805 1475 oﬁ‘ert
2855 1420 3228 1480 Providentia,
3278 1427 3478 1472 utatur.
3530 1418 3623 1472 llis

2042 1511 2208 1579 igitur
2245 1511 2335 1579 qui
2382 1511 2616 1579 perfecte
2645 1512 2824 1566 vivere
2865 1511 3044 1563 volunt
3077 1550 3091 1575 ,
3157 1519 3301 1562 recta
3346 1519 3396 1561 et
3443 1507 3622 1562 brevis

2044 1601 2127 1655 via
2170 1611 2255 1655 est
2276 1615 2495 1656 servare
2559 1603 2661 1655 tria
2702 1617 2864 1670 opera
2899 1601 3092 1669 quibus
3146 1601 3369 1654 virtutes
3401 1614 3624 1654 conser-

2044 1700 2262 1759 vantur,
2314 1707 2507 1761 nempe
2559 1693 2978 1754 absﬁuentiam,
3031 1693 3336 1744 orationem
3393 1701 3445 1744 et
3489 1691 3621 1759 vigi-

2043 1781 2208 1846 liam,
2257 1797 2380 1853 qua:
2425 1793 2648 1838 cunctas
2705 1783 3016 1858 ﬁrmissimo
3084 1783 3366 1836 stabiliunt
3424 1782 3619 1835 funda-

364 1852 704 1921 ἀγρυπνίαν,
737 1853 831 1905 καὶ
864 1852 1194 1924 προσευχὴν,
1223 1853 1283 1906 τὸ
1315 1853 1548 1922 ἐρεισμοι
1594 1854 1810 1908 πάντων
1851 1848 1942 1924 βέ“
1974 1844 2010 1894 ³
2046 1844 2252 1930 mento-

363 1943 626 2006 ϐαιούσας
654 1944 1040 2014 κραταιότατα.
1163 2000 1166 2003 λ

440 2032 544 2101 ργ’.
600 2033 662 2086 ἸΙ
704 2033 904 2102 ἡσυχία
937 2033 1044 2102 πρὸ
1098 2033 1317 2087 πάντων
1363 2034 1600 2097 πίστεως
1638 2035 1808 2087 δεῖται
1848 2036 1941 2091 καὶ

363 2123 644 2191 ὑπομονῆς
665 2164 680 2188 ,
711 2123 806 2176 καὶ
835 2123 930 2193 τῆς
965 2123 1023 2188 ἐξ
1052 2123 1178 2193 ὅλης
1201 2123 1446 2192 καρδίας,
1489 2126 1583 2177 καὶ
1617 2122 1821 2192 ἰσχύος,
1848 2122 1942 2174 καὶ

359 2215 667 2282 δυνάμεως,
723 2214 964 2282 ἀγάπης,
1017 2216 1112 2268 καὶ
1143 2214 1378 2278 ἐλπίδος.
1437 2215 1494 2267 'U
1550 2215 1645 2284 μὲν
1697 2215 1804 2284 γὰρ
1849 2232 1941 2267 πι-

267 2363 275 2366 η
364 2303 596 2366 στεύων,
643 2304 748 2360 κᾶν
801 2304 1038 2357 ἐνταῦθα
1071 2304 1164 2357 τοῦ
1210 2305 1541 2376 ζητουμένου
1581 2306 1824 2377 ἀποτύχῃ
1870 2305 1942 2358 δι’

362 2393 627 2462 ἀμέλειαν
676 2394 862 2463 τυχὸν,
903 2395 942 2464 ἢ
985 2395 1150 2464 ἄλλην
1183 2395 1384 2458 αἰτίαν,
1417 2395 1533 2447 ἀλλ’
1562 2397 1620 2448 ἐν
1670 2397 1735 2464 τῇ
1774 2394 1942 2465 ἐξόδῳ

359 2485 584 2547 πάντως
626 2485 886 2542 ἀδύνατον
937 2486 1011 2556 μὴ
1061 2485 1547 2557 πληροφορηθῆναι
1589 2487 1680 2540 τὸν
1728 2485 1941 2556 καρπὸν

358 2576 463 2644 τῆς
504 2576 739 2634 πίστεως
783 2576 876 2627 καὶ
920 2574 1016 2634 τοῦ
1056 2577 1304 2642 ἀγῶνος,
1359 2576 1455 2628 καὶ
1492 2576 1624 2626 ίδεῖν
1661 2575 1757 2644 τὴν
1791 2575 1941 2632 ἐλευ-

359 2669 591 2739 θερίαν⁶
640 2668 698 2730 ὃς
738 2669 886 2719 ἐστιν
940 2665 1147 2736 Ἰησοῦς
1186 2669 1214 2719 6
1248 2666 1501 2736 Χριστὸς,
1535 2667 1568 2737 ἡ
1604 2665 1714 2719 τῶν
1754 2665 1942 2736 ψυχῶν

359 2764 743 2833 ἀπολύτρωσις
803 2761 900 2814 καὶ
948 2761 1232 2832 σωτηρία,
1281 2763 1309 2813 6
1354 2759 1701 2830 θεάνθρωπος
1745 2760 1937 2826 Λόγος.

370 2855 437 2908 '0
465 2856 522 2908 δὲ
580 2853 824 2907 ἀπιστῶν
873 2851 1340 2923 κατακριθήσεται
1388 2851 1606 2912 πάντως
1640 2852 1698 2902 ὲν
1737 2849 1900 2920 ἐξόδῳ
1923 2864 1940 2880 ο

356 2946 501 2999 ἀλλὰ
528 2945 623 2998 καὶ
653 2945 751 3013 ἤδη
785 2944 1060 3014 κέκριται,
1095 2943 1259 3012 φησιν
1285 2944 1312 2994 6
1339 2942 1559 3009 Κύριος.
1603 2943 1658 2995 Ὀ
1688 2943 1796 3011 γὰρ
1822 2944 1941 3004 ταῖς

357 3039 576 3108 ἡδοναῖς
631 3035 917 3099 δουλεύων,
967 3034 1252 3099 καὶδόξαν
1297 3032 1393 3102 τὴν
1443 3033 1594 3102 παρὰ
1641 3033 1942 3102 ἀνθρώπων

2115 2047 2240 2102 105.
2274 2048 2366 2102 Est
2386 2049 2552 2118 quieti
2583 2059 2709 2103 ante
2728 2052 2909 2105 omnia
2946 2066 3082 2116 opus
3101 2051 3254 2114 ﬁdes,
3276 2061 3328 2104 et
3363 2058 3620 2105 constan-

2042 2137 2139 2204 tia,
2175 2148 2231 2192 et
2253 2139 2493 2193 charitas
2521 2155 2586 2194 ex
2615 2150 2723 2192 tota
2756 2141 2956 2202 anima,
3011 2142 3210 2196 virtute
3263 2156 3327 2194 ac
3357 2141 3615 2210 potentia,

2041 2234 2100 2285 et
2131 2240 2278 2298 spes.
2308 2230 2441 2283 Nam
2472 2230 2516 2284 si
2546 2232 2665 2296 quis
2699 2232 2854 2284 ﬁdem
2884 2233 3066 2295 habet,
3095 2233 3220 2286 licet
3250 2247 3395 2286 nunc
3432 2235 3614 2287 forsan

2041 2338 2068 2376 a
2103 2335 2272 2390 scopo
2302 2320 2370 2374 ob
2403 2321 2669 2374 incuriam
2704 2322 2933 2376 aliamve
2967 2338 3186 2377 causam
3223 2324 3460 2386 aberret.
3514 2325 3622 2376 sal-

2044 2419 2150 2463 tem
2195 2410 2249 2464 in
2299 2409 2444 2462 exitu
2497 2411 2620 2463 vita:
2677 2424 2782 2462 non
2833 2421 3012 2480 potest
3049 2427 3152 2466 non
3204 2412 3346 2466 ferre
3391 2413 3616 2468 multum

2043 2499 2171 2556 ﬁdei
2213 2510 2268 2554 et
2312 2501 2626 2556 certaminis
2673 2500 2929 2564 fructum,
2963 2515 3015 2558 et
3059 2505 3365 2559 libertatem
3406 2505 3615 2566 videre,

2044 2611 2166 2662 qua:
2213 2603 2298 2649 est
2348 2593 2511 2648 Jesus
2548 2593 2850 2658 .rChrisms,
2903 2597 3210 2650 animarum
3261 2597 3521 2651 liberator
3564 2606 3619 2650 et

2043 2682 2306 2745 salvator,
2337 2682 2477 2735 Dens
2522 2683 2683 2737 homo
2710 2684 2969 2738 Verbum.
2997 2685 3098 2750 Qui
3130 2701 3256 2738 vero
3285 2701 3392 2738 non
3422 2686 3615 2747 credit,

2040 2781 2187 2825 certe
2211 2773 2665 2826 condcutnabitnr
2709 2775 2760 2826 in
2808 2777 2978 2838 exitu,
3006 2786 3059 2827 et
3079 2776 3186 2842 jam
3213 2775 3483 2842 judicatus
3512 2785 3616 2839 est,

2040 2863 2116 2918 ait
2141 2863 2182 2916 υ
2207 2863 2445 2919 ominus.
2475 2862 2574 2928 Qui
2603 2864 2746 2918 enim
2779 2866 3139 2935 voluptatibus
3162 2867 3406 2933 inservit,
3426 2875 3480 2921 et
3507 2867 3621 2937 glo-

2046 2952 2185 3007 riam
2224 2954 2420 3021 quaerit
2450 2956 2518 3007 alt
2559 2955 2891 3018 hominibus,
2925 2971 3028 3009 non
3065 2973 3094 3010 a
3141 2958 3268 3022 Deo,
3306 2958 3618 3012 incredulus

2041 3049 2150 3108 est,
2185 3042 2396 3110 inquit;
2437 3051 2491 3096 et
2529 3045 2780 3112 quamvis
2825 3047 2879 3098 in
2928 3061 3176 3100 sermone
3221 3046 3396 3102 ﬁdelTs
3437 3048 3617 3100 videa-

357 3127 582 3196 ζητῶν,
617 3126 713 3178 καὶ
743 3125 804 3178 οὐ
835 3126 934 3194 τὴν
973 3129 1038 3179 ὲκ
1089 3124 1247 3190 Θεοῦ,
1296 3124 1522 3186 ἄπιστός
1569 3126 1683 3181 ἐστι
1708 3164 1723 3188 ,
1765 3123 1898 3193 φησί
1922 3139 1936 3154 ο

2043 3140 2148 3199 tur,
2183 3133 2536 3202 semetipsum
2592 3135 2794 3190 inscius
2829 3137 2983 3191 Fallit.
3023 3136 3280 3205 Namque
3325 3137 3464 3191 hanc
3506 3152 3608 3190 au-

355 3217 464 3270 κᾶν
504 3217 562 3266 ὲν
597 3215 742 3282 λόγῳ
779 3215 967 3275 πιστὸς
1007 3209 1147 3265 εἶναι
1178 3215 1308 3281 δοκῇ
1358 3214 1386 3264 6
1418 3211 1682 3274 τοιοῦτος,
1723 3213 1939 3280 ὴπὰτηο

358 3326 459 3360 σεν
496 3307 690 3360 ἑαυτὸν
713 3305 1034 3374 λεληθότως.
1072 3303 1389 3358 Ἀκούσεται
1412 3304 1541 3374 γὰρ,
1573 3307 1654 3358 ὅτι
1695 3305 1834 3363 ‘AvO‘
1866 3298 1941 3358 ὧν

352 3400 462 3453 οὐκ
502 3397 689 3458 ἔλαὸἐς
723 3414 790 3464 με
825 3397 882 3456 ὲν
920 3398 986 3463 τῇ
1013 3395 1210 3467 καρδία
1242 3411 1357 3456 σου,
1387 3395 1500 3448 ἀλλ’
1535 3395 1846 3466 ἀπέρριψας
1875 3411 1940 3464 με

355 3491 542 3543 ὀπίσω
581 3488 675 3543 τοῦ
703 3489 871 3541 νώτου
903 3505 996 3540 σου
1015 3527 1029 3550 ,
1076 3487 1231 3562 κάγὼ
1261 3487 1555 3556 ἀπώσομαι
1601 3504 1683 3541 σε.
1714 3489 1806 3540 Δεῖ
1833 3487 1945 3561 γὰρ

355 3581 452 3633 τὸν
509 3580 698 3632 πιστὸν
755 3577 973 3631 εύελπιν
1016 3573 1192 3641 εῖναι,
1230 3577 1325 3632 καὶ
1357 3577 1632 3642 πιστεύειν
1699 3578 1797 3648 μὲν
1844 3579 1940 3646 τὴν

355 3671 454 3727 τοῦ
506 3671 641 3722 Θεοῦ
675 3669 933 3738 ἀλήθειαν
955 3707 970 3729 ,
1008 3657 1463 3738 μαρτυρουμένην
1493 3670 1550 3720 ὲν
1584 3667 1788 3734 πάσαις
1822 3671 1942 3730 ταῖς

356 3762 613 3831 Γραφαῖς
635 3800 648 3822 ,
679 3759 962 3828 ὁμολογεῖν
985 3757 1041 3824 δὲ
1065 3761 1164 3825 τὴν
1193 3755 1385 3808 ἑαυτοῦ
1414 3755 1716 3819 ἀσθένειαν,
1750 3755 1836 3808 ἵνα
1865 3756 1940 3834 μὴ

357 3850 590 3905 διπλοῦν
617 3847 711 3918 ἓξῃ
745 3847 806 3900 τὸ
839 3850 1014 3917 κρῖμα
1041 3847 1136 3899 καὶ
1168 3846 1561 3916 ἀπαραίτητον.

428 3943 534 4012 ρδ’.
585 3938 1083 4009 Συντετριμμένηνξ
1111 3938 1340 4008 καρδίαν
1383 3939 1476 3990 καὶ
1508 3937 1686 4006 ψυχὴν
1749 3954 1938 4000 ταπει-

354 4031 615 4100 νωμένην
671 4029 822 4081 οὐδὲν
862 4027 1036 4091 οὕτως
1093 4030 1339 4098 ἐμποιεῖ,
1399 4028 1472 4089 ὡς
1527 4029 1587 4080 τὸ
1625 4027 1846 4090 ἰδιάζειν
1884 4031 1942 4080 έν

353 4124 588 4191 γνώσει,
618 4122 711 4173 καὶ
756 4122 788 4187 ἡ
820 4123 883 4172 ὲκ
918 4122 1137 4173 πάντων
1177 4121 1375 4189 σιωπή.
1427 4120 1646 4186 Κυρίως
1674 4120 1770 4172 οὐκ
1814 4118 1943 4173 ἄλλο

354 4212 404 4264 τί
444 4197 585 4262 ἐστι’
620 4210 678 4260 τὸ
729 4211 989 4280 λυμαῖνον
1029 4209 1126 4277 τὴν
1162 4207 1492 4261 κατάστασιν
1540 4208 1639 4274 τῆς
1687 4207 1938 4277 ἡσυχίας,

353 4307 445 4358 καὶ
485 4303 584 4371 τὴν
622 4301 771 4353 θείαν
813 4299 872 4365 ἐξ
910 4301 1079 4369 αὐτῆς
1115 4299 1432 4369 περιαιροῦν
1463 4299 1715 4367 δύναμιν,
1760 4299 1834 4361 ὠς
1872 4299 1943 4353 τὰ

353 4383 688 4465 περεεκτικὰ
739 4391 798 4456 ἒξ
852 4391 997 4457 πάοη
1058 4389 1270 4444 ταῦτα·
1331 4391 1652 4460 παρρησία,
1716 4408 1942 4461 γαστρι-

2040 3221 2150 3274 dict
2205 3223 2536 3276 sententiam
2575 3239 2591 3278 :
2626 3224 2763 3289 Quia
2821 3241 2922 3280 non
2971 3229 3224 3296 recepisti
3273 3243 3360 3283 me
3396 3244 3460 3281 ex
3509 3238 3620 3280 toto

2041 3313 2205 3367 corde
2245 3322 2360 3379 tuo,
2397 3324 2453 3368 et
2501 3331 2588 3371 me
2626 3327 2749 3385 post
2795 3324 3002 3386 tergum
3052 3318 3311 3381 refecisti,
3347 3329 3400 3371 et
3433 3335 3531 3389 ego
3567 3331 3619 3373 te

2044 3404 2326 3473 repellam.
2360 3404 2529 3460 Debet
2571 3407 2738 3472 igitur
2775 3408 2946 3461 ﬁdelis
2983 3408 3358 3478 bonatnspem
3395 3411 3616 3475 habere,

2042 3503 2093 3545 et
2127 3492 2357 3547 crede‘l'e
2388 3494 2607 3562 quidem
2666 3495 2757 3550 Dei
2804 3495 3116 3562 veritatem,
3149 3513 3307 3563 quant
3350 3507 3620 3552 testantur

2042 3596 2234 3636 omnes
2283 3583 2604 3652 Scriptura},
2637 3587 2881 3641 conﬁteri
2920 3597 3102 3640 autem
3142 3589 3414 3657 propriam
3469 3589 3619 3642 inﬁr-

2043 3675 2310 3739 mitatettt,
2349 3688 2416 3728 ne
2463 3675 2660 3744 duplex
2707 3686 2759 3731 et
2806 3679 3144 3733 inexorabile
3193 3681 3432 3734 incurrat
3471 3680 3618 3748 judi-

2041 3777 2211 3817 Clum.

2117 3939 2240 3993 104.
2278 3942 2358 3995 Ad
2405 3958 2500 3995 cor
2545 3943 2838 3998 contritum
2889 3955 2944 3997 et
2989 3946 3224 3999 animam
3278 3947 3614 4000 ltutttiliatam

2044 4031 2182 4090 nihil
2226 4042 2331 4084 tam
2375 4035 2652 4099 conducit,
2684 4038 2990 4104 quam,vita
3030 4039 3255 4092 interius
3289 4039 3513 4107 mystica
3561 4047 3617 4091 et

2047 4124 2272 4177 omnino
2324 4124 2511 4179 silens.
2561 4126 2671 4181 Nec
2721 4127 2865 4181 aliud
2925 4129 3139 4196 proprie
3184 4139 3289 4180 tam
3340 4129 3618 4198 perturbat

2043 4215 2243 4280 quietis
2281 4223 2481 4270 statum
2523 4227 2577 4270 et
2627 4218 2859 4271 divinam
2901 4220 2968 4272 ab
3013 4234 3076 4272 ea
3119 4219 3297 4272 aufert
3340 4221 3612 4283 virtutem,

2043 4321 2206 4374 quam
2243 4307 2498 4376 capitalia
2531 4323 2624 4362 sex
2661 4309 2788 4362 vitia
2828 4310 2938 4363 haec
2971 4326 2986 4363 :
3015 4312 3182 4364 nimia
3223 4313 3463 4376 libertas,
3495 4326 3614 4365 ser—

2042 4397 2184 4451 vitus
2225 4397 2453 4464 ventris,
2497 4398 2973 4465 multiloquentia,
3016 4401 3391 4469 negotiositas,
3431 4401 3613 4465 elatio,

355 4504 468 4556 μαρ
486 4485 601 4552 γὶα,
634 4481 927 4549 πολυλογία
959 4498 1016 4533 τε
1049 4482 1143 4533 καὶ
1196 4481 1581 4550 περισπασμὸς
1605 4519 1620 4544 ,
1654 4483 1938 4548 φυσίωσις,

2045 4498 2100 4541 et
2134 4483 2316 4556 regina
2353 4488 2666 4555 passionum
2714 4489 2989 4555 superbia.
3025 4488 3121 4544 His
3147 4491 3241 4559 qui
3278 4492 3498 4546 studere
3531 4508 3616 4547 as-

356 4578 448 4628 ttcti.
504 4575 536 4641 ἡ
593 4572 755 4641 κυρία
792 4573 901 4623 τῶν
937 4571 1124 4625 παθῶν
1161 4571 1359 4640 οἴησις.
1411 4571 1504 4633 Εἰς
1547 4569 1691 4639 ἅπερ
1735 4571 1763 4621 ὁ
1802 4569 1942 4637 μετὰ

2045 4577 2224 4632 suevit
2263 4587 2318 4631 et
2357 4578 2412 4630 in
2453 4578 2533 4633 eis
2573 4580 2747 4648 magis
2791 4581 3069 4651 magisque
3107 4582 3356 4652 profecit.
3399 4581 3458 4636 ﬁt
3501 4598 3616 4637 ont-

365 4663 679 4736 προθυμίας
719 4664 925 4733 ἐθίσας,
955 4663 1177 4725 τελείως
1218 4663 1313 4715 καὶ
1350 4662 1490 4731 μετά
1528 4661 1628 4730 τὴν
1658 4662 1942 4732 προκοπὴν

2043 4668 2169 4721 nino
2209 4683 2384 4723 caecus
2431 4677 2486 4724 et
2539 4684 2737 4725 sensus
2779 4687 3026 4742 exSpers.
3062 4674 3213 4738 Quod
3247 4675 3290 4726 si
3325 4673 3520 4729 iterum
3554 4691 3613 4731 se

370 4756 461 4808 ἐπὶ
511 4753 694 4805 πλεῖον
731 4751 1133 4820 σκοτιζόμενος,
1188 4751 1516 4821 ἀναίσθητος
1555 4752 1780 4819 γίνεται.
1832 4751 1944 4804 Καὶ

370 4847 418 4899 εἰ
451 4846 549 4914 μὲν
598 4843 888 4896 ἀνανεύσει
923 4841 1114 4907 πάλιν,
1155 4843 1293 4912 μετά
1325 4842 1562 4906 πίστεως
1601 4843 1698 4898 καὶ
1744 4842 1943 4912 προθυ-

379 4936 500 5006 μίας
533 4932 710 5003 βαλὼν
745 4932 940 5002 ἀρχὴν,
968 4931 1064 4982 τοῦ
1102 4932 1436 5002 ζητουμένου
1469 4933 1717 4998 τεύξεται
1747 4935 1937 4988 πάλιν·

374 5028 465 5082 καὶ
493 5026 728 5094 μάλιστα
755 5021 1180 5092 ταπεινούμενος
1207 5024 1300 5076 καὶ⁴
1329 5023 1527 5100 ζητῶν.
1562 5025 1624 5078 El
1653 5024 1711 5077 δὲ
1743 5023 1801 5077 ἓν
1831 5025 1940 5078 τῶν

378 5115 786 5185 προειρημένων
811 5113 901 5166 διὰ
926 5113 1025 5183 τῆς
1051 5113 1313 5182 ἀμελείας
1348 5113 1660 5184 βασιλεύσει
1684 5117 1741 5168 ὲν
1771 5113 1939 5185 αὐτῷ.

374 5209 489 5260 τότε
526 5208 669 5265 ἅπας
696 5206 725 5256 6
771 5204 881 5257 τῶν
923 5206 1106 5258 κακῶν
1150 5208 1448 5274 κατάλογος
1479 5210 1575 5261 σὺν
1604 5211 1668 5278 τῇ
1714 5206 1942 5276 ὀλεθρίῳ

378 5300 598 5369 ἀπιστία
636 5300 1064 5368 ἐκστρατεύσας,
1117 5298 1318 5366 ἔρημον
1351 5299 1448 5365 τὴν
1481 5295 1659 5366 ψυχὴν
1701 5293 1947 5364 ἀπεργά-

378 5388 528 5451 ζεται
548 5404 562 5418 ο
601 5381 709 5439 οἷόν
738 5403 860 5438 τινα
896 5385 1239 5438 Βαϐυλωνίαν
1269 5386 1423 5437 πόλιν
1454 5385 1617 5454 ἀλλην
1640 5424 1654 5446 ,
1691 5387 1810 5447 ταῖς
1838 5383 1947 5437 τῶν

375 5481 646 5547 δαιμόνων
703 5478 995 5546 γινομένην
1048 5479 1313 5546 ταραχαῖς
1367 5476 1460 5528 καὶ
1521 5473 1803 5546 θορύϐοις·
1873 5475 1947 5537 ὡς

375 5569 508 5622 εἶναι
575 5571 642 5622 τὰ
674 5570 878 5638 ἔσχατα
909 5568 1128 5637 χείρονα
1167 5569 1274 5620 τῶν
1305 5567 1538 5636 πρώτων
1561 5580 1575 5594 ⁸
1616 5567 1711 5618 καὶ
1755 5565 1947 5634 ὲχθρὸν

374 5661 672 5730 Θυμοειδῆ,
722 5663 814 5713 καὶ
873 5661 1178 5730 κατήγορον
1229 5660 1367 5712 κατὰ
1412 5659 1518 5711 τῶν
1568 5659 1947 5729 ἡσυχαζόντων

2043 4759 2241 4827 erigat,
2273 4775 2396 4814 cum
2443 4761 2547 4817 ﬁde
2587 4777 2649 4818 ac
2679 4763 2958 4834 diligentia
2989 4774 3227 4834 emptum
3261 4765 3460 4830 iniens,
3493 4781 3614 4822 sco-

2041 4864 2164 4917 pum
2200 4867 2387 4907 rursus
2421 4852 2778 4922 adipiscetur,
2822 4855 3057 4908 maxime
3087 4855 3131 4909 si
3164 4855 3440 4910 humiliter
3469 4858 3612 4912 ltunc

2040 4943 2371 5010 quaesiverit.
2410 4942 2466 4998 Si
2501 4959 2627 4999 vero
2659 4961 2763 4999 una
2797 4961 2861 4999 ex
2895 4946 3139 5015 praelatis
3169 4949 3510 5018 passionibus
3539 4950 3609 5005 ob

2040 5033 2426 5103 negligentiam
2483 5035 2534 5088 in
2589 5051 2653 5091 eo
2707 5046 2929 5106 regnet,
2990 5045 3118 5112 tunc
3174 5047 3284 5093 tota
3343 5040 3606 5095 ntalorum

2039 5127 2208 5179 series
2242 5140 2361 5180 cum
2397 5127 2602 5182 letifera
2647 5128 3030 5184 incredulitate
3074 5129 3402 5198 irrumpens,
3451 5133 3607 5187 deso-

2038 5217 2183 5272 latur
2227 5220 2506 5285 animam,
2548 5233 2701 5288 qute,
2747 5220 2893 5274 velut
2945 5220 3112 5275 altera
3169 5223 3299 5276 urbs
3349 5223 3606 5293 Babylon,

2039 5307 2346 5362 daemonum
2405 5308 2637 5362 traditur
2696 5310 2867 5364 turbis
2924 5325 2987 5366 ac
3041 5311 3378 5377 tumultibus,
3417 5313 3488 5366 ita
3548 5324 3607 5368 ut

2040 5395 2170 5448 ﬁant
2203 5396 2496 5449 novissima
2532 5396 2651 5463 ejus
2684 5399 2868 5467 pejora
2911 5401 3206 5469 prioribus,
3238 5410 3291 5455 et
3333 5402 3609 5469 impugnet

2039 5486 2156 5555 ejus
2201 5489 2434 5554 quietem
2485 5488 2656 5544 hostis
2703 5498 2760 5543 et
2805 5503 3110 5558 accusator,
3157 5501 3212 5545 et
3255 5491 3488 5560 linguam
3546 5501 3606 5545 ut

2039 5577 2282 5631 lanceam
2311 5578 2658 5649 gladiumque
2683 5582 2972 5651 bipennem
3000 5591 3189 5636 contra
3215 5580 3361 5636 illam
3389 5593 3605 5651 semper

2036 5678 2284 5727 exacuet.

379 5751 681 5830 γινόμενον,
714 5752 808 5806 καὶ
843 5752 944 5819 τὴν
971 5751 1220 5820 γλῶσσαν
1250 5751 1322 5813 ὡς
1352 5750 1529 5817 ὀξεῖαν
1560 5752 1653 5804 καὶ
1683 5751 1758 5812 ὡς
1788 5749 2031 5825 δίστομον
2061 5755 2144 5808 ἀεὶ
2176 5756 2293 5809 κατ’
2327 5755 2505 5808 αὐτῶν
2533 5758 2804 5827 μάχαιραν
2837 5759 3086 5826 θήγοντα.
