4102 6344
563 369 700 438 1275
1781 371 2167 432 GREGORII

2221 367 2557 434 SINAITA!
3674 362 3835 424 1276

636 485 760 537 105.
799 483 1017 537 CcenOsi
1079 481 1390 548 tttrlnidique
1443 479 1614 533 instar
1669 480 1836 534 maris
1894 480 2130 548 quictam

2311 491 2408 556 pe'.
2444 479 2650 538 Ὕδατα
2673 482 2878 548 παθῶν,
2912 483 2970 550 ἐξ
2999 479 3074 538 ὧν
3101 479 3351 554 ήθολερὰ
3383 483 3479 538 καὶ
3505 501 3848 555 σύμμικτος

560 574 892 629 inundantes
932 574 1170 628 animam
1201 574 1356 626 unda!
1395 571 1734 640 passionum,
1763 571 1922 624 aliter
1953 569 2125 640 trajici

559 676 829 732 nequeunt
872 681 1032 733 quam
1070 665 1170 716 levi
1208 666 1422 728 citaque
1463 664 1583 716 navi
1624 661 1950 716 universalis
1994 676 2128 730 pau-

559 757 786 825 perlatis
813 766 865 810 et
907 755 1291 823 tetttperatttim.
1344 751 1478 806 Nam
1514 769 1580 806 ex
1632 753 2052 821 intemperantia
2076 760 2131 804 et

559 862 622 901 ex
667 837 962 916 cupiditate
1006 845 1311 900 dillluentes
1362 846 1412 898 in
1465 854 1664 898 terram
1703 843 1883 898 cordis
1926 842 2129 911 passio-

558 950 691 987 num
743 943 1034 1000 torrentes,
1067 945 1125 988 et
1162 949 1380 988 onmem
1429 935 1690 986 malarum
1736 934 2127 1002 cogitationum

557 1028 902 1093 pulredinctn
937 1035 1100 1090 atque
1133 1028 1348 1079 sordem
1386 1025 1438 1078 in
1479 1037 1596 1080 eam
1631 1025 1967 1088 invehentes,
2003 1039 2128 1093 per-

559 1118 780 1170 turbant
828 1127 1100 1180 mentem,
1153 1117 1484 1170 intellectum
1544 1116 1784 1180 findant,
1843 1116 2130 1186 ingravant

555 1221 775 1272 corpus,
811 1217 866 1258 et
911 1221 1082 1273 usque
1134 1207 1268 1260 adeo
1319 1207 1373 1259 in
1428 1205 1805 1275 negligentiam
1855 1206 2132 1259 tenebras-

557 1314 661 1362 que
715 1309 770 1352 et
822 1308 1094 1366 torporem
1152 1298 1389 1351 animam
1448 1306 1501 1350 et
1553 1313 1648 1351 cor
1699 1298 2019 1363 impellunt,
2071 1305 2132 1350 ut

554 1391 662 1457 jam
709 1401 816 1444 non
865 1393 1162 1446 secundum
1213 1401 1461 1444 naturam
1511 1391 1752 1444 habeant
1798 1406 1857 1446 se
1899 1404 1964 1444 ac
2004 1403 2133 1445 sen-

557 1482 711 1532 tiant.
785 1535 788 1539 ,

625 1568 754 1623 106.
802 1569 1074 1636 Dcsidem,
1115 1569 1358 1639 ignavam
1402 1580 1456 1625 et
1502 1569 1846 1640 insipientem
1886 1571 2021 1625 nihil
2057 1570 2132 1625 ita

556 1663 734 1714 reddit
776 1662 1099 1714 certantium
1149 1663 1409 1724 animam,
1453 1673 1514 1716 ut
1559 1664 1642 1716 sui
1695 1677 1868 1727 amor,
1909 1663 2003 1732 qui
2050 1672 2129 1716 est

553 1767 680 1806 Vere
722 1755 1038 1821 passionum
1082 1752 1270 1806 fomes.
1312 1753 1448 1808 Cum
1485 1754 1626 1806 enim
1677 1753 1926 1821 corporis
1974 1755 2130 1821 quie-

555 1855 663 1900 tem
700 1847 976 1899 laboribus
1015 1847 1274 1898 virtutum
1317 1844 1593 1912 praeferat,
1625 1853 1682 1899 et
1714 1859 1810 1913 pro
1845 1844 2140 1899 salutifera

553 1938 708 2004 gnosi
743 1947 952 2005 reputet
984 1951 1087 1989 non
1134 1935 1382 1988 laborare
1413 1951 1514 1989 nec
1551 1936 1763 2004 operari
1798 1937 1962 2000 ultro,
1995 1951 2132 2003 prae-

552 2026 739 2080 sertim
785 2027 836 2078 in
884 2025 1133 2078 facilibus
1179 2025 1494 2093 levibusque
1529 2027 1909 2078 mandatorum
1948 2027 2131 2094 operi-

553 2118 680 2183 bus,
714 2118 939 2186 proinde
993 2119 1228 2171 animam
1281 2119 1510 2172 inertem
1577 2119 1642 2171 ad
1705 2119 2128 2185 percurrendum

551 2211 884 2278 quietndiuis
925 2208 1162 2264 stadium
1209 2209 1432 2262 reddere
1469 2209 1628 2274 solet,
1664 2219 1828 2278 atque
1864 2209 2128 2263 desidiam

552 2303 606 2355 in
682 2303 942 2370 operibus
1013 2317 1265 2370 magnam
1335 2303 1587 2372 producit
1659 2311 1713 2357 et
1782 2302 2130 2371 inexpugna—

553 2395 734 2447 bilem.

624 2489 748 2540 107.
787 2487 994 2540 Eximia
1028 2489 1312 2556 primaque
1344 2487 1752 2554 ntedicina,qua
1787 2494 2122 2555 aegrotantes

551 2593 579 2632 a
617 2581 702 2634 via
759 2582 1142 2633 mandatorum
1195 2583 1392 2632 luteam
1422 2593 1584 2646 quam
1621 2577 1914 2632 ebiberunt
1939 2576 2128 2646 caligi-

548 2688 674 2726 nem
726 2672 886 2726 facile
916 2680 1193 2734 evomant,
1233 2679 1465 2725 estcum
1502 2670 1606 2724 lide
1653 2670 1707 2723 in
1759 2669 2014 2724 omnibus
2044 2669 2127 2722 in-

551 2765 805 2819 distincte
832 2765 1076 2819 obedire.
1105 2763 1194 2818 Est
1227 2764 1368 2817 enim
1401 2764 1551 2832 pctio
1582 2763 1779 2816 multas
1811 2763 1863 2814 in
1895 2761 2118 2816 bibenti-

548 2859 650 2912 bus
679 2858 994 2926 germinans
1017 2857 1268 2920 virtutes,
1300 2864 1353 2908 et
1386 2855 1671 2910 cicatrices
1707 2855 1988 2908 vulnerum
2020 2866 2128 2907 uno

549 2950 660 3004 ictu
695 2932 997 3002 emundans
1044 2947 1359 3013 scalpellum
1391 2963 1406 3002 :
1441 2961 1548 3016 quo
1593 2947 1637 3000 si
1674 2947 1796 3016 quis
1829 2947 1880 2998 iu
1927 2947 2030 2999 [ide
2065 2959 2128 2998 ae

557 3041 912 3107 simplicitate
946 3041 1018 3092 uti
1043 3041 1174 3094 velit
1204 3051 1257 3092 et
1292 3039 1449 3105 sciat,
1477 3054 1668 3092 omnes
1701 3053 1805 3092 una
1847 3037 2127 3105 passiones

549 3131 842 3195 abscindit,
878 3147 978 3198 nec
1006 3131 1181 3186 solum
1219 3131 1456 3199 quietem
1508 3130 1848 3198 adipiscitur,
1881 3131 1974 3184 sed
2013 3129 2125 3196 jam
2151 3160 2197 3222 ο

550 3238 614 3277 ea
647 3238 741 3292 per
773 3222 1136 3277 obedientiam
1168 3225 1370 3292 potitus
1400 3232 1504 3284 est,
1538 3223 1665 3291 quia
1711 3221 1991 3276 Christum
2037 3222 2128 3274 in-

548 3318 719 3382 venit,
757 3318 984 3386 ejusque
1009 3316 1250 3369 imitator
1278 3324 1332 3369 et
1353 3315 1587 3370 famulus
1615 3315 1676 3367 fit
1706 3327 1769 3368 ac
1803 3315 2019 3368 dicitur.

625 3495 747 3550 108.
783 3494 972 3549 Omnis
1010 3497 1062 3549 in
1083 3495 1232 3549 luctu
1266 3510 1374 3549 non
1407 3509 1642 3563 operans
1673 3503 1726 3546 et
1760 3494 1970 3557 vivens,
1999 3494 2131 3547 tole-

554 3604 679 3644 rare
731 3587 919 3656 nequit
964 3587 1199 3641 calorem
1253 3586 1608 3655 quietudinis.
1652 3585 1786 3638 Nam
1854 3586 1943 3654 qui
1987 3586 2131 3654 luget

554 3693 717 3748 atque
763 3680 1020 3734 terribilia
1061 3678 1255 3731 mortis
1279 3677 1538 3744 praeludia
1570 3685 1625 3728 et
1649 3677 1989 3728 consec'aiia
2023 3691 2136 3730 iue-

553 3773 781 3831 ditatur,
811 3769 1128 3836 priusquam
1168 3768 1400 3836 ipsamct
1431 3763 1746 3826 adveniant,
1769 3765 2128 3818 Constantiam

557 3861 778 3915 habebit
811 3870 862 3911 et
892 3858 1274 3921 humilitatem,
1315 3870 1432 3923 qua:
1476 3863 1604 3906 sunt
1645 3856 1750 3907 duo
1783 3854 1984 3922 quietis
2011 3856 2132 3908 lun-

559 3952 842 4005 damenta.
874 3949 978 4014 Qui
1030 3963 1158 4002 vero
1217 3949 1335 4002 sine
1388 3946 1470 4000 his
1502 3947 1668 3998 vitam
1711 3946 1820 4014 agit
1867 3948 2128 4012 quietam,

552 4033 648 4094 alit
671 4057 883 4110 semper
913 4056 1034 4094 cum
1082 4037 1412 4109 negligentia
1445 4035 1780 4106 superbiam,
1817 4052 1882 4090 ex
1933 4035 2131 4105 quibus

554 4134 893 4187 tentationes
925 4141 976 4184 et
1005 4130 1391 4184 distractiones
1415 4127 1685 4197 pullulant
1712 4137 1765 4181 et
1786 4128 1851 4180 ad
1885 4138 2126 4195 teporem

554 4240 653 4279 nos
689 4224 996 4292 impellunt.
1036 4220 1245 4274 Exinde
1283 4221 1386 4274 lilia
1414 4220 1677 4273 socordiae
1711 4219 2129 4286 intemperantia

554 4318 807 4386 ignavum
839 4323 892 4368 et
912 4317 1119 4368 inerme
1149 4313 1327 4366 reddit
1349 4325 1570 4380 corpus,
1601 4320 1842 4364 mentem
1871 4325 1996 4363 vero
2030 4311 2131 4364 ob—

554 4407 803 4460 tenebrat
841 4414 901 4457 et
931 4405 1171 4457 indurat.
1209 4403 1357 4455 Tunc
1385 4402 1546 4456 Jesus
1583 4416 1642 4454 se
1671 4401 1976 4463 abscondit,
2004 4401 2127 4470 quia

555 4499 609 4551 in
647 4497 774 4552 sede
810 4495 1012 4550 mentis
1049 4493 1305 4562 squalent
1332 4493 1559 4547 turbida:
1588 4491 1970 4561 cogitationes.

629 4780 753 4834 109.
798 4777 1216 4832 Remordentem
1251 4791 1394 4829 nunc
1430 4774 1509 4830 vel
1544 4777 1594 4828 in
1631 4777 1814 4829 futuro
1839 4775 2126 4828 conscien-

557 4873 689 4924 tiam
753 4870 940 4925 senliri
992 4870 1060 4923 ab
1096 4869 1345 4922 omnibus
1382 4867 1720 4936 impossibile
1757 4874 1875 4927 est;
1908 4867 1999 4921 sed
2041 4867 2126 4920 his

563 4973 775 5016 tantum
803 4955 1021 5031 prepi-ie
1046 4961 1095 5014 id
1127 4960 1620 5029 contingit,quibus
1648 4959 1817 5029 gloria
1853 4969 1947 5012 aut
1974 4973 2126 5012 amor

557 5053 712 5108 deest
772 5054 855 5106 vel
909 5051 1162 5106 defutura
1219 5060 1324 5106 est.
1356 5049 1490 5104 Nam
1545 5050 1635 5104 illa
1679 5061 1763 5105 est
1789 5051 1944 5120 quasi
1974 5049 2127 5104 dirus

557 5145 732 5199 hostis
779 5153 965 5198 sontes
1020 5143 1399 5213 multipliciter
1449 5143 1704 5209 puniens,
1752 5152 1808 5196 et
1864 5152 2126 5212 tyrannus

557 5239 775 5294 videtur
800 5239 1078 5292 stimulum
1107 5247 1162 5291 et
1213 5237 1561 5305 exprobrium
1593 5245 1650 5288 ut
1677 5233 1914 5302 gladium
1959 5234 2128 5288 infra-

556 5331 719 5405 gilcm
776 5345 994 5398 semper
1039 5329 1358 5396 evaginans.
1426 5326 1754 5382 Stimulante
1808 5326 1974 5393 igitur
2023 5340 2125 5380 nos

558 5419 914 5485 conscientia,
962 5419 1219 5472 debemus
1251 5417 1554 5486 tripliciter,
1590 5431 1782 5484 nempe
1811 5424 2000 5468 contra
2025 5415 2125 5468 ad-

557 5513 833 5566 versarios
902 5516 1262 5577 naturamque
1325 5518 1380 5562 et
1433 5507 1691 5571 animam,
1729 5520 1947 5559 movere
1995 5503 2126 5559 illud

555 5601 705 5674 quod
738 5602 888 5657 zelus
917 5609 1166 5666 vocatur,
1199 5609 1252 5654 et
1281 5599 1359 5653 ira
1393 5598 1654 5652 naturalis
1679 5598 1876 5652 dicitur
1892 5597 1957 5648 ab
1983 5596 2124 5660 aliis,

560 5696 654 5762 qui
687 5695 828 5749 banc
867 5694 1030 5764 gladii
1063 5695 1236 5748 instar
1277 5691 1422 5746 acuti
1466 5691 1724 5744 adversus
1770 5690 1956 5743 hostes
1999 5703 2127 5742 cxc-

564 5800 688 5841 rcrc
709 5803 804 5843 nos
832 5787 1044 5857 iubent.
1077 5785 1143 5840 Et
1173 5786 1392 5856 quidem
1426 5783 1469 5840 si
1519 5783 1703 5838 vicerit
1729 5791 1780 5838 et
1809 5781 2120 5836 dualitatcm

2237 575 2334 644 τῆς
2383 573 2610 645 ἡσυχίας
2659 574 2981 644 πλημμυροῖ
3025 575 3124 645 τὴν
3177 573 3357 644 ψυχὴν
3395 574 3700 638 θάλασσα,
3741 577 3847 627 οὐκ

2235 664 2382 716 ἐστιν
2413 664 2586 728 ἄλλως
2631 664 2889 734 περάσαι,
2929 666 2976 717 εί
3007 665 3082 734 μὴ
3113 669 3172 717 ἐν
3209 663 3288 734 τῷ
3317 665 3488 737 πλοίῳ
3516 666 3597 737 τῷ
3633 665 3845 738 κοῦιτῳ

2236 757 2330 808 καὶ
2372 754 2592 825 ἐλαφρῷ
2636 756 2734 824 τῆς
2781 756 3141 827 περιεκτικῆς
3173 757 3440 827 ἀκτησίας
3478 760 3574 811 καὶ
3609 759 3841 829 ἐγκραο

2234 847 2407 910 τείας.
2463 847 2557 900 Ἐκ
2587 848 2694 917 γὰρ
2745 847 2847 917 τῆς
2877 847 3148 917 ἀκρασίας
3180 848 3274 902 καὶ
3304 846 3584 916 φιλοῦλίας
3624 851 3685 902 οί
3729 848 3842 902 τῶν

2235 939 2426 992 παθῶν
2455 939 2746 1012 χείμαρῥοι
2775 939 2876 1009 τὴν
2916 939 3023 1008 γῆν
3049 939 3151 1007 τῆς
3195 940 3420 1008 καρδίας
3445 940 3838 1008 περικλύσαν-

2231 1048 2344 1094 τες,
2373 1035 2463 1086 καὶ
2501 1034 2685 1086 πᾶσαν
2717 1031 2958 1102 σαπρίαν
2984 1032 3080 1085 καὶ
3112 1031 3248 1101 ὕλην
3277 1030 3559 1103 λογισμῶν
3588 1033 3652 1084 ἐν
3685 1032 3832 1102 αὐτῇ

2234 1124 2662 1191 καταγαγόντες,
2711 1121 2831 1177 τότε
2872 1123 3137 1193 σύγχυσιν
3190 1120 3288 1195 μὲν
3324 1125 3403 1195 τῷ
3435 1124 3540 1190 νοῒ,
3588 1124 3831 1178 θόλωσιν

2232 1213 2290 1266 δὲ
2319 1216 2385 1284 τῇ
2422 1214 2653 1284 διανοίᾳ,
2695 1213 2861 1284 βάρος
2896 1214 2952 1266 δέ
2987 1213 3067 1284 τῷ
3107 1213 3320 1283 σώματι
3352 1214 3654 1285 ἐμποιοῦσι
3679 1231 3697 1246 ο
3732 1215 3828 1268 καὶ

2234 1305 2520 1372 ὀλίγωρον,
2561 1305 2656 1357 καὶ
2690 1305 2976 1374 σκοτεινὴν
2996 1343 3011 1368 ,
3045 1307 3140 1358 καὶ
3184 1305 3472 1376 ναρκῶσαν
3505 1306 3610 1376 τὴν
3638 1307 3826 1376 ψυχὴν

2235 1397 2328 1449 καὶ
2357 1397 2455 1465 τὴν
2485 1396 2711 1465 καρδίαν
2743 1397 3167 1466 ἀπεργάζονται,
3191 1398 3285 1452 atati.
3312 1400 3411 1468 τῆς
3430 1398 3639 1463 οἰκείας
3675 1401 3821 1455 κατά

2233 1488 2392 1556 φύσιν
2420 1488 2588 1552 ἕξεως
2613 1489 2706 1540 καὶ
2739 1488 3043 1558 αἰσθήσεως
3071 1485 3446 1543 ἐκϐάλλουσιν.

2307 1577 2416 1650 ρς’.
2450 1580 2692 1648 Χαύνην,
2722 1580 2816 1632 καὶ
2841 1579 3107 1649 ὀλίγωρον
3129 1619 3144 1645 ,
3171 1582 3269 1633 καὶ
3308 1581 3469 1635 ἄνουν
3495 1582 3596 1652 οὐχ
3620 1581 3818 1647 οὕτως,

2229 1667 2305 1732 ὡς
2361 1669 2395 1741 ή
2435 1669 2694 1740 φιλαυτία
2740 1670 3031 1740 κυρίως,ή
3081 1669 3190 1724 τῶν
3242 1669 3431 1724 παθῶν
3485 1672 3689 1740 τροφὸς
3721 1672 3819 1742 τὴν

2231 1763 2407 1832 ψυχὴν
2444 1762 2551 1816 τῶν
2578 1762 2880 1820 σπουδαίων
2919 1763 3157 1832 ἐμποιεῖ.
3201 1761 3396 1815 Ἥνίκα
3432 1763 3543 1834 γὰρ
3582 1764 3685 1826 τὰς
3723 1761 3815 1816 τοῦ

2234 1855 2486 1923 σώματος
2513 1853 2849 1917 ἀναπαύσεις
2882 1853 2992 1906 τῶν
3031 1853 3174 1923 ὑπὲρ
3219 1855 3422 1927 ἀρετῆς
3454 1857 3641 1910 πόνων
3683 1872 3816 1925 προ-

2229 1946 2389 2016 τιμᾷ,
2449 1947 2544 1998 καὶ
2603 1945 3032 2016 περιποιητικὴν
3082 1947 3301 2015 ἡγεῖται
3346 1948 3547 2014 γνῶσιν
3603 1947 3663 2000 τὸ
3740 1947 3815 2019 μὴ

2232 2040 2417 2090 πονεῖν
2448 2038 2504 2089 ἐν
2542 2039 2645 2099 τοῖς
2678 2036 2859 2107 ἔργοις
2884 2037 3167 2102 ἑκουσίως,
3209 2037 3442 2107 μάλιστα
3475 2039 3535 2091 ἐν
3558 2039 3810 2108 εὐχερὲσι

2229 2125 2338 2180 τῶν
2385 2127 2612 2180 ἐντολῶν
2646 2129 2863 2198 μικροῖς
2907 2127 3117 2198 ἱδρῶσι,
3160 2127 3280 2180 τότε
3307 2128 3527 2182 ἀτονίαν
3560 2131 3625 2200 τῇ
3663 2131 3807 2200 ψυχῇ

2233 2219 2372 2289 πρὸς
2416 2219 2476 2270 τὸ
2510 2219 2608 2288 τῆς
2666 2218 2897 2288 ἡσυχίας
2949 2217 3163 2271 στάδιον
3197 2219 3370 2270 ποιεῖν
3416 2221 3629 2286 πέφυκε
3655 2258 3671 2283 ,
3718 2219 3807 2272 καὶ

2230 2311 2333 2380 τὴν
2365 2309 2579 2362 ἔκλυσιν
2607 2311 2664 2362 ἐν
2697 2312 2811 2372 τοῖς
2859 2309 3042 2380 ἔργοις
3082 2308 3355 2377 κραταιὰν
3394 2309 3491 2362 καὶ
3521 2310 3806 2381 άκαταμά-

2235 2419 2401 2472 χητον
2438 2399 2833 2470 ἀπεργάζεται.

2311 2491 2411 2563 ρξ’.
2458 2493 2667 2562 Ἰατρὸς
2694 2492 2915 2562 ἄριστος
2934 2491 3026 2544 καὶ
3053 2490 3270 2561 πρῶτος
3296 2492 3406 2555 τοῖς
3436 2491 3573 2560 πρὸς
3601 2493 3698 2555 τάς
3728 2494 3811 2545 ἐν·

2230 2586 2391 2648 τολέις
2419 2583 2729 2649 ἀσθενοῦσι,
2761 2583 2859 2637 καὶ
2881 2583 2978 2653 τὴν
3005 2581 3208 2652 θολὼδη
3237 2581 3502 2635 σκότωσιν
3533 2584 3809 2654 ἑλομένοις

2232 2678 2384 2747 ἐμεῖν
2397 2675 2658 2743 εὐχερῶς,
2678 2675 2779 2727 οὐκ
2794 2673 2961 2737 ἐστιν,
2976 2671 3100 2742 ὼςὴ
3123 2671 3437 2742 ἀδιάκριτος
3451 2673 3548 2726 καὶ
3563 2674 3698 2744 μετά
3720 2674 3810 2726 πί-

2233 2785 2402 2831 στεως
2435 2769 2491 2820 ἐν
2515 2767 2676 2819 πᾶσιν
2704 2765 2943 2833 ὑπακοή.
2977 2763 3273 2835 Φάρμακον
3300 2763 3408 2833 γάρ
3438 2764 3556 2816 ἐστι
3583 2764 3809 2828 ζωτικὸν

2232 2860 2625 2912 πολυσύνθετον
2655 2857 2865 2927 ἀρετῶν
2893 2859 3006 2919 τοῖς
3032 2856 3268 2918 πίνουσι,
3308 2855 3402 2908 καὶ
3437 2855 3679 2925 μάχαιρα
3713 2857 3807 2918 τάς

2231 2952 2391 3013 οὐλὰς
2423 2952 2534 3003 τῶν
2563 2949 2895 3017 τραυμάτων
2926 2948 3018 3017 ἀφ’
3053 2948 3169 3009 ἐνδς
3208 2946 3616 3016 ἐκκαθαίρουσα
3637 2963 3651 2976 ⁸
3682 2947 3751 3016 ἢν
3779 2948 3806 2999 ὁ
3905 2969 3914 2974 ν

2233 3045 2290 3095 ἐν
2323 3043 2503 3096 πίστει
2552 3040 2646 3094 καὶ
2684 3040 2946 3108 ἁπλότητι
2982 3039 3282 3108 προκρίνας
3327 3038 3517 3090 πασῶν
3545 3039 3800 3108 ἐνεργεῖν,

2232 3134 2406 3187 πάντα
2448 3133 2516 3186 τὰ
2551 3133 2695 3209 πάθη
2739 3130 2828 3199 ὑφ’
2868 3131 2925 3182 ἓν
2974 3128 3306 3199 περιέκοψε*
3349 3127 3711 3197 καὶ,ἡσυχίαν
3741 3128 3802 3181 οὐ

2230 3227 2439 3296 φθάσας
2462 3227 2639 3295 μόνον,
2671 3224 2783 3278 ἀλλ’
2815 3223 2914 3294 ἤδη
2940 3222 3034 3276 καὶ
3061 3222 3148 3274 διὰ
3169 3221 3268 3290 τῆς
3300 3219 3549 3290 ὑπακοῆς
3582 3219 3796 3288 κατώρ-

2230 3319 2401 3370 θωσεν
2447 3316 2613 3386 αὐτὴν
2667 3314 2901 3384 Χριστὸν
2953 3311 3162 3382 εὑρὼν,
3212 3310 3308 3362 καὶ
3357 3312 3599 3380 μιμητὴς
3634 3309 3801 3363 αὑτοῦ

2229 3410 2324 3462 καὶ
2353 3407 2536 3470 δοῦλος
2557 3449 2570 3471 ,
2608 3408 2701 3459 καὶ
2735 3406 3047 3475 γενόμενος,
3082 3404 3178 3456 καὶ⁹
3209 3403 3522 3471 λεγόμενος.

2302 3507 2405 3572 ρη’.
2452 3501 2614 3554 Ἀνευ
2699 3497 2963 3567 πενθικῆς
3034 3495 3297 3568 ἐργασίας
3358 3499 3454 3548 καὶ
3533 3493 3802 3556 πολιτείας

2227 3596 2487 3648 ἀδύνατον
2533 3595 2620 3645 τὸν
2658 3593 2758 3661 τῆς
2803 3590 3034 3661 ἡσυχίας
3089 3590 3349 3643 καύσωνα
3389 3588 3698 3658 ὑπομεῖναι.
3743 3586 3798 3638 Ὁ

2230 3687 2328 3756 μὲν
2378 3686 2485 3754 γὰρ
2543 3682 2788 3748 πενθῶν,
2837 3683 2931 3735 καὶ
2983 3683 3050 3736 τὰ
3099 3681 3204 3751 πρὸ
3256 3681 3353 3734 τοῦ
3411 3680 3646 3733 θανάτου
3709 3679 3800 3732 καὶ

2229 3775 2367 3845 μετὰ
2406 3775 2634 3828 θάνατον
2681 3772 2830 3826 δεινά
2892 3771 3149 3842 μελετῶν,
3206 3772 3336 3839 πρὶν
3383 3771 3416 3840 ἢ
3461 3771 3554 3838 ἀφ’
3593 3769 3798 3823 ἐαυτῶν

2223 3866 2444 3937 ἥξουσι,
2473 3866 2564 3917 καὶ
2612 3858 2888 3934 ὑπομονὴν
2927 3862 3038 3928 ἕξει
3077 3862 3175 3914 καὶ
3202 3861 3554 3924 ταπείνωσιν,
3588 3860 3656 3913 τὰ
3688 3859 3796 3913 δύω

2224 3956 2322 4024 τῆς
2351 3955 2578 4024 ἡσυχίας
2624 3954 2873 4023 Θεμέλια.
2925 3953 2986 4005 '0
3022 3951 3078 4004 δὲ
3121 3953 3286 4022 χωρίς
3318 3950 3428 4004 τῶν
3461 3950 3794 4022 προειρημέ-

2224 4063 2329 4099 νων
2355 4049 2582 4115 ἡσυχίαν
2606 4045 2774 4113 άγων,
2806 4045 3102 4115 σύντροφον
3128 4042 3240 4113 ἔχει
3271 4041 3359 4095 ἀεὶ
3383 4041 3482 4111 τῆς
3508 4041 3796 4111 ὀλιγωρίας

2223 4138 2322 4209 τὴν
2385 4141 2600 4208 οῑησινο
2661 4137 2721 4202 ἐξ
2772 4131 2847 4190 ὧν
2910 4135 3282 4206 αίχμαλωσίαι
3337 4133 3432 4186 καὶ
3487 4133 3797 4204 ῥεμὸασμοὶ

2225 4230 2622 4300 πληθύνονται,
2674 4229 2766 4282 καὶ
2815 4228 2952 4299 πρὸς
2998 4227 3097 4296 τὴν
3149 4226 3420 4296 χαύνωσιν
3470 4223 3794 4278 συνωθοῦσιν

2225 4322 2395 4391 ἡμᾶς.
2439 4319 2719 4374 Ἐντεῦθεν
2749 4321 2781 4387 ή
2816 4320 2916 4388 τῆς
2958 4318 3228 4390 ῥᾳθυμίας
3255 4317 3504 4387 θυγάτηρ
3558 4315 3792 4385 ἀκρασία

2225 4412 2419 4480 χαῦνον
2456 4411 2556 4480 μὲν
2589 4411 2683 4463 καὶ
2730 4410 2916 4464 ἄτονον
2963 4409 3026 4462 τὺ
3071 4408 3229 4479 σῶμα
3272 4409 3512 4478 ἐμποιεῖ,
3553 4406 3646 4459 τὸν
3674 4404 3794 4457 νοῦν

2153 4499 2281 4558 Ι)δέ
2313 4500 2695 4570 ἐσκοτισμένον
2737 4500 2831 4552 καὶ
2863 4498 3274 4568 πεπωρωμένον
3315 4497 3630 4568 ἐργάζεται.
3664 4496 3794 4547 Τότε

2225 4591 2281 4645 δὲ
2311 4592 2407 4644 καὶ
2448 4590 2657 4659 Ἰησοῦς
2704 4589 2946 4661 ἐκρύϐη,
2994 4589 3152 4659 ἤχλου
3183 4589 3336 4651 ὄντος
3379 4588 3671 4658 νοημάτων
3706 4583 3796 4638 καὶ

2225 4683 2498 4752 λογισμῶν
2528 4684 2584 4734 ἐν
2617 4682 2694 4752 τῷ
2728 4685 2868 4734 κατὰ
2893 4682 3133 4735 διάνοιαν
3169 4681 3340 4749 τόπῳ.

2295 4774 2392 4846 ρθ’.
2430 4777 2794 4844 Συνειδὴσεως
2826 4773 3055 4843 βάσανον
3085 4772 3182 4838 τῆς
3213 4769 3339 4836 νῦν,
3375 4769 3408 4837 ἦ
3437 4767 3537 4838 τῆς
3570 4763 3791 4836 μελλού-

2225 4857 2343 4936 σης,
2388 4870 2444 4920 ἐν
2466 4867 2713 4936 αἰσθήσει
2762 4865 3094 4934 γεύσασθαι,
3138 4865 3252 4925 τοῖς
3300 4863 3465 4916 πᾶσιν
3503 4859 3780 4912 ἀδύνατον.

2222 4961 2418 5022 Μόνοις
2447 4959 2554 5028 γὰρ
2583 4957 2809 5020 ἐκείνοις
2858 4957 3038 5018 ίδικῶς
3070 4956 3448 5027 προσγίνεται,
3488 4947 3571 5014 οἷς
3599 4953 3633 5021 ἡ
3660 4947 3784 5012 δόξα

2221 5053 2316 5106 καὶ
2364 5051 2398 5117 ἡ
2451 5050 2639 5117 ἀγάπη
2682 5048 2777 5099 ἀπ’
2825 5047 3074 5100 ἐντεῦθεν
3113 5047 3146 5116 ἢ
3213 5043 3426 5098 ἐκεῖθεν
3461 5042 3787 5111 ὕστερεῖται.

2235 5143 2320 5208 Ὦς
2351 5143 2461 5214 γὰρ
2505 5141 2698 5213 δήμιός
2722 5140 2807 5203 τίς
2854 5142 2971 5193 ἐστι
3008 5137 3240 5207 φοϐερὸς
3285 5139 3413 5199 τοὺς
3456 5133 3788 5194 ὑπευθύνους

2213 5246 2563 5313 πολυτρόπως
2595 5236 2857 5297 κολάζων,
2903 5233 2995 5283 καὶ
3031 5231 3122 5283 τὸν
3161 5225 3321 5300 ζῆλον
3350 5227 3383 5299 ἢ
3421 5226 3664 5295 ἔλεγχον,
3699 5223 3774 5290 ὡς

2215 5333 2489 5409 ῥομφαίαν
2528 5331 2730 5398 ἄτομον
2767 5321 3106 5395 τυραννικῶς
3148 5319 3482 5390 ἀπογυμνῶν
3525 5319 3614 5374 ἀεὶ
3652 5317 3776 5386 φας-

2213 5446 2381 5482 νεται.
2415 5421 2631 5495 Τριχῶς
2660 5417 2753 5472 οὖν
2782 5415 3050 5471 κινεῖσθαι
3078 5413 3213 5484 πρός
3240 5429 3300 5464 τε
3329 5411 3457 5476 τοὺς
3481 5410 3775 5472 ἐναντίους,

2215 5519 2309 5572 καὶ
2340 5516 2439 5588 τὴν
2472 5513 2654 5583 φύσιν,
2688 5509 2782 5562 καὶ
2810 5507 2910 5577 τὴν
2939 5505 3148 5575 ψυχὴν,
3179 5502 3426 5572 δοθείσης
3456 5502 3556 5570 τῆς
3607 5513 3779 5551 σύνει.

2214 5614 2438 5680 δῄσεως,
2484 5608 2512 5658 ὁ
2557 5601 2891 5670 καλούμενος
2926 5597 3107 5666 ζῆλος,
3155 5595 3248 5648 καὶ
3279 5595 3408 5663 παρ’
3441 5593 3646 5663 ἑτέροις
3678 5608 3778 5658 φυ-

2219 5700 2367 5761 σικὸς
2406 5695 2575 5764 θυμός
2598 5711 2612 5724 ⁸
2661 5691 2719 5746 ὃν
2752 5690 2827 5752 ὡς
2879 5685 3152 5759 ῥομφαίαν
3187 5684 3457 5752 ἀπότομον
3489 5680 3624 5750 πρὸς
3656 5680 3777 5738 τοὺς

2220 5789 2446 5863 ἐχθροὺς
2497 5783 2702 5850 ὀξύνειν
2761 5780 2908 5848 ἡμᾶς
2952 5773 3368 5843 προστάσσουσι.
3416 5769 3527 5824 Καὶ
3579 5769 3628 5822 εί
3686 5767 3779 5837 μὲν
