4102 6344
426 329 562 398 1277

1471 342 1744 411 CAPITA
1785 350 1941 412 PER
1982 344 2630 415 ACROSTICHIDEM.

3529 353 3665 419 1978

417 460 668 529 νικήσας,
690 456 950 520 ὑποτάξαι
976 452 1041 508 τὰ
1064 452 1173 507 δύω
1202 451 1280 523 τῷ
1302 434 1411 517 ενι,
1441 451 1565 523 ὅρος
1589 452 1839 524 ἀνδρείας
1866 452 1958 507 τότ

2094 462 2289 516 unitati
2344 461 2817 532 subjecerit,tune
2840 458 3178 519 fortitudinis
3228 464 3436 535 apicem
3468 467 3663 537 adepta

422 548 885 621 μεταποιούμενος
920 548 1056 617 πρὸς
1087 546 1220 599 Θεὸν
1253 544 1484 612 γίνεται.
1537 547 1597 599 Ei
1647 546 1705 599 δὲ
1741 548 1988 619 ὑποταγῇ

412 643 534 704 ταῖς
558 640 711 705 δυσὶν
740 641 774 712 ἡ
805 638 973 709 ψυχὴ,
999 638 1268 709 ἁμαρτία,
1305 638 1468 708 φημὶ,
1495 638 1590 691 καὶ
1626 639 1809 708 σαρκὶ,
1836 639 1988 700 τέλος

414 734 624 788 ἐκεῖθεν
656 733 886 803 βάσανος
928 732 1067 801 αὐτῇ
1096 730 1315 798 ἀνιλεὴς
1356 731 1718 792 καθίσταται,
1756 729 1832 793 ὡς
1866 729 1989 782 δου-

414 825 648 898 λωθείσῃ
684 823 996 895 αὐθαιρέτῳ
1024 821 1219 895 γνώμῃ
1242 824 1356 884 τοῖς
1385 823 1669 886 ὲναντίοιςξ
1705 820 1988 875 Ἐντεῦθεν

412 917 728 985 πράττουσα
760 914 830 968 τὰ
860 915 1133 985 αἴσχιστα,
1166 915 1262 968 καὶ
1301 915 1378 977 ὡς
1413 914 1510 985 τὴν
1540 914 1598 980 ἐξ
1639 914 1850 985 ἀρετῶν
1887 926 1988 969 κα-

409 1006 673 1061 τάστασιν
705 1006 1058 1074 ἀπολέσασα,
1110 1006 1456 1072 ἐκπέπτωκε,
1490 1006 1585 1060 τοῦ
1635 1006 1769 1060 θεοῦ
1817 1024 1987 1078 χωρι-

414 1097 620 1156 σθεῖσα.

484 1185 574 1257 ρι’.
609 1188 827 1258 Κυρίως
859 1190 1076 1242 πάντων
1122 1187 1232 1240 τῶν
1259 1188 1446 1242 παθῶν
1486 1188 1596 1242 δύω
1629 1189 1737 1242 eici.
1777 1189 1989 1259 σκληρά

411 1279 505 1331 καὶ
538 1278 813 1347 βαρύτατα
860 1281 1045 1348 πάθη,
1087 1279 1310 1348 πορνεία
1349 1281 1444 1333 καὶ
1495 1280 1713 1349 ἀκηδία,
1755 1281 1824 1333 τά
1865 1298 1989 1333 συν-

408 1368 601 1435 έχοντα
636 1371 729 1421 καὶ
753 1369 1014 1422 ἐκλύοντα
1046 1372 1147 1440 τὴν
1182 1372 1526 1441 ταλαίπωρον
1563 1370 1770 1443 ψυχήν·
1798 1372 1985 1443 κοινήν

405 1458 767 1529 ἀλληλουχίαν
808 1459 1000 1527 ἔχοντα
1027 1459 1122 1513 κοιλ⁵
1175 1459 1438 1528 συζυγίαν
1467 1460 1713 1531 ἀλλήλοις
1735 1478 1748 1493 ο
1781 1460 1982 1515 δυσκα-

400 1550 699 1620 ταμάχητα
729 1550 857 1603 ὄντα
894 1552 988 1603 καὶ
1025 1552 1290 1622 ἀήττητοι,
1328 1552 1421 1606 καὶ
1448 1552 1667 1616 τελείως
1702 1554 1793 1621 ὑφ’
1825 1553 1981 1624 ἡμῶν

400 1639 658 1709 ἀνίκητα.
696 1641 805 1693 Καὶ
827 1641 888 1693 τὸ
919 1642 1016 1711 μὲν
1072 1642 1355 1706 πλεονάζει
1381 1643 1438 1695 ὲν
1467 1643 1546 1713 τῷ
1572 1642 1973 1713 ἐπιθυμητικῷ,
2016 1722 2021 1725 1

396 1732 651 1800 περιέχει
685 1731 742 1783 δὲ
774 1731 872 1800 τὴν
916 1730 1048 1802 ὕλην
1077 1731 1239 1800 φύσει
1267 1733 1587 1803 ἀδιορίστως
1624 1734 1972 1803 ἀμφοτέρων,

2096 555 2413 611 conscendit
2450 555 2515 609 ad
2539 555 2707 610 Deum
2729 558 2928 610 anima.
2949 554 3006 610 Si
3038 570 3168 611 vero
3196 558 3448 612 dualitati
3480 560 3661 613 anima

2094 647 2434 714 subjiciatur,
2493 658 2718 715 peccato
2779 647 3039 702 videlicet
3100 659 3265 717 atque
3319 650 3491 710 carni.
3529 650 3659 705 inde

2093 738 2452 807 consequitur
2484 738 2586 807 ipsi
2621 746 2953 792 tormentum
2984 738 3217 804 immite,
3242 740 3317 793 ita
3367 747 3425 794 ttt
3454 742 3666 810 rediga-

2095 838 2181 881 tur
2211 829 2311 881 sub
2343 830 2502 897 plena
2550 828 2900 883 inimicorum
2933 829 3406 898 potestate..Uude
3458 832 3664 899 turpis-

2092 921 2226 974 sima
2259 930 2602 989 perpetrans,
2633 930 2687 973 et
2740 920 2999 993 dignitate
3046 922 3339 979 virtutibus
3384 924 3662 992 acquisita

2092 1012 2373 1076 excidens,
2411 1012 2524 1066 Deo
2546 1012 2799 1067 orbatur.

2163 1188 2287 1243 110.
2321 1191 2458 1246 Ante
2495 1205 2686 1245 omnes
2725 1191 3008 1259 passiones
3046 1192 3163 1244 dure
3197 1200 3321 1245 sunt
3354 1191 3661 1248 durissimae

2089 1288 2144 1334 et
2200 1282 2657 1348 profundissimte,
2683 1281 2892 1336 luxuria
2941 1283 3154 1336 scilicet
3190 1290 3244 1336 et
3293 1284 3505 1346 acedia,
3539 1299 3661 1353 quae

2091 1372 2342 1425 miseram
2407 1373 2693 1427 invoqunt
2745 1388 2809 1427 ac
2872 1372 3177 1427 dissolvunt
3204 1375 3478 1435 animam,
3535 1389 3654 1428 mu-

2091 1468 2351 1529 tuamque
2387 1463 2529 1515 inter
2564 1477 2624 1517 se
2653 1462 2853 1516 habent
2896 1462 3292 1517 connexionem
3332 1472 3387 1516 et
3417 1465 3657 1517 necessi-

2091 1553 2356 1619 tudinem,
2391 1568 2489 1608 nec
2524 1554 2754 1623 pugnari
2788 1554 3106 1621 superarive
3142 1563 3237 1606 aut
3267 1553 3474 1607 devinci
3505 1569 3533 1608 a
3562 1566 3661 1607 no-

2091 1643 2174 1698 bis
2201 1643 2475 1699 ullatenus
2502 1652 2750 1712 possunt.
2781 1643 2942 1698 Prior
2995 1645 3215 1712 quidem
3255 1643 3497 1698 abundat
3521 1645 3572 1699 in
3605 1646 3659 1701 vi

2087 1733 2521 1802 concupiscibili,
2553 1742 2607 1787 et
2657 1742 2824 1789 totam
2850 1734 3259 1804 complectitur
3299 1734 3657 1791 substantiam

394 1791 795 1889 λέγωψυχῆς
828 1791 945 1873 ’καὶ
1000 1791 1286 1889 σώματος,
1346 1791 1802 1889 σύγκεκραμενην
1840 1791 1962 1888 ’ἔχοι

2085 1826 2370 1895 utriusque
2406 1834 2635 1889 natura,
2665 1828 2859 1881 anima:
2888 1827 3099 1882 scilicet
3131 1837 3293 1896 atque
3325 1828 3530 1893 carnis,
3563 1838 3646 1882 to-

395 1912 532 1983 ὅλην
574 1914 631 1963 ἐν
661 1910 803 1973 ὅλοις
843 1911 1029 1980 μέλεσι
1055 1911 1152 1980 τὴν
1181 1910 1372 1980 ἡδονὴν
1406 1912 1576 1980 αὐτῆς
1598 1930 1611 1943 ⁸
1647 1913 1681 1981 ἡ
1713 1912 1801 1977 δὲ,
1836 1912 1969 1965 ἅνωσ

394 2002 492 2055 οεν
529 2002 590 2055 τὸ
631 2003 963 2072 ἡγεμονικὸν
1015 2000 1317 2072 κρατοῦσα,
1349 2001 1501 2071 ὅλην,
1532 2002 1710 2072 ψυχὴν
1740 2002 1835 2055 καὶ
1878 2002 1981 2072 τὴν

322 2110 337 2133 ‘-
391 2092 575 2161 σάρκα
624 2091 878 2162 καθάπερ
934 2093 1136 2161 σμίλαξ
1173 2092 1270 2161 ὅλη
1316 2093 1820 2162 περιλαμϐάνουσα,
1875 2111 1978 2146 νω-

393 2182 570 2253 Οράν,
618 2185 712 2235 καὶ
768 2183 1173 2252 ἐκλελυμένην,
1230 2183 1324 2237 καὶ
1381 2184 1618 2253 πάρετον
1667 2184 1766 2254 τὴν
1816 2183 1976 2252 φύσιν

391 2276 564 2326 ποιεί.
614 2273 1000 2343 Ἐκϐέῧληνται
1039 2273 1127 2337 δὲ,
1185 2275 1282 2327 καὶ
1333 2275 1394 2326 ού
1444 2274 1667 2336 τελείως
1705 2274 1976 2344 ἡττῶνται

392 2362 507 2429 πρὸ
536 2362 635 2430 τῆς
678 2365 954 2432 μακαρίας
985 2362 1274 2428 ἀπαθείας,
1313 2364 1517 2417 ὁπόταν
1546 2365 1580 2433 ὴ
1611 2362 1782 2433 ψυχὴ,
1812 2363 1977 2416 Πνεύ-

394 2462 574 2521 ματος
630 2453 786 2521 ἁγίου
846 2453 1097 2523 είληφυϊα
1140 2454 1367 2523 δύναμιν
1414 2456 1472 2507 ὲν
1519 2458 1833 2524 προσευχῇ,
1875 2454 1974 2524 τὴν

391 2542 660 2596 ποιοῦσαν
693 2544 876 2599 ἄνεσιν
907 2548 1045 2617 αὐτῇ
1080 2547 1173 2599 καλ⁵
1223 2548 1375 2616 ίσχὺν
1424 2549 1517 2601 καὶ
1558 2547 1780 2617 βαθεῖαν
1820 2548 1974 2618 εἰρή-

387 2651 494 2704 νην
537 2638 595 2688 ὲν
640 2639 838 2709 καρδίᾳ
861 2639 946 2691 διὰ
993 2640 1091 2708 τῆς
1124 2640 1358 2710 ἡσυχίας
1402 2641 1776 2710 εὐφραίνεται.
1822 2638 1969 2709 Αὕτη

387 2727 600 2797 ἐστὶνὴ
638 2728 799 2798 ἀρχὴ,
852 2730 944 2782 καὶ
987 2728 1215 2798 βασιλὶς,
1255 2731 1347 2782 καὶ
1379 2729 1564 2800 κυρία,
1600 2731 1695 2783 καὶ
1746 2731 1778 2800 ἡ
1822 2746 1972 2800 περι-

386 2819 587 2888 εκτικὴ
604 2820 712 2871 τῷν
732 2820 933 2890 ἡδονῶν
969 2812 1151 2892 ἡδονὴ,
1178 2824 1270 2874 καὶ
1296 2825 1328 2890 ’1)
1356 2823 1653 2892 σύντροφος
1680 2823 1847 2890 αὐτῆς
1870 2824 1970 2892 ρᾳ-

385 2911 565 2979 θυμία
606 2914 638 2979 ή
687 2915 809 2975 τοὺς
843 2915 1142 2982 τριοτὰτοις
1172 2913 1263 2965 τοῦ
1303 2914 1503 2982 Φαραὼ
1549 2914 1883 2982 ἐπιφέρουσα
1906 2912 1965 2966 τὸ

382 3005 814 3073 ἁκαταμάχητον
845 3004 998 3073 ἅρμα
1020 3023 1033 3037 ·
1067 3005 1132 3057 δι’
1168 2999 1243 3058 ὧν
1278 3006 1613 3075 αίτὰφορμαὶ
1635 3006 1743 3057 τῶν
1772 3004 1964 3057 παθῶν

378 3094 462 3164 τῷ
499 3095 599 3164 βίῳ
628 3097 740 3156 τοῖς
770 3094 972 3158 ἀθλίοις
1002 3097 1133 3165 ἡμῖν
1161 3096 1501 3164 ἐπεισῆλθον.
1673 3082 1683 3094 ⁸

460 3185 587 3256 ρια’.
634 3188 798 3258 Ἀρχὴ
835 3189 932 3257 τῆς
977 3190 1169 3258 νοερᾶς
1216 3190 1558 3258 προσευχῆς,
1598 3191 1629 3258 ἠ
1676 3187 1955 3254 ἐνέργεια,

377 3280 485 3333 εἶτ’
521 3280 613 3333 οῦν
646 3281 678 3350 ἡ
710 3281 1013 3351 καθαρτικὴ
1054 3282 1146 3333 τοῦ
1180 3280 1496 3350 Πνεύματίις
1519 3282 1767 3348 δύναμις,
1801 3280 1896 3331 καὶ
1922 3281 1955 3349 ἡ

381 3374 628 3445 μυστικὴ
660 3373 750 3427 τοῦ
777 3375 893 3435 νοδς
935 3374 1211 3443 ἱερουργία
1241 3390 1252 3401 ’
1296 3373 1483 3439 ὥσπερ
1517 3371 1657 3442 ἁρχὴ
1696 3371 1795 3439 τῆς
1828 3372 1958 3439 ἡσυ-

374 3466 533 3536 χίας,
578 3469 612 3536 ἡ
647 3465 847 3536 σχολή·
899 3466 1131 3535 μεσότης
1158 3463 1212 3515 δὲ
1238 3505 1251 3528 ,
1286 3466 1318 3532 ἡ
1362 3466 1663 3532 φωτιστικὴ
1730 3464 1958 3531 δύναμις

375 3559 475 3610 καὶ
522 3555 755 3625 θεωρία·
792 3556 886 3608 καὶ
939 3555 1112 3619 τέλος,
1159 3557 1191 3625 ἡ
1240 3554 1492 3617 ἔκστασις
1525 3554 1616 3605 καὶ
1662 3556 1693 3624 ἡ
1733 3553 1954 3624 ἀρπργὴ

367 3649 466 3701 τοῦ
503 3648 621 3710 νοὸς
651 3647 787 3717 πρὸς
825 3648 977 3700 Θεόν.
1065 3641 1069 3645 ’

440 3737 582 3809 ριβ¹.
632 3740 917 3808 Ἰερατεῖον
969 3737 1336 3807 πνευματικόν
1374 3738 1488 3788 ἐστι
1533 3738 1637 3807 πρὸ
1685 3738 1785 3806 τῆς
1827 3736 1953 3807 μελ-

362 3831 577 3900 λούσης
634 3830 773 3900 ὑπὲρ
819 3830 942 3883 νοῦν
992 3828 1377 3891 ἀπολαύσεως,
1434 3828 1471 3898 ὴ
1506 3829 1668 3897 νοερά
1700 3829 1795 3881 τοῦ
1833 3830 1953 3893 νοὶς

360 3923 652 3994 ἐνέργεια,
701 3922 793 3974 τὸν
862 3921 1062 3990 Ἀμνὺν
1102 3910 1378 3991 μυστικῶς
1428 3922 1485 3972 ὲν
1528 3921 1808 3992 ἀρῤαϐὧνι
1854 3922 1948 3974 τοῦ

358 4014 512 4067 Θεοῦ
540 4015 596 4065 ἐν
620 4012 697 4082 τῷ
731 4013 829 4082 τῆς
860 4013 1040 4083 ψυχῆς
1070 4012 1441 4083 θυσιαστηρίῳ
1473 4013 1566 4066 καὶ
1610 4013 1951 4083 ίερουργοῦν-

356 4122 446 4168 τος
504 4104 599 4156 καὶ
653 4104 992 4173 μετέχοντος.
1046 4102 1275 4155 Ἐσθίειν
1328 4104 1384 4155 δέ
1426 4096 1542 4157 ἐστι
1594 4104 1685 4157 τὸν
1751 4103 1948 4174 Ἀμνὸν

363 4199 455 4252 τοῦ
515 4195 651 4249 Θεοῦ
686 4198 743 4248 ἐν
779 4195 856 4267 τῷ
887 4195 1058 4267 νοερῷ
1102 4195 1469 4267 θυσιαστηρίῳ
1498 4196 1598 4265 τῆς
1645 4197 1857 4266 ψυχῆς,
1884 4198 1945 4249 οὐ

368 4291 430 4345 τδ
459 4290 680 4358 νοῆσαι,
708 4288 741 4360 ἢ
773 4292 1066 4360 μετασχεῖν
1101 4288 1283 4358 μόνον,
1317 4289 1450 4341 ἀλλὰ
1484 4289 1659 4341 καὶτὸ
1688 4288 1944 4357 γενέσθαι

366 4383 439 4444 ὡς
482 4384 579 4434 τὸν
633 4381 827 4449 ’Λμνὸν
856 4382 995 4434 κατά
1026 4380 1125 4451 τὴν
1167 4380 1447 4447 μόρφωσιν
1477 4381 1535 4431 ὲν
1562 4379 1637 4449 τῷ
1672 4380 1938 4448 μέλλοντι.

2081 1929 2188 1973 tam
2243 1920 2471 1989 singulis
2511 1920 2712 1988 passim
2762 1921 3023 1974 membris
3057 1934 3209 1973 suam
3245 1921 3532 1973 insinuans
3563 1935 3654 1974 vo-

2078 2010 2340 2079 luptatem
2373 2026 2389 2078 ;
2424 2012 2691 2080 posterior
2735 2026 2865 2066 vero
2915 2012 3261 2079 superiorem
3310 2011 3653 2065 rationalem-

2076 2118 2181 2172 que
2216 2110 2423 2171 partem
2481 2104 2788 2165 dominans,
2822 2113 2878 2156 et
2914 2111 3098 2165 .totam
3132 2112 3241 2156 tota
3292 2103 3527 2155 animam
3590 2107 3653 2154 et

2074 2204 2292 2248 carnem
2330 2197 2483 2262 quasi
2536 2193 2734 2247 hedera
2775 2183 3452 2260 circumligatus;pigram,
3498 2193 3646 2245 desi-

2074 2286 2195 2340 dem
2232 2285 2298 2339 ac'
2317 2285 2633 2340 dissolutam
2663 2283 2841 2338 reddit
2869 2284 3127 2337 animant.
3162 2283 3531 2336 Retnnventur
3559 2297 3650 2338 auc

2076 2385 2185 2431 tetn
2218 2375 2331 2440 illa,
2363 2390 2674 2445 quanquam
2723 2388 2831 2427 non
2883 2374 3103 2427 omnino
3148 2382 3479 2441 superantur
3516 2383 3643 2428 ante

2074 2467 2284 2521 beatam
2317 2467 2829 2536 impassibilitatem,
2878 2467 3094 2533 quando
3145 2467 3351 2527 anima,
3392 2478 3457 2518 ex
3508 2480 3636 2519 ora-

2074 2560 2220 2614 tione
2244 2567 2533 2614 consecuta
2565 2556 2799 2623 Spiritus
2834 2556 3005 2609 sancti
3042 2554 3321 2616 rirtutcm,
3351 2570 3419 2608 ex
3471 2564 3647 2623 eaque
3682 2584 3690 2591 -

2071 2655 2262 2720 adepta
2323 2650 2567 2717 requiem
2606 2647 3088 2716 l'ortitudinemque
3118 2656 3173 2701 et
3207 2645 3526 2715 profundam
3559 2660 3645 2716 ραι

2069 2759 2209 2808 cem,
2248 2743 2303 2795 in
2335 2740 2513 2795 cordis
2561 2738 2877 2809 quietudine
2906 2738 3138 2792 laetatur.
3163 2737 3316 2804 Dux,
3350 2747 3405 2790 et
3433 2736 3646 2806 regina,

2069 2843 2120 2887 et
2154 2834 2391 2894 domina,
2423 2840 2475 2883 et
2536 2841 2710 2884 mater
2758 2831 3095 2898 voluptatum
3148 2829 3236 2883 illa
3294 2829 3532 2892 luxnria,
3588 2839 3644 2883 et

2068 2938 2252 2979 comes
2281 2923 2400 2989 eius
2447 2922 2685 2991 pigritia,
2719 2921 2806 2990 hic
2832 2929 2916 2974 est
2968 2936 3165 2975 currus
3205 2918 3639 2989 inexpugnabilis

2070 3011 2275 3063 vehens
2302 3009 2602 3064 Pharaonis
2633 3009 2798 3064 duces
2835 3025 2849 3064 :
2887 3013 2983 3077 per
3010 3010 3131 3063 illas
3158 3009 3302 3063 enim
3331 3008 3643 3077 passionum

2068 3102 2309 3169 impetus
2350 3101 2517 3154 vitam
2553 3110 2799 3154 nostram
2828 3101 3188 3154 miserrimam
3222 3083 3461 3155 irrutint.

2139 3192 2261 3247 111.
2296 3192 2488 3246 Trahit
2526 3193 2791 3263 originem
2842 3193 3098 3247 mentalis
3141 3194 3320 3247 oratio
3351 3195 3418 3247 ab
3446 3208 3641 3264 opera-

2068 3284 2212 3337 tione
2240 3299 2333 3337 seu
2367 3285 2569 3338 virtute
2616 3285 2905 3353 purgativa
2949 3281 3207 3352 Spiritus,
3240 3292 3296 3337 et
3340 3299 3368 3337 a
3413 3286 3641 3355 mystico

2064 3376 2261 3428 mentis
2304 3374 2571 3429 sacriﬁcio
2601 3391 2614 3427 :
2641 3376 2784 3427 sicut
2812 3375 3137 3443 principium
3181 3376 3515 3442 quiettniinis
3545 3385 3633 3431 est

2062 3465 2227 3519 animi
2276 3465 2606 3520 recollectio.
2641 3465 2875 3519 Medium
2917 3475 3098 3518 autem
3135 3466 3281 3520 illius
3325 3477 3409 3521 est
3449 3467 3621 3523 virtus

2061 3552 2412 3607 illuminatira
2444 3563 2497 3607 et
2529 3554 2958 3623 contemplatio;
2995 3553 3120 3608 finis
3165 3556 3383 3609 dentttm
3420 3566 3502 3609 est
3531 3570 3624 3609 ex-

2059 3657 2247 3697 cessus
2278 3651 2335 3697 et
2371 3653 2556 3713 raptus
2589 3645 2791 3699 mentis
2823 3645 2888 3697 ad
2924 3646 3112 3698 Deum.

2132 3735 2259 3789 112.
2288 3735 2641 3806 lntelligibile
2683 3736 3059 3790 sanctuariqu
3090 3747 3196 3802 est,
3221 3746 3344 3790 ante
3378 3736 3636 3790 inintelli-

2057 3826 2275 3896 gibilem
2309 3826 2545 3881 futuram
2606 3828 3019 3894 beatitudinem,
3054 3828 3357 3895 spiritualis
3387 3830 3635 3896 Operatio

2058 3919 2278 3983 mentis,
2314 3919 2526 3986 Agnum
2563 3920 2854 3990 mysticum
2884 3920 2937 3973 in
2986 3920 3079 3973 Dei
3122 3919 3327 3988 Spiritu
3369 3936 3531 3990 super
3553 3922 3634 3975 al-

2057 4012 2161 4064 tari
2223 4011 2418 4064 animm
2472 4011 2833 4065 sacriﬁcantis
2892 4020 2947 4064 et
2980 4010 3378 4080 participantis.
3410 4011 3633 4066 Mandu-

2056 4116 2182 4157 care
2207 4110 2386 4155 autem
2420 4115 2617 4169 agnum
2652 4100 2745 4154 Dei
2785 4100 3145 4169 spiritualiter
3175 4102 3226 4154 in
3256 4100 3453 4154 anima:
3485 4101 3626 4154 alta-

2055 4195 2123 4258 ri,
2164 4209 2269 4249 non
2311 4204 2395 4248 est
2439 4193 2587 4246 illum
2647 4192 2955 4262 intelligere
2993 4202 3089 4246 aut
3134 4192 3459 4262 participare
3500 4203 3625 4248 tan-

2055 4294 2190 4349 tum,
2230 4285 2323 4338 sed
2367 4284 2417 4339 ei
2460 4283 2693 4339 similem
2735 4282 2904 4338 forma
2940 4282 3053 4337 ﬁeri
3092 4284 3145 4337 in
3179 4283 3362 4339 futuro
3389 4286 3611 4340 satculo.

2054 4378 2186 4432 Nam
2215 4378 2303 4432 hic
2337 4379 2555 4447 quidem
2585 4377 2840 4442 rationes,
2865 4378 2959 4432 sed
2996 4378 3107 4432 illic
3157 4392 3245 4432 res
3294 4378 3444 4449 ipsas
3508 4393 3629 4456 my-

366 4472 504 4534 Τοὺς
535 4472 636 4542 μὲν
663 4472 772 4542 γάρ
790 4471 978 4541 λόγους
1030 4471 1263 4525 ἐνταῦθα
1288 4513 1301 4536 ,
1334 4472 1402 4524 τά
1422 4470 1477 4523 δὲ
1505 4474 1807 4542 πράγματα
1835 4472 1943 4525 τῶν

2066 4470 2343 4526 ιιετίοτιηη
2369 4484 2468 4524 nos
2490 4468 2921 4538 apprehensuros
2944 4483 3245 4538 speramus.

371 4562 683 4634 μυστηρίων
716 4565 889 4615 ἐκεῖσε
923 4562 1217 4617 ἀπολαϐεῖν
1254 4562 1566 4631 ἐλπίζομεν.

442 4661 567 4723 ριγ’.
603 4642 880 4725 Προσευχή
907 4656 1042 4719 ἐστι,
1078 4655 1229 4724 παρά
1261 4655 1359 4724 μὲν
1388 4656 1498 4715 τοῖς
1530 4654 1830 4723 ἀρχαρίοις,
1863 4654 1938 4717 ὡς

370 4747 478 4817 πῦρ
519 4745 857 4814 εὐφροσύνης
906 4745 1012 4798 ἀπὸ
1056 4747 1279 4815 καρδίας
1325 4746 1745 4815 ἀναδιδόμενονο
1788 4747 1937 4819 παρὰ

370 4837 426 4889 δὲ
454 4837 563 4897 τοῖς
601 4834 864 4900 τελείοις,
909 4835 985 4897 ὡς
1021 4836 1136 4903 φῶς
1189 4836 1481 4900 εὐωδιάζον
1521 4838 1933 4907 ἐνεργούμενον.

376 4926 445 4979 Ἣ
495 4924 690 4978 πάλιν*
728 4927 1007 4995 προσευχή
1057 4927 1204 4979 ἐστιν
1274 4928 1586 4981 ἀποστόλων
1634 4929 1932 5000 κήρυγμα*

371 5016 599 5078 πίστεως
630 5016 881 5087 ἐνέργεια
901 5033 917 5048 ο
954 5016 1155 5086 μᾶλλον
1180 5018 1258 5083 δὲ,
1298 5020 1481 5083 πίστις
1516 5019 1720 5090 ἀμεσος
1739 5038 1753 5052 ο
1780 5020 1933 5073 ἐλπι-

371 5106 605 5178 ζομένων
631 5108 960 5174 ὑπόστασις⁸
992 5112 1356 5183 ἐνεργουμένη
1391 5113 1582 5184 ἀγάπη
1606 5126 1621 5144 ⁸
1666 5113 1931 5183 ἀγγελικὴ

375 5194 582 5262 κίνησις
605 5206 620 5223 ⁸
653 5192 882 5260 δύναμις
918 5190 1226 5259 ἀσωμάτων
1246 5208 1261 5222 ο
1310 5192 1469 5261 ἔργον
1507 5196 1599 5245 καὶ
1627 5195 1933 5266 εὐφροσύνη

379 5280 550 5336 αὐτῶν
575 5296 589 5311 °
648 5280 980 5349 Εὐαγγέλιον
1043 5280 1216 5334 Θεοῦο
1273 5282 1616 5350 πληροφορία
1666 5284 1895 5355 καρδίας
1920 5303 1933 5317 ο

383 5373 646 5444 σωτηρίας
681 5373 836 5437 ὲλπίς
855 5388 872 5405 ·
898 5372 1164 5441 ἁγνισμοῦ
1196 5376 1420 5443 σημεῖον
1486 5374 1770 5445 ἁγιότητος
1798 5377 1942 5447 σύμ-

387 5465 561 5519 ϐολον*
611 5465 745 5520 Θεοῦ
784 5464 1114 5534 ἐπίγνωσις·
1167 5464 1544 5535 βαπτίσματος
1595 5454 1937 5538 φανέρωσιςο

388 5555 600 5625 λουτροῦ
639 5556 941 5626 κάθαρσιςο
989 5553 1306 5625 Πνεύματος
1350 5555 1506 5623 ἁγίου
1549 5556 1845 5627 ἀρραϐών*
1882 5559 1944 5611 τὸ

393 5647 475 5698 τοῦ
543 5646 711 5718 Ἰησοῦ
764 5647 1119 5716 ἀγαλλίαμασ
1174 5646 1484 5717 εὐφροσύνη
1532 5646 1741 5718 ψυχῆς·
1796 5648 1945 5714 ἔλεος

393 5731 549 5786 Θεοῦ·
580 5736 923 5818 καταλλαγῆς
950 5738 1206 5804 σημεῖον·
1234 5736 1466 5806 Χριστοῦ
1500 5740 1759 5808 σφραγίςο
1789 5741 1944 5805 ἀκτὶς

2123 4643 2257 4698 115.
2289 4642 2476 4723 Oratio
2526 4653 2610 4700 est
2654 4645 3039 4716 incipientibus
3061 4650 3203 4701 velut
3242 4646 3381 4716 ignis
3425 4647 3627 4703 laetitia)

2050 4734 2116 4788 de
2149 4734 2313 4788 corde
2342 4734 2604 4799 emicans,
2635 4734 2890 4803 perfectis
2916 4744 3043 4789 vero
3080 4736 3230 4804 quasi
3259 4735 3351 4790 lux
3380 4752 3606 4792 suavem

2047 4825 2287 4881 fundens
2316 4828 2563 4882 odorem.
2600 4825 2692 4881 Vel
2730 4829 2909 4883 adhuc
2932 4829 3111 4882 oratio
3128 4837 3211 4882 est
3242 4827 3620 4895 Apostolorum

2049 4917 2379 4985 praedicatio.
2413 4917 2537 4972 lldei
2580 4918 2841 4988 operatio,
2878 4933 2975 4973 seu
3004 4919 3185 4988 potius
3250 4918 3387 4972 ﬁdes
3424 4919 3619 4974 imme-

2048 5006 2214 5067 diata.
2245 5006 2634 5075 sperandarum
2666 5007 2976 5061 substantia
3004 5022 3212 5073 rerum,
3249 5007 3492 5062 charitas
3511 5005 3619 5060 ior-

2026 5107 2213 5165 ‘mata,
2241 5107 2418 5154 motus
2461 5099 2767 5167 angelicus,
2800 5097 3220 5168 incorporaliutn
3258 5098 3451 5163 virtus,
3480 5111 3617 5167 Opus

2045 5199 2102 5243 et
2148 5190 2427 5259 gaudium,
2455 5188 2814 5259 Evangelium
2864 5189 2981 5255 Dei,
3022 5190 3216 5245 ﬁducia
3250 5192 3450 5254 cordis,
3481 5205 3611 5260 spes

2044 5280 2257 5348 salutis,
2315 5280 2568 5356 puritatis
2623 5282 2859 5351 signum,
2915 5283 3221 5352 symbolum
3278 5281 3610 5349 sanctitatis,
3700 5286 3715 5311 ί

2044 5371 2139 5426 Dei
2169 5372 2433 5441 cognitio,
2464 5371 2747 5426 character
2770 5372 3131 5443 baptismatis,
3157 5371 3428 5426 lavacrum
3453 5386 3608 5424 mun-

2044 5466 2214 5530 dans;
2264 5464 2458 5534 pignus
2503 5462 2740 5533 Spiritus
2802 5465 3002 5531 sancti,
3050 5462 3252 5518 Christi
3280 5455 3605 5529 exsultatio,

2044 5558 2225 5613 laetitia
2247 5559 2462 5622 animae,
2490 5558 2581 5612 Dei
2612 5556 3004 5625 misericordia,
3035 5558 3247 5625 signant
3278 5553 3605 5608 reconcilia-

2045 5650 2229 5718 tionis,
2263 5650 2498 5719 sigillum
2539 5650 2764 5717 Christi,
2795 5652 2974 5705 radius
3005 5650 3135 5704 solis
3165 5645 3489 5716 spiritualis,
3516 5645 3603 5699 lu-

2043 5740 2177 5797 cifer
2232 5740 2499 5808 cordium,
2556 5741 2965 5798 fundamentum
3020 5733 3441 5803 Cbristianismi,
3506 5733 3601 5791 Dei
