4102 6344
542 345 677 412 1279

1747 356 2136 417 GREGORII
2177 360 2510 420 SINAI'I‘:E

3680 366 3821 431 12m

547 462 884 517 reconciliati
920 462 1206 530 iudicium,
1240 465 1333 521 Dei
1367 466 1567 535 gratia,
1592 465 1684 521 Dei
1713 468 2009 535 sapientia.
2035 469 2118 523 vel

2229 471 2410 538 νοητοῦ
2467 474 2617 542 ἡλίου
2647 492 2658 502 ·
2709 478 2984 549 ἑωσφόρος
3044 484 3320 553 καρδιῶν·
3361 490 3817 565 Χριστιανισμοῦ

545 554 729 623 petius
755 554 925 621 ipsius
969 556 1250 625 sapientiae
1304 557 1654 625 principium,
1685 557 1779 613 Dei
1833 561 2119 627 revelatio,

547 647 939 701 monachorum
991 661 1146 714 opus,
1173 647 1483 717 quietorum
1538 656 1739 714 status,
1790 650 2121 719 quietmlinis

546 732 687 800 fons,
725 736 851 789 vitm
889 736 1145 805 angelica
1173 736 1413 805 signum.
1445 737 1586 803 Quid
1623 739 1857 807 amplius
1900 740 2122 794 dicam?

543 830 720 881 oratio
770 837 854 883 est
888 828 1003 896 ipse
1050 828 1194 885 Deus
1229 844 1464 899 operans
1503 832 1687 886 omnia
1733 832 1785 885 in
1840 834 2117 897 omnibus.

542 919 667 987 quia
697 934 798 973 una
827 929 911 974 est
943 920 1139 986 Patris,
1179 929 1235 976 et
1264 920 1416 987 Filii,
1442 934 1494 976 et
1531 924 1764 990 Spiritus
1794 926 1968 978 sancti
1994 943 2121 993 ope—

544 1008 711 1076 ratio,
738 1011 921 1066 omnia
955 1025 1190 1079 operans
1227 1013 1279 1067 in
1308 1011 1531 1070 Christo
1559 1012 1716 1069 Jesu.

619 1277 744 1331 lit.
780 1277 895 1333 Nisi
932 1280 1137 1347 virgam
1170 1279 1389 1335 virtutis
1416 1279 1632 1352 Moyses
1663 1298 1692 1335 a
1726 1282 1833 1338 Deo
1869 1285 2119 1352 accepis-

544 1378 646 1433 set,
677 1386 782 1424 non
811 1371 985 1425 factus
1019 1369 1379 1434 luissetDeus
1399 1372 1704 1431 Pharaonis
1738 1377 1806 1431 ad
1839 1393 1961 1433 eum
1995 1395 2118 1433 cum

548 1458 784 1532 Egypto
811 1464 1247 1530 percutiendum.
1281 1468 1357 1525 lta
1401 1482 1582 1532 mens,
1620 1467 1721 1520 nisi
1772 1468 1973 1523 virtute
2002 1485 2124 1524 ora—

548 1553 713 1607 tionis
756 1556 979 1621 polleat,
1022 1571 1307 1626 peccatum
1351 1570 1407 1617 et
1428 1559 1776 1617 adversarias
1824 1569 2122 1630 potestates

545 1654 832 1702 conterere
861 1651 1071 1717 nequit.

619 1739 740 1794 “5.
777 1739 837 1794 Ei
865 1742 956 1808 qui
986 1742 1175 1798 dicunt
1211 1745 1485 1801 faci'untve
1522 1747 1725 1815 aliquid
1761 1749 1877 1802 sine
1905 1746 2123 1800 humili-

2222 559 2511 628 βεϐαίωσις
2534 576 2548 589 ⁸
2579 565 2927 635 καταλλαγῆς
2954 569 3089 622 θεοῦ
3119 573 3355 643 δήλωσις
3377 594 3391 607 ο
3432 580 3598 648 χάρις
3624 559 3782 636 Θεοῦ
3801 602 3817 615 ο

2221 651 2382 719 σοφία
2411 653 2570 707 Θεοῦ·
2612 655 2813 723 μᾶλλον
2857 658 2914 710 δὲ
2942 660 3279 731 ἀὑτοσοφίας
3314 667 3458 739 ἀρχή
3482 670 3672 755 ’.Θεοῦ
3706 692 3817 743 φα-

2220 743 2453 813 νέρωσις
2479 763 2492 775 ’
2513 747 2794 813 μοναστῶν
2815 749 2978 819 ἔργον
3003 767 3015 783 ο
3046 753 3428 825 ἡσυχαζόντων
3454 743 3779 835 πολίτευμα
3803 786 3820 800 ·

2222 834 2449 928 umidi:
2505 838 2727 909 ἀφορμή
2758 856 2771 873 ⁸
2818 842 3114 914 ἀγγελικῆς
3152 849 3433 917 πολιτείας
3474 834 3819 928 τεκμήριον.

2221 924 2334 980 Καὶ
2360 927 2413 978 τί
2454 928 2536 981 δεῖ
2571 930 2799 984 πλεῖστα
2825 932 3002 1001 λέγειν
3029 952 3044 1001 ;
3078 937 3120 989 Π
3129 943 3363 1011 ροσευχῦ
3389 944 3537 998 ἐστιν
3570 924 3601 1000 δ
3630 924 3782 1012 δεδς
3801 991 3816 1011 ,

2223 1017 2267 1106 ον
2295 1018 2536 1087 ἐνεργῶν
2571 1021 2640 1072 τὰ
2689 1023 2869 1077 πάντα
2919 1026 2979 1077 ἐν
3021 1029 3193 1093 πᾶσι,
3244 1030 3332 1085 διὰ
3384 1035 3445 1088 τὸ
3482 1038 3614 1106 μίαν
3660 1035 3818 1095 εἶναι

2222 1104 2456 1177 Πατρὸς,
2490 1109 2584 1161 καὶ
2619 1110 2784 1175 Υίοῦ,
2832 1115 2924 1167 καὶ
2956 1116 3114 1181 ἁγίου
3151 1104 3606 1197 Πνεύματοςντὴν
3652 1131 3815 1199 ἐνέρ-

2223 1215 2396 1266 γειαν,
2432 1200 2525 1252 τοῦ
2558 1203 2906 1272 ἐνεργοῦντος
2938 1209 3008 1260 τὰ
3044 1210 3221 1264 πάντα
3247 1215 3304 1266 ἐν
3338 1218 3556 1287 Χριστῷ
3604 1223 3809 1290 Ἰησοῦ.

2295 1288 2413 1358 ριδ¹.
2459 1291 2679 1346 Ῥάϐδον
2704 1296 2987 1364 δυνάμεως
3036 1303 3086 1353 εἰ
3121 1305 3196 1373 μὴ
3226 1307 3467 1378 Μωῦσῆς
3490 1315 3647 1380 παρὰ.
3667 1288 3814 1365 Θεοῦ

2224 1379 2457 1449 εἰλήφει,
2515 1383 2616 1435 οὑκ
2650 1384 2716 1438 ἂν
2749 1385 2881 1449 Θεὸς
2925 1389 3125 1459 Φαραὼ
3176 1395 3488 1464 γενόμενος,
3526 1379 3694 1453 αὑτόν
3752 1420 3814 1455 τε

2226 1471 2461 1542 μαστίζῃ
2503 1475 2596 1526 καὶ
2634 1475 2732 1545 τὴν
2765 1478 3062 1545 Αἴγυπτον,
3106 1484 3213 1537 Καὶ
3257 1485 3379 1548 νοῦς
3414 1490 3463 1540 εί
3532 1492 3611 1559 μὴ
3642 1492 3816 1544 δῦνα-

2227 1576 2317 1627 μιν
2351 1563 2656 1632 προσευχῆς
2669 1564 2737 1613 ιέν
2765 1568 2905 1634 χειρῖ
2937 1567 3220 1638 μετάσχοι,
3263 1572 3360 1641 τὴν
3398 1574 3681 1643 ἁμαρτίαν
3713 1577 3810 1630 καῖ

2222 1650 2322 1713 τὰς
2352 1652 2601 1717 ἐναντίας
2627 1654 2888 1725 δυνάμεις
2913 1660 3204 1730 συντρίψαι
3230 1662 3513 1722 ἀδύνατον.

2297 1748 2413 1810 ριε’.
2447 1745 2510 1796 υἱ
2550 1745 2823 1813 λέγοντες,
2860 1749 2892 1819 ἢ
2936 1752 3265 1819 πράττοντές
3305 1772 3358 1807 τι
3404 1758 3573 1826 χωρὶς
3610 1777 3811 1835 tas-:3;-

548 1833 680 1892 tate,
706 1839 833 1883 sunt
867 1831 1013 1885 velut
1045 1833 1097 1886 in
1134 1834 1312 1890 hieme
1354 1845 1446 1890 aut
1479 1836 1598 1891 sine
1628 1837 1743 1892 lu'o
1772 1837 2124 1891 aediﬁcantes.

2300 1809 2306 1810 γ
2624 1809 2633 1813 -
2981 1809 3023 1819 ..
3245 1809 3261 1817 -
3406 1809 3777 1835 η,ς-η-;

2229 1831 2460 1897 νώσεως,
2504 1836 2748 1915 ἐοίκασιν
2795 1841 2853 1893 ἐν
2896 1842 3149 1911 χειμῶνι,
3200 1844 3233 1914 ἦ
3270 1845 3397 1898 ἄνευ
3447 1848 3624 1917 πηλοῦ
3656 1853 3808 1904 οἰκο-

546 1917 698 1982 lllam
751 1929 935 1972 autem
979 1924 1313 1990 experientia
1380 1934 1435 1978 et
1499 1927 1728 1979 scientia
1783 1926 2028 1979 invenire
2063 1939 2128 1978 ac

2229 1922 2426 1990 δομεῑν.
2482 1927 2656 2001 Πείρᾳ
2707 1931 2764 1983 δὲ
2812 1934 2906 1985 καὶ
2959 1934 3160 2002 γνώσει
3208 1938 3412 2010 ταύτην
3467 1943 3652 2009 εὑρεῖν
3710 1946 3805 1996 καὶ

549 2027 904 2079 cognoscere,
940 2015 1395 2081 paucissimorum
1434 2026 1538 2072 est.
1581 2017 1718 2072 Nam
1752 2019 1844 2087 qui
1876 2032 2130 2072 sermone

546 2105 617 2157 de
665 2118 726 2156 ea
785 2105 1086 2167 disserunt,
1120 2107 1330 2162 similes
1381 2118 1509 2163 sunt
1560 2110 1919 2166 metientibus
1964 2110 2128 2180 abys-

547 2207 693 2245 sum.
734 2190 845 2246 Nos
899 2210 1027 2247 vero
1060 2195 1257 2263 quibus
1287 2198 1579 2251 admodum
1611 2198 1774 2254 caecis
1800 2214 1968 2268 parva
2009 2212 2128 2251 nia-

545 2299 666 2354 gnte
705 2284 843 2341 lucis
880 2284 1084 2341 aﬂ‘ulsit
1134 2288 1388 2353 scintilla,
1427 2290 1656 2345 dicimus
1683 2306 1698 2347 :
1730 2290 1868 2345 Vera
1914 2292 2129 2344 humili-

553 2385 660 2439 tas,
701 2391 802 2432 nec
859 2377 1087 2431 btunilia
1134 2379 1286 2441 dicit,
1321 2395 1425 2435 nec
1474 2382 1731 2437 humilem
1772 2382 1933 2436 habet
1973 2382 2128 2436 babi-

549 2478 698 2542 tum,
719 2483 819 2525 nec
853 2469 1086 2525 humiles
1136 2470 1358 2524 allectat
1394 2486 1616 2536 sensus,
1645 2488 1745 2528 nec
1781 2474 2019 2542 seipsum
2055 2473 2129 2526 vi-

551 2540 771 2628 tuperat
801 2560 1044 2615 humilis.
1074 2561 1181 2617 Ista
1210 2562 1431 2629 quidem
1464 2572 1591 2617 sunt
1612 2563 1785 2629 initia,
1812 2540 2128 2633 tat-species,

547 2663 599 2708 et
631 2655 767 2707 varii
797 2655 938 2708 modi
969 2653 1296 2708 humilitatis
1321 2671 1336 2719 ;
1365 2654 1460 2709 sed
1495 2655 1609 2725 ipsa
1635 2663 1720 2709 est
1750 2657 1922 2724 gratia
1952 2664 2007 2710 et
2039 2656 2131 2710 do-

554 2761 681 2799 num
718 2745 835 2801 Dei.
880 2744 1048 2799 Pon‘o
1083 2745 1281 2814 duplex
1311 2755 1415 2811 est,
1467 2745 1620 2815 juxta
1660 2744 1873 2812 Patres,
1908 2747 2132 2801 humili-

554 2849 636 2893 tas
672 2855 688 2894 :
721 2840 931 2894 scilicet
969 2854 1027 2895 se
1060 2839 1386 2906 pOSthaltet'e
1435 2839 1710 2903 omnibus,
1766 2848 1818 2893 et
1854 2840 2130 2895 ascribere

556 2930 665 2983 Deo
697 2947 794 2984 sua
826 2930 990 2985 bona.
1026 2929 1156 2984 Illud
1185 2939 1267 2983 est
1292 2929 1652 2991 initium,hoc
1680 2938 1862 2984 autem
1895 2940 1980 2984 est
2011 2945 2133 2999 per-

555 3025 716 3077 fectio
750 3023 1098 3077 humilitatis.
1163 3020 1314 3075 Hanc
1361 3030 1540 3076 autem
1573 3020 1666 3089 qui
1713 3023 1908 3090 quaerit
1951 3037 2117 3090 agno-

557 3130 717 3169 scere
745 3095 798 3167 et
834 3124 1088 3189 reputare
1117 3113 1218 3168 tria
1243 3114 1355 3167 hac
1390 3111 1443 3166 in
1477 3111 1658 3180 seipse
1676 3111 1834 3166 debet
1867 3129 1881 3167 :
1913 3126 1972 3169 se
2009 3127 2129 3167 esse

556 3208 727 3279 magis
758 3223 918 3276 quam
952 3222 1143 3263 omnes
1186 3219 1526 3278 peccatorem
1554 3221 1571 3273 ;
1601 3214 1656 3260 et
1682 3208 1894 3260 cunctis
1928 3204 2130 3274 turpio-

559 3318 672 3357 rem
723 3301 1016 3365 creaturis,
1045 3311 1317 3368 quatenus
1370 3309 1455 3354 est
1504 3309 1692 3354 contra
1756 3309 2041 3363 naturam;
2083 3309 2137 3351 et

560 3397 1014 3451 miserabiliorem
1060 3393 1416 3456 daemonibus,
1453 3401 1642 3459 utpote
1679 3392 1986 3447 daauionum
2021 3406 2138 3444 ser-

561 3505 708 3543 vum.
745 3489 838 3542 Sic
867 3490 1032 3556 igitur
1074 3486 1221 3555 loqui
1269 3485 1431 3540 debet
1462 3500 1478 3540 :
1513 3482 1699 3553 Egone
1753 3484 1970 3552 penitus
2021 3483 2137 3537 scio

560 3590 779 3651 peccata
816 3578 1099 3634 hominum
1132 3586 1264 3646 quot
1292 3584 1348 3630 et
1376 3584 1577 3645 quanta
1601 3575 1730 3639 sint,
1760 3588 1828 3627 an
1864 3568 2134 3628 excedant

566 3675 647 3727 vel
702 3681 919 3739 a-quent
948 3684 1098 3722 meas
1141 3670 1311 3736 ipsius
1350 3664 1866 3736 iniquitates?Nam
1918 3676 2137 3735 propter

561 3765 860 3834 ignaviam,
895 3776 928 3814 o
960 3761 1160 3824 anima,
1185 3773 1376 3813 sumus
1419 3757 1559 3811 infra
1592 3767 1819 3812 cunctos
1862 3758 2132 3825 homines,

563 3868 825 3924 tanquam
881 3861 1047 3916 terra,
1080 3860 1133 3904 et
1162 3849 1325 3914 cinis,
1355 3857 1409 3901 ct
1463 3847 1759 3903 scabellum
1807 3851 2003 3918 pedum
2038 3863 2133 3903 eo-

561 3965 707 4003 rum.
749 3947 1032 4012 Quomodo
1074 3959 1180 3998 non
1226 3957 1311 3996 nae
1347 3942 1573 3996 habeam
1603 3941 1843 3996 tiliorem
1880 3943 2136 3997 omnibus

566 4040 859 4104 creaturis,
894 4052 1013 4108 quae
1032 4046 1157 4092 sunt
1186 4036 1481 4092 secundum
1511 4045 1760 4088 naturam
1795 4043 1946 4104 prom
1979 4033 2136 4089 factae

557 4144 704 4201 sunt,
734 4149 834 4204 ego
863 4148 991 4187 vero
1026 4141 1257 4201 prepter
1288 4132 1602 4184 inrmmeras
1645 4127 1964 4197 iniquitates
2012 4142 2132 4182 sum

469 4220 477 4225 ’
555 4239 746 4282 contra
772 4234 1019 4280 naturam
1049 4222 1231 4277 ’ἔνι-το
1278 4222 1420 4276 enim
1445 4220 1689 4290 jumenta
1705 4229 1760 4275 et
1784 4234 1977 4288 pecora
2008 4225 2136 4274 sunt

557 4319 775 4386 puriora
814 4332 900 4372 me
931 4327 1242 4384 peccatore,
1274 4315 1507 4381 ideoque
1536 4311 1791 4366 omnibus
1819 4311 1978 4365 vilior
2021 4312 2133 4365 fac-

563 4422 655 4465 tus
686 4423 831 4473 sum,
877 4407 969 4474 qui
998 4409 1138 4474 apud
1161 4405 1393 4458 inferum
1426 4404 1509 4457 vel
1536 4412 1660 4457 ante
1690 4410 1919 4456 mortem
1955 4400 2129 4455 decidi

538 4496 618 4555 ἰιι
644 4502 825 4571 jaceo.
850 4497 984 4562 Quis
1013 4512 1121 4550 non
1166 4496 1266 4550 scit
1301 4509 1364 4549 ac
1395 4495 1557 4550 sentit
1592 4495 1830 4563 peiorem
1865 4493 2127 4548 daemoni-
2155 4508 2209 4568 ῃ

560 4595 661 4646 luis
714 4607 834 4645 esse
881 4599 1392 4660 peccatiucmmum
1433 4588 1503 4639 sit
1555 4602 1743 4639 eorum
1805 4584 2041 4640 fatnulus
2079 4594 2132 4640 et

560 4684 911 4752 mancipium,
946 4689 1001 4734 et
1037 4681 1147 4751 jam
1184 4693 1330 4732 nunc
1364 4692 1486 4732 cum
1532 4678 1615 4733 eis
1647 4678 1697 4731 in
1726 4677 1964 4732 tenebris
2005 4692 2133 4732 con-

561 4777 786 4829 clusus?
817 4774 953 4827 Vere
987 4772 1137 4842 pejor
1166 4786 1226 4825 cs
1257 4770 1617 4834 daemonibus,
1641 4770 1733 4840 qui
1760 4771 1841 4824 eis
1879 4768 2128 4835 inscrvis,

573 4870 812 4936 ideoque
857 4881 980 4921 cum
1031 4866 1111 4919 eis
1150 4864 1413 4933 abyssum
1445 4864 1673 4916 sortitus
1703 4876 1782 4928 es,
1811 4876 1845 4915 0
1893 4861 2137 4914 miserri-

561 4960 684 5014 me!
719 4959 967 5019 Terram,
998 4966 1051 5010 et
1082 4955 1380 5021 infernum,
1418 4963 1470 5009 et
1504 4954 1751 5024 abyssum
1796 4959 1959 5008 etiam
2009 4964 2134 5008 ante

566 5064 794 5104 mortem
824 5049 1100 5114 habitans,
1130 5046 1404 5117 quomodo
1444 5054 1494 5100 te
1517 5045 1723 5115 justum
1756 5045 2131 5113 mentiris,qui

563 5148 905 5210 ρ·ιςειιιοτοιιι
956 5147 1007 5189 et
1056 5136 1353 5191 nefandum
1390 5144 1445 5190 et
1492 5134 1790 5189 daemonem
1846 5145 1898 5188 te
1952 5136 2135 5203 pravis

2223 2015 2455 2083 γνῶναι,
2514 2020 2715 2089 ὀλίγων
2766 2023 2887 2077 λίαν
2933 2026 3101 2082 ἐστίν.
3144 2031 3207 2081 Οἱ
3249 2030 3357 2098 γὰρ
3396 2032 3453 2085 ἐν
3493 2033 3641 2103 λόγῳ
3679 2040 3806 2104 περὶ

2224 2109 2429 2179 ταύτης
2477 2112 2796 2178 διεξιόντες,
2831 2118 3008 2185 ὅμοιοί
3049 2120 3189 2172 εἰσιν
3219 2122 3268 2173 οἱ
3320 2124 3653 2193 μετροῦντες
3705 2128 3805 2193 τὴν

2225 2200 2482 2256 ἄϐυσσον.
2516 2206 2708 2274 Ἡμεῖς
2735 2207 2790 2260 δέ
2819 2210 2870 2261 οί
2893 2211 3083 2278 τυφλοὶ
3115 2213 3379 2276 νεανικῶς
3410 2217 3541 2285 περὶ
3569 2216 3667 2269 τοῦ
3704 2235 3805 2286 με·

2227 2294 2393 2361 γάλου
2426 2296 2602 2364 φωτὸς
2626 2299 2819 2351 τούτου
2853 2301 3050 2371 μικρδν
3085 2305 3500 2373 φανταζόμενοι,
3530 2307 3764 2378 λέγομεν
3785 2326 3800 2338 ’

2239 2384 2304 2438 Ἦ
2326 2387 2657 2451 ταπείνωσις
2690 2391 2895 2460 κυρίως
2919 2390 3043 2445 οὔτε
3066 2396 3482 2463 ταπεινολεγίαν
3513 2397 3651 2467 ἔχει,
3680 2398 3805 2451 οὔτε

2224 2482 2657 2548 ταπεινοσχημοῖ
2684 2497 2697 2511 ο
2755 2482 2876 2534 οὐδὲ
2938 2487 3157 2554 φρονεῖν
3221 2488 3455 2541 ταπεινά
3526 2487 3805 2557 βιάζεται,

2226 2569 2348 2621 οὐδὲ
2400 2571 2599 2623 ἑαυτὸν
2648 2571 2924 2641 μέμφεται
2972 2576 3417 2646 ταπεινούμενος.
3462 2580 3584 2632 Κᾶν
3630 2581 3809 2633 ταῦτα

2229 2660 2475 2729 ἀφορμαὶ
2502 2665 2598 2716 καὶ
2626 2666 2880 2735 σχήματα
2910 2668 3295 2733 ταπεινώσεώς
3321 2672 3480 2731 εἰσιν,
3501 2669 3580 2734 ὡς
3609 2670 3807 2739 τρόποι

2228 2750 2500 2822 διάφοροι,
2533 2754 2670 2809 ἀλλὰ
2709 2758 2870 2827 χάρις
2909 2759 3057 2811 ἐστὶν
3103 2758 3280 2830 αὕτη,
3307 2761 3404 2813 καὶ
3450 2761 3632 2830 δωρεὰ
3662 2761 3806 2814 άνωο

2231 2838 2344 2893 οεν.
2384 2841 2504 2894 Δύω
2556 2844 2802 2917 δέείσιν,
2837 2847 2913 2909 ὥς
2940 2862 3105 2914 φασιν
3133 2849 3182 2901 οἱ
3223 2850 3490 2918 Πατέρες,
3529 2850 3806 2903 ταπεινώ-

2231 2945 2346 2992 σεις
2375 2947 2388 2962 ·
2438 2932 2499 2985 τὸ
2548 2933 2693 3003 ἔχειν
2743 2936 2933 2991 ἑαυτὸν
2987 2938 3247 2993 ὑποκάτω
3298 2941 3519 2994 πάντων
3542 2980 3559 3007 ,
3598 2944 3692 2994 καὶ
3744 2941 3804 2992 τὸ

2230 3021 2558 3090 ἐπιγράφειν
2583 3023 2702 3095 Θεῷ
2731 3025 2801 3079 τὰ
2830 3027 3253 3098 κατορθώματα.
3285 3031 3394 3082 Καὶ
3431 3031 3492 3083 τὸ
3523 3031 3623 3100 μὲν
3656 3032 3803 3102 πρῶο

2230 3129 2343 3179 τον,
2369 3115 2509 3186 ἀρχή
2537 3133 2549 3147 ·
2581 3118 2641 3171 τὸ
2662 3118 2720 3172 δὲ
2744 3119 3017 3191 δεύτερον,
3046 3121 3217 3185 τέλος.
3256 3123 3593 3190 Ἐπιγίνεται
3616 3125 3670 3178 δὲ
3690 3130 3799 3191 τοῖς

2232 3203 2487 3272 ζητοῦσιν
2529 3208 2721 3281 αὐτὴν,
2759 3210 2821 3263 τὸ
2849 3210 2988 3281 μετὰ
3017 3210 3272 3280 γνώσεως
3301 3213 3470 3284 ἔχειν,
3515 3217 3610 3270 καὶ
3652 3218 3799 3286 λογί-

2233 3290 2418 3355 ζεσθαι
2455 3296 2523 3348 τὰ
2572 3300 2699 3367 τρία
2738 3299 2909 3353 ταῦτα
2943 3303 3001 3354 ὲν
3042 3302 3254 3372 ἐαυτῷ·
3303 3304 3365 3356 τὸ
3414 3306 3555 3378 ὑπὲρ
3592 3307 3799 3372 πάντας

2234 3383 2591 3453 ἁμαρτωλοὺς
2622 3387 2781 3454 εἶναι,
2813 3392 2902 3443 καὶ
2931 3390 2994 3444 τὸ
3025 3393 3162 3465 ὑπὲρ
3208 3393 3387 3449 πάντα
3430 3396 3499 3449 τὰ
3527 3398 3801 3470 κτίσματα

2231 3476 2510 3549 αἰσχροὺς,
2550 3480 2626 3544 ὡς
2652 3483 2821 3545 sig-sb
2864 3484 3016 3555 παρὰ
3042 3485 3204 3553 φύσιν
3231 3485 3391 3552 ὄντας
3409 3503 3424 3519 ο
3452 3490 3628 3544 καὶτὸ
3662 3492 3799 3562 ὑπὲρ

2231 3568 2357 3631 τοὺς
2379 3568 2637 3638 δαίμονας
2662 3572 3075 3643 ἐλεεινοτέρους,
3098 3575 3174 3637 ὡς
3198 3575 3259 3628 τὸ
3282 3572 3421 3631 εἶναι
3439 3578 3660 3642 δούλους
3686 3584 3799 3643 τοῖς

2232 3657 2501 3727 δαίμοσιν.
2542 3661 2738 3729 Λέγειν
2790 3663 2847 3715 δὲ
2898 3661 3072 3727 οὕτως
3109 3665 3335 3734 ὀφείλει·
3392 3667 3502 3721 Ποῦ
3545 3670 3654 3740 γὰρ
3694 3667 3805 3725 οῖδα

2234 3748 2345 3815 ἐγὼ
2378 3749 2619 3820 ἀκριϐῶς
2651 3753 2749 3817 τὰς
2787 3754 2896 3807 τῶν
2923 3754 3230 3827 ἀνθρώπων
3266 3759 3541 3829 ἁμαρτίας
3568 3762 3803 3833 ὁποῖαιῆ

2232 3840 2352 3892 ὅσαι
2409 3841 2584 3907 εἰσίνς
2627 3843 2711 3896 ὅτι
2762 3843 3210 3914 ὑπερϐαίνουσιν,
3258 3848 3292 3920 ἢ
3346 3849 3653 3914 ἐξισοῦνται
3690 3856 3805 3917 ταῖς

2233 3932 2393 4002 ἐμαῖς
2427 3934 2754 4004 ἀμαρτίαις;
2796 3938 2908 3990 Καὶ
2955 3936 3045 3991 διὰ
3092 3938 3193 4009 τὴν
3233 3939 3488 4008 ἄγνοιαν,
3539 3935 3586 3997 ὦ
3637 3943 3801 4013 ψυχὴ,

2234 4022 2494 4077 ὑποκάτω
2525 4025 2743 4079 πάντων
2776 4027 3080 4099 ἀνθρώπων
3113 4029 3300 4098 ἐσμὲν,
3338 4031 3413 4095 ὡς
3456 4033 3527 4103 γῆ
3560 4034 3657 4087 καὶ⁵
3686 4028 3804 4087 σποο

2233 4113 2344 4177 δὸς,
2375 4116 2470 4168 καὶ
2516 4116 2774 4171 ὑποκάτω
2797 4119 2906 4171 τῶν
2930 4119 3107 4173 ποδῶν
3135 4120 3334 4176 αὐτῶν.
3368 4122 3491 4186 Πῶς
3520 4124 3579 4177 δὲ
3608 4126 3701 4180 καὶ
3731 4125 3801 4195 μὴ

2234 4202 2333 4274 ἔχῃ
2367 4204 2557 4257 ἑαυτὸν
2590 4206 2964 4277 αἰσχρότερον,
2998 4208 3216 4263 πάντων
3243 4211 3353 4264 τῶν
3384 4213 3699 4281 κτισμάτων
3727 4216 3800 4276 εἰς

2234 4295 2294 4346 τὸ
2321 4295 2462 4348 κατὰ
2490 4294 2652 4361 φύσιν
2685 4297 2876 4359 ὄντων,
2910 4297 3096 4370 ὥσπερ
3123 4303 3433 4368 γεγόνασιν,
3461 4304 3597 4374 ἐμοῦ
3625 4305 3681 4359 δὲ
3720 4306 3803 4358 διά

2234 4387 2334 4450 τὰς
2363 4389 2711 4458 ἁμετρήτους
2754 4390 2988 4458 ἀνομίας
3015 4394 3095 4454 εἰς
3127 4393 3189 4446 τὸ
3220 4394 3372 4467 παρᾶ
3409 4395 3601 4464 φύσιν;
3654 4397 3804 4467 Ἀλη-

2235 4478 2343 4541 Θῶς
2392 4481 2501 4548 γὰρ
2538 4482 2630 4535 καὶ
2685 4483 2751 4537 τὰ
2793 4482 2958 4554 Θηρία
2996 4488 3092 4540 καὶ
3134 4488 3202 4541 τά
3248 4492 3422 4562 κτήνη
3448 4491 3804 4564 καθαρώτερα

2234 4569 2368 4639 ἐμοῦ
2410 4571 2505 4625 τοῦ
2564 4573 2893 4645 ἀμαρτωλοῦ
2946 4579 3313 4649 τυγχάνουσι·
3371 4583 3469 4635 καὶ
3516 4584 3605 4636 διά
3648 4585 3802 4637 τοῦτό

2234 4665 2350 4733 εἰμι
2391 4665 2650 4743 ὑποκάτω
2712 4669 2951 4733 πάντων,
3006 4670 3082 4731 ὡς
3129 4672 3207 4733 εἰς
3257 4673 3349 4726 τὸν
3396 4673 3528 4743 ᾅδην
3560 4676 3653 4732 καὶ
3702 4676 3803 4745 πρὸ

2238 4753 2468 4807 θανάτου
2516 4757 2899 4825 κατενεχθεὶς,
2937 4760 3032 4813 καὶ
3070 4761 3571 4831 κατάκειμαι.’Τίς
3614 4765 3670 4818 δὲ
3706 4767 3801 4820 οὐκ

2235 4838 2376 4894 οἶδεν
2407 4843 2464 4895 ἐν
2485 4843 2755 4914 αἰσθήσει,
2789 4845 2871 4897 ὅτι
2895 4847 2988 4899 καὶ
3016 4849 3126 4901 τῶν
3154 4850 3425 4919 δαιμόνων
3462 4854 3578 4913 ἐστὶ
3608 4854 3799 4925 χείρων

2237 4936 2264 4986 ὁ
2311 4934 2649 5004 ἁμαρτωλὸς,
2688 4936 2763 4999 ὡς
2807 4938 2993 5003 δοῦλος
3042 4942 3222 4993 αὐτῶν
3269 4943 3364 4995 καὶ
3407 4945 3667 5014 ὑπήκοος,
3711 4946 3801 5001 καὶ

2238 5028 2329 5078 ἀπ’
2382 5024 2627 5079 ἐντεῦθεν
2659 5028 2755 5081 σὺν
2801 5029 2983 5092 αὐτοῖς
3031 5030 3110 5101 τῷ
3143 5033 3324 5091 σκότει
3358 5036 3792 5106 συγκαθειργμέ-

2240 5133 2358 5179 νος;
2392 5117 2599 5182 Ὄντως
2622 5118 2717 5171 καὶ
2752 5117 2950 5193 χείρων
2981 5121 3091 5174 τῶν
3119 5123 3407 5191 δαιμόνων,
3442 5128 3477 5178 ό
3504 5126 3595 5178 ὑπ’
3625 5128 3798 5181 αὐτῶν

572 5229 824 5300 operibus
878 5227 1053 5282 fecisti
1077 5228 1099 5281 ’ί
1127 5228 1266 5283 Proh
1299 5226 1641 5282 mendacium
1677 5227 1690 5280 l
1725 5226 1856 5295 proh
1886 5240 2131 5281 errorem

2229 5218 2635 5290 κυριευόμενος,
2666 5217 2760 5270 καὶ
2791 5217 2879 5271 δια
2904 5218 3059 5270 τοῦτο
3089 5216 3188 5269 σὺν
3216 5216 3400 5279 αὐτοῖς
3422 5215 3522 5284 τὴν
3561 5214 3791 5273 ἄϐυσσον

564 5331 739 5386 ιυιιιη,
765 5336 798 5375 o
829 5319 1043 5374 inimice
1071 5317 1187 5384 Dei,
1212 5320 1366 5373 canis
1396 5318 1692 5383 immunde,
1717 5333 1877 5388 quem
1911 5319 2131 5388 proinde

2229 5307 2545 5379 ἐκληρώσω,
2578 5306 2912 5377 ταλαίπωρε.
2942 5306 3049 5375 Γῆν
3078 5304 3171 5369 δέ,
3204 5306 3298 5358 καὶ
3327 5305 3479 5375 ᾅδην,
3510 5305 3603 5358 καὶ
3626 5305 3782 5360 ἄϐυσ·

554 5413 707 5480 ιςηῑε
738 5424 792 5466 et
828 5412 1062 5467 tenebrae
1093 5418 1313 5463 manent
1345 5410 1360 5463 l

2230 5416 2321 5453 σον
2352 5401 2380 5452 ὁ
2425 5399 2518 5461 καὶ
2560 5396 2664 5469 πρὸ
2701 5396 2935 5450 θανάτου
2981 5395 3273 5458 κατοικῶν,
3309 5395 3425 5457 πῶς
3454 5395 3649 5448 ἑαυτὸν
3670 5436 3686 5461 ,
3717 5395 3787 5448 δί-

570 5479 725 5545 καιον
771 5487 1060 5559 ὀνομάζων
1091 5486 1473 5557 φρεναπατᾷς,
1510 5485 1860 5554 ἁμαρτωλὸν,
1903 5486 1999 5540 καὶ
2048 5483 2298 5554 βέϐηλον,
2336 5483 2434 5535 καὶ
2467 5479 2697 5549 δαίμονα
2733 5483 2844 5543 τοῖς
2897 5483 3088 5546 κακοῖς
3145 5483 3328 5554 ἔργοις
3384 5490 3658 5560 mnia“;
3708 5489 3805 5545 φεῦ

572 5588 670 5657 τῆς
702 5585 802 5653 σῆς
834 5584 1057 5653 ἀπάτης
1091 5582 1192 5637 καὶ
1225 5580 1461 5652 πλάνης,
1490 5582 1866 5652 δεισιδαίμων,
1915 5578 2064 5633 κύων
2110 5576 2413 5648 ἀκάθαρτε,
2476 5572 2556 5643 τῷ
2587 5576 2723 5644 πυρὶ
2750 5573 2848 5629 καὶ
2879 5573 2960 5646 τῷ
2993 5576 3174 5631 σκότει
3204 5579 3288 5632 διὰ
3310 5578 3479 5642 ταῦτα
3518 5599 3806 5651 παραπεμ-

577 5683 645 5737 πό
653 5696 809 5741 μενος
830 5679 844 5733 l

577 5698 645 5737 πο
694 5698 844 5741 ενοςι

540 5800 549 5807 -
630 5698 771 5828 l6.
799 5771 924 5835 llaec
942 5767 1206 5838 sapientia
1243 5781 1403 5837 quam
1446 5765 1537 5847 dat.
1569 5764 1820 5835 spiritus,
1856 5770 1960 5849 est,
1986 5760 2135 5834 ivxta

2292 5826 2296 5830 _
2341 5754 2474 5820 ptg’.
2509 5750 2672 5819 Σοφία
2702 5755 3195 5836 πνευματοκίνητός
3225 5753 3514 5829 ἐστιινκαῖᾶ
3542 5757 3669 5820 τοὺς
3710 5755 3812 5818 θεας
