4122 6322
390 279 520 343 1281

1428 291 1514 347 CA
1531 291 1706 350 PITA
1749 292 1900 351 PER
1944 293 2366 361 ACROSTICII
2384 303 2593 363 IDEM.

3491 303 3630 371 12έί

386 387 660 457 1.ὀγους,.ὴ
684 388 914 457 δύναμις
943 390 1043 458 τῆς
1076 389 1285 459 νοερᾶς,
1312 390 1404 442 καὶ
1434 393 1700 464 καθαρᾶς,
1731 395 1825 447 καὶ
1859 396 1958 462 ἀγ-

2074 411 2366 479 Lheologos,
2402 416 2574 471 virtus
2638 417 2890 471 mcntalis
2959 431 3211 485 paratque
3259 426 3314 472 et
3371 419 3630 488 angelicae

385 478 606 547 γελικῆς
644 478 956 549 προσευχῆς
981 494 993 507 '
1033 472 1101 548 ἦς
1135 478 1196 531 τὺ
1232 482 1479 552 σημεῖον,
1517 485 1573 537 ἐν
1605 485 1958 555 τῷεῠχεσθαι

383 573 411 623 6
443 570 567 634 νοῦς
596 570 831 633 άνείδεος
884 568 1058 640 πάντη
1107 570 1369 641 ὁρᾶσθαι,
1430 576 1523 628 καὶ
1569 577 1704 645 μήτε
1746 578 1959 643 ἐαυτὸν,

389 665 525 733 μήτε
572 681 625 718 τι
675 663 803 718 ἄλλο
845 664 902 715 ἒν
945 662 1210 734 ’παχύτητι
1260 664 1495 734 βλέπων,
1542 666 1680 721 ἀλλά
1715 670 1808 722 καὶ
1852 669 1962 721 τῶν

386 753 694 821 αἰσθήσεων
724 750 983 812 πολλάκις
1020 750 1123 803 ὑπὸ
1151 751 1245 804 τοῦ
1277 752 1455 821 φωτὸς
1483 753 1696 807 ἐκείνου
1738 754 1960 807 συστελ-

327 860 339 873 ί
385 844 649 913 λομένων.
711 842 769 894 '0
813 840 921 912 γὰρ
976 840 1101 904 νοῦς
1152 841 1313 906 άῡλος
1372 845 1468 896 καὶ
1516 844 1812 917 φωτοειδὴς
1842 846 1965 898 τότε

385 935 614 1001 γίνεται,
650 931 769 1003 Θεῷ
792 932 1048 1003 ἀρρήτως
1080 931 1159 995 είς
1192 931 1252 985 ἓν
1278 934 1494 1004 πνεῦμα
1511 933 1873 1004 κολλώμενος.

458 1023 581 1094 pic.
618 1023 770 1076 Εἰσὶν
812 1021 905 1075 οὖν
948 1024 994 1074 οἱ
1061 1022 1346 1090 ἐνάγοντες
1398 1026 1491 1078 καὶ
1536 1026 1858 1097 ὁδηγοῦντες
1886 1028 1967 1089 εἰς

385 1114 554 1185 αὐτὴν
595 1116 696 1183 τὴν
763 1114 1039 1168 θεόσδοτον
1099 1116 1426 1170 ταπείνωσιν
1474 1118 1666 1188 τρόποι
1719 1116 1967 1188 διάφοροι

388 1208 548 1273 ἑπτὰ,
594 1209 906 1261 συστατικοὶ
941 1207 1184 1279 ἀλλήλων
1228 1209 1322 1263 καὶ
1377 1209 1686 1278 γεννητικοί
1714 1226 1727 1239 ο
1762 1208 1963 1277 σιωπὴ,

388 1298 876 1371 ταπεινοφροσύνη,
912 1302 1319 1369 ταπεινολογία,
1361 1302 1774 1371 ταπεινοφορία,
1803 1300 1964 1353 αὑτο-

395 1389 631 1459 μεμψία,
696 1390 977 1459 συντριϐὴ,
1035 1393 1281 1462 ἐσχατιά.
1313 1392 1427 1445 Καὶ
1464 1393 1499 1462 ἡ
1541 1393 1640 1460 μὲν
1698 1391 1877 1462 σιωπὴ
1908 1393 1966 1446 ἐν

390 1483 589 1551 γνώσει
615 1479 790 1534 τίκτει
818 1484 916 1548 τὴν
937 1483 1462 1553 ταπεινοφροσύνην.
1532 1483 1628 1535 Ἐκ
1653 1482 1708 1535 δὲ
1741 1484 1840 1553 τῆς
1867 1500 1966 1536 τα⁶

391 1570 820 1640 πεινοιρροσύνης
858 1570 1131 1624 τίκτονται
1168 1574 1217 1624 οἱ
1249 1575 1398 1643 τρεῖς
1426 1573 1618 1643 τρόποι
1648 1574 1746 1642 τῆς
1774 1589 1968 1625 ταπειο

305 1696 338 1736 ι.
391 1661 640 1723 νώσεως·
703 1662 765 1715 τδ
825 1662 1061 1716 ταπεινά
1094 1664 1452 1733 φθέγγεσθαι,
1504 1666 1565 1719 τὸ
1607 1665 1841 1720 ταπεινά
1876 1665 1970 1718 καὶ
2004 1689 2042 1743 η

391 1753 582 1822 εὐτελῆ
622 1756 827 1825 φορεῖν,
863 1753 959 1808 καὶ
1003 1756 1063 1808 τὸ
1096 1756 1286 1809 ἑαυτὸν
1313 1757 1602 1819 διαπαντὸς
1632 1757 1966 1825 μέμφεσθαι.

391 1842 457 1892 0i.
489 1843 635 1909 τρεῖς
656 1842 712 1894 δὲ
740 1842 931 1912 τρόποι
965 1838 1110 1898 οὗτοι
1145 1844 1388 1898 τίκτουσι
1423 1846 1523 1914 τὴν
1554 1846 1847 1915 συντριϐὴν
1872 1845 1969 1914 τὴν

392 1932 456 1984 ἐκ
490 1931 590 2000 τῆς
627 1934 1074 2003 παραχωρήσεως
1118 1933 1237 1986 -τῶν
1279 1934 1603 2004 πειρασμῶν
1655 1934 1967 2003 γινομένην,

393 2022 461 2089 ἦν
491 2022 581 2074 καὶ
615 2023 964 2095 οἰκονομικὴν
997 2025 1276 2077 παίδευσιν
1311 2025 1603 2092 φάσκουσι,
1640 2024 1736 2078 καὶ
1763 2025 1826 2076 ἐκ
1858 2023 1974 2075 δαι-

402 2114 579 2182 μόνων
629 2115 979 2167 ταπείνωσιν.
1047 2115 1112 2167 Ἦ
1167 2115 1224 2168 δὲ
1255 2114 1516 2185 συντριϐὴ
1555 2115 1795 2185 εὐχερῶς
1825 2114 1972 2184 ἔργῳ

399 2206 545 2255 ποιεῖ
573 2204 672 2272 τὴν
703 2203 882 2275 ψυχὴν
912 2204 1168 2258 ὑποκάτω
1195 2206 1411 2259 πάντων
1428 2201 1587 2270 εἶναι,
1622 2207 1716 2259 καὶ
1745 2204 1972 2273 ἔσχατον

398 2293 640 2355 πάντων,
661 2293 736 2356 ὼς
757 2293 860 2346 ὑπὸ
890 2294 1105 2347 πάντων
1136 2294 1550 2366 κυριευομένην.
1580 2296 1642 2347 Oi
1665 2294 1775 2348 δύω
1802 2295 1859 2348 δὲ
1879 2289 1972 2349 οὖς

402 2399 485 2435 τοι
512 2383 703 2453 τρόποι
721 2383 820 2452 τὴν
848 2383 1058 2435 τελείαν
1104 2382 1199 2437 καὶ
1228 2382 1563 2452 θεοδώρητον
1619 2383 1845 2455 φέρουσι
1869 2400 1970 2436 τα-

402 2474 676 2538 πείνωσιν,
712 2459 900 2542 ἦντίνα
948 2473 1178 2543 δύναμιν
1252 2473 1570 2545 τελειότητα
1626 2474 1816 2527 πασῶν
1863 2474 1972 2526 τῶν

401 2563 614 2633 ἀρετῶν
634 2564 893 2617 καλοῦσι·
926 2565 1020 2617 καὶ
1045 2562 1185 2635 αὕτη
1207 2566 1504 2636 ἐπιγράφει
1534 2565 1652 2636 Θεῷ
1683 2566 1749 2620 τά
1779 2584 1974 2634 κατορ-

404 2654 653 2724 θώματα.
714 2656 911 2725 Πρώτη
959 2651 1052 2710 οὖν
1092 2655 1306 2723 πάντων
1334 2658 1480 2711 ἐστὶν
1522 2659 1556 2727 ἡ
1586 2658 1787 2726 σιωπὴ,
1822 2659 1879 2723 ἐξ
1906 2654 1973 2728 ἧς

402 2744 712 2814 τίκτεταιὴ
770 2746 1278 2818 ταπεινοφροσύνη’
1333 2745 1472 2819 αὕτη
1502 2746 1555 2799 δὲ
1612 2746 1790 2803 τίκτει
1848 2749 1974 2810 τοὺς

402 2836 552 2903 τρεῖς
580 2833 817 2903 τρόπους
842 2834 941 2903 τῆς
962 2836 1365 2897 ταπεινώσεως.
1389 2836 1452 2889 Oi
1473 2836 1620 2904 τρεῖς
1659 2834 1715 2886 δὲ
1732 2833 1974 2886 τίκτουσι

403 2926 496 2978 τὸν
533 2927 629 2979 ἕνα
657 2928 755 2998 τῆς
803 2926 1121 2997 συντριϐῆς’
1162 2928 1191 2980 ό
1234 2926 1291 2981 δὲ
1324 2926 1426 2996 τῆς
1477 2926 1768 2998 συντριὸἧς
1803 2925 1976 2978 τίκτει

2058 505 2321 560 orationis
2362 522 2378 562 :
2411 508 2568 577 cujus
2596 510 2805 579 signum
2850 522 2932 563 est
2970 525 3123 564 mens
3151 511 3202 564 in
3251 512 3458 565 orando
3507 513 3627 565 nul-
3706 510 3713 519 '

2057 594 2164 649 lam
2206 599 2480 667 aspiciens
2516 601 2770 660 formam,
2803 617 2903 656 nec
2952 616 3011 656 se
3073 612 3167 656 ant
3224 602 3425 671 aliquid
3481 603 3629 658 aliud

2057 702 2182 742 mox
2213 690 2430 756 videns,
2459 692 2554 747 sed
2584 708 2611 745 a
2648 694 2902 747 sensibus
2941 708 3084 762 saape
3109 693 3198 748 illa
3226 694 3345 748 luce
3376 695 3622 760 abrepta.

2054 776 2282 833 Animus
2309 783 2452 834 enim
2486 791 2618 837 tunc
2665 782 3040 838 imntaterialis
3069 796 3121 836 et
3151 783 3365 838 lucidus
3396 784 3474 850 lit,
3509 786 3624 838 Deo

2064 867 2415 931 int-ﬂabiliter
2447 873 2499 927 in
2537 872 2740 928 unitate
2767 874 2988 943 spiritus
3018 873 3318 930 adhaerens.

2140 984 2263 1038 H7.
2300 984 2602 1038 lnlerentes
2633 992 2686 1036 et
2714 996 2974 1036 nucentes
3005 984 3070 1035 ad
3096 983 3331 1034 divinam
3367 978 3640 1032 humilita-

2070 1085 2175 1128 tem
2206 1083 2336 1129 sunt
2366 1074 2466 1128 viae
2499 1084 2704 1142 septem
2728 1074 2980 1139 diversae,
3013 1087 3130 1138 quae
3158 1087 3218 1125 se
3243 1070 3472 1125 invicem
3507 1084 3637 1120 con-

2067 1175 2372 1238 sequuntur
2406 1176 2459 1221 et
2485 1176 2885 1234 congenerant:
2914 1163 3216 1227 silentium,
3259 1160 3480 1215 humilis
3510 1174 3636 1213 seu-

2068 1274 2184 1324 sus,
2229 1258 2686 1327 hutnililoquium.
2722 1258 2941 1312 humilis
2967 1255 3207 1322 habitus,
3255 1253 3339 1309 sui
3393 1262 3637 1306 contem-

2068 1363 2216 1421 ptus,
2254 1349 2531 1415 contritio,
2556 1362 2609 1404 et
2641 1351 2723 1404 sui
2758 1350 2823 1403 ad
2860 1347 3044 1403 inﬁma
3092 1346 3389 1417 depressio.
3425 1345 3488 1398 Et
3518 1342 3641 1410 qni-

2069 1443 2189 1496 ilem
2225 1442 2502 1497 silentium
2546 1440 2771 1512 mystice
2802 1440 2944 1510 parit
2967 1438 3228 1494 humilem
3280 1451 3524 1492 sensum.
3561 1433 3640 1487 Ex

2072 1532 2257 1587 humili
2326 1543 2504 1589 autem
2568 1548 2733 1588 sensu
2801 1540 3101 1586 nascuntur
3162 1540 3271 1583 tres
3319 1525 3641 1582 humilitatis

2074 1626 2236 1687 modi,
2264 1641 2458 1694 nempe
2513 1624 2981 1693 humililoquium,
3025 1620 3248 1675 humilis
3299 1626 3355 1672 et
3411 1615 3641 1684 simplex

2074 1719 2314 1781 habitus,
2342 1728 2396 1772 et
2424 1717 2663 1788 perfecta
2718 1717 2802 1772 sui
2840 1714 3138 1783 despectio.
3174 1709 3235 1764 lli
3282 1719 3458 1762 autem
3494 1709 3640 1762 modi

2073 1822 2182 1866 tres
2224 1819 2489 1878 generant
2523 1808 2931 1866 contritionem.
2972 1821 3035 1859 ex
3096 1801 3485 1856 teutationibus
3516 1800 3642 1868 qui--

2071 1902 2174 1957 bus
2220 1902 2599 1970 relinquimur,
2633 1909 2836 1963 natam,
2873 1912 2990 1964 qme
3039 1897 3237 1949 dicitur
3279 1891 3642 1954 Providentiae

2070 1996 2356 2064 disciplina
2387 2006 2438 2048 et
2473 2010 2539 2047 ex
2571 1993 2904 2047 dromouibus
2938 1993 3129 2043 ohorta
3165 1986 3471 2041 humilitas.
3502 1985 3646 2037 Con-

2072 2088 2220 2143 tritio
2252 2099 2432 2140 autem
2465 2085 2622 2140 facile
2653 2084 2814 2138 efficit
2838 2094 2898 2136 ιιι
2922 2083 3103 2136 anima
3137 2079 3387 2133 omnibus
3418 2077 3645 2129 inlerior

2068 2192 2118 2234 et
2153 2182 2309 2234 vilior
2342 2180 2432 2234 ﬁat
2460 2189 2511 2233 et
2553 2176 2809 2231 omnibus
2837 2175 3064 2229 serviat.
3109 2174 3214 2227 Sed
3270 2171 3323 2225 hi
3353 2171 3460 2223 duo
3494 2166 3641 2221 modi

2069 2274 2368 2346 perfectam
2398 2281 2452 2325 et
2477 2271 2712 2325 divinam
2773 2267 3077 2335 important
3114 2262 3498 2333 humilitatem,
3526 2271 3646 2326 qua:

2065 2366 2245 2419 virtus
2278 2364 2542 2416 virtutum
2578 2361 2819 2412 omnium
2866 2355 3127 2426 perfectio
3153 2354 3352 2407 dicitur
3386 2369 3401 2408 :
3437 2361 3487 2404 et
3530 2352 3646 2404 haec

2073 2455 2181 2511 Deo
2220 2456 2361 2511 bona
2406 2467 2504 2508 sua
2555 2451 2768 2506 tribuit.
2802 2446 3048 2502 Primum
3088 2447 3251 2515 igitur
3281 2443 3525 2498 omnium
3558 2451 3645 2495 est

2072 2547 2383 2610 silentium,
2415 2560 2477 2599 ex
2528 2559 2635 2612 quo
2688 2540 2928 2595 nascitur
2980 2536 3200 2593 humilis
3252 2550 3446 2590 sensus
3494 2532 3639 2592 :hic

2071 2655 2199 2693 vero
2239 2638 2379 2708 parit
2411 2647 2520 2689 tres
2553 2634 2872 2688 humilitatis
2927 2632 3154 2692 modos;
3201 2627 3254 2683 hi
3297 2636 3639 2682 autem-tres

2073 2747 2235 2785 unam
2270 2739 2532 2799 generant
2574 2727 2958 2780 contritioucm
2993 2740 3008 2788 ;
3056 2733 3223 2791 atque
3271 2718 3527 2773 contritio
3566 2718 3645 2785 gi-

2073 2821 2188 2891 gnit
2229 2824 2518 2888 septimum
2567 2818 2809 2881 modum,
2845 2831 2942 2870 seu
2984 2812 3358 2881 subiacentem
3390 2809 3645 2863 omnibus

2074 2914 2301 2982 primam
2341 2910 2734 2972 humilitatem,
2770 2921 2887 2973 qua:
2916 2904 3080 2958 etiam
3115 2899 3534 2972 providentialis
3558 2899 3643 2951 tli-

404 3018 497 3070 τὸν
531 2992 755 3088 ἕϐδομόν
784 3018 874 3071 τὸν
913 2992 1171 3073 ὑποκάτω
1234 2992 1451 3073 πάντων
1494 3018 1592 3087 τῆς
1611 2992 1849 3089 *πρώτης
1874 3033 1974 3068 ταν

2074 3005 2212 3058 citur
2233 3002 2552 3065 humilitas;
2584 3016 2701 3067 quae
2741 2999 2957 3067 quidem
2994 2992 3409 3061 providentialis
3439 2992 3646 3059 impor-

405 3108 721 3173 πεινώσεως
749 3109 971 3180 τρόπον,
1003 3110 1187 3164 ὅντινα
1216 3110 1312 3164 καὶ
1333 3110 1686 3180 οἰκονομικὴν
1710 3109 1976 3162 ταπείνω-

408 3217 494 3252 σιν
518 3199 788 3268 λέγουσιν.
839 3200 903 3253 Ἥ
927 3200 983 3253 δὲ
1013 3200 1331 3269 οἰκονομικὴ
1379 3201 1536 3271 φέρει
1578 3199 1677 3270 τὴν
1708 3198 1976 3270 θεοδώρη·

407 3310 521 3357 τον,
551 3295 647 3347 καὶ
694 3293 926 3359 τελείαν,
960 3295 1056 3347 καὶ⁵
1102 3294 1532 3363 ἀσχημάτιστον,
1595 3292 1689 3346 καὶ
1717 3292 1980 3362 ἀληθινὴν

410 3382 759 3437 ταπείνωσιν.
785 3385 896 3435 Καὶ
920 3384 951 3450 ή
980 3382 1078 3451 μὲν
1108 3383 1301 3453 πρώτη
1325 3383 1631 3452 ἐπιγίνεται
1661 3381 1851 3445 οὕτως·
1884 3382 1980 3440 ἐὰν

416 3474 492 3544 μὴ
517 3473 918 3543 ἐγκαταλειφθῇ
946 3475 975 3527 6
995 3472 1276 3544 ἄνθρωπος
1324 3474 1421 3527 xui.
1454 3470 1673 3544 νικηθῇ,
1718 3472 1984 3527 καταδου-

411 3564 626 3631 λωθεὶς,
649 3565 741 3618 καὶ
771 3564 1034 3635 κυριευθῇ
1060 3564 1225 3618 παντὶ⁸
1255 3564 1418 3619 πάθει
1455 3566 1550 3618 καὶ
1586 3563 1854 3635 λογισμῷ,
1888 3565 1983 3619 καὶ

412 3656 685 3725 πνεύματι
707 3653 1026 3724 νικώμενος,
1051 3659 1144 3709 καὶ
1177 3657 1312 3725 μήτε
1344 3655 1594 3725 βοήθειαν
1632 3656 1901 3723 εὑρίσκων
1923 3655 1983 3720 ἐξ

412 3744 665 3817 ἐργων,ἢ
702 3747 767 3799 ἐκ
797 3744 1015 3815 Θεοΰ,ἣ
1052 3745 1117 3798 ἐκ
1144 3762 1288 3808 τινος
1318 3744 1382 3799 τὸ
1428 3745 1669 3808 σύνολον,
1713 3745 1854 3799 ὥστε
1894 3763 1982 3815 μι-

414 3835 548 3903 κροῦ
575 3835 705 3898 δεῖν,
739 3835 835 3887 καὶ
865 3836 946 3899 εἰς
980 3833 1325 3906 άπελπισμδν
1368 3835 1518 3906 ἔλθῃ.
1574 3836 1668 3888 καὶ⁵
1699 3836 1986 3889 ταπεινού-
2022 3847 2028 3853 “

419 3942 578 3995 μενος
604 3926 683 3988 εἰς
710 3925 910 3989 πάντα,
941 3924 1003 3978 οὐ
1030 3923 1251 3978 δύναται
1293 3925 1649 3995 συντριὸῆναι
1695 3926 1792 3979 καὶ
1840 3926 1984 3995 ἐχειν

417 4016 608 4070 ἐαυτδν
649 4015 908 4069 ὑποκάτω
966 4016 1201 4078 πάντων,
1255 4017 1348 4069 καὶ
1379 4015 1624 4085 ἔσχατον,
1662 4017 1758 4069 καὶ
1801 4016 1985 4070 δοῦλον

419 4108 658 4166 πάντων,
696 4106 790 4159 καὶ
811 4105 989 4158 αὐτῶν
1019 4106 1084 4175 δὴ
1114 4106 1332 4176 χείρονα
1354 4107 1461 4159 τῶν
1493 4107 1870 4176 δαιμόνων,ὼς
1892 4107 1984 4160 ὑπ’
2020 4150 2025 4155 .

419 4197 598 4249 αὐτῶν
675 4196 1106 4267 τυραννούμενον
1177 4197 1271 4249 καὶ
1320 4196 1640 4267 νικώμενον.
1687 4201 1795 4252 Καὶ
1844 4198 1984 4269 αὕτη

420 4289 564 4340 ἐστὶν
595 4288 628 4360 ὴ
654 4287 969 4358 οἰκονομικὴ
1028 4288 1125 4357 τῆς
1153 4287 1415 4358 Προνοίας
1440 4290 1791 4358 ταπείνωσις,
1833 4291 1899 4343 δι’
1917 4286 1986 4362 ἦς

2076 3103 2148 3149 tat
2190 3092 2453 3156 divinam,
2485 3088 2800 3159 perfectam,
2833 3099 3125 3155 veramque
3163 3098 3229 3138 ac
3283 3081 3502 3135 minime
3575 3078 3642 3131 ii-

2076 3193 2216 3241 ctam
2252 3182 2632 3237 humilitatem.
2663 3180 2724 3233 Et
2758 3180 2871 3233 hate
2904 3178 3081 3247 prima
3106 3175 3184 3229 sic
3228 3172 3510 3237 nascitur;
3543 3168 3645 3223 nisi

2077 3278 2218 3332 forte
2251 3275 2669 3342 clerelinquatur
2696 3273 2859 3325 homo
2904 3263 3190 3337 virtusque
3224 3276 3278 3320 et
3318 3264 3647 3330 mancipium

2075 3366 2332 3423 inserviat
2364 3364 2510 3419 omni
2551 3363 2682 3416 vitio
2707 3371 2760 3415 et
2785 3360 3132 3430 cogitationi,
3166 3366 3221 3411 et
3264 3357 3408 3410 malo
3443 3354 3643 3423 spiritu

2076 3468 2382 3528 superetur,
2411 3470 2509 3511 nec
2539 3453 2802 3507 auxilium
2861 3449 3102 3518 accipiat
3135 3465 3200 3503 ex
3237 3446 3513 3513 operibus,
3550 3457 3650 3498 nec

2074 3566 2105 3606 α
2148 3550 2282 3615 Deo,
2318 3564 2417 3605 nec
2451 3547 2518 3602 ab
2539 3546 2650 3601 ullo
2671 3558 3015 3615 quocunque,
3080 3541 3153 3595 ita
3187 3549 3247 3594 ut
3272 3552 3405 3608 pene
3434 3537 3486 3590 in
3555 3535 3652 3589 de-

2075 3639 2450 3711 sperationem
2490 3631 2725 3703 incidat,
2763 3636 2895 3692 etin
2930 3633 3182 3688 onmibus
3209 3630 3520 3686 humiliatus
3545 3641 3650 3681 non

2076 3737 2251 3804 possit
2297 3730 2507 3787 conteri
2555 3738 2611 3785 et
2640 3744 2699 3784 se
2747 3729 2954 3783 habere
2986 3736 3044 3779 ut
3070 3724 3316 3779 omnium
3378 3722 3648 3784 inﬁmum,

2079 3827 2570 3893 novissimumque,
2608 3833 2662 3875 et
2737 3837 2980 3883 servum,
3019 3827 3183 3886 atque
3239 3817 3371 3884 ipsis
3411 3815 3651 3883 pt'joteut

2077 3918 2441 3982 daattionibus,
2476 3927 2663 3987 utpote
2708 3916 2777 3969 ab
2810 3915 2879 3968 iis
2920 3911 3197 3967 devictum
3225 3921 3281 3963 et
3312 3917 3647 3974 superatum.

2077 4007 2146 4063 Et
2177 4006 2292 4059 haec
2315 4013 2399 4059 est
2421 4005 2544 4058 data
2574 4018 2604 4057 a
2640 4001 2984 4056 Providentia
3024 3998 3327 4060 humilitas,
3359 4012 3456 4065 per
3484 4010 3647 4062 quam

2078 4099 2313 4157 secunda
2340 4103 2396 4152 et
2421 4097 2672 4152 sublimis
2703 4094 2967 4147 divinitus
2995 4092 3181 4156 datur,
3205 4106 3326 4160 qua:
3357 4101 3438 4145 est
3468 4091 3647 4143 divina

2080 4194 2254 4247 virtus
2311 4202 2541 4258 operans
2567 4196 2620 4241 et
2662 4186 2865 4241 faciens
2908 4183 3109 4248 omnia,
3143 4194 3196 4235 et
3246 4181 3330 4235 cui
3382 4181 3546 4234 homo
3589 4193 3649 4231 se

2082 4284 2229 4338 velut
2264 4283 2690 4336 iusrrumeutum
2726 4276 3041 4329 ministrare
3068 4274 3255 4327 videns
3291 4285 3530 4340 semper,
3554 4282 3650 4339 per

422 4378 453 4445 ἠ
477 4377 724 4448 δευτέρα,
752 4376 847 4430 καὶ
877 4375 1055 4445 ὑψηλὴ
1078 4373 1263 4428 θεόθεν
1292 4374 1526 4428 δίδοται·
1577 4374 1700 4446 ἥτις
1728 4377 1846 4429 ἐστὶ
1867 4376 1978 4430 θεία

2082 4392 2198 4431 eam
2229 4373 2498 4427 mirabilia
2534 4371 2626 4423 Dei
2661 4380 2938 4435 opt-ratur.

419 4463 667 4532 δύναμις,
694 4467 727 4534 ἡ
758 4462 1056 4535 ἐνεργοῦσα
1091 4467 1190 4519 καὶ
1215 4467 1443 4520 ποιοῦσα
1489 4466 1557 4518 τά
1585 4469 1783 4521 πάντα.
1831 4465 1909 4518 Δι’
1932 4464 2101 4534 αὐτῆς
2134 4464 2373 4534 δργανον
2407 4462 2568 4514 αὑτὸν
2613 4462 2778 4533 ἑαυτῇ
2822 4462 3035 4532 βλέπων
3066 4463 3391 4530 διαπαντὸς,
3448 4477 3540 4511 και
3570 4456 3641 4510 δι’

415 4559 589 4630 αὐτῆς
614 4559 685 4614 τὰ
710 4559 996 4629 θαυμάσια
1022 4563 1120 4632 τοῦ
1156 4561 1292 4618 Θεοῦ
1318 4563 1708 4634 ἐργαζόμενον.

486 4643 612 4708 ριη¹.
662 4639 1059 4712 ’ὶξποστατικὴν
1080 4644 1175 4701 τοῦ
1216 4650 1390 4715 φωτὸς
1425 4650 1657 4722 θεωρίαν
1680 4671 1983 4724 πνευματι-

412 4728 543 4801 κὴν,
571 4730 696 4815 νοῦν
736 4731 1098 4800 ἀφάνταστον,
1130 4737 1222 4788 καὶ
1252 4740 1672 4810 ἁμετεώριστον.
1699 4746 1981 4815 ἐνέργειαν

420 4814 733 4889 προοευχῆς
764 4815 1044 4890 ἀληθινὴν,
1083 4821 1176 4874 καὶ
1204 4821 1268 4875 ἐκ
1302 4822 1471 4891 μέσης
1507 4825 1735 4895 καρδίας
1775 4814 1995 4902 άείρρυ-

416 4927 531 4975 τον,
558 4909 735 4979 ψυχῆς
765 4910 1073 4964 ἀνάστασιν
1094 4913 1185 4965 καὶ
1213 4913 1493 4982 ἀνάτασιν,
1538 4916 1799 4989 ἔκπληξιν
1845 4922 1994 4977 θείαν

412 5000 510 5054 καὶ
533 4999 1022 5072 με[τε]ωροπορίαν
1054 5002 1206 5056 τοῦδε
1241 5005 1331 5057 τοῦ
1356 5007 1574 5077 παντὸς,
1599 5009 1853 5064 ἔκστασιν
1877 5013 1962 5066 δια
1978 5047 1990 5053 -

414 5091 564 5154 νοίας
599 5093 657 5145 ἐν
692 5091 968 5160 πνεύματι
1014 5092 1209 5164 όλικὴν
1233 5095 1341 5148 τῶν
1373 5099 1703 5168 αἰσθήσεων,
1739 5104 1992 5174 ἁρπαγὶ,ν

415 5181 532 5246 νοὶς
559 5180 665 5234 τῶν
686 5182 903 5235 οἰκείων
939 5182 1246 5251 δυνάμεων,
1294 5187 1471 5258 ψυχῆς
1519 5189 1731 5262 κίνησιν
1771 5196 1987 5262 ἀγγελι-

420 5271 522 5342 κὴν
553 5271 884 5342 θεοκίνητον,
943 5277 1079 5345 πρός
1112 5292 1168 5327 τε
1199 5276 1258 5328 τὸ
1302 5276 1529 5348 ἄπειρον
1559 5283 1652 5333 καὶ
1679 5283 1739 5335 τὸ
1763 5284 1991 5350 ἄναντες

414 5363 760 5435 κινουμένην,
794 5366 852 5417 ἐν
883 5367 947 5435 τῇ
975 5366 1110 5423 ,καθ’
1160 5369 1307 5437 ἡμᾶς
1353 5373 1514 5441 γενεᾷ
1555 5373 1735 5443 εὑρεῖν
1773 5376 1989 5446 ἀμήχα-

414 5472 526 5517 νον,
557 5456 659 5525 τῆς
692 5458 802 5510 τῶν
831 5459 1019 5512 παθῶν
1052 5461 1365 5531 τυραννίδος
1395 5463 1452 5515 ἐν
1486 5465 1619 5535 ἡμῖν
1674 5465 1977 5536 βασιλευού-

415 5565 515 5616 σης
546 5547 660 5612 νῦν,
695 5547 781 5602 διὰ
811 5550 870 5603 τὸ
896 5550 1097 5620 π).ἦοος
1124 5553 1232 5605 τῶν
1255 5556 1599 5625 πηιρασμῶνο
1634 5558 1849 5627 "ﬂuxa
1884 5562 1990 5633 γὰρ

410 5638 440 5690 ὀ
466 5638 587 5703 νοῦς
624 5641 679 5692 ἐν
702 5642 814 5704 τοῖς
850 5643 1206 5714 κουφοτέροις
1255 5645 1511 5716 μάλιστα.
1544 5651 1717 5703 ταῦτα
1752 5653 1844 5705 καὶ
1884 5654 1990 5721 πρὸ

2158 4646 2280 4702 118.
2311 4645 2693 4703 Substaulialis
2724 4648 2949 4702 luminis
2981 4647 3365 4712 contemplatio
3395 4644 3653 4712 spiritua.

2087 4740 2178 4804 iis,
2227 4739 2532 4794 intellectus
2575 4753 2606 4793 a
2657 4740 2937 4806 phantasia
2966 4747 3021 4791 et
3050 4737 3300 4804 superbia
3349 4737 3502 4800 liber,
3535 4750 3652 4787 ora-

2092 4830 2256 4884 tionis
2283 4828 2529 4896 operatio
2564 4845 2686 4884 rcra
2714 4841 2764 4884 et
2789 4844 2851 4882 ex
2885 4829 2993 4882 imo
3018 4828 3181 4881 corde
3211 4826 3436 4896 proﬂua,
3464 4827 3654 4879 animae

2088 4920 2323 4977 elevatio
2368 4928 2422 4976 et
2466 4922 2713 4986 attentio,
2760 4920 2979 4975 divinus
3014 4934 3269 4974 excesSus
3304 4928 3355 4973 et
3403 4932 3654 4974 ascensus

2087 5029 2250 5082 supra
2284 5015 2426 5069 hunc
2469 5013 2749 5078 mundum,
2786 5012 3084 5079 spiritualis
3127 5014 3417 5067 abstrartio
3444 5012 3654 5081 cogim—

2087 5106 2291 5161 tionuut
2327 5105 2394 5159 ab
2434 5105 2685 5159 omnibus
2719 5084 2992 5168 sensibus,
3036 5113 3219 5173 raptus
3255 5103 3448 5158 mentis
3476 5119 3505 5156 a
3533 5120 3653 5171 pro-

2085 5198 2215 5264 priis
2242 5196 2607 5259 facultatibus,
2639 5205 2814 5251 motus
2860 5197 3130 5265 angelicas
3173 5196 3366 5251 animae
3392 5196 3652 5249 divinitus

2080 5286 2148 5339 ad
2184 5287 2455 5341 infinitum
2490 5295 2543 5341 et
2591 5288 2924 5342 ittat‘cessuttt
2972 5300 3187 5349 cremata,
3237 5288 3289 5341 in
3342 5297 3523 5340 nostra
3559 5303 3652 5338 na-

2082 5391 2197 5434 tura
2230 5381 2454 5433 invetiiri
2488 5398 2590 5433 non
2620 5391 2865 5447 possunt,
2891 5381 3015 5449 quia
3045 5396 3188 5434 nunc
3224 5378 3499 5448 tyrannica
3527 5393 3650 5446 pas-

2076 5474 2285 5525 sionum
2319 5472 2619 5525 dominatio
2657 5473 2707 5525 in
2754 5474 2912 5527 nobis
2946 5480 3156 5541 regnat,
3189 5473 3255 5524 oh
3293 5470 3647 5523 tentationnm

2078 5561 2498 5616 nmititndinem.
2538 5561 2685 5616 Solet
2717 5564 2861 5617 enim
2911 5565 3144 5630 animus,
3182 5580 3299 5632 alia:
3349 5560 3645 5632 praescrihit

2081 5654 2277 5709 leviora
2329 5664 2455 5710 sunt
2520 5654 2624 5710 sibi
2673 5664 2797 5712 ante
2848 5666 3057 5728 tempus
3103 5655 3411 5726 t'tnagiuari,
3459 5653 3530 5707 ita
3582 5664 3643 5710 ut
