4102 6344
449 284 590 347 1233

1665 268 2047 330 GREGORII
2111 257 2434 325 SINMTE

3524 241 3670 306 ιεει

446 399 697 466 exiguam
727 392 888 446 vitam
922 370 1205 444 divinitus.
1234 395 1516 455 acceptam
1556 384 1832 444 amittens,
1868 395 2011 434 mor-

2150 388 2318 460 ιαιροῦ
2368 383 2755 456 φαντάζεσθαι,
2803 381 2901 436 ἵνα
2938 381 3032 434 καὶ
3079 381 3177 449 τὴν
3224 379 3469 433 δοθεῖσαν
3547 380 3701 448 αὐτῷ

453 497 580 541 tuus
612 483 831 538 omnino
861 480 971 533 ﬁat.
1005 478 1183 543 Quare
1212 482 1425 544 oportet
1456 471 1783 544 cumtnttlto
1809 466 2010 538 judicio

453 590 559 631 nec
585 570 908 640 temporaria
936 577 1060 622 ante
1089 577 1298 631 tempus
1322 576 1586 632 quaerere,
1621 576 1716 615 nec
1741 574 1859 627 quae
1886 568 2012 612 sunt

452 667 508 721 in
549 663 799 719 manibus
836 659 1063 730 rejicere
1104 665 1162 709 ut
1211 653 1317 709 alia
1349 661 1741 723 praesumantur
1769 665 1784 705 :
1815 649 2012 716 quippe

456 756 765 812 intellectus
814 751 1068 821 praedicta
1097 746 1256 801 facile
1296 744 1401 799 sibi
1443 742 1792 808 imaginatur,
1825 749 1877 791 et
1907 735 2008 791 sibi

454 847 660 915 ellingit
689 859 806 914 quas
840 842 1077 897 nondum
1113 839 1312 907 attigit.
1356 836 1481 889 Ideo
1512 835 1666 887 valde
1716 828 2008 883 timendum

455 949 543 993 est
569 953 635 993 ne
675 939 761 991 hic
787 935 1021 1001 acceptis
1052 932 1212 985 etiam
1242 930 1500 996 privetur,
1525 936 1578 978 et
1612 938 1677 978 ne
1709 932 1886 976 mente
1912 936 2011 973 sae-

463 1027 586 1094 pius
631 1023 873 1085 excidat,
927 1020 1179 1088 deceptus
1234 1014 1619 1085 imaginatione
1668 1020 1723 1065 et
1776 1009 2009 1079 quietem

463 1116 601 1170 haud
637 1111 928 1182 reperiens.

533 1290 654 1345 H9.
685 1290 843 1344 Fides
883 1303 989 1343 non
1039 1286 1176 1349 sola,
1207 1283 1306 1340 sed
1336 1291 1392 1338 et
1420 1284 1540 1335 viva
1564 1280 1817 1349 operibus
1842 1279 2014 1334 oratio

454 1394 544 1437 est
577 1379 933 1449 gratia.Fides
964 1378 1105 1430 enim
1142 1389 1266 1428 vera
1294 1374 1458 1427 vitam
1487 1372 1581 1426 Dei
1610 1372 1815 1426 habens
1847 1370 2011 1423 mani-

461 1473 674 1536 festam,
707 1485 768 1527 ca
803 1477 887 1523 est
917 1482 1035 1536 quae
1070 1467 1333 1521 cltaritate
1383 1464 1644 1518 formatur
1686 1463 1739 1517 in
1775 1463 1964 1531 spiritu
2001 1476 2016 1516 :

463 1561 608 1614 unde
652 1556 925 1612 contrario
969 1563 1228 1609 mortuam
1258 1562 1311 1607 et
1344 1555 1629 1607 inanimem
1661 1553 1820 1606 habet
1854 1551 2009 1607 ﬁdem

465 1650 557 1718 qui
593 1663 698 1702 non
745 1655 829 1701 est
873 1660 1092 1715 operum
1145 1644 1246 1696 sibi
1289 1643 1561 1697 considas.
1600 1640 1668 1693 At
1707 1640 1879 1694 fidelis
1912 1654 2015 1691 non

468 1741 659 1793 merito
708 1739 974 1790 diceretur
1023 1736 1111 1803 qui
1186 1749 1282 1787 ore
1339 1742 1498 1785 tenus
1544 1731 1809 1795 crederet,
1861 1730 2017 1782 fidem

468 1842 596 1882 vero
628 1821 728 1879 non
763 1825 983 1878 haberet
1018 1821 1271 1889 operibus
1308 1819 1681 1874 mandatorum
1714 1817 1799 1870 vel
1829 1819 2017 1885 spiritu

469 1915 832 1970 informatam.
866 1911 1089 1979 Oporlcl
1121 1911 1281 1977 igitur
1316 1909 1455 1962 hanc
1486 1906 1834 1961 manifestare
1862 1906 2023 1974 proli-

471 2007 663 2060 ciendo
710 2005 763 2056 in
795 2002 1077 2069 Operibus,
1130 2014 1356 2067 eamque
1401 1997 1651 2066 operibus
1693 1995 1923 2050 lucidam
1970 2002 2025 2048 et

472 2095 726 2163 fulgidam
794 2095 1115 2151 ostendere,
1194 2099 1252 2140 ut
1316 2087 1391 2141 ait
1451 2086 1605 2139 divus
1667 2084 1954 2153 Apostolus
2007 2101 2024 2137 :

478 2204 499 2236 ι
535 2181 768 2237 Ostende
798 2180 904 2233 mih
956 2180 1109 2230 ﬁdem
1139 2186 1281 2230 tuam
1305 2190 1368 2230 ex
1401 2175 1651 2242 operibus
1686 2174 1809 2236 tuis,
1838 2180 1893 2226 et
1929 2185 2029 2239 ego

474 2273 753 2327 ostendam
802 2271 895 2322 tibi
931 2283 1091 2336 Opera
1134 2282 1249 2320 mea
1285 2282 1347 2321 ex
1384 2266 1487 2319 fide
1522 2281 1642 2320 mea
1674 2265 1751 2330 “;
1783 2264 1910 2317 hinc
1938 2266 2030 2316 de-

416 2344 421 2353 .
478 2374 783 2418 monstrans
814 2361 1065 2429 operibus
1100 2361 1470 2413 mandatorum
1504 2356 1836 2413 manifestari
1872 2346 2029 2408 fidem

374 2488 379 2493 .
478 2455 686 2523 gratiae,
724 2452 863 2506 sicut
910 2453 1047 2504 liunt
1070 2461 1123 2503 et
1164 2449 1433 2516 refulgent
1458 2463 1620 2515 opera
1655 2446 2031 2500 mandatorum

479 2561 573 2613 per
600 2545 785 2614 gratia:
821 2543 998 2596 fidem.
1036 2541 1193 2594 Fides
1232 2541 1373 2593 enim
1435 2549 1517 2593 est
1552 2538 1703 2591 radix
1752 2535 2031 2590 mandato-

484 2654 623 2701 rum,
672 2635 753 2687 vel
791 2637 966 2701 potius
999 2632 1118 2686 fons
1156 2646 1261 2698 quo
1307 2633 1546 2698 rigantur
1582 2638 1634 2682 et
1662 2626 2034 2689 crescuntuEt

484 2728 540 2781 in
584 2728 689 2781 duo
717 2726 1011 2787 dividitur,
1043 2738 1233 2793 nempe
1283 2726 1333 2775 itt
1385 2704 1773 2775 confessionem
1821 2728 1874 2773 et
1917 2734 2038 2786 gra-

452 2804 457 2807 ’
485 2822 637 2883 tiam,
666 2818 791 2871 licet
823 2817 891 2871 sit
926 2825 1118 2875 natura
1147 2814 1504 2869 itttlivisibilis.

2133 479 2312 531 θεόθεν
2344 477 2544 547 μικρὰν
2575 475 2913 528 κατάστασιν
2939 470 3209 533 ἀπολέσας
3235 469 3427 539 νεκρὸς
3463 471 3532 521 ὲκ
3564 469 3702 519 πάν-

2132 583 2242 619 των
2272 568 2516 632 γένηται.
2552 563 2643 615 Διὸ
2681 562 2786 633 χρὴ
2823 561 2959 629 μετᾶ
2978 559 3176 626 πολλῆς
3211 558 3538 629 διακρίσεως
3560 560 3703 627 μήτε

2132 658 2201 712 τὰ
2226 657 2319 710 τοῦ
2351 656 2542 726 καιροῦ
2566 654 2745 724 ζητεῖν
2776 653 2880 723 πρὸ
2910 650 3126 719 καιροῦ,
3163 650 3303 719 μήτε
3330 649 3399 701 τὰ
3420 650 3475 700 ὲν
3508 649 3701 716 χερσὶν

2136 749 2472 803 ἀποϐάλλειν*
2491 751 2582 799 καὶ
2608 744 2743 799 ἄλλα
2773 742 3133 811 φαντάζεσθαι
3156 757 3170 771 ⁸
3202 740 3363 809 φύσει
3388 739 3496 810 γὰρ
3519 741 3550 790 6
3573 737 3700 800 νοῦς

2136 840 2271 911 πρὸς
2288 838 2356 892 τὰ
2378 834 2748 908 προειρημένα
2767 832 3004 903 εὐχερῶς
3025 833 3135 902 ἔχει
3154 832 3211 884 τδ
3231 831 3697 898 φαντασιοποιείν,

2135 934 2228 987 καὶ
2280 933 2639 986 ἀναπλάττειν
2703 929 2797 981 καὶ
2846 926 2985 988 είςᾶ
3032 927 3130 979 οὐκ
3166 925 3509 994 ἐφθασε.Διὰ
3540 923 3700 975 τοῦτο

2136 1024 2298 1091 φόϐος
2326 1024 2386 1076 οὐ
2412 1022 2624 1092 μικρὸς,
2661 1020 2746 1072 ἵνα
2778 1019 2852 1088 μὴ
2876 1017 3093 1070 καὶτῶν
3112 1016 3371 1069 δοθέντων
3404 1017 3433 1067 6
3460 1013 3699 1075 τοιοῦτος

2137 1112 2429 1183 ὕστερηθῇ,
2466 1110 2559 1163 καὶ
2585 1110 2683 1179 τὴν
2715 1109 2883 1178 φρένα
2913 1107 3168 1167 πολλάκις
3206 1106 3450 1176 ἀπολέσῃ
3485 1106 3697 1178 ἀπατη-

2137 1204 2271 1268 θεὶς,
2304 1200 2632 1270 φανταστὴς,
2668 1199 2764 1251 καὶ
2793 1198 2889 1266 οὐχ
2911 1193 3218 1266 ἡσυχαστὴς
3246 1197 3559 1262 γενόμενος.

2210 1295 2332 1365 ριθ’.
2363 1294 2535 1362 Χάρις
2589 1291 2651 1344 οὐ
2700 1290 2912 1359 μόνονή
2964 1289 3143 1348 πίστις
3186 1286 3352 1351 ἐστὶν,
3386 1286 3523 1338 ἀλλὰ
3547 1287 3641 1338 καὶ
3665 1288 3697 1353 ἡ

2140 1379 2503 1452 ἐνεργουμένη
2552 1376 2862 1445 προσευχὴ·
2916 1374 3099 1426 πίστιν
3146 1373 3252 1443 γὰρ
3303 1374 3566 1442 ἀληθινὴν
3599 1374 3696 1442 τὴν

2139 1471 2364 1543 ἔχουσαν
2388 1467 2487 1536 τὴν
2514 1464 2659 1534 ζωὴν
2688 1464 2780 1516 τοῦ
2824 1461 2997 1533 Ἰησοῦ
3044 1463 3451 1533 φανερουμένην
3490 1463 3698 1515 δείκνυ-

2142 1578 2245 1623 σιν,
2277 1561 2309 1628 ἡ
2335 1557 2402 1611 δι’
2432 1555 2648 1624 ἀγάπης
2678 1553 3046 1623 ἐνεργουμένη
3072 1552 3150 1621 τῷ
3173 1552 3441 1622 πνεύματι
3462 1571 3474 1584 ⁸
3506 1555 3700 1606 οὐκοῦν

2140 1652 2237 1722 τὴν
2270 1648 2538 1711 ἐναντίαν,
2583 1646 2675 1697 καὶ
2721 1645 2940 1713 νεκρὰν,
2971 1646 3064 1696 καὶ
3093 1643 3269 1707 ἆξωον
3310 1645 3573 1713 κέκτηται
3608 1646 3700 1697 πί-

2144 1761 2282 1804 στιν,
2320 1744 2349 1793 ὁ
2384 1741 2459 1810 μὴ
2485 1735 2883 1807 ἐνεργουμένην
2918 1734 3070 1796 εἰδὼς
3106 1735 3274 1804 αὐτὴν
3304 1736 3504 1805 ἑαυτῷ.
3559 1736 3701 1788 Ἀλλ’

2142 1834 2259 1886 οὐδὲ
2309 1830 2494 1892 πιστὸς
2551 1824 2747 1894 λέγοιτ’
2780 1824 2844 1876 ἂν
2879 1824 3080 1893 κυρίως
3118 1820 3275 1890 εἷναι,
3325 1826 3354 1877 6
3384 1826 3527 1895 λόγῳ
3555 1827 3702 1895 μόνῳ

2139 1922 2280 1994 ψιλῷ
2312 1921 2600 1984 πιστεύων,
2632 1921 2727 1973 καὶ
2751 1920 2825 1989 μὴ
2848 1916 3243 1988 ἐνεργουμένην
3284 1916 3451 1986 αὐτὴν
3476 1920 3594 1979 ταῖς
3621 1918 3703 1969 ὲν-

2144 2012 2343 2075 τολαῖς,
2376 2011 2408 2080 ἢ
2454 2010 2531 2080 τῷ
2568 2009 2860 2076 πνεύματι.
2894 2007 3015 2077 Χρὴ
3043 2005 3329 2078 τοιγαροῦν
3362 2006 3705 2076 φανερουμέ-

2145 2120 2242 2170 νην
2277 2102 2445 2170 αὐτὴν
2475 2099 2738 2153 δεικνύειν
2771 2100 2889 2160 ταῖς
2911 2098 3215 2168 προκοπαῖς
3248 2095 3336 2149 διὰ
3360 2096 3471 2148 τῶν
3502 2094 3701 2164 ἔργων,

2148 2192 2179 2259 ἢ
2216 2194 2325 2252 τοῖς
2354 2189 2534 2257 ἔργοις
2568 2186 2965 2257 ἐνεργουμένην
2994 2185 3049 2236 ὲν
3096 2184 3233 2249 φωτὶ
3262 2183 3357 2235 καὶ
3379 2182 3704 2253 λάμπουσαν

2146 2282 2310 2351 ἔχειν,
2344 2280 2523 2340 καθώς
2574 2294 2737 2347 φησιν
2784 2279 2811 2328 6
2859 2277 3000 2337 θεῖος
3044 2274 3399 2334 Ἀπόστολος’
3468 2290 3487 2323 ι
3522 2272 3705 2336 Δεῖξόν

2151 2387 2242 2438 μοι
2270 2369 2333 2421 σὺ
2367 2370 2463 2436 τὴν
2498 2367 2677 2419 πίστιν
2706 2383 2798 2417 σου
2832 2367 2895 2417 ἐκ
2928 2365 3034 2415 τῶν
3067 2364 3243 2434 ἔργων
3296 2379 3412 2427 σου,
3441 2360 3597 2428 κίιγώ
3622 2378 3705 2411 σοι

2147 2459 2302 2524 δείξω
2335 2459 2402 2511 τὰ
2425 2458 2559 2526 ἔργα
2588 2474 2688 2525 μου
2715 2458 2778 2509 ἐκ
2800 2459 2896 2524 τῆς
2938 2453 3171 2515 emas;
3208 2470 3332 2522 μοιν
3379 2471 3398 2503 ι
3442 2450 3705 2505 δεικνύων

2148 2551 2413 2612 ἐντεῦθεν,
2467 2549 2551 2601 ὅτι
2580 2551 2643 2600 ὲκ
2675 2548 2781 2600 τῶν
2821 2548 2996 2616 ἔργων
3036 2546 3141 2597 τῶν
3184 2544 3409 2596 ἐντολῶν
3441 2540 3707 2611 φανεροῦ-

2146 2660 2236 2695 ται
2266 2644 2298 2709 ἡ
2323 2641 2419 2709 τῆς
2448 2640 2665 2710 χάριτος
2683 2638 2882 2698 πίστις,
2909 2635 3088 2698 καθὼς
3108 2634 3454 2704 ένεργοῦνται
3481 2635 3535 2685 αἱ
3560 2635 3710 2685 ἐντο-

2148 2733 2235 2784 λαί
2270 2733 2355 2784 διὰ
2385 2730 2480 2798 τῆς
2516 2731 2572 2781 ἐν
2610 2728 2790 2798 χάριτι
2838 2728 3071 2787 πίστεως
3097 2728 3191 2778 καὶ
3221 2726 3515 2793 λάμπουσι.
3557 2722 3708 2784 Ῥίζα

2151 2824 2260 2890 γὰρ
2305 2821 2412 2872 τῶν
2468 2819 2696 2871 ἐντολῶν
2722 2820 2865 2871 ἐστιν
2906 2820 2937 2884 ἡ
2977 2818 3183 2879 πίστις,
3226 2816 3422 2881 μᾶλλον
3462 2808 3522 2865 ’δὲ
3559 2816 3705 2882 πηγὴ

497 2908 632 2976 πρὸς
662 2906 890 2977 αὕξησιν
934 2905 1137 2968 ταύτας
1177 2904 1499 2975 ἀρδεύουοα.
1532 2904 1624 2965 El;
1657 2902 1767 2954 δύω
1794 2902 2166 2972 διαιρουμένη,
2232 2903 2523 2972 ὁμολογὲαν
2573 2903 2668 2955 καὶ
2712 2904 2892 2970 χάριν,
2924 2902 3025 2953 κᾶν
3054 2898 3358 2968 ἀδιαίρετος
3387 2898 3549 2967 φύσει
3584 2898 3684 2950 πέ-

539 3016 689 3052 υκεν.

539 3017 689 3052 υκεν.

497 3017 535 3068 φ
564 3076 684 3129 120.
717 3075 907 3144 lugens
936 3086 989 3132 et
1020 3076 1208 3145 exigua
1235 3076 1524 3145 brevisque
1555 3074 1873 3129 obedientite
1902 3076 2047 3127 scala

490 3170 726 3237 quinque
780 3167 943 3221 habet
987 3170 1184 3235 gradus
1230 3171 1295 3222 ad
1341 3165 1720 3235 perfectionem
1787 3164 2048 3220 ferentes.

491 3255 703 3311 Primus
733 3265 814 3309 est
857 3257 1204 3319 renuntiatio,
1236 3259 1506 3316 secundus
1534 3254 1823 3323 subiectio,
1857 3255 2050 3322 tertius

493 3348 835 3413 obedientia,
880 3357 1103 3412 quartus
1149 3346 1460 3409 humilitas,
1516 3346 1734 3415 quintus
1778 3344 2047 3410 charitas,

494 3450 613 3507 qua:
651 3446 733 3492 est
761 3438 920 3491 Deus.
954 3437 1302 3491 Renuntiatio
1341 3437 1608 3504 iacentem
1639 3437 1706 3488 ab
1737 3436 1924 3489 inferis
1955 3450 2051 3488 su-

497 3529 658 3581 scitat
685 3537 737 3580 et
784 3541 1003 3579 servum
1054 3525 1293 3580 materia:
1340 3526 1550 3579 liberat.
1587 3523 1863 3592 Subjectio
1891 3523 2052 3578 Chri-

495 3631 636 3672 stum
673 3616 873 3683 reperit
897 3616 1052 3682 eique
1084 3617 1376 3678 tninistrat,
1406 3625 1461 3668 ttt
1500 3617 1610 3682 ipse
1643 3615 1719 3666 ait
1750 3628 1765 3667 :
1796 3631 1814 3664 ι
1847 3612 1901 3666 Si
1934 3614 2052 3679 quis

498 3709 628 3761 mihi
664 3707 954 3771 ministrat,
991 3720 1076 3758 me
1119 3706 1385 3772 sequitur,
1418 3716 1471 3758 et
1502 3706 1588 3758 tibi
1622 3721 1740 3760 sum
1785 3719 1904 3774 ego,
1944 3703 2053 3756 illic

496 3806 551 3852 et
582 3796 827 3850 minister
861 3810 1013 3849 meus
1045 3795 1151 3869 erit
1174 3797 1238 3849 “.
1273 3814 1293 3846 ι
1327 3795 1429 3850 Ubi
1465 3803 1642 3849 autem
1668 3806 1750 3849 est
1773 3793 2056 3849 Christus?

498 3888 565 3940 ad
599 3887 874 3941 dexteram
909 3885 1086 3938 Patris
1128 3885 1340 3940 sedens.
1378 3884 1517 3955 Ergo
1546 3888 1632 3939 ubi
1677 3884 1952 3951 Dominus,
1983 3885 2054 3939 ibi

495 3987 579 4032 εει
607 3984 655 4029 ct
687 3974 941 4039 famulus,
975 3991 1178 4043 ponens
1223 3976 1411 4041 pedem
1464 3976 1527 4028 ad
1580 3977 1972 4041 ascensionem,
2001 3983 2056 4028 et

499 4068 812 4135 priusquam
860 4081 1073 4121 sursum
1111 4068 1338 4129 venerit,
1388 4067 1627 4121 moribus
1672 4081 1794 4120 cum
1839 4066 2056 4121 Christo

499 4157 869 4212 conscendens
890 4165 945 4210 et
966 4158 1275 4226 proficiens.
1295 4156 1611 4212 Obedientia
1634 4158 1884 4227 operibus
1910 4173 2057 4211 man-

501 4248 750 4301 datorum
800 4248 1022 4301 omnino
1074 4247 1357 4315 producta,
1402 4250 1600 4303 scalam
1662 4248 1953 4303 fabricatur
1989 4262 2056 4301 ex

2187 3129 2190 3132 .
2233 3080 2337 3144 ρκ’.
2382 3075 2445 3127 Ἠ
2502 3073 2693 3143 μικρὰ,
2733 3072 2824 3124 καὶ
2880 3071 3111 3142 μεγάλη,
3162 3073 3256 3124 καὶ⁵
3313 3072 3574 3141 σύντομος
3605 3071 3712 3124 τῶν

2163 3165 2613 3234 ὑποτασσομένων
2658 3162 2860 3231 κλίμαξ
2918 3165 3074 3214 πέντε
3129 3161 3395 3231 βαθμξδας
3433 3163 3531 3223 τὰς
3575 3163 3710 3229 πρὸς

2162 3260 2472 3326 τελειότητα
2502 3244 2769 3325 φερούσας
2818 3256 3095 3321 κέκτηται.
3130 3252 3326 3323 Πρώτη
3372 3254 3407 3322 ἡ
3446 3253 3707 3323 ἀποταγὴ,

2163 3348 2386 3417 δευτέρα
2418 3349 2451 3417 ὴ
2480 3345 2745 3416 ὑποταγὴ,
2780 3344 2937 3414 τρίτη
2970 3345 3004 3413 ή
3042 3344 3276 3413 ὑπακοὴ,
3305 3345 3534 3414 τετάρτη
3555 3347 3588 3412 ἡ
3616 3360 3710 3395 τα-

2164 3438 2440 3499 πείνωσις,
2496 3435 2722 3504 πέμπτη
2750 3437 2782 3503 ἡ
2816 3435 3024 3503 ἁγάπη,
3120 3436 3267 3487 ἐστιν
3292 3436 3321 3487 6
3344 3434 3494 3497 θεός.
3545 3435 3652 3487 Καὶ
3678 3436 3711 3502 ἡ

2167 3528 2265 3598 μὲν
2291 3528 2562 3596 ὰποταγὴ,
2605 3528 2667 3577 ὲκ
2692 3524 2786 3577 τοῦ
2814 3525 2941 3594 ᾅδου
2976 3526 3166 3591 ἀνάγει
3211 3524 3304 3576 τὸν
3329 3525 3595 3593 κείμενον,
3624 3525 3715 3575 καὶ

2161 3620 2253 3672 τὸν
2279 3617 2687 3687 δεδουλωμένον,
2711 3615 2810 3683 τῆς
2827 3615 2957 3683 ὕλης
2980 3616 3241 3686 ὲκνευροῖ.
3278 3614 3341 3666 Ἦ
3368 3614 3422 3666 δὲ
3444 3613 3714 3683 ὑποταγὴ,

2162 3709 2391 3780 Χριστὸν
2414 3702 2560 3778 εὗρε,
2587 3708 2680 3760 καὶ
2717 3705 2892 3776 τούτῳ
2921 3705 3175 3769 διακονεῖ,
3214 3704 3292 3767 ὡς
3322 3703 3483 3766 αὑτός
3515 3720 3680 3772 φησιν
3700 3719 3713 3733 ·

2168 3820 2186 3852 ι
2234 3799 2429 3867 Ὀὲμοὶ
2459 3797 2744 3861 διακονῶν,
2780 3797 2906 3867 ἐμοὶ
2931 3796 3241 3849 ἀκολουθεῖ·
3293 3795 3387 3848 καὶ
3425 3795 3559 3847 ὅπου
3603 3795 3717 3861 εἰμὶ

2164 3890 2294 3959 ἐγὼ,
2319 3893 2434 3943 ἐκεῖ
2462 3889 2553 3942 καὶ
2579 3891 2608 3941 6
2643 3889 2885 3949 διάκονος
2913 3888 2941 3939 6
2961 3887 3090 3956 ὲμός
3119 3888 3292 3940 ἔσται.
3318 3905 3337 3938 ι
3365 3885 3475 3938 Ποῦ
3491 3885 3548 3938 δέ
3574 3887 3718 3938 ἐστιν

2162 3984 2191 4034 6
2227 3981 2498 4051 Χριστόςς
2531 3981 2620 4032 Ἐν
2653 3978 2802 4049 δεξιᾷ
2827 3979 2919 4030 τοῦ
2950 3976 3158 4046 [ἰατρὸς
3200 3977 3547 4046 ἐφεζόμενος.
3579 3976 3717 4029 Οὐκ-

2161 4072 2256 4125 οῦν
2289 4073 2405 4124 ἐκεῖ
2431 4072 2510 4125 δεῖ
2535 4066 2674 4123 εἶναι
2702 4070 2794 4122 καὶ
2826 4069 2919 4121 τὸν
2949 4068 3214 4130 διάκονον,
3245 4068 3379 4119 ὅπου
3416 4066 3508 4119 καὶ
3539 4068 3566 4117 6
3606 4066 3719 4118 δια-

2165 4162 2320 4216 κονού
2330 4170 2525 4232 μενος,
2539 4161 2868 4224 ὲπιϐιϐάζων
2885 4161 2975 4213 τὸν
2994 4160 3125 4212 πόδα
3150 4160 3284 4228 πρὸς
3320 4161 3419 4227 τὴν
3440 4159 3715 4212 ἀνάϐασιν·

2162 4253 2197 4324 ἢ
2230 4256 2335 4324 πρδ
2364 4252 2457 4306 τοῦ
2494 4253 2734 4306 ἀνελθεῖν
2767 4254 2877 4313 τοῖς
2900 4252 3142 4321 τρόποις,
3171 4250 3390 4321 Χριστῷ
3421 4249 3719 4312 συναναϐὰς

503 4339 689 4392 multis
710 4340 1023 4411 virtutibus,
1049 4353 1249 4407 easque
1272 4339 1416 4392 velut
1438 4340 1779 4395 ascensioues
1802 4340 1853 4394 in
1879 4340 2033 4392 anim:

2165 4345 2259 4396 καὶ
2286 4342 2764 4412 συνανερχόμενος.
2809 4341 2870 4394 Ἡ
2898 4341 2953 4393 δὲ
2980 4341 3191 4409 ὑπακοὴ
3217 4339 3577 4409 ἐνεργουμένη
3603 4338 3716 4399 ταῖς

503 4429 766 4497 disponit.
798 4427 946 4484 Hanc
993 4430 1185 4484 deinde
1226 4430 1294 4484 ab
1329 4430 1415 4483 illa
1459 4430 1735 4500 excipiens
1782 4430 2027 4484 cxaltatri

2150 4434 2402 4494 λέντολαίς
2431 4432 2623 4494 διόλου,
2654 4431 2922 4484 τεκταίνει
2955 4431 3052 4500 τὴν
3073 4430 3315 4499 κλίμακα
3355 4430 3419 4481 ὲκ
3448 4428 3714 4497 διαφόρων

504 4520 805 4584 humilitas,
838 4529 892 4573 et
926 4522 990 4574 ad
1039 4522 1233 4574 caelum
1290 4525 1610 4588 provehens,
1667 4521 1861 4590 reginae
1893 4521 2032 4574 virtu

2165 4523 2391 4591 ἀρετῶν,
2406 4522 2498 4575 καὶ
2523 4520 2726 4584 ταύτας
2747 4520 2821 4583 ὡς
2848 4520 3135 4580 ἀναϐάσεις
3190 4521 3248 4571 ὲν
3271 4521 3335 4588 τῇ
3379 4519 3522 4588 ψυχῇ
3549 4516 3713 4569 διατε-

508 4622 619 4665 tum
650 4612 897 4665 charitati
931 4612 1112 4674 tradit,
1139 4622 1191 4664 et
1221 4611 1437 4667 Christo
1463 4613 1680 4668 adducit
1707 4621 1760 4666 et
1788 4612 1967 4668 oﬂ'ert.
1996 4612 2033 4667 Ε

2167 4612 2346 4668 θεῖαι*
2368 4613 2429 4678 ἐξ
2451 4608 2523 4681 ἧς
2554 4614 2586 4682 ἡ
2628 4611 2885 4679 ὑψοποιδς
2928 4610 3257 4670 ταπείνωσις
3297 4609 3483 4661 τοῦτον
3512 4605 3709 4659 ἀναλα-

508 4698 587 4752 sic
614 4713 706 4766 per
734 4700 945 4753 brevem
976 4701 1173 4753 scalam
1201 4699 1360 4754 facile
1385 4703 1450 4754 ad
1476 4704 1671 4756 ccelum
1702 4702 1946 4758 ascendit
1968 4701 2060 4772 qui

510 4805 634 4844 vere
666 4790 919 4843 obedietts
950 4802 1050 4843 est.

2172 4697 2357 4761 ϐοὗσα,
2391 4698 2481 4750 καὶ
2496 4696 2700 4750 ἄνωθεν
2724 4696 2958 4765 φέρουσα
2992 4693 3128 4782 πρὸς
3166 4691 3411 4763 οὐρανὸν,
3467 4690 3533 4758 τῇ
3571 4688 3717 4758 βασι-

2168 4787 2403 4838 λίδιτῶν
2456 4788 2664 4854 ἀρετῶν
2694 4787 2879 4856 ἀγάπῃ
2920 4779 3135 4838 δίδωσι·
3171 4784 3264 4837 καὶ
3301 4779 3518 4849 Χριστῷ
3551 4794 3718 4846 προσ-

525 4873 828 4940 αγαγοῦσα,
863 4860 1184 4945 παρίστησι.
1215 4858 1321 4925 Καὶ
1350 4868 1511 4934 οὕτω,
1537 4867 1625 4919 διὰ
1657 4865 1754 4935 τῆς
1786 4866 2048 4935 συντόμου
2081 4866 2369 4935 κλίμακος.
2397 4867 2632 4930 εὐκόλως
2657 4869 2792 4937 πρὸς
2833 4871 3062 4938 οὐρανὸν
3085 4867 3370 4936 ἀνέρχεται
3400 4866 3431 4917 6
3459 4865 3518 4916 ιν
3568 4862 3702 4929 ἁλη-

526 4968 646 5035 θείᾳ
687 4969 1144 5036 ὑποτασσόμενος.

587 5058 702 5110 121.
737 5058 803 5110 Ει
831 5059 1042 5112 brevior
1069 5057 1133 5111 ad
1167 5072 1386 5126 regnum
1417 5055 1672 5110 cwlorum
1698 5069 1793 5123 per
1814 5055 2061 5123 exiguam

2239 5063 2375 5135 ρκα’.
2403 5060 2777 5129 Συντονωτέρα
2794 5059 2907 5121 ὁδὸς
2940 5056 3075 5126 πρὸς
3096 5056 3164 5108 τὰ
3191 5053 3300 5106 ἄνω
3334 5049 3597 5119 βασίλεια,
3630 5045 3713 5135 διὰ

518 5151 772 5204 virtutum
800 5149 996 5203 scalam
1029 5163 1129 5202 non
1162 5156 1244 5203 est
1277 5146 1382 5211 via,
1412 5162 1569 5216 qttam
1604 5146 1803 5200 ablatio
1831 5144 2031 5212 quinqu

2165 5134 2262 5225 τῆς
2300 5156 2498 5225 μικρᾶς
2527 5153 2792 5219 κλίμακος
2819 5149 2926 5201 τῶν
2944 5146 3152 5218 ἀρετῶν
3184 5144 3283 5196 οὐκ
3305 5141 3447 5193 ἐστιν
3470 5134 3713 5225 ἂλληΛῖνς

518 5240 771 5305 vitiorum
804 5239 1117 5293 obedientia:
1152 5240 1538 5308 oppositorum,
1569 5253 1686 5305 qua:
1719 5245 1846 5291 sunt
1886 5236 2070 5288 inohe—

2166 5248 2196 5313 ἡ
2222 5245 2328 5297 τῶν
2359 5244 2515 5295 πέντε
2541 5242 2637 5310 τῆς
2658 5240 2902 5306 ὑπακοῆς
2929 5234 3312 5302 ἀντικειμένων
3334 5227 3521 5282 παθῶν
3556 5223 3698 5280 αναί-

524 5328 757 5393 dientia,
804 5328 1192 5392 contradictio,
1245 5328 1298 5381 in
1346 5344 1405 5381 se
1455 5326 1871 5395 complaccntia,
1920 5338 2033 5376 amu

2171 5352 2336 5406 ρεσιςο
2363 5334 2664 5403 παρακοῆς,
2685 5349 2757 5398 φη
2767 5329 2849 5398 μὶ.
2871 5328 2964 5381 καὶ
2986 5322 3310 5390 ἀντιλογίας,
3323 5314 3710 5406 αὒταρεσκείας

526 5418 726 5487 proprii
750 5415 957 5487 iudicii,
992 5426 1043 5473 et
1076 5417 1290 5472 funeSIa
1319 5416 1608 5485 superbia:
1636 5417 1748 5470 haec
1777 5422 1902 5469 Sunt
1929 5413 2033 5466 cuit

2167 5396 2227 5481 τε
2257 5396 2350 5480 καὶ
2397 5396 2786 5493 δικαιώματος,
2817 5421 2909 5472 καὶ
2936 5418 3035 5487 τῆς
3069 5412 3308 5484 ὀλεθρίου
3343 5412 3590 5479 οἰήσεως·
3620 5396 3714 5459 αὖ·

504 5632 514 5643 ι
602 5602 636 5635 ¹¹
673 5601 783 5659 Jac.
818 5619 877 5667 tt,
915 5602 996 5657 l8.
1072 5601 1287 5657 "Joau.
1324 5612 1418 5662 xli,
1448 5597 1540 5650 96-
