4102 6344
362 242 505 313 1285

1403 250 1675 310 CAPlTA
1720 249 1870 309 PER
1920 246 2573 325 ACBOSTiCHIDEM.

3459 262 3599 343 i286

352 388 442 424 ται
477 369 586 441 γάρ
618 366 726 422 εισι
755 365 892 440 μέλη
922 365 1017 423 καὶ
1057 362 1201 439 μέρη
1240 359 1333 416 τοῦ
1368 358 1704 430 ἀφηνιαστοῦ
1736 356 1922 427 δαίμοτ

2027 371 2267 423 membra
2318 380 2372 424 et
2426 380 2609 440 partes
2644 369 2861 437 rebellis
2908 373 3193 447 daemonii,
3231 375 3322 445 qui
3372 375 3601 439 devorat

353 481 464 528 νος,
494 461 586 523 τοῦ
619 459 1016 521 κατατείνοντος
1044 457 1171 518 τοὺς
1188 453 1376 529 νόθους
1402 453 1513 511 τῶν
1533 452 1813 517 ὑπηκόων,
1830 448 1925 503 καὶ

351 555 818 628 παραπέμποντος
841 553 909 627 τῇ
939 548 1163 619 ἀϐύσσῳ
1190 545 1268 617 τῷ
1296 546 1571 618 δράκοντι.
1604 544 1715 606 Καὶ
1754 545 1789 612 ἡ
1826 543 1924 612 μὲν

354 638 611 716 παρακοὴ
675 645 792 699 ἐστι
834 641 894 697 τὸ
942 638 1038 709 τοῦ
1069 637 1196 709 ᾅδου
1233 636 1441 707 στόμαο
1467 637 1502 706 ὴ
1536 635 1593 687 δέ
1625 632 1921 700 ἀντιλογία,

350 739 384 807 ἡ
409 736 633 804 γλῶσσα
684 732 850 788 αὐτοῦ
904 731 980 796 ὡς
1038 729 1188 795 ὀξεῖα
1222 728 1496 800 μάχαιρα·
1524 727 1558 797 ἡ
1598 724 1655 778 δέ
1692 721 1929 792 αὐτα.ρέ-

347 844 529 891 σκεια,
566 824 776 887 ὀδόντες
805 819 969 875 αὐτοῦ
995 818 1327 890 ἠκονημένοι
1349 835 1362 850 ο
1396 814 1536 869 τὸδὲ
1577 812 1872 882 δικαίωμα,
1897 809 1927 862 6

348 917 530 990 θώραξ
550 914 751 976 αὐτοῦ·
805 915 840 985 ἡ
872 913 927 965 δέ
977 910 1295 973 διάπνευσις
1344 908 1442 977 τῆς
1485 904 1787 977 παμφάγου
1821 920 1925 974 γα-

347 1011 508 1081 στρὸς
543 1006 731 1071 αὐτοῦ,
783 1007 817 1076 ἡ
848 1004 985 1073 πρὸς
1011 1004 1102 1056 τὸν
1127 1001 1260 1073 ᾅδην
1302 998 1704 1070 προπέμπουσα
1725 995 1923 1067 οἴησις.

348 1106 539 1166 Ὅστις
564 1084 622 1157 δέ
652 1097 711 1152 τὸ
742 1098 958 1168 πρῶτον
985 1094 1074 1148 διά
1096 1094 1195 1163 τῆς
1227 1090 1474 1160 ὑπακοῆς
1496 1089 1642 1159 νικᾷ,
1671 1087 1739 1140 τά
1763 1082 1926 1139 λοιπὰ

344 1197 435 1264 ὑφ’
470 1195 529 1248 ἐν
571 1188 891 1260 περιέκοψε,
922 1188 1017 1242 καὶ⁸
1057 1187 1139 1250 εἰς
1197 1183 1463 1255 οὐρανοὺς
1522 1181 1612 1235 διὰ
1654 1179 1753 1248 τῆς
1796 1177 1926 1247 μιᾶς

346 1285 607 1357 βαθμίδος
660 1282 825 1348 ὀξέως
852 1278 1160 1349 ἀνέρχεται.
1184 1273 1296 1327 Θαῦ
1306 1292 1381 1343 μα
1401 1272 1456 1326 δέ
1485 1271 1675 1335 ὅντως,
1697 1267 1793 1322 καὶ
1817 1266 1926 1319 τῶν

343 1379 602 1451 ἀρῤήτων
628 1376 711 1440 δν,
741 1375 836 1428 καὶ
861 1373 1176 1449 ἀνέφικτον,
1211 1368 1304 1422 καὶ
1338 1364 1497 1419 τοῦτο
1550 1366 1578 1417 6
1619 1361 1927 1432 φιλάνθρω-

484 1470 644 1541 ἡμῶν
673 1466 939 1535 πεποίηκε
972 1463 1199 1533 Κύριος,
1235 1460 1317 1523 τὸ,
1352 1457 1440 1512 διὰ
1467 1458 1595 1527 μιᾶς
1624 1452 1850 1524 ἀρετῆς,
1890 1450 1924 1521 ἢ

348 1563 554 1634 μᾶλλον
577 1560 869 1633 ἐπιταγῆς,
903 1556 1148 1631 ἀχρόνως
1173 1555 1254 1619 είς
1283 1550 1545 1623 οὐρανοὺς
1577 1543 1923 1618 ἀνέρχεσθαι,

342 1654 535 1723 ὥσπερ
563 1650 659 1705 καὶ
684 1650 772 1704 διὰ
793 1649 921 1719 μιᾶς
952 1644 1236 1716 παρακοῆς
1262 1643 1344 1707 είς
1374 1641 1466 1694 τὸν
1493 1639 1626 1711 ᾅδην
1654 1634 1926 1705 κατήλθο-

347 1761 452 1814 μεν
476 1742 570 1806 xc).
600 1737 1002 1813 κατερχόμεῡα.

418 1832 561 1905 ρκβ’.
580 1833 791 1901 Ὥσπερ
825 1826 982 1890 ἄλλος
1005 1825 1209 1895 κόσμος
1236 1822 1411 1890 διττδς
1443 1821 1471 1874 6
1501 1817 1808 1890 ἄνθρωπος,
1828 1813 1925 1867 καὶ

344 1925 532 1988 καινὸς
577 1920 933 1992 ὀνομάζεται,
982 1916 1126 1975 κατά
1159 1915 1249 1979 τδν
1294 1913 1436 1966 θεῖον
1475 1907 1803 1965 Ἀπόστολον
1832 1906 1925 1959 τὸν

339 2017 568 2071 εἰπόντα
588 2031 602 2048 ο
632 2033 653 2065 ι
685 2013 747 2067 Et
770 2028 855 2073 τις
881 2012 939 2062 ἐν
968 2007 1189 2082 Χριστῷ
1210 2005 1372 2075 καινὴ
1403 2002 1598 2066 κτίσις.
1629 2018 1649 2053 ι
1680 1997 1792 2052 Καὶ
1811 1996 1920 2067 γὰρ

339 2108 436 2161 καὶ
463 2104 712 2174 οὐρανὸς,
746 2103 841 2156 καὶ
871 2099 968 2170 γῆ,
1000 2098 1097 2157 καὶ
1129 2097 1310 2151 πάντα
1340 2095 1443 2147 ὅσα
1466 2095 1494 2146 6
1525 2090 1752 2160 κόσμος,
1776 2086 1922 2155 δάν-

340 2199 559 2269 θρωπος
611 2193 820 2262 γίνεταί
868 2174 949 2245 τε
983 2189 1125 2254 κατὰ
1175 2188 1378 2257 ἀρετὴν
1408 2182 1504 2238 καὶ
1550 2178 1917 2252 ὀνομάζεται·

342 2292 486 2360 ὑπὲρ
505 2284 566 2343 οὗ
598 2288 745 2349 ἄπας
768 2286 926 2354 λόγος
948 2284 1042 2341 καὶ
1077 2281 1224 2339 ἅπαν
1249 2278 1571 2351 μυστήριον,
1600 2277 1676 2345 ὥς
1699 2291 1867 2348 φησιν
1892 2277 1923 2330 6

341 2380 625 2449 Θεολόγος.
680 2375 898 2449 Ἐπειδὴ
936 2374 1046 2445 γὰρ
1084 2390 1103 2433 ι
1139 2371 1240 2440 τὴν
1292 2370 1469 2440 πάλην
1504 2366 1661 2439 ἡμῶν
1691 2360 1832 2421 εἶναι
1856 2364 1921 2419 οὐ

341 2472 479 2545 πρὸς
519 2466 659 2540 αἷμα
691 2469 790 2524 καὶ
841 2467 1044 2538 σάρκα,
1078 2463 1215 2520 ἀλλά
1256 2462 1393 2534 πρὸς
1426 2460 1525 2525 τάς
1554 2458 1751 2533 ἀρχάς,
1782 2456 1921 2526 πρὸς

339 2565 440 2627 τάς
475 2560 725 2627 ἐξουσίας
750 2557 846 2614 τοῦ
881 2557 1103 2620 σκότους
1140 2553 1235 2608 τοῦ
1285 2554 1481 2616 αἰῶνος
1531 2551 1747 2612 τούτου,
1781 2550 1921 2618 πρὸς

340 2656 410 2709 τὰ
434 2650 783 2723 πνευματικὰ
811 2650 908 2720 τῆς
928 2647 1193 2718 πονηρίας
1230 2648 1287 2700 ἐν
1308 2647 1420 2708 τοῖς
1461 2642 1805 2711 ἐπουρανίοις
1825 2637 1920 2693 τοῦ

337 2747 602 2817 ἄρχοντος
634 2743 731 2796 τοῦ
770 2743 958 2819 ἀέρος,
1024 2757 1044 2792 ι
1099 2737 1193 2792 τοῦ
1263 2736 1585 2790 ’Δποστόλου
1620 2735 1917 2805 φήσαντος,

340 2836 600 2908 ἁρμόδιον
628 2831 770 2907 εἶναι
792 2832 869 2898 ὡς
899 2834 978 2896 είς
1016 2830 1222 2900 κόσμον
1256 2828 1417 2884 ἄλλον
1470 2827 1645 2897 μέγαν
1688 2827 1791 2896 τῆς
1820 2822 1922 2893 φύ-

341 2943 480 2989 σεως
504 2924 614 2978 τῶν
638 2921 885 2993 ψυχικῶν
923 2920 1082 2992 ἡμῶν
1127 2918 1413 2988 δυνάμεων
1441 2911 1582 2970 εἶναι
1610 2916 1739 2978 τοὺς
1764 2915 1918 2968 ἀντι·

339 3015 669 3078 παλαίοντας
691 3015 825 3083 ἡμῖν
872 3010 1166 3083 κρυπτῶςο
1199 3008 1341 3063 κατὰ
1373 3006 1482 3062 τῶν
1525 3006 1693 3078 τριῶν
1724 3004 1835 3076 γάρ
1867 3005 1983 3100 olc

337 3110 489 3179 τρεῖς
539 3107 801 3177 ἄρχοντες
851 3104 965 3167 τοῖς
1002 3102 1333 3170 ἀγωνισταῖς
1379 3096 1919 3168 ἀντικαθιστάμενοι,

339 3197 792 3269 ἐκστρατεύουσι,
819 3194 915 3249 καὶ
931 3193 1056 3247 καθ’
1089 3192 1118 3245 ὃ
1161 3192 1229 3245 ἂν
1258 3189 1533 3261 προέκοψέ
1576 3207 1678 3252 τις,
1711 3186 1807 3242 καὶ
1837 3187 1920 3249 είς

335 3294 473 3363 ὅπερ
526 3289 843 3361 ἐργάζεται,
897 3287 987 3341 ὑπ’
1023 3284 1205 3340 αὐτῶν
1241 3282 1579 3353 πολεμεῖται.
1624 3280 1735 3333 Καὶ
1756 3280 1785 3333 ὁ
1815 3276 1919 3350 μὲν

335 3384 550 3454 δράκων
587 3382 615 3433 6
641 3381 824 3451 ἄρχων
857 3378 955 3445 τῆς
981 3377 1242 3442 ἀϐύσσου,
1279 3375 1415 3445 πρὸς
1442 3373 1572 3438 τοὺς
1601 3370 1918 3444 καρδιακῶς

335 3473 706 3544 προσέχοντας
750 3468 1132 3540 ἐκστρατεύων
1167 3466 1468 3530 ἐνίσταται,
1515 3466 1592 3528 ὡς
1645 3465 1783 3535 πρὸς
1817 3464 1918 3533 τὴν

335 3564 507 3632 ὀσφὺν
556 3561 656 3631 τῆς
688 3559 987 3630 ἐπιθυμίας
1032 3556 1131 3613 καὶ
1184 3554 1280 3609 τοῦ
1324 3553 1574 3626 ὀμφαλοῦ
1605 3554 1707 3624 τὴν
1752 3553 1917 3623 ἲσχὺν

335 3653 498 3723 ἔχων,
528 3652 623 3705 καὶ
650 3649 740 3704 διὰ
777 3648 870 3703 τοῦ
900 3649 1000 3718 τῆς
1021 3647 1195 3719 λήθης
1223 3645 1472 3715 ἐνηδόνου
1508 3643 1783 3714 γίγαντος,
1814 3642 1917 3706 τὰς

334 3742 638 3805 καυστικάς
657 3740 767 3797 τῶν
790 3739 1204 3812 πεπυρωμένων
1227 3737 1394 3809 βελῶν
1415 3738 1673 3808 δυνάμεις
1701 3734 1916 3790 ἀκοντί-

333 3836 445 3900 ζων
473 3835 680 3902 αὐτοῖς,
711 3832 903 3903 ὥσπερ
924 3830 1202 3888 θάλασσαν
1222 3829 1413 3899 ἄλλην,
1444 3828 1542 3891 καὶ
1560 3829 1795 3883 ἄϐυσσον
1816 3826 1917 3896 τὴν

334 3922 635 3994 ἐπιθυμίαν
656 3920 819 3997 ἔχων,
845 3920 1039 3986 δύνων,
1068 3920 1163 3973 καὶ
1191 3919 1401 3989 ἐρπων,
1430 3918 1528 3972 καὶ
1559 3917 1916 3988 ἐκταράττων

334 4015 505 4086 αὐτὴν
533 4014 630 4073 καὶ
653 4013 926 4089 ἀφρίζων,
955 4011 1177 4077 ἀναξέει
1207 4011 1378 4080 αὐτὴν
1396 4051 1412 4076 ,
1441 4010 1538 4065 καὶ
1565 4009 1702 4081 πρὸς
1727 4025 1918 4062 συνου-

336 4105 604 4174 σιασμοὺς
654 4103 889 4172 ἐκκαίει,
926 4103 1022 4163 καὶ
1050 4104 1162 4167 τοῖς
1196 4103 1306 4156 τῶν
1358 4100 1563 4173 ἡδονῶν
1590 4100 1918 4172 χειμάρροις

332 4194 614 4261 ἐπικλύζει
644 4194 837 4266 αὐτὴν,
874 4195 969 4250 καὶ
997 4194 1074 4259 ὡς
1102 4193 1380 4267 ἄπληστον
1411 4194 1512 4247 οὐκ
1548 4191 1822 4263 ἐμπιπλᾷ.
1855 4191 1914 4243 '0

330 4287 388 4342 δὲ
417 4288 602 4360 άρχων
633 4286 731 4341 τοῦ
762 4286 968 4359 κόσμου
1000 4287 1192 4343 τούτου
1244 4287 1382 4358 πρὸς
1407 4286 1534 4351 τοὺς
1555 4285 1655 4355 τὴν
1684 4299 1917 4354 πρακτι-

2029 460 2170 515 filios
2218 475 2498 525 servorum
2532 478 2775 529 suorum,
2804 476 3008 535 eosque
3038 464 3299 525 Tartareo
3358 477 3599 523 reservat

2031 552 2274 609 draconi.
2308 555 2680 612 lnobedicutia
2725 568 2807 613 est
2854 556 3053 612 inferni
3082 572 3177 622 os;
3211 559 3597 627 contradictio,

2026 645 2144 714 ejus
2197 645 2374 715 lingua
2414 658 2472 702 ut
2515 649 2725 717 gladius
2781 659 3136 714 mucronata;
3180 649 3597 715 complaccntia,

2028 739 2217 792 dentes
2245 737 2363 805 ejus
2387 739 2569 804 acuti;
2600 740 2878 809 proprium
2904 740 3189 809 judicium.
3223 742 3340 810 ejus
3366 752 3553 808 pectus
3578 758 3596 808 ;

2025 839 2077 883 et
2116 830 2387 897 Spiramen
2423 830 2632 885 ventris
2660 834 2797 907 ejus.
2829 834 3053 895 trahens
3088 832 3152 885 ad
3185 832 3458 897 infernum
3505 849 3598 887 ευ·-

2027 921 2231 988 peritia.
2286 918 2544 990 Quisquis
2592 933 2771 976 autem
2821 925 3056 990 primatu
3111 924 3240 981 illud
3292 925 3597 983 obedientia

2026 1022 2269 1079 ruperat,
2317 1022 2515 1067 extera
2570 1028 2678 1067 nuo
2706 1015 2942 1069 concidit
2974 1018 3102 1079 ictu,
3134 1026 3189 1068 et
3220 1016 3271 1070 in
3307 1017 3472 1071 caelos
3504 1002 3599 1083 per

2028 1120 2190 1159 unum
2245 1105 2467 1175 gradum
2520 1105 2665 1161 illico
2696 1109 2960 1166 ascendit.
3016 1109 3109 1163 sed
3156 1108 3402 1162 uiirabile
3442 1125 3598 1177 pror-

2023 1210 2117 1250 sus
2167 1195 2637 1263 inenarrabileque
2685 1207 2739 1253 et
2788 1196 3066 1257 iticﬂabile
3096 1208 3180 1252 est
3212 1200 3599 1254 misericordia:

2024 1285 2115 1341 Dei
2149 1287 2373 1350 donum.
2409 1288 2489 1343 sic
2524 1303 2619 1356 per
2652 1302 2812 1341 unam
2843 1289 3120 1350 virtutum.
3155 1305 3250 1343 seu
3290 1292 3470 1358 potius
3503 1305 3599 1357 per

2024 1394 2188 1433 unum
2234 1379 2545 1435 mandatum
2581 1379 2866 1435 confestim
2911 1383 2975 1434 ad
3006 1380 3173 1435 etelos
3205 1383 3594 1442 Conscendere,

2024 1477 2085 1533 ut
2118 1485 2214 1539 per
2247 1470 2415 1525 solam
2468 1471 2892 1535 iuobcdientiam
2947 1472 3001 1527 in
3056 1456 3327 1533 infernum
3383 1472 3595 1531 delabi-

2025 1574 2146 1625 mur
2170 1569 2225 1615 et
2257 1560 2582 1617 decidimus.

1944 1702 1991 1758 Β
2034 1738 2037 1743 λ

2088 1818 2213 1874 122.
2263 1818 2398 1872 Tum
2437 1818 2733 1883 secundus,
2787 1828 2900 1874 tum
2950 1833 3122 1875 novus
3174 1820 3314 1874 alter
3365 1819 3597 1874 mundus

2014 1920 2241 1967 vocatur
2269 1911 2449 1976 limuo,
2472 1912 2621 1980 juxta
2648 1911 2830 1965 divum
2858 1912 3174 1981 Apostolum
3203 1911 3471 1966 dicentem
3503 1912 3548 1945 ³³
3574 1926 3594 1972 :

2023 2023 2042 2056 ι
2087 2004 2143 2058 Si
2178 2021 2283 2072 qua
2318 2004 2368 2056 iu
2402 2003 2623 2058 Christo
2663 2018 2796 2058 nova
2846 2012 3117 2059 creatura.
3154 2023 3172 2055 ι
3208 2003 3450 2073 Namque
3478 2020 3594 2059 cm-

2016 2102 2125 2153 lum
2176 2107 2432 2169 terraque
2480 2108 2535 2155 et
2580 2099 2868 2153 universus
2917 2100 3148 2155 mundus
3198 2100 3360 2154 homo
3408 2109 3493 2153 est
3541 2110 3595 2154 et

2017 2190 2363 2255 nominatur,
2421 2198 2641 2257 propter
2697 2204 2855 2256 quem
2912 2204 3073 2244 omne
3124 2201 3212 2245 est
3266 2192 3486 2243 vcrbum
3538 2197 3594 2245 et

2015 2296 2179 2337 omne
2210 2281 2551 2354 mysterium,
2588 2291 2645 2332 ut
2678 2280 2754 2335 ait
2784 2278 3110 2350 Tlxcologus.
3146 2281 3361 2339 Etenim
3397 2302 3414 2331 ι
3454 2299 3594 2350 quo-

2016 2375 2161 2427 niam
2197 2387 2304 2427 non
2339 2380 2423 2426 est
2458 2371 2613 2424 nobis
2650 2365 2963 2424 relluctatio
2998 2371 3259 2425 adversus
3293 2387 3510 2424 carnem
3537 2378 3594 2426 et

2016 2463 2358 2537 sanguinem,
2408 2463 2500 2516 sed
2550 2465 2808 2517 adversus
2864 2461 3137 2530 principes
3181 2469 3233 2514 et
3273 2468 3592 2530 potestates,

2015 2560 2275 2622 adversus
2310 2565 2551 2608 rectores
2586 2555 2930 2609 tenebrarum
2966 2552 3126 2622 hujus
3160 2552 3372 2624 saeculi,
3405 2561 3592 2607 contra

2012 2646 2317 2716 spiritualia
2351 2645 2606 2713 nequitiae
2641 2644 2691 2698 in
2726 2644 3043 2698 coelestibus
3076 2642 3235 2713 primi
3270 2645 3435 2707 aeris,
3474 2661 3492 2694 ι
3532 2651 3593 2697 ιιι

2013 2740 2089 2796 ait
2140 2739 2431 2811 Apostolus
2485 2738 2553 2803 ",
2607 2736 2991 2793 convenienter
3037 2735 3182 2789 velut
3231 2734 3282 2789 in
3332 2749 3588 2800 maguum

2013 2832 2243 2887 alterum
2292 2840 2503 2885 naturas
2555 2830 2811 2882 mundum
2866 2828 2917 2880 in
2967 2827 3162 2881 anima:
3206 2837 3406 2881 nostrae
3443 2826 3593 2891 vires

2012 2926 2253 2989 pugnant
2275 2919 2502 2973 latentes
2524 2915 2826 2971 adversarii
2857 2917 3050 2971 nostri.
3078 2915 3210 2970 Nam
3233 2917 3589 2972 colluctantes

2012 3011 2167 3066 nobis
2238 3019 2349 3065 tres
2408 3010 2681 3077 principes
2748 3017 2856 3063 tres
2933 3010 3250 3079 impugnant
3318 3008 3591 3077 potentias

2016 3103 2244 3168 animae;
2280 3112 2331 3158 et
2363 3104 2450 3165 ubi
2486 3105 2759 3169 profectus
2788 3110 2888 3160 est.
2928 3100 3015 3157 ubi
3054 3101 3221 3165 labor,
3253 3101 3323 3154 ibi
3347 3101 3587 3171 praelium

2015 3196 2382 3249 committunt.
2463 3193 2526 3246 Et
2581 3194 2796 3261 quidem
2871 3193 3037 3247 draco
3099 3192 3353 3261 princeps
3412 3190 3586 3260 abyssi

2015 3296 2204 3342 contra
2251 3272 2463 3354 eos-qui
2512 3295 2639 3338 ειιιιι
2668 3282 2829 3336 corde
2863 3283 3074 3344 attenti,
3106 3283 3369 3334 dimicans
3403 3279 3587 3333 insur—

2014 3382 2113 3450 git,
2145 3389 2329 3448 utpote
2367 3380 2417 3431 in
2452 3377 2946 3446 concupiscentiam
2979 3375 3287 3433 lumborum
3318 3384 3370 3429 ct
3407 3374 3588 3427 uuibi-

2012 3472 2103 3526 lici
2138 3480 2463 3540 potestatem
2517 3468 2759 3530 habens;
2811 3476 2866 3520 et
2914 3482 3009 3534 per
3057 3465 3416 3533 voluptarium
3453 3463 3591 3517 obli-

2014 3565 2188 3617 vionis
2219 3562 2487 3630 gigantem
2522 3559 2795 3611 flanttneos
2828 3558 3117 3625 igmtorum
3160 3556 3384 3609 telorum
3418 3555 3590 3622 impa-

2013 3666 2101 3711 tus
2137 3656 2189 3708 in
2239 3654 2359 3711 illos
2400 3651 2666 3721 jaculaus,
2703 3648 3197 3716 concupiscentiam
3232 3646 3388 3715 quasi
3439 3660 3588 3699 mare

2012 3747 2180 3808 subit,
2215 3746 2422 3815 irrepit,
2454 3745 2756 3814 perturbat,
2786 3750 2839 3795 et
2871 3754 3178 3807 spmuosam
3216 3737 3588 3804 fervidamque

2013 3839 2161 3897 facit,
2191 3846 2246 3890 et
2288 3838 2352 3887 ad
2384 3835 2607 3901 copulas
2634 3832 2880 3887 carnales
2921 3831 3224 3893 succendit,
3255 3839 3311 3882 et
3339 3828 3588 3895 volupta-

2010 3938 2123 3984 tum
2158 3927 2492 3980 torrentibus
2541 3925 2790 3988 inundat,
2822 3929 2877 3975 et
2920 3930 3175 3988 tanquam
3226 3920 3586 3973 insatiabilem

2007 4034 2119 4075 non
2172 4016 2383 4085 implet.
2433 4013 2691 4079 Princeps
2741 4021 2917 4065 autem
2974 4011 3157 4064 mundi
3215 4013 3371 4075 lmjus
3420 4027 3585 4079 opera

2007 4108 2239 4165 virtutes
2281 4112 2667 4174 persequentes
2719 4099 3055 4170 aggreditur,
3094 4109 3360 4167 quatenus
3397 4109 3587 4153 contra

2008 4208 2218 4271 partem
2254 4195 2588 4253 irascibilem
2636 4192 2886 4258 luctans;
2920 4202 2972 4244 et
3008 4205 3103 4259 per
3135 4189 3365 4259 ignavae
3396 4190 3589 4259 gigan-

2009 4303 2119 4348 tem
2174 4289 2486 4347 omnimoda
2544 4286 2858 4354 passionum
2917 4281 3187 4351 praestigia
3245 4281 3298 4334 in
3355 4274 3585 4336 alterius

330 4379 435 4451 κὴν
466 4379 671 4454 ἀρετὴν
719 4380 1159 4455 μετερχομένους
1202 4379 1543 4445 ἀνθίσταται,
1569 4379 1646 4444 ὡς
1684 4376 1822 4448 πρὸς
1854 4376 1914 4429 τὸ

2017 4385 2193 4442 mundi
2233 4382 2377 4438 illius
2409 4381 2685 4434 theatrum
2722 4384 2776 4430 et
2821 4376 3054 4429 stadium
3104 4388 3281 4443 pugna
3313 4374 3583 4440 spirituali

335 4471 567 4542 θυμικὸν
587 4472 687 4544 τὴν
704 4472 885 4545 πάλην
921 4472 1082 4553 ἔχων,
1115 4472 1210 4526 καὶ
1236 4471 1324 4526 διά
1349 4472 1443 4526 τοῦ
1494 4472 1592 4541 τῆς
1641 4468 1915 4542 ῥᾳθυμίας

2023 4474 2265 4540 aculans,
2300 4472 2383 4527 vel
2415 4469 2607 4533 vincit,
2641 4468 2727 4523 vel
2759 4466 2992 4521 vincitur
3033 4465 3100 4519 ab
3132 4465 3198 4520 iis
3241 4467 3332 4533 qui
3364 4463 3587 4519 fortiter

332 4563 610 4632 γίγαντος,
633 4564 732 4627 τὰς
752 4564 1101 4628 παντοδαπὰς
1126 4564 1234 4618 τῶν
1255 4564 1445 4617 παθῶν
1475 4561 1808 4634 μαγγανείας
1839 4559 1916 4624 ὡς

2017 4581 2174 4638 isque
2222 4563 2321 4632 ipsi
2368 4562 2667 4629 resistunt;
2703 4565 2759 4615 et
2810 4572 3039 4612 coronas
3084 4566 3177 4611 aut
3226 4556 3580 4625 ignominiam

330 4655 411 4717 είς
442 4654 652 4726 κόσμον
708 4654 892 4723 ἄλλον,
940 4656 976 4728 ἢ
1029 4655 1260 4729 θέατρόν
1323 4673 1381 4710 τε
1435 4655 1531 4709 καὶ
1569 4653 1785 4708 στάδιον
1812 4649 1913 4723 τὴν

2017 4676 2058 4713 .n
2093 4664 2384 4724 conspectu
2419 4652 2728 4725 angelorum
2764 4650 2917 4709 nobis
2952 4663 3296 4719 comparans,
3343 4662 3438 4702 sua
3473 4648 3582 4703 tela

326 4747 504 4814 πάλην
559 4748 763 4818 νοερῶς
810 4750 1003 4814 ποιῶν,
1035 4749 1222 4812 νικῶν,
1257 4748 1290 4820 ἢ
1317 4749 1625 4821 ἡττώμενος
1652 4748 1780 4817 τοὺς
1804 4751 1892 4807 ἀεὶ

2017 4763 2220 4817 semper
2245 4756 2300 4802 et
2331 4760 2482 4805 arma
2515 4746 2567 4799 in
2596 4758 2696 4798 nos
2724 4749 3071 4810 contorquet.
3109 4739 3370 4808 Princeps
3396 4751 3581 4794 autem

335 4832 485 4905 αὐτῷ
512 4830 783 4906 ἀνδρικῶς
820 4834 1322 4905 προσπαλαίοντας,
1374 4837 1469 4890 καὶ
1502 4839 1825 4907 στεφάνους,
1874 4841 1909 4913 ἢ

2017 4840 2151 4895 teris
2203 4838 2424 4894 mentali
2478 4843 2738 4893 vacantes
2772 4833 3004 4895 orationi
3058 4832 3282 4895 invadit,
3320 4832 3583 4901 imagina-

336 4922 599 4994 αἰσχύνην
648 4921 879 4977 ἐνώπιον
920 4924 1170 4991 ἀγγέλων
1218 4926 1407 4990 αὐτοῖς
1462 4929 1763 4999 προξενῶν,
1814 4932 1914 4995 τὰς

2017 4936 2214 4986 tionem
2263 4929 2532 4998 impetens
2578 4924 3021 4992 intellectumque
3061 4930 3115 4976 et
3154 4921 3417 4986 rationem
3449 4922 3581 4975 ado-

278 5102 283 5108 .
336 5014 674 5083 παρατάξεις
695 5013 860 5067 αὑτοῦ
891 5013 1014 5066 καθ’
1055 5014 1214 5084 ἡμῶν
1252 5016 1518 5089 διηνεκῶς
1565 5020 1912 5097 καθοπλίζει,

2017 5024 2159 5077 riens
2187 5037 2312 5077 cum
2342 5019 2592 5087 malignis
2613 5017 2893 5087 spiritibus
2921 5015 3177 5078 aetheris;
3202 5024 3257 5068 et
3281 5029 3373 5083 per
3398 5012 3583 5084 gigan-

336 5107 466 5172 ἡμίν
520 5105 845 5176 μαχόμενος.
917 5105 977 5157 '0
1018 5105 1074 5159 δὲ
1106 5106 1289 5177 ἄρχων
1341 5108 1437 5162 τοῦ
1466 5109 1629 5181 ἀέρος
1688 5113 1814 5177 τοὺς
1845 5117 1912 5186 τῇ

2017 5124 2116 5169 lem
2151 5113 2475 5184 ignorantiae
2503 5109 2835 5178 superiorem
2865 5107 3176 5165 intellectus
3201 5115 3404 5173 partem
3434 5106 3580 5159 velut

337 5197 547 5268 διανοίᾳ
581 5197 717 5267 πρὸς
746 5196 980 5268 θεωρίαν
1026 5198 1386 5269 σχολάζοντας
1432 5201 1746 5273 ἐπέρχεται,
1779 5222 1914 5274 φαν-

2017 5207 2240 5261 altcrum
2272 5201 2553 5273 Spiritualc
2583 5198 2778 5254 caelum
2813 5212 3030 5259 ccenose
3061 5196 3262 5261 turbat,
3299 5205 3354 5249 et
3402 5195 3579 5264 phan-

335 5290 819 5358 τασιοσκοπῶν,ὼς
854 5291 988 5364 πρὸς
1008 5292 1068 5345 τὸ
1095 5292 1312 5360 λογικόν
1333 5310 1392 5345 τε
1427 5295 1520 5347 καὶ
1547 5295 1732 5367 νοερὸν
1764 5298 1918 5366 ἐγγί-

2017 5298 2227 5351 Lasticas
2253 5294 2680 5360 tenebrosasque
2704 5290 2988 5359 spirituum
3017 5288 3217 5342 formas
3241 5297 3286 5341 ei
3315 5296 3581 5349 transmu-

339 5380 469 5445 ζων,
500 5381 639 5453 μετά
662 5381 774 5435 τῶν
794 5382 893 5450 τῆς
922 5381 1188 5453 πονηρίας
1220 5381 1317 5435 τοῦ
1357 5383 1521 5453 ἀέρος
1554 5387 1914 5455 πνευμόιιιιων⁹

2017 5388 2260 5451 .atioues,
2292 5384 2446 5453 quasi
2481 5384 2711 5452 fulgura,
2747 5391 2801 5435 et
2830 5386 3087 5437 tonitrua.
3121 5377 3493 5447 prorellasque
3522 5378 3579 5429 et

342 5475 436 5528 καὶ
479 5473 570 5528 διά
626 5472 722 5527 τοῦ
751 5474 850 5544 τῆς
882 5473 1107 5544 ἀγνοίας
1137 5474 1395 5544 γίγαντος
1451 5476 1548 5545 τὴν
1581 5478 1916 5555 ἀνατατικὴν

2017 5479 2247 5550 fragores
2299 5474 2594 5545 exhibens,
2649 5483 2909 5528 terrorem
2964 5471 3180 5531 incutit.
3236 5469 3311 5522 Ita
3374 5466 3573 5545 siuguti

402 5639 489 5692 “l
526 5640 650 5694 Cor.
684 5656 738 5701 ν.
772 5641 857 5695 17.
934 5641 978 5671 ¹’⁵
1008 5641 1203 5711 Είιίιῡδ.
1237 5661 1307 5711 ιι,
1348 5646 1407 5698 l2
