4102 6344
564 283 702 348 1287
1783 281 2172 346 GREGORII
2236 275 2571 344 SINAITIE
3663 285 3814 352 1283

559 401 805 470 singulas
841 400 1162 470 impugnant
1193 392 1705 466 tripartitteanimm
1740 389 2046 465 larultates,
2074 411 2127 453 et
2157 451 2161 464 ,

2267 401 2471 452 ιάνοιαν
2498 397 2750 466 καθάπερ
2771 396 2928 450 ἄλλον
2950 397 3170 466 λογικὸν
3195 399 3426 470 οὐρανὸν
3447 401 3818 470 ἐκταράττων

559 513 666 563 quo
696 493 894 548 bellum
929 492 1131 558 ferunt,
1163 492 1252 546 hic
1282 509 1514 562 pugnam
1545 493 1911 546 committunt.

2260 489 2406 553 ίολοῖ,
2437 489 2534 550 τάς
2562 488 2933 554 φανταστικὰς
2959 488 3058 540 καὶ
3079 489 3400 559 ὁμιχλώδεις
3423 491 3533 546 τῶν
3558 495 3824 562 πνευμά-

558 606 671 640 των
715 587 1050 659 μορφώσεις,
1097 593 1192 638 καὶ
1237 587 1362 648 τοὺς
1395 585 1952 654 μετασχηματισμοὺς
2005 581 2301 650 άπατηλῶς
2334 582 2586 648 καθάπερ
2628 581 2941 649 ἀστραπὰς,
2967 581 3066 634 καὶ
3098 582 3356 654 βροντάς,
3380 586 3715 652 καταιγίδας
3746 603 3812 638 τε

558 685 652 733 καὶ
684 681 891 748 φόρους
919 680 1119 748 φέρων,
1158 678 1359 733 δειλίαν
1400 682 1616 747 ἐπάγει.
1656 681 1926 740 Ἕκαστος
1961 678 2181 747 ἑκάστῳ
2209 677 2454 747 δηλονότι
2478 677 2565 728 διά
2595 677 2702 729 τῶν
2736 677 2905 746 τριῶν
2933 676 3072 747 πρὸς
3101 676 3161 729 τὸ
3198 680 3460 750 τριμερὲς
3489 680 3595 752 τῆς
3621 680 3812 752 ψυχῆς

560 772 974 839 προσπαλαίων,
1009 773 1330 825 ἀνθίσταται
1405 773 1498 823 καὶ
1534 772 1668 840 πρὸς
1700 773 1727 825 ὃ
1757 776 1846 826 τὸν
1882 773 2120 842 πόλεμον
2152 771 2288 842 ἔχει,
2322 773 2458 842 πρὸς
2489 771 2620 822 αὐτὸ
2661 771 2757 824 καὶ
2795 772 2885 824 τὸν
2912 773 3103 840 ἀγῶνα
3133 771 3418 844 κέκτηται.

627 857 749 910 1‘23.
785 859 853 910 At
883 859 1047 922 enim,
1083 861 1330 926 quamvis
1364 861 1475 913 sint
1505 862 1751 927 spiritus,
1790 863 1911 930 quia
1946 873 2124 916 tamen

555 946 786 1012 pristina
819 949 1276 1002 immaterialitate
1310 963 1372 1002 ac
1409 951 1756 1017 simplicitate
1787 953 2124 1011 exciderunt,

560 1038 896 1090 matcrialem
939 1041 1226 1106 quamdam
1269 1040 1428 1093 habet
1465 1043 1834 1111 unusquisque
1861 1043 2130 1112 cmnposi-

564 1128 785 1193 tionem,
817 1131 992 1185 ordini
1023 1141 1116 1186 aut
1162 1134 1466 1201 operationi
1501 1135 1830 1189 assimilatus
1861 1136 2125 1203 corporis,

559 1219 625 1272 all
660 1222 800 1287 quod
848 1225 1175 1278 movendum
1224 1226 1398 1280 factus
1429 1234 1530 1279 est.
1575 1227 1709 1292 Quia
1744 1228 1888 1281 enim
1920 1237 1975 1282 et
2007 1228 2128 1296 ipsi,

564 1313 798 1368 hominis
829 1315 1020 1378 instar,
1051 1319 1308 1384 angelicis
1351 1319 1568 1386 spoliati
1602 1318 1804 1373 divitiis
1838 1318 2132 1388 divinaque

563 1405 756 1469 privati
795 1406 1088 1474 voluptate,
1142 1417 1412 1485 terrenam
1466 1411 1608 1466 sicut
1637 1420 1691 1465 et
1726 1427 1826 1464 nos
1855 1412 2135 1480 patiuntur

565 1495 931 1562 voluptatem,
979 1498 1285 1553 materiales
1335 1500 1502 1554 etiam
1555 1503 1951 1569 quodammodo
2003 1501 2132 1556 facti

565 1596 694 1638 sunt
727 1586 1084 1639 matcrialium
1118 1591 1426 1655 passionum
1474 1591 1783 1655 habilibus;
1816 1605 1992 1658 neque
2033 1591 2135 1644 mi-

568 1692 684 1729 rum
725 1686 825 1741 est,
859 1693 1020 1746 quum
1066 1687 1120 1731 et
1163 1681 1339 1731 anima
1384 1691 1567 1736 nostra
1615 1682 1678 1734 ad
1709 1682 1799 1736 Dei
1847 1682 2135 1751 imaginem

2311 869 2448 930 ρκγ’.
2477 863 2614 926 Νόες
2642 872 2748 933 γαρ
2781 861 2934 926 ὄντες
2957 864 3089 916 ποτὲ
3106 865 3203 933 ,καὶ
3242 865 3420 930 αὐτοὶ,
3453 865 3551 917 καὶ
3582 864 3691 934 τῆς
3733 868 3834 919 ἀΰ-

2237 955 2356 1018 λίας
2379 955 2596 1024 ἐκείνης
2628 958 2723 1008 καὶ
2744 954 3077 1026 λεπτότητος
3099 957 3449 1023 ἐκπεσόντες,
3482 957 3686 1026 ὑλικήν
3708 975 3833 1010 τινα

2238 1047 2529 1116 παχύτητα
2568 1047 2800 1108 ἕκαστος
2859 1047 3159 1117 κέκτηται·
3221 1049 3363 1101 κατά
3409 1051 3508 1120 τὴν
3576 1049 3763 1112 τάξιν,
3796 1051 3830 1118 ἦ

2239 1136 2520 1206 ἐνέργειαν
2583 1136 3028 1205 σωματούμενος,
3079 1132 3142 1192 οὗ
3193 1139 3432 1209 ἐνεργῶν
3492 1143 3864 1198 πεποίωται.·

2253 1227 2470 1294 Ἐπειδὴ
2494 1229 2604 1296 γὰρ
2635 1226 2729 1278 καὶ
2761 1227 2937 1290 αὐτοὶ,
2999 1227 3146 1279 κατὰ
3180 1227 3489 1296 ἄνθρωπον,
3525 1229 3632 1300 τὴν
3661 1232 3824 1300 ἀγγε-

2239 1315 2400 1387 λικὴν
2432 1317 2624 1388 ἡδονὴν
2653 1318 3039 1380 ἀπολέσαντες,
3063 1320 3278 1388 τρυφῆς
3309 1319 3460 1384 θείας
3499 1323 3836 1393 ὑστερηθέν-

2239 1426 2350 1473 τες,
2405 1408 2555 1478 χοῦν,
2615 1409 2868 1478 καθάπερ
2920 1409 3014 1461 καὶ
3075 1411 3254 1479 ἡμεξ,
3290 1411 3382 1463 καὶ
3412 1413 3568 1468 αὐτοὶ
3617 1418 3834 1485 τρυςᾷλι

2242 1500 2564 1570 πάσχουσιν,
2607 1500 2832 1563 ὑλώδεις
2881 1518 3001 1563 πως
3040 1501 3135 1555 καὶ
3175 1502 3330 1554 αὐτοὶ
3379 1504 3680 1571 γεγονότες
3713 1509 3834 1568 ταῖς

2241 1593 2349 1648 τῶν
2399 1593 2598 1646 ὑλικῶν
2657 1593 2846 1646 παθῶν
2901 1592 3085 1657 ἕξεσι·
3139 1593 3234 1645 καὶ⁵
3287 1594 3346 1645 οὐ
3382 1593 3464 1646 δεῖ
3492 1594 3832 1662 θαυμάζειν,

2242 1683 2443 1751 ὃπουγε
2496 1688 2590 1737 καὶ
2643 1686 2676 1752 ἡ
2744 1684 2864 1736 κατ’
2902 1685 3086 1736 εἰκόνα
3113 1683 3249 1736 Θεοῦ
3290 1685 3480 1753 λογικὴ
3541 1687 3644 1738 καὶ
3674 1690 3835 1754 νοερὰ

569 1768 848 1821 rationalis
896 1769 1387 1839 intellectualisque
1419 1783 1623 1834 creata,
1657 1773 1899 1826 hestialis
1933 1787 1986 1828 et
2028 1775 2141 1829 fere

2260 1750 2526 1828 ιτισθεϊσα
2549 1750 2696 1845 ψυχὴ
2725 1775 2904 1846 ἡμῶν,
2931 1774 3212 1846 κτηνώδης
3233 1778 3328 1830 καὶ
3350 1750 3702 1847 ἀναίσθητος,
3733 1750 3829 1830 καὶ

567 1858 748 1908 omnis
779 1873 969 1912 sensus
997 1867 1050 1912 et
1086 1860 1456 1925 intelligentia:
1483 1877 1710 1928 exspers
1745 1862 1887 1916 facta
1929 1864 1999 1916 sit
2031 1879 2146 1917 ma-

571 1949 777 2002 terialis
813 1951 1101 2017 voluptatis
1139 1953 1394 2020 operibus
1434 1968 1494 2006 ac
1541 1955 1629 2006 Dei
1666 1955 1959 2008 oblivione.
1995 1952 2145 2010 Solet

571 2042 718 2092 cnim
755 2042 970 2096 habitus
1005 2053 1219 2098 mutare
1272 2056 1543 2111 naturam,
1579 2057 1632 2100 et
1681 2047 2057 2116 operationem
2090 2048 2141 2100 iu

573 2132 910 2188 voluntatem
967 2145 1309 2192 convertere.
1379 2138 1445 2192 Et
1509 2139 1738 2207 spiritus
1783 2140 1999 2209 quidem
2053 2139 2144 2194 alii

574 2237 702 2280 sunt
739 2229 1066 2292 tuatcriales,
1096 2245 1288 2298 graves
1318 2242 1372 2286 et
1405 2232 1634 2296 molesti,
1666 2233 1912 2287 iracundi
1945 2242 2001 2288 et
2031 2235 2149 2287 vin-

575 2318 746 2381 dices,
801 2319 1034 2373 l‘erarum
1087 2321 1260 2375 instar
1311 2323 1607 2385 carnivori,
1659 2333 1712 2377 et
1761 2324 1824 2376 ad
1872 2323 2147 2377 libidinem

575 2410 1014 2480 voluptatemque
1051 2413 1283 2475 hiantes,
1323 2417 1465 2469 velut
1496 2431 1660 2471 canes
1691 2416 1756 2469 ad
1806 2418 2148 2486 sanguinem,

577 2502 982 2570 corruptionem
1031 2519 1150 2557 cum
1185 2505 1556 2574 spiritualibus
1604 2505 1944 2560 comedendo
1993 2522 2149 2560 suum

579 2593 744 2662 hujus
795 2611 1035 2649 amorem
1092 2598 1421 2663 ostendunt,
1479 2598 1790 2653 materiales
1837 2607 1892 2653 et
1941 2611 2155 2654 crassas

580 2685 843 2740 habentes
877 2703 1120 2747 carnem,
1173 2689 1587 2745 delectationem
1637 2699 1690 2745 et
1737 2690 2153 2746 habitationem.

582 2777 685 2830 Alii
724 2794 851 2830 vero
900 2779 1164 2856 luxuriosi
1217 2790 1283 2850 et.
1322 2781 1557 2846 lubrici,
1613 2783 1666 2837 iu
1719 2783 2155 2852 concupiscentia

585 2874 727 2923 velut
774 2873 1073 2942 iu‘palude
1131 2875 1411 2927 hirudincs
1448 2891 1704 2943 ranteque
1749 2886 1802 2930 et
1837 2876 2074 2944 reptilia,
2105 2883 2160 2928 et

587 2959 878 3027 aliquando
906 2962 1051 3013 velut
1085 2961 1170 3013 alii
1208 2962 1383 3028 pisces
1419 2972 1651 3031 reptant,
1684 2979 1922 3016 amaram
1971 2965 2160 3018 incon-

2247 1865 2432 1935 σχεδὸν
2459 1864 2621 1928 ἄνους
2641 1868 2760 1928 ταῖς
2787 1865 2894 1918 τῶν
2927 1865 3128 1918 ὑλικῶν
3183 1866 3525 1936 πραγμάτων
3581 1868 3833 1919 ἀπολαυ-

2247 1973 2366 2010 σεσι
2394 1956 2607 2024 γέγονε,
2646 1956 2780 2011 Θεὸν
2836 1958 3170 2028 ἀγνοήσασα.
3234 1957 3450 2025 ίίέφυκε
3503 1959 3615 2028 γάρ
3658 1961 3692 2028 ἡ
3723 1959 3835 2022 ἕξις

2251 2050 2562 2117 μεταποιεῖν
2590 2046 2689 2116 τὴν
2716 2045 2898 2114 φύσιν,
2961 2047 3058 2100 καὶ
3103 2045 3351 2100 ἀλλοιοῦν
3397 2047 3500 2116 τὴν
3549 2048 3835 2117 ἐνέργειαν

2248 2139 2384 2208 πρὸς
2413 2139 2512 2208 τὴν
2542 2138 2882 2208 προαίρεσιν.
2909 2138 3021 2191 Καὶ
3041 2138 3110 2191 τά
3161 2137 3323 2208 [δηλ.
3362 2136 3682 2208 πνεύματα]
3737 2138 3835 2204 μέν

2251 2216 2387 2283 είσιν
2417 2230 2615 2301 ὑλώδη,
2651 2230 2747 2284 καὶ
2800 2229 2974 2302 βαρέα
3026 2229 3148 2282 τινὰ
3198 2228 3294 2282 καὶ
3330 2228 3708 2291 δυσκάθεκτα,
3743 2229 3836 2281 θυ-

2253 2320 2563 2390 μοειδῆκαὶ
2588 2320 2883 2391 άμυντικά,
2915 2320 3008 2373 καὶ
3030 2319 3105 2383 ώς
3136 2318 3302 2390 θηρία
3335 2320 3456 2372 τινὰ
3506 2320 3836 2388 σαρκοφάγα

2254 2413 2388 2482 πρὸς
2407 2412 2506 2483 τὴν
2536 2413 2727 2483 ὁλικὴν
2754 2412 2946 2483 ἡδονὴν
2976 2412 3070 2466 καὶ
3128 2411 3338 2482 τρυφὴν
3365 2412 3660 2482 κεχηνότα,
3683 2411 3838 2480 δίκην

2257 2508 2434 2562 κυνῶν
2487 2507 2820 2579 αίμοδόρων,
2868 2505 2968 2576 τὴν
3005 2507 3242 2576 σαπρίαν
3275 2504 3414 2575 μετά
3452 2505 3564 2557 τῶν
3587 2519 3840 2572 πνευμα-

2255 2599 2495 2654 τιώντων
2529 2599 2775 2652 ἐσθίοντα
2798 2597 2894 2668 τὴν
2931 2597 3093 2668 φίλην
3123 2597 3305 2651 αὐτῶν
3348 2589 3710 2666 φαντάζουσι,
3741 2598 3843 2662 τάς

2259 2691 2488 2763 παχείας
2523 2693 2614 2745 καὶ
2645 2690 2864 2754 ὑλώδεις
2892 2690 3122 2760 σάρκας,
3160 2689 3256 2742 καὶ
3282 2689 3492 2759 τρυφὴν
3521 2689 3620 2742 καὶ
3660 2689 3843 2743 οίκὶαν

2259 2785 2468 2855 ἔχοντα.
2507 2782 2590 2836 Τὰ
2633 2783 2687 2836 δὲ
2737 2783 3010 2836 ἀκόλαστα
3045 2799 3165 2834 τινα
3209 2782 3306 2833 καὶ
3368 2778 3612 2850 ὐγρώδη,
3652 2780 3732 2842 ὡς
3764 2782 3844 2843 είς

2259 2877 2455 2946 λίμνην
2482 2876 2692 2945 βδέλλαι
2722 2876 2865 2936 τινὲς
2903 2877 3001 2942 τὴν
3056 2871 3376 2942 ἐπιθυμίαν,
3425 2872 3520 2924 καὶ
3555 2871 3839 2942 βάτραχοι,

2261 2971 2348 3023 καῖ
2394 2968 2565 3036 δφεις,
2595 2967 2708 3019 ἔστι
2766 2966 2810 3018 δ’
2839 2967 2927 3018 ὅτε
2965 2965 3055 3017 καὶ
3108 2965 3186 3026 είς
3239 2963 3427 3032 ἰχθύας
3458 2961 3839 3032 ἀλλοιούμενα,

588 3050 832 3102 liuentia:
860 3052 1186 3118 voluptatem
1219 3054 1374 3120 quasi
1406 3053 1780 3122 degustantes,
1808 3062 1863 3108 et
1891 3062 2080 3107 natant
2107 3054 2161 3106 in

2262 3061 2499 3130 ἓρποντα
2521 3059 2618 3127 τὴν
2640 3057 2889 3127 ἁλμυρὰν
2918 3056 3015 3125 τῆς
3036 3054 3330 3120 ἀκολασίας
3362 3053 3580 3123 ἡδονὴν,
3607 3053 3682 3115 ὡς
3706 3056 3844 3107 ἁπό-

590 3140 872 3196 ebrietatis
921 3145 1076 3208 mari,
1129 3144 1288 3199 heves
1322 3147 1619 3215 mollesque
1651 3155 1866 3212 natura,
1904 3155 1956 3199 et
1988 3145 2157 3198 lubri-

593 3233 758 3287 citale
808 3233 1090 3288 brutarmn
1139 3237 1470 3305 voluptatum
1519 3238 1851 3306 gaudentes,
1899 3237 2160 3293 foedarum

593 3325 978 3393 cogitationum
1015 3326 1208 3384 lluctus
1241 3329 1596 3398 turbinesque
1627 3345 1690 3384 ac
1721 3339 2076 3399 tempestates
2111 3328 2163 3380 in

593 3414 769 3468 anima
819 3416 980 3471 cient.
1037 3416 1141 3470 Alii
1196 3429 1373 3472 autem
1421 3412 1568 3474 leves
1608 3428 1663 3472 et
1711 3431 1934 3483 tenues,
1985 3427 2168 3486 utpote

596 3509 726 3561 aerii
758 3509 1000 3576 Spiritus,
1035 3510 1140 3562 vim
1184 3511 1378 3566 mentis
1408 3512 1885 3581 contemplativam
1923 3511 2169 3564 excitan-

595 3611 699 3663 tes,
729 3600 992 3669 imagines
1018 3601 1164 3653 velut
1193 3602 1542 3656 vehementes
1567 3610 1728 3656 vento
1761 3601 2083 3661 immittunt,
2113 3609 2169 3652 et

599 3691 890 3757 aliquando
925 3691 976 3743 in
1014 3691 1260 3743 volucres
1313 3702 1368 3744 et
1422 3692 1474 3744 iu
1528 3693 1752 3753 angelos
1789 3693 2166 3746 transl‘ormati

599 3781 834 3834 animam
886 3780 1193 3848 decipiunt,
1250 3781 1619 3852 imaginatloui
1675 3797 1733 3836 se
1786 3793 1844 3839 ut
1896 3785 2170 3852 gnosticos

604 3883 1090 3943 repraesentantes,
1152 3883 1202 3929 et
1266 3884 1652 3930 convertentes
1715 3877 2173 3944 immutantesque

601 3985 813 4023 omnem
846 3968 1068 4036 spiritus
1097 3966 1606 4034 contemplationem
1643 3967 1695 4020 in
1733 3965 1816 4020 bis
1864 3967 1953 4034 qui
2001 3967 2174 4020 adhuc

605 4063 829 4117 multmn
875 4070 1116 4130 pugnant
1149 4069 1275 4114 ante
1325 4059 1757 4126 puriﬁcationem
1807 4061 2176 4125 spiritualem-

602 4169 710 4224 que
754 4151 1169 4221 perfectionem.
1218 4150 1349 4204 Nam
1386 4153 1665 4220 spirituale
1703 4151 1837 4204 nihil
1867 4161 1970 4214 est,
2019 4151 2176 4218 eujus

605 4235 828 4313 elligiem
864 4243 1184 4311 imaginarie
1213 4242 1353 4296 haud
1389 4243 1667 4304 simulent,
1700 4243 1911 4310 seipsos
1939 4241 2084 4294 enim
2123 4240 2175 4293 iu

606 4347 803 4391 statum
831 4336 991 4403 atque
1017 4335 1233 4386 modum
1267 4334 1476 4402 mystici
1506 4348 1830 4411 progressus
1858 4334 2176 4395 subornant,

2262 3149 2453 3202 λαυσιν
2501 3146 2833 3217 κεκτημένα·
2879 3147 3150 3215 νηχόμενα
3179 3144 3256 3212 τῷ
3293 3143 3523 3210 πελάγει
3547 3144 3642 3211 τῆς
3673 3144 3844 3196 πολυ-

2265 3239 2483 3304 ποσίας,
2515 3236 2632 3289 λεῖά
2657 3254 2776 3290 τινα
2793 3237 2944 3298 ὄντα,
2975 3235 3070 3288 καὶ
3095 3233 3278 3287 ἁπαλά
3302 3251 3415 3296 πως
3437 3234 3535 3302 τὴν
3560 3233 3743 3299 φύσιν,
3773 3237 3840 3303 τῇ

2268 3332 2527 3400 ὑγρότητι
2551 3330 2658 3382 τῶν
2687 3329 2899 3396 ἀλόγων
2944 3326 3149 3393 ἡδονῶν
3192 3326 3474 3395 χαίροντα,
3508 3325 3730 3393 κύματα
3752 3325 3843 3376 λο-

2267 3421 2502 3490 γισμῶν,
2551 3420 2645 3472 καὶ
2697 3418 3011 3489 μολυσμῶν,
3067 3417 3164 3470 καὶ
3195 3416 3511 3486 τρικυμίας,
3553 3417 3648 3468 καὶ
3675 3416 3843 3479 ζάλας

2269 3515 2355 3566 ἀεὶ
2379 3515 2444 3583 τῇ
2489 3511 2634 3582 ψυχῇ
2665 3509 2992 3580 διεγείρουσι
3014 3523 3028 3538 ’
3064 3507 3134 3560 τὰ
3172 3506 3228 3560 δὲ
3261 3506 3441 3574 κοῦφά
3470 3523 3594 3559 τινα
3632 3509 3730 3558 καὶ
3756 3506 3844 3557 λε-

2271 3606 2401 3670 πτὰ,
2433 3605 2507 3666 ὼς
2537 3603 2753 3670 ὲναέρια
2795 3600 3084 3670 πνεύματα
3112 3599 3261 3662 δντα,
3298 3599 3358 3650 τὸ
3386 3597 3726 3667 θεωρητικὸν
3753 3599 3846 3666 τῆς

2269 3695 2445 3764 ψυχῆς
2479 3693 2802 3763 ριπίζουσιν,
2827 3691 3063 3761 ἀνέμους
3091 3690 3247 3752 τινὰς
3283 3688 3489 3758 βιαίους
3517 3689 3614 3740 καὶ
3637 3705 3849 3756 φαντα-

2274 3785 2395 3848 σίας
2447 3784 2818 3854 προτείνοντα,
2859 3785 2937 3844 είς
2972 3781 3214 3844 πετεινὰ,
3247 3782 3363 3832 ἐστι
3412 3781 3457 3833 δ’
3493 3781 3580 3832 ὅτε
3644 3781 3741 3832 καὶ
3771 3781 3848 3842 εἰς

2273 3875 2535 3944 ἀγγέλους
2559 3873 3054 3946 μεταμορφούμενα
3071 3873 3170 3941 τὴν
3191 3868 3370 3941 ψυχὴν
3391 3870 3644 3922 ἀπατῶσι
3665 3886 3678 3898 ·
3717 3871 3852 3938 μνή-

2277 3987 2382 4037 μας
2412 3967 2780 4022 είδοποιοῦντα
2802 3964 3059 4034 γνωστῶν
3079 3981 3264 4027 τινων,
3298 3963 3847 4032 μετασχηματίζοντά

2272 4080 2332 4114 τε
2385 4061 2480 4114 καὶ
2522 4059 2931 4130 μετατρέποντα
2964 4059 3143 4110 πᾶσαν
3201 4055 3436 4126 θεωρίαν
3468 4052 3848 4122 πνευματικὴν

2274 4155 2332 4205 ὲν
2367 4155 2478 4215 τοῖς
2517 4151 2598 4203 ἔτι
2655 4150 2889 4220 μάλιστα
2923 4146 3372 4216 ἀγωνιζομένοις,
3411 4145 3520 4214 πρὸ
3548 4147 3646 4211 τῆς
3677 4143 3850 4194 καθαο

2281 4243 2502 4312 ρότητος
2524 4242 2615 4295 καὶ
2639 4242 2737 4310 τῆς
2766 4239 3144 4309 πνευματικῆς
3169 4236 3516 4306 διακρίσεως.
3552 4233 3715 4286 Οὐδὲν
3739 4232 3848 4302 γάρ

2278 4333 2391 4383 ἐστι
2446 4329 2833 4400 πνευματικὸν,
2880 4323 2923 4396 ᾧ
2974 4329 3049 4398 μὴ
3103 4326 3177 4390 ὡς
3207 4326 3336 4378 αὐτὸ
3380 4323 3522 4379 κατά
3545 4324 3846 4390 φαντασίαν

607 4439 668 4483 ut
707 4428 916 4479 veritati
953 4425 1220 4480 sulliciant
1253 4440 1518 4490 errorem,
1555 4435 1609 4477 et
1643 4425 1944 4477 illusionem
1977 4423 2161 4477 substi-

2277 4423 2575 4492 λεληθότως
2612 4421 3180 4490 μετασχηματίζονται
3205 4437 3219 4451 ·
3255 4416 3393 4486 πρὸς
3417 4417 3523 4485 γὰρ
3545 4417 3647 4485 τὴν
3682 4415 3844 4467 κατά-

609 4529 760 4574 tuaut
809 4516 1272 4584 contemplationi.
1321 4515 1394 4569 De
1444 4517 1560 4569 istis
1609 4515 1843 4581 loquitur
1875 4514 2180 4580 Scriptura,

609 4626 708 4680 per
738 4612 940 4664 bestias
983 4610 1095 4679 agri
1129 4608 1484 4676 Volucresquc
1526 4608 1648 4660 creli
1681 4615 1735 4659 et
1767 4607 1977 4674 reptilia
2023 4617 2182 4657 terra:

609 4702 835 4768 spiritus
864 4697 1122 4766 nequitiae
1154 4695 1471 4766 significans
1501 4708 1554 4750 et
1591 4695 1863 4751 indicans.

2281 4532 2488 4577 στασιν,
2518 4513 2612 4567 καὶ
2641 4513 2700 4565 τὸ
2729 4513 2926 4582 μέτρον
2954 4514 3053 4580 τῆς
3085 4510 3391 4578 προκοπῆς,
3418 4509 3510 4562 καὶ
3535 4507 3686 4560 αὐτοὶ
3717 4505 3854 4557 καθ-

2280 4606 2610 4668 οπλίζονται,
2679 4604 2888 4672 πλάνην
2940 4603 3058 4654 ἀντὶ
3094 4602 3374 4671 ἀληθείας,
3428 4603 3521 4653 καὶ
3547 4600 3853 4666 φαντασίαν

2282 4699 2401 4750 ἀντι
2433 4696 2664 4764 θεωρίας
2709 4693 3081 4760 ἐπιφέροντες,
3114 4693 3515 4755 εἱσοικίζονται.
3577 4690 3709 4754 Περὶ
3742 4690 3854 4752 γὰρ

615 4766 822 4831 τούτων
856 4779 888 4847 ἡ
914 4776 1109 4847 Γραφὴ
1144 4775 1412 4843 μαρτυρεῖ
1441 4773 1693 4842 λέγουσα,
1723 4773 1817 4825 καὶ
1847 4772 2011 4842 θηρία
2032 4786 2127 4824 του
2161 4767 2362 4852 ἀγροῦ,
2403 4768 2500 4821 καὶ
2523 4768 2589 4820 τὰ
2613 4769 2838 4822 πετεινὰ
2859 4766 2957 4821 τοῦ
2985 4771 3240 4841 οὐρανοῦ,
3282 4775 3378 4826 καὶ
3407 4773 3474 4826 τὰ
3507 4774 3712 4843 ἑρπετὰ
3743 4775 3851 4841 τῆς

616 4873 742 4940 γῆς,
769 4871 838 4924 τὰ
865 4875 1150 4938 πνεύματα
1169 4870 1268 4938 τῆς
1292 4869 1554 4938 πονηρίας
1577 4870 1966 4938 ὲπισημάνασα
1991 4869 2282 4938 ἐδήλωσεν.

670 4959 792 5012 ﬁl.
819 4958 1015 5012 Carnis
1049 4964 1102 5011 et
1155 4957 1470 5026 passionum
1507 4957 1768 5008 adversus
1803 4955 2045 5007 animam
2085 4956 2170 5005 iu—

601 5047 874 5104 surrectio
903 5049 1145 5117 quinque
1190 5047 1365 5101 modis
1420 5046 1479 5098 lit
1509 5045 1566 5098 in
1596 5045 1777 5098 nobis.
1831 5043 1989 5097 Nunc
2029 5044 2175 5096 enim

607 5141 765 5192 rebus
794 5141 1037 5193 abutitur
1063 5155 1229 5204 caro;
1267 5153 1413 5192 nunc
1449 5136 1720 5189 contraria
1745 5143 1952 5188 naturzc
1992 5143 2048 5186 ut
2081 5149 2178 5186 na-

607 5245 740 5286 tura:
769 5230 1071 5284 conformia
1111 5231 1227 5283 vult
1275 5228 1532 5299 Operari:
1588 5227 1750 5282 modo
1787 5227 1840 5278 in
1871 5227 2102 5292 seipsam
2151 5239 2181 5277 a

605 5322 947 5375 (temonibus
971 5331 1202 5384 armata,
1230 5337 1352 5375 cum
1388 5322 1472 5374 his
1522 5320 1802 5372 lzrtissima
1843 5313 2016 5385 jungit
2050 5316 2184 5369 ami-

607 5413 828 5478 citiam;
871 5412 1034 5464 modo
1064 5411 1118 5464 in
1143 5412 1388 5480 seipsam
1427 5409 1740 5472 rebellatur,
1773 5416 1830 5460 ut
1853 5406 2001 5459 vitiis
2031 5419 2184 5457 mau-

610 5505 853 5574 cipetur;
888 5513 1164 5575 postremo
1212 5503 1414 5558 bellum
1465 5511 1713 5555 movetur
1758 5515 1786 5552 a
1844 5494 2184 5552 daemonibus

617 5611 724 5650 nos
757 5610 854 5666 per
896 5597 1126 5652 abusum
1181 5593 1506 5648 humilitatis
1539 5589 2005 5661 impugnantibus,
2061 5600 2186 5642 cum

612 5689 870 5746 omnibus
903 5691 1138 5760 praelatis
1166 5686 1342 5758 modis
1377 5685 1508 5741 nihil
1547 5685 1916 5755 proiecerunt.

2341 4955 2474 5026 ρκδ’.
2515 4954 2579 5006 Ἦ
2611 4953 2979 5014 ἐπανάστασις
3009 4950 3118 5003 τῶν
3152 4949 3361 5014 παθῶν,
3389 4948 3483 5002 καὶ
3511 4951 3538 5002 ὁ
3571 4929 3857 5016 ἕπεγειρόυ

2271 5066 2431 5119 μενος
2484 5048 2584 5115 τῆς
2641 5045 2841 5116 σαρκὸς
2879 5043 3118 5113 πόλεμος
3145 5042 3287 5096 κατὰ
3327 5042 3430 5110 τῆς
3477 5041 3672 5110 ψυχῆς,
3713 5041 3858 5091 κατά

2267 5139 2431 5192 πέντε
2489 5138 2723 5208 τρόπους
2773 5135 3127 5207 προσγίνεται
3194 5137 3252 5186 ὲν
3309 5133 3476 5200 ἡμῖν’
3515 5132 3643 5184 ποτὲ
3682 5132 3779 5199 μὲν
3821 5132 3854 5198 ἡ

2271 5229 2408 5298 σὰρξ
2445 5226 2854 5298 παραχρωμένη
2908 5227 3020 5287 τοῖς
3049 5221 3189 5286 οὖσι,
3226 5223 3355 5275 ποτὲ
3392 5223 3446 5276 δὲ
3471 5223 3538 5276 τά
3568 5223 3714 5290 παρὰ
3746 5223 3855 5288 (ρὺ-

2249 5377 2252 5379 ,
2275 5337 2376 5384 σιν,
2401 5319 2475 5381 ώς
2502 5320 2642 5372 κατὰ
2673 5319 2835 5386 φύσιν
2861 5315 3194 5384 ἐπιζητοῦσα
3218 5316 3464 5382 ἐνεργεῖν
3483 5330 3494 5342 ·
3523 5313 3652 5365 ποτὲ
3674 5313 3728 5364 δὲ
3758 5312 3854 5363 καὶ

2270 5412 2372 5464 ὑπὸ
2395 5410 2503 5462 τῶν
2536 5410 2806 5477 δαιμόνων
2863 5405 3195 5474 δπλιζομένη
3226 5404 3369 5457 κατά
3397 5403 3497 5471 τῆς
3539 5401 3742 5471 ψυχῆς,
3773 5401 3852 5462 ὡς

2267 5502 2437 5572 ἡδέως
2465 5499 2907 5570 συμφιλιάζουσα
2933 5497 3162 5558 τούτοις.
3193 5496 3350 5547 Ἔστι
3381 5495 3426 5547 δ’
3463 5495 3553 5548 ὅτε
3589 5494 3680 5548 καὶ
3713 5494 3852 5561 αὑτὴ

2267 5593 2394 5647 καθ’
2427 5592 2628 5662 ἑαυτὴν
2661 5592 2909 5653 ἁτακτεῖ,
2968 5589 3042 5650 ώς
3079 5589 3434 5656 πεποιωμένη
3482 5589 3594 5648 τοῖς
3625 5585 3846 5638 πάθεσι.

2269 5682 2482 5736 Γίνεται
2541 5681 2594 5734 δὲ
2654 5679 2748 5733 καὶ
2796 5678 3028 5749 πόλεμος
3071 5676 3158 5729 ἐπ’
3211 5676 3453 5746 ἐσχάτων
3514 5676 3756 5731 πάντων.
3782 5675 3849 5727 ἐκ
