4102 6344
566 315 689 379 ι;ς>ι

1790 303 2185 365 GREGORII
2239 298 2567 365 SlNAIT/E

3726 346 3826 357 φο

3686 298 3825 361 12³2

564 459 575 472 ο
600 458 614 484 ι
646 426 1064 497 cotrtemplativo
1123 434 1265 482 statu
1303 424 1608 489 stabilitas;
1655 422 1930 494 perfectus
1955 436 2132 478 autem

2260 422 2388 484 ςικδς
2421 420 2710 491 γενόμενος
2743 422 2835 473 καὶ
2885 408 3303 490 πολιτευόμενος
3332 419 3457 482 νοῦς
3480 437 3492 448 ·
3528 420 3741 482 τέλειος
3772 420 3825 472 δέ

568 521 925 591 philosophus
972 527 1056 575 est
1109 518 1416 574 intellectus
1462 516 1643 570 ethica
1693 515 2027 587 physicaque
2082 524 2138 568 et

566 612 873 682 theologica
908 614 1210 667 instructus
1233 607 1595 683 philosophia,
1635 609 1718 662 vel
1750 607 1927 676 potius
1966 606 2137 674 philo-

568 710 735 773 meia,
771 716 824 761 et
851 721 918 763 ex
947 707 1123 762 ethica
1156 702 1377 774 quidem
1407 702 1669 766 actiones,
1701 717 1731 756 a
1764 701 1982 772 physica
2013 715 2141 756 vero

569 815 871 863 sermones,
924 814 955 855 e
1015 796 1286 866 theologia
1343 795 1558 849 demum
1623 792 2139 862 contemplationem

571 889 1223 959 irreprehcnsibiicmque
1242 886 1403 942 fidem
1428 901 1458 939 a
1482 885 1590 939 Deo
1609 885 1860 940 edoctus.
1894 883 1988 938 Vrl
2019 899 2141 936 rur-

573 999 667 1034 sus
705 996 870 1051 sagax
910 994 1093 1034 rerum
1126 978 1436 1033 divinarum
1472 978 1656 1032 rhetor
1694 983 1778 1030 est
1806 974 1900 1044 qui
1931 989 1993 1029 ea
2024 988 2143 1042 quae

576 1075 793 1142 proprie
821 1080 971 1136 sunt,
1004 1072 1071 1126 ab
1120 1071 1205 1126 his
1235 1071 1593 1134 demonstrat,
1622 1082 1690 1122 ex
1731 1066 1947 1135 illisque
1974 1067 2142 1118 ratio-

576 1180 669 1214 nes
704 1164 894 1215 harum
927 1160 1233 1217 clarissime
1277 1159 1574 1231 perspicit:
1612 1159 1701 1229 qui
1750 1158 2142 1226 intelligibilem

576 1254 1009 1324 invisibilemquc
1042 1269 1072 1308 a
1104 1253 1351 1307 sensibili
1383 1262 1439 1306 et
1477 1249 1703 1316 visihili,
1736 1258 1791 1304 et
1827 1250 2144 1306 sensihilem

575 1343 947 1412 visibilemque
980 1344 1048 1397 ab
1096 1342 1352 1398 invisibili
1405 1350 1462 1396 et
1511 1340 1822 1395 insensibili
1882 1340 2143 1394 mundum

574 1435 861 1498 discernit,
897 1435 1021 1504 quia
1052 1434 1286 1490 visibilia
1317 1444 1443 1489 sunt
1468 1433 1820 1488 invisibilium
1859 1431 2145 1497 imagines.

573 1533 628 1576 et
657 1525 949 1577 invisibilia
984 1524 1279 1578 visibilium
1306 1523 1615 1593 archetypi,
1650 1533 1704 1577 et
1731 1521 1985 1588 obiacere
2019 1519 2150 1573 dicit

576 1616 781 1686 figuras
808 1615 875 1669 iis
924 1630 1046 1683 qua:
1085 1630 1194 1668 non
1246 1615 1447 1669 habent
1477 1614 1705 1684 ﬁguras,
1757 1624 1813 1667 et
1844 1612 2057 1681 species
2087 1611 2152 1663 iis

574 1721 695 1775 quae
744 1721 849 1760 non
902 1705 1106 1761 habent
1152 1707 1507 1774 speciem,ut
1561 1706 1706 1759 httnc
1739 1705 1997 1759 mundum
2056 1717 2152 1772 per

2240 515 2355 564 ἐστι
2383 512 2505 576 νοῦς
2545 513 2858 581 φιλόσοφος,
2922 515 2949 566 ὁ
2986 512 3085 582 τὴν
3143 512 3363 583 ἠθικὴν,
3422 514 3520 566 καὶ
3550 514 3824 581 φυσικὴν,

2242 606 2333 656 καὶ
2359 604 2672 675 θεολογικὴν
2723 604 3075 674 κατορθώσας
3123 604 3469 674 φιλοσοφίαν,
3507 606 3724 675 μᾶλλον
3773 606 3825 657 δὲ

2240 696 2537 764 φιλοθείαν,
2564 697 2776 764 καὶτῆς
2809 695 2909 765 μὲν
2935 695 3158 765 ἠθικῆς,
3187 697 3287 759 τὰς
3331 696 3563 767 πράξεις
3580 714 3595 726 ·
3622 699 3732 767 τῆς
3773 699 3829 749 δὲ

2240 786 2497 856 φυσικῆς,
2532 789 2655 850 τοὺς
2682 786 2909 854 λόγους·
2938 790 3039 856 τῆς
3076 785 3133 839 δὲ
3161 787 3507 857 θεολογικῆς,
3546 788 3650 858 τὴν
3690 789 3830 841 θεω-

2242 880 2385 949 ρίαν,
2411 882 2502 933 καὶ
2534 881 2632 950 τὴν
2662 880 2774 933 τῶν
2800 879 3087 950 δογμάτων
3104 880 3393 951 ἀκρίϐειαν
3422 881 3489 935 ὲκ
3513 880 3655 935 θεοῦ
3674 882 3830 936 διδα-

2239 972 2409 1042 χθείς.
2450 974 2520 1025 Ἢ
2555 973 2716 1025 πάλιν
2748 974 2935 1042 ῥήτωρ
2985 971 3131 1036 θεῖος
3184 974 3242 1025 ὲν
3281 972 3445 1036 θείοις
3490 974 3666 1037 ἐστὶν,
3695 976 3727 1027 ό
3761 975 3829 1027 τὰ

2238 1068 2445 1136 κυρίως
2501 1066 2630 1119 ὄντα
2682 1068 2747 1119 ἐκ
2802 1066 2912 1119 τῶν
2941 1065 3202 1137 δντων,ῆ
3263 1067 3338 1139 μὴ
3366 1067 3536 1121 ὄντων
3567 1067 3826 1136 διαιρῶν,

2241 1160 2487 1222 καὶτοὺς
2542 1159 2642 1230 μὲν
2689 1159 2879 1226 λόγους
2907 1158 3154 1221 ἐκείνων,
3205 1160 3270 1212 ὲκ
3292 1158 3497 1212 τούτων
3529 1158 3821 1222 δεικνύων,

2242 1253 2337 1305 καὶ
2359 1254 2423 1304 ἐκ
2446 1252 2672 1315 τούτων,
2703 1251 2925 1304 ἐκείνων
2951 1253 3075 1314 τοὺς
3125 1251 3317 1320 λόγους
3351 1252 3497 1321 ὁρῶν
3539 1252 3822 1306 ἐνθεαστι-

2243 1342 2494 1396 κὼτατα·
2531 1341 2628 1395 καὶ
2680 1341 2768 1395 τὸν
2806 1343 2906 1410 μὲν
2960 1344 3153 1412 νοητὸν
3184 1344 3279 1396 καὶ
3337 1344 3600 1413 ἀόρατον,
3635 1347 3699 1397 ἐκ
3733 1346 3823 1396 τοῦ

2243 1435 2504 1507 αἰσθητοῦ
2533 1436 2625 1488 καὶ
2653 1435 2935 1506 ὁρωμένου
2957 1452 2971 1467 ·
3003 1436 3095 1489 τὸν
3126 1436 3181 1488 δὲ
3204 1436 3459 1506 αἰσθητὸν
3487 1438 3587 1490 καὶ
3611 1439 3829 1507 δρώμε-

2243 1544 2334 1580 νον
2369 1527 2595 1597 κόσμον,
2628 1529 2702 1593 ὲκ,
2723 1527 2818 1580 τοῦ
2853 1528 3088 1598 ἀοράτου
3117 1529 3216 1581 καὶ
3240 1529 3571 1598 ἀναισθήτου
3596 1531 3829 1599 συγκρί-

2243 1637 2370 1684 νων,
2389 1620 2465 1682 ὠς
2493 1618 2585 1673 τὸν
2617 1620 2715 1688 μὲν
2743 1620 2961 1690 ὁρατὸν,
2995 1620 3183 1674 είκόνα
3209 1621 3302 1673 τοῦ
3346 1621 3607 1691 ἀοράτου,
3649 1622 3742 1673 τὸν
3773 1623 3826 1672 δὲ

2244 1713 2477 1783 ἀόρατον
2531 1710 2625 1764 τοῦ
2686 1712 2967 1782 ὁρωμένου
3020 1713 3349 1782 ἀρχέτυπον.
3385 1713 3826 1784 Προόἐϐληνται,

577 1798 751 1864 illum,
792 1808 845 1850 et
877 1796 1029 1850 illum
1057 1812 1154 1865 per
1178 1796 1323 1852 hunc
1351 1796 1709 1865 Spiritualiter
1758 1804 2072 1864 cognoscat,
2097 1804 2153 1847 et

2260 1801 2401 1871 ρησὶ,
2439 1800 2547 1854 τῶν
2596 1799 2900 1855 ἀτυπώτων
2946 1802 2997 1854 οἱ
3052 1801 3207 1854 τύποι
3236 1843 3251 1866 ,
3293 1803 3388 1855 καὶ
3435 1803 3506 1855 τὰ
3568 1806 3828 1877 σχήματα

577 1900 764 1943 nmmo
790 1889 1021 1942 alterum
1063 1890 1114 1940 in
1156 1888 1327 1944 altero
1358 1889 1505 1941 clare
1551 1888 1843 1957 perspiciat
1875 1897 1929 1940 ct
1961 1898 2145 1941 osten-

577 1982 669 2036 dat
700 1981 868 2036 verbo
900 1980 1148 2034 veritatis
1182 1991 1236 2033 ct
1266 1994 1372 2031 non
1419 1978 1736 2046 anagngicis
1776 1987 1870 2030 aut
1892 1976 2145 2046 allegori-

576 2068 658 2122 cis
689 2069 1039 2124 sermoitibus
1070 2068 1358 2122 scientiam
1413 2068 1659 2123 veritatis
1705 2067 1961 2136 fulgidam
2019 2067 2150 2121 solis

576 2162 753 2214 instar
774 2158 959 2223 eliicit,
982 2157 1078 2214 sed
1108 2158 1339 2213 scientia
1373 2169 1426 2213 et
1457 2159 1658 2229 virtute
1689 2157 1963 2226 spirituali
1990 2172 2149 2213 veras

580 2253 863 2319 utriusque
900 2250 1138 2306 rationes
1162 2249 1507 2319 apertissime
1551 2249 1810 2304 dilucidat
1865 2260 1922 2305 et
1969 2251 2153 2320 expla-

578 2353 691 2408 nat,
732 2345 806 2397 ita
845 2353 904 2397 ut
947 2344 1088 2399 hunc
1131 2358 1255 2399 esse
1306 2345 1649 2414 paedagogum
1696 2353 1967 2410 nostrmn,
1997 2345 2150 2398 illum

579 2448 706 2488 vero
763 2441 1024 2487 aeternam
1058 2433 1151 2488 Dei
1185 2435 1426 2498 domum,
1450 2431 1741 2486 manifeste
1770 2432 1924 2487 nobis
1950 2444 2151 2502 pateat.

584 2524 752 2578 Divus
787 2533 965 2578 autem
1009 2522 1362 2593 philosophus
1416 2521 1618 2589 estqui
1673 2536 1768 2591 per
1807 2521 2041 2575 activam
2101 2527 2155 2575 et

579 2615 1053 2684 contemplativam
1117 2615 1280 2667 vitam
1336 2613 1648 2666 immediate
1701 2615 1886 2666 unitur
1942 2611 2071 2675 Deo,
2103 2622 2157 2667 et

583 2711 791 2762 amicus
821 2708 938 2774 ejus
971 2707 1029 2761 fit
1061 2715 1115 2761 et
1150 2708 1372 2769 dicitur,
1393 2706 1516 2774 quia
1547 2706 1776 2774 primam
1834 2707 2155 2761 creatriccm

582 2811 635 2853 et
663 2813 847 2852 veram
881 2799 1205 2869 sapientiam
1234 2810 1381 2855 amat
1426 2810 1481 2852 et
1510 2799 1686 2867 diligit
1734 2812 1897 2867 supra
1929 2812 2149 2852 omnem

584 2890 745 2944 aliam
774 2890 1069 2955 amicitiam
1094 2889 1527 2959 sapientiamque
1557 2899 1613 2944 et
1644 2888 1946 2943 scientiam.
1979 2887 2159 2943 Philo-

585 2981 740 3049 logas
769 2990 948 3034 autem
997 2992 1052 3035 et
1084 2993 1209 3034 vere
1238 2979 1599 3050 philosophus
1630 2980 1780 3049 (licet
1820 2992 1955 3032 vana
1984 2978 2157 3048 gloria

586 3071 943 3140 philosophia!
1004 3085 1200 3125 nomen
1259 3070 1624 3140 usurpaverit,
1683 3079 1744 3123 ut
1798 3072 1875 3123 ait
1930 3085 2160 3138 magnus

592 3162 937 3232 Gregorius),
971 3162 1058 3216 ille
1092 3166 1288 3231 estqui
1320 3164 1641 3232 sapientiam
1669 3166 1929 3216 harumce
1954 3176 2164 3217 ert-atu-
2191 3140 2236 3200 θ

591 3269 771 3309 rarum
792 3255 885 3309 Dei
904 3264 1050 3309 amat
1066 3263 1122 3310 et
1138 3265 1435 3319 scrutatur,
1464 3264 1523 3308 ut
1542 3255 1834 3317 novissime
1847 3256 2042 3308 dictum
2062 3265 2165 3319 est,

598 3350 690 3402 sed
722 3361 829 3402 non
865 3358 1084 3417 propter
1110 3347 1326 3403 laudem
1359 3360 1412 3403 et
1446 3349 1672 3418 gloriam
1698 3348 1997 3402 humanam
2033 3349 2170 3402 hanc

593 3440 994 3510 pltilOSOphiam
1023 3447 1332 3493 ostentator
1380 3448 1624 3505 exercet,
1658 3441 1729 3492 ita
1766 3450 1824 3493 ut
1860 3455 1966 3492 non
1999 3454 2167 3492 matc-

592 3525 706 3593 rite,
747 3528 840 3580 sed
891 3529 1176 3597 naturali.
1206 3529 1485 3596 sapientia:
1534 3526 1630 3582 Dei
1684 3529 1920 3581 studeat.
1976 3529 2166 3582 Scriba

594 3630 776 3673 autem
809 3621 999 3674 doetus
1033 3621 1086 3673 in
1118 3636 1285 3688 regno
1306 3621 1570 3676 caelorum
1626 3634 1710 3675 est
1736 3622 2046 3691 quicunque
2078 3637 2172 3688 per

597 3711 807 3779 praxim
842 3712 909 3764 ad
937 3710 1032 3765 Dei
1058 3712 1573 3780 contemplationem
1597 3713 1848 3767 ascendit
1868 3723 1920 3766 ct
1946 3716 1996 3766 in
2019 3718 2173 3782 quie-

599 3802 786 3858 tudine
819 3813 1183 3873 perseverat;
1219 3804 1311 3873 qui
1348 3805 1559 3873 profert
1598 3806 1663 3859 de
1698 3807 1954 3859 thesauro
1993 3805 2174 3859 cordis

597 3895 679 3947 sui
716 3898 856 3949 nova
880 3904 935 3948 et
977 3903 1192 3958 vetera,
1222 3895 1274 3949 id
1298 3906 1402 3961 est,
1424 3895 1736 3965 evangelica
1761 3905 1817 3951 et
1838 3898 2171 3966 prophetica,

597 4000 693 4041 seu
728 3984 860 4041 Novi
894 3995 948 4040 et
971 3985 1186 4042 Veteris
1211 3987 1499 4042 Testamen
1514 3992 1549 4042 ti
1579 3990 1815 4058 eloquia,
1843 4005 1937 4045 seu
1970 3992 2176 4045 doctri-

599 4081 742 4134 na'iia
776 4090 831 4133 et
874 4082 1138 4148 praetica,
1190 4096 1287 4135 seu
1342 4082 1533 4151 legalia
1583 4095 1637 4136 et
1693 4084 2013 4151 apostolica.
2052 4084 2176 4139 Haec

598 4173 743 4226 cuitu
772 4184 899 4227 sum
929 4188 1064 4227 nova
1102 4185 1158 4227 et
1186 4176 1415 4243 antiqua
1447 4176 1725 4253 tit)*steria,
1750 4190 1870 4245 qua:
1904 4178 2176 4246 practicus

603 4271 779 4325 scriba
833 4269 1062 4338 profert,
1128 4271 1325 4326 doetus
1377 4272 1429 4324 in
1487 4281 1633 4325 statu
1691 4273 1887 4327 divina:
1937 4274 2173 4343 pietatis.

610 4359 807 4414 Scriba
855 4360 984 4414 item
1042 4369 1123 4415 est
1155 4363 1332 4415 cunis
1364 4364 1637 4431 practicns
1687 4365 1777 4432 qui
1828 4366 2182 4433 corporaliter

2244 1893 2355 1947 τῶν
2393 1894 2821 1964 ἀσχηματίστων
2841 1910 2854 1924 ·
2883 1893 2959 1957 ὡς
2986 1893 3055 1946 δι’
3078 1894 3313 1960 ἐκείνου,
3355 1894 3566 1957 τοῦτον,
3610 1901 3711 1947 καὶ
3742 1896 3830 1948 διὰ

2246 1986 2437 2040 τούτου
2474 1987 2683 2042 ἐκεῖνον
2709 1987 3070 2058 ἐμφαίνεσθαι
3105 1988 3515 2059 πνευματικῶς,
3565 1990 3665 2040 καὶ⁵
3700 2006 3830 2059 τρε-

2246 2082 2354 2145 νῶς
2377 2083 2434 2135 ὲν
2454 2080 2708 2151 ἀλλήλοις
2742 2079 2970 2150 θάτερον
2991 2081 3050 2133 ἐν
3071 2079 3283 2152 θατέρῳ
3304 2081 3457 2151 όρᾷν,
3486 2082 3581 2133 καὶ
3608 2081 3831 2150 ἐμφανῆ

2249 2175 2425 2226 ποιεῖν
2454 2172 2533 2242 τῷ
2555 2173 2652 2240 τῆς
2682 2172 2943 2243 ἀληθείας
2973 2172 3118 2243 λόγῳ
3144 2189 3158 2204 ·
3210 2173 3310 2226 οὐκ
3359 2174 3757 2241 ἀναγωγικοῑς,
3800 2175 3829 2241 ἦ

2249 2264 2632 2336 ἁλληγορικοῖς
2669 2263 2849 2333 λόγοις
2887 2264 3145 2319 πλάττειν
3194 2265 3294 2335 τὴν
3332 2264 3492 2335 δίκην
3541 2265 3701 2336 ἡλίου
3738 2267 3832 2333 τῆς

2249 2357 2512 2427 ἀληθείας
2545 2357 2931 2427 ὲλλάμπουσαν
2977 2357 3202 2426 γνῶσιν,
3246 2356 3361 2410 ἀλλ’
3394 2358 3683 2429 ἐπιστήμῃ
3742 2360 3833 2410 καὶ

2250 2450 2480 2518 δυνάμει
2538 2451 2882 2520 πνευματικῇ
2917 2450 3042 2512 τοὺς
3079 2450 3176 2519 τῆς
3205 2448 3464 2518 ἀληθείας
3499 2450 3836 2520 ἀμφοτέρων

2251 2540 2466 2608 λόγους,
2499 2539 2889 2609 διατρανοῦντα
2914 2542 2984 2594 τά
3022 2541 3446 2594 ἀποδεικνύοντα
3473 2539 3705 2603 τούτους
3738 2543 3837 2610 ἐμ-

2254 2630 2668 2701 φαντικὼταταο
2722 2632 2797 2695 ὡς
2830 2633 2921 2684 τὸν
2974 2632 3074 2701 μὲν
3104 2631 3455 2700 παιδαγωγὸν
3470 2632 3646 2702 ,ἡμῶν
3674 2629 3836 2695 εἶναι,

2252 2721 2344 2774 τὸν
2359 2721 2438 2789 δὲ,
2468 2718 2616 2775 οἷκον
2656 2720 2875 2775 αἰώνιον
2907 2721 3070 2785 θεῖον,
3102 2721 3171 2774 δι’
3201 2723 3352 2792 ἡμᾶς
3388 2722 3688 2793 γενόμενον
3716 2724 3839 2793 ἀριο

2253 2815 2448 2886 δήλως.
2490 2815 2783 2886 Φιλόσοφος
2828 2816 2885 2869 δέ
2930 2817 3046 2869 ἐστι
3069 2816 3233 2881 θεῖος,
3284 2815 3314 2867 ὁ
3338 2815 3427 2870 διά
3462 2815 3721 2885 πράξεως
3747 2818 3839 2869 καὶ

2257 2911 2491 2979 θεωρίας
2521 2909 2739 2979 ἁμέσως
2772 2909 2994 2973 ἑνωθεὶς
3044 2909 3123 2979 τῷ
3153 2909 3293 2979 Θεῷ,
3338 2909 3435 2962 καὶ
3485 2909 3639 2979 φίλος
3692 2909 3841 2979 αὐτῷ

2257 3003 2568 3069 γενόμενος,
2597 3001 2690 3053 καὶ
2719 3002 3032 3071 λεγόμενος,
3057 3002 3133 3064 ὡς
3156 3001 3254 3072 τὴν
3282 3000 3532 3073 πρώτην,
3564 3004 3658 3056 καὶ
3681 3020 3840 3071 ποιη-

2258 3092 2437 3163 τικὴν,
2463 3093 2556 3144 καὶ
2591 3092 2852 3163 ἀληθινὴν
2885 3093 3078 3163 σοφίαν
3100 3094 3196 3146 καὶ
3219 3093 3474 3163 φιλήσας,
3494 3094 3590 3147 καὶ
3620 3093 3839 3164 ἀγαπή-

2261 3205 2360 3251 σας
2398 3188 2539 3258 ὑπὲρ
2578 3191 2761 3242 πᾶσαν
2787 3188 2955 3256 ἄλλην
2984 3188 3189 3256 φιλίαν,
3214 3190 3309 3242 καὶ
3338 3190 3533 3259 σοφίαν
3569 3189 3667 3243 καὶ
3700 3188 3843 3256 γνῶ-

2261 3298 2368 3335 σιν.
2406 3280 2691 3348 Φιλολόγος
2729 3280 2787 3335 δέ
2816 3283 2957 3342 ἐστι,
2988 3281 3082 3334 καὶ
3107 3281 3135 3334 ὁ
3169 3280 3373 3350 κυρίως
3396 3281 3686 3350 φιλόσοφος
3719 3282 3846 3351 (κᾶν

2262 3374 2296 3441 ή
2331 3372 2456 3437 δόξα
2486 3371 2546 3424 τὸ
2572 3371 2673 3442 τῆς
2709 3372 3026 3440 φιλοσοφίλς
3064 3371 3235 3442 ὄνομα
3265 3374 3733 3443 σφετερισαμένη,
3770 3372 3846 3435 ῶς

2266 3480 2431 3532 φησιν
2480 3466 2507 3518 6
2567 3464 2740 3533 μέγας
2791 3463 3113 3533 Γρηγόριος.
3163 3461 3433 3535 λέληθεν),
3473 3462 3627 3533 ότὴν
3655 3466 3849 3531 σοφίαν

2266 3556 2424 3626 τήνδε
2442 3555 2539 3626 τῆς
2558 3555 2944 3626 δημιουργίας,
2966 3554 3135 3624 φιλῶν
3160 3555 3255 3608 καὶ
3281 3553 3542 3624 ἐρευνῶν,
3566 3553 3665 3607 τοῦ
3686 3553 3849 3619 Θεοῦ,

2271 3648 2415 3702 κατὰ
2443 3648 2501 3701 τὸ
2534 3647 2758 3718 ἔσχατον
2788 3647 3082 3719 ἀπὴχημα,
3110 3646 3245 3700 ἀλλά
3286 3648 3363 3717 μὴ
3393 3646 3459 3699 δι’
3495 3644 3724 3700 ἔπαινον
3759 3648 3853 3701 καὶ

2268 3740 2425 3805 δόξαν
2447 3740 2798 3812 ἀιθρωπίνην
2825 3742 2925 3810 τὴν
2954 3740 3276 3809 φιλοσοφίαν
3297 3741 3499 3806 ταύτην
3523 3739 3710 3793 ἀσκῶν
3734 3742 3853 3793 ἑπι-

2269 3833 2581 3896 δεικτικῶς,
2612 3833 2700 3886 ἵνα
2744 3833 2819 3903 μὴ
2860 3831 3108 3902 φιλόῡλος
3160 3831 3246 3900 εἴη
3273 3872 3287 3898 ,
3320 3833 3414 3884 καὶ
3461 3833 3526 3884 οὐ
3560 3832 3854 3900 φιλόσοφος

2269 3927 2373 3997 τῆς
2406 3926 2792 3996 φυσιολογικῆς
2840 3925 2934 3979 τοῦ
2977 3923 3112 3978 Θεοῦ
3141 3925 3356 3993 σοφίας.
3392 3925 3767 3994 Γραμματεὶρς
3797 3924 3852 3975 δέ

2274 4020 2447 4085 ἐστιν,
2483 4020 2513 4073 6
2541 4019 2622 4082 εἰς
2675 4017 2773 4088 τὴν
2824 4016 3105 4088 βασιλείαν
3142 4016 3238 4070 τοῦ
3274 4015 3410 4069 Θεοῦ
3466 4015 3851 4085 μαθητευθεὶς,

2277 4112 2386 4174 πᾶς
2415 4113 2442 4163 ὁ
2486 4110 2576 4163 διὰ
2615 4108 2869 4178 πράξεως
2902 4110 2981 4167 εἰς
3008 4107 3108 4175 τὴν
3138 4106 3268 4177 περὶ
3296 4105 3434 4160 Θεοῦ
3460 4106 3698 4176 θεωρίαν
3730 4123 3855 4177 σχο-

2274 4201 2456 4266 λάζων
2486 4202 2582 4254 καὶ
2605 4204 2671 4272 τῇ
2703 4201 2899 4272 ἡσυχίᾳ
2930 4199 3359 4270 προσκαρτερῶν
3385 4216 3398 4228 ’
3430 4199 3487 4261 ὃς
3513 4198 3767 4251 ἐκϐάλλει
3794 4204 3856 4250 ἐκ

2275 4294 2372 4349 τοῦ
2411 4293 2690 4364 θησαυροῦ
2718 4293 2883 4346 αὐτοῦ
2908 4292 3007 4361 τῆς
3041 4291 3285 4360 καρδίας,
3310 4289 3476 4344 καινά
3505 4292 3598 4343 καὶ
3629 4289 3854 4343 παλαιά·

2278 4386 2558 4439 τουτέστιν
2617 4383 2950 4451 εὐαγγελικά
3007 4384 3101 4436 καὶ
3156 4381 3509 4453 προφητικά·
3570 4381 3615 4457 ἢς
3659 4383 3723 4433 ἐκ
3756 4384 3856 4450 τῆς

606 4451 778 4505 adlme
807 4450 963 4504 bonis
990 4451 1244 4520 operibus
1266 4463 1441 4506 vacat.
1471 4452 1736 4507 Praeterea
1758 4463 1944 4508 orator
1966 4456 2162 4512 divino:

2280 4477 2425 4540 Νέας
2445 4470 2551 4528 καὶ¹
2568 4475 2809 4537 ΙΙαλαιᾶς
2838 4474 3134 4544 Διαθήκηςο
3160 4450 3569 4544 ἣδιδασκαλικὰ
3591 4450 3686 4527 καὶ
3715 4489 3859 4543 πρα-

604 4554 709 4607 est,
754 4541 848 4612 qui
899 4546 1045 4604 circa
1095 4550 1344 4596 naturam
1398 4546 1794 4615 scientiamque
1829 4555 1884 4600 et
1939 4547 2181 4603 rationes

607 4651 782 4689 rerum
819 4643 1089 4696 versatus,
1122 4636 1300 4686 omnia
1350 4636 1714 4704 spiritualiter
1759 4638 2094 4693 demonstrat
2128 4647 2184 4694 et

611 4726 884 4783 sermonis
929 4726 1130 4780 virtute
1158 4724 1385 4778 dirimit.
1434 4726 1799 4793 PhilosOphus
1826 4730 2060 4799 denique
2084 4746 2183 4786 veo

610 4837 701 4873 rus
735 4832 839 4885 est,
867 4818 1454 4888 quisupernaturalem
1506 4821 1597 4873 Dei
1630 4822 1884 4876 unionem
1939 4825 2185 4892 gnostice

613 4920 663 4962 ct
706 4909 1019 4961 imtncdiate
1056 4909 1221 4962 habet
1247 4910 1300 4962 in
1342 4910 1544 4977 seipso.

2281 4569 2445 4625 κτικά
2472 4585 2485 4598 ·
2517 4567 2549 4637 ἢ
2583 4566 2779 4637 νομικά
2832 4568 2926 4619 καὶ
2988 4566 3342 4620 ἀποστολικά.
3407 4566 3591 4619 Ταῦτα
3650 4563 3760 4634 γὰρ
3790 4564 3857 4617 τὰ

2283 4660 2446 4715 καινὰ
2464 4660 2557 4713 καὶ
2576 4659 2779 4712 παλαιὰ
2799 4660 3097 4729 μυστήρια,
3131 4659 3275 4729 ἅπερ
3297 4661 3325 4711 ὁ
3353 4657 3655 4728 πρακτικὸς
3677 4673 3860 4727 γραμ-

2286 4751 2490 4820 ματεὺς
2537 4751 2814 4816 ἐκϐάλλει,
2876 4749 3239 4821 μαθητευθεὶς
3289 4750 3370 4810 είς
3404 4746 3502 4818 τὴν
3559 4744 3851 4813 θεάρεστσν

2277 4842 2581 4896 πολιτείαν.
2623 4844 2990 4913 Γραμματεὺς
3037 4842 3094 4895 δέ
3125 4843 3262 4905 ἐστι,
3312 4842 3420 4902 πᾶς
3456 4835 3782 4908 πρακτικὸς,
3823 4833 3853 4882 6

2285 4934 2611 5002 σωματικῶς
2664 4934 2743 4986 ἔτι
2778 4935 2912 4996 προς
2969 4933 3068 4995 τὰς
3118 4932 3345 5002 πράξεις
3375 4929 3848 5001 ὲνασχολούμενος.

624 5006 837 5074 Ῥήτωρ
862 5004 918 5058 δὲ
951 5002 1114 5071 θεῖος,
1148 5009 1176 5059 ὁ
1204 5008 1410 5075 φυσικᾶ
1425 5025 1475 5075 ς,
1504 5012 1531 5063 ὁ
1555 5023 1690 5079 προς
1728 5024 1827 5071 τας
1869 5009 2102 5078 γνώσεις
2139 5008 2234 5061 καὶ
2261 5010 2383 5070 τοὺς
2410 5006 2603 5077 λόγους
2644 5011 2752 5062 τῶν
2781 5012 2948 5063 ὅντων
2981 5012 3142 5081 μέσος
3172 5013 3365 5077 ἑστὼς,
3408 5020 3501 5065 και
3530 5014 3849 5066 ἀποδεικτι-

614 5104 703 5164 κὺς
736 5103 844 5154 τῶν
878 5105 1016 5159 ὅλων
1052 5107 1107 5158 ὲν
1159 5108 1429 5178 πνεύματι
1456 5111 1523 5180 τῇ
1558 5109 1867 5180 διαιρετικῇ
1906 5111 1999 5163 τοῦ
2039 5108 2201 5178 λόγου
2249 5106 2498 5177 δυνάμει.
2534 5108 2831 5182 Φιλόσοφος
2865 5110 2924 5166 δὲ
2966 5111 3023 5165 ἀ)
3039 5112 3195 5184 ηθὴς,
3229 5113 3256 5164 6
3312 5113 3411 5183 τὴν
3457 5110 3713 5180 ὑπερφυᾶ
3742 5109 3833 5162 τοῦ

609 5195 743 5250 Θεοῦ
775 5197 967 5253 ἕνωσιν
998 5201 1255 5266 γνωστῶς
1279 5202 1603 5271 minusue;
1634 5202 1772 5273 ἔχων
1802 5206 1857 5257 ἐν
1889 5204 1984 5257 ὲαυ
1998 5204 2086 5274 τῷ.

615 5323 619 5326 .
688 5274 813 5328 128.
849 5275 1151 5331 'l'entantes
1178 5280 1298 5334 sine
1329 5280 1523 5350 spiritu
1556 5285 1816 5347 scribere,
1852 5295 1903 5336 et
1937 5287 2101 5354 loqni,
2132 5295 2186 5341 et

613 5365 911 5420 Ecclesiam
968 5369 1261 5437 aedificare,
1310 5383 1437 5427 sunt
1470 5376 1761 5441 animales,
1797 5387 1853 5429 ut
1904 5377 1980 5430 ait
2031 5381 2184 5435 divus

609 5458 924 5530 Apostolus,
962 5460 1212 5529 spiritum
1253 5479 1356 5516 non
1393 5466 1673 5521 habentes.
1722 5467 1811 5521 Isti
1861 5471 2004 5521 enim
2059 5469 2185 5524 sobo

608 5552 733 5624 iecti
765 5562 893 5607 sunt
940 5552 1310 5609 maledictioni
1364 5558 1483 5626 ejus
1545 5560 1635 5621 qui
1668 5559 1802 5613 dicit
1835 5577 1848 5612 :
1882 5578 1901 5611 ι
1953 5560 2040 5616 Va:
2093 5564 2183 5630 qui

607 5648 879 5713 Sapientes
908 5655 1034 5700 sunt
1063 5648 1114 5698 in
1154 5648 1326 5701 oculis
1358 5650 1496 5713 suis,
1528 5659 1581 5703 et
1618 5666 1798 5704 coram
1825 5651 2017 5719 seipsis
2046 5670 2181 5722 prn-

609 5735 802 5790 denlcs
835 5736 901 5791 ¹⁶.
941 5755 958 5788 ι
996 5734 1128 5790 Nam
1163 5755 1189 5791 ει
1225 5740 1419 5809 scipsis
1451 5742 1773 5809 loquuntur,
1808 5756 1911 5796 nec
1942 5742 2177 5813 Spiritus

683 5828 729 5860 ³⁸
759 5828 865 5884 lsa.
899 5844 955 5897 ν,
982 5830 1071 5885 ει.

2364 5285 2502 5359 ρκη’.
2536 5287 2597 5339 Οἱ
2649 5291 2817 5359 χωρὶς
2867 5290 3186 5359 ῐίνεύματος
3222 5289 3521 5359 γράφοντές
3572 5308 3627 5341 τε
3653 5291 3743 5342 καὶ
3775 5288 3861 5341 λέ-

2294 5397 2498 5446 γοντες,
2532 5382 2625 5432 καὶ
2680 5382 2781 5450 τὴν
2832 5381 3161 5450 Ἐκκλησίαν
3185 5381 3485 5447 οἰκοδομεῖν
3528 5380 3857 5448 βουλόμενοι,

2290 5471 2713 5541 ψυχικοίιεὶσιν,
2769 5471 2843 5536 ὦς
2894 5471 2993 5524 πού
3055 5490 3220 5539 φησιν
3271 5473 3298 5523 ό
3330 5472 3467 5533 θεῖος
3518 5471 3857 5531 Ἀπόστο).ο;,

2294 5563 2514 5629 Πνεῦμα
2551 5564 2626 5633 μὴ
2680 5565 2914 5634 ἔχοντες.
2971 5564 3033 5613 (ll
3067 5564 3171 5632 γὰρ
3221 5561 3452 5614 τοιοῦτοι
3483 5562 3726 5614 ὑπόδικοί
3755 5564 3860 5612 εἱτι

2292 5659 2357 5725 τῇ
2381 5657 2488 5726 ἀρᾲ
2513 5659 2578 5724 τῇ
2610 5656 2844 5725 λεγούσῃ
2869 5672 2882 5686 ο
2916 5673 2934 5705 ι
2962 5656 3094 5707 Οὐαὶ
3117 5655 3167 5706 οἱ
3197 5653 3403 5705 συνετοὶ
3440 5653 3499 5703 ἐν
3523 5653 3732 5711 ἑαυτοῖς
3768 5653 3862 5702 καὶ

2293 5748 2523 5802 ἐνώπιον
2562 5746 2741 5801 αὐτῶν
2794 5747 3191 5814 ἐπιστήμονες·
3230 5742 3321 5811 ἀφ’
3360 5741 3571 5796 ἑαυτῶν
3607 5741 3715 5811 γὰρ
3766 5741 3861 5792 λασ
