  <div class='ocr_page' id='page_1' title='image "/cluster/home/n/w/nwhite01/storage/ocr_20150623/150/mdp.39015078384743/656.png"; bbox 0 0 4102 6344; ppageno 0'>
   <div class='ocr_carea' id='block_1_1' title="bbox 352 362 493 432">
    <p class='ocr_par' dir='ltr' id='par_1_1' title="bbox 352 362 493 432">
     <span class='ocr_line' id='line_1_1' title="bbox 352 362 493 432; baseline -0.035 0"><span class='ocrx_word' id='word_1_1' title='bbox 352 362 493 432; x_wconf 69' lang='grc'><strong>1227</strong></span> 
     </span>
    </p>
   </div>
   <div class='ocr_carea' id='block_1_2' title="bbox 1382 352 2552 445">
    <p class='ocr_par' dir='ltr' id='par_1_2' title="bbox 1382 352 2552 445">
     <span class='ocr_line' id='line_1_2' title="bbox 1382 352 2552 445; baseline -0.003 -27"><span class='ocrx_word' id='word_1_2' title='bbox 1382 358 1650 419; x_wconf 60' lang='lat' dir='ltr'><strong>exrnat</strong></span> <span class='ocrx_word' id='word_1_3' title='bbox 1700 358 1845 419; x_wconf 76' lang='lat' dir='ltr'><strong>rsn</strong></span> <span class='ocrx_word' id='word_1_4' title='bbox 1890 352 2552 445; x_wconf 68' lang='lat' dir='ltr'><strong>aenosrtcutnsn.</strong></span> 
     </span>
    </p>
   </div>
   <div class='ocr_carea' id='block_1_3' title="bbox 3467 346 3604 406">
    <p class='ocr_par' dir='ltr' id='par_1_3' title="bbox 3467 346 3604 406">
     <span class='ocr_line' id='line_1_3' title="bbox 3467 346 3604 406; baseline 0 -1"><span class='ocrx_word' id='word_1_5' title='bbox 3467 346 3604 406; x_wconf 64' lang='lat'><strong>19113</strong></span> 
     </span>
    </p>
   </div>
   <div class='ocr_carea' id='block_1_4' title="bbox 349 450 1928 559">
    <p class='ocr_par' dir='ltr' id='par_1_4' title="bbox 349 450 1918 559">
     <span class='ocr_line' id='line_1_4' title="bbox 349 450 1918 559; baseline -0.007 -19"><span class='ocrx_word' id='word_1_6' title='bbox 349 510 487 555; x_wconf 70' lang='grc' dir='ltr'>νίας,</span> <span class='ocrx_word' id='word_1_7' title='bbox 541 490 572 559; x_wconf 87' lang='grc' dir='ltr'><strong>ή</strong></span> <span class='ocrx_word' id='word_1_8' title='bbox 622 487 892 556; x_wconf 71' lang='grc' dir='ltr'>κουφότης</span> <span class='ocrx_word' id='word_1_9' title='bbox 914 500 931 516; x_wconf 78' lang='grc' dir='ltr'><strong><em>ο</em></strong></span> <span class='ocrx_word' id='word_1_10' title='bbox 962 486 1059 556; x_wconf 82' lang='grc' dir='ltr'>τῆς</span> <span class='ocrx_word' id='word_1_11' title='bbox 1088 482 1146 538; x_wconf 84' lang='grc' dir='ltr'><strong>δέ</strong></span> <span class='ocrx_word' id='word_1_12' title='bbox 1169 483 1476 555; x_wconf 82' lang='grc' dir='ltr'>προκοπῆς,</span> <span class='ocrx_word' id='word_1_13' title='bbox 1512 481 1539 533; x_wconf 90' lang='lat'><strong>6</strong></span> <span class='ocrx_word' id='word_1_14' title='bbox 1569 477 1759 549; x_wconf 88' lang='grc' dir='ltr'>φθόνος</span> <span class='ocrx_word' id='word_1_15' title='bbox 1785 493 1797 506; x_wconf 90' lang='grc'><strong>·</strong></span> <span class='ocrx_word' id='word_1_16' title='bbox 1821 476 1918 545; x_wconf 79' lang='grc' dir='ltr'>τῆς</span> 
     </span>
    </p>
   </div>
   <div class='ocr_carea' id='block_1_5' title="bbox 2027 450 3649 559">
    <p class='ocr_par' dir='ltr' id='par_1_5' title="bbox 2027 459 3649 541">
     <span class='ocr_line' id='line_1_5' title="bbox 2027 459 3649 541; baseline -0.014 -13"><span class='ocrx_word' id='word_1_17' title='bbox 2027 473 2147 538; x_wconf 70' lang='grc' dir='ltr'>ἀίει»,</span> <span class='ocrx_word' id='word_1_18' title='bbox 2199 473 2409 528; x_wconf 68' lang='grc' dir='ltr'>ἀωηιοη</span> <span class='ocrx_word' id='word_1_19' title='bbox 2450 463 2762 541; x_wconf 83' lang='lat' dir='ltr'><strong>progressui</strong></span> <span class='ocrx_word' id='word_1_20' title='bbox 2798 460 3093 517; x_wconf 71' lang='lat' dir='ltr'><strong>mniulans:</strong></span> <span class='ocrx_word' id='word_1_21' title='bbox 3133 461 3361 529; x_wconf 67' lang='lat' dir='ltr'><strong>pinnulis</strong></span> <span class='ocrx_word' id='word_1_22' title='bbox 3396 459 3601 513; x_wconf 77' lang='lat' dir='ltr'><strong>dereli.</strong></span> <span class='ocrx_word' id='word_1_23' title='bbox 3643 526 3649 532; x_wconf 23' lang='lat'><strong><em>~</em></strong></span> 
     </span>
    </p>
   </div>
   <div class='ocr_carea' id='block_1_6' title="bbox 348 567 1916 647">
    <p class='ocr_par' dir='ltr' id='par_1_6' title="bbox 348 567 1916 647">
     <span class='ocr_line' id='line_1_6' title="bbox 348 567 1916 647; baseline -0.008 -15"><span class='ocrx_word' id='word_1_24' title='bbox 429 598 504 632; x_wconf 86' lang='grc' dir='ltr'><strong>πα</strong></span> <span class='ocrx_word' id='word_1_25' title='bbox 532 579 784 647; x_wconf 72' lang='grc' dir='ltr'>δευτικῆς</span> <span class='ocrx_word' id='word_1_26' title='bbox 811 574 1286 647; x_wconf 75' lang='grc' dir='ltr'><strong>παραχωρήσεως,</strong></span> <span class='ocrx_word' id='word_1_27' title='bbox 1321 574 1355 642; x_wconf 86' lang='grc' dir='ltr'>ἡ</span> <span class='ocrx_word' id='word_1_28' title='bbox 1382 571 1699 641; x_wconf 83' lang='grc' dir='ltr'>ἐφάμαρτος</span> <span class='ocrx_word' id='word_1_29' title='bbox 1742 567 1916 639; x_wconf 83' lang='grc' dir='ltr'>βιοτή.</span> 
     </span>
    </p>
   </div>
   <div class='ocr_carea' id='block_1_7' title="bbox 348 661 1920 740">
    <p class='ocr_par' dir='ltr' id='par_1_7' title="bbox 348 661 1920 740">
     <span class='ocr_line' id='line_1_7' title="bbox 348 661 1920 740; baseline -0.006 -18"><span class='ocrx_word' id='word_1_30' title='bbox 348 671 456 723; x_wconf 65' lang='grc' dir='ltr'>Καὶ</span> <span class='ocrx_word' id='word_1_31' title='bbox 488 670 521 739; x_wconf 86' lang='grc' dir='ltr'><strong>ή</strong></span> <span class='ocrx_word' id='word_1_32' title='bbox 557 670 655 740; x_wconf 85' lang='grc' dir='ltr'>μὲν</span> <span class='ocrx_word' id='word_1_33' title='bbox 705 671 769 721; x_wconf 82' lang='grc' dir='ltr'><strong>ἐκ</strong></span> <span class='ocrx_word' id='word_1_34' title='bbox 798 666 1017 737; x_wconf 79' lang='grc' dir='ltr'>φθόνου,</span> <span class='ocrx_word' id='word_1_35' title='bbox 1074 664 1168 718; x_wconf 82' lang='grc' dir='ltr'><strong>καὶ</strong></span> <span class='ocrx_word' id='word_1_36' title='bbox 1194 664 1426 735; x_wconf 75' lang='grc' dir='ltr'><strong>οἰήσεως</strong></span> <span class='ocrx_word' id='word_1_37' title='bbox 1480 662 1668 732; x_wconf 90' lang='grc' dir='ltr'>μόνης,</span> <span class='ocrx_word' id='word_1_38' title='bbox 1697 661 1920 729; x_wconf 80' lang='grc' dir='ltr'>ταχεῖαν</span> 
     </span>
    </p>
   </div>
   <div class='ocr_carea' id='block_1_8' title="bbox 348 751 1922 832">
    <p class='ocr_par' dir='ltr' id='par_1_8' title="bbox 348 751 1922 832">
     <span class='ocr_line' id='line_1_8' title="bbox 348 751 1922 832; baseline -0.008 -18"><span class='ocrx_word' id='word_1_39' title='bbox 348 765 458 830; x_wconf 40' lang='grc' dir='ltr'>ἔχει</span> <span class='ocrx_word' id='word_1_40' title='bbox 485 763 581 832; x_wconf 80' lang='grc' dir='ltr'>τὴν</span> <span class='ocrx_word' id='word_1_41' title='bbox 612 761 775 818; x_wconf 79' lang='grc' dir='ltr'>ἴασιν.</span> <span class='ocrx_word' id='word_1_42' title='bbox 806 759 935 812; x_wconf 84' lang='grc' dir='ltr'>ὅταν</span> <span class='ocrx_word' id='word_1_43' title='bbox 964 757 1199 829; x_wconf 87' lang='grc' dir='ltr'>μάλιστα</span> <span class='ocrx_word' id='word_1_44' title='bbox 1224 757 1318 808; x_wconf 74' lang='grc' dir='ltr'><strong>καὶ</strong></span> <span class='ocrx_word' id='word_1_45' title='bbox 1342 752 1686 826; x_wconf 75' lang='grc' dir='ltr'>ταπεινωθῃ’</span> <span class='ocrx_word' id='word_1_46' title='bbox 1706 752 1740 821; x_wconf 87' lang='grc' dir='ltr'>ὴ</span> <span class='ocrx_word' id='word_1_47' title='bbox 1774 751 1829 805; x_wconf 80' lang='grc' dir='ltr'>δὲ</span> <span class='ocrx_word' id='word_1_48' title='bbox 1858 752 1922 802; x_wconf 89' lang='grc' dir='ltr'><strong>ἐκ</strong></span> 
     </span>
    </p>
   </div>
   <div class='ocr_carea' id='block_1_9' title="bbox 348 845 1922 921">
    <p class='ocr_par' dir='ltr' id='par_1_9' title="bbox 348 845 1922 921">
     <span class='ocr_line' id='line_1_9' title="bbox 348 845 1922 921; baseline -0.005 -18"><span class='ocrx_word' id='word_1_49' title='bbox 348 852 595 915; x_wconf 66' lang='grc' dir='ltr'>παιδείας</span> <span class='ocrx_word' id='word_1_50' title='bbox 622 852 691 904; x_wconf 86' lang='grc' dir='ltr'>δι’</span> <span class='ocrx_word' id='word_1_51' title='bbox 720 849 995 921; x_wconf 81' lang='grc' dir='ltr'>ἁμαρτίαν</span> <span class='ocrx_word' id='word_1_52' title='bbox 1029 848 1107 920; x_wconf 79' lang='grc' dir='ltr'>τῷ</span> <span class='ocrx_word' id='word_1_53' title='bbox 1137 849 1355 917; x_wconf 84' lang='grc' dir='ltr'>Σατανᾷ</span> <span class='ocrx_word' id='word_1_54' title='bbox 1398 847 1630 912; x_wconf 77' lang='grc' dir='ltr'>ἕκδοσις,</span> <span class='ocrx_word' id='word_1_55' title='bbox 1661 845 1922 906; x_wconf 81' lang='grc' dir='ltr'><strong>πολλάκις</strong></span> 
     </span>
    </p>
   </div>
   <div class='ocr_carea' id='block_1_10' title="bbox 350 932 1923 1013">
    <p class='ocr_par' dir='ltr' id='par_1_10' title="bbox 350 932 1923 1013">
     <span class='ocr_line' id='line_1_10' title="bbox 350 932 1923 1013; baseline -0.006 -19"><span class='ocrx_word' id='word_1_56' title='bbox 350 946 510 1013; x_wconf 69' lang='grc' dir='ltr'>μέχρι</span> <span class='ocrx_word' id='word_1_57' title='bbox 532 942 764 996; x_wconf 85' lang='grc' dir='ltr'>θανάτου</span> <span class='ocrx_word' id='word_1_58' title='bbox 801 940 937 1010; x_wconf 77' lang='grc' dir='ltr'>πρὸς</span> <span class='ocrx_word' id='word_1_59' title='bbox 967 940 1166 1009; x_wconf 77' lang='grc' dir='ltr'>ἄφεσιν</span> <span class='ocrx_word' id='word_1_60' title='bbox 1203 938 1232 991; x_wconf 98' lang='lat'><strong>6</strong></span> <span class='ocrx_word' id='word_1_61' title='bbox 1258 936 1394 1001; x_wconf 85' lang='grc' dir='ltr'>Θεὸς</span> <span class='ocrx_word' id='word_1_62' title='bbox 1445 936 1767 1006; x_wconf 84' lang='grc' dir='ltr'>παραχωρεῖ</span> <span class='ocrx_word' id='word_1_63' title='bbox 1790 932 1923 986; x_wconf 68' lang='lat'><strong>10.6-</strong></span> 
     </span>
    </p>
   </div>
   <div class='ocr_carea' id='block_1_11' title="bbox 346 1026 1922 1098">
    <p class='ocr_par' dir='ltr' id='par_1_11' title="bbox 346 1026 1922 1098">
     <span class='ocr_line' id='line_1_11' title="bbox 346 1026 1922 1098; baseline -0.003 -15"><span class='ocrx_word' id='word_1_64' title='bbox 346 1054 409 1098; x_wconf 71' lang='grc' dir='ltr'><strong>τη</strong></span> <span class='ocrx_word' id='word_1_65' title='bbox 430 1056 463 1088; x_wconf 76' lang='grc' dir='ltr'><strong>ι.</strong></span> <span class='ocrx_word' id='word_1_66' title='bbox 497 1034 653 1085; x_wconf 82' lang='grc' dir='ltr'>Ἐστι</span> <span class='ocrx_word' id='word_1_67' title='bbox 681 1031 726 1084; x_wconf 86' lang='grc' dir='ltr'>δ’</span> <span class='ocrx_word' id='word_1_68' title='bbox 756 1032 847 1085; x_wconf 83' lang='grc' dir='ltr'><strong>ὅτε</strong></span> <span class='ocrx_word' id='word_1_69' title='bbox 893 1029 990 1085; x_wconf 77' lang='grc' dir='ltr'>καὶ</span> <span class='ocrx_word' id='word_1_70' title='bbox 1033 1028 1366 1092; x_wconf 82' lang='grc' dir='ltr'><strong>ἀνευθύνους</strong></span> <span class='ocrx_word' id='word_1_71' title='bbox 1398 1026 1744 1092; x_wconf 79' lang='grc' dir='ltr'>κολάζεσθαι,</span> <span class='ocrx_word' id='word_1_72' title='bbox 1785 1026 1922 1094; x_wconf 68' lang='grc' dir='ltr'>πρὸς</span> 
     </span>
    </p>
   </div>
   <div class='ocr_carea' id='block_1_12' title="bbox 348 1113 1924 1191">
    <p class='ocr_par' dir='ltr' id='par_1_12' title="bbox 348 1113 1924 1191">
     <span class='ocr_line' id='line_1_12' title="bbox 348 1113 1924 1191; baseline -0.004 -18"><span class='ocrx_word' id='word_1_73' title='bbox 348 1122 621 1190; x_wconf 76' lang='grc' dir='ltr'><strong>σωτηρίαν</strong></span> <span class='ocrx_word' id='word_1_74' title='bbox 657 1119 929 1174; x_wconf 74' lang='grc' dir='ltr'>ἐκδίδωσι.</span> <span class='ocrx_word' id='word_1_75' title='bbox 971 1118 1093 1191; x_wconf 82' lang='grc' dir='ltr'><strong>Χρὴ</strong></span> <span class='ocrx_word' id='word_1_76' title='bbox 1123 1117 1179 1172; x_wconf 77' lang='grc' dir='ltr'>δὲ</span> <span class='ocrx_word' id='word_1_77' title='bbox 1211 1117 1433 1182; x_wconf 77' lang='grc' dir='ltr'>εἰδέναι,</span> <span class='ocrx_word' id='word_1_78' title='bbox 1470 1116 1555 1169; x_wconf 84' lang='grc' dir='ltr'>ὅτι</span> <span class='ocrx_word' id='word_1_79' title='bbox 1589 1117 1684 1170; x_wconf 77' lang='grc' dir='ltr'><strong>καὶ</strong></span> <span class='ocrx_word' id='word_1_80' title='bbox 1712 1113 1873 1178; x_wconf 75' lang='grc' dir='ltr'>αὐτὸς</span> <span class='ocrx_word' id='word_1_81' title='bbox 1894 1115 1924 1167; x_wconf 89' lang='lat'><strong>6</strong></span> 
     </span>
    </p>
   </div>
   <div class='ocr_carea' id='block_1_13' title="bbox 345 1206 1925 1282">
    <p class='ocr_par' dir='ltr' id='par_1_13' title="bbox 345 1206 1925 1282">
     <span class='ocr_line' id='line_1_13' title="bbox 345 1206 1925 1282; baseline -0.003 -18"><span class='ocrx_word' id='word_1_82' title='bbox 345 1215 444 1281; x_wconf 75' lang='grc' dir='ltr'>τῆς</span> <span class='ocrx_word' id='word_1_83' title='bbox 471 1214 700 1282; x_wconf 77' lang='grc' dir='ltr'><strong>οἰήσεως</strong></span> <span class='ocrx_word' id='word_1_84' title='bbox 722 1211 937 1282; x_wconf 87' lang='grc' dir='ltr'>δαίμων</span> <span class='ocrx_word' id='word_1_85' title='bbox 958 1209 1217 1281; x_wconf 82' lang='grc' dir='ltr'>προλέγει</span> <span class='ocrx_word' id='word_1_86' title='bbox 1243 1211 1303 1262; x_wconf 87' lang='grc' dir='ltr'><strong>ἐν</strong></span> <span class='ocrx_word' id='word_1_87' title='bbox 1339 1210 1453 1271; x_wconf 87' lang='grc' dir='ltr'>τοῖς</span> <span class='ocrx_word' id='word_1_88' title='bbox 1481 1207 1557 1279; x_wconf 81' lang='grc' dir='ltr'><strong>μή</strong></span> <span class='ocrx_word' id='word_1_89' title='bbox 1584 1206 1827 1278; x_wconf 83' lang='grc' dir='ltr'>ἀκριϐῶς</span> <span class='ocrx_word' id='word_1_90' title='bbox 1856 1207 1925 1278; x_wconf 76' lang='grc' dir='ltr'>τῇ</span> 
     </span>
    </p>
   </div>
   <div class='ocr_carea' id='block_1_14' title="bbox 349 1305 962 1375">
    <p class='ocr_par' dir='ltr' id='par_1_14' title="bbox 349 1305 962 1375">
     <span class='ocr_line' id='line_1_14' title="bbox 349 1305 962 1375; baseline -0.002 -16"><span class='ocrx_word' id='word_1_91' title='bbox 349 1307 543 1375; x_wconf 75' lang='grc' dir='ltr'>καρδίᾳ</span> <span class='ocrx_word' id='word_1_92' title='bbox 576 1305 962 1375; x_wconf 74' lang='grc' dir='ltr'>προσέχουσιν.</span> 
     </span>
    </p>
   </div>
   <div class='ocr_carea' id='block_1_15' title="bbox 421 1388 1925 1465">
    <p class='ocr_par' dir='ltr' id='par_1_15' title="bbox 421 1388 1925 1465">
     <span class='ocr_line' id='line_1_15' title="bbox 421 1388 1925 1465; baseline -0.007 -17"><span class='ocrx_word' id='word_1_93' title='bbox 421 1394 553 1464; x_wconf 86' lang='grc' dir='ltr'>ρλγ¹.</span> <span class='ocrx_word' id='word_1_94' title='bbox 589 1396 778 1465; x_wconf 86' lang='grc' dir='ltr'>Ἱερεῖς</span> <span class='ocrx_word' id='word_1_95' title='bbox 815 1394 910 1448; x_wconf 83' lang='grc' dir='ltr'>καὶ</span> <span class='ocrx_word' id='word_1_96' title='bbox 941 1392 1183 1463; x_wconf 75' lang='grc' dir='ltr'>βασιλεῖς</span> <span class='ocrx_word' id='word_1_97' title='bbox 1232 1393 1299 1461; x_wconf 76' lang='grc' dir='ltr'>τῇ</span> <span class='ocrx_word' id='word_1_98' title='bbox 1332 1389 1562 1462; x_wconf 73' lang='grc' dir='ltr'>ἀληθείᾳ</span> <span class='ocrx_word' id='word_1_99' title='bbox 1593 1388 1839 1459; x_wconf 82' lang='grc' dir='ltr'>χρίονται</span> <span class='ocrx_word' id='word_1_100' title='bbox 1867 1388 1925 1440; x_wconf 88' lang='grc' dir='ltr'><strong>ἐν</strong></span> 
     </span>
    </p>
   </div>
   <div class='ocr_carea' id='block_1_16' title="bbox 345 1477 1927 1557">
    <p class='ocr_par' dir='ltr' id='par_1_16' title="bbox 345 1477 1927 1557">
     <span class='ocr_line' id='line_1_16' title="bbox 345 1477 1927 1557; baseline -0.008 -17"><span class='ocrx_word' id='word_1_101' title='bbox 345 1493 411 1557; x_wconf 75' lang='grc' dir='ltr'>τῇ</span> <span class='ocrx_word' id='word_1_102' title='bbox 442 1486 783 1540; x_wconf 82' lang='grc' dir='ltr'>ἀνακαινίσει</span> <span class='ocrx_word' id='word_1_103' title='bbox 814 1485 1015 1547; x_wconf 86' lang='grc' dir='ltr'>πάντες</span> <span class='ocrx_word' id='word_1_104' title='bbox 1051 1483 1102 1537; x_wconf 79' lang='grc' dir='ltr'>οι</span> <span class='ocrx_word' id='word_1_105' title='bbox 1145 1482 1413 1546; x_wconf 84' lang='grc' dir='ltr'>εὐσεϐεῖς,</span> <span class='ocrx_word' id='word_1_106' title='bbox 1445 1480 1636 1549; x_wconf 84' lang='grc' dir='ltr'>ὥσπερ</span> <span class='ocrx_word' id='word_1_107' title='bbox 1664 1478 1805 1531; x_wconf 86' lang='grc' dir='ltr'><strong>κατά</strong></span> <span class='ocrx_word' id='word_1_108' title='bbox 1834 1477 1927 1529; x_wconf 83' lang='grc' dir='ltr'><strong>τὸν</strong></span> 
     </span>
    </p>
   </div>
   <div class='ocr_carea' id='block_1_17' title="bbox 348 1566 1929 1642">
    <p class='ocr_par' dir='ltr' id='par_1_17' title="bbox 348 1566 1929 1642">
     <span class='ocr_line' id='line_1_17' title="bbox 348 1566 1929 1642; baseline -0.008 -10"><span class='ocrx_word' id='word_1_109' title='bbox 348 1582 412 1632; x_wconf 71' lang='grc' dir='ltr'><strong>τύ</strong></span> <span class='ocrx_word' id='word_1_110' title='bbox 424 1598 522 1633; x_wconf 89' lang='grc' dir='ltr'><strong>πον</strong></span> <span class='ocrx_word' id='word_1_111' title='bbox 569 1580 690 1632; x_wconf 90' lang='grc' dir='ltr'>τότε</span> <span class='ocrx_word' id='word_1_112' title='bbox 724 1576 818 1630; x_wconf 73' lang='grc' dir='ltr'>καὶ</span> <span class='ocrx_word' id='word_1_113' title='bbox 846 1578 895 1631; x_wconf 70' lang='grc' dir='ltr'><strong>οἱ</strong></span> <span class='ocrx_word' id='word_1_114' title='bbox 921 1574 1167 1630; x_wconf 86' lang='grc' dir='ltr'>παλαιοί.</span> <span class='ocrx_word' id='word_1_115' title='bbox 1225 1573 1400 1626; x_wconf 83' lang='grc' dir='ltr'>Τύποι</span> <span class='ocrx_word' id='word_1_116' title='bbox 1428 1572 1537 1642; x_wconf 87' lang='grc' dir='ltr'>γὰρ</span> <span class='ocrx_word' id='word_1_117' title='bbox 1563 1566 1704 1641; x_wconf 79' lang='grc' dir='ltr'>ἦσαν</span> <span class='ocrx_word' id='word_1_118' title='bbox 1730 1570 1929 1622; x_wconf 84' lang='grc' dir='ltr'>ἐκεῖνοι</span> 
     </span>
    </p>
   </div>
   <div class='ocr_carea' id='block_1_18' title="bbox 348 1660 1930 1743">
    <p class='ocr_par' dir='ltr' id='par_1_18' title="bbox 348 1660 1930 1743">
     <span class='ocr_line' id='line_1_18' title="bbox 348 1660 1930 1743; baseline -0.008 -18"><span class='ocrx_word' id='word_1_119' title='bbox 348 1679 414 1743; x_wconf 76' lang='grc' dir='ltr'><strong>τῇ</strong></span> <span class='ocrx_word' id='word_1_120' title='bbox 451 1672 694 1742; x_wconf 67' lang='grc' dir='ltr'>ἡμετέρα</span> <span class='ocrx_word' id='word_1_121' title='bbox 720 1667 951 1739; x_wconf 70' lang='grc' dir='ltr'>ἀληθεία</span> <span class='ocrx_word' id='word_1_122' title='bbox 979 1684 993 1698; x_wconf 82' lang='lat'><strong><em>°</em></strong></span> <span class='ocrx_word' id='word_1_123' title='bbox 1027 1667 1127 1720; x_wconf 84' lang='grc' dir='ltr'><strong>οῦκ</strong></span> <span class='ocrx_word' id='word_1_124' title='bbox 1158 1668 1222 1720; x_wconf 88' lang='grc' dir='ltr'><strong>ἐκ</strong></span> <span class='ocrx_word' id='word_1_125' title='bbox 1253 1664 1473 1736; x_wconf 83' lang='grc' dir='ltr'>μέρους,</span> <span class='ocrx_word' id='word_1_126' title='bbox 1499 1660 1617 1716; x_wconf 85' lang='grc' dir='ltr'>ἀλλ’</span> <span class='ocrx_word' id='word_1_127' title='bbox 1639 1661 1748 1716; x_wconf 86' lang='grc' dir='ltr'>ὅλοι</span> <span class='ocrx_word' id='word_1_128' title='bbox 1773 1660 1930 1724; x_wconf 82' lang='grc' dir='ltr'>ὅλους</span> 
     </span>
    </p>
   </div>
   <div class='ocr_carea' id='block_1_19' title="bbox 350 1751 1929 1831">
    <p class='ocr_par' dir='ltr' id='par_1_19' title="bbox 350 1751 1929 1831">
     <span class='ocr_line' id='line_1_19' title="bbox 350 1751 1929 1831; baseline -0.008 -15"><span class='ocrx_word' id='word_1_129' title='bbox 350 1764 500 1831; x_wconf 70' lang='grc' dir='ltr'>ἡμᾶς</span> <span class='ocrx_word' id='word_1_130' title='bbox 554 1760 964 1830; x_wconf 83' lang='grc' dir='ltr'>ἐτεκμαίροντο.</span> <span class='ocrx_word' id='word_1_131' title='bbox 997 1755 1137 1811; x_wconf 75' lang='grc' dir='ltr'>Οῦτε</span> <span class='ocrx_word' id='word_1_132' title='bbox 1176 1757 1284 1826; x_wconf 83' lang='grc' dir='ltr'>γὰρ</span> <span class='ocrx_word' id='word_1_133' title='bbox 1316 1754 1435 1807; x_wconf 84' lang='grc' dir='ltr'>κατ’</span> <span class='ocrx_word' id='word_1_134' title='bbox 1473 1751 1718 1815; x_wconf 74' lang='grc' dir='ltr'>ἐκείνους</span> <span class='ocrx_word' id='word_1_135' title='bbox 1744 1751 1929 1821; x_wconf 84' lang='grc' dir='ltr'>ὁμοιό-</span> 
     </span>
    </p>
   </div>
   <div class='ocr_carea' id='block_1_20' title="bbox 2020 552 3603 632">
    <p class='ocr_par' dir='ltr' id='par_1_20' title="bbox 2020 552 3603 632">
     <span class='ocr_line' id='line_1_20' title="bbox 2020 552 3603 632; baseline -0.012 -11"><span class='ocrx_word' id='word_1_136' title='bbox 2020 563 2238 632; x_wconf 88' lang='lat' dir='ltr'><strong>ctionis,</strong></span> <span class='ocrx_word' id='word_1_137' title='bbox 2270 563 2381 619; x_wconf 89' lang='lat' dir='ltr'><strong>vita</strong></span> <span class='ocrx_word' id='word_1_138' title='bbox 2424 558 2822 630; x_wconf 84' lang='lat' dir='ltr'><strong>peceaminosa.</strong></span> <span class='ocrx_word' id='word_1_139' title='bbox 2858 553 2960 620; x_wconf 84' lang='lat' dir='ltr'><strong>Qui</strong></span> <span class='ocrx_word' id='word_1_140' title='bbox 3002 563 3145 606; x_wconf 89' lang='lat' dir='ltr'><strong>errat</strong></span> <span class='ocrx_word' id='word_1_141' title='bbox 3182 568 3251 607; x_wconf 76' lang='lat' dir='ltr'><strong>ex</strong></span> <span class='ocrx_word' id='word_1_142' title='bbox 3297 552 3502 607; x_wconf 81' lang='lat' dir='ltr'><strong>invidia</strong></span> <span class='ocrx_word' id='word_1_143' title='bbox 3549 560 3603 603; x_wconf 87' lang='lat' dir='ltr'><strong>et</strong></span> 
     </span>
    </p>
   </div>
   <div class='ocr_carea' id='block_1_21' title="bbox 2020 644 3602 726">
    <p class='ocr_par' dir='ltr' id='par_1_21' title="bbox 2020 644 3602 726">
     <span class='ocr_line' id='line_1_21' title="bbox 2020 644 3602 726; baseline -0.011 -14"><span class='ocrx_word' id='word_1_144' title='bbox 2020 658 2273 726; x_wconf 87' lang='lat' dir='ltr'><strong>superbia</strong></span> <span class='ocrx_word' id='word_1_145' title='bbox 2313 665 2546 719; x_wconf 90' lang='lat' dir='ltr'><strong>tantum,</strong></span> <span class='ocrx_word' id='word_1_146' title='bbox 2582 661 2831 722; x_wconf 87' lang='lat' dir='ltr'><strong>prompto</strong></span> <span class='ocrx_word' id='word_1_147' title='bbox 2903 655 3132 702; x_wconf 87' lang='lat' dir='ltr'><strong>sanatur</strong></span> <span class='ocrx_word' id='word_1_148' title='bbox 3164 644 3424 708; x_wconf 85' lang='lat' dir='ltr'><strong>remedio,</strong></span> <span class='ocrx_word' id='word_1_149' title='bbox 3463 656 3602 711; x_wconf 65' lang='grc' dir='ltr'>ρεπ-</span> 
     </span>
    </p>
   </div>
   <div class='ocr_carea' id='block_1_22' title="bbox 2018 736 3602 812">
    <p class='ocr_par' dir='ltr' id='par_1_22' title="bbox 2018 736 3602 812">
     <span class='ocr_line' id='line_1_22' title="bbox 2018 736 3602 812; baseline -0.011 -7"><span class='ocrx_word' id='word_1_150' title='bbox 2018 749 2207 805; x_wconf 88' lang='lat' dir='ltr'><strong>sertim</strong></span> <span class='ocrx_word' id='word_1_151' title='bbox 2246 748 2290 803; x_wconf 89' lang='lat' dir='ltr'><strong>si</strong></span> <span class='ocrx_word' id='word_1_152' title='bbox 2337 746 2655 800; x_wconf 85' lang='lat' dir='ltr'><strong>humilietur</strong></span> <span class='ocrx_word' id='word_1_153' title='bbox 2679 759 2694 810; x_wconf 86' lang='lat'><strong>;</strong></span> <span class='ocrx_word' id='word_1_154' title='bbox 2741 742 2833 812; x_wconf 86' lang='lat' dir='ltr'><strong>qui</strong></span> <span class='ocrx_word' id='word_1_155' title='bbox 2875 753 3003 795; x_wconf 90' lang='lat' dir='ltr'><strong>vero</strong></span> <span class='ocrx_word' id='word_1_156' title='bbox 3038 738 3092 791; x_wconf 92' lang='lat' dir='ltr'><strong>in</strong></span> <span class='ocrx_word' id='word_1_157' title='bbox 3136 749 3352 806; x_wconf 76' lang='lat' dir='ltr'><strong>pmnam</strong></span> <span class='ocrx_word' id='word_1_158' title='bbox 3394 736 3602 803; x_wconf 74' lang='lat' dir='ltr'><strong>peccati</strong></span> 
     </span>
    </p>
   </div>
   <div class='ocr_carea' id='block_1_23' title="bbox 2031 818 3602 904">
    <p class='ocr_par' dir='ltr' id='par_1_23' title="bbox 2031 818 3602 904">
     <span class='ocr_line' id='line_1_23' title="bbox 2031 818 3602 904; baseline -0.01 -9"><span class='ocrx_word' id='word_1_159' title='bbox 2031 841 2248 895; x_wconf 75' lang='lat' dir='ltr'><strong>Satana:</strong></span> <span class='ocrx_word' id='word_1_160' title='bbox 2277 839 2509 895; x_wconf 86' lang='lat' dir='ltr'><strong>traditus</strong></span> <span class='ocrx_word' id='word_1_161' title='bbox 2552 849 2655 901; x_wconf 87' lang='lat' dir='ltr'><strong>est,</strong></span> <span class='ocrx_word' id='word_1_162' title='bbox 2696 850 2837 904; x_wconf 60' lang='lat' dir='ltr'><strong>sa‘pe</strong></span> <span class='ocrx_word' id='word_1_163' title='bbox 2871 832 3022 887; x_wconf 91' lang='lat' dir='ltr'><strong>illum</strong></span> <span class='ocrx_word' id='word_1_164' title='bbox 3052 844 3224 898; x_wconf 87' lang='lat' dir='ltr'><strong>usque</strong></span> <span class='ocrx_word' id='word_1_165' title='bbox 3260 828 3328 882; x_wconf 90' lang='lat' dir='ltr'><strong>ad</strong></span> <span class='ocrx_word' id='word_1_166' title='bbox 3373 818 3602 881; x_wconf 79' lang='lat' dir='ltr'><strong>mortem</strong></span> 
     </span>
    </p>
   </div>
   <div class='ocr_carea' id='block_1_24' title="bbox 2020 921 3601 997">
    <p class='ocr_par' dir='ltr' id='par_1_24' title="bbox 2020 921 3601 997">
     <span class='ocr_line' id='line_1_24' title="bbox 2020 921 3601 997; baseline -0.011 -6"><span class='ocrx_word' id='word_1_167' title='bbox 2020 933 2222 991; x_wconf 85' lang='lat' dir='ltr'><strong>deserit</strong></span> <span class='ocrx_word' id='word_1_168' title='bbox 2281 932 2420 986; x_wconf 84' lang='lat' dir='ltr'><strong>Deus</strong></span> <span class='ocrx_word' id='word_1_169' title='bbox 2479 946 2543 984; x_wconf 88' lang='lat' dir='ltr'><strong>ac</strong></span> <span class='ocrx_word' id='word_1_170' title='bbox 2573 928 2924 997; x_wconf 84' lang='lat' dir='ltr'><strong>derclinquit.</strong></span> <span class='ocrx_word' id='word_1_171' title='bbox 2961 925 3265 995; x_wconf 80' lang='lat' dir='ltr'><strong>Aliquando</strong></span> <span class='ocrx_word' id='word_1_172' title='bbox 3301 932 3483 997; x_wconf 86' lang='lat' dir='ltr'><strong>tamen</strong></span> <span class='ocrx_word' id='word_1_173' title='bbox 3517 921 3601 974; x_wconf 85' lang='lat' dir='ltr'><strong>vel</strong></span> 
     </span>
    </p>
   </div>
   <div class='ocr_carea' id='block_1_25' title="bbox 2018 1016 3605 1098">
    <p class='ocr_par' dir='ltr' id='par_1_25' title="bbox 2018 1016 3605 1098">
     <span class='ocr_line' id='line_1_25' title="bbox 2018 1016 3605 1098; baseline -0.006 -20"><span class='ocrx_word' id='word_1_174' title='bbox 2018 1027 2193 1098; x_wconf 80' lang='lat' dir='ltr'><strong>justos</strong></span> <span class='ocrx_word' id='word_1_175' title='bbox 2225 1041 2395 1097; x_wconf 72' lang='lat' dir='ltr'><strong>preme</strong></span> <span class='ocrx_word' id='word_1_176' title='bbox 2453 1022 2620 1077; x_wconf 85' lang='lat' dir='ltr'><strong>tradit</strong></span> <span class='ocrx_word' id='word_1_177' title='bbox 2648 1021 2717 1076; x_wconf 89' lang='lat' dir='ltr'><strong>ad</strong></span> <span class='ocrx_word' id='word_1_178' title='bbox 2751 1019 3002 1075; x_wconf 89' lang='lat' dir='ltr'><strong>salutem.</strong></span> <span class='ocrx_word' id='word_1_179' title='bbox 3035 1016 3332 1073; x_wconf 85' lang='lat' dir='ltr'><strong>Sciendum</strong></span> <span class='ocrx_word' id='word_1_180' title='bbox 3361 1026 3493 1071; x_wconf 79' lang='lat' dir='ltr'><strong>vero</strong></span> <span class='ocrx_word' id='word_1_181' title='bbox 3518 1022 3605 1070; x_wconf 87' lang='lat' dir='ltr'><strong>est</strong></span> 
     </span>
    </p>
   </div>
   <div class='ocr_carea' id='block_1_26' title="bbox 2025 1108 3602 1187">
    <p class='ocr_par' dir='ltr' id='par_1_26' title="bbox 2025 1108 3602 1187">
     <span class='ocr_line' id='line_1_26' title="bbox 2025 1108 3602 1187; baseline -0.01 -13"><span class='ocrx_word' id='word_1_182' title='bbox 2025 1120 2093 1174; x_wconf 89' lang='lat' dir='ltr'><strong>ab</strong></span> <span class='ocrx_word' id='word_1_183' title='bbox 2115 1119 2231 1187; x_wconf 90' lang='lat' dir='ltr'><strong>ipso</strong></span> <span class='ocrx_word' id='word_1_184' title='bbox 2256 1115 2521 1185; x_wconf 74' lang='lat' dir='ltr'><strong>superth</strong></span> <span class='ocrx_word' id='word_1_185' title='bbox 2543 1113 2812 1169; x_wconf 66' lang='lat' dir='ltr'><strong>daemonio</strong></span> <span class='ocrx_word' id='word_1_186' title='bbox 2852 1108 3219 1181; x_wconf 69' lang='lat' dir='ltr'><strong>prmoccupari</strong></span> <span class='ocrx_word' id='word_1_187' title='bbox 3250 1121 3345 1164; x_wconf 89' lang='lat' dir='ltr'><strong>eos</strong></span> <span class='ocrx_word' id='word_1_188' title='bbox 3369 1108 3462 1179; x_wconf 87' lang='lat' dir='ltr'><strong>qui</strong></span> <span class='ocrx_word' id='word_1_189' title='bbox 3494 1120 3602 1160; x_wconf 90' lang='lat' dir='ltr'><strong>non</strong></span> 
     </span>
    </p>
   </div>
   <div class='ocr_carea' id='block_1_27' title="bbox 2026 1204 2999 1280">
    <p class='ocr_par' dir='ltr' id='par_1_27' title="bbox 2026 1204 2999 1280">
     <span class='ocr_line' id='line_1_27' title="bbox 2026 1204 2999 1280; baseline -0.01 -13"><span class='ocrx_word' id='word_1_190' title='bbox 2026 1210 2314 1280; x_wconf 70' lang='lat' dir='ltr'><strong>diligenter</strong></span> <span class='ocrx_word' id='word_1_191' title='bbox 2344 1207 2492 1264; x_wconf 88' lang='lat' dir='ltr'><strong>cordi</strong></span> <span class='ocrx_word' id='word_1_192' title='bbox 2544 1220 2644 1261; x_wconf 83' lang='lat' dir='ltr'><strong>suo</strong></span> <span class='ocrx_word' id='word_1_193' title='bbox 2687 1204 2999 1275; x_wconf 72' lang='lat' dir='ltr'><strong>invigilant.</strong></span> 
     </span>
    </p>
   </div>
   <div class='ocr_carea' id='block_1_28' title="bbox 2102 1387 3604 1461">
    <p class='ocr_par' dir='ltr' id='par_1_28' title="bbox 2102 1387 3604 1461">
     <span class='ocr_line' id='line_1_28' title="bbox 2102 1387 3604 1461; baseline -0.005 -11"><span class='ocrx_word' id='word_1_194' title='bbox 2102 1394 2223 1450; x_wconf 74' lang='lat'><strong>1&#39;55.</strong></span> <span class='ocrx_word' id='word_1_195' title='bbox 2247 1391 2573 1449; x_wconf 78' lang='lat' dir='ltr'><strong>Sacerdotes</strong></span> <span class='ocrx_word' id='word_1_196' title='bbox 2597 1401 2651 1445; x_wconf 89' lang='lat' dir='ltr'><strong>et</strong></span> <span class='ocrx_word' id='word_1_197' title='bbox 2676 1405 2830 1461; x_wconf 83' lang='lat' dir='ltr'><strong>reges</strong></span> <span class='ocrx_word' id='word_1_198' title='bbox 2856 1390 3031 1458; x_wconf 89' lang='lat' dir='ltr'><strong>reipsa</strong></span> <span class='ocrx_word' id='word_1_199' title='bbox 3056 1399 3338 1460; x_wconf 80' lang='lat' dir='ltr'><strong>unguntur</strong></span> <span class='ocrx_word' id='word_1_200' title='bbox 3362 1387 3414 1443; x_wconf 92' lang='lat' dir='ltr'><strong>in</strong></span> <span class='ocrx_word' id='word_1_201' title='bbox 3442 1402 3604 1443; x_wconf 87' lang='lat' dir='ltr'><strong>reno-</strong></span> 
     </span>
    </p>
   </div>
   <div class='ocr_carea' id='block_1_29' title="bbox 2029 1481 3602 1553">
    <p class='ocr_par' dir='ltr' id='par_1_29' title="bbox 2029 1481 3602 1553">
     <span class='ocr_line' id='line_1_29' title="bbox 2029 1481 3602 1553; baseline -0.006 -9"><span class='ocrx_word' id='word_1_202' title='bbox 2029 1489 2242 1544; x_wconf 72' lang='lat' dir='ltr'><strong>Vatione</strong></span> <span class='ocrx_word' id='word_1_203' title='bbox 2270 1499 2462 1541; x_wconf 90' lang='lat' dir='ltr'><strong>omnes</strong></span> <span class='ocrx_word' id='word_1_204' title='bbox 2504 1485 2602 1553; x_wconf 87' lang='lat' dir='ltr'><strong>pii,</strong></span> <span class='ocrx_word' id='word_1_205' title='bbox 2633 1485 2772 1538; x_wconf 89' lang='lat' dir='ltr'><strong>sicut</strong></span> <span class='ocrx_word' id='word_1_206' title='bbox 2814 1482 2943 1537; x_wconf 88' lang='lat' dir='ltr'><strong>olim</strong></span> <span class='ocrx_word' id='word_1_207' title='bbox 2991 1482 3221 1553; x_wconf 72' lang='lat' dir='ltr'><strong>figurate</strong></span> <span class='ocrx_word' id='word_1_208' title='bbox 3258 1481 3602 1551; x_wconf 81' lang='lat' dir='ltr'><strong>angebantur</strong></span> 
     </span>
    </p>
   </div>
   <div class='ocr_carea' id='block_1_30' title="bbox 2032 1571 3602 1646">
    <p class='ocr_par' dir='ltr' id='par_1_30' title="bbox 2032 1571 3602 1646">
     <span class='ocr_line' id='line_1_30' title="bbox 2032 1571 3602 1646; baseline -0.005 -15"><span class='ocrx_word' id='word_1_209' title='bbox 2032 1589 2262 1635; x_wconf 81' lang='lat' dir='ltr'><strong>veteres.</strong></span> <span class='ocrx_word' id='word_1_210' title='bbox 2286 1576 2362 1632; x_wconf 89' lang='lat' dir='ltr'><strong>lbi</strong></span> <span class='ocrx_word' id='word_1_211' title='bbox 2385 1574 2530 1631; x_wconf 89' lang='lat' dir='ltr'><strong>enim</strong></span> <span class='ocrx_word' id='word_1_212' title='bbox 2562 1574 2982 1646; x_wconf 71' lang='lat' dir='ltr'><strong>przeligurabant</strong></span> <span class='ocrx_word' id='word_1_213' title='bbox 3019 1580 3263 1626; x_wconf 88' lang='lat' dir='ltr'><strong>nostram</strong></span> <span class='ocrx_word' id='word_1_214' title='bbox 3291 1571 3602 1637; x_wconf 82' lang='lat' dir='ltr'><strong>veritatem,</strong></span> 
     </span>
    </p>
   </div>
   <div class='ocr_carea' id='block_1_31' title="bbox 2029 1662 3604 1736">
    <p class='ocr_par' dir='ltr' id='par_1_31' title="bbox 2029 1662 3604 1736">
     <span class='ocr_line' id='line_1_31' title="bbox 2029 1662 3604 1736; baseline -0.004 -13"><span class='ocrx_word' id='word_1_215' title='bbox 2029 1679 2083 1723; x_wconf 89' lang='lat' dir='ltr'><strong>et</strong></span> <span class='ocrx_word' id='word_1_216' title='bbox 2114 1682 2221 1722; x_wconf 92' lang='lat' dir='ltr'><strong>non</strong></span> <span class='ocrx_word' id='word_1_217' title='bbox 2254 1680 2319 1722; x_wconf 82' lang='lat' dir='ltr'><strong>ex</strong></span> <span class='ocrx_word' id='word_1_218' title='bbox 2346 1673 2521 1736; x_wconf 89' lang='lat' dir='ltr'><strong>parte,</strong></span> <span class='ocrx_word' id='word_1_219' title='bbox 2554 1663 2647 1720; x_wconf 86' lang='lat' dir='ltr'><strong>sed</strong></span> <span class='ocrx_word' id='word_1_220' title='bbox 2675 1673 2826 1718; x_wconf 88' lang='lat' dir='ltr'><strong>totos</strong></span> <span class='ocrx_word' id='word_1_221' title='bbox 2851 1663 2944 1716; x_wconf 86' lang='lat' dir='ltr'><strong>toti</strong></span> <span class='ocrx_word' id='word_1_222' title='bbox 2972 1675 3071 1715; x_wconf 87' lang='lat' dir='ltr'><strong>nos</strong></span> <span class='ocrx_word' id='word_1_223' title='bbox 3092 1662 3604 1733; x_wconf 71' lang='lat' dir='ltr'><strong>przeutonstrabant.</strong></span> 
     </span>
    </p>
   </div>
   <div class='ocr_carea' id='block_1_32' title="bbox 2031 1753 3603 1830">
    <p class='ocr_par' dir='ltr' id='par_1_32' title="bbox 2031 1753 3603 1830">
     <span class='ocr_line' id='line_1_32' title="bbox 2031 1753 3603 1830; baseline -0.004 -17"><span class='ocrx_word' id='word_1_224' title='bbox 2031 1760 2216 1830; x_wconf 75' lang='lat' dir='ltr'><strong>Neque</strong></span> <span class='ocrx_word' id='word_1_225' title='bbox 2245 1760 2390 1814; x_wconf 90' lang='lat' dir='ltr'><strong>enim</strong></span> <span class='ocrx_word' id='word_1_226' title='bbox 2426 1756 2844 1830; x_wconf 77' lang='lat' dir='ltr'><strong>congruentiam</strong></span> <span class='ocrx_word' id='word_1_227' title='bbox 2877 1763 3085 1809; x_wconf 88' lang='lat' dir='ltr'><strong>tantum</strong></span> <span class='ocrx_word' id='word_1_228' title='bbox 3113 1762 3166 1808; x_wconf 92' lang='lat' dir='ltr'><strong>et</strong></span> <span class='ocrx_word' id='word_1_229' title='bbox 3193 1753 3603 1809; x_wconf 78' lang='lat' dir='ltr'><strong>similitudinem</strong></span> 
     </span>
    </p>
   </div>
   <div class='ocr_carea' id='block_1_33' title="bbox 274 1823 1928 1925">
    <p class='ocr_par' dir='ltr' id='par_1_33' title="bbox 274 1823 1928 1925">
     <span class='ocr_line' id='line_1_33' title="bbox 274 1823 1928 1925; baseline -0.008 -16"><span class='ocrx_word' id='word_1_230' title='bbox 274 1836 277 1839; x_wconf 21' lang='grc' dir='ltr'><strong>Ι</strong></span> <span class='ocrx_word' id='word_1_231' title='bbox 577 1823 960 1922; x_wconf 36' lang='grc' dir='ltr'>καὶ-ὁμοειδὴς</span> <span class='ocrx_word' id='word_1_232' title='bbox 988 1850 1021 1920; x_wconf 82' lang='grc' dir='ltr'><strong>ὴ</strong></span> <span class='ocrx_word' id='word_1_233' title='bbox 1050 1823 1302 1919; x_wconf 84' lang='grc' dir='ltr'>ήμετέρα</span> <span class='ocrx_word' id='word_1_234' title='bbox 1341 1845 1612 1918; x_wconf 86' lang='grc' dir='ltr'>βασιλεία,</span> <span class='ocrx_word' id='word_1_235' title='bbox 1650 1844 1744 1898; x_wconf 82' lang='grc' dir='ltr'>καὶ</span> <span class='ocrx_word' id='word_1_236' title='bbox 1781 1844 1928 1915; x_wconf 88' lang='grc' dir='ltr'>ίερα-</span> 
     </span>
    </p>
   </div>
   <div class='ocr_carea' id='block_1_34' title="bbox 2027 1823 3600 1925">
    <p class='ocr_par' dir='ltr' id='par_1_34' title="bbox 2027 1828 3600 1916">
     <span class='ocr_line' id='line_1_34' title="bbox 2027 1828 3600 1916; baseline -0.005 -9"><span class='ocrx_word' id='word_1_237' title='bbox 2027 1866 2149 1907; x_wconf 86' lang='lat' dir='ltr'><strong>cum</strong></span> <span class='ocrx_word' id='word_1_238' title='bbox 2198 1850 2282 1906; x_wconf 89' lang='lat' dir='ltr'><strong>eis</strong></span> <span class='ocrx_word' id='word_1_239' title='bbox 2327 1848 2531 1904; x_wconf 83' lang='lat' dir='ltr'><strong>habent</strong></span> <span class='ocrx_word' id='word_1_240' title='bbox 2560 1828 2808 1902; x_wconf 87' lang='lat' dir='ltr'><strong>nostrum</strong></span> <span class='ocrx_word' id='word_1_241' title='bbox 2856 1861 3079 1916; x_wconf 78' lang='lat' dir='ltr'><strong>regnum</strong></span> <span class='ocrx_word' id='word_1_242' title='bbox 3126 1854 3181 1900; x_wconf 88' lang='lat' dir='ltr'><strong>et</strong></span> <span class='ocrx_word' id='word_1_243' title='bbox 3215 1845 3600 1907; x_wconf 81' lang='lat' dir='ltr'><strong>sacerdotium,</strong></span> 
     </span>
    </p>
   </div>
   <div class='ocr_carea' id='block_1_35' title="bbox 348 1933 1933 2013">
    <p class='ocr_par' dir='ltr' id='par_1_35' title="bbox 348 1933 1933 2013">
     <span class='ocr_line' id='line_1_35' title="bbox 348 1933 1933 2013; baseline -0.009 -13"><span class='ocrx_word' id='word_1_244' title='bbox 348 1950 493 2008; x_wconf 78' lang='grc' dir='ltr'>τεία,</span> <span class='ocrx_word' id='word_1_245' title='bbox 523 1945 628 2000; x_wconf 81' lang='grc' dir='ltr'><strong>κάν</strong></span> <span class='ocrx_word' id='word_1_246' title='bbox 653 1942 901 2013; x_wconf 90' lang='grc' dir='ltr'>σύμϐολα</span> <span class='ocrx_word' id='word_1_247' title='bbox 927 1941 998 1995; x_wconf 85' lang='grc' dir='ltr'>τὰ</span> <span class='ocrx_word' id='word_1_248' title='bbox 1031 1940 1170 1993; x_wconf 78' lang='grc' dir='ltr'>αὑτά</span> <span class='ocrx_word' id='word_1_249' title='bbox 1195 1954 1210 1968; x_wconf 75' lang='grc' dir='ltr'><strong>ο</strong></span> <span class='ocrx_word' id='word_1_250' title='bbox 1251 1935 1376 1990; x_wconf 77' lang='grc' dir='ltr'>οὔτε</span> <span class='ocrx_word' id='word_1_251' title='bbox 1410 1935 1535 1990; x_wconf 80' lang='grc' dir='ltr'>καθ’</span> <span class='ocrx_word' id='word_1_252' title='bbox 1579 1934 1727 2006; x_wconf 77' lang='grc' dir='ltr'>ἡμᾶς</span> <span class='ocrx_word' id='word_1_253' title='bbox 1763 1933 1933 2003; x_wconf 83' lang='grc' dir='ltr'>διορι-</span> 
     </span>
    </p>
   </div>
   <div class='ocr_carea' id='block_1_36' title="bbox 352 2023 1932 2107">
    <p class='ocr_par' dir='ltr' id='par_1_36' title="bbox 352 2023 1932 2107">
     <span class='ocr_line' id='line_1_36' title="bbox 352 2023 1932 2107; baseline -0.01 -15"><span class='ocrx_word' id='word_1_254' title='bbox 352 2057 384 2092; x_wconf 92' lang='grc' dir='ltr'><strong>σ</strong></span> <span class='ocrx_word' id='word_1_255' title='bbox 404 2039 489 2092; x_wconf 59' lang='grc' dir='ltr'><strong>μὴν</strong></span> <span class='ocrx_word' id='word_1_256' title='bbox 516 2037 629 2107; x_wconf 75' lang='grc' dir='ltr'>ἔχει</span> <span class='ocrx_word' id='word_1_257' title='bbox 661 2037 693 2106; x_wconf 90' lang='grc' dir='ltr'><strong>ή</strong></span> <span class='ocrx_word' id='word_1_258' title='bbox 729 2034 914 2102; x_wconf 87' lang='grc' dir='ltr'>φύσις,</span> <span class='ocrx_word' id='word_1_259' title='bbox 936 2031 969 2100; x_wconf 81' lang='grc' dir='ltr'>ἢ</span> <span class='ocrx_word' id='word_1_260' title='bbox 993 2033 1026 2102; x_wconf 88' lang='grc' dir='ltr'><strong>ή</strong></span> <span class='ocrx_word' id='word_1_261' title='bbox 1063 2031 1243 2102; x_wconf 90' lang='grc' dir='ltr'>χάρις,</span> <span class='ocrx_word' id='word_1_262' title='bbox 1266 2029 1360 2082; x_wconf 79' lang='grc' dir='ltr'>καὶ</span> <span class='ocrx_word' id='word_1_263' title='bbox 1393 2028 1427 2099; x_wconf 77' lang='grc' dir='ltr'><strong>ἡ</strong></span> <span class='ocrx_word' id='word_1_264' title='bbox 1455 2026 1647 2098; x_wconf 80' lang='grc' dir='ltr'>κλῆσις</span> <span class='ocrx_word' id='word_1_265' title='bbox 1675 2024 1810 2095; x_wconf 79' lang='grc' dir='ltr'>πρὸς</span> <span class='ocrx_word' id='word_1_266' title='bbox 1831 2023 1932 2094; x_wconf 76' lang='grc' dir='ltr'><strong>τήν</strong></span> 
     </span>
    </p>
   </div>
   <div class='ocr_carea' id='block_1_37' title="bbox 349 2114 1932 2198">
    <p class='ocr_par' dir='ltr' id='par_1_37' title="bbox 349 2114 1932 2198">
     <span class='ocr_line' id='line_1_37' title="bbox 349 2114 1932 2198; baseline -0.008 -18"><span class='ocrx_word' id='word_1_267' title='bbox 349 2130 551 2198; x_wconf 80' lang='grc' dir='ltr'>χρίσιν,</span> <span class='ocrx_word' id='word_1_268' title='bbox 574 2127 667 2180; x_wconf 88' lang='grc' dir='ltr'><strong>τοῦ</strong></span> <span class='ocrx_word' id='word_1_269' title='bbox 700 2122 840 2179; x_wconf 73' lang='grc' dir='ltr'>εἶναι</span> <span class='ocrx_word' id='word_1_270' title='bbox 872 2125 940 2176; x_wconf 69' lang='grc' dir='ltr'>τὰ</span> <span class='ocrx_word' id='word_1_271' title='bbox 970 2121 1269 2192; x_wconf 72' lang='grc' dir='ltr'>χρισθέντα</span> <span class='ocrx_word' id='word_1_272' title='bbox 1315 2118 1549 2190; x_wconf 83' lang='grc' dir='ltr'>διάφορα</span> <span class='ocrx_word' id='word_1_273' title='bbox 1571 2133 1584 2147; x_wconf 74' lang='grc'><strong>⁸</strong></span> <span class='ocrx_word' id='word_1_274' title='bbox 1619 2115 1757 2170; x_wconf 87' lang='grc' dir='ltr'><strong>ἀλλά</strong></span> <span class='ocrx_word' id='word_1_275' title='bbox 1803 2114 1932 2187; x_wconf 85' lang='grc' dir='ltr'>μίαν</span> 
     </span>
    </p>
   </div>
   <div class='ocr_carea' id='block_1_38' title="bbox 350 2205 1933 2289">
    <p class='ocr_par' dir='ltr' id='par_1_38' title="bbox 350 2205 1933 2289">
     <span class='ocr_line' id='line_1_38' title="bbox 350 2205 1933 2289; baseline -0.009 -17"><span class='ocrx_word' id='word_1_276' title='bbox 350 2221 447 2273; x_wconf 62' lang='lat' dir='ltr'><strong>x11</strong></span> <span class='ocrx_word' id='word_1_277' title='bbox 471 2218 569 2289; x_wconf 78' lang='grc' dir='ltr'>τὴν</span> <span class='ocrx_word' id='word_1_278' title='bbox 592 2215 761 2285; x_wconf 78' lang='grc' dir='ltr'>αὐτὴν</span> <span class='ocrx_word' id='word_1_279' title='bbox 786 2213 1002 2283; x_wconf 74' lang='grc' dir='ltr'>κλῆσιν,</span> <span class='ocrx_word' id='word_1_280' title='bbox 1038 2212 1133 2265; x_wconf 81' lang='grc' dir='ltr'><strong>καὶ</strong></span> <span class='ocrx_word' id='word_1_281' title='bbox 1156 2211 1361 2269; x_wconf 81' lang='grc' dir='ltr'>πίστιν,</span> <span class='ocrx_word' id='word_1_282' title='bbox 1390 2210 1484 2262; x_wconf 77' lang='grc' dir='ltr'>καὶ</span> <span class='ocrx_word' id='word_1_283' title='bbox 1511 2205 1933 2285; x_wconf 37' lang='grc' dir='ltr'>μόρφωσινκέχο-</span> 
     </span>
    </p>
   </div>
   <div class='ocr_carea' id='block_1_39' title="bbox 355 2298 1933 2378">
    <p class='ocr_par' dir='ltr' id='par_1_39' title="bbox 355 2298 1933 2378">
     <span class='ocr_line' id='line_1_39' title="bbox 355 2298 1933 2378; baseline -0.008 -16"><span class='ocrx_word' id='word_1_284' title='bbox 355 2327 477 2378; x_wconf 90' lang='grc' dir='ltr'>μεν.</span> <span class='ocrx_word' id='word_1_285' title='bbox 509 2308 669 2377; x_wconf 86' lang='grc' dir='ltr'>Δηλοῖ</span> <span class='ocrx_word' id='word_1_286' title='bbox 695 2306 751 2360; x_wconf 77' lang='grc' dir='ltr'>δὲ</span> <span class='ocrx_word' id='word_1_287' title='bbox 783 2306 878 2359; x_wconf 75' lang='grc' dir='ltr'>καὶ</span> <span class='ocrx_word' id='word_1_288' title='bbox 906 2303 1184 2374; x_wconf 85' lang='grc' dir='ltr'>ἐμφαίνει,</span> <span class='ocrx_word' id='word_1_289' title='bbox 1241 2300 1386 2356; x_wconf 85' lang='grc' dir='ltr'><strong>κατά</strong></span> <span class='ocrx_word' id='word_1_290' title='bbox 1412 2301 1510 2354; x_wconf 75' lang='grc' dir='ltr'>τὸν</span> <span class='ocrx_word' id='word_1_291' title='bbox 1537 2300 1639 2368; x_wconf 80' lang='grc' dir='ltr'>τῆς</span> <span class='ocrx_word' id='word_1_292' title='bbox 1672 2298 1933 2369; x_wconf 83' lang='grc' dir='ltr'>ἀληθείας</span> 
     </span>
    </p>
   </div>
   <div class='ocr_carea' id='block_1_40' title="bbox 351 2391 1935 2469">
    <p class='ocr_par' dir='ltr' id='par_1_40' title="bbox 351 2391 1935 2469">
     <span class='ocr_line' id='line_1_40' title="bbox 351 2391 1935 2469; baseline -0.006 -16"><span class='ocrx_word' id='word_1_293' title='bbox 351 2401 533 2469; x_wconf 85' lang='grc' dir='ltr'>λόγον,</span> <span class='ocrx_word' id='word_1_294' title='bbox 567 2399 627 2453; x_wconf 80' lang='grc' dir='ltr'><strong>τὸ</strong></span> <span class='ocrx_word' id='word_1_295' title='bbox 655 2397 900 2469; x_wconf 71' lang='grc' dir='ltr'>καθαρὸν</span> <span class='ocrx_word' id='word_1_296' title='bbox 934 2396 1030 2451; x_wconf 78' lang='grc' dir='ltr'>καὶ</span> <span class='ocrx_word' id='word_1_297' title='bbox 1063 2395 1296 2458; x_wconf 85' lang='grc' dir='ltr'>ἀπαθὲς,</span> <span class='ocrx_word' id='word_1_298' title='bbox 1329 2394 1425 2447; x_wconf 76' lang='grc' dir='ltr'>καὶ</span> <span class='ocrx_word' id='word_1_299' title='bbox 1464 2392 1584 2446; x_wconf 87' lang='grc' dir='ltr'>ὅλον</span> <span class='ocrx_word' id='word_1_300' title='bbox 1619 2391 1935 2462; x_wconf 81' lang='grc' dir='ltr'>ἀφιερωμέ-</span> 
     </span>
    </p>
   </div>
   <div class='ocr_carea' id='block_1_41' title="bbox 352 2483 1713 2562">
    <p class='ocr_par' dir='ltr' id='par_1_41' title="bbox 352 2483 1713 2562">
     <span class='ocr_line' id='line_1_41' title="bbox 352 2483 1713 2562; baseline -0.007 -16"><span class='ocrx_word' id='word_1_301' title='bbox 352 2511 465 2558; x_wconf 91' lang='grc' dir='ltr'>νον,</span> <span class='ocrx_word' id='word_1_302' title='bbox 487 2491 605 2562; x_wconf 83' lang='grc' dir='ltr'><strong>Θεῷ</strong></span> <span class='ocrx_word' id='word_1_303' title='bbox 630 2489 886 2558; x_wconf 80' lang='grc' dir='ltr'>γενέσθαι</span> <span class='ocrx_word' id='word_1_304' title='bbox 914 2488 1009 2542; x_wconf 89' lang='grc' dir='ltr'><strong>νῦν</strong></span> <span class='ocrx_word' id='word_1_305' title='bbox 1039 2504 1098 2541; x_wconf 87' lang='grc' dir='ltr'><strong>τε</strong></span> <span class='ocrx_word' id='word_1_306' title='bbox 1131 2488 1224 2540; x_wconf 72' lang='grc' dir='ltr'>καὶ</span> <span class='ocrx_word' id='word_1_307' title='bbox 1247 2487 1304 2540; x_wconf 89' lang='grc' dir='ltr'><strong>ἐν</strong></span> <span class='ocrx_word' id='word_1_308' title='bbox 1333 2484 1412 2551; x_wconf 84' lang='grc' dir='ltr'>τῷ</span> <span class='ocrx_word' id='word_1_309' title='bbox 1439 2483 1713 2551; x_wconf 83' lang='grc' dir='ltr'>μέλλοντι.</span> 
     </span>
    </p>
   </div>
   <div class='ocr_carea' id='block_1_42' title="bbox 428 2574 1928 2653">
    <p class='ocr_par' dir='ltr' id='par_1_42' title="bbox 428 2574 1928 2653">
     <span class='ocr_line' id='line_1_42' title="bbox 428 2574 1928 2653; baseline -0.005 -18"><span class='ocrx_word' id='word_1_310' title='bbox 428 2584 554 2653; x_wconf 75' lang='grc' dir='ltr'>ρλϐ’.</span> <span class='ocrx_word' id='word_1_311' title='bbox 597 2582 797 2650; x_wconf 84' lang='grc' dir='ltr'>Σοφίαν</span> <span class='ocrx_word' id='word_1_312' title='bbox 821 2578 1124 2648; x_wconf 88' lang='grc' dir='ltr'>τηνικαῦτα</span> <span class='ocrx_word' id='word_1_313' title='bbox 1152 2580 1362 2641; x_wconf 85' lang='grc' dir='ltr'>ἐκεῖνος</span> <span class='ocrx_word' id='word_1_314' title='bbox 1391 2576 1470 2648; x_wconf 83' lang='grc' dir='ltr'>τῷ</span> <span class='ocrx_word' id='word_1_315' title='bbox 1501 2574 1730 2646; x_wconf 84' lang='grc' dir='ltr'>στόματι</span> <span class='ocrx_word' id='word_1_316' title='bbox 1755 2575 1928 2643; x_wconf 82' lang='grc' dir='ltr'>λαλεῖ,</span> 
     </span>
    </p>
   </div>
   <div class='ocr_carea' id='block_1_43' title="bbox 352 2665 1928 2744">
    <p class='ocr_par' dir='ltr' id='par_1_43' title="bbox 352 2665 1928 2744">
     <span class='ocr_line' id='line_1_43' title="bbox 352 2665 1928 2744; baseline -0.006 -17"><span class='ocrx_word' id='word_1_317' title='bbox 352 2677 450 2727; x_wconf 70' lang='grc' dir='ltr'><strong>καὶ</strong></span> <span class='ocrx_word' id='word_1_318' title='bbox 491 2675 558 2744; x_wconf 84' lang='grc' dir='ltr'>τῇ</span> <span class='ocrx_word' id='word_1_319' title='bbox 607 2673 706 2742; x_wconf 83' lang='grc' dir='ltr'>τῆς</span> <span class='ocrx_word' id='word_1_320' title='bbox 737 2671 966 2742; x_wconf 81' lang='grc' dir='ltr'>καρδίας</span> <span class='ocrx_word' id='word_1_321' title='bbox 1004 2669 1205 2742; x_wconf 77' lang='grc' dir='ltr'>μελέτῃ</span> <span class='ocrx_word' id='word_1_322' title='bbox 1236 2666 1474 2733; x_wconf 87' lang='grc' dir='ltr'>σύνεσιν,</span> <span class='ocrx_word' id='word_1_323' title='bbox 1509 2669 1537 2721; x_wconf 94' lang='lat'><strong>6</strong></span> <span class='ocrx_word' id='word_1_324' title='bbox 1569 2665 1702 2719; x_wconf 76' lang='grc' dir='ltr'>Θεὸν</span> <span class='ocrx_word' id='word_1_325' title='bbox 1734 2665 1928 2734; x_wconf 84' lang='grc' dir='ltr'>Λόγον,</span> 
     </span>
    </p>
   </div>
   <div class='ocr_carea' id='block_1_44' title="bbox 351 2759 1928 2834">
    <p class='ocr_par' dir='ltr' id='par_1_44' title="bbox 351 2759 1928 2834">
     <span class='ocr_line' id='line_1_44' title="bbox 351 2759 1928 2834; baseline -0.005 -16"><span class='ocrx_word' id='word_1_326' title='bbox 351 2769 451 2833; x_wconf 66' lang='grc' dir='ltr'>τὴν</span> <span class='ocrx_word' id='word_1_327' title='bbox 479 2764 573 2818; x_wconf 92' lang='grc' dir='ltr'><strong>τοῦ</strong></span> <span class='ocrx_word' id='word_1_328' title='bbox 600 2765 735 2817; x_wconf 83' lang='grc' dir='ltr'>Θεοῦ</span> <span class='ocrx_word' id='word_1_329' title='bbox 757 2765 848 2817; x_wconf 77' lang='grc' dir='ltr'><strong>καὶ</strong></span> <span class='ocrx_word' id='word_1_330' title='bbox 886 2763 1099 2834; x_wconf 82' lang='grc' dir='ltr'>[ἰατρὸς</span> <span class='ocrx_word' id='word_1_331' title='bbox 1134 2761 1502 2815; x_wconf 80' lang='grc' dir='ltr'>ἐνυπόστατον</span> <span class='ocrx_word' id='word_1_332' title='bbox 1551 2759 1763 2828; x_wconf 80' lang='grc' dir='ltr'>σοφίαν,</span> <span class='ocrx_word' id='word_1_333' title='bbox 1794 2776 1928 2829; x_wconf 79' lang='grc' dir='ltr'>τρα-</span> 
     </span>
    </p>
   </div>
   <div class='ocr_carea' id='block_1_45' title="bbox 351 2852 1927 2926">
    <p class='ocr_par' dir='ltr' id='par_1_45' title="bbox 351 2852 1927 2926">
     <span class='ocr_line' id='line_1_45' title="bbox 351 2852 1927 2926; baseline -0.003 -15"><span class='ocrx_word' id='word_1_334' title='bbox 351 2860 456 2921; x_wconf 80' lang='grc' dir='ltr'><strong>νῶς</strong></span> <span class='ocrx_word' id='word_1_335' title='bbox 492 2861 555 2911; x_wconf 86' lang='grc' dir='ltr'><strong>ἐκ</strong></span> <span class='ocrx_word' id='word_1_336' title='bbox 602 2857 712 2911; x_wconf 81' lang='grc' dir='ltr'><strong>τῶν</strong></span> <span class='ocrx_word' id='word_1_337' title='bbox 761 2857 932 2911; x_wconf 71' lang='grc' dir='ltr'>ὄντων</span> <span class='ocrx_word' id='word_1_338' title='bbox 970 2856 1273 2926; x_wconf 83' lang='grc' dir='ltr'>ἐμφαίνων,</span> <span class='ocrx_word' id='word_1_339' title='bbox 1327 2854 1402 2917; x_wconf 84' lang='grc' dir='ltr'><strong>ὡς</strong></span> <span class='ocrx_word' id='word_1_340' title='bbox 1431 2856 1558 2916; x_wconf 82' lang='grc' dir='ltr'>τοὺς</span> <span class='ocrx_word' id='word_1_341' title='bbox 1599 2852 1790 2920; x_wconf 81' lang='grc' dir='ltr'>λόγους</span> <span class='ocrx_word' id='word_1_342' title='bbox 1816 2853 1927 2907; x_wconf 84' lang='grc' dir='ltr'><strong>τῶν</strong></span> 
     </span>
    </p>
   </div>
   <div class='ocr_carea' id='block_1_46' title="bbox 342 2942 1928 3016">
    <p class='ocr_par' dir='ltr' id='par_1_46' title="bbox 342 2942 1928 3016">
     <span class='ocr_line' id='line_1_46' title="bbox 342 2942 1928 3016; baseline -0.001 -16"><span class='ocrx_word' id='word_1_343' title='bbox 342 2946 674 3016; x_wconf 84' lang='grc' dir='ltr'>ἀρχετύπων</span> <span class='ocrx_word' id='word_1_344' title='bbox 705 2948 763 2998; x_wconf 84' lang='grc' dir='ltr'><strong>ἐν</strong></span> <span class='ocrx_word' id='word_1_345' title='bbox 788 2948 900 3007; x_wconf 85' lang='grc' dir='ltr'>τοῖς</span> <span class='ocrx_word' id='word_1_346' title='bbox 926 2942 1079 2998; x_wconf 80' lang='grc' dir='ltr'>οὖσιν</span> <span class='ocrx_word' id='word_1_347' title='bbox 1105 2944 1243 3014; x_wconf 82' lang='grc' dir='ltr'>ἔχων</span> <span class='ocrx_word' id='word_1_348' title='bbox 1274 2944 1801 3015; x_wconf 77' lang='grc' dir='ltr'>χαρακτηρίςοντας,</span> <span class='ocrx_word' id='word_1_349' title='bbox 1830 2944 1928 2998; x_wconf 81' lang='grc' dir='ltr'>καὶ</span> 
     </span>
    </p>
   </div>
   <div class='ocr_carea' id='block_1_47' title="bbox 341 3035 1928 3108">
    <p class='ocr_par' dir='ltr' id='par_1_47' title="bbox 341 3035 1928 3108">
     <span class='ocr_line' id='line_1_47' title="bbox 341 3035 1928 3108; baseline -0.002 -16"><span class='ocrx_word' id='word_1_350' title='bbox 341 3040 437 3092; x_wconf 75' lang='grc' dir='ltr'>διὰ</span> <span class='ocrx_word' id='word_1_351' title='bbox 485 3038 580 3091; x_wconf 89' lang='grc' dir='ltr'><strong>τοῦ</strong></span> <span class='ocrx_word' id='word_1_352' title='bbox 624 3038 746 3090; x_wconf 85' lang='grc' dir='ltr'>κατ’</span> <span class='ocrx_word' id='word_1_353' title='bbox 802 3037 1087 3108; x_wconf 79' lang='grc' dir='ltr'>ἐνέργειαν</span> <span class='ocrx_word' id='word_1_354' title='bbox 1127 3036 1328 3101; x_wconf 78' lang='grc' dir='ltr'>ζῶντος</span> <span class='ocrx_word' id='word_1_355' title='bbox 1358 3036 1542 3104; x_wconf 85' lang='grc' dir='ltr'>λόγου,</span> <span class='ocrx_word' id='word_1_356' title='bbox 1591 3035 1670 3106; x_wconf 83' lang='grc' dir='ltr'>τῷ</span> <span class='ocrx_word' id='word_1_357' title='bbox 1696 3035 1928 3102; x_wconf 85' lang='grc' dir='ltr'>στόματι</span> 
     </span>
    </p>
   </div>
   <div class='ocr_carea' id='block_1_48' title="bbox 345 3125 1930 3198">
    <p class='ocr_par' dir='ltr' id='par_1_48' title="bbox 345 3125 1930 3198">
     <span class='ocr_line' id='line_1_48' title="bbox 345 3125 1930 3198; baseline -0.001 -18"><span class='ocrx_word' id='word_1_358' title='bbox 345 3129 503 3182; x_wconf 79' lang='grc' dir='ltr'>λαλεῖ</span> <span class='ocrx_word' id='word_1_359' title='bbox 541 3128 734 3197; x_wconf 85' lang='grc' dir='ltr'>σοφίαν</span> <span class='ocrx_word' id='word_1_360' title='bbox 761 3128 827 3180; x_wconf 82' lang='grc' dir='ltr'><strong>ἐκ</strong></span> <span class='ocrx_word' id='word_1_361' title='bbox 849 3127 1041 3194; x_wconf 86' lang='grc' dir='ltr'>σοφίας</span> <span class='ocrx_word' id='word_1_362' title='bbox 1060 3142 1075 3157; x_wconf 75' lang='grc' dir='ltr'><strong><em>ο</em></strong></span> <span class='ocrx_word' id='word_1_363' title='bbox 1100 3130 1166 3198; x_wconf 78' lang='grc' dir='ltr'>τῇ</span> <span class='ocrx_word' id='word_1_364' title='bbox 1198 3127 1253 3181; x_wconf 82' lang='grc' dir='ltr'>δὲ</span> <span class='ocrx_word' id='word_1_365' title='bbox 1288 3127 1487 3198; x_wconf 71' lang='grc' dir='ltr'>καρδία</span> <span class='ocrx_word' id='word_1_366' title='bbox 1518 3125 1930 3196; x_wconf 71' lang='grc' dir='ltr'>ἐλλαμπόμενος</span> 
     </span>
    </p>
   </div>
   <div class='ocr_carea' id='block_1_49' title="bbox 349 3216 1933 3289">
    <p class='ocr_par' dir='ltr' id='par_1_49' title="bbox 349 3216 1933 3289">
     <span class='ocr_line' id='line_1_49' title="bbox 349 3216 1933 3289; baseline -0.001 -17"><span class='ocrx_word' id='word_1_367' title='bbox 349 3222 417 3289; x_wconf 76' lang='grc' dir='ltr'>τῇ</span> <span class='ocrx_word' id='word_1_368' title='bbox 450 3220 676 3289; x_wconf 84' lang='grc' dir='ltr'>δυνάμει</span> <span class='ocrx_word' id='word_1_369' title='bbox 701 3219 798 3287; x_wconf 85' lang='grc' dir='ltr'>τῆς</span> <span class='ocrx_word' id='word_1_370' title='bbox 829 3218 1267 3289; x_wconf 83' lang='grc' dir='ltr'>μεταποιητικῆς</span> <span class='ocrx_word' id='word_1_371' title='bbox 1314 3218 1583 3281; x_wconf 79' lang='grc' dir='ltr'>συνέσεως</span> <span class='ocrx_word' id='word_1_372' title='bbox 1626 3216 1933 3287; x_wconf 80' lang='grc' dir='ltr'>μελετωμέ-</span> 
     </span>
    </p>
   </div>
   <div class='ocr_carea' id='block_1_50' title="bbox 347 3307 1936 3381">
    <p class='ocr_par' dir='ltr' id='par_1_50' title="bbox 347 3307 1936 3381">
     <span class='ocr_line' id='line_1_50' title="bbox 347 3307 1936 3381; baseline -0.001 -17"><span class='ocrx_word' id='word_1_373' title='bbox 347 3328 450 3377; x_wconf 82' lang='grc' dir='ltr'><strong>νης</strong></span> <span class='ocrx_word' id='word_1_374' title='bbox 476 3309 556 3381; x_wconf 83' lang='grc' dir='ltr'>τῷ</span> <span class='ocrx_word' id='word_1_375' title='bbox 581 3308 877 3380; x_wconf 86' lang='grc' dir='ltr'>πνεύματι,</span> <span class='ocrx_word' id='word_1_376' title='bbox 926 3311 1102 3363; x_wconf 81' lang='grc' dir='ltr'>ποιεῖν</span> <span class='ocrx_word' id='word_1_377' title='bbox 1148 3310 1242 3362; x_wconf 68' lang='grc' dir='ltr'><strong>καὶ</strong></span> <span class='ocrx_word' id='word_1_378' title='bbox 1281 3308 1541 3378; x_wconf 80' lang='grc' dir='ltr'>φωτίζειν</span> <span class='ocrx_word' id='word_1_379' title='bbox 1596 3307 1819 3363; x_wconf 87' lang='grc' dir='ltr'>δύναται</span> <span class='ocrx_word' id='word_1_380' title='bbox 1844 3308 1936 3364; x_wconf 81' lang='grc' dir='ltr'>διὰ</span> 
     </span>
    </p>
   </div>
   <div class='ocr_carea' id='block_1_51' title="bbox 343 3399 1506 3471">
    <p class='ocr_par' dir='ltr' id='par_1_51' title="bbox 343 3399 1506 3471">
     <span class='ocr_line' id='line_1_51' title="bbox 343 3399 1506 3471; baseline -0.002 -17"><span class='ocrx_word' id='word_1_381' title='bbox 343 3404 448 3471; x_wconf 81' lang='grc' dir='ltr'>τῆς</span> <span class='ocrx_word' id='word_1_382' title='bbox 481 3401 774 3466; x_wconf 80' lang='grc' dir='ltr'>συνέσεως,</span> <span class='ocrx_word' id='word_1_383' title='bbox 803 3401 932 3462; x_wconf 80' lang='grc' dir='ltr'>τοὺς</span> <span class='ocrx_word' id='word_1_384' title='bbox 962 3399 1168 3464; x_wconf 83' lang='grc' dir='ltr'>πιστῶς</span> <span class='ocrx_word' id='word_1_385' title='bbox 1191 3400 1506 3464; x_wconf 87' lang='grc' dir='ltr'>ἀκούοντας.</span> 
     </span>
    </p>
   </div>
   <div class='ocr_carea' id='block_1_52' title="bbox 427 3489 1932 3565">
    <p class='ocr_par' dir='ltr' id='par_1_52' title="bbox 427 3489 1932 3565">
     <span class='ocr_line' id='line_1_52' title="bbox 427 3489 1932 3565; baseline 0.001 -23"><span class='ocrx_word' id='word_1_386' title='bbox 427 3489 554 3562; x_wconf 85' lang='grc' dir='ltr'>ρλε’.</span> <span class='ocrx_word' id='word_1_387' title='bbox 593 3490 657 3544; x_wconf 86' lang='grc' dir='ltr'><strong>Ἦ</strong></span> <span class='ocrx_word' id='word_1_388' title='bbox 685 3490 899 3561; x_wconf 86' lang='grc' dir='ltr'>μεγάλη</span> <span class='ocrx_word' id='word_1_389' title='bbox 925 3490 1026 3560; x_wconf 82' lang='grc' dir='ltr'>τῆς</span> <span class='ocrx_word' id='word_1_390' title='bbox 1046 3489 1305 3561; x_wconf 81' lang='grc' dir='ltr'>ἀληθείας</span> <span class='ocrx_word' id='word_1_391' title='bbox 1328 3490 1644 3555; x_wconf 84' lang='grc' dir='ltr'>ἀντίπαλος,</span> <span class='ocrx_word' id='word_1_392' title='bbox 1670 3490 1766 3546; x_wconf 67' lang='grc' dir='ltr'>καὶ</span> <span class='ocrx_word' id='word_1_393' title='bbox 1795 3490 1932 3565; x_wconf 69' lang='grc' dir='ltr'>πρὸς</span> 
     </span>
    </p>
   </div>
   <div class='ocr_carea' id='block_1_53' title="bbox 342 3582 1932 3656">
    <p class='ocr_par' dir='ltr' id='par_1_53' title="bbox 342 3582 1932 3656">
     <span class='ocr_line' id='line_1_53' title="bbox 342 3582 1932 3656; baseline 0 -18"><span class='ocrx_word' id='word_1_394' title='bbox 342 3582 631 3638; x_wconf 80' lang='grc' dir='ltr'>ἀπώλειαν</span> <span class='ocrx_word' id='word_1_395' title='bbox 671 3585 798 3646; x_wconf 78' lang='grc' dir='ltr'>τοὺς</span> <span class='ocrx_word' id='word_1_396' title='bbox 827 3583 1151 3654; x_wconf 81' lang='grc' dir='ltr'>ἀνθρώπους</span> <span class='ocrx_word' id='word_1_397' title='bbox 1195 3583 1430 3639; x_wconf 74' lang='grc' dir='ltr'>ἕλκουσα</span> <span class='ocrx_word' id='word_1_398' title='bbox 1481 3584 1658 3655; x_wconf 84' lang='grc' dir='ltr'>πλάνη</span> <span class='ocrx_word' id='word_1_399' title='bbox 1692 3587 1932 3656; x_wconf 81' lang='grc' dir='ltr'>σήμερον</span> 
     </span>
    </p>
   </div>
   <div class='ocr_carea' id='block_1_54' title="bbox 341 3666 1930 3747">
    <p class='ocr_par' dir='ltr' id='par_1_54' title="bbox 341 3666 1930 3747">
     <span class='ocr_line' id='line_1_54' title="bbox 341 3666 1930 3747; baseline 0.003 -21"><span class='ocrx_word' id='word_1_400' title='bbox 341 3666 545 3746; x_wconf 76' lang='grc' dir='ltr'>(δι’ἦς</span> <span class='ocrx_word' id='word_1_401' title='bbox 580 3675 613 3745; x_wconf 89' lang='grc' dir='ltr'><strong>ή</strong></span> <span class='ocrx_word' id='word_1_402' title='bbox 643 3673 834 3738; x_wconf 81' lang='grc' dir='ltr'>ἀγνοια</span> <span class='ocrx_word' id='word_1_403' title='bbox 884 3673 975 3727; x_wconf 90' lang='grc' dir='ltr'><strong>τοῦ</strong></span> <span class='ocrx_word' id='word_1_404' title='bbox 1009 3675 1235 3738; x_wconf 80' lang='grc' dir='ltr'>σκότους</span> <span class='ocrx_word' id='word_1_405' title='bbox 1292 3675 1352 3728; x_wconf 87' lang='grc' dir='ltr'><strong>ἐν</strong></span> <span class='ocrx_word' id='word_1_406' title='bbox 1406 3677 1528 3738; x_wconf 87' lang='grc' dir='ltr'>ταῖς</span> <span class='ocrx_word' id='word_1_407' title='bbox 1578 3675 1778 3747; x_wconf 75' lang='grc' dir='ltr'>ψυχαῖς</span> <span class='ocrx_word' id='word_1_408' title='bbox 1820 3676 1930 3730; x_wconf 88' lang='grc' dir='ltr'><strong>τῶν</strong></span> 
     </span>
    </p>
   </div>
   <div class='ocr_carea' id='block_1_55' title="bbox 339 3765 1928 3838">
    <p class='ocr_par' dir='ltr' id='par_1_55' title="bbox 339 3765 1928 3838">
     <span class='ocr_line' id='line_1_55' title="bbox 339 3765 1928 3838; baseline 0.003 -22"><span class='ocrx_word' id='word_1_409' title='bbox 339 3765 614 3838; x_wconf 77' lang='grc' dir='ltr'>ῥᾳθύμων</span> <span class='ocrx_word' id='word_1_410' title='bbox 634 3765 1006 3834; x_wconf 83' lang='grc' dir='ltr'>ἐϐασίλευσεν,</span> <span class='ocrx_word' id='word_1_411' title='bbox 1028 3768 1092 3820; x_wconf 87' lang='grc' dir='ltr'><strong>ἐκ</strong></span> <span class='ocrx_word' id='word_1_412' title='bbox 1113 3765 1253 3821; x_wconf 82' lang='grc' dir='ltr'>Θεοῦ</span> <span class='ocrx_word' id='word_1_413' title='bbox 1275 3766 1687 3838; x_wconf 80' lang='grc' dir='ltr'>ἀλλοτριώσασα</span> <span class='ocrx_word' id='word_1_414' title='bbox 1710 3766 1928 3831; x_wconf 80' lang='grc' dir='ltr'>αὐτούς’</span> 
     </span>
    </p>
   </div>
   <div class='ocr_carea' id='block_1_56' title="bbox 336 3853 1933 3930">
    <p class='ocr_par' dir='ltr' id='par_1_56' title="bbox 336 3853 1933 3930">
     <span class='ocr_line' id='line_1_56' title="bbox 336 3853 1933 3930; baseline -0.001 -17"><span class='ocrx_word' id='word_1_415' title='bbox 336 3861 388 3914; x_wconf 78' lang='grc' dir='ltr'>οἳ</span> <span class='ocrx_word' id='word_1_416' title='bbox 424 3858 517 3912; x_wconf 76' lang='grc' dir='ltr'>καὶ</span> <span class='ocrx_word' id='word_1_417' title='bbox 547 3858 623 3922; x_wconf 88' lang='grc' dir='ltr'><strong>ώς</strong></span> <span class='ocrx_word' id='word_1_418' title='bbox 652 3857 729 3930; x_wconf 79' lang='grc' dir='ltr'><strong>μή</strong></span> <span class='ocrx_word' id='word_1_419' title='bbox 758 3853 900 3912; x_wconf 82' lang='grc' dir='ltr'>εἶναι</span> <span class='ocrx_word' id='word_1_420' title='bbox 929 3857 1063 3912; x_wconf 82' lang='grc' dir='ltr'>Θεὸν</span> <span class='ocrx_word' id='word_1_421' title='bbox 1095 3858 1480 3928; x_wconf 86' lang='grc' dir='ltr'>γινώσκοντες,</span> <span class='ocrx_word' id='word_1_422' title='bbox 1505 3857 1601 3911; x_wconf 82' lang='grc' dir='ltr'>τὸν</span> <span class='ocrx_word' id='word_1_423' title='bbox 1627 3859 1774 3929; x_wconf 78' lang='grc' dir='ltr'>ἡμᾶς</span> <span class='ocrx_word' id='word_1_424' title='bbox 1801 3859 1933 3912; x_wconf 87' lang='grc' dir='ltr'>ἀνα-</span> 
     </span>
    </p>
   </div>
   <div class='ocr_carea' id='block_1_57' title="bbox 334 3948 1931 4022">
    <p class='ocr_par' dir='ltr' id='par_1_57' title="bbox 334 3948 1931 4022">
     <span class='ocr_line' id='line_1_57' title="bbox 334 3948 1931 4022; baseline -0.001 -18"><span class='ocrx_word' id='word_1_425' title='bbox 334 3950 692 4022; x_wconf 84' lang='grc' dir='ltr'>γεννήσαντα</span> <span class='ocrx_word' id='word_1_426' title='bbox 740 3952 836 4006; x_wconf 73' lang='grc' dir='ltr'>καὶ</span> <span class='ocrx_word' id='word_1_427' title='bbox 882 3951 1218 4021; x_wconf 85' lang='grc' dir='ltr'>φωτίσαντα,</span> <span class='ocrx_word' id='word_1_428' title='bbox 1248 3950 1282 4022; x_wconf 79' lang='grc' dir='ltr'>ἢ</span> <span class='ocrx_word' id='word_1_429' title='bbox 1322 3949 1468 4022; x_wconf 83' lang='grc' dir='ltr'>λόγῳ</span> <span class='ocrx_word' id='word_1_430' title='bbox 1498 3949 1645 4021; x_wconf 85' lang='grc' dir='ltr'>μόνῳ</span> <span class='ocrx_word' id='word_1_431' title='bbox 1664 3948 1808 4021; x_wconf 74' lang='grc' dir='ltr'><strong>ψιλῷ</strong></span> <span class='ocrx_word' id='word_1_432' title='bbox 1838 3965 1931 4003; x_wconf 81' lang='grc' dir='ltr'>πι-</span> 
     </span>
    </p>
   </div>
   <div class='ocr_carea' id='block_1_58' title="bbox 341 4039 1933 4113">
    <p class='ocr_par' dir='ltr' id='par_1_58' title="bbox 341 4039 1933 4113">
     <span class='ocr_line' id='line_1_58' title="bbox 341 4039 1933 4113; baseline 0.001 -20"><span class='ocrx_word' id='word_1_433' title='bbox 341 4040 680 4111; x_wconf 80' lang='grc' dir='ltr'>στευόμενον</span> <span class='ocrx_word' id='word_1_434' title='bbox 703 4041 797 4094; x_wconf 72' lang='grc' dir='ltr'><strong>καὶ</strong></span> <span class='ocrx_word' id='word_1_435' title='bbox 822 4041 1250 4111; x_wconf 86' lang='grc' dir='ltr'>γινωσκόμενον,</span> <span class='ocrx_word' id='word_1_436' title='bbox 1275 4040 1371 4095; x_wconf 70' lang='grc' dir='ltr'><strong>καὶ⁵</strong></span> <span class='ocrx_word' id='word_1_437' title='bbox 1413 4040 1514 4095; x_wconf 80' lang='grc' dir='ltr'><strong>οὐκ</strong></span> <span class='ocrx_word' id='word_1_438' title='bbox 1546 4040 1715 4111; x_wconf 73' lang='grc' dir='ltr'>ἔργῳ,</span> <span class='ocrx_word' id='word_1_439' title='bbox 1746 4039 1780 4113; x_wconf 73' lang='grc' dir='ltr'>ἢ</span> <span class='ocrx_word' id='word_1_440' title='bbox 1817 4040 1933 4105; x_wconf 86' lang='grc' dir='ltr'>τοῖς</span> 
     </span>
    </p>
   </div>
   <div class='ocr_carea' id='block_1_59' title="bbox 344 4130 1931 4203">
    <p class='ocr_par' dir='ltr' id='par_1_59' title="bbox 344 4130 1931 4203">
     <span class='ocr_line' id='line_1_59' title="bbox 344 4130 1931 4203; baseline 0.001 -17"><span class='ocrx_word' id='word_1_441' title='bbox 344 4130 600 4203; x_wconf 83' lang='grc' dir='ltr'>ἀρχαίοις</span> <span class='ocrx_word' id='word_1_442' title='bbox 614 4131 794 4203; x_wconf 83' lang='grc' dir='ltr'>μόνοις</span> <span class='ocrx_word' id='word_1_443' title='bbox 814 4132 1252 4202; x_wconf 86' lang='grc' dir='ltr'>ἐπιφαινόμενον,</span> <span class='ocrx_word' id='word_1_444' title='bbox 1278 4132 1371 4186; x_wconf 74' lang='grc' dir='ltr'>καὶ</span> <span class='ocrx_word' id='word_1_445' title='bbox 1386 4132 1506 4203; x_wconf 74' lang='grc' dir='ltr'>οὐχὶ</span> <span class='ocrx_word' id='word_1_446' title='bbox 1526 4133 1620 4185; x_wconf 75' lang='grc' dir='ltr'>καὶ</span> <span class='ocrx_word' id='word_1_447' title='bbox 1648 4133 1803 4202; x_wconf 83' lang='grc' dir='ltr'>ἡμῖν,</span> <span class='ocrx_word' id='word_1_448' title='bbox 1827 4131 1931 4196; x_wconf 80' lang='grc' dir='ltr'>τὰς</span> 
     </span>
    </p>
   </div>
   <div class='ocr_carea' id='block_1_60' title="bbox 347 4221 1931 4296">
    <p class='ocr_par' dir='ltr' id='par_1_60' title="bbox 347 4221 1931 4296">
     <span class='ocr_line' id='line_1_60' title="bbox 347 4221 1931 4296; baseline 0 -19"><span class='ocrx_word' id='word_1_449' title='bbox 347 4222 634 4291; x_wconf 80' lang='grc' dir='ltr'>Γραφικάς</span> <span class='ocrx_word' id='word_1_450' title='bbox 665 4224 794 4295; x_wconf 76' lang='grc' dir='ltr'>περὶ</span> <span class='ocrx_word' id='word_1_451' title='bbox 829 4223 965 4277; x_wconf 84' lang='grc' dir='ltr'>Θεοῦ</span> <span class='ocrx_word' id='word_1_452' title='bbox 999 4223 1308 4296; x_wconf 83' lang='grc' dir='ltr'>μαρτυρίας</span> <span class='ocrx_word' id='word_1_453' title='bbox 1359 4222 1563 4289; x_wconf 85' lang='grc' dir='ltr'>ἀλλοις,</span> <span class='ocrx_word' id='word_1_454' title='bbox 1597 4221 1630 4293; x_wconf 79' lang='grc' dir='ltr'>ἢ</span> <span class='ocrx_word' id='word_1_455' title='bbox 1662 4222 1758 4276; x_wconf 70' lang='grc' dir='ltr'><strong>καὶ</strong></span> <span class='ocrx_word' id='word_1_456' title='bbox 1817 4223 1931 4287; x_wconf 84' lang='grc' dir='ltr'>τοῖς</span> 
     </span>
    </p>
   </div>
   <div class='ocr_carea' id='block_1_61' title="bbox 342 4312 1926 4386">
    <p class='ocr_par' dir='ltr' id='par_1_61' title="bbox 342 4312 1926 4386">
     <span class='ocr_line' id='line_1_61' title="bbox 342 4312 1926 4386; baseline 0.001 -19"><span class='ocrx_word' id='word_1_457' title='bbox 342 4314 596 4385; x_wconf 53' lang='lat' dir='ltr'><strong>summa:</strong></span> <span class='ocrx_word' id='word_1_458' title='bbox 612 4316 1012 4386; x_wconf 83' lang='grc' dir='ltr'>προσάπτουσι,</span> <span class='ocrx_word' id='word_1_459' title='bbox 1038 4316 1132 4373; x_wconf 74' lang='grc' dir='ltr'>καὶ</span> <span class='ocrx_word' id='word_1_460' title='bbox 1163 4314 1342 4382; x_wconf 81' lang='grc' dir='ltr'>δόξαν,</span> <span class='ocrx_word' id='word_1_461' title='bbox 1374 4314 1450 4379; x_wconf 85' lang='grc' dir='ltr'>ὥς</span> <span class='ocrx_word' id='word_1_462' title='bbox 1473 4330 1606 4385; x_wconf 84' lang='grc' dir='ltr'>φησι</span> <span class='ocrx_word' id='word_1_463' title='bbox 1624 4314 1752 4385; x_wconf 81' lang='grc' dir='ltr'>περὶ</span> <span class='ocrx_word' id='word_1_464' title='bbox 1767 4312 1926 4380; x_wconf 79' lang='grc' dir='ltr'>θεοῦ,</span> 
     </span>
    </p>
   </div>
   <div class='ocr_carea' id='block_1_62' title="bbox 346 4406 1929 4482">
    <p class='ocr_par' dir='ltr' id='par_1_62' title="bbox 346 4406 1929 4482">
     <span class='ocr_line' id='line_1_62' title="bbox 346 4406 1929 4482; baseline 0.003 -21"><span class='ocrx_word' id='word_1_465' title='bbox 346 4409 752 4480; x_wconf 80' lang='grc' dir='ltr'>βλασφημοῦσι,</span> <span class='ocrx_word' id='word_1_466' title='bbox 784 4411 886 4482; x_wconf 78' lang='grc' dir='ltr'><strong>τήν</strong></span> <span class='ocrx_word' id='word_1_467' title='bbox 929 4409 987 4464; x_wconf 87' lang='grc' dir='ltr'>δὲ</span> <span class='ocrx_word' id='word_1_468' title='bbox 1027 4410 1374 4479; x_wconf 72' lang='grc' dir='ltr'>ἐπιγνώσεως</span> <span class='ocrx_word' id='word_1_469' title='bbox 1424 4410 1594 4473; x_wconf 75' lang='grc' dir='ltr'>ὅντως</span> <span class='ocrx_word' id='word_1_470' title='bbox 1646 4406 1929 4465; x_wconf 77' lang='grc' dir='ltr'>εὐσέϐειαν</span> 
     </span>
    </p>
   </div>
   <div class='ocr_carea' id='block_1_63' title="bbox 2023 1938 3603 2015">
    <p class='ocr_par' dir='ltr' id='par_1_63' title="bbox 2023 1938 3603 2015">
     <span class='ocr_line' id='line_1_63' title="bbox 2023 1938 3603 2015; baseline -0.005 -16"><span class='ocrx_word' id='word_1_471' title='bbox 2023 1960 2143 2015; x_wconf 74' lang='lat' dir='ltr'><strong>qua:</strong></span> <span class='ocrx_word' id='word_1_472' title='bbox 2166 1942 2356 1998; x_wconf 85' lang='lat' dir='ltr'><strong>iisdem</strong></span> <span class='ocrx_word' id='word_1_473' title='bbox 2382 1941 2553 2011; x_wconf 78' lang='lat' dir='ltr'><strong>signis</strong></span> <span class='ocrx_word' id='word_1_474' title='bbox 2570 1938 3003 2010; x_wconf 80' lang='lat' dir='ltr'><strong>portenduntur;</strong></span> <span class='ocrx_word' id='word_1_475' title='bbox 3032 1952 3210 2008; x_wconf 89' lang='lat' dir='ltr'><strong>neque</strong></span> <span class='ocrx_word' id='word_1_476' title='bbox 3232 1939 3603 1994; x_wconf 79' lang='lat' dir='ltr'><strong>diversitatem</strong></span> 
     </span>
    </p>
   </div>
   <div class='ocr_carea' id='block_1_64' title="bbox 2027 2030 3604 2104">
    <p class='ocr_par' dir='ltr' id='par_1_64' title="bbox 2027 2030 3604 2104">
     <span class='ocr_line' id='line_1_64' title="bbox 2027 2030 3604 2104; baseline -0.006 -12"><span class='ocrx_word' id='word_1_477' title='bbox 2027 2037 2227 2092; x_wconf 80' lang='lat' dir='ltr'><strong>habent</strong></span> <span class='ocrx_word' id='word_1_478' title='bbox 2255 2035 2397 2104; x_wconf 88' lang='lat' dir='ltr'><strong>apud</strong></span> <span class='ocrx_word' id='word_1_479' title='bbox 2428 2047 2530 2089; x_wconf 87' lang='lat' dir='ltr'><strong>nos</strong></span> <span class='ocrx_word' id='word_1_480' title='bbox 2558 2040 2772 2096; x_wconf 88' lang='lat' dir='ltr'><strong>natura,</strong></span> <span class='ocrx_word' id='word_1_481' title='bbox 2804 2041 2899 2085; x_wconf 84' lang='lat' dir='ltr'><strong>aut</strong></span> <span class='ocrx_word' id='word_1_482' title='bbox 2928 2030 3123 2100; x_wconf 83' lang='lat' dir='ltr'><strong>gratia,</strong></span> <span class='ocrx_word' id='word_1_483' title='bbox 3156 2040 3250 2085; x_wconf 91' lang='lat' dir='ltr'><strong>aut</strong></span> <span class='ocrx_word' id='word_1_484' title='bbox 3277 2032 3492 2086; x_wconf 89' lang='lat' dir='ltr'><strong>voeatio</strong></span> <span class='ocrx_word' id='word_1_485' title='bbox 3539 2034 3604 2083; x_wconf 63' lang='lat' dir='ltr'><strong>atl</strong></span> 
     </span>
    </p>
   </div>
   <div class='ocr_carea' id='block_1_65' title="bbox 2026 2123 3611 2195">
    <p class='ocr_par' dir='ltr' id='par_1_65' title="bbox 2026 2123 3611 2195">
     <span class='ocr_line' id='line_1_65' title="bbox 2026 2123 3611 2195; baseline -0.006 -9"><span class='ocrx_word' id='word_1_486' title='bbox 2026 2129 2360 2195; x_wconf 82' lang='lat' dir='ltr'><strong>unctionem,</strong></span> <span class='ocrx_word' id='word_1_487' title='bbox 2392 2134 2451 2181; x_wconf 90' lang='lat' dir='ltr'><strong>ut</strong></span> <span class='ocrx_word' id='word_1_488' title='bbox 2482 2133 2644 2180; x_wconf 88' lang='lat' dir='ltr'><strong>uncta</strong></span> <span class='ocrx_word' id='word_1_489' title='bbox 2674 2125 2786 2179; x_wconf 89' lang='lat' dir='ltr'><strong>sint</strong></span> <span class='ocrx_word' id='word_1_490' title='bbox 2818 2124 3216 2193; x_wconf 80' lang='lat' dir='ltr'><strong>discrepantia,</strong></span> <span class='ocrx_word' id='word_1_491' title='bbox 3238 2123 3335 2177; x_wconf 89' lang='lat' dir='ltr'><strong>sed</strong></span> <span class='ocrx_word' id='word_1_492' title='bbox 3364 2135 3526 2175; x_wconf 76' lang='lat' dir='ltr'><strong>unum</strong></span> <span class='ocrx_word' id='word_1_493' title='bbox 3556 2133 3611 2176; x_wconf 85' lang='lat' dir='ltr'><strong>et</strong></span> 
     </span>
    </p>
   </div>
   <div class='ocr_carea' id='block_1_66' title="bbox 2025 2215 3604 2284">
    <p class='ocr_par' dir='ltr' id='par_1_66' title="bbox 2025 2215 3604 2284">
     <span class='ocr_line' id='line_1_66' title="bbox 2025 2215 3604 2284; baseline -0.006 -6"><span class='ocrx_word' id='word_1_494' title='bbox 2025 2222 2276 2278; x_wconf 79' lang='lat' dir='ltr'><strong>eamdem</strong></span> <span class='ocrx_word' id='word_1_495' title='bbox 2304 2219 2645 2274; x_wconf 84' lang='lat' dir='ltr'><strong>vocationem</strong></span> <span class='ocrx_word' id='word_1_496' title='bbox 2676 2216 2944 2284; x_wconf 78' lang='lat' dir='ltr'><strong>iidemque</strong></span> <span class='ocrx_word' id='word_1_497' title='bbox 2967 2232 3030 2269; x_wconf 86' lang='lat' dir='ltr'><strong>ae</strong></span> <span class='ocrx_word' id='word_1_498' title='bbox 3058 2215 3292 2269; x_wconf 76' lang='lat' dir='ltr'><strong>formam</strong></span> <span class='ocrx_word' id='word_1_499' title='bbox 3320 2216 3604 2269; x_wconf 75' lang='lat' dir='ltr'><strong>habemus.</strong></span> 
     </span>
    </p>
   </div>
   <div class='ocr_carea' id='block_1_67' title="bbox 2026 2304 3611 2376">
    <p class='ocr_par' dir='ltr' id='par_1_67' title="bbox 2026 2304 3611 2376">
     <span class='ocr_line' id='line_1_67' title="bbox 2026 2304 3611 2376; baseline -0.008 -7"><span class='ocrx_word' id='word_1_500' title='bbox 2026 2311 2276 2370; x_wconf 89' lang='lat' dir='ltr'><strong>Ostendit</strong></span> <span class='ocrx_word' id='word_1_501' title='bbox 2306 2319 2487 2367; x_wconf 86' lang='lat' dir='ltr'><strong>autem</strong></span> <span class='ocrx_word' id='word_1_502' title='bbox 2519 2324 2582 2364; x_wconf 87' lang='lat' dir='ltr'><strong>ae</strong></span> <span class='ocrx_word' id='word_1_503' title='bbox 2619 2308 2975 2372; x_wconf 78' lang='lat' dir='ltr'><strong>demonstrat,</strong></span> <span class='ocrx_word' id='word_1_504' title='bbox 3017 2305 3172 2376; x_wconf 75' lang='lat' dir='ltr'><strong>juxta</strong></span> <span class='ocrx_word' id='word_1_505' title='bbox 3206 2304 3456 2361; x_wconf 83' lang='lat' dir='ltr'><strong>veritatis</strong></span> <span class='ocrx_word' id='word_1_506' title='bbox 3487 2320 3611 2359; x_wconf 80' lang='lat' dir='ltr'><strong>vcr-</strong></span> 
     </span>
    </p>
   </div>
   <div class='ocr_carea' id='block_1_68' title="bbox 2027 2398 3609 2475">
    <p class='ocr_par' dir='ltr' id='par_1_68' title="bbox 2027 2398 3609 2475">
     <span class='ocr_line' id='line_1_68' title="bbox 2027 2398 3609 2475; baseline -0.006 -13"><span class='ocrx_word' id='word_1_507' title='bbox 2027 2409 2175 2473; x_wconf 85' lang='lat' dir='ltr'><strong>bum,</strong></span> <span class='ocrx_word' id='word_1_508' title='bbox 2214 2405 2422 2475; x_wconf 87' lang='lat' dir='ltr'><strong>puritas</strong></span> <span class='ocrx_word' id='word_1_509' title='bbox 2465 2400 2986 2472; x_wconf 81' lang='lat' dir='ltr'><strong>impassibilitasque</strong></span> <span class='ocrx_word' id='word_1_510' title='bbox 3007 2409 3060 2453; x_wconf 91' lang='lat' dir='ltr'><strong>et</strong></span> <span class='ocrx_word' id='word_1_511' title='bbox 3088 2398 3297 2469; x_wconf 77' lang='lat' dir='ltr'><strong>quaevis</strong></span> <span class='ocrx_word' id='word_1_512' title='bbox 3341 2399 3609 2454; x_wconf 85' lang='lat' dir='ltr'><strong>sanctitas</strong></span> 
     </span>
    </p>
   </div>
   <div class='ocr_carea' id='block_1_69' title="bbox 2028 2489 3323 2563">
    <p class='ocr_par' dir='ltr' id='par_1_69' title="bbox 2028 2489 3323 2563">
     <span class='ocr_line' id='line_1_69' title="bbox 2028 2489 3323 2563; baseline -0.005 -11"><span class='ocrx_word' id='word_1_513' title='bbox 2028 2498 2283 2552; x_wconf 89' lang='lat' dir='ltr'><strong>unionem</strong></span> <span class='ocrx_word' id='word_1_514' title='bbox 2314 2510 2437 2549; x_wconf 91' lang='lat' dir='ltr'><strong>cum</strong></span> <span class='ocrx_word' id='word_1_515' title='bbox 2472 2492 2584 2548; x_wconf 90' lang='lat' dir='ltr'><strong>Deo</strong></span> <span class='ocrx_word' id='word_1_516' title='bbox 2614 2502 2940 2563; x_wconf 66' lang='lat' dir='ltr'><strong>praesentem</strong></span> <span class='ocrx_word' id='word_1_517' title='bbox 2974 2499 3029 2547; x_wconf 92' lang='lat' dir='ltr'><strong>et</strong></span> <span class='ocrx_word' id='word_1_518' title='bbox 3060 2489 3323 2547; x_wconf 79' lang='lat' dir='ltr'><strong>futuram.</strong></span> 
     </span>
    </p>
   </div>
   <div class='ocr_carea' id='block_1_70' title="bbox 2097 2582 3610 2655">
    <p class='ocr_par' dir='ltr' id='par_1_70' title="bbox 2097 2582 3610 2655">
     <span class='ocr_line' id='line_1_70' title="bbox 2097 2582 3610 2655; baseline -0.004 -12"><span class='ocrx_word' id='word_1_519' title='bbox 2097 2588 2224 2644; x_wconf 70' lang='lat' dir='ltr'><strong>13L</strong></span> <span class='ocrx_word' id='word_1_520' title='bbox 2261 2585 2356 2643; x_wconf 79' lang='lat' dir='ltr'><strong>Ille</strong></span> <span class='ocrx_word' id='word_1_521' title='bbox 2398 2585 2511 2655; x_wconf 87' lang='lat' dir='ltr'><strong>jam</strong></span> <span class='ocrx_word' id='word_1_522' title='bbox 2566 2599 2715 2639; x_wconf 91' lang='lat' dir='ltr'><strong>nunc</strong></span> <span class='ocrx_word' id='word_1_523' title='bbox 2759 2599 2857 2638; x_wconf 89' lang='lat' dir='ltr'><strong>ore</strong></span> <span class='ocrx_word' id='word_1_524' title='bbox 2905 2583 3146 2653; x_wconf 77' lang='lat' dir='ltr'><strong>loquitur</strong></span> <span class='ocrx_word' id='word_1_525' title='bbox 3186 2582 3507 2652; x_wconf 83' lang='lat' dir='ltr'><strong>sapientiam</strong></span> <span class='ocrx_word' id='word_1_526' title='bbox 3554 2592 3610 2637; x_wconf 88' lang='lat' dir='ltr'><strong>et</strong></span> 
     </span>
    </p>
   </div>
   <div class='ocr_carea' id='block_1_71' title="bbox 2028 2674 3599 2746">
    <p class='ocr_par' dir='ltr' id='par_1_71' title="bbox 2028 2674 3599 2746">
     <span class='ocr_line' id='line_1_71' title="bbox 2028 2674 3599 2746; baseline -0.007 -9"><span class='ocrx_word' id='word_1_527' title='bbox 2028 2682 2210 2737; x_wconf 87' lang='lat' dir='ltr'><strong>cordis</strong></span> <span class='ocrx_word' id='word_1_528' title='bbox 2241 2678 2595 2735; x_wconf 86' lang='lat' dir='ltr'><strong>meditatione</strong></span> <span class='ocrx_word' id='word_1_529' title='bbox 2618 2679 2987 2745; x_wconf 86' lang='lat' dir='ltr'><strong>prudentiam,</strong></span> <span class='ocrx_word' id='word_1_530' title='bbox 3010 2676 3101 2746; x_wconf 85' lang='lat' dir='ltr'><strong>qui</strong></span> <span class='ocrx_word' id='word_1_531' title='bbox 3137 2674 3304 2730; x_wconf 85' lang='lat' dir='ltr'><strong>Deuu.</strong></span> <span class='ocrx_word' id='word_1_532' title='bbox 3338 2675 3599 2741; x_wconf 71' lang='lat' dir='ltr'><strong>Vet&#39;buett,</strong></span> 
     </span>
    </p>
   </div>
   <div class='ocr_carea' id='block_1_72' title="bbox 2027 2768 3609 2838">
    <p class='ocr_par' dir='ltr' id='par_1_72' title="bbox 2027 2768 3609 2838">
     <span class='ocr_line' id='line_1_72' title="bbox 2027 2768 3609 2838; baseline -0.003 -10"><span class='ocrx_word' id='word_1_533' title='bbox 2027 2771 2449 2831; x_wconf 88' lang='lat' dir='ltr'><strong>substantialem</strong></span> <span class='ocrx_word' id='word_1_534' title='bbox 2477 2769 2569 2824; x_wconf 84' lang='lat' dir='ltr'><strong>Dei</strong></span> <span class='ocrx_word' id='word_1_535' title='bbox 2598 2768 2774 2829; x_wconf 75' lang='lat' dir='ltr'><strong>Patris</strong></span> <span class='ocrx_word' id='word_1_536' title='bbox 2801 2770 3151 2838; x_wconf 76' lang='lat' dir='ltr'><strong>sapientiam,</strong></span> <span class='ocrx_word' id='word_1_537' title='bbox 3177 2769 3323 2823; x_wconf 85' lang='lat' dir='ltr'><strong>clare</strong></span> <span class='ocrx_word' id='word_1_538' title='bbox 3349 2785 3411 2822; x_wconf 74' lang='lat' dir='ltr'><strong>ex</strong></span> <span class='ocrx_word' id='word_1_539' title='bbox 3445 2771 3609 2824; x_wconf 81' lang='lat' dir='ltr'><strong>rebus</strong></span> 
     </span>
    </p>
   </div>
   <div class='ocr_carea' id='block_1_73' title="bbox 2026 2862 3609 2933">
    <p class='ocr_par' dir='ltr' id='par_1_73' title="bbox 2026 2862 3609 2933">
     <span class='ocr_line' id='line_1_73' title="bbox 2026 2862 3609 2933; baseline -0.006 -11"><span class='ocrx_word' id='word_1_540' title='bbox 2026 2866 2303 2932; x_wconf 79' lang='lat' dir='ltr'><strong>ostendit;</strong></span> <span class='ocrx_word' id='word_1_541' title='bbox 2344 2863 2440 2933; x_wconf 89' lang='lat' dir='ltr'><strong>qui</strong></span> <span class='ocrx_word' id='word_1_542' title='bbox 2493 2862 2710 2917; x_wconf 85' lang='lat' dir='ltr'><strong>ratione</strong></span> <span class='ocrx_word' id='word_1_543' title='bbox 2754 2862 3183 2932; x_wconf 78' lang='lat' dir='ltr'><strong>archetyporum</strong></span> <span class='ocrx_word' id='word_1_544' title='bbox 3218 2865 3270 2916; x_wconf 90' lang='lat' dir='ltr'><strong>in</strong></span> <span class='ocrx_word' id='word_1_545' title='bbox 3322 2863 3488 2917; x_wconf 81' lang='lat' dir='ltr'><strong>rebus</strong></span> <span class='ocrx_word' id='word_1_546' title='bbox 3532 2865 3609 2915; x_wconf 64' lang='lat' dir='ltr'><strong>vi-</strong></span> 
     </span>
    </p>
   </div>
   <div class='ocr_carea' id='block_1_74' title="bbox 2027 2955 3610 3027">
    <p class='ocr_par' dir='ltr' id='par_1_74' title="bbox 2027 2955 3610 3027">
     <span class='ocr_line' id='line_1_74' title="bbox 2027 2955 3610 3027; baseline -0.003 -14"><span class='ocrx_word' id='word_1_547' title='bbox 2027 2958 2163 3013; x_wconf 85' lang='lat' dir='ltr'><strong>dens</strong></span> <span class='ocrx_word' id='word_1_548' title='bbox 2209 2970 2524 3027; x_wconf 81' lang='lat' dir='ltr'><strong>expressas,</strong></span> <span class='ocrx_word' id='word_1_549' title='bbox 2560 2970 2628 3011; x_wconf 82' lang='lat' dir='ltr'><strong>ex</strong></span> <span class='ocrx_word' id='word_1_550' title='bbox 2681 2955 2916 3011; x_wconf 78' lang='lat' dir='ltr'><strong>viventis</strong></span> <span class='ocrx_word' id='word_1_551' title='bbox 2966 2970 3063 3025; x_wconf 78' lang='lat' dir='ltr'><strong>per</strong></span> <span class='ocrx_word' id='word_1_552' title='bbox 3110 2956 3480 3025; x_wconf 68' lang='lat' dir='ltr'><strong>operationem</strong></span> <span class='ocrx_word' id='word_1_553' title='bbox 3525 2970 3610 3008; x_wconf 88' lang='lat' dir='ltr'><strong>ra-</strong></span> 
     </span>
    </p>
   </div>
   <div class='ocr_carea' id='block_1_75' title="bbox 2030 3046 3607 3119">
    <p class='ocr_par' dir='ltr' id='par_1_75' title="bbox 2030 3046 3607 3119">
     <span class='ocr_line' id='line_1_75' title="bbox 2030 3046 3607 3119; baseline -0.001 -15"><span class='ocrx_word' id='word_1_554' title='bbox 2030 3050 2192 3106; x_wconf 87' lang='lat' dir='ltr'><strong>tionis</strong></span> <span class='ocrx_word' id='word_1_555' title='bbox 2225 3048 2491 3119; x_wconf 84' lang='lat' dir='ltr'><strong>sapientia</strong></span> <span class='ocrx_word' id='word_1_556' title='bbox 2532 3046 2857 3119; x_wconf 68' lang='lat' dir='ltr'><strong>sapientiaat</strong></span> <span class='ocrx_word' id='word_1_557' title='bbox 2900 3063 2995 3103; x_wconf 89' lang='lat' dir='ltr'><strong>ore</strong></span> <span class='ocrx_word' id='word_1_558' title='bbox 3040 3047 3307 3117; x_wconf 84' lang='lat' dir='ltr'><strong>loquitur,</strong></span> <span class='ocrx_word' id='word_1_559' title='bbox 3343 3057 3399 3109; x_wconf 87' lang='lat' dir='ltr'><strong>et</strong></span> <span class='ocrx_word' id='word_1_560' title='bbox 3443 3049 3607 3102; x_wconf 87' lang='lat' dir='ltr'><strong>corde</strong></span> 
     </span>
    </p>
   </div>
   <div class='ocr_carea' id='block_1_76' title="bbox 2030 3139 3599 3210">
    <p class='ocr_par' dir='ltr' id='par_1_76' title="bbox 2030 3139 3599 3210">
     <span class='ocr_line' id='line_1_76' title="bbox 2030 3139 3599 3210; baseline -0.001 -15"><span class='ocrx_word' id='word_1_561' title='bbox 2030 3141 2366 3195; x_wconf 84' lang='lat' dir='ltr'><strong>illuminatus</strong></span> <span class='ocrx_word' id='word_1_562' title='bbox 2398 3152 2565 3209; x_wconf 87' lang='lat' dir='ltr'><strong>atque</strong></span> <span class='ocrx_word' id='word_1_563' title='bbox 2601 3139 3021 3196; x_wconf 79' lang='lat' dir='ltr'><strong>transformatus</strong></span> <span class='ocrx_word' id='word_1_564' title='bbox 3051 3155 3147 3210; x_wconf 89' lang='lat' dir='ltr'><strong>per</strong></span> <span class='ocrx_word' id='word_1_565' title='bbox 3177 3140 3433 3194; x_wconf 88' lang='lat' dir='ltr'><strong>virtutem</strong></span> <span class='ocrx_word' id='word_1_566' title='bbox 3464 3154 3563 3209; x_wconf 84' lang='lat' dir='ltr'><strong>pro</strong></span> <span class='ocrx_word' id='word_1_567' title='bbox 3586 3170 3599 3180; x_wconf 85' lang='lat'><strong>-</strong></span> 
     </span>
    </p>
   </div>
   <div class='ocr_carea' id='block_1_77' title="bbox 2027 3229 3600 3300">
    <p class='ocr_par' dir='ltr' id='par_1_77' title="bbox 2027 3229 3600 3300">
     <span class='ocr_line' id='line_1_77' title="bbox 2027 3229 3600 3300; baseline 0.003 -20"><span class='ocrx_word' id='word_1_568' title='bbox 2027 3233 2223 3287; x_wconf 68' lang='lat' dir='ltr'><strong>demite</strong></span> <span class='ocrx_word' id='word_1_569' title='bbox 2264 3230 2574 3300; x_wconf 86' lang='lat' dir='ltr'><strong>spiritualia</strong></span> <span class='ocrx_word' id='word_1_570' title='bbox 2606 3231 2938 3293; x_wconf 87' lang='lat' dir='ltr'><strong>meditantis,</strong></span> <span class='ocrx_word' id='word_1_571' title='bbox 2970 3229 3151 3284; x_wconf 81' lang='lat' dir='ltr'><strong>facere</strong></span> <span class='ocrx_word' id='word_1_572' title='bbox 3198 3240 3253 3285; x_wconf 80' lang='lat' dir='ltr'><strong>et</strong></span> <span class='ocrx_word' id='word_1_573' title='bbox 3289 3231 3600 3285; x_wconf 84' lang='lat' dir='ltr'><strong>illuminare</strong></span> 
     </span>
    </p>
   </div>
   <div class='ocr_carea' id='block_1_78' title="bbox 2026 3322 3423 3396">
    <p class='ocr_par' dir='ltr' id='par_1_78' title="bbox 2026 3322 3423 3396">
     <span class='ocr_line' id='line_1_78' title="bbox 2026 3322 3423 3396; baseline -0.001 -18"><span class='ocrx_word' id='word_1_574' title='bbox 2026 3331 2205 3396; x_wconf 41' lang='lat' dir='ltr'><strong>potest</strong></span> <span class='ocrx_word' id='word_1_575' title='bbox 2229 3338 2324 3394; x_wconf 90' lang='lat' dir='ltr'><strong>per</strong></span> <span class='ocrx_word' id='word_1_576' title='bbox 2361 3322 2503 3379; x_wconf 86' lang='lat' dir='ltr'><strong>hanc</strong></span> <span class='ocrx_word' id='word_1_577' title='bbox 2531 3323 2876 3394; x_wconf 86' lang='lat' dir='ltr'><strong>prudentiam</strong></span> <span class='ocrx_word' id='word_1_578' title='bbox 2904 3323 3090 3377; x_wconf 74' lang='lat' dir='ltr'><strong>lldeles</strong></span> <span class='ocrx_word' id='word_1_579' title='bbox 3125 3323 3423 3378; x_wconf 85' lang='lat' dir='ltr'><strong>auditores.</strong></span> 
     </span>
    </p>
   </div>
   <div class='ocr_carea' id='block_1_79' title="bbox 2100 3496 3608 3561">
    <p class='ocr_par' dir='ltr' id='par_1_79' title="bbox 2100 3496 3608 3561">
     <span class='ocr_line' id='line_1_79' title="bbox 2100 3496 3608 3561; baseline 0.005 -8"><span class='ocrx_word' id='word_1_580' title='bbox 2100 3500 2203 3555; x_wconf 73' lang='grc'><strong>155</strong></span> <span class='ocrx_word' id='word_1_581' title='bbox 2260 3496 2583 3555; x_wconf 80' lang='lat' dir='ltr'><strong>Labefactat</strong></span> <span class='ocrx_word' id='word_1_582' title='bbox 2613 3498 2841 3554; x_wconf 91' lang='lat' dir='ltr'><strong>multum</strong></span> <span class='ocrx_word' id='word_1_583' title='bbox 2873 3500 3155 3555; x_wconf 84' lang='lat' dir='ltr'><strong>veritatem</strong></span> <span class='ocrx_word' id='word_1_584' title='bbox 3187 3510 3243 3557; x_wconf 91' lang='lat' dir='ltr'><strong>et</strong></span> <span class='ocrx_word' id='word_1_585' title='bbox 3270 3503 3518 3561; x_wconf 78' lang='lat' dir='ltr'><strong>homines</strong></span> <span class='ocrx_word' id='word_1_586' title='bbox 3541 3506 3608 3561; x_wconf 89' lang='lat' dir='ltr'><strong>ad</strong></span> 
     </span>
    </p>
   </div>
   <div class='ocr_carea' id='block_1_80' title="bbox 2026 3590 3606 3665">
    <p class='ocr_par' dir='ltr' id='par_1_80' title="bbox 2026 3590 3606 3665">
     <span class='ocr_line' id='line_1_80' title="bbox 2026 3590 3606 3665; baseline 0.003 -20"><span class='ocrx_word' id='word_1_587' title='bbox 2026 3592 2318 3663; x_wconf 80' lang='lat' dir='ltr'><strong>perniciem</strong></span> <span class='ocrx_word' id='word_1_588' title='bbox 2354 3604 2500 3645; x_wconf 87' lang='lat' dir='ltr'><strong>nunc</strong></span> <span class='ocrx_word' id='word_1_589' title='bbox 2563 3590 2725 3644; x_wconf 87' lang='lat' dir='ltr'><strong>trahit</strong></span> <span class='ocrx_word' id='word_1_590' title='bbox 2777 3605 2951 3656; x_wconf 87' lang='lat' dir='ltr'><strong>error,</strong></span> <span class='ocrx_word' id='word_1_591' title='bbox 2987 3606 3084 3661; x_wconf 86' lang='lat' dir='ltr'><strong>per</strong></span> <span class='ocrx_word' id='word_1_592' title='bbox 3109 3607 3267 3662; x_wconf 86' lang='lat' dir='ltr'><strong>quem</strong></span> <span class='ocrx_word' id='word_1_593' title='bbox 3306 3594 3606 3665; x_wconf 82' lang='lat' dir='ltr'><strong>ignorantia</strong></span> 
     </span>
    </p>
   </div>
   <div class='ocr_carea' id='block_1_81' title="bbox 2025 3680 3609 3754">
    <p class='ocr_par' dir='ltr' id='par_1_81' title="bbox 2025 3680 3609 3754">
     <span class='ocr_line' id='line_1_81' title="bbox 2025 3680 3609 3754; baseline 0.002 -15"><span class='ocrx_word' id='word_1_594' title='bbox 2025 3685 2323 3754; x_wconf 82' lang='lat' dir='ltr'><strong>caliginosa</strong></span> <span class='ocrx_word' id='word_1_595' title='bbox 2367 3683 2418 3736; x_wconf 87' lang='lat' dir='ltr'><strong>itt</strong></span> <span class='ocrx_word' id='word_1_596' title='bbox 2450 3681 2647 3736; x_wconf 87' lang='lat' dir='ltr'><strong>animis</strong></span> <span class='ocrx_word' id='word_1_597' title='bbox 2682 3680 3003 3751; x_wconf 73' lang='lat' dir='ltr'><strong>ignavorum</strong></span> <span class='ocrx_word' id='word_1_598' title='bbox 3049 3690 3258 3752; x_wconf 84' lang='lat' dir='ltr'><strong>regnat,</strong></span> <span class='ocrx_word' id='word_1_599' title='bbox 3291 3699 3321 3738; x_wconf 90' lang='lat' dir='ltr'><strong>a</strong></span> <span class='ocrx_word' id='word_1_600' title='bbox 3358 3685 3468 3740; x_wconf 86' lang='lat' dir='ltr'><strong>Deo</strong></span> <span class='ocrx_word' id='word_1_601' title='bbox 3511 3702 3609 3742; x_wconf 88' lang='lat' dir='ltr'><strong>eos</strong></span> 
     </span>
    </p>
   </div>
   <div class='ocr_carea' id='block_1_82' title="bbox 2026 3774 3610 3845">
    <p class='ocr_par' dir='ltr' id='par_1_82' title="bbox 2026 3774 3610 3845">
     <span class='ocr_line' id='line_1_82' title="bbox 2026 3774 3610 3845; baseline 0.002 -14"><span class='ocrx_word' id='word_1_602' title='bbox 2026 3777 2371 3832; x_wconf 85' lang='lat' dir='ltr'><strong>abalienans:</strong></span> <span class='ocrx_word' id='word_1_603' title='bbox 2403 3776 2494 3845; x_wconf 89' lang='lat' dir='ltr'><strong>qui</strong></span> <span class='ocrx_word' id='word_1_604' title='bbox 2525 3774 2768 3845; x_wconf 84' lang='lat' dir='ltr'><strong>quidem,</strong></span> <span class='ocrx_word' id='word_1_605' title='bbox 2805 3786 3058 3845; x_wconf 87' lang='lat' dir='ltr'><strong>tauquam</strong></span> <span class='ocrx_word' id='word_1_606' title='bbox 3091 3778 3399 3832; x_wconf 70' lang='lat' dir='ltr'><strong>nescientes</strong></span> <span class='ocrx_word' id='word_1_607' title='bbox 3428 3780 3610 3835; x_wconf 78' lang='lat' dir='ltr'><strong>exsis-</strong></span> 
     </span>
    </p>
   </div>
   <div class='ocr_carea' id='block_1_83' title="bbox 2026 3866 3605 3938">
    <p class='ocr_par' dir='ltr' id='par_1_83' title="bbox 2026 3866 3605 3938">
     <span class='ocr_line' id='line_1_83' title="bbox 2026 3866 3605 3938; baseline 0.002 -15"><span class='ocrx_word' id='word_1_608' title='bbox 2026 3878 2138 3923; x_wconf 89' lang='lat' dir='ltr'><strong>tere</strong></span> <span class='ocrx_word' id='word_1_609' title='bbox 2166 3867 2335 3922; x_wconf 87' lang='lat' dir='ltr'><strong>Deum</strong></span> <span class='ocrx_word' id='word_1_610' title='bbox 2369 3868 2461 3938; x_wconf 90' lang='lat' dir='ltr'><strong>qui</strong></span> <span class='ocrx_word' id='word_1_611' title='bbox 2495 3868 2644 3938; x_wconf 90' lang='lat' dir='ltr'><strong>ipsos</strong></span> <span class='ocrx_word' id='word_1_612' title='bbox 2659 3867 2866 3922; x_wconf 88' lang='lat' dir='ltr'><strong>creavit</strong></span> <span class='ocrx_word' id='word_1_613' title='bbox 2887 3873 2944 3922; x_wconf 88' lang='lat' dir='ltr'><strong>et</strong></span> <span class='ocrx_word' id='word_1_614' title='bbox 2970 3866 3319 3937; x_wconf 86' lang='lat' dir='ltr'><strong>illuminavit,</strong></span> <span class='ocrx_word' id='word_1_615' title='bbox 3355 3881 3449 3925; x_wconf 86' lang='lat' dir='ltr'><strong>aut</strong></span> <span class='ocrx_word' id='word_1_616' title='bbox 3484 3887 3605 3926; x_wconf 90' lang='lat' dir='ltr'><strong>eum</strong></span> 
     </span>
    </p>
   </div>
   <div class='ocr_carea' id='block_1_84' title="bbox 2026 3958 3606 4032">
    <p class='ocr_par' dir='ltr' id='par_1_84' title="bbox 2026 3958 3606 4032">
     <span class='ocr_line' id='line_1_84' title="bbox 2026 3958 3606 4032; baseline 0.002 -17"><span class='ocrx_word' id='word_1_617' title='bbox 2026 3961 2273 4016; x_wconf 86' lang='lat' dir='ltr'><strong>dicentes</strong></span> <span class='ocrx_word' id='word_1_618' title='bbox 2295 3974 2445 4015; x_wconf 91' lang='lat' dir='ltr'><strong>mera</strong></span> <span class='ocrx_word' id='word_1_619' title='bbox 2472 3968 2683 4014; x_wconf 88' lang='lat' dir='ltr'><strong>tantum</strong></span> <span class='ocrx_word' id='word_1_620' title='bbox 2707 3958 2942 4027; x_wconf 89' lang='lat' dir='ltr'><strong>ratione,</strong></span> <span class='ocrx_word' id='word_1_621' title='bbox 2967 3966 3024 4015; x_wconf 89' lang='lat' dir='ltr'><strong>at</strong></span> <span class='ocrx_word' id='word_1_622' title='bbox 3046 3974 3151 4016; x_wconf 90' lang='lat' dir='ltr'><strong>non</strong></span> <span class='ocrx_word' id='word_1_623' title='bbox 3175 3963 3436 4032; x_wconf 68' lang='lat' dir='ltr'><strong>operibus</strong></span> <span class='ocrx_word' id='word_1_624' title='bbox 3456 3964 3606 4019; x_wconf 84' lang='lat' dir='ltr'><strong>credi</strong></span> 
     </span>
    </p>
   </div>
   <div class='ocr_carea' id='block_1_85' title="bbox 2027 4053 3607 4122">
    <p class='ocr_par' dir='ltr' id='par_1_85' title="bbox 2027 4053 3607 4122">
     <span class='ocr_line' id='line_1_85' title="bbox 2027 4053 3607 4122; baseline 0.003 -15"><span class='ocrx_word' id='word_1_625' title='bbox 2027 4064 2189 4122; x_wconf 86' lang='lat' dir='ltr'><strong>atque</strong></span> <span class='ocrx_word' id='word_1_626' title='bbox 2227 4053 2502 4122; x_wconf 81' lang='lat' dir='ltr'><strong>cognosci,</strong></span> <span class='ocrx_word' id='word_1_627' title='bbox 2556 4060 2651 4107; x_wconf 87' lang='lat' dir='ltr'><strong>aut</strong></span> <span class='ocrx_word' id='word_1_628' title='bbox 2692 4055 2970 4109; x_wconf 86' lang='lat' dir='ltr'><strong>veteribus</strong></span> <span class='ocrx_word' id='word_1_629' title='bbox 3013 4062 3247 4121; x_wconf 88' lang='lat' dir='ltr'><strong>tantum,</strong></span> <span class='ocrx_word' id='word_1_630' title='bbox 3281 4056 3423 4110; x_wconf 85' lang='lat' dir='ltr'><strong>haud</strong></span> <span class='ocrx_word' id='word_1_631' title='bbox 3481 4072 3607 4112; x_wconf 91' lang='lat' dir='ltr'><strong>vero</strong></span> 
     </span>
    </p>
   </div>
   <div class='ocr_carea' id='block_1_86' title="bbox 2028 4144 3605 4216">
    <p class='ocr_par' dir='ltr' id='par_1_86' title="bbox 2028 4144 3605 4216">
     <span class='ocr_line' id='line_1_86' title="bbox 2028 4144 3605 4216; baseline 0.003 -17"><span class='ocrx_word' id='word_1_632' title='bbox 2028 4145 2189 4200; x_wconf 84' lang='lat' dir='ltr'><strong>nobis</strong></span> <span class='ocrx_word' id='word_1_633' title='bbox 2234 4144 2639 4199; x_wconf 82' lang='lat' dir='ltr'><strong>manifestatum</strong></span> <span class='ocrx_word' id='word_1_634' title='bbox 2689 4160 2834 4209; x_wconf 84' lang='lat' dir='ltr'><strong>esse,</strong></span> <span class='ocrx_word' id='word_1_635' title='bbox 2869 4145 3164 4216; x_wconf 72' lang='lat' dir='ltr'><strong>Scriptura:</strong></span> <span class='ocrx_word' id='word_1_636' title='bbox 3195 4145 3264 4201; x_wconf 85' lang='lat' dir='ltr'><strong>de</strong></span> <span class='ocrx_word' id='word_1_637' title='bbox 3295 4148 3407 4202; x_wconf 80' lang='lat' dir='ltr'><strong>Deo</strong></span> <span class='ocrx_word' id='word_1_638' title='bbox 3451 4150 3605 4204; x_wconf 73' lang='lat' dir='ltr'><strong>teSti-</strong></span> 
     </span>
    </p>
   </div>
   <div class='ocr_carea' id='block_1_87' title="bbox 2028 4236 3602 4311">
    <p class='ocr_par' dir='ltr' id='par_1_87' title="bbox 2028 4236 3602 4311">
     <span class='ocr_line' id='line_1_87' title="bbox 2028 4236 3602 4311; baseline 0.004 -20"><span class='ocrx_word' id='word_1_639' title='bbox 2028 4237 2209 4291; x_wconf 90' lang='lat' dir='ltr'><strong>monia</strong></span> <span class='ocrx_word' id='word_1_640' title='bbox 2240 4236 2362 4290; x_wconf 90' lang='lat' dir='ltr'><strong>aliis</strong></span> <span class='ocrx_word' id='word_1_641' title='bbox 2391 4236 2712 4293; x_wconf 84' lang='lat' dir='ltr'><strong>auctoribus</strong></span> <span class='ocrx_word' id='word_1_642' title='bbox 2758 4238 3091 4306; x_wconf 85' lang='lat' dir='ltr'><strong>attribuunt,</strong></span> <span class='ocrx_word' id='word_1_643' title='bbox 3124 4253 3187 4293; x_wconf 90' lang='lat' dir='ltr'><strong>ac</strong></span> <span class='ocrx_word' id='word_1_644' title='bbox 3222 4240 3451 4310; x_wconf 84' lang='lat' dir='ltr'><strong>gloriam</strong></span> <span class='ocrx_word' id='word_1_645' title='bbox 3485 4242 3602 4311; x_wconf 86' lang='lat' dir='ltr'><strong>Dei,</strong></span> 
     </span>
    </p>
   </div>
   <div class='ocr_carea' id='block_1_88' title="bbox 2029 4330 3601 4401">
    <p class='ocr_par' dir='ltr' id='par_1_88' title="bbox 2029 4330 3601 4401">
     <span class='ocr_line' id='line_1_88' title="bbox 2029 4330 3601 4401; baseline 0.004 -19"><span class='ocrx_word' id='word_1_646' title='bbox 2029 4343 2086 4383; x_wconf 92' lang='lat' dir='ltr'><strong>ut</strong></span> <span class='ocrx_word' id='word_1_647' title='bbox 2116 4332 2187 4384; x_wconf 91' lang='lat' dir='ltr'><strong>ita</strong></span> <span class='ocrx_word' id='word_1_648' title='bbox 2215 4331 2415 4394; x_wconf 69' lang='lat' dir='ltr'><strong>dicam,</strong></span> <span class='ocrx_word' id='word_1_649' title='bbox 2449 4330 2846 4399; x_wconf 81' lang='lat' dir='ltr'><strong>blaspltetnant,</strong></span> <span class='ocrx_word' id='word_1_650' title='bbox 2892 4339 3056 4401; x_wconf 88' lang='lat' dir='ltr'><strong>atque</strong></span> <span class='ocrx_word' id='word_1_651' title='bbox 3087 4346 3272 4387; x_wconf 89' lang='lat' dir='ltr'><strong>veram</strong></span> <span class='ocrx_word' id='word_1_652' title='bbox 3316 4334 3601 4389; x_wconf 87' lang='lat' dir='ltr'><strong>scientiam</strong></span> 
     </span>
    </p>
   </div>
   <div class='ocr_carea' id='block_1_89' title="bbox 2032 4422 3597 4493">
    <p class='ocr_par' dir='ltr' id='par_1_89' title="bbox 2032 4422 3597 4493">
     <span class='ocr_line' id='line_1_89' title="bbox 2032 4422 3597 4493; baseline 0.003 -18"><span class='ocrx_word' id='word_1_653' title='bbox 2032 4433 2397 4493; x_wconf 76' lang='lat' dir='ltr'><strong>pietatemque</strong></span> <span class='ocrx_word' id='word_1_654' title='bbox 2427 4433 2741 4486; x_wconf 88' lang='lat' dir='ltr'><strong>renuentes,</strong></span> <span class='ocrx_word' id='word_1_655' title='bbox 2766 4422 3124 4493; x_wconf 86' lang='lat' dir='ltr'><strong>corporaliter</strong></span> <span class='ocrx_word' id='word_1_656' title='bbox 3145 4431 3382 4490; x_wconf 88' lang='lat' dir='ltr'><strong>tantum,</strong></span> <span class='ocrx_word' id='word_1_657' title='bbox 3407 4438 3461 4481; x_wconf 92' lang='lat' dir='ltr'><strong>ut</strong></span> <span class='ocrx_word' id='word_1_658' title='bbox 3489 4444 3597 4481; x_wconf 89' lang='lat' dir='ltr'><strong>non</strong></span> 
     </span>
    </p>
   </div>
   <div class='ocr_carea' id='block_1_90' title="bbox 336 4511 1928 4593">
    <p class='ocr_par' dir='ltr' id='par_1_90' title="bbox 336 4511 1925 4585">
     <span class='ocr_line' id='line_1_90' title="bbox 336 4511 1925 4585; baseline 0.001 -17"><span class='ocrx_word' id='word_1_659' title='bbox 336 4512 781 4584; x_wconf 77' lang='grc' dir='ltr'>ἀπαρνούμενοι,</span> <span class='ocrx_word' id='word_1_660' title='bbox 817 4512 915 4568; x_wconf 76' lang='grc' dir='ltr'>καὶ</span> <span class='ocrx_word' id='word_1_661' title='bbox 949 4513 1278 4585; x_wconf 82' lang='grc' dir='ltr'>σωματικῶς</span> <span class='ocrx_word' id='word_1_662' title='bbox 1314 4512 1495 4584; x_wconf 89' lang='grc' dir='ltr'>μόνον,</span> <span class='ocrx_word' id='word_1_663' title='bbox 1526 4511 1615 4566; x_wconf 86' lang='grc' dir='ltr'><strong>ῖνα</strong></span> <span class='ocrx_word' id='word_1_664' title='bbox 1650 4514 1730 4585; x_wconf 80' lang='grc' dir='ltr'>μὴ</span> <span class='ocrx_word' id='word_1_665' title='bbox 1787 4514 1925 4569; x_wconf 83' lang='grc' dir='ltr'>εἴπω</span> 
     </span>
    </p>
   </div>
   <div class='ocr_carea' id='block_1_91' title="bbox 2027 4511 3604 4593">
    <p class='ocr_par' dir='ltr' id='par_1_91' title="bbox 2030 4514 3604 4586">
     <span class='ocr_line' id='line_1_91' title="bbox 2030 4514 3604 4586; baseline 0.003 -18"><span class='ocrx_word' id='word_1_666' title='bbox 2030 4516 2206 4571; x_wconf 82' lang='lat' dir='ltr'><strong>dicam</strong></span> <span class='ocrx_word' id='word_1_667' title='bbox 2229 4516 2469 4586; x_wconf 84' lang='lat' dir='ltr'><strong>judaice,</strong></span> <span class='ocrx_word' id='word_1_668' title='bbox 2496 4514 2814 4585; x_wconf 84' lang='lat' dir='ltr'><strong>Scripturas</strong></span> <span class='ocrx_word' id='word_1_669' title='bbox 2844 4514 3055 4586; x_wconf 78' lang='lat' dir='ltr'><strong>legunt,</strong></span> <span class='ocrx_word' id='word_1_670' title='bbox 3077 4525 3129 4572; x_wconf 92' lang='lat' dir='ltr'><strong>et</strong></span> <span class='ocrx_word' id='word_1_671' title='bbox 3160 4528 3479 4586; x_wconf 77' lang='lat' dir='ltr'><strong>praesentem</strong></span> <span class='ocrx_word' id='word_1_672' title='bbox 3517 4536 3604 4573; x_wconf 87' lang='lat' dir='ltr'><strong>re-</strong></span> 
     </span>
    </p>
   </div>
   <div class='ocr_carea' id='block_1_92' title="bbox 350 4603 1926 4678">
    <p class='ocr_par' dir='ltr' id='par_1_92' title="bbox 350 4603 1926 4678">
     <span class='ocr_line' id='line_1_92' title="bbox 350 4603 1926 4678; baseline 0.002 -19"><span class='ocrx_word' id='word_1_673' title='bbox 350 4604 679 4670; x_wconf 82' lang='grc' dir='ltr'>Ἰουδαῖκῶς,</span> <span class='ocrx_word' id='word_1_674' title='bbox 712 4604 808 4668; x_wconf 81' lang='grc' dir='ltr'>τὰς</span> <span class='ocrx_word' id='word_1_675' title='bbox 834 4606 1057 4677; x_wconf 89' lang='grc' dir='ltr'>Γραφάς</span> <span class='ocrx_word' id='word_1_676' title='bbox 1088 4605 1548 4674; x_wconf 82' lang='grc' dir='ltr'>ἀναγινώσκουσι,</span> <span class='ocrx_word' id='word_1_677' title='bbox 1576 4603 1680 4677; x_wconf 83' lang='grc' dir='ltr'>τὴν</span> <span class='ocrx_word' id='word_1_678' title='bbox 1709 4606 1800 4662; x_wconf 83' lang='grc' dir='ltr'><strong>διὰ</strong></span> <span class='ocrx_word' id='word_1_679' title='bbox 1825 4608 1926 4678; x_wconf 80' lang='grc' dir='ltr'>τῆς</span> 
     </span>
    </p>
   </div>
   <div class='ocr_carea' id='block_1_93' title="bbox 342 4694 1923 4767">
    <p class='ocr_par' dir='ltr' id='par_1_93' title="bbox 342 4694 1923 4767">
     <span class='ocr_line' id='line_1_93' title="bbox 342 4694 1923 4767; baseline -0.002 -16"><span class='ocrx_word' id='word_1_680' title='bbox 342 4697 691 4760; x_wconf 82' lang='grc' dir='ltr'>ἀναστάσεως</span> <span class='ocrx_word' id='word_1_681' title='bbox 719 4695 820 4765; x_wconf 85' lang='grc' dir='ltr'>τῆς</span> <span class='ocrx_word' id='word_1_682' title='bbox 848 4694 1027 4766; x_wconf 81' lang='grc' dir='ltr'>ψυχῆς</span> <span class='ocrx_word' id='word_1_683' title='bbox 1052 4695 1304 4750; x_wconf 88' lang='grc' dir='ltr'>ἐντεῦθεν</span> <span class='ocrx_word' id='word_1_684' title='bbox 1332 4695 1552 4766; x_wconf 72' lang='grc' dir='ltr'>ἔγερσιν</span> <span class='ocrx_word' id='word_1_685' title='bbox 1570 4695 1923 4767; x_wconf 81' lang='grc' dir='ltr'>ἀπαρνούμε-</span> 
     </span>
    </p>
   </div>
   <div class='ocr_carea' id='block_1_94' title="bbox 346 4784 1923 4857">
    <p class='ocr_par' dir='ltr' id='par_1_94' title="bbox 346 4784 1923 4857">
     <span class='ocr_line' id='line_1_94' title="bbox 346 4784 1923 4857; baseline 0 -20"><span class='ocrx_word' id='word_1_686' title='bbox 346 4805 445 4848; x_wconf 83' lang='grc' dir='ltr'>νοι,</span> <span class='ocrx_word' id='word_1_687' title='bbox 482 4787 575 4839; x_wconf 81' lang='grc' dir='ltr'><strong>καὶ</strong></span> <span class='ocrx_word' id='word_1_688' title='bbox 606 4786 882 4839; x_wconf 86' lang='grc' dir='ltr'>κατοικεῖν</span> <span class='ocrx_word' id='word_1_689' title='bbox 915 4786 974 4837; x_wconf 88' lang='grc' dir='ltr'><strong>ἐν</strong></span> <span class='ocrx_word' id='word_1_690' title='bbox 998 4784 1188 4853; x_wconf 83' lang='grc' dir='ltr'>τάφοις</span> <span class='ocrx_word' id='word_1_691' title='bbox 1228 4784 1525 4853; x_wconf 71' lang='grc' dir='ltr'>ἀγνώστοις</span> <span class='ocrx_word' id='word_1_692' title='bbox 1551 4785 1923 4857; x_wconf 56' lang='grc' dir='ltr'>ἐπιποθοῦσιΥ</span> 
     </span>
    </p>
   </div>
   <div class='ocr_carea' id='block_1_95' title="bbox 350 4871 1926 4945">
    <p class='ocr_par' dir='ltr' id='par_1_95' title="bbox 350 4871 1926 4945">
     <span class='ocr_line' id='line_1_95' title="bbox 350 4871 1926 4945; baseline 0.001 -21"><span class='ocrx_word' id='word_1_693' title='bbox 350 4872 415 4925; x_wconf 79' lang='grc' dir='ltr'><strong>τα</strong></span> <span class='ocrx_word' id='word_1_694' title='bbox 446 4871 572 4942; x_wconf 86' lang='grc' dir='ltr'>τρία</span> <span class='ocrx_word' id='word_1_695' title='bbox 603 4871 777 4925; x_wconf 90' lang='grc' dir='ltr'>ταῦτα</span> <span class='ocrx_word' id='word_1_696' title='bbox 803 4871 953 4942; x_wconf 83' lang='grc' dir='ltr'>πάθη</span> <span class='ocrx_word' id='word_1_697' title='bbox 988 4872 1327 4942; x_wconf 78' lang='grc' dir='ltr'>ὑπάρχουσιν</span> <span class='ocrx_word' id='word_1_698' title='bbox 1346 4891 1360 4904; x_wconf 88' lang='grc'><strong>·</strong></span> <span class='ocrx_word' id='word_1_699' title='bbox 1385 4874 1635 4940; x_wconf 82' lang='grc' dir='ltr'>ἀπιστία,</span> <span class='ocrx_word' id='word_1_700' title='bbox 1668 4876 1926 4945; x_wconf 86' lang='grc' dir='ltr'>πονηρία,</span> 
     </span>
    </p>
   </div>
   <div class='ocr_carea' id='block_1_96' title="bbox 356 4963 1930 5034">
    <p class='ocr_par' dir='ltr' id='par_1_96' title="bbox 356 4963 1930 5034">
     <span class='ocr_line' id='line_1_96' title="bbox 356 4963 1930 5034; baseline 0.001 -17"><span class='ocrx_word' id='word_1_701' title='bbox 356 4965 445 5017; x_wconf 69' lang='grc' dir='ltr'><strong>καὶ</strong></span> <span class='ocrx_word' id='word_1_702' title='bbox 496 4963 760 5034; x_wconf 68' lang='grc' dir='ltr'>ῥᾳθυμία.</span> <span class='ocrx_word' id='word_1_703' title='bbox 808 4963 1081 5033; x_wconf 83' lang='grc' dir='ltr'>Ἀλλήλων</span> <span class='ocrx_word' id='word_1_704' title='bbox 1126 4964 1182 5016; x_wconf 81' lang='grc' dir='ltr'>δέ</span> <span class='ocrx_word' id='word_1_705' title='bbox 1211 4967 1317 5017; x_wconf 80' lang='grc' dir='ltr'>εἰσι</span> <span class='ocrx_word' id='word_1_706' title='bbox 1346 4966 1643 5034; x_wconf 82' lang='grc' dir='ltr'>γεννητικὰ</span> <span class='ocrx_word' id='word_1_707' title='bbox 1685 4965 1778 5019; x_wconf 78' lang='grc' dir='ltr'>καὶ</span> <span class='ocrx_word' id='word_1_708' title='bbox 1812 4983 1930 5019; x_wconf 86' lang='grc' dir='ltr'>συν-</span> 
     </span>
    </p>
   </div>
   <div class='ocr_carea' id='block_1_97' title="bbox 354 5055 1930 5130">
    <p class='ocr_par' dir='ltr' id='par_1_97' title="bbox 354 5055 1930 5130">
     <span class='ocr_line' id='line_1_97' title="bbox 354 5055 1930 5130; baseline 0.004 -24"><span class='ocrx_word' id='word_1_709' title='bbox 354 5055 546 5109; x_wconf 85' lang='grc' dir='ltr'>εκτικά</span> <span class='ocrx_word' id='word_1_710' title='bbox 567 5073 580 5084; x_wconf 90' lang='grc'>·</span> <span class='ocrx_word' id='word_1_711' title='bbox 608 5055 838 5109; x_wconf 88' lang='grc' dir='ltr'>ἀπιστία</span> <span class='ocrx_word' id='word_1_712' title='bbox 861 5056 992 5128; x_wconf 82' lang='grc' dir='ltr'>γὰρ,</span> <span class='ocrx_word' id='word_1_713' title='bbox 1024 5056 1293 5127; x_wconf 86' lang='grc' dir='ltr'>πονηρίας</span> <span class='ocrx_word' id='word_1_714' title='bbox 1314 5057 1632 5122; x_wconf 84' lang='grc' dir='ltr'>διδάσκαλος</span> <span class='ocrx_word' id='word_1_715' title='bbox 1648 5074 1663 5088; x_wconf 75' lang='grc' dir='ltr'><strong>ο</strong></span> <span class='ocrx_word' id='word_1_716' title='bbox 1694 5059 1930 5130; x_wconf 76' lang='grc' dir='ltr'>πονηρία</span> 
     </span>
    </p>
   </div>
   <div class='ocr_carea' id='block_1_98' title="bbox 355 5142 1928 5222">
    <p class='ocr_par' dir='ltr' id='par_1_98' title="bbox 355 5142 1928 5222">
     <span class='ocr_line' id='line_1_98' title="bbox 355 5142 1928 5222; baseline 0.004 -24"><span class='ocrx_word' id='word_1_717' title='bbox 355 5148 429 5209; x_wconf 79' lang='grc' dir='ltr'><strong>δὲ,</strong></span> <span class='ocrx_word' id='word_1_718' title='bbox 472 5144 770 5218; x_wconf 86' lang='grc' dir='ltr'>σύντροφος</span> <span class='ocrx_word' id='word_1_719' title='bbox 802 5146 1097 5220; x_wconf 79' lang='grc' dir='ltr'>ῥᾳθυμίας,</span> <span class='ocrx_word' id='word_1_720' title='bbox 1138 5142 1207 5220; x_wconf 81' lang='grc' dir='ltr'>ἧς</span> <span class='ocrx_word' id='word_1_721' title='bbox 1235 5151 1268 5220; x_wconf 87' lang='grc' dir='ltr'><strong>ή</strong></span> <span class='ocrx_word' id='word_1_722' title='bbox 1292 5149 1523 5221; x_wconf 86' lang='grc' dir='ltr'>ὀκνηρία</span> <span class='ocrx_word' id='word_1_723' title='bbox 1552 5149 1823 5221; x_wconf 88' lang='grc' dir='ltr'>σύμϐολον</span> <span class='ocrx_word' id='word_1_724' title='bbox 1848 5168 1862 5183; x_wconf 89' lang='grc'><strong>·</strong></span> <span class='ocrx_word' id='word_1_725' title='bbox 1893 5152 1928 5222; x_wconf 83' lang='grc' dir='ltr'><strong>ἢ</strong></span> 
     </span>
    </p>
   </div>
   <div class='ocr_carea' id='block_1_99' title="bbox 358 5238 1931 5314">
    <p class='ocr_par' dir='ltr' id='par_1_99' title="bbox 358 5238 1931 5314">
     <span class='ocr_line' id='line_1_99' title="bbox 358 5238 1931 5314; baseline 0.004 -24"><span class='ocrx_word' id='word_1_726' title='bbox 358 5241 414 5289; x_wconf 79' lang='grc' dir='ltr'><strong>τὸ</strong></span> <span class='ocrx_word' id='word_1_727' title='bbox 433 5238 720 5304; x_wconf 80' lang='grc' dir='ltr'>ἀνάπαλιν,</span> <span class='ocrx_word' id='word_1_728' title='bbox 752 5240 1017 5311; x_wconf 69' lang='grc' dir='ltr'>ῥᾳθυμία,</span> <span class='ocrx_word' id='word_1_729' title='bbox 1044 5240 1313 5311; x_wconf 82' lang='grc' dir='ltr'>πονηρίας</span> <span class='ocrx_word' id='word_1_730' title='bbox 1333 5243 1647 5314; x_wconf 86' lang='grc' dir='ltr'>γεννήτρια,</span> <span class='ocrx_word' id='word_1_731' title='bbox 1674 5244 1748 5306; x_wconf 88' lang='grc' dir='ltr'><strong>ώς</strong></span> <span class='ocrx_word' id='word_1_732' title='bbox 1767 5246 1795 5296; x_wconf 90' lang='grc' dir='ltr'>ὁ</span> <span class='ocrx_word' id='word_1_733' title='bbox 1822 5243 1931 5296; x_wconf 85' lang='grc' dir='ltr'><strong>Κύ-</strong></span> 
     </span>
    </p>
   </div>
   <div class='ocr_carea' id='block_1_100' title="bbox 362 5331 1934 5408">
    <p class='ocr_par' dir='ltr' id='par_1_100' title="bbox 362 5331 1934 5408">
     <span class='ocr_line' id='line_1_100' title="bbox 362 5331 1934 5408; baseline 0.005 -26"><span class='ocrx_word' id='word_1_734' title='bbox 362 5348 472 5401; x_wconf 83' lang='grc' dir='ltr'>ριος</span> <span class='ocrx_word' id='word_1_735' title='bbox 496 5331 729 5404; x_wconf 83' lang='grc' dir='ltr'>ἔφησεν·</span> <span class='ocrx_word' id='word_1_736' title='bbox 768 5351 787 5385; x_wconf 82' lang='lat' dir='ltr'><strong>t</strong></span> <span class='ocrx_word' id='word_1_737' title='bbox 823 5335 1036 5404; x_wconf 82' lang='grc' dir='ltr'>Πονηρέ</span> <span class='ocrx_word' id='word_1_738' title='bbox 1078 5333 1234 5387; x_wconf 86' lang='grc' dir='ltr'>δοῦλε</span> <span class='ocrx_word' id='word_1_739' title='bbox 1264 5335 1358 5387; x_wconf 75' lang='grc' dir='ltr'>καὶ</span> <span class='ocrx_word' id='word_1_740' title='bbox 1384 5334 1608 5405; x_wconf 81' lang='grc' dir='ltr'>ὀκνηρέ.</span> <span class='ocrx_word' id='word_1_741' title='bbox 1637 5355 1656 5387; x_wconf 75' lang='grc' dir='ltr'><strong>ι</strong></span> <span class='ocrx_word' id='word_1_742' title='bbox 1692 5336 1934 5408; x_wconf 86' lang='grc' dir='ltr'>Πονηρία</span> 
     </span>
    </p>
   </div>
   <div class='ocr_carea' id='block_1_101' title="bbox 359 5422 1935 5496">
    <p class='ocr_par' dir='ltr' id='par_1_101' title="bbox 359 5422 1935 5496">
     <span class='ocr_line' id='line_1_101' title="bbox 359 5422 1935 5496; baseline 0.006 -23"><span class='ocrx_word' id='word_1_743' title='bbox 359 5422 433 5487; x_wconf 78' lang='grc' dir='ltr'><strong>δὲ,</strong></span> <span class='ocrx_word' id='word_1_744' title='bbox 473 5424 655 5494; x_wconf 87' lang='grc' dir='ltr'>μήτηρ</span> <span class='ocrx_word' id='word_1_745' title='bbox 697 5424 991 5488; x_wconf 81' lang='grc' dir='ltr'>ἀπιστίαςο</span> <span class='ocrx_word' id='word_1_746' title='bbox 1041 5426 1150 5488; x_wconf 78' lang='grc' dir='ltr'>πᾶς</span> <span class='ocrx_word' id='word_1_747' title='bbox 1198 5424 1308 5495; x_wconf 79' lang='grc' dir='ltr'>γὰρ</span> <span class='ocrx_word' id='word_1_748' title='bbox 1343 5426 1601 5496; x_wconf 76' lang='grc' dir='ltr'>πονηρὸς,</span> <span class='ocrx_word' id='word_1_749' title='bbox 1627 5426 1878 5494; x_wconf 80' lang='grc' dir='ltr'>ἄπιστος,</span> <span class='ocrx_word' id='word_1_750' title='bbox 1905 5431 1935 5483; x_wconf 92' lang='lat'><strong>6</strong></span> 
     </span>
    </p>
   </div>
   <div class='ocr_carea' id='block_1_102' title="bbox 361 5510 1933 5590">
    <p class='ocr_par' dir='ltr' id='par_1_102' title="bbox 361 5510 1933 5590">
     <span class='ocr_line' id='line_1_102' title="bbox 361 5510 1933 5590; baseline 0.006 -27"><span class='ocrx_word' id='word_1_751' title='bbox 361 5513 415 5563; x_wconf 76' lang='grc' dir='ltr'><strong>δὲ</strong></span> <span class='ocrx_word' id='word_1_752' title='bbox 438 5512 512 5584; x_wconf 82' lang='grc' dir='ltr'>μὴ</span> <span class='ocrx_word' id='word_1_753' title='bbox 546 5516 841 5580; x_wconf 90' lang='grc' dir='ltr'>πιστεύων,</span> <span class='ocrx_word' id='word_1_754' title='bbox 874 5515 970 5568; x_wconf 71' lang='grc' dir='ltr'>καὶ</span> <span class='ocrx_word' id='word_1_755' title='bbox 1000 5514 1204 5583; x_wconf 80' lang='grc' dir='ltr'>ἄφοϐος</span> <span class='ocrx_word' id='word_1_756' title='bbox 1234 5515 1376 5586; x_wconf 84' lang='grc' dir='ltr'><strong>Θεῷ.</strong></span> <span class='ocrx_word' id='word_1_757' title='bbox 1419 5516 1508 5582; x_wconf 78' lang='grc' dir='ltr'><strong>Ἐξ</strong></span> <span class='ocrx_word' id='word_1_758' title='bbox 1540 5510 1608 5588; x_wconf 79' lang='grc' dir='ltr'>ἦς</span> <span class='ocrx_word' id='word_1_759' title='bbox 1631 5517 1665 5588; x_wconf 84' lang='grc' dir='ltr'><strong>ή</strong></span> <span class='ocrx_word' id='word_1_760' title='bbox 1688 5518 1933 5590; x_wconf 72' lang='grc' dir='ltr'>ῥᾳθυμία</span> 
     </span>
    </p>
   </div>
   <div class='ocr_carea' id='block_1_103' title="bbox 365 5605 1934 5683">
    <p class='ocr_par' dir='ltr' id='par_1_103' title="bbox 365 5605 1934 5683">
     <span class='ocr_line' id='line_1_103' title="bbox 365 5605 1934 5683; baseline 0.008 -29"><span class='ocrx_word' id='word_1_761' title='bbox 365 5606 638 5670; x_wconf 79' lang='grc' dir='ltr'>γεννᾶται,</span> <span class='ocrx_word' id='word_1_762' title='bbox 673 5606 706 5676; x_wconf 91' lang='grc' dir='ltr'><strong>ή</strong></span> <span class='ocrx_word' id='word_1_763' title='bbox 737 5606 923 5678; x_wconf 85' lang='grc' dir='ltr'>μήτηρ</span> <span class='ocrx_word' id='word_1_764' title='bbox 967 5606 1068 5677; x_wconf 86' lang='grc' dir='ltr'>τῆς</span> <span class='ocrx_word' id='word_1_765' title='bbox 1100 5609 1588 5679; x_wconf 82' lang='grc' dir='ltr'>καταφρονήσεως,</span> <span class='ocrx_word' id='word_1_766' title='bbox 1616 5609 1683 5663; x_wconf 79' lang='grc' dir='ltr'>δι’</span> <span class='ocrx_word' id='word_1_767' title='bbox 1705 5605 1775 5683; x_wconf 83' lang='grc' dir='ltr'>ἧς</span> <span class='ocrx_word' id='word_1_768' title='bbox 1825 5613 1934 5666; x_wconf 83' lang='grc' dir='ltr'><strong>πᾶν</strong></span> 
     </span>
    </p>
   </div>
   <div class='ocr_carea' id='block_1_104' title="bbox 367 5695 1800 5772">
    <p class='ocr_par' dir='ltr' id='par_1_104' title="bbox 367 5695 1800 5772">
     <span class='ocr_line' id='line_1_104' title="bbox 367 5695 1800 5772; baseline 0.008 -25"><span class='ocrx_word' id='word_1_769' title='bbox 367 5695 560 5757; x_wconf 78' lang='grc' dir='ltr'>ἀγαθὸν</span> <span class='ocrx_word' id='word_1_770' title='bbox 580 5698 889 5768; x_wconf 86' lang='grc' dir='ltr'>ἀμελεῖται,</span> <span class='ocrx_word' id='word_1_771' title='bbox 922 5700 1017 5753; x_wconf 80' lang='grc' dir='ltr'>καὶ</span> <span class='ocrx_word' id='word_1_772' title='bbox 1037 5699 1148 5752; x_wconf 73' lang='grc' dir='ltr'>πᾶν</span> <span class='ocrx_word' id='word_1_773' title='bbox 1181 5699 1352 5753; x_wconf 84' lang='grc' dir='ltr'>κακὸν</span> <span class='ocrx_word' id='word_1_774' title='bbox 1379 5699 1800 5772; x_wconf 84' lang='grc' dir='ltr'>διαπράττεται.</span> 
     </span>
    </p>
   </div>
   <div class='ocr_carea' id='block_1_105' title="bbox 435 5787 1933 5865">
    <p class='ocr_par' dir='ltr' id='par_1_105' title="bbox 435 5787 1933 5865">
     <span class='ocr_line' id='line_1_105' title="bbox 435 5787 1933 5865; baseline 0.007 -24"><span class='ocrx_word' id='word_1_775' title='bbox 435 5787 575 5860; x_wconf 70' lang='grc' dir='ltr'><strong>ρλις⁹⁸</strong></span> <span class='ocrx_word' id='word_1_776' title='bbox 626 5791 764 5860; x_wconf 72' lang='grc' dir='ltr'>Δόξα</span> <span class='ocrx_word' id='word_1_777' title='bbox 803 5793 931 5864; x_wconf 82' lang='grc' dir='ltr'><strong>περὶ</strong></span> <span class='ocrx_word' id='word_1_778' title='bbox 984 5791 1119 5847; x_wconf 82' lang='grc' dir='ltr'>Θεοῦ</span> <span class='ocrx_word' id='word_1_779' title='bbox 1175 5792 1399 5865; x_wconf 75' lang='grc' dir='ltr'>ἀληθής,</span> <span class='ocrx_word' id='word_1_780' title='bbox 1445 5794 1538 5849; x_wconf 67' lang='grc' dir='ltr'><strong>καὶ</strong></span> <span class='ocrx_word' id='word_1_781' title='bbox 1585 5795 1787 5864; x_wconf 79' lang='grc' dir='ltr'>γνῶσις</span> <span class='ocrx_word' id='word_1_782' title='bbox 1822 5795 1933 5852; x_wconf 85' lang='grc' dir='ltr'><strong>τῶν</strong></span> 
     </span>
    </p>
   </div>
   <div class='ocr_carea' id='block_1_106' title="bbox 2032 4609 3602 4679">
    <p class='ocr_par' dir='ltr' id='par_1_106' title="bbox 2032 4609 3602 4679">
     <span class='ocr_line' id='line_1_106' title="bbox 2032 4609 3602 4679; baseline 0.004 -17"><span class='ocrx_word' id='word_1_783' title='bbox 2032 4610 2344 4664; x_wconf 68' lang='lat' dir='ltr'><strong>viviscmttis</strong></span> <span class='ocrx_word' id='word_1_784' title='bbox 2373 4609 2567 4663; x_wconf 73' lang='lat' dir='ltr'><strong>anima:</strong></span> <span class='ocrx_word' id='word_1_785' title='bbox 2605 4622 2865 4678; x_wconf 75' lang='lat' dir='ltr'><strong>negantes</strong></span> <span class='ocrx_word' id='word_1_786' title='bbox 2906 4612 3388 4679; x_wconf 84' lang='lat' dir='ltr'><strong>resurrectionem,</strong></span> <span class='ocrx_word' id='word_1_787' title='bbox 3426 4612 3482 4666; x_wconf 88' lang='lat' dir='ltr'><strong>in</strong></span> <span class='ocrx_word' id='word_1_788' title='bbox 3517 4628 3602 4668; x_wconf 91' lang='lat' dir='ltr'><strong>se-</strong></span> 
     </span>
    </p>
   </div>
   <div class='ocr_carea' id='block_1_107' title="bbox 2032 4701 3606 4773">
    <p class='ocr_par' dir='ltr' id='par_1_107' title="bbox 2032 4701 3606 4773">
     <span class='ocr_line' id='line_1_107' title="bbox 2032 4701 3606 4773; baseline 0.006 -24"><span class='ocrx_word' id='word_1_789' title='bbox 2032 4701 2235 4771; x_wconf 81' lang='lat' dir='ltr'><strong>pulcris</strong></span> <span class='ocrx_word' id='word_1_790' title='bbox 2280 4701 2494 4771; x_wconf 80' lang='lat' dir='ltr'><strong>inglorii</strong></span> <span class='ocrx_word' id='word_1_791' title='bbox 2540 4701 2793 4756; x_wconf 85' lang='lat' dir='ltr'><strong>habitare</strong></span> <span class='ocrx_word' id='word_1_792' title='bbox 2834 4703 3086 4773; x_wconf 89' lang='lat' dir='ltr'><strong>cupiunt.</strong></span> <span class='ocrx_word' id='word_1_793' title='bbox 3122 4702 3372 4758; x_wconf 75' lang='lat' dir='ltr'><strong>Eri-orem</strong></span> <span class='ocrx_word' id='word_1_794' title='bbox 3416 4707 3606 4760; x_wconf 84' lang='lat' dir='ltr'><strong>subse-</strong></span> 
     </span>
    </p>
   </div>
   <div class='ocr_carea' id='block_1_108' title="bbox 2030 4791 3604 4861">
    <p class='ocr_par' dir='ltr' id='par_1_108' title="bbox 2030 4791 3604 4861">
     <span class='ocr_line' id='line_1_108' title="bbox 2030 4791 3604 4861; baseline 0.005 -17"><span class='ocrx_word' id='word_1_795' title='bbox 2030 4801 2276 4861; x_wconf 83' lang='lat' dir='ltr'><strong>quuntur</strong></span> <span class='ocrx_word' id='word_1_796' title='bbox 2321 4792 2423 4845; x_wconf 85' lang='lat' dir='ltr'><strong>tria</strong></span> <span class='ocrx_word' id='word_1_797' title='bbox 2470 4791 2584 4846; x_wconf 69' lang='lat' dir='ltr'><strong>luce</strong></span> <span class='ocrx_word' id='word_1_798' title='bbox 2626 4791 2757 4846; x_wconf 85' lang='lat' dir='ltr'><strong>vitia</strong></span> <span class='ocrx_word' id='word_1_799' title='bbox 2804 4807 2824 4846; x_wconf 89' lang='lat'><strong><em>:</em></strong></span> <span class='ocrx_word' id='word_1_800' title='bbox 2872 4793 3246 4860; x_wconf 88' lang='lat' dir='ltr'><strong>incredulitas,</strong></span> <span class='ocrx_word' id='word_1_801' title='bbox 3299 4796 3500 4849; x_wconf 77' lang='lat' dir='ltr'><strong>malitia</strong></span> <span class='ocrx_word' id='word_1_802' title='bbox 3550 4808 3604 4852; x_wconf 83' lang='lat' dir='ltr'><strong>ct</strong></span> 
     </span>
    </p>
   </div>
   <div class='ocr_carea' id='block_1_109' title="bbox 2031 4883 3600 4954">
    <p class='ocr_par' dir='ltr' id='par_1_109' title="bbox 2031 4883 3600 4954">
     <span class='ocr_line' id='line_1_109' title="bbox 2031 4883 3600 4954; baseline 0.005 -17"><span class='ocrx_word' id='word_1_803' title='bbox 2031 4883 2266 4953; x_wconf 72' lang='lat' dir='ltr'><strong>ignavia.</strong></span> <span class='ocrx_word' id='word_1_804' title='bbox 2301 4883 2428 4939; x_wconf 75' lang='lat' dir='ltr'><strong>Haec</strong></span> <span class='ocrx_word' id='word_1_805' title='bbox 2455 4898 2516 4939; x_wconf 89' lang='lat' dir='ltr'><strong>se</strong></span> <span class='ocrx_word' id='word_1_806' title='bbox 2546 4884 2777 4939; x_wconf 85' lang='lat' dir='ltr'><strong>invicem</strong></span> <span class='ocrx_word' id='word_1_807' title='bbox 2809 4895 3077 4954; x_wconf 84' lang='lat' dir='ltr'><strong>generant</strong></span> <span class='ocrx_word' id='word_1_808' title='bbox 3120 4895 3173 4941; x_wconf 92' lang='lat' dir='ltr'><strong>et</strong></span> <span class='ocrx_word' id='word_1_809' title='bbox 3212 4899 3538 4944; x_wconf 84' lang='lat' dir='ltr'><strong>conservant</strong></span> <span class='ocrx_word' id='word_1_810' title='bbox 3584 4908 3600 4950; x_wconf 70' lang='grc' dir='ltr'><strong>ι</strong></span> 
     </span>
    </p>
   </div>
   <div class='ocr_carea' id='block_1_110' title="bbox 2030 4975 3604 5045">
    <p class='ocr_par' dir='ltr' id='par_1_110' title="bbox 2030 4975 3604 5045">
     <span class='ocr_line' id='line_1_110' title="bbox 2030 4975 3604 5045; baseline 0.004 -16"><span class='ocrx_word' id='word_1_811' title='bbox 2030 4975 2380 5030; x_wconf 87' lang='lat' dir='ltr'><strong>incredulitas</strong></span> <span class='ocrx_word' id='word_1_812' title='bbox 2407 4976 2551 5030; x_wconf 91' lang='lat' dir='ltr'><strong>enim</strong></span> <span class='ocrx_word' id='word_1_813' title='bbox 2577 4985 2659 5031; x_wconf 89' lang='lat' dir='ltr'><strong>est</strong></span> <span class='ocrx_word' id='word_1_814' title='bbox 2684 4975 2904 5030; x_wconf 69' lang='lat' dir='ltr'><strong>malitia:</strong></span> <span class='ocrx_word' id='word_1_815' title='bbox 2931 4975 3187 5045; x_wconf 77' lang='lat' dir='ltr'><strong>magistra</strong></span> <span class='ocrx_word' id='word_1_816' title='bbox 3215 4995 3230 5043; x_wconf 87' lang='lat'><strong>;</strong></span> <span class='ocrx_word' id='word_1_817' title='bbox 3266 4979 3470 5035; x_wconf 85' lang='lat' dir='ltr'><strong>malitia</strong></span> <span class='ocrx_word' id='word_1_818' title='bbox 3506 4996 3604 5034; x_wconf 90' lang='lat' dir='ltr'><strong>au-</strong></span> 
     </span>
    </p>
   </div>
   <div class='ocr_carea' id='block_1_111' title="bbox 2034 5069 3604 5141">
    <p class='ocr_par' dir='ltr' id='par_1_111' title="bbox 2034 5069 3604 5141">
     <span class='ocr_line' id='line_1_111' title="bbox 2034 5069 3604 5141; baseline 0.003 -17"><span class='ocrx_word' id='word_1_819' title='bbox 2034 5082 2140 5124; x_wconf 89' lang='lat' dir='ltr'><strong>tem</strong></span> <span class='ocrx_word' id='word_1_820' title='bbox 2171 5085 2355 5127; x_wconf 87' lang='lat' dir='ltr'><strong>comes</strong></span> <span class='ocrx_word' id='word_1_821' title='bbox 2386 5070 2638 5140; x_wconf 82' lang='lat' dir='ltr'><strong>ignaviae,</strong></span> <span class='ocrx_word' id='word_1_822' title='bbox 2673 5070 2829 5138; x_wconf 81' lang='lat' dir='ltr'><strong>cujus</strong></span> <span class='ocrx_word' id='word_1_823' title='bbox 2864 5069 3079 5139; x_wconf 81' lang='lat' dir='ltr'><strong>signum</strong></span> <span class='ocrx_word' id='word_1_824' title='bbox 3119 5080 3203 5125; x_wconf 85' lang='lat' dir='ltr'><strong>est</strong></span> <span class='ocrx_word' id='word_1_825' title='bbox 3242 5074 3477 5141; x_wconf 76' lang='lat' dir='ltr'><strong>pigritia,</strong></span> <span class='ocrx_word' id='word_1_826' title='bbox 3509 5086 3604 5129; x_wconf 84' lang='lat' dir='ltr'><strong>aut</strong></span> 
     </span>
    </p>
   </div>
   <div class='ocr_carea' id='block_1_112' title="bbox 2030 5161 3604 5243">
    <p class='ocr_par' dir='ltr' id='par_1_112' title="bbox 2030 5161 3604 5243">
     <span class='ocr_line' id='line_1_112' title="bbox 2030 5161 3604 5243; baseline 0.003 -26"><span class='ocrx_word' id='word_1_827' title='bbox 2030 5165 2148 5243; x_wconf 75' lang='lat' dir='ltr'><strong>vice</strong></span> <span class='ocrx_word' id='word_1_828' title='bbox 2181 5179 2334 5218; x_wconf 87' lang='lat' dir='ltr'><strong>versa</strong></span> <span class='ocrx_word' id='word_1_829' title='bbox 2382 5164 2597 5233; x_wconf 85' lang='lat' dir='ltr'><strong>ignavia</strong></span> <span class='ocrx_word' id='word_1_830' title='bbox 2640 5171 2726 5217; x_wconf 82' lang='lat' dir='ltr'><strong>est</strong></span> <span class='ocrx_word' id='word_1_831' title='bbox 2751 5161 2970 5217; x_wconf 65' lang='lat' dir='ltr'><strong>malitia:</strong></span> <span class='ocrx_word' id='word_1_832' title='bbox 3006 5170 3203 5227; x_wconf 88' lang='lat' dir='ltr'><strong>mater,</strong></span> <span class='ocrx_word' id='word_1_833' title='bbox 3237 5174 3297 5218; x_wconf 83' lang='grc' dir='ltr'><strong>ιιι</strong></span> <span class='ocrx_word' id='word_1_834' title='bbox 3343 5163 3604 5223; x_wconf 77' lang='lat' dir='ltr'><strong>Dominus</strong></span> 
     </span>
    </p>
   </div>
   <div class='ocr_carea' id='block_1_113' title="bbox 2026 5252 3606 5327">
    <p class='ocr_par' dir='ltr' id='par_1_113' title="bbox 2026 5252 3606 5327">
     <span class='ocr_line' id='line_1_113' title="bbox 2026 5252 3606 5327; baseline 0.001 -16"><span class='ocrx_word' id='word_1_835' title='bbox 2026 5256 2155 5311; x_wconf 67' lang='lat' dir='ltr'><strong>dicit</strong></span> <span class='ocrx_word' id='word_1_836' title='bbox 2188 5255 2406 5327; x_wconf 80' lang='lat' dir='ltr'><strong>(Matth.</strong></span> <span class='ocrx_word' id='word_1_837' title='bbox 2442 5268 2573 5319; x_wconf 78' lang='lat' dir='ltr'><strong>xxv,</strong></span> <span class='ocrx_word' id='word_1_838' title='bbox 2601 5252 2760 5322; x_wconf 42' lang='lat'><strong>26);</strong></span> <span class='ocrx_word' id='word_1_839' title='bbox 2781 5252 2949 5308; x_wconf 85' lang='lat' dir='ltr'><strong>Serve</strong></span> <span class='ocrx_word' id='word_1_840' title='bbox 2980 5255 3122 5310; x_wconf 89' lang='lat' dir='ltr'><strong>male</strong></span> <span class='ocrx_word' id='word_1_841' title='bbox 3154 5265 3208 5311; x_wconf 89' lang='lat' dir='ltr'><strong>et</strong></span> <span class='ocrx_word' id='word_1_842' title='bbox 3242 5258 3411 5326; x_wconf 66' lang='lat' dir='ltr'><strong>piger.</strong></span> <span class='ocrx_word' id='word_1_843' title='bbox 3454 5276 3472 5309; x_wconf 72' lang='grc' dir='ltr'><strong>ι</strong></span> <span class='ocrx_word' id='word_1_844' title='bbox 3499 5257 3606 5312; x_wconf 70' lang='lat' dir='ltr'><strong>lla-</strong></span> 
     </span>
    </p>
   </div>
   <div class='ocr_carea' id='block_1_114' title="bbox 2026 5346 3603 5417">
    <p class='ocr_par' dir='ltr' id='par_1_114' title="bbox 2026 5346 3603 5417">
     <span class='ocr_line' id='line_1_114' title="bbox 2026 5346 3603 5417; baseline -0.001 -12"><span class='ocrx_word' id='word_1_845' title='bbox 2026 5348 2142 5405; x_wconf 88' lang='lat' dir='ltr'><strong>litia</strong></span> <span class='ocrx_word' id='word_1_846' title='bbox 2187 5349 2316 5404; x_wconf 87' lang='lat' dir='ltr'><strong>item</strong></span> <span class='ocrx_word' id='word_1_847' title='bbox 2357 5358 2444 5402; x_wconf 89' lang='lat' dir='ltr'><strong>est</strong></span> <span class='ocrx_word' id='word_1_848' title='bbox 2487 5346 2892 5402; x_wconf 87' lang='lat' dir='ltr'><strong>incredulitatis</strong></span> <span class='ocrx_word' id='word_1_849' title='bbox 2933 5360 3134 5417; x_wconf 88' lang='lat' dir='ltr'><strong>parens</strong></span> <span class='ocrx_word' id='word_1_850' title='bbox 3175 5363 3192 5404; x_wconf 91' lang='lat'><strong>:</strong></span> <span class='ocrx_word' id='word_1_851' title='bbox 3235 5349 3417 5403; x_wconf 89' lang='lat' dir='ltr'><strong>omnis</strong></span> <span class='ocrx_word' id='word_1_852' title='bbox 3458 5350 3603 5403; x_wconf 87' lang='lat' dir='ltr'><strong>enim</strong></span> 
     </span>
    </p>
   </div>
   <div class='ocr_carea' id='block_1_115' title="bbox 2028 5438 3601 5508">
    <p class='ocr_par' dir='ltr' id='par_1_115' title="bbox 2028 5438 3601 5508">
     <span class='ocr_line' id='line_1_115' title="bbox 2028 5438 3601 5508; baseline 0 -14"><span class='ocrx_word' id='word_1_853' title='bbox 2028 5440 2224 5503; x_wconf 84' lang='lat' dir='ltr'><strong>malus.</strong></span> <span class='ocrx_word' id='word_1_854' title='bbox 2248 5438 2570 5495; x_wconf 86' lang='lat' dir='ltr'><strong>incredulus</strong></span> <span class='ocrx_word' id='word_1_855' title='bbox 2589 5446 2708 5505; x_wconf 87' lang='lat' dir='ltr'><strong>est;</strong></span> <span class='ocrx_word' id='word_1_856' title='bbox 2730 5446 2786 5493; x_wconf 92' lang='lat' dir='ltr'><strong>et</strong></span> <span class='ocrx_word' id='word_1_857' title='bbox 2810 5439 2904 5508; x_wconf 91' lang='lat' dir='ltr'><strong>qui</strong></span> <span class='ocrx_word' id='word_1_858' title='bbox 2933 5455 3039 5495; x_wconf 93' lang='lat' dir='ltr'><strong>non</strong></span> <span class='ocrx_word' id='word_1_859' title='bbox 3070 5438 3268 5505; x_wconf 85' lang='lat' dir='ltr'><strong>credit,</strong></span> <span class='ocrx_word' id='word_1_860' title='bbox 3300 5440 3466 5493; x_wconf 86' lang='lat' dir='ltr'><strong>Deum</strong></span> <span class='ocrx_word' id='word_1_861' title='bbox 3496 5455 3601 5494; x_wconf 86' lang='lat' dir='ltr'><strong>nec</strong></span> 
     </span>
    </p>
   </div>
   <div class='ocr_carea' id='block_1_116' title="bbox 2031 5530 3605 5602">
    <p class='ocr_par' dir='ltr' id='par_1_116' title="bbox 2031 5530 3605 5602">
     <span class='ocr_line' id='line_1_116' title="bbox 2031 5530 3605 5602; baseline -0.001 -15"><span class='ocrx_word' id='word_1_862' title='bbox 2031 5532 2186 5587; x_wconf 86' lang='lat' dir='ltr'><strong>timet</strong></span> <span class='ocrx_word' id='word_1_863' title='bbox 2217 5548 2234 5587; x_wconf 91' lang='lat'><strong>:</strong></span> <span class='ocrx_word' id='word_1_864' title='bbox 2261 5539 2316 5586; x_wconf 91' lang='lat' dir='ltr'><strong>et</strong></span> <span class='ocrx_word' id='word_1_865' title='bbox 2340 5544 2404 5585; x_wconf 82' lang='lat' dir='ltr'><strong>ex</strong></span> <span class='ocrx_word' id='word_1_866' title='bbox 2444 5530 2547 5586; x_wconf 88' lang='lat' dir='ltr'><strong>hac</strong></span> <span class='ocrx_word' id='word_1_867' title='bbox 2566 5530 2810 5586; x_wconf 86' lang='lat' dir='ltr'><strong>nascitur</strong></span> <span class='ocrx_word' id='word_1_868' title='bbox 2842 5532 3054 5602; x_wconf 87' lang='lat' dir='ltr'><strong>ignavia</strong></span> <span class='ocrx_word' id='word_1_869' title='bbox 3085 5539 3259 5585; x_wconf 86' lang='lat' dir='ltr'><strong>mater</strong></span> <span class='ocrx_word' id='word_1_870' title='bbox 3289 5531 3605 5600; x_wconf 80' lang='lat' dir='ltr'><strong>despectio-</strong></span> 
     </span>
    </p>
   </div>
   <div class='ocr_carea' id='block_1_117' title="bbox 2025 5621 3605 5694">
    <p class='ocr_par' dir='ltr' id='par_1_117' title="bbox 2025 5621 3605 5694">
     <span class='ocr_line' id='line_1_117' title="bbox 2025 5621 3605 5694; baseline 0 -14"><span class='ocrx_word' id='word_1_871' title='bbox 2025 5626 2147 5691; x_wconf 86' lang='lat' dir='ltr'><strong>nis,</strong></span> <span class='ocrx_word' id='word_1_872' title='bbox 2196 5637 2292 5694; x_wconf 88' lang='lat' dir='ltr'><strong>per</strong></span> <span class='ocrx_word' id='word_1_873' title='bbox 2329 5636 2496 5692; x_wconf 85' lang='lat' dir='ltr'><strong>quam</strong></span> <span class='ocrx_word' id='word_1_874' title='bbox 2538 5637 2703 5680; x_wconf 85' lang='lat' dir='ltr'><strong>omne</strong></span> <span class='ocrx_word' id='word_1_875' title='bbox 2744 5623 2950 5681; x_wconf 85' lang='lat' dir='ltr'><strong>bonum</strong></span> <span class='ocrx_word' id='word_1_876' title='bbox 3016 5621 3392 5687; x_wconf 85' lang='lat' dir='ltr'><strong>committitur,</strong></span> <span class='ocrx_word' id='word_1_877' title='bbox 3440 5637 3605 5680; x_wconf 81' lang='lat' dir='ltr'><strong>omne</strong></span> 
     </span>
    </p>
   </div>
   <div class='ocr_carea' id='block_1_118' title="bbox 2029 5714 2562 5773">
    <p class='ocr_par' dir='ltr' id='par_1_118' title="bbox 2029 5714 2562 5773">
     <span class='ocr_line' id='line_1_118' title="bbox 2029 5714 2562 5773; baseline -0.004 0"><span class='ocrx_word' id='word_1_878' title='bbox 2029 5717 2231 5773; x_wconf 88' lang='lat' dir='ltr'><strong>malum</strong></span> <span class='ocrx_word' id='word_1_879' title='bbox 2265 5714 2562 5771; x_wconf 88' lang='lat' dir='ltr'><strong>omittitur.</strong></span> 
     </span>
    </p>
   </div>
   <div class='ocr_carea' id='block_1_119' title="bbox 2099 5805 3609 5879">
    <p class='ocr_par' dir='ltr' id='par_1_119' title="bbox 2099 5805 3609 5879">
     <span class='ocr_line' id='line_1_119' title="bbox 2099 5805 3609 5879; baseline -0.002 -13"><span class='ocrx_word' id='word_1_880' title='bbox 2099 5808 2226 5867; x_wconf 73' lang='lat'><strong>136.</strong></span> <span class='ocrx_word' id='word_1_881' title='bbox 2252 5809 2399 5867; x_wconf 84' lang='lat' dir='ltr'><strong>Laus</strong></span> <span class='ocrx_word' id='word_1_882' title='bbox 2421 5807 2515 5868; x_wconf 82' lang='lat' dir='ltr'><strong>Dei</strong></span> <span class='ocrx_word' id='word_1_883' title='bbox 2549 5824 2698 5879; x_wconf 83' lang='lat' dir='ltr'><strong>vera,</strong></span> <span class='ocrx_word' id='word_1_884' title='bbox 2723 5817 2778 5866; x_wconf 89' lang='lat' dir='ltr'><strong>et</strong></span> <span class='ocrx_word' id='word_1_885' title='bbox 2809 5805 3037 5866; x_wconf 87' lang='lat' dir='ltr'><strong>scientia</strong></span> <span class='ocrx_word' id='word_1_886' title='bbox 3072 5820 3251 5863; x_wconf 86' lang='lat' dir='ltr'><strong>rerum</strong></span> <span class='ocrx_word' id='word_1_887' title='bbox 3281 5814 3452 5872; x_wconf 88' lang='lat' dir='ltr'><strong>certa,</strong></span> <span class='ocrx_word' id='word_1_888' title='bbox 3479 5818 3609 5875; x_wconf 61' lang='lat' dir='ltr'><strong>perv</strong></span> 
     </span>
    </p>
   </div>
  </div>
