4102 6344
367 369 510 437 1305

1476 373 1571 432 DE
1619 375 1901 446 QUIE'I‘E
1946 379 2038 439 ΕΤ
2091 384 2508 448 (ἒὶἰᾹΤὶΟΝΕ.

3482 397 3617 460 13M

367 501 398 569 ἢ
431 501 528 571 τῆς
555 500 642 569 ὕγι⁹
671 499 874 571 ἐτέρων
903 499 1183 570 Πατέρων,
1219 494 1264 553 ὦ
1292 501 1619 571 σημειοφόρε
1656 502 1883 570 Λογγῖνε
1915 503 1930 556 l

2047 496 2271 553 aliorum
2300 500 2542 568 Patrum,
2576 518 2609 557 ο
2643 504 2868 573 signifer
2908 504 3171 578 Longino,
3196 509 3288 565 sed
3323 511 3400 566 sic
3428 528 3548 567 esse
3584 533 3612 568 a

367 595 480 646 ἀλλ’
509 591 684 656 οῦτως
716 588 854 645 εἶναι
893 591 1282 655 θεοδιδάκτους.
1308 593 1559 646 Ἔσονται
1599 596 1727 663 γὰρ,
1779 596 1934 664 φησὶ,

368 688 567 746 πάντες
596 685 831 736 διδακτοὶ
861 683 1001 752 Θεῷ,
1029 683 1104 746 ὡς
1146 685 1204 749 ἐξ
1225 685 1386 738 αὑτοῦ
1416 687 1511 738 καὶ
1541 686 1610 738 δι’
1642 688 1806 738 αὐτοῦ
1846 703 1934 754 γι-

367 795 598 846 νωσκειν
625 794 683 828 τε
715 778 808 828 καὶ
856 776 1145 843 μανθάνειν
1185 777 1250 829 τά
1285 778 1650 848 συμφέροντα,
1681 779 1741 830 οὐ
1780 781 1938 849 μόνον

369 871 536 939 ἡμᾶς,
565 870 698 924 ἀλλὰ
721 869 822 921 καὶΔ
847 869 1062 921 ἅπαντα
1096 871 1187 921 τὸν
1220 870 1328 923 τῶν
1354 871 1561 922 πιστῶν
1587 871 1838 932 ἕκαστον,
1861 871 1938 934 ῶς

365 965 458 1014 τὶν
489 964 652 1030 νόμον
689 963 783 1014 τοῦ
837 963 1151 1030 Πνεύματος
1201 966 1257 1014 ἐν
1300 966 1415 1025 ταῖς
1467 964 1628 1027 πλαξὶ
1660 964 1767 1016 τῶν
1799 981 1938 1034 καρ-

365 1056 492 1107 διῶν
524 1053 681 1123 ήμῶν
709 1054 895 1123 φέρειν
943 1054 1417 1125 ἐγγεγραμμένον,
1445 1057 1538 1108 καὶ
1570 1056 1809 1125 ἁμέσως,
1842 1055 1936 1108 καὶ

361 1144 724 1215 χερουϐικῶς,
771 1145 830 1196 τὸ
877 1143 1151 1208 ἐξαίσιον,
1203 1147 1280 1214 τῷ
1342 1146 1514 1217 Ἰησοῦ
1558 1147 1643 1198 διὰ
1689 1147 1936 1217 καθαρᾶς

363 1239 672 1306 προσευχῆς
685 1237 1037 1306 προσομιλεῖν
1059 1237 1417 1307 ἠξιωμένους.
1436 1238 1653 1308 Ἐπειδὴ
1674 1239 1729 1291 δὲ
1750 1241 1936 1308 νήπιοι

365 1328 508 1382 κατὰ
539 1329 628 1381 τὸν
654 1329 845 1400 καιρὸν
891 1331 989 1400 τῆς
1031 1329 1387 1392 ἀναπλάσεώς
1441 1331 1630 1399 ἐσμεν,
1669 1331 1804 1399 μήτε
1836 1331 1935 1402 τὴν

364 1424 526 1492 χάριν
559 1420 832 1487 νοοῦντες,
886 1424 1024 1492 μήτε
1077 1422 1174 1490 τὴν
1215 1422 1512 1490 καινότητα
1579 1425 1934 1494 συνορῶντες,

362 1514 687 1584 ἀγνοοῦντες
713 1514 769 1567 δὲ
823 1515 1023 1582 μᾶλλον
1063 1514 1122 1566 τὸ
1163 1514 1504 1584 ὑπερϐάλλον
1553 1516 1781 1584 μέγεθος
1835 1517 1935 1587 τῆς

359 1609 528 1678 τιμῆς
556 1624 614 1659 τε
645 1606 736 1660 καὶ
765 1607 921 1676 δόξης
947 1601 1015 1677 ἦς
1039 1607 1427 1676 μετελάϐομεν,
1479 1609 1571 1660 καὶ
1614 1609 1696 1660 ὅτι
1734 1609 1935 1674 ὀφείλο-

364 1719 468 1771 μεν
495 1699 584 1754 διά
615 1701 723 1753 τῶν
755 1699 982 1752 ἐντολῶν
1029 1699 1276 1769 ψυχικῶς
1307 1701 1401 1753 καὶ⁸
1426 1701 1811 1768 πνευματικῶς
1836 1702 1930 1754 αῦ-

361 1789 648 1861 ξηνθῆναι,
674 1791 767 1844 καὶ
788 1790 916 1844 ἰδεῖν
941 1792 1162 1861 νοερῶς,
1183 1792 1320 1858 ὅπερ
1344 1791 1630 1860 ἐλάϐομεν,
1657 1792 1931 1862 πίπτομεν

356 1881 450 1933 διὰ
473 1881 574 1950 τῆς
598 1876 858 1949 ἀμελείας
906 1878 998 1932 καὶ
1027 1879 1446 1948 ἐμπαθεστάτης
1473 1879 1639 1946 ἕξεως
1667 1883 1744 1944 είς
1776 1883 1930 1935 ἀναι-

356 1970 594 2042 σθησίαν
617 1972 712 2024 καὶ
747 1971 1012 2025 σκότωσιν
1049 1973 1097 2024 οἱ
1138 1971 1362 2034 πολλοὶ,
1399 1973 1494 2025 καὶ
1547 1973 1667 2025 οὐδὲ
1715 1974 1764 2025 εί
1809 1973 1926 2027 ἐστι

339 2077 482 2139 Θεὸς
513 2074 876 2144 γινώσκομεν,
921 2072 1041 2125 οὐδὲ
1094 2069 1238 2134 τίνες
1286 2070 1472 2140 ἐσμὲν,
1524 2069 1736 2141 ἢποῖοι
1769 2072 1930 2141 γεγό-

339 2183 544 2238 ναμεν,
594 2167 703 2220 υἱοὶ
751 2164 911 2229 Θεοῦ,
968 2163 1064 2218 καὶΙ
1098 2163 1204 2216 υίοὶ
1233 2161 1434 2230 φωτὸς,
1497 2162 1593 2215 καὶ
1633 2162 1800 2215 τέκνα
1834 2163 1928 2218 καὶ

346 2263 491 2331 μέλη
520 2258 758 2330 Χριστοῦ
788 2257 1096 2326 γεγονότες.
1126 2256 1191 2310 Εί
1215 2255 1273 2309 δὲ
1301 2257 1398 2309 καὶ
1436 2255 1629 2326 ἄνδρες
1668 2255 1928 2325 βαπτιζῶ

346 2353 516 2424 μεθα,
553 2351 694 2422 πλὴν
727 2349 842 2404 ἀλλ’
866 2351 925 2403 ἐν
949 2347 1099 2402 ῦδατι
1129 2348 1310 2419 μόνον,
1338 2349 1433 2401 καὶ
1452 2348 1511 2400 οὐ
1539 2348 1816 2418 Πνεύματι
1843 2349 1927 2401 al-

347 2441 698 2512 σθανόμεθαο
734 2440 784 2492 εί
809 2438 867 2492 δὲ
891 2437 986 2492 καὶ
1013 2438 1070 2490 ἐν
1115 2437 1393 2506 Πνεύματι
1425 2435 1922 2506 καινουργούμεθα,

344 2534 686 2602 πιστεύομεν
716 2531 803 2586 διὰ
851 2529 1015 2600 ψιλῆς
1054 2529 1290 2592 πίστεως
1318 2528 1420 2597 τῆς
1453 2529 1655 2598 νεκρᾶς
1688 2528 1784 2581 καὶ
1828 2528 1928 2580 οῦκ

347 2626 783 2698 ἐνεργουμένης,
817 2625 914 2677 καὶ
940 2624 997 2676 ἐν
1031 2621 1254 2693 διψυχίᾳ
1287 2620 1531 2690 γίνεσθαι
1559 2619 1812 2690 λέγομεν.
1833 2618 1928 2672 καὶ

346 2720 530 2782 οὕτως
577 2717 903 2786 αὐτόχρημα
948 2714 1149 2784 σάρκες
1187 2714 1362 2775 ὄντες,
1412 2711 1688 2782 σαρκικῶς
1722 2708 1924 2778 ζῶμεν,

349 2810 458 2862 καὶ
481 2805 822 2876 πορευόμεθα
841 2819 855 2832 ⁸
880 2804 926 2856 εί
958 2803 1014 2854 δὲ
1041 2803 1134 2854 καὶ
1159 2792 1928 2870 μετανοήσομεν,σωματικῶς

353 2901 542 2968 μόνον,
568 2899 663 2950 καὶ
695 2897 755 2948 οὑ
787 2892 1172 2962 πνευματικῶς
1199 2892 1295 2954 τὰς
1313 2891 1531 2952 ἐντολὰς
1556 2887 1815 2956 ποιοῦμεν
1839 2885 1927 2937 καὶ

349 2993 731 3060 γινώσκομεν·
762 2990 894 3042 εἰδὲ
942 2976 1037 3041 καὶ
1069 2987 1156 3040 διὰ
1209 2985 1421 3039 πολλῶν
1467 2984 1650 3036 κόπων
1697 2984 1730 3052 ή
1771 2981 1930 3050 χάρις

351 3080 754 3152 φιλανθρώπως
781 3079 955 3141 ἐνίους
1008 3076 1306 3147 ἐμφανείας
1339 3074 1582 3141 ἀξιώσει,
1608 3073 1684 3136 ὡς
1715 3073 1930 3140 ἀπάτην

1963 1849 2004 1906 Β

2039 589 2147 643 Deo
2178 593 2370 649 doctos
2405 616 2422 646 ι
2458 597 2654 665 (Erunt
2685 599 2850 663 enim,
2886 600 3106 670 dicitur)
3131 617 3320 660 omnes
3351 608 3614 662 docibiles

2038 681 2128 738 Dei
2166 685 2202 746 ³,
2231 705 2249 736 ι
2282 699 2332 739 ιιι
2356 689 2424 740 ab
2454 689 2569 757 ipso
2599 699 2652 742 et
2685 706 2777 758 per
2804 691 2980 760 ipsum
2997 708 3468 763 cognosceremus,
3503 716 3613 753 non

2035 779 2212 832 solum
2251 796 2367 844 nos,
2395 793 2446 833 at
2485 797 2930 853 unumquemque
2961 787 3218 849 ﬁdelium,
3248 800 3416 858 utque
3442 793 3614 860 legem

2036 869 2265 935 spiritus
2319 871 2370 924 in
2431 873 2626 927 tabulis
2686 877 2867 929 cordis
2898 881 3068 932 nostri
3108 880 3378 934 ferremus
3419 884 3616 936 inscri-

2035 972 2204 1031 ptam,
2237 975 2288 1017 et
2322 965 2634 1020 immediate
2674 985 2735 1022 ac
2764 970 3082 1024 felicissimo
3123 973 3412 1027 Cherubim
3463 991 3614 1029 more

2035 1072 2158 1110 cum
2211 1056 2338 1112 Jusu
2395 1075 2491 1128 per
2545 1063 2891 1130 purissimam
2938 1068 3242 1119 orationem
3299 1071 3612 1122 conversari

2036 1165 2396 1206 rnereremur.
2431 1152 2699 1216 Quoniam
2751 1167 2929 1210 autem
2986 1158 3224 1212 infantes
3259 1174 3449 1212 sumus
3487 1175 3610 1213 cum

2036 1255 2439 1308 rcgeneramnr,
2470 1258 2566 1296 mc
2591 1245 2815 1312 gratiam
2853 1246 3220 1316 intelligimus,
3244 1264 3342 1302 nec
3372 1249 3613 1315 concipi-

2037 1347 2160 1385 mus
2213 1334 2645 1398 renovationem,
2709 1337 2801 1389 sed
2865 1337 3048 1406 potius
3113 1341 3609 1406 superemincntem

2036 1420 2350 1490 ignoramus
2385 1427 2811 1494 magnitudinem
2839 1429 3116 1495 dignitatis
3145 1444 3208 1483 ac
3237 1430 3418 1497 gloriae
3447 1445 3608 1496 quam

2034 1515 2214 1567 sortiti
2246 1531 2455 1579 sumus,
2489 1530 2541 1570 et
2573 1521 2845 1574 nescimus
2876 1537 2977 1576 nos
3000 1523 3201 1577 dehere
3228 1539 3326 1592 per
3357 1526 3608 1575 mandata

2035 1619 2283 1660 crescere
2315 1608 2495 1661 anima
2545 1621 2598 1663 et
2639 1613 2856 1679 spiritu,
2887 1623 2941 1666 et
2989 1614 3270 1667 intellectu
3302 1616 3614 1683 perspicere

2036 1700 2176 1766 quod
2223 1703 2569 1769 accepimus;
2617 1703 2738 1756 ideo
2776 1704 3018 1774 plerique
3047 1706 3354 1760 delabimur
3394 1722 3487 1774 per
3517 1722 3612 1761 ue-

2034 1789 2346 1857 gligentiam
2383 1804 2436 1844 et
2467 1793 2720 1847 vitiorum
2756 1797 2997 1848 habitum
3037 1798 3090 1850 in
3130 1798 3294 1851 animi
3329 1807 3610 1866 stuporem

2033 1889 2088 1932 et
2120 1880 2566 1947 obcaacationem,
2601 1900 2698 1939 nec.
2727 1887 2840 1955 jam
2872 1889 3128 1942 novimus
3159 1904 3226 1941 an
3253 1890 3324 1943 sit
3354 1889 3524 1955 Deus,
3557 1900 3613 1944 et

2035 1973 2158 2042 quid
2193 1985 2288 2028 aut
2311 1976 2494 2042 quales
2518 1977 2689 2032 simus
2716 1993 2837 2044 nos,
2860 1981 2950 2046 qui
2988 1978 3080 2032 lilii
3113 1979 3210 2033 Dei
3241 1991 3297 2034 et
3326 1979 3418 2033 lilii
3450 1981 3612 2046 lucis,

2033 2075 2088 2118 et
2120 2065 2210 2119 lilii
2234 2081 2296 2120 ac
2327 2068 2567 2122 membra
2596 2068 2796 2123 Christi
2831 2069 2957 2125 facti
2994 2086 3206 2128 sumus.
3239 2071 3394 2137 Quod
3427 2073 3471 2125 si
3494 2071 3610 2140 jam

2035 2156 2134 2210 viri
2166 2157 2524 2226 baptizemnr,
2551 2161 2720 2214 solam
2756 2169 2938 2216 tamen
2972 2177 3191 2230 aquam,
3217 2178 3324 2218 non
3355 2163 3612 2232 Spiritum

2036 2250 2340 2314 sentimus;
2363 2262 2417 2304 et
2443 2252 2696 2319 quamvis
2726 2255 2922 2321 spiritu
2953 2269 3300 2322 renovemur,
3337 2258 3615 2312 credimus

2036 2340 2139 2395 ﬁde
2171 2350 2379 2395 tantum
2409 2354 2644 2410 mortua,
2671 2360 2774 2398 non
2800 2347 3055 2413 operibus
3092 2349 3244 2413 viva,
3288 2359 3342 2402 et
3377 2349 3431 2402 in
3460 2349 3617 2403 dubi-

2040 2433 2248 2488 latione
2280 2451 2384 2488 non
2415 2451 2534 2490 esse
2559 2437 2816 2503 dicimus,
2847 2448 2900 2492 et
2931 2439 3011 2493 sic
3049 2453 3175 2495 vere
3213 2439 3464 2494 carnales
3493 2455 3616 2493 car-

2039 2525 2236 2580 naliter
2285 2527 2520 2580 vivimus
2551 2535 2607 2582 et
2659 2543 2974 2599 Operamur.
3008 2529 3143 2585 Etsi
3199 2532 3612 2600 resipiscamus,

2038 2619 2336 2673 carnaliter
2385 2629 2620 2686 tantum,
2662 2637 2768 2676 non
2821 2623 3143 2692 spiritaliter
3185 2624 3436 2677 mandata
3477 2623 3615 2676 faci-

2039 2725 2160 2764 mus
2202 2719 2257 2764 et
2303 2712 2711 2780 cognoscimus.
2769 2709 2833 2767 Et
2877 2713 2921 2767 si
2974 2726 3100 2782 post
3151 2714 3350 2769 multos
3397 2714 3619 2769 labores

2039 2799 2216 2870 gratia
2248 2802 2540 2854 nonnullos
2573 2803 2904 2858 revelatioue
2929 2803 3204 2872 dignetur,
3241 2806 3379 2858 hanc
3409 2817 3466 2858 ut
3495 2805 3619 2859 illuc

2039 2891 2249 2945 sionem
2281 2893 2602 2960 accipimus.
2639 2894 2701 2946 Et
2753 2894 2796 2948 si
2842 2895 2910 2948 ab
2943 2895 3064 2950 aliis
3093 2897 3382 2950 audiamus
3425 2897 3617 2965 hujus-

2040 2984 2184 3038 tuodi
2221 2987 2618 3053 operationem,
2647 3003 2764 3040 eam
2787 2997 2841 3040 ut
2871 2990 3244 3057 deeeptionem
3276 3004 3386 3057 pra:
3412 2988 3617 3043 invidia

2040 3075 2395 3128 arbitramur.
2463 3075 2531 3130 Et
2577 3079 2646 3129 ita
2711 3094 3054 3132 remanemus
3107 3079 3390 3133 exanimes
3445 3094 3618 3148 usque

349 3175 528 3244 αὐτὴν
577 3171 842 3242 δεχόμεθα
861 3186 876 3200 θ
919 3173 968 3223 εἰ
997 3169 1055 3221 δὲ
1083 3169 1175 3221 καὶ
1202 3166 1333 3237 παρ’
1381 3166 1584 3234 ἑτέρων
1615 3163 1819 3231 ταύτην
1849 3163 1932 3215 ἐν·

2047 3167 2105 3218 ad
2137 3175 2388 3231 mortem,
2421 3167 2474 3220 in
2501 3169 2719 3221 Christo
2748 3185 2855 3222 non
2888 3173 3128 3224 viventes
3167 3185 3267 3224 nec
3297 3179 3616 3237 operantes;

351 3285 376 3320 ε
388 3267 628 3337 ργοῦσαν
653 3262 998 3332 ἀκούσωμεν,
1058 3261 1132 3322 ὡς
1163 3259 1372 3326 πλάνην
1402 3256 1572 3323 αὐτὴν
1600 3255 1690 3308 διὰ
1737 3253 1932 3323 φθόνον

355 3354 713 3427 λογιζόμεθα,
733 3354 831 3407 καὶ
851 3351 996 3406 οὕτω
1024 3351 1257 3422 μένομεν
1280 3348 1466 3418 νεκροῖ⁹
1489 3346 1650 3417 μέχρι
1677 3345 1932 3410 θανάτου,

360 3452 440 3520 μὴ
474 3449 532 3500 ἐν
559 3442 781 3517 Χριστῷ
804 3441 1005 3506 ζῶντες
1040 3440 1135 3494 καὶ
1166 3437 1547 3510 ἐνεργούμενοι
1571 3476 1585 3498 ,
1635 3437 1730 3490 καὶ
1758 3435 1786 3488 ὃ
1815 3435 1935 3505 ἕχο-

357 3556 488 3609 μεν,
519 3535 661 3588 κατὰ
702 3533 801 3603 τὴν
826 3531 1072 3603 Γραφὴν,
1097 3531 1156 3583 ἐν
1193 3526 1272 3600 τῷ
1311 3526 1488 3597 καιρῷ
1527 3528 1629 3596 τῆς
1668 3525 1871 3591 ἐξίδου,
1901 3525 1934 3596 ἢ

355 3633 624 3699 κρίσεως,
648 3625 716 3680 δι’
747 3625 1027 3688 ἀπιστίας,
1061 3623 1095 3693 ἢ
1124 3619 1488 3690 ἀπογνώσεως
1513 3618 1810 3688 ἀρθήσεται
1842 3615 1936 3684 ἀφ’

355 3720 547 3790 ἡμῶν,
590 3719 666 3791 μὴ
701 3717 948 3780 νοοῦντες
976 3715 1058 3770 ὅτι
1087 3715 1230 3768 κατὰ
1258 3712 1352 3767 τὸν
1383 3712 1597 3782 πατέρα
1653 3709 1758 3782 χρὴ
1797 3704 1938 3762 εἶναι

357 3813 457 3866 καὶ
481 3811 555 3865 τὰ
584 3810 748 3864 τέκνα
771 3846 787 3874 ,
820 3804 978 3871 θεοὺς
1005 3806 1070 3859 ἐκ
1105 3801 1265 3871 Θεοῦ,
1312 3804 1405 3856 καὶ
1434 3801 1839 3871 πνευματικοὺς
1874 3799 1939 3850 ἐκ

353 3905 502 3962 Πνεό
517 3920 704 3974 ματος.
740 3902 813 3954 Τὸ
840 3896 1258 3970 γεγεννημένον,
1294 3896 1448 3965 φησι,
1477 3896 1540 3946 ἐκ
1568 3891 1663 3946 τοῦ
1689 3890 1939 3959 Πνεῦμα-

353 4019 470 4061 τος,
525 3995 744 4066 πνεῦμά
791 3996 940 4046 ἐστιν
964 4009 975 4022 ⁸
1006 3992 1166 4062 ἡμεῖς
1191 3989 1248 4043 δέ
1295 3989 1498 4058 σάρκες
1551 3985 1738 4055 ἐσμὲν,
1769 3984 1818 4036 εί
1844 3997 1940 4035 και

352 4090 550 4146 πιστοὶ
598 4087 690 4142 καὶ
740 4084 1053 4157 ἐπουράνιοι
1106 4080 1411 4150 γεγόναμεν
1441 4119 1457 4143 ,
1496 4076 1592 4130 καὶ
1626 4074 1688 4129 τὸ
1717 4073 1940 4143 Πνεῦμα

353 4187 442 4239 διὰ
465 4182 637 4236 τοῦτο
666 4179 758 4232 τοῦ
784 4177 916 4230 Θεοῦ
954 4176 1054 4229 οὐκ
1080 4172 1307 4243 ἐμμένει
1342 4171 1400 4222 ἐν
1429 4172 1583 4239 ἡμῖν,
1610 4167 1706 4220 καὶ
1748 4164 1940 4219 τούτου

2045 3263 2100 3309 et
2141 3255 2284 3323 quod
2334 3255 2624 3319 habemus,
2663 3269 2719 3310 ut
2772 3261 2848 3311 ait
2881 3259 3188 3326 Scriptum,
3223 3259 3274 3310 in
3312 3260 3401 3311 die
3439 3257 3618 3312 exitus

2047 3355 2139 3398 aut
2176 3346 2393 3412 judicii,
2454 3357 2675 3416 propter
2725 3350 3164 3403 incredulitatem
3222 3359 3316 3403 aut
3359 3353 3616 3418 despera-

2046 3439 2270 3503 tionem,
2322 3439 2602 3494 auferetur
2658 3457 2686 3493 a
2739 3441 2920 3506 ttohis,
2966 3444 3093 3512 quia
3151 3457 3262 3496 non
3318 3441 3620 3511 cogitamus

2045 3529 2183 3582 ﬁlios
2208 3531 2347 3599 patri
2385 3528 2596 3585 similes
2625 3546 2747 3585 esse
2782 3531 3002 3598 debere,
3033 3534 3168 3589 deos
3198 3534 3263 3588 de
3284 3532 3418 3594 Deo.
3457 3531 3623 3602 spiri-

2045 3618 2220 3672 ιιιειιεε
2272 3619 2338 3674 de
2375 3619 2591 3688 spiritu.
2637 3638 2655 3671 ι
2706 3623 2860 3689 Quod
2909 3634 3096 3678 natum
3143 3635 3228 3680 est
3282 3639 3350 3679 ex
3397 3625 3619 3694 spiritu,

2044 3710 2264 3774 dicitur,
2294 3711 2524 3780 spiritus
2549 3723 2630 3766 est
2670 3712 2714 3779 ';
2753 3732 2769 3765 ι
2813 3728 2915 3770 nos
2954 3731 3085 3770 vero
3112 3715 3361 3771 carnales
3405 3730 3619 3780 sumus,

2045 3803 2294 3870 quamvis
2333 3804 2518 3858 ﬁdeles
2552 3805 2912 3876 caelestesque
2956 3807 3108 3870 facti,
3139 3818 3194 3863 et
3227 3809 3347 3863 ideo
3377 3808 3616 3878 Spiritus

2046 3893 2139 3947 Dei
2175 3912 2276 3947 non
2303 3907 2484 3952 manet
2514 3898 2566 3950 in
2600 3899 2779 3966 nobis,
2814 3909 2868 3953 et
2897 3911 3179 3969 prepterea
3209 3916 3306 3955 nos
3333 3902 3620 3970 direptioni

2045 3996 2102 4040 et
2144 3987 2388 4041 servituti
2432 3989 2657 4044 tradidit
2687 3990 2966 4056 Dominus,
2999 4005 3049 4045 et
3098 4002 3310 4064 strages
3353 3993 3620 4061 multipli-

2047 4077 2211 4143 Cavit,
2241 4077 2420 4132 forsan
2451 4081 2747 4149 corrigere,
2773 4083 3077 4152 exstirpare
3105 4094 3159 4137 et
3191 4099 3387 4139 sanare
3434 4085 3621 4140 volens

2050 4168 2443 4224 valentioribus
2475 4171 2733 4227 remediis
2767 4174 2988 4231 malum.

387 4270 567 4324 ῑνεκα
596 4260 886 4334 παρέδωκε
918 4259 1126 4329 Κύριος
1155 4259 1254 4320 τὰς
1297 4253 1598 4321 ἐπαγωγὰς
1632 4251 1726 4303 καὶ
1771 4252 1870 4312 τὰς
1902 4251 2304 4320 αἰχμαλωσίας,
2353 4253 2448 4302 καὶ
2481 4250 2698 4318 σφαγὰς
2728 4251 3049 4324 ἐπλήθυνεν,
3088 4256 3220 4322 ῐσως
3240 4257 3554 4331 διορθῶσαι,
3591 4259 3626 4330 ἢ

391 4361 659 4431 ἐκκόψαι,
691 4354 724 4426 ἢ
759 4352 936 4408 σῶσαι
963 4349 1053 4406 διὰ
1085 4349 1398 4420 φαρμάκων
1434 4341 1799 4415 ἰσχυροτέρων
1837 4342 2155 4414 βουλόμενος
2191 4345 2289 4415 τὴν
2318 4341 2541 4396 κακίαν.

453 4476 523 4543 β’.
559 4470 672 4525 Καὶ
717 4468 931 4538 πρῶτον
985 4463 1085 4534 μὲν
1117 4462 1313 4522 εἰπεῖν,
1341 4456 1492 4526 ,Θεοῦ
1535 4453 1768 4543 διδόντος
1809 4451 1962 4521 ῥῆμα

2147 4443 2203 4496 2.
2251 4445 2316 4498 Et
2349 4448 2577 4514 prinum
2609 4446 2829 4514 quidem
2871 4449 3156 4503 dicendum
3197 4458 3300 4514 est,
3337 4453 3445 4505 Deo
3480 4452 3644 4506 dante

381 4535 498 4628 τοῖς
527 4535 1037 4629 εὐαγγελιζομένοις
1065 4552 1245 4621 ἀγαθὰ
1269 4548 1517 4613 τοιαῦτα,
1547 4545 1666 4608 πῶς
1691 4542 1826 4614 εὕρῃ
1856 4556 1938 4602 τις

2071 4537 2294 4591 verbum
2319 4539 2818 4608 evangt-lizznitihus
2843 4541 3150 4610 hujusmodi
3185 4543 3345 4606 bona,
3371 4544 3644 4609 quomodo

391 4659 597 4730 μᾶλλον
618 4653 674 4706 δέ
704 4649 934 4721 εῦρηται
977 4650 1146 4716 ὅνπερ
1177 4645 1312 4715 ἔχει,
1337 4643 1369 4714 ἢ
1396 4641 1585 4730 εἴληφε
1614 4635 1851 4730 Χριστὸν
1871 4632 1964 4730 διὰ

387 4723 485 4801 τοῦ
513 4740 886 4815 βαπτίσματος
913 4737 971 4791 ἐν
1007 4734 1320 4805 “vetitum;
1349 4731 1493 4785 κατὰ
1529 4728 1623 4782 τὸν
1665 4723 1966 4781 ἀπόστολον
2011 4802 2020 4810 .

392 4835 627 4895 Ιιαῦλον,
653 4832 736 4884 ὅτι
760 4828 923 4897 «ξοὺκ
953 4824 1129 4879 οἴδατε
1156 4825 1238 4877 ὃτι
1264 4819 1495 4893 Χριστὸς
1523 4815 1726 4888 Ἰησοῦς
1747 4817 1890 4869 οἰκεῖ
1907 4817 1966 4869 ἐν

390 4929 512 4988 ταῖς
543 4921 794 4994 καρδίαις
817 4916 997 4989 ήμῶν,
1023 4933 1042 4969 ι
1081 4914 1244 4984 φησίν
1262 4930 1278 4946 ο
1311 4911 1503 4965 ἔπειτα
1531 4909 1612 4974 δὲ,
1634 4908 1729 4963 καὶ
1759 4906 1821 4960 τὸ
1847 4904 1967 4968 πῶς

392 5015 682 5084 προκόψει,
719 5004 821 5062 εἶθ’
845 5007 1019 5070 οὕτως
1060 5006 1155 5058 καὶ
1199 5002 1318 5065 πῶς
1355 4999 1580 5070 φυλάξει
1609 4996 1670 5052 τδ
1708 4994 1963 5094 εὑρεθέν-ἶ

393 5110 615 5177 ἄριστος
645 5103 753 5174 γὰρ
780 5103 873 5155 καὶ
901 5099 1162 5168 σύντομος
1194 5094 1417 5165 τρόπος,
1444 5092 1512 5146 τά
1534 5092 1680 5161 ἄκρα
1712 5087 1847 5159 μετά
1869 5087 1965 5138 τοῦ

401 5202 570 5267 μέσου
606 5197 889 5264 συντόμως
912 5193 1108 5256 είπεῖν,
1147 5188 1314 5244 πολὺν
1345 5185 1536 5255 ἔχοντα
1572 5181 1793 5243 πλάτος.
1825 5177 1965 5232 Διότι

396 5293 585 5346 πολλοὶ
621 5291 721 5360 μὲν
747 5290 839 5342 τὸν
868 5287 1054 5354 ἀγῶνα
1083 5285 1243 5354 μέχρι
1271 5282 1362 5334 τοῦ
1392 5280 1571 5348 εὑρεῖν
1610 5277 1672 5329 τὸ
1698 5273 1968 5344 ζητούμε-

395 5402 486 5436 νον
513 5380 870 5452 ἠγωνίσαντο,
899 5377 994 5430 καὶ
1027 5375 1261 5443 ἔστησαν
1290 5371 1388 5441 τὴν
1415 5370 1601 5439 ἔφεσιν
1618 5367 1722 5428 ἓως
1743 5364 1933 5417 τούτου
1950 5378 1964 5392 ο

400 5471 711 5540 περαιτέρω
738 5467 792 5520 δὲ
815 5467 875 5518 οὐ
907 5464 1293 5534 προϐαίνουσιν
1317 5499 1333 5524 ,
1382 5459 1502 5512 οὐδὲ
1543 5455 1697 5526 μέλει
1733 5452 1966 5514 τούτοις,

406 5539 736 5632 ἀρκούμενοι
767 5558 926 5627 μόνον
954 5557 1032 5617 εἰς
1070 5552 1169 5623 τήν
1193 5549 1390 5622 ἀρχὴν,
1429 5549 1496 5619 ἢν
1538 5539 1718 5617 εὗρον,
1744 5541 1970 5612 ἐμποδι-

408 5653 626 5716 σθὲντες
671 5648 855 5703 δὲκαὶ
903 5643 1208 5715 λεληθότως
1262 5641 1432 5696 δίοδον
1478 5640 1731 5711 ἄραντες,
1765 5636 1969 5690 οἴονται

491 5841 503 5868 ⁸
552 5838 705 5896 Joan.
730 5856 802 5906 vi,
833 5840 921 5895 45.
1003 5842 1019 5870 ¹
1045 5846 1201 5895 Joau.
1239 5851 1320 5905 ur,
1361 5837 1414 5893 ti.

2067 4629 2193 4698 quis
2239 4633 2497 4699 reperiat,
2537 4633 2617 4688 vel
2650 4635 2830 4702 potius
2861 4645 3143 4703 recuperet
3167 4649 3324 4702 quem
3360 4635 3521 4689 habet
3556 4635 3644 4689 vel

2071 4721 2284 4788 accepit
2317 4721 2594 4776 Christum
2646 4740 2746 4792 per
2775 4726 3044 4794 baptisma
3103 4726 3156 4779 in
3207 4725 3438 4794 Spiritu,
3487 4727 3642 4796 juxta

2071 4808 2295 4864 Paulum
2341 4812 2644 4878 apostolum
2693 4815 2964 4868 dicentem
3001 4831 3017 4868 :
3054 4832 3072 4865 ι
3113 4817 3196 4868 An
3241 4817 3468 4871 nescitis
3506 4833 3645 4886 quo.

2072 4906 2216 4958 niam
2241 4903 2488 4960 Christus
2511 4904 2667 4960 Jesus
2701 4907 2907 4960 habitat
2934 4907 2986 4960 in
3013 4906 3275 4963 cordibus
3305 4911 3509 4964 nostris
3530 4909 3590 4964 '?
3617 4930 3638 4962 ι

2071 4995 2151 5050 Ac
2192 4996 2410 5060 deinde,
2443 4997 2716 5066 quomodo
2751 4998 2872 5066 quis
2919 4998 3191 5067 proﬁciat,
3225 5013 3319 5053 seu
3369 5006 3646 5070 quomodo

2074 5095 2354 5158 repertum
2376 5092 2645 5144 custodiat
2673 5106 2688 5146 ς
2717 5093 2956 5159 optimus
2979 5094 3120 5147 enim
3147 5101 3202 5146 et
3225 5093 3403 5147 brevis
3428 5095 3645 5161 modus,

2075 5192 2319 5236 extrema
2370 5196 2494 5237 cum
2549 5184 2726 5236 medio
2776 5185 3092 5238 summatim
3139 5186 3341 5253 dicere,
3394 5191 3648 5258 quamvis

2079 5275 2297 5328 multam
2360 5275 2594 5328 habeant
2646 5274 3003 5335 latitudinem.
3042 5277 3168 5333 Ideo
3223 5280 3374 5333 multi
3425 5281 3644 5349 quidem

2077 5375 2358 5418 cert..nn-n
2394 5375 2606 5417 certant
2637 5367 2935 5433 usquedum
2983 5367 3290 5424 invenerint
3330 5371 3646 5438 qumsitum,

2078 5469 2126 5510 et
2197 5460 2462 5510 hactenus
2515 5457 2841 5510 desiderium
2897 5461 3118 5526 sistunt,
3166 5461 3303 5515 ultra
3369 5477 3498 5516 vero
3541 5479 3649 5516 non

2079 5551 2394 5619 procedunt,
2433 5563 2530 5602 uec
2561 5551 2641 5603 eis
2674 5566 2802 5603 cura
2826 5563 2926 5616 est,
2959 5561 3014 5605 et
3041 5555 3269 5620 ingressi
3299 5563 3506 5606 tantum
3550 5555 3654 5607 vita

2083 5651 2308 5710 repertae
2359 5642 2599 5707 imtium,
2673 5643 3064 5711 impelimento
3123 5645 3413 5700 tmttsitum
3463 5645 3654 5699 insciis

1494 5835 1552 5890 "l
1584 5836 1708 5890 Cor.
1742 5847 1814 5897 vt,
1864 5830 1957 5896 15;
1996 5826 2196 5898 Ephcs.
2223 5843 2306 5896 ιιι,
2331 5827 2416 5884 l7.
