4102 6344
296 291 430 361 139.1

946 291 1047 353 DE
1080 283 1569 362 QUIETUDINE
1615 288 1714 348 er
1766 282 2078 347 DUOBUS
2113 279 2540 345 ORATIONIS
2588 253 2856 339 monts.

3411 269 3546 334 1322

293 406 501 455 στασις.
537 408 559 442 ι
615 388 876 460 Μοιχεύει
912 388 1021 459 γὰρ
1058 388 1165 442 τῶν
1198 386 1459 441 τοιούτων
1494 386 1522 438 6
1552 387 1695 451 νοῦς,
1729 388 1857 439 ὅταν

1978 400 2161 448 Tllnlttl’
2198 394 2398 462 quippe
2460 388 2769 458 huiusmodi
2828 399 3003 448 mrns,
3037 399 3066 436 ε
3127 383 3223 439 Dei
3284 385 3543 441 memoria

292 485 501 554 ἀποστῇ
527 489 626 552 τῆς
657 483 750 536 τοῦ
780 481 915 535 Θεοῦ
952 482 1190 552 μνήμης,
1220 481 1295 544 ὡς
1333 480 1438 533 άπὸ
1468 481 1726 550 νυμφίου.
1750 480 1858 532 Καὶ

293 574 352 627 ὲν
370 573 670 643 ἐλαχίστοις
702 572 1017 643 πράγμασιν
1040 569 1313 638 ἐρωτικῶς
1334 568 1534 639 ἔχεται.
1553 570 1626 622 Τὸ
1651 569 1860 634 διδάξαι

293 667 351 721 δὲ
377 667 470 721 καὶ
499 666 704 737 ἑτέροις
745 665 843 734 τὴν
892 663 1060 733 αὐτὴν
1082 661 1256 727 τάξιν,
1298 663 1398 713 οὐκ
1429 663 1486 714 ὲν
1523 663 1685 715 πᾶσιν
1716 661 1862 714 ἐνδὲο

294 771 467 824 χεται.
503 755 627 817 Τοῖς
658 752 756 822 μὲν
790 752 1026 816 ίδιὼταις
1058 753 1318 821 ὑπηκόοις
1355 750 1474 805 οὖσι
1525 753 1618 804 καὶ
1646 753 1863 821 ἀγραμ-

301 846 511 915 μάτοις,
543 845 664 897 ναί·
692 842 879 914 διότιὴ
907 844 1123 913 ὑπακοὴ
1150 844 1215 895 ὲκ
1267 837 1446 912 πάσης
1471 842 1673 912 ἀρετῆς
1734 859 1863 910 μετ-

296 935 539 1006 ἐχει,’διὰ
566 937 664 1006 τῆς
683 934 1087 999 ταπεινώσεως.
1120 928 1537 1009 Ἂνυποτάκτοις
1566 934 1622 987 δὲ
1647 932 1709 986 οὗ
1723 931 1866 987 δίδο-

296 1045 411 1093 ται,
441 1028 525 1080 ἵνα
558 1027 632 1098 μὴ
655 1025 1001 1096 πλανηθῶσιν
1053 1026 1317 1098 εὐχερῶς,
1350 1024 1453 1080 κᾶν
1497 1024 1726 1088 ίδιῶται,
1761 1023 1866 1078 κάν

300 1120 588 1182 γνωστικοὶ
604 1114 707 1171 ὦσι
725 1134 740 1148 °
769 1118 904 1173 διότι
934 1120 963 1172 6
990 1118 1340 1188 αῦτόστοιχος
1366 1118 1428 1171 οὐ
1456 1117 1680 1171 δύναται
1697 1118 1867 1185 ἐκφυ-

297 1214 414 1279 γεῖν
439 1212 535 1282 τὴν
558 1213 756 1282 οίησιν,
789 1211 858 1265 δι’
878 1205 947 1282 ἧς
989 1211 1024 1278 ή
1056 1210 1231 1279 πλάνη
1279 1208 1666 1263 ἐπακολουθεῖν
1689 1209 1867 1277 nequ-

300 1320 418 1368 κεν,
440 1303 515 1365 ῶς
553 1319 717 1372 φησιν
763 1304 791 1355 6
819 1303 973 1370 ἅγιος
1024 1300 1228 1354 Ἰσαάκ.
1251 1300 1406 1360 Τινὲς
1430 1300 1487 1353 δὲ
1519 1298 1593 1369 μὴ
1623 1298 1867 1352 ἐννοοῦν-

299 1409 391 1454 τες
428 1392 527 1459 τὴν
565 1392 863 1461 μέλλουσαν
897 1389 1123 1460 βλάϐην,
1167 1388 1302 1459 πρὸς
1330 1389 1392 1442 τὸ
1422 1389 1708 1457 τυνηθίσαι
1734 1392 1868 1457 φασὶ

298 1484 396 1535 καὶ
423 1484 706 1553 ἀγαπῆσαι
735 1483 824 1536 τὸν
855 1482 980 1535 νοῦν
1009 1482 1108 1552 τὴν
1140 1480 1234 1534 τοῦ
1286 1480 1421 1534 Θεοῦ
1477 1481 1718 1550 μνήμην,
1755 1482 1870 1542 τοῖς

300 1574 523 1644 τυχοῦσι
577 1574 781 1642 ταύτην
818 1572 988 1642 μόνην
1039 1574 1282 1640 ἐνεργεῖν
1313 1573 1688 1625 διδάσκουσινο
1731 1572 1868 1640 ὅπερ

1965 484 2121 553 σμιπεί
2160 501 2186 537 a
2223 498 2421 549 spomo
2455 479 2757 536 discedens,
2789 474 3063 530 etiulimis
3092 475 3256 528 rebus
3299 486 3542 527 amorem

1965 579 2324 644 prostituens.
2389 574 2530 627 Idem
2584 579 2761 623 autem
2803 570 2936 621 ordo
2992 566 3112 621 aliis
3150 563 3366 620 suaderi
3430 579 3543 617 non

1962 668 2218 722 omnibus
2255 673 2452 735 potest.
2512 660 2905 717 Obedientibus
2952 657 3165 728 quidem
3222 657 3425 725 ignaris
3487 666 3545 711 et

1963 759 2264 814 illitteratis
2296 764 2495 826 potest,
2526 754 2652 822 quia
2683 751 2992 807 obedientia
3025 763 3243 802 omnem
3278 749 3542 801 virtutem

1967 868 2064 922 per
2116 849 2476 904 humilitatem
2538 843 2853 913 participat.
2913 840 3123 895 Liberis
3170 847 3372 898 autem,
3428 836 3545 891 sive

1963 943 2163 1014 ignari,
2206 942 2322 995 sive
2347 938 2509 1012 docti
2538 937 2670 1000 sint,
2725 949 2833 989 non
2888 931 3224 990 conceditur,
3285 944 3355 984 ne
3383 929 3545 982 facile

1962 1041 2170 1097 errent,
2222 1030 2351 1099 quia
2383 1041 2631 1082 seorsum
2685 1025 2957 1079 meditans
2979 1037 3085 1076 non
3147 1031 3324 1089 potest
3372 1020 3548 1075 vitare

1962 1123 2466 1191 praesumptionem,
2532 1117 2678 1172 unde
2728 1117 2881 1186 sequi
2934 1115 3071 1170 solet
3124 1128 3303 1176 error,
3358 1123 3418 1165 ut
3470 1114 3548 1165 ait

1968 1225 2195 1269 sanctus
2232 1212 2404 1267 lsaac.
2446 1210 2674 1275 Quidam
2706 1222 2864 1270 vero,
2914 1221 3020 1260 non
3057 1205 3359 1276 cogitantes
3402 1203 3549 1257 fotu-

1970 1317 2089 1354 rnm
2149 1302 2431 1357 damnum.
2495 1300 2562 1351 ad
2624 1295 3122 1357 assttefaciendam,
3161 1295 3434 1363 inquiunt,
3493 1301 3550 1349 et

1968 1392 2312 1447 allicientlam
2346 1401 2584 1445 mentem
2611 1391 2675 1443 ad
2706 1389 2800 1442 Dei
2833 1389 3175 1446 memoriam,
3217 1386 3417 1455 quibus
3465 1386 3550 1439 vis

1969 1482 2117 1534 illam
2151 1481 2323 1534 solam
2372 1480 2685 1533 methodum
2719 1479 2949 1532 suadent
2978 1493 2992 1531 :
3024 1478 3165 1544 quod
3199 1490 3305 1529 non
3369 1474 3551 1544 possi-

1970 1574 2075 1626 bile
2096 1582 2207 1635 est,
2237 1584 2302 1624 ac
2329 1570 2628 1639 prtesertim
2663 1570 2748 1623 his
2776 1571 2867 1636 qui
2897 1569 3127 1623 seorsim
3169 1568 3375 1622 vivunt.
3410 1567 3548 1621 Cum

297 1660 402 1711 οὐκ
433 1660 726 1729 ἐνδέχεται,
770 1661 866 1713 καὶ
902 1660 1138 1729 μάλιστα
1169 1661 1535 1732 ίδιοῤῥύθμοις
1572 1657 1712 1715 οὖσι.
1748 1662 1871 1713 Ἔτι

1978 1665 2112 1717 enim
2161 1664 2401 1716 nondum
2438 1674 2592 1714 mens
2629 1674 2820 1714 eorum
2872 1659 3072 1713 munda
3112 1657 3182 1714 sit
3209 1665 3431 1726 propter
3456 1670 3553 1711 ne-

297 1749 412 1820 γάρ
440 1750 534 1802 τοῦ
570 1751 686 1812 νοὸς
719 1749 899 1803 αὐτῶν
934 1749 1246 1819 ἀκαθάρτου
1272 1731 1452 1813 δύντος
1490 1751 1562 1803 δι’
1589 1749 1869 1820 ἀμέλειαν,

1978 1755 2282 1825 gligt-ntiam
2307 1764 2363 1808 et
2387 1751 2722 1822 superbiam,
2754 1751 3011 1821 lacryutis
3042 1765 3147 1804 non
3186 1750 3312 1811 lota.
3367 1759 3555 1818 turpes

295 1841 401 1894 καὶ
434 1840 898 1911 ὑψηλοφροσύνην,
956 1840 1045 1893 διὰ
1071 1840 1323 1910 δακρύων
1352 1840 1430 1911 μὴ
1461 1840 1871 1911 προκαθαρθέν-

295 1950 414 1997 τος,
439 1933 632 1986 εἴδωλα
659 1933 856 2001 μᾶλλον
882 1932 1082 2002 αίσχρὰ
1108 1932 1407 2001 λογισμῶν,
1438 1933 1530 1986 καὶ
1557 1932 1621 1986 οὐ
1646 1947 1873 2002 προσευ-

292 2026 406 2096 χὴν
461 2024 887 2093 ἐνοπτρίζονται,
936 2024 1047 2076 τῶν
1106 2025 1166 2076 ὲν
1200 2029 1268 2094 τῇ
1297 2023 1496 2095 καρδίᾳ
1544 2024 1873 2093 πνευμάτων

298 2116 650 2187 ἀκαθάρτων,
677 2117 780 2169 ὑπὸ
806 2116 901 2169 τοῦ
928 2114 1158 2186 φοϐεροῦ
1185 2115 1446 2182 ὀνόματος
1471 2114 1871 2184 ταραχθέντων,

305 2207 405 2259 καὶ
457 2207 667 2260 ἀνελεῖν
715 2206 1022 2276 βρυχόντων
1070 2205 1160 2258 τὸν
1191 2204 1542 2273 μαστίζοντα.
1596 2203 1722 2257 Ἐάν
1765 2206 1875 2270 γὰρ

307 2297 540 2369 ἀκούσῃ,
568 2296 602 2366 ἢ
636 2296 855 2368 διδαχθῇ
885 2298 913 2350 6
946 2296 1294 2367 ίδιόρῤυθμος
1329 2294 1460 2363 περὶ
1487 2294 1586 2365 τῆς
1612 2294 1874 2365 ἐργασίας

305 2386 534 2458 ταύτης,
560 2387 657 2441 καὶ
681 2387 926 2457 βούλεται
962 2388 1231 2456 κρατῆσαι
1261 2388 1450 2457 αὐτὴν,
1471 2385 1533 2439 ἓν
1557 2388 1625 2439 ὲκ
1642 2386 1751 2439 τῶν
1764 2384 1875 2437 δύω

312 2476 499 2545 μέλλει
523 2476 744 2529 παθεῖν’
776 2478 825 2529 εί
852 2475 950 2546 μὲν
999 2475 1263 2546 βιάζεται,
1295 2476 1585 2539 πλανᾶται,
1610 2475 1704 2527 καὶ
1725 2474 1877 2528 ἀνία-

309 2581 403 2628 τος
428 2565 613 2634 μένει·
640 2568 690 2619 εί
718 2565 763 2620 δ’
804 2566 1014 2636 ἀμελεῖ,
1066 2548 1379 2637 ἀπρόκοπος
1419 2568 1477 2620 ἐν
1509 2568 1609 2638 ὅλη
1662 2570 1729 2638 τῇ
1762 2568 1875 2637 ζωῇ

312 2656 477 2709 αὐτοῦ
502 2656 842 2712 καθίσταται.

387 2744 453 2799 θ’.
497 2745 637 2815 Ἐρῶ
659 2747 715 2800 δὲ
742 2745 1009 2816 κάγὼ,ῶς
1027 2748 1136 2802 ἀπὸ
1160 2748 1353 2819 πείρας
1372 2751 1566 2819 μικρὸν
1594 2749 1846 2817 ἐγνωκώς
1862 2762 1876 2778 ⁸

317 2834 447 2889 Ὅτε
470 2836 698 2907 καθίσῃς
729 2839 790 2891 ἐν
812 2837 992 2909 ἡμέρᾳ
1019 2838 1128 2908 ἢέν
1159 2843 1313 2892 νυκτὶ
1333 2839 1640 2910 ἡσυχάζων,
1673 2842 1883 2910 συχνῶς

314 2925 566 2995 δεόμενος
589 2926 681 2980 τοῦ
718 2926 876 2994 Θεοῦ,
935 2930 1106 2998 χωρὶς
1135 2930 1411 2999 λογισμῶν
1442 2933 1504 2984 ἐν
1532 2934 1881 2994 ταπεινώσει,

316 3018 410 3071 καὶ
440 3019 689 3088 άτονήσει
715 3021 856 3089 μὲνό
879 3021 1003 3084 νοῦς
1033 3022 1589 3092 κράζων,άλγήσειδὲ
1616 3025 1678 3077 τὸ
1701 3026 1881 3094 σῶμα,

315 3109 413 3161 καὶ
440 3111 473 3178 η
507 3110 704 3180 καρδία
728 3114 793 3182 τῇ
827 3113 1031 3184 σφοδρᾷ
1067 3114 1230 3185 πήξει
1258 3115 1359 3183 τῆς
1404 3115 1605 3185 συχνῆς
1658 3117 1886 3185 ἐπικλή-

319 3213 458 3261 σεως
498 3200 593 3252 τοῦ
627 3200 825 3270 Ἰησοῦ,
878 3203 1077 3271 μηκέτι
1108 3203 1560 3273 θερμαινόμενος,
1588 3204 1621 3274 ἢ
1658 3206 1886 3272 εὑφραιυ

319 3288 563 3355 νόμενος,
595 3288 655 3353 ἐξ
679 3282 753 3342 ὧν
780 3290 814 3358 ἡ
836 3290 1133 3360 προθυμία,
1167 3292 1261 3344 καὶ
1290 3294 1322 3361 ἠ
1358 3292 1601 3362 ὑπομονὴ
1644 3293 1721 3363 τῷ
1744 3295 1889 3360 ἀγω-

319 3382 473 3450 νιστῇ
505 3381 780 3447 γεννᾶται,
814 3383 933 3432 τότε
959 3381 1206 3450 ἐγερθεὶς
1229 3384 1406 3453 στῆθι,
1435 3386 1527 3437 καὶ
1559 3385 1728 3453 om;
1748 3386 1889 3439 κατὰ

324 3468 515 3537 μόνας,
547 3468 581 3540 ἢ
619 3468 758 3537 μετὰ
785 3469 878 3522 τοῦ
927 3470 1176 3533 συνόντος
1210 3488 1294 3524 σοι
1327 3472 1592 3541 μαθητοῦ,
1624 3474 1657 3542 ἢ
1692 3474 1890 3545 μελέτῃ

321 3554 465 3617 τινὸς
489 3555 736 3626 ῥηιοῦ,ἦ
771 3556 963 3629 μνήμη
1010 3555 1263 3619 θανάτου,
1295 3557 1327 3628 ἢ
1370 3559 1622 3630 ἐνεργείᾳ
1666 3560 1884 3631 χειρῶν,

323 3644 419 3697 καὶ
437 3646 544 3696 τῶν
572 3644 773 3699 λοιπῶν
794 3646 1208 3716 ἀσχολούμενος,
1243 3648 1275 3719 ἢ
1298 3651 1362 3719 τῇ
1394 3651 1697 3718 ἀναγνώσει
1722 3665 1890 3722 προσ-

323 3735 461 3807 έχων
479 3734 761 3805 ἱστάμενος
778 3737 996 3807 μᾶλλον,
1011 3739 1097 3791 ἵνα
1118 3741 1283 3793 κόπον
1304 3740 1537 3813 ὲμποιῇς
1557 3743 1634 3813 τῷ
1650 3744 1887 3812 σώματι.

323 3828 433 3881 Καὶ
466 3828 594 3881 ὅταν
618 3827 717 3898 μὲν
756 3829 971 3883 ἵσταται
1018 3831 1161 3885 κατὰ
1193 3833 1360 3901 μόνας
1388 3832 1626 3901 ψάλλων,
1672 3834 1798 3903 λέγε
1830 3836 1893 3888 τὸ

323 3916 638 3988 Τρισάγιον,
671 3917 766 3970 καὶ
789 3915 886 3972 εἶθ’
924 3917 1065 3973 οὕτω
1088 3920 1186 3991 τὴν
1234 3921 1541 3993 προσευχὴν
1566 3921 1834 3993 ψυχικῶς,
1852 3924 1892 3996 ἢ

324 4008 546 4079 νοερῶς,
575 4009 933 4081 προσέχοντος
962 4010 1057 4064 τοῦ
1084 4012 1178 4066 νοῦ
1204 4015 1272 4082 τῇ
1305 4014 1522 4085 καρδίᾳ.
1553 4015 1677 4069 Ἐὰν
1701 4015 1903 4069 asset-

326 4121 502 4158 κειται
534 4104 752 4176 άκηδία,
790 4104 915 4174 λέγε
951 4107 1047 4161 καὶ
1079 4106 1329 4178 ψαλμοὺς
1358 4107 1490 4174 δύω,
1520 4108 1553 4180 ἢ
1584 4111 1758 4180 τρεῖς,
1804 4109 1900 4164 καὶ

324 4197 599 4267 τροπάρια
622 4198 997 4252 κατανυκτικὰ
1023 4198 1150 4252 ἄνευ
1179 4200 1375 4267 μέλους
1395 4213 1409 4228 ⁸
1449 4202 1529 4254 ὅτι
1552 4201 1613 4254 οὐ
1649 4200 1897 4272 μελῳδή-

327 4302 511 4339 σουσιν
537 4287 587 4339 oi
614 4286 870 4354 τοιοῦτοι,
900 4289 1065 4359 φησιν
1081 4291 1109 4343 6
1128 4289 1227 4359 τῆς
1258 4289 1559 4358 Κλίμακος.
1582 4285 1771 4360 Ἀρκεῖ
1788 4290 1896 4359 γὰρ

1975 1845 2372 1912 cogitationum
2443 1843 2725 1913 imagines,
2799 1842 2982 1910 potius
3037 1856 3200 1910 quam
3250 1840 3553 1896 orationem

1976 1936 2350 2003 speculantur,
2387 1934 2681 1990 immundis
2717 1934 2902 1989 cordis
2948 1933 3234 2001 spiritibus
3270 1931 3554 1987 tremendo

1976 2017 2198 2083 nomine
2248 2025 2606 2095 perturbatis,
2660 2035 2717 2079 et
2772 2026 3132 2081 frementibus
3196 2034 3254 2078 ιιι
3306 2025 3556 2079 auferant

1976 2130 2103 2170 eum
2134 2116 2227 2187 qui
2256 2118 2405 2185 ipsos
2434 2114 2695 2186 ﬂagellat.
2728 2116 2867 2169 Nam
2898 2116 2946 2169 si
2978 2116 3163 2170 audiat
3209 2124 3266 2170 et
3295 2115 3557 2170 doceatur

1978 2206 2126 2258 illam
2163 2205 2479 2259 methodum
2513 2206 2607 2273 qui
2634 2205 2908 2274 privatum
2942 2205 3096 2270 vivit,
3132 2218 3297 2258 unum
3334 2219 3398 2259 ex
3426 2205 3555 2258 duo-

1976 2298 2077 2351 bus
2107 2299 2347 2366 patietur
2371 2296 2570 2349 malum
2601 2311 2618 2350 ι
2654 2297 2698 2349 si
2756 2297 2989 2349 luctetur
3045 2294 3260 2363 quidem
3312 2297 3552 2359 aberrat,

1975 2388 2378 2442 t-tiusattabilis
2417 2392 2499 2447 tit,
2531 2387 2579 2440 si
2622 2402 2749 2440 vero
2779 2388 2852 2440 sit
2906 2386 3208 2457 negligens,
3266 2387 3473 2439 nullout
3499 2387 3555 2441 in

1981 2488 2089 2533 tota
2121 2482 2228 2532 vita
2255 2478 2562 2547 profectum
2594 2479 2745 2532 facit.

2048 2753 2101 2808 9.
2135 2752 2318 2806 Dicam
2349 2750 2625 2818 equidem,
2659 2757 2847 2816 utpote
2903 2748 3238 2817 experientia
3292 2749 3552 2803 nonuu‘la

1978 2846 2227 2905 edoctus,
2260 2840 2486 2910 quando
2541 2840 2753 2894 sedebis
2799 2838 2889 2892 die
2945 2838 3029 2890 vel
3093 2847 3251 2891 nocte
3309 2839 3548 2906 quietus,

1979 2935 2292 3003 frequenter
2334 2932 2502 2986 Deum
2532 2945 2760 2999 precans
2779 2930 2899 2984 sine
2919 2930 3340 2998 cogitationibus
3368 2930 3420 2982 in
3453 2933 3552 2983 ltu-

1983 3026 2235 3083 milttate,
2262 3034 2316 3075 et
2352 3024 2567 3077 fatiscet
2595 3035 2751 3075 mens
2790 3021 3101 3082 clamitans,
3159 3036 3357 3086 corpus
3420 3009 3551 3072 vero

1980 3114 2205 3178 dolebit,-
2233 3123 2288 3167 el
2319 3128 2411 3166 t-or
2452 3114 2653 3166 acriter
2704 3120 3018 3165 contentum
3070 3113 3136 3163 ad
3196 3110 3541 3178 frequentem

1979 3206 2109 3263 Iesu
2142 3207 2561 3271 invocationem,
2583 3206 2699 3273 iam
2742 3219 2847 3257 non
2883 3203 3093 3271 sentiet
3136 3190 3402 3256 fervorem
3459 3216 3553 3255 aut

1980 3301 2250 3363 laetitiam,
2311 3299 2512 3366 quibus
2567 3297 2733 3350 ardor
2786 3307 2841 3350 et
2891 3300 3296 3361 perseverantia
3365 3297 3553 3350 militis

1981 3393 2434 3456 foventur;tunc
2463 3403 2693 3457 surgens
2758 3399 2863 3452 sta,
2923 3395 2979 3441 et.
3041 3387 3208 3455 psalle
3254 3388 3399 3440 solus
3457 3397 3552 3439 aut

1979 3497 2104 3538 cum
2143 3486 2458 3538 tuocomite
2479 3480 2770 3550 discipulo,
2809 3480 2891 3533 vel
2926 3480 3262 3532 meditationi
3321 3479 3551 3547 alicujus

1983 3574 2157 3639 verbi,
2184 3574 2270 3629 Vel
2309 3574 2587 3627 memorias
2621 3575 2838 3631 mortis,
2888 3571 2973 3624 vel
3040 3570 3209 3623 labori
3272 3586 3551 3633 manuum,

1980 3674 2037 3719 et
2063 3664 2189 3719 aliis
2222 3679 2447 3726 vacans,
2475 3663 2561 3715 vel
2596 3661 2810 3715 lectioni
2878 3662 3191 3722 attendens,
3247 3670 3399 3713 stans
3459 3675 3554 3726 po-

1984 3755 2123 3821 tius,
2154 3762 2216 3808 ut
2242 3767 2442 3823 corpus
2473 3750 2688 3821 fatiges.
2713 3749 2786 3803 Et
2827 3764 2950 3803 eum
2977 3762 3091 3803 stas
3123 3748 3270 3803 solus
3289 3750 3551 3818 psallens,

1983 3845 2155 3897 recita
2171 3840 2481 3910 Trisagion,
2504 3850 2600 3894 aut
2616 3841 2780 3894 etiam
2800 3853 3012 3907 preces,
3038 3841 3214 3891 anima
3245 3841 3329 3892 vel
3353 3851 3551 3904 tuente,

1982 3933 2295 3987 attendente
2326 3932 2476 3986 cordi
2507 3931 2807 3985 intellectu.
2859 3930 3075 3996 Quodsi
3132 3929 3297 3983 instet
3345 3930 3554 3993 acedia.

1984 4026 2154 4079 recita
2172 4024 2336 4078 etiam
2369 4024 2511 4077 duos
2540 4024 2626 4076 vel
2661 4033 2770 4076 tres
2831 4021 3091 4091 psalmos,
3138 4032 3192 4074 et
3258 4022 3553 4075 versiculos

1986 4126 2281 4172 nocturnos
2309 4112 2517 4182 absque
2539 4122 2724 4178 cantu,
2754 4114 2882 4183 quia
2917 4131 2935 4164 t
2961 4127 3065 4166 non
3101 4113 3401 4165 cantabunt
3458 4116 3549 4181 qui

1984 4218 2112 4264 sunt
2157 4206 2492 4277 huiusmodi,
2521 4206 2600 4261 ait
2624 4205 2889 4261 Clitnaxa
2950 4223 2969 4256 ι
3002 4203 3209 4258 Somtit
3242 4206 3383 4259 enim
3421 4205 3553 4274 ipsis

1986 4286 2052 4355 ad
2083 4300 2339 4372 gaudium
2372 4298 2530 4353 labor
2596 4298 2779 4353 cordis
2841 4312 2939 4366 pro
2992 4296 3195 4365 pietate
3242 4307 3550 4372 susceptus,

324 4378 510 4440 αὐτοῖς
533 4380 611 4440 εἰς
639 4378 980 4448 εὐφροσύνην
1029 4382 1059 4432 6
1082 4378 1179 4449 τῆς
1200 4380 1425 4450 καρδίας
1451 4381 1608 4445 πόνος
1636 4382 1777 4453 ὑπὲρ
1803 4383 1883 4436 εὖ·

1989 4392 2169 4460 inquit
2191 4402 2421 4445 sanctus
2454 4387 2693 4452 Marcus,
2726 4397 2782 4442 et
2815 4388 2995 4441 fervor
3046 4387 3268 4456 spiritus
3298 4388 3366 4442 ad
3420 4389 3573 4441 laeti-7

332 4468 546 4531 σεϐείας
593 4472 898 4539 γινόμενος,
932 4472 1114 4536 καθώς
1163 4490 1328 4542 φησιν
1370 4474 1399 4525 ὁ
1451 4474 1606 4543 ἅγιος
1647 4475 1893 4546 Μάρκος,

330 4567 423 4612 καὶ
451 4562 486 4629 ἡ
520 4559 698 4631 θέρμη
728 4561 821 4614 τοῦ
869 4562 1183 4633 Πνεύματος
1234 4567 1370 4635 πρὸς
1397 4568 1572 4637 χαράν
1602 4570 1695 4621 καὶ
1722 4569 1897 4636 ἀγαλ-

329 4649 509 4702 λίασιν
545 4652 726 4715 αὐτοῖς
779 4652 1050 4723 διδομένη.
1082 4656 1222 4722 Λέγε
1265 4654 1323 4707 δὲ
1351 4658 1491 4708 κατά
1516 4656 1747 4726 ψαλμὸν,
1801 4660 1898 4711 καὶ

332 4740 428 4811 τὴν
455 4741 762 4811 προσευχὴν
783 4742 1004 4810 νοερῶς,
1034 4741 1066 4813 ἢ
1090 4744 1356 4813 ψυχικῶς,
1395 4745 1771 4815 άρεμὸαστως,
1804 4747 1898 4799 καὶ

332 4831 415 4894 τὸ,
464 4831 797 4900 ’Δλληλούῖα.
832 4831 980 4901 Αὕτη
1013 4834 1119 4903 γάρ
1140 4834 1173 4902 ὴ
1196 4834 1348 4899 τάξις
1382 4834 1490 4886 τῶν
1524 4834 1692 4900 ἁγίων
1721 4835 1896 4887 Πατέ-

338 4939 469 4992 ρων,
505 4924 929 4991 Βαρσανουφίου,
958 4923 1053 4975 καὶ
1107 4925 1379 4993 Διαδόχου,
1409 4927 1504 4978 καὶ
1531 4926 1639 4977 τῶν
1672 4925 1897 4979 λοιπῶν.

337 5013 471 5077 Καὶ,
506 5013 687 5075 καθώς
719 5030 881 5084 φησιν
919 5016 947 5067 6
978 5014 1118 5078 θεῖος
1169 5017 1458 5078 Βασίλειος,
1491 5018 1571 5069 δεῖ
1606 5018 1733 5080 τοὺς
1762 5016 1901 5086 ψαλ-

343 5104 476 5171 μοὺς
514 5102 634 5155 καθ’
668 5103 880 5174 ἡμέραν
907 5104 1269 5166 ἐναλλάττειν,
1302 5105 1389 5157 διὰ
1424 5106 1482 5156 τὸ
1530 5105 1794 5175 ἐρεθίζειν
1819 5108 1901 5168 είς

343 5190 672 5261 προθυμίαν,
714 5195 809 5245 καὶ
859 5192 945 5245 ἵνα
1001 5193 1097 5262 μὴ,
1126 5193 1312 5262 φησιν,
1363 5192 1543 5261 ἀηδῶς
1589 5194 1617 5243 ὁ
1648 5191 1772 5253 νοῦς
1800 5191 1901 5261 ἔχῃ

344 5283 572 5336 πάντοτε
596 5282 664 5335 τά
696 5270 851 5336 αὐτὰ’
865 5282 1101 5352 ψάλλων,
1134 5284 1267 5335 ἀλλὰ
1282 5284 1378 5353 τὴν
1410 5281 1723 5351 ἐλευθερίαν
1753 5281 1901 5348 αὐτῷ

344 5380 449 5442 χρὴ
483 5374 856 5444 παραχωρεῖν,
887 5372 982 5424 καὶ
1010 5373 1089 5425 ἐτι
1121 5371 1436 5442 μᾶλλονέἱς
1474 5370 1782 5439 προθυμίαν
1811 5371 1901 5440 tea

333 5466 522 5530 ρωται.
555 5467 681 5518 Ἐὰν
711 5466 768 5519 δὲ
810 5467 946 5536 μετὰ
1002 5466 1245 5536 μαθητοῦ
1279 5465 1467 5523 πιστοῦ
1519 5466 1732 5518 ἵστασαι
1761 5467 1898 5535 ψάλ-

332 5554 453 5616 λων,
484 5557 685 5620 ἐκεῖνος
717 5556 817 5626 μὲν
842 5558 969 5619 τοὺς
996 5557 1245 5626 ψαλμοὺς
1263 5558 1486 5625 λεγέτω,
1523 5557 1583 5609 σὺ
1605 5557 1657 5609 δὲ
1682 5559 1745 5625 τῇ
1771 5573 1901 5625 καρ-

332 5642 417 5713 δέᾳ
458 5647 712 5713 κρυπτῶς
741 5646 1029 5718 προσέχων
1067 5648 1164 5700 καὶ
1224 5647 1682 5717 προσευχόμενος,
1742 5647 1899 5714 τήρει

513 5745 785 5853 ΡΑτιιοι,
845 5762 961 5821 Gn.
1017 5759 1128 5816 CL.

1987 4485 2116 4535 tiam
2174 4489 2231 4535 et
2280 4479 2700 4534 exsultationem
2753 4479 2831 4532 eis
2873 4479 3053 4531 datus.
3096 4495 3115 4528 ι
3168 4478 3356 4531 Adhuc
3411 4477 3551 4530 intra

1985 4574 2249 4640 psalmum
2284 4579 2339 4623 et
2368 4584 2558 4638 preces
2583 4569 2762 4622 anima
2784 4568 2871 4622 vel
2894 4580 3073 4623 mente
3105 4567 3249 4621 baud
3299 4579 3552 4636 vagantcr

1986 4670 2181 4724 lautas,
2211 4662 2300 4716 dic
2316 4662 2568 4717 Alleluia.
2600 4661 2728 4716 llzec
2772 4672 2857 4715 cst
2898 4663 3042 4714 euitu
3096 4663 3377 4713 metitodus
3428 4674 3553 4712 Sau-

1984 4768 2195 4810 ctorutn
2218 4754 2462 4821 Patrum,
2489 4752 2870 4823 Barsanupltii,
2920 4751 3198 4814 Diadoclti,
3219 4760 3273 4804 et
3296 4750 3549 4804 aliorum.
3633 4767 3640 4773 '

1987 4849 2184 4915 Atque,
2212 4858 2273 4901 ut
2303 4847 2378 4901 ait
2406 4846 2565 4899 divus
2594 4845 2845 4907 Basilius,
2895 4862 2914 4895 ι
2950 4851 3164 4908 oportet
3192 4844 3432 4911 psalmos
3489 4844 3546 4896 ιιι

1987 4943 2101 4996 dies
2153 4941 2447 5004 alternare,
2494 4942 2560 4992 ad
2621 4940 3008 4993 stimulamlmu
3063 4936 3335 4999 ardorem,
3387 4945 3553 5006 utque

1987 5049 2261 5101 nunquam
2297 5046 2469 5094 mens,
2499 5032 2694 5099 inquit,
2751 5028 2976 5083 eosdem
3016 5027 3253 5095 psalmos
3291 5026 3551 5091 fastidiat.

1984 5123 2077 5178 sed
2116 5123 2334 5176 libertas
2361 5122 2409 5173 ei
2450 5119 2809 5188 permittenda
2832 5130 2934 5183 εει,
2965 5128 3020 5172 ct
3053 5119 3134 5171 sic
3198 5118 3390 5185 majori
3459 5133 3551 5173 ac-

1984 5214 2251 5267 ccudetur
2282 5210 2485 5263 studio.
2532 5227 2550 5259 ι
2590 5209 2742 5276 Quod
2802 5209 2848 5261 si
2902 5224 3023 5262 cum
3080 5208 3342 5277 discipulo
3402 5208 3549 5263 fideli

1986 5317 2101 5358 stas
2132 5305 2393 5375 psallens,
2430 5303 2517 5356 hic
2551 5301 2766 5370 quidem
2807 5300 3042 5368 psalmos
3071 5300 3282 5361 recitet,
3310 5308 3365 5354 tu
3422 5314 3550 5352 vero

1984 5397 2314 5449 cordeiutus
2340 5393 2710 5448 attendentem
2730 5403 2783 5445 et
2806 5403 3119 5459 precantem
3147 5378 3271 5444 {ene
3294 5389 3545 5456 teipsum.

1985 5483 2188 5536 Omnes
2222 5493 2402 5535 autem
2435 5482 2813 5551 cogitationes,
2847 5482 2963 5534 sive
3015 5480 3381 5540 sensibilium,
3431 5477 3549 5530 sive

1988 5572 2442 5641 intelligibiliutu,
2481 5572 2533 5624 iu
2563 5573 2729 5624 corde
2769 5572 2978 5625 inertas
3005 5569 3338 5636 asperneris,
3398 5567 3553 5633 adju-

1987 5673 2148 5715 vante
2206 5663 2475 5714 oratione.
2530 5659 2664 5713 Nam
2718 5662 2973 5727 quietudo
3032 5668 3114 5712 est.
3166 5657 3554 5724 cogitationum

3036 5749 3227 5811 .42
