4102 6344
271 354 335 418 13
353 352 404 414 f5

897 353 996 414 DE
1037 351 1530 426 QUIETUDINE
1585 359 1679 419 ET
1724 358 2038 421 DUOBUS
2099 359 2518 421 ORATIONIS
2561 361 2822 427 MODIS.

3365 367 3500 428 1326

263 461 400 531 πρός
427 478 590 515 τινων
631 461 950 532 ἀρέσκειαν,
999 463 1136 532 μηδὲ
1169 464 1334 518 πάλιν
1385 465 1708 535 ἀπλήστως*
1757 465 1835 518 ὅτι

1938 469 2323 536 perfunctorie,
2355 474 2451 527 sed
2481 473 2740 544 graviter,
2775 474 3056 538 decenter,
3111 477 3284 544 firme,
3340 478 3502 531 intel-

261 553 370 605 πᾶν
397 551 593 623 μέτρον
620 552 861 621 ἄριστον,
893 551 1028 621 μηδὲ
1057 553 1324 624 τραχέως,
1348 553 1482 624 μηδὲ
1504 553 1726 624 νωθρῶς
1743 557 1839 608 καὶ

259 641 619 712 ἠμελημένως
647 681 662 706 ,
719 642 856 698 ἀλλὰ
903 643 1136 713 σεμνῶς,
1199 645 1482 708 ἐπιεικῶς,
1535 645 1834 710 εὐσταθῶς,

262 737 519 800 συνετῶς.
549 736 858 808 εὐρύθμως,
879 737 1080 805 νοερῶς
1095 754 1157 790 τε
1173 739 1268 792 καὶ
1287 737 1556 809 ψυχικῶς,
1581 739 1616 809 ἢ
1637 739 1733 792 καὶ
1750 738 1839 790 λο-

260 828 452 895 γικῶς.
489 829 575 881 ’Ev
595 827 807 891 τούτοις
836 830 946 899 γάρ
983 829 1171 883 ὲνδυνσ
1181 829 1282 899 μού
1291 847 1449 899 μενος
1467 833 1496 884 ό
1513 831 1658 895 νοῦς,
1684 832 1836 901 ίσχὺν

260 920 318 970 ἐν
341 915 450 981 ἔξει
479 917 768 987 λαμϐάνει,
796 919 876 981 είς
906 921 970 971 τὸ
994 919 1397 990 προσεύχεσθαι
1433 919 1730 991 κραταιῶς.
1749 921 1838 973 Ἐν

257 1007 315 1062 δὲ
334 1011 445 1071 τοίς
472 1009 892 1078 προειρημένοις
936 1013 1197 1075 ἐναντίοις
1228 1013 1454 1080 τούτων,
1480 1013 1744 1067 σκότωσίν
1778 1029 1836 1065 τε

1931 561 2525 630 ligenter,numer0se,
2557 579 2678 618 cum
2726 565 3024 630 intellectu,
3085 567 3264 620 anima
3299 575 3354 620 et
3409 583 3502 622 ra-

1930 653 2097 706 tione.
2125 651 2184 705 In
2217 653 2303 707 his
2327 655 2472 706 enim
2493 655 2842 709 corroborata
2871 671 3048 723 mens,
3097 645 3246 712 vires
3312 659 3497 715 habitu

1929 743 2169 810 acquirit
2197 745 2264 798 ad
2294 745 2507 799 fortiter
2565 751 2855 800 orandum.
2916 749 2972 801 In
3030 749 3270 818 prmfalis
3315 761 3500 805 autem

1930 834 2125 884 horum
2175 834 2512 902 contrariis,
2549 836 2873 903 ca-citatetn,
2911 840 3174 895 desidiam
3203 850 3257 894 et
3291 851 3506 909 pertur-

1928 925 2202 996 bationem
2229 925 2474 990 incurrit,
2536 928 2608 982 ita
2649 941 2709 983 ut
2759 930 2940 984 doleat
2965 932 3016 984 in
3069 932 3294 986 cerebro
3336 933 3503 987 intelo

1929 1017 2128 1086 lectus,
2155 1027 2209 1072 et
2238 1017 2307 1072 ad
2333 1019 2638 1074 orationem
2673 1020 3012 1077 debilitetur.

260 1091 374 1190 καὶ.
406 1092 709 1190 χαύνωσιν,
743 1099 839 1150 καὶ
887 1097 1152 1153 ἔκστασιν
1177 1100 1374 1154 κτᾶται
1399 1117 1412 1130 ·
1465 1099 1608 1154 ῶστκ
1636 1103 1824 1170 ἀλγεῖν
1847 1104 1944 1160 καὶ
1978 1107 2042 1162 τὸ
2067 1109 2396 1180 ἡγεμονικὸν
2436 1117 2496 1170 ἐν
2519 1115 2598 1188 τῷ
2623 1117 2938 1189 ἐγκεφάλῳ,
2967 1120 3059 1172 καὶ
3083 1121 3164 1182 είς
3191 1120 3292 1190 τὴν
3323 1137 3493 1190 προσ·

257 1179 421 1250 ευχὴν
449 1185 682 1239 ἀτονεῖν.

325 1284 415 1354 ιβ’.
440 1285 683 1356 Πρόσεχε
733 1285 792 1338 δὲ
825 1303 920 1337 και
976 1288 1042 1355 τῇ
1092 1285 1348 1356 προθέσει
1404 1283 1525 1338 καθ’
1555 1283 1727 1353 ὥραν,
1768 1285 1828 1335 ἐν

253 1375 474 1446 ἀκριϐεῖ
504 1378 763 1447 ἐρευνᾷν,
795 1376 896 1429 ποῦ
923 1377 1102 1444 ῥέπει,
1135 1378 1184 1429 εί
1213 1376 1356 1429 κατά
1379 1376 1512 1430 Θεὸν
1533 1376 1599 1428 δι’
1627 1375 1759 1427 αὑτὸ
1778 1375 1839 1426 τὸ

255 1465 620 1531 καλὸν,ένεκα
641 1466 878 1537 ψυχικῆς
909 1466 1176 1533 ὠφελείας
1197 1467 1433 1536 κάθησαι
1463 1464 1772 1536 ἡσυχάζων,
1801 1466 1836 1536 ἢ

255 1555 564 1626 eniva
613 1554 1026 1623 ἀναγινώσκων,
1079 1555 1112 1626 ἢ
1152 1556 1606 1626 προσευχόμενος,
1656 1555 1690 1624 ἦ
1741 1554 1838 1608 τὴν

256 1647 473 1702 οἱανοῦν
493 1647 694 1719 ἀρετὴν
718 1647 1110 1718 ἐργαςόμενος,
1157 1649 1244 1702 ἵνα
1277 1649 1352 1720 μὴ
1392 1649 1623 1702 συλᾶσαι
1663 1649 1836 1714 ἀγνώ-

259 1757 436 1805 στωςο
495 1741 692 1812 μήπως
766 1739 998 1811 εὑρεθῇς
1067 1740 1147 1810 τῷ
1201 1742 1303 1811 μὲν
1367 1743 1608 1810 σχήματι
1675 1739 1838 1809 ἐργάο

2005 1296 2094 1350 12.
2119 1295 2355 1349 Attende
2382 1293 2548 1346 etiam
2568 1293 2852 1348 intentioni
2874 1307 3199 1363 quocunque
3244 1306 3508 1366 tempore,

1933 1386 2224 1455 diligenter
2258 1393 2515 1440 scrutans
2545 1399 2654 1453 quo
2677 1396 2888 1452 vergat,
2931 1401 2998 1438 an
3062 1386 3237 1454 ipsum
3303 1385 3506 1441 bonum

1935 1487 2155 1547 propter
2190 1476 2355 1530 Deum
2388 1474 2578 1541 facias,
2603 1491 2670 1529 an
2703 1487 2922 1544 propter
2983 1480 3178 1530 anima:
3225 1476 3507 1530 utilitatem

1935 1570 2126 1624 sedeas
2150 1569 2388 1636 quietus,
2417 1567 2498 1630 vel
2527 1566 2787 1636 psallens,
2812 1568 2898 1622 vel
2931 1569 3137 1636 legens,
3179 1569 3262 1621 vel
3316 1581 3508 1630 orans,

1934 1660 2023 1715 vel
2051 1660 2355 1728 quamlibet
2377 1673 2644 1714 exercens
2669 1659 2943 1725 virtutem,
2971 1671 3028 1712 ut
3081 1659 3186 1712 non
3235 1658 3510 1726 diripiaris

1935 1751 2160 1815 inscius,
2221 1765 2322 1804 nec
2383 1749 2682 1803 inveniaris
2729 1750 2909 1818 specie
2977 1750 3195 1818 quidem
3253 1765 3506 1819 operans,

254 1851 392 1904 της,
458 1809 568 1904 τῶν
599 1835 656 1888 δὲ
707 1809 894 1904 τρόπῳ
939 1809 1048 1887 *καὶ
1100 1809 1168 1904 τῇ
1206 1809 1835 1904 -διανοίᾳῗάνθρὼποις,

1938 1842 2239 1896 intentione
2269 1854 2399 1895 vero
2431 1848 2486 1894 et
2508 1839 2840 1910 cogitatione
2871 1841 3212 1906 hominibus,
3233 1857 3342 1896 non
3398 1841 3508 1896 Deo

255 1927 354 1982 καὶ
394 1926 456 1980 οὑ
503 1925 621 1996 Θεῷ
675 1925 934 1996 ἀρέσκειν
984 1924 1326 1995 βουλόμενος.
1392 1925 1570 1978 Πολλά
1619 1924 1727 1993 γὰρ
1771 1923 1841 1977 τὰ

255 2018 448 2090 ἐνεδρα
500 2019 596 2072 τοῦ
671 2019 865 2086 δολίου,
925 2019 1022 2072 καὶ
1083 2019 1291 2088 σφόδρα
1356 2019 1603 2089 κρυφίως
1654 2016 1840 2086 βλέπει

254 2110 357 2180 τὴν
405 2110 577 2183 ῥοπὴν
623 2110 723 2180 τῆς
785 2110 1101 2180 προθέσεως
1162 2109 1239 2173 ὡς
1297 2109 1659 2180 ἀγνοούμενος
1726 2112 1837 2170 τοῖς

257 2203 476 2267 πολλοῖς
507 2243 522 2268 ,
553 2205 654 2258 καὶι
675 2205 762 2260 ἀεὶ
797 2203 1043 2271 βούλεται
1063 2202 1231 2273 συλᾷν
1256 2201 1319 2255 τό
1341 2202 1501 2272 ἔργον
1527 2201 1840 2270 ἀγνώστως,

259 2295 351 2348 ἵνα
377 2295 452 2365 μὴ
483 2295 624 2348 κατά
659 2295 796 2350 Θεὸν
824 2295 1052 2364 γένηται
1084 2295 1147 2348 τὸ
1176 2295 1482 2365 γινόμενον.
1508 2295 1568 2348 Εἰ
1597 2295 1709 2364 γὰρ
1747 2295 1841 2346 καὶ

258 2385 556 2448 ἁνενδότως
588 2386 838 2455 πολεμεῖ,
870 2387 964 2442 καὶ
1003 2385 1239 2449 ἀναιδῶς
1278 2386 1668 2458 προσέρχεται,
1705 2384 1840 2438 ἀλλά

260 2477 328 2529 σὺ
359 2475 581 2545 βεϐαίαν
610 2475 708 2546 τὴν
744 2474 1005 2545 πρόθεσιν
1027 2476 1108 2540 είς
1135 2476 1270 2529 Θεὸν
1316 2477 1477 2546 ἔχων,
1509 2477 1571 2529 οὑ
1606 2474 1840 2528 συλᾶσαι

260 2565 495 2636 συχνῶς,
521 2565 622 2620 κᾶν
654 2567 923 2630 ἀκουσίως
959 2567 1260 2639 ῥέμϐεσθαι
1290 2568 1380 2620 ὑπ’
1413 2568 1622 2622 ἐκείνου
1649 2568 1811 2639 βιάζη

258 2675 351 2712 ται
385 2660 418 2730 ἡ
449 2659 590 2730 ῥοπὴ
619 2659 714 2713 τοῦ
741 2659 1061 2730 θελήματος.
1091 2661 1202 2718 Καὶ
1231 2661 1362 2724 ἴσως
1390 2663 1424 2732 ἢ
1455 2661 1552 2715 καὶ
1589 2660 1649 2726 ἐξ
1675 2661 1838 2715 ἀσθε-

261 2751 409 2814 νείας
430 2752 657 2820 ὴττᾶταί
690 2768 774 2814 τις
791 2752 1086 2818 ἀκουσίως,
1107 2752 1225 2810 ἀλλ’
1258 2753 1489 2822 ἑτοίμως
1541 2756 1838 2824 συγχωρεῖ-

260 2859 351 2895 ται
391 2841 488 2894 καὶ
507 2844 812 2896 ἐπαινεῖται
841 2843 990 2914 παρά
1020 2843 1114 2897 τοῦ
1160 2844 1260 2908 τάς
1283 2844 1571 2916 προθέσεις
1619 2845 1840 2908 καὶτὰς

257 2934 488 3004 καρδίας
512 2933 893 3001 γινώσκοντος.
916 2935 1087 2990 Τοῦτο
1102 2937 1164 2990 τὸ
1190 2937 1386 3003 πάθος,
1403 2939 1502 3008 τῆς
1531 2939 1838 3006 κενοδοξίας

256 3023 422 3092 λέγω,
454 3026 555 3078 οὑκ
605 3026 671 3097 ἐᾷ
718 3026 811 3080 τὸν
854 3027 1088 3097 μοναχὸν
1127 3029 1402 3099 προκόψαι
1464 3031 1545 3091 είς
1598 3029 1835 3099 ἀρετήν’

1933 1931 2149 2000 placere
2170 1931 2420 2001 cupiens.
2448 1930 2629 1985 Multa:
2652 1941 2779 1986 sunt
2800 1930 2944 1984 enim
2975 1931 3134 1986 calidi
3196 1932 3370 1987 hostis
3425 1934 3509 1987 in-

1933 2023 2106 2088 sidiaa,
2124 2032 2178 2076 et
2202 2021 2596 2088 occultissime,
2659 2030 2721 2075 ut
2779 2021 2976 2075 multos
3020 2022 3210 2087 latens,
3270 2022 3511 2078 intuetur

1932 2110 2127 2167 ﬂexum
2150 2108 2490 2173 intentionis,
2545 2118 2601 2164 et
2658 2123 2875 2179 semper
2928 2112 3127 2180 quaerit
3183 2112 3322 2166 clam
3372 2127 3512 2179 opus

1933 2201 2348 2267 furari,utnon
2411 2210 2635 2270 prepter
2689 2199 2859 2255 Deum
2917 2200 3010 2255 fiat
3064 2203 3210 2271 quod
3277 2203 3356 2256 fit.
3399 2203 3510 2260 Sed

1933 2292 2180 2363 quamvis
2208 2301 2262 2346 te
2286 2291 2666 2348 indesinenter
2705 2290 2982 2360 impugnet
3029 2307 3093 2346 ac
3164 2293 3510 2362 impudenter

1936 2384 2180 2446 invadat,
2203 2385 2281 2436 tu?
2292 2393 2472 2436 tamen
2502 2383 2664 2435 lixam
2693 2382 2747 2436 in
2771 2380 2942 2437 Deum
2995 2385 3350 2439 intentionem
3407 2387 3508 2438 ba-

1937 2475 2092 2540 bens,
2115 2489 2185 2528 ne
2215 2474 2534 2541 frequenter
2569 2473 2883 2540 abripiaris,
2910 2473 3122 2528 etiamsi
3171 2475 3336 2528 invila
3381 2490 3510 2529 eva-

1937 2567 2056 2636 gari
2081 2577 2309 2632 cogatur
2338 2566 2409 2618 ab
2442 2565 2536 2618 illo
2572 2565 2851 2618 inclinatio
2910 2565 3226 2619 voluntatis.
3261 2566 3328 2619 Et
3381 2567 3510 2622 licet

1934 2659 2005 2710 ob
2036 2656 2409 2710 infirmitatem
2473 2655 2670 2724 aliquis
2719 2656 2970 2710 vincatur
3021 2656 3264 2722 invitus,
3329 2674 3513 2727 prom-

1936 2761 2081 2816 ptam
2115 2759 2293 2802 tamen
2328 2751 2542 2802 veniam
2579 2758 2638 2803 et
2669 2747 2881 2803 laudem
2927 2749 3124 2818 accipit
3147 2750 3214 2804 ab
3255 2751 3516 2806 intentio-

1938 2852 2140 2894 numct
2183 2841 2428 2894 cordinm
2499 2849 2828 2896 scrutatore.
2885 2840 3083 2896 Verum
3129 2841 3234 2896 hoc
3299 2843 3510 2909 vitium,

1935 2933 2144 2986 scilicet
2173 2947 2310 2985 vana
2343 2931 2537 2999 gloria,
2568 2947 2676 2986 non
2707 2933 2842 2987 sinit
2905 2934 3232 2988 monachum
3291 2935 3347 2990 in
3399 2937 3512 2990 vir-

1938 3034 2053 3076 tute
2122 3020 2396 3092 progredi,
2465 3021 2560 3075 sed
2614 3021 2828 3076 labores
2877 3023 3046 3086 subit,
3102 3033 3344 3078 etsenex
3394 3027 3512 3080 sine

257 3107 399 3172 ἀλλᾶ
416 3119 541 3179 τοὺς
577 3120 779 3182 κόπους
812 3120 1097 3191 ὑπομένει,
1139 3122 1235 3176 καὶ
1263 3123 1320 3174 ἐν
1345 3122 1493 3192 γήρα
1523 3122 1835 3192 εὑρίσκεται

1938 3113 2118 3168 fructu
2150 3113 2442 3167 invenitur.
2469 3113 2681 3166 Etenim
2716 3113 2889 3168 tribus
2948 3128 3168 3182 semper
3233 3116 3507 3185 subrepit,

257 3207 528 3280 ἄκαρπος.
555 3212 664 3263 Καὶ
683 3211 794 3279 γὰρ
818 3214 914 3265 καὶ
942 3215 1056 3275 τοῖς
1078 3213 1258 3282 τρισὶν
1283 3212 1607 3282 ἐπεμϐαίνει
1629 3213 1716 3264 ἀεὶ
1746 3213 1840 3265 καὶ

256 3299 456 3364 γυμνοί
486 3299 685 3360 αὑτοὺς
717 3299 815 3368 τῆς
839 3299 1101 3367 ἐργασίας
1139 3300 1249 3354 τῶν
1309 3301 1546 3372 ἀρετῶν,
1589 3302 1840 3372 ἀρχαρίῳ

256 3386 425 3456 λέγω,
447 3389 542 3442 καὶ
571 3390 744 3460 μέσῳ,
775 3391 868 3442 καὶ
897 3391 1113 3461 τελείῳ.

332 3485 422 3547 ιγ’.
459 3479 631 3533 Ὶόῦτο
661 3481 718 3533 δὲ
751 3481 940 3551 μαθὼν
967 3483 1132 3550 λέγω,
1158 3485 1240 3537 ὅτι
1271 3485 1439 3554 χωρὶς
1489 3485 1598 3538 τῶν
1626 3486 1839 3556 ἀρετῶν

257 3570 500 3648 τούτωνκ
537 3572 772 3643 μοναχὸς
822 3574 884 3626 οὑ
940 3575 1240 3645 προκόπτει
1316 3593 1477 3640 ποτε,
1545 3577 1837 3646 νηστείας,

255 3663 608 3733 ἐγκρατείας,
628 3667 958 3734 ἀγρυπνίας,
981 3667 1280 3738 ὑπομονῆς,
1299 3669 1836 3741 ἀνδρείας,ήσυχίας,

257 3756 588 3825 προσευχῆς,
620 3758 854 3828 σιωπῆς,
885 3759 1135 3825 πένθους,
1149 3761 1529 3825 ταπεινώσεως
1550 3779 1564 3793 ⁸
1598 3765 1704 3816 είσὶ
1729 3764 1838 3834 γὰρ

257 3848 574 3916 γεννητικαὶ
600 3847 846 3919 ἀλλήλων
905 3851 1000 3904 καὶ
1053 3851 1401 3920 φυλακτικαί.
1451 3853 1584 3906 ’Λπδ
1607 3855 1714 3924 γὰρ
1747 3871 1837 3924 νη-

259 3941 444 4003 στείας
465 3941 722 4012 συνεχοῦς
760 3944 1132 4016 μαραινομένη
1167 3946 1510 4016 ἡέπιθυμία,
1538 3947 1712 4000 τίκτει
1734 3949 1836 4018 τὴν

255 4033 616 4102 ἐγκράτειαν·
648 4035 682 4104 ἡ
721 4035 1042 4106 ἐγκράτεια,
1077 4039 1176 4107 τῆν
1215 4039 1523 4107 ἀγρυπνίαν
1544 4055 1559 4069 ο
1591 4040 1626 4108 ἡ
1661 4040 1834 4110 ἀγρυ-

255 4123 408 4188 πνία,
435 4125 534 4192 τὴν
567 4109 875 4197 ὑπομονήνο
919 4129 954 4198 ή
1002 4130 1271 4200 ὑπομονὴ,
1301 4131 1400 4200 τὴν
1450 4109 1748 4202 ἀνδρείανέ
1801 4132 1834 4201 ἡ

252 4214 501 4286 ἀνδρεία,
521 4216 619 4288 τὴν
647 4218 909 4288 ἡσυχίανο
957 4222 991 4291 ὴ
1019 4221 1240 4291 ἡσυχία,
1279 4223 1378 4293 τὴν
1417 4225 1727 4293 προσευχήν
1749 4241 1763 4255 ο
1799 4225 1832 4293 ἡ

253 4311 556 4381 προσευχὴ,
583 4312 682 4382 τὴν
713 4313 924 4382 σιωπήν
944 4329 958 4342 ·
989 4316 1021 4383 ἡ
1047 4316 1247 4386 σιωπὴ,
1272 4315 1332 4368 τὸ
1361 4317 1554 4380 πένθος
1577 4333 1590 4348 ·
1618 4317 1678 4370 τὸ
1705 4319 1834 4370 πέν-

253 4400 366 4466 θος,
392 4403 494 4472 τὴν
521 4403 853 4459 ταπείνωσιν
871 4422 884 4435 ⁸
917 4407 952 4476 ἡ
981 4407 1312 4482 ταπείνωσις
1363 4409 1738 4480 ἀντιστρόφως
1776 4411 1837 4463 τὸ

1941 3215 1996 3258 et
2027 3219 2193 3269 opera
2229 3204 2495 3259 virtutum
2518 3205 2774 3273 subripit,
2797 3204 3010 3260 scilicet
3047 3204 3359 3273 incipienti,
3388 3221 3504 3262 tne-

1940 3295 2030 3347 dio
2059 3301 2219 3362 atque
2248 3291 2512 3362 perfecto.

2018 3475 2106 3528 l5.
2126 3472 2238 3527 Hoc
2261 3474 2426 3528 etiam
2461 3485 2719 3542 expertus
2745 3473 2866 3528 dico
2899 3490 2914 3526 :
2947 3472 3074 3528 Sine
3107 3473 3191 3528 bis
3215 3473 3510 3530 virtutibus

1945 3564 2246 3618 monachus
2303 3578 2410 3617 non
2449 3564 2664 3632 prolicit
2716 3580 2977 3632 unquam,
3033 3564 3246 3619 scilicet
3303 3565 3512 3633 absque

1935 3657 2166 3726 jejunio,
2199 3657 2580 3726 temperantia,
2615 3657 2820 3725 vigilia,
2852 3658 3136 3724 patientia,
3166 3657 3508 3722 fortitudine,

1940 3747 2279 3816 quietudine,
2329 3749 2598 3813 oratione,
2634 3749 2879 3813 silentio,
2926 3748 3096 3813 luctu,
3157 3749 3508 3804 humilitate:

1940 3852 2004 3892 se
2029 3839 2174 3891 enim
2208 3840 2440 3893 invicem
2502 3849 2875 3908 congenerant
2902 3852 2958 3895 et
2988 3851 3336 3895 conservant.
3372 3839 3506 3895 Nam

1942 3945 2183 3999 perenne
2203 3931 2471 4000 jejunium
2500 3934 3000 4000 concupiscentiam
3031 3944 3334 3988 extenuans
3368 3933 3513 4002 parit

1946 4019 2356 4086 temperantiam
2405 4023 2813 4086 ;tetnperantia
2861 4023 3123 4090 vigiliam,
3177 4023 3358 4092 vigilia
3417 4038 3515 4092 pa-

1945 4107 2210 4171 tientiam,
2237 4107 2500 4174 patientia
2536 4108 2932 4176 fortitudinem,
2966 4111 3227 4167 fortitudo
3247 4114 3507 4183 quietem,

1942 4198 2097 4266 quies
2118 4198 2440 4266 orationem,
2469 4201 2647 4255 oratio
2660 4201 2960 4266 silentium,
2982 4203 3254 4259 silentium
3279 4211 3506 4268 luctum,

1944 4290 2119 4343 luctus
2138 4291 2518 4359 humilitatem,
2541 4293 2822 4347 humilitas
2840 4296 3074 4350 vicissim
3092 4297 3318 4353 luctum.
3335 4302 3510 4368 Atque

1945 4381 2198 4450 deinceps
2254 4383 2451 4437 iterum
2505 4384 2630 4438 lilia:
2666 4395 2871 4440 matres
2925 4389 3200 4456 quomodo
3258 4393 3506 4463 gignant,
3611 4435 3623 4448 .

252 4470 474 4554 πένθος.
503 4493 612 4546 Καὶ
635 4494 872 4565 καθεξῆς
891 4470 1162 4550 ἀνάπαλιν
1195 4470 1250 4549 ἀί
1282 4470 1578 4568 θυγατέρες
1601 4470 1700 4562 τάς
1718 4470 1835 4570 -μη-

1945 4488 2044 4541 per
2088 4473 2354 4543 analysim
2389 4475 2646 4544 reperies.
2707 4476 2818 4532 llac
2865 4477 3029 4548 igitur
3059 4491 3244 4536 mutua
3284 4501 3516 4552 genera-

252 4585 422 4656 τέρας
451 4588 565 4651 πῶς
587 4591 870 4656 γεννῶσιν,
922 4591 1264 4655 ἀναλυτικῶς
1311 4594 1585 4664 εὑρήσεις.
1619 4595 1836 4664 Ταύτης

252 4677 346 4732 οῦν
365 4679 470 4749 τῆς
510 4679 1113 4754 ἀλληλογενεσιουργίας
1173 4686 1374 4756 μείζων
1403 4689 1460 4740 ἐν
1489 4689 1711 4757 ἀρεταῖς
1735 4689 1836 4741 οὑκ

253 4770 390 4827 ἔστι.
427 4773 507 4825 Τά
529 4772 637 4843 γὰρ
659 4775 880 4828 ἐναντία
901 4775 1124 4842 τούτων,
1153 4781 1287 4831 πᾶσι
1316 4778 1578 4849 πρόδηλα.

334 4865 418 4928 ιδ’,
448 4866 539 4916 Δεῖ
585 4865 642 4918 δὲ
676 4869 772 4918 καὶ
817 4868 944 4930 τοὺς
979 4869 1179 4930 κόπους
1227 4872 1322 4922 καὶ
1353 4871 1478 4933 τοὺς
1510 4871 1703 4934 πόνους
1737 4873 1836 4941 τῆς

257 4955 523 5024 ἐργασίας
551 4957 785 5010 ἐνταῦθα
812 4958 994 5022 τάξαι,
1025 4963 1119 5012 καὶ
1151 4960 1266 5022 πῶς
1293 4962 1374 5014 δεῖ
1406 4963 1682 5032 μετελθεῖν
1710 4965 1838 5017 ἐκά-

259 5063 394 5117 στην
421 5049 700 5117 ἐργασίαν,
733 5050 919 5118 σαφῶς
963 5052 1252 5106 ἐκθέσθαι·
1289 5054 1375 5107 ἵνα
1409 5056 1482 5126 μὴ
1512 5057 1726 5120 ἀπόνως
1752 5074 1836 5119 τις

257 5138 317 5204 ἐξ
350 5140 520 5209 ἀκοῆς
550 5140 770 5204 ὁδεύων,
801 5141 898 5194 τοῦ
951 5143 1165 5212 καρποῦ
1221 5145 1531 5216 ἀποτυχὼν,
1588 5149 1757 5218 ἡμᾶς,
1796 5149 1829 5216 ἦ

257 5245 409 5292 τινας
437 5232 772 5300 αἰτιάσηται,
806 5233 882 5297 ὡς
911 5235 1011 5288 οὑκ
1043 5235 1160 5288 ἔστι
1188 5236 1368 5302 καθὼς
1403 5241 1728 5308 εἰρήκαμεν.
1775 5241 1832 5293 '0

259 5320 369 5388 γὰρ
400 5323 558 5386 πόνος
590 5323 690 5394 τῆς
725 5325 972 5402 καρδίας,
1008 5326 1104 5380 καὶ
1140 5328 1169 5380 ό
1211 5329 1307 5381 τοῦ
1343 5329 1592 5399 σώματος
1639 5333 1832 5398 κόπος,

257 5407 400 5464 οἶδεν
439 5413 600 5480 ἔργον
625 5415 882 5486 ἀληθείας
934 5421 1126 5472 ποιεῖν.
1164 5420 1253 5486 Ἐξ
1280 5415 1356 5475 ὧν
1389 5424 1421 5490 ἡ
1454 5425 1702 5492 ἐνέργεια
1738 5427 1830 5479 τοῦ

256 5499 412 5566 ἁγίου
455 5505 774 5576 Πνεύματος
809 5505 1161 5576 φανεροῦται,
1199 5507 1231 5573 ἡ
1266 5505 1355 5558 διὰ
1385 5503 1478 5557 τοῦ
1521 5503 1828 5573 βαπτίσμαη

258 5606 342 5655 τος
373 5594 622 5666 διδομένη
677 5597 784 5663 σοὶ,
834 5597 926 5648 καὶ
983 5598 1147 5648 παντὶ
1181 5595 1382 5664 πιστῷ,
1413 5597 1446 5665 ἡ
1475 5594 1564 5647 διά
1596 5595 1696 5664 τῆς
1723 5594 1834 5648 τῶν

257 5682 485 5738 ἐντολῶν
511 5687 770 5756 ἀμελείας
799 5688 911 5748 τοῖς
941 5687 1134 5739 πάθεσι
1175 5686 1582 5756 συγχωσθεῖσα,
1613 5685 1708 5738 καὶ
1732 5685 1833 5752 τὴν

263 5778 548 5836 μετάνοιαν
579 5781 738 5845 ἡμῶν
773 5780 1118 5845 ἀναμένουτα
1168 5779 1234 5832 δι’
1269 5780 1475 5843 ἄφατον
1521 5778 1666 5841 ἔλεος
1689 5791 1706 5808 ο
1743 5777 1832 5832 ἵνα

1949 4565 2094 4619 tione
2125 4565 2300 4635 major
2330 4567 2383 4620 in
2413 4569 2709 4623 virtutibus
2739 4587 2845 4624 non
2893 4584 2998 4627 est.
3047 4572 3291 4644 Namque
3319 4579 3510 4634 harum

1945 4657 2220 4710 contraria
2255 4667 2380 4712 sunt
2407 4659 2669 4714 omnibus
2713 4662 3018 4718 manifesta.

2017 4865 2101 4919 l4.
2163 4859 2391 4933 Oportet
2428 4861 2514 4918 hic
2563 4879 2781 4934 quoque
2827 4864 3043 4919 labores
3099 4875 3155 4918 et
3209 4866 3504 4922 industrlas

1947 4957 2283 5025 operationis
2347 4954 2575 5020 referre,
2627 4966 2682 5008 et
2735 4956 3008 5022 quomodo
3063 4954 3375 5011 faciendum
3435 4961 3506 5015 sit

1941 5051 2302 5116 quodcunque
2354 5062 2488 5114 opus
2519 5049 2664 5100 clare
2685 5061 2974 5113 exponere,
3007 5054 3066 5097 ut
3089 5061 3195 5099 non
3215 5047 3333 5103 sine
3359 5050 3510 5104 labo-

1943 5153 2003 5192 re
2062 5136 2255 5204 aliquis
2301 5149 2364 5189 ex
2420 5135 2700 5189 auditione
2751 5135 3060 5198 ambulans,
3113 5137 3295 5189 fructu
3363 5138 3505 5192 haud

1943 5239 2218 5298 percepto,
2251 5244 2348 5282 nos
2382 5228 2587 5280 aliosve
2629 5236 2869 5288 accuset.
2905 5242 2969 5280 eo
3020 5227 3164 5296 quod
3229 5244 3506 5298 nunquam

1943 5320 2008 5371 de
2043 5320 2146 5374 hoc
2202 5319 2366 5374 locuti
2403 5333 2664 5373 essemus.
2721 5315 2854 5372 Nam
2913 5317 3182 5373 industria
3217 5321 3397 5375 cordis
3450 5331 3507 5371 et

1939 5411 2185 5476 corporis
2219 5410 2370 5463 labor
2421 5408 2601 5461 sciunt
2657 5424 2792 5476 opus
2839 5410 3086 5463 veritatis
3156 5410 3355 5464 facere.
3424 5410 3501 5463 Ex

1942 5500 2139 5566 quibus
2165 5501 2408 5565 operatio
2456 5499 2691 5566 Spiritus
2743 5503 2917 5552 sancti
2948 5499 3346 5562 manifestatur,
3407 5515 3504 5567 per

1943 5592 2267 5658 baptismum
2322 5591 2416 5643 tibi
2452 5591 2574 5643 data
2619 5599 2672 5642 et
2711 5594 2856 5642 omni
2921 5590 3086 5652 fideli,
3122 5589 3216 5643 sed
3277 5599 3502 5658 propter

1945 5679 2325 5733 mandatorum
2376 5679 2727 5733 omissionem
2781 5678 3126 5746 passionibus
3161 5674 3500 5738 abscondita,

1941 5779 1995 5826 et
2028 5777 2268 5824 nostram
2313 5768 2690 5839 ptenitentiam
2738 5777 3062 5837 exspectans
3110 5764 3369 5820 ineffabili
3396 5766 3503 5818 mi-
