4102 6344
593 366 618 428 1
633 367 737 432 3’27

1845 359 2224 425 GREGORH
2269 356 2604 416 SlNAlTE

3718 343 3852 410 i328

577 462 896 545 sericordia,
924 489 982 536 ut
1015 495 1122 537 non
1157 480 1208 534 in
1243 478 1348 534 fini:
1390 478 1595 548 absque
1626 478 1802 533 fructu
1833 477 2033 546 reperti
2063 479 2164 530 hoc

2282 472 2345 542 {si}
2379 475 2457 534 εἰς
2485 473 2640 535 τέλος
2669 471 2753 524 διὰ
2811 472 2906 541 τὴν
2957 473 3237 542 ἀκαρπίαν
3295 471 3451 540 ἡμῶν
3506 469 3856 538 ἀκούσωμεν·

587 575 916 637 audiamus;
975 591 992 624 ι
1029 555 1225 627 Tollite
1277 571 1345 626 ab
1383 584 1450 625 eo
1505 571 1789 633 talentum,
1829 586 1849 622 ι
1886 579 1940 624 et
1966 569 2098 623 illud
2144 583 2158 622 :

592 684 610 714 ς
651 664 803 730 Quod
830 664 1042 719 videtur
1066 663 1291 726 habere,
1320 660 1600 716 auferetur
1628 659 1696 714 ab
1746 673 1811 714 eo
1845 659 1884 726 ⁸,
1921 676 1939 710 ι
1979 667 2036 713 et
2070 671 2171 712 nos

589 758 641 810 in
667 755 930 824 supplicia
975 754 1183 823 ejiciat,
1227 762 1490 807 aeternum
1525 752 1578 806 in
1611 753 1859 822 geltenna
1920 749 2171 805 crucian-

588 847 706 901 dos.
740 843 932 900 Omnis
953 846 1100 900 enim
1127 845 1376 914 Operatio
1410 843 1714 913 corporalis
1770 849 1828 896 et
1876 840 2176 910 spiritualis

590 940 708 994 sine
737 939 1006 994 industria
1049 945 1105 992 et
1131 937 1317 992 labore
1347 936 1512 1000 facta,
1555 934 1777 990 facienti
1814 933 2026 988 nullum
2061 946 2169 990 un-

588 1047 752 1100 quam
803 1029 991 1085 aﬂ‘eret
1039 1029 1278 1083 fructum
1311 1067 1330 1094 ,
1381 1027 1509 1098 quia
1555 1045 1574 1079 ι
1605 1024 1854 1096 Regnum
1907 1021 2170 1079 ccelorum

593 1123 702 1177 vim
760 1124 985 1190 patitur,
1042 1118 1541 1190 inquitDominus,
1578 1127 1634 1173 et
1670 1117 1895 1173 violenti
1955 1116 2176 1184 rapiunt

592 1212 722 1266 illud
749 1214 798 1275 ³,
841 1230 861 1262 ι
919 1209 1362 1281 vim‘appellans
1419 1207 1747 1262 laboriosam
1812 1205 2058 1274 corporis
2116 1203 2176 1256 in

592 1305 845 1360 omnibus
902 1303 1276 1357 vexationem.
1328 1299 1507 1367 Unde,
1573 1314 1699 1355 cum
1754 1297 1908 1352 multi
1973 1297 2177 1350 multos

595 1399 781 1454 forsan
815 1397 934 1452 sine
983 1395 1168 1449 labore
1199 1407 1376 1448 annos
1409 1392 1656 1462 degerint
1690 1391 1775 1445 vel
1809 1390 2031 1458 degant,
2075 1399 2178 1440 nec

595 1488 863 1544 industrie
893 1488 946 1540 in
985 1486 1193 1540 fervido
1224 1484 1408 1541 cordis
1443 1486 1641 1538 ardore
1691 1482 1912 1537 labores
1945 1479 2174 1542 faciant,

593 1578 758 1633 vacui
794 1591 820 1630 τι
847 1575 1113 1648 munditia
1143 1581 1200 1628 et
1235 1572 1477 1642 Spiritus
1513 1571 1692 1640 sancti
1761 1576 2021 1638 expertes
2049 1565 2177 1620 facti

599 1678 749 1734 sunt,
785 1667 990 1736 reiecta
1022 1664 1274 1720 laborum
1313 1665 1632 1732 asperitate.
1681 1660 1784 1726 Qui
1814 1661 1962 1716 enim
1997 1657 2178 1727 negli-

600 1768 792 1829 genter
829 1765 884 1812 et
913 1758 1108 1827 ignave
1138 1763 1459 1826 operantur,
1516 1753 1771 1808 videntur
1797 1750 1982 1805 forsan
2043 1748 2182 1802 mul-

2277 582 2294 613 ι
2330 565 2532 634 Ἀρατε
2569 563 2629 616 τὸ
2653 564 2915 617 τάλαντον
2938 564 3033 618 ἀπ’
3061 563 3252 618 αὐτοῦ’
3296 583 3314 616 ι
3354 568 3446 617 καὶ
3479 565 3541 618 τὸ
3563 605 3580 631 ,
3624 582 3644 616 ι
3680 565 3859 616 ’Ὀδο-

2269 657 2356 708 κεῖ
2383 654 2528 726 ἔχειν
2586 656 2885 727 ἀρθήσεται
2937 657 3034 710 ἀπ’
3069 657 3264 712 αὐτοῦ’
3293 677 3310 709 ι
3372 658 3468 710 καῖ⁵
3506 660 3589 720 είς
3632 659 3861 711 κόλασιν

2266 747 2569 819 ἀποπέμψῃ
2617 750 2787 819 ἡμᾶς,
2845 749 3081 812 αἰωνίως
3123 751 3184 802 ὲν
3213 750 3409 822 γεέννῃ
3457 749 3858 819 όδυνωμένοκ.

2267 840 2424 894 Πᾶσα
2451 840 2560 911 γὰρ
2594 841 2828 912 ἐργασία
2860 842 3145 913 σωματική
3170 860 3230 896 τε
3268 843 3361 896 καὶ
3389 843 3768 913 πνευματικὴ.
3791 845 3864 912 μή

2267 931 2467 1004 ἔχουσα
2515 932 2699 1000 πόνον,
2763 933 3020 1004 ἢκόπον,
3082 933 3340 987 οὐδέποτε
3383 936 3739 1004 καρποφορεῖ
3789 936 3863 1002 τῷ

2266 1024 2472 1095 ταύτην
2503 1024 2886 1096 μετερχομένῳ
2908 1041 2922 1056 ο
2954 1025 3036 1078 ὅτι
3069 1043 3090 1076 r
3123 1025 3324 1095 Βιαστή
3357 1025 3504 1078 ἐστιν
3530 1025 3564 1092 ή
3605 1024 3864 1094 βασιλεία

2267 1119 2378 1174 τῶν
2405 1118 2673 1189 οὐρανῶν,
2701 1120 2869 1190 φησιν
2888 1117 3161 1189 όΚύριος,
3203 1118 3299 1172 καὶ
3325 1117 3544 1188 βιασταὶ
3572 1119 3860 1188 ἁρπάζου-

2273 1229 2358 1266 σιν
2384 1213 2556 1282 αύτήν
2577 1227 2594 1242 ο
2623 1230 2643 1264 ι
2681 1211 2805 1281 βίαν
2835 1211 3006 1264 εἰπὼν
3037 1210 3137 1282 τὴν
3194 1209 3290 1263 τοῦ
3327 1209 3582 1279 σώματος
3607 1211 3668 1262 ὲν
3694 1213 3861 1262 πᾶσιν

2273 1304 2530 1359 ἐπίπονον
2561 1302 2835 1374 αἴσθησιν,
2867 1301 2992 1357 ἐπεὶ
3024 1304 3076 1356 oi
3127 1302 3315 1356 πολλοὶ
3344 1301 3444 1373 μὲν
3471 1302 3609 1366 ἴσως
3630 1302 3858 1356 πολλοὺς

2275 1397 2556 1460 ἐνιαυτοὺς
2585 1396 2801 1458 ἀπόνως
2823 1395 3170 1466 εἰργάσαντο,
3209 1397 3242 1468 ἢ
3273 1394 3626 1467 ἐργάζονται,
3655 1397 3756 1448 καὶ
3776 1396 3860 1448 διὶ

2273 1489 2335 1543 τὸ
2375 1491 2450 1562 μὴ
2475 1488 2728 1557 ὲμπόνως
2779 1491 2838 1542 ὲν
2884 1487 3085 1559 ζεούσῃ
3139 1486 3420 1558 προθυμίᾳ
3473 1487 3710 1558 καρδίας
3737 1491 3858 1550 τοὺς

2275 1584 2472 1646 πόνους
2498 1581 2858 1645 ποιεῖν,κενοὶ
2879 1579 3268 1652 καθαρότητος,
3295 1582 3391 1633 καὶ
3415 1578 3678 1651 ἀμέτοχοι
3699 1580 3861 1633 Πνεῦ-

2278 1691 2446 1744 ματος
2499 1674 2660 1741 ἁγίου
2694 1673 2974 1744 γεγόνασι,
2999 1672 3063 1725 τὸ
3097 1672 3264 1742 δριμὺ
3297 1671 3408 1725 τῶν
3432 1670 3620 1724 πόνων
3648 1673 3861 1740 ἀπανη-

2277 1765 2518 1837 νάμενοι.
2548 1768 2611 1821 Ol
2642 1768 2750 1838 γὰρ
2781 1770 2840 1822 ἐν
2883 1766 3114 1839 ἀμελείᾳ
3145 1766 3238 1820 καὶ
3256 1765 3528 1837 χαυνώσιι
3553 1763 3859 1836 ἐργαζόμε-

603 1818 715 1901 ἶυηι
766 1818 1062 1910 laborare;
1096 1818 1376 1912 nunquam
1434 1851 1614 1895 tamen
1674 1838 1909 1893 fructum
1941 1845 2181 1907 gustant,

2287 1818 2434 1837 '"r'"
2487 1818 2517 1822 -ν
2557 1818 2608 1821 ν-
2653 1818 2742 1838 .--.τ
2784 1818 2830 1822 ν-
2886 1818 3045 1838 η
3084 1818 3100 1839 ι
3257 1818 3306 1837 ,ιν
3588 1818 3726 1836 ..κ-
3765 1818 3777 1834 .

2282 1877 2379 1927 νοι,
2411 1861 2645 1915 κοπιῶσι
2682 1863 2782 1932 μὲν
2814 1861 3056 1927 ῐσως,ὼς
3086 1860 3326 1926 δοκοῦσι,
3361 1861 3536 1915 πολλά
3555 1877 3571 1892 ο
3605 1859 3858 1914 οὐδέποτ*

604 1946 797 2007 utpote
817 1935 1102 1989 industriae
1133 1947 1198 1988 ac
1225 1933 1433 1988 doloris
1458 1932 1678 2000 penitus
1709 1938 1987 1999 expertes.
2022 1927 2178 1993 Quod

605 2033 840 2078 testatur
873 2022 965 2092 qui
1009 2022 1186 2078 dicit:
1236 2039 1255 2072 ι
1299 2021 1356 2075 Si
1381 2036 1574 2076 omnes
1597 2021 1894 2090 prmelaras
1923 2031 2183 2089 geramus

605 2114 870 2179 actiones,
906 2127 1006 2167 cor
1035 2125 1168 2167 vero
1202 2111 1398 2168 dolens
1438 2127 1544 2166 non
1569 2111 1894 2178 habeamus,
1921 2109 2026 2165 illae
2049 2126 2181 2181 spu-

609 2205 702 2258 riae
723 2219 785 2257 ac
815 2205 1050 2258 rancida:
1107 2205 1266 2259 fiunt.
1296 2204 1434 2260 Item
1474 2205 1772 2274 aliquando
1825 2204 2184 2275 indiligenter

608 2294 971 2361 ambulantes,
1026 2311 1138 2366 prze
1196 2298 1384 2352 acedia
1445 2297 1500 2352 in
1534 2297 1922 2354 distractioues
1989 2301 2190 2370 direpti

611 2386 848 2453 inutiles,
901 2387 1348 2452 obtenebramur,
1396 2389 1501 2443 visi
1543 2390 1595 2442 in
1625 2389 1711 2443 his
1742 2374 1986 2459 requiem
2039 2393 2190 2448 iuve-

612 2477 754 2541 nire,
789 2480 931 2546 quod
961 2493 1064 2534 non
1093 2488 1196 2541 est,
1233 2479 1327 2535 sed
1356 2480 1742 2535 insolubilibus
1777 2481 1966 2537 fasciis
1993 2482 2187 2537 invisi-

613 2571 794 2626 biliter
821 2571 995 2640 ligati,
1059 2572 1367 2626 immobiles
1395 2580 1452 2626 et
1491 2571 1694 2626 inertes
1743 2572 1796 2625 in
1845 2573 1994 2626 omni
2024 2585 2192 2641 opere

613 2664 797 2727 fimus,
823 2661 1033 2716 desidia
1069 2662 1122 2716 itt
1165 2662 1324 2717 nobis
1350 2662 1647 2732 completa,
1677 2664 1978 2732 praesertim
2026 2664 2070 2717 si
2113 2666 2194 2718 in-

614 2755 879 2823 cipientes
909 2753 1102 2808 simus.
1169 2751 1438 2808 Perfectis
1467 2755 1611 2807 enim
1644 2754 1829 2807 omnia
1864 2752 1932 2806 ad
1969 2766 2190 2806 menso-

617 2862 730 2899 ram
760 2845 912 2899 utilia
964 2853 1112 2899 sunt.
1141 2861 1160 2896 ι
1195 2843 1339 2899 Idem
1395 2852 1624 2897 testatur
1659 2858 1886 2913 magnus
1934 2841 2224 2918 Ephraim.

616 2938 801 2991 dicens
841 2953 854 2988 :
898 2953 917 2986 ι
957 2933 1224 2989 Laborem
1291 2933 1477 2987 labora
1521 2933 1824 2998 laboriose,
1861 2944 1921 2988 ut
1974 2935 2200 3004 effugias

616 3026 894 3078 irritorunt
919 3023 1166 3078 laborum
1214 3021 1455 3077 labores.
1491 3021 1548 3075 Si
1577 3037 1713 3086 non,
1769 3024 1924 3090 juxta
1958 3025 2195 3091 prophe-

619 3125 727 3170 tam
763 3116 806 3178 ³,
850 3129 1009 3170 renes
1047 3115 1215 3169 nostri
1245 3113 1503 3169 deficiant
1531 3125 1586 3170 et
1615 3115 1982 3170 dissolvantur
2003 3117 2194 3186 jejunii

618 3209 824 3272 labore,
857 3219 911 3261 et
957 3206 1175 3261 dolores
1223 3206 1598 3276 concipiamus
1650 3207 1804 3276 quasi
1838 3208 2192 3280 parturientis

617 3304 787 3356 fetum
818 3300 962 3356 lassa
994 3300 1181 3355 cordis
1223 3315 1508 3370 compage,
1559 3316 1667 3355 non
1697 3300 2034 3369 gestabimus
2080 3301 2195 3370 spi-

621 3397 783 3448 ritum
816 3392 1012 3448 salutis
1044 3392 1098 3446 in
1134 3401 1290 3448 utero
1314 3394 1516 3458 cordis,
1548 3394 1694 3448 sicut
1738 3394 1982 3457 audiisti,
2014 3394 2109 3449 sed
2138 3393 2192 3446 in

619 3497 870 3554 tempore
927 3493 1163 3551 tantum,
1229 3491 1285 3540 et
1323 3485 1493 3540 sterili
1545 3485 1788 3550 deserto,
1852 3495 1909 3540 et
1960 3486 2096 3550 otio,
2137 3494 2194 3540 et

544 3599 552 3618 κ
620 3578 822 3647 quiete,
867 3586 1118 3646 putantes
1177 3589 1281 3632 nos
1316 3586 1441 3632 esSe
1477 3576 1702 3645 aliquid,
1755 3577 2074 3645 gloriamur,
2109 3578 2197 3633 die

623 3683 750 3725 vero
772 3671 946 3724 exitus
973 3667 1200 3724 indubie
1241 3667 1487 3724 fructum
1529 3668 1747 3724 omnem
1806 3685 1996 3724 omnes
2025 3687 2192 3740 agno-

612 3773 859 3817 scemus.

673 4060 764 4115 35.
828 4059 1003 4116 Nemo
1059 4071 1295 4130 potesta
1345 4063 1528 4132 seipse
1576 4065 1836 4121 virtutum
1892 4070 2177 4124 scientiam

605 4149 841 4215 discere,
871 4149 999 4205 licet
1034 4149 1201 4222 aliqui
1247 4153 1587 4222 experientia
1626 4165 1883 4225 tauquam
1919 4162 2176 4229 magistra

607 4243 690 4296 ttsi
733 4242 862 4297 sint.
887 4242 1020 4298 Nam
1059 4259 1085 4295 a
1113 4245 1294 4315 seipse
1340 4246 1459 4301 sine
1488 4249 1916 4316 praecedentium
1951 4252 2181 4308 consilio

607 4344 789 4400 agere,
823 4333 1298 4402 praesumptionem
1336 4329 1502 4390 habet
1530 4351 1625 4391 seu
1659 4339 1838 4407 potius
1871 4354 2067 4409 pauere
2094 4357 2182 4398 so-

486 4416 501 4431 '
607 4423 705 4477 let.
739 4422 797 4476 Si
831 4424 976 4476 enim
1021 4442 1039 4475 ι
1081 4423 1250 4480 Filius
1287 4439 1318 4479 a
1357 4440 1418 4482 se
1442 4443 1550 4482 non
1571 4429 1702 4484 facit
1733 4431 2057 4502 quidquam,
2088 4437 2181 4490 sed

2271 1954 2333 2010 δὲ
2371 1954 2582 2024 καρπὸν
2634 1955 2878 2024 τρυγῶσι
2931 1953 3017 2009 διὰ
3044 1953 3105 2006 τὺ
3143 1953 3364 2019 ἄπονον,
3396 1954 3480 2017 είς
3505 1952 3667 2022 βάθος
3693 1951 3853 2007 ἀνάλ-

2281 2065 2434 2118 γητοι
2463 2048 2637 2112 ὄντες.
2671 2049 2779 2101 Καὶ
2812 2048 3026 2119 μάρτυς
3075 2048 3106 2099 ό
3134 2047 3309 2115 λέγων
3322 2062 3345 2082 -”
3399 2046 3519 2100 Κᾶν
3551 2045 3733 2108 πάσας
3763 2049 3857 2108 τὰς

2281 2139 2555 2204 πολιτείας
2610 2139 2769 2210 ⁴ἡμῶν
2819 2138 3065 2208 μεγάλας
3117 2137 3352 2208 ἔχωμεν,
3398 2135 3495 2205 τὴν
3544 2134 3602 2190 δὲ
3633 2136 3856 2206 καρδίαν

2279 2229 2540 2285 ινώδυνον
2565 2232 2628 2284 ού
2655 2231 2994 2302 κεκτήμεθα,
3022 2229 3166 2284 νόθοι
3202 2224 3362 2284 αὗται
3415 2229 3508 2282 καὶ
3540 2228 3698 2282 ἕωλοι
3727 2228 3854 2279 καθ·

2281 2322 2600 2391 εστήκασιν.
2640 2320 2796 2383 Ἴσως
2839 2319 2884 2374 δ’
2917 2320 3007 2374 ὅτε
3038 2319 3134 2372 καὶ
3177 2320 3396 2382 ἀπόνως
3426 2317 3728 2381 ὁδεύοντες,
3760 2317 3857 2369 ὑπὸ

2280 2411 2510 2479 ἁκηδίας
2541 2413 2621 2474 είς
2669 2409 3085 2480 περισπασμοὺς
3115 2408 3514 2476 συνωθούμενοι
3544 2407 3675 2470 τοὺς
3727 2410 3859 2461 ἀνω-

2284 2503 2486 2572 φελεῖς,
2516 2502 2899 2573 σκοτιζόμεθα,
2917 2502 3216 2566 ’δοκοῦντες
3242 2503 3300 2554 ὲν
3324 2501 3537 2563 τούτοις
3563 2499 3752 2554 ἄνεσιν
3775 2501 3860 2552 εύ-

2289 2598 2424 2668 ρεῖν,
2458 2599 2594 2666 ὅπερ
2624 2596 2726 2649 ούκ
2753 2596 2921 2658 ἔστιν,
2954 2594 3090 2648 ἀλλὰ
3143 2593 3408 2664 κειρείαις
3454 2591 3677 2654 ἀλύτοις
3701 2593 3865 2660 dspi-

2281 2707 2388 2752 τως
2415 2687 2794 2758 δεσμούμενοι,
2817 2690 3063 2758 ἀκίνητοι
3088 2688 3185 2740 καὶ
3229 2686 3588 2756 ἀνενέργητοι
3613 2687 3673 2737 ὲν
3701 2685 3865 2735 παντὶ

2281 2777 2428 2850 ἔργῳ
2448 2778 2733 2848 γινόμεθα,
2771 2777 2872 2846 τῆς
2905 2777 3235 2848 χαυνότητος
3286 2778 3344 2828 ὲν
3372 2775 3506 2846 ἡμῖν
3541 2773 3865 2844 πληθυνθεί·

2283 2882 2404 2935 σης,
2441 2869 2535 2920 καὶ
2569 2867 2806 2935 μάλιστα
2831 2867 3118 2938 ἀρχαρίοις
3153 2863 3293 2920 οὖσι.
3327 2865 3452 2928 Tol;
3479 2865 3587 2935 γὰρ
3618 2865 3864 2927 τελείοις,

2281 2962 2348 3012 τὰ
2379 2959 2557 3011 πάντα
2589 2960 2646 3011 ὲν
2670 2958 2855 3029 μέτρῳ
2877 2956 3155 3026 ὠφέλιμα.
3194 2955 3365 3010 Τοῦτο
3416 2958 3693 3030 μαρτυρεῖ
3723 2960 3819 3011 καὶ
3843 2959 3870 3010 6

2287 3051 2461 3119 μέγας
2502 3051 2744 3122 Ἐφραὶμ
2766 3051 2961 3120 λέγων*
2988 3051 3158 3104 Πόνον
3185 3050 3334 3103 πόνει
3354 3050 3739 3120 ὲμπόνως,ἴνα
3762 3053 3870 3104 δια-

2223 3141 2490 3216 οδρὰσῃς
2517 3142 2628 3196 τῶν
2675 3141 2923 3212 ματαίων
2953 3142 3133 3196 πόνων
3162 3140 3287 3206 τοὺς
3332 3142 3551 3204 πόνους.
3605 3141 3735 3194 Ἐὰν
3777 3144 3872 3210 μὴ,

2285 3233 2429 3288 κατά
2460 3233 2550 3287 τὸν
2581 3236 2891 3306 προφήτην,
2926 3234 2958 3302 ὴ
3008 3233 3178 3301 ὀσφὺς
3204 3232 3362 3302 ήμῶν
3393 3231 3622 3302 ἐκλείπῃ
3646 3231 3759 3285 ἀπὸ
3792 3236 3880 3284 Ex-

2283 3324 2494 3388 λύσεως
2536 3325 2614 3394 τῷ
2642 3323 2742 3394 τῆς
2766 3325 3020 3395 νηστείας
3079 3324 3255 3393 κόπῳ,
3291 3323 3388 3376 καὶ
3425 3322 3622 3386 ὠδῖνας
3680 3323 3876 3390 συλληο

2287 3416 2514 3487 φθῶμεν
2545 3417 2620 3479 ὼς
2646 3416 2938 3486 τικτούσης
2973 3415 3212 3486 ἔμϐρυον
3253 3417 3318 3486 τῇ
3352 3414 3575 3486 ἀλγεινῇ
3602 3415 3706 3484 τῆς
3735 3432 3876 3484 καρ-

2285 3507 2404 3570 δίας
2427 3505 2612 3578 πήξει,
2647 3506 2710 3559 ού
2745 3508 2820 3577 μή
2848 3507 3148 3577 κυήσωμεν
3177 3505 3396 3576 πνεῦμα
3440 3504 3723 3575 σωτηρίας
3760 3505 3878 3556 ἔπι-

2288 3601 2395 3670 Υῆξ
2443 3601 2542 3670 τῆς
2586 3596 2836 3671 καρδίας,
2895 3596 3086 3670 ὥσπερ
3143 3597 3404 3670 ἤκουσας,
3454 3597 3573 3652 ἀλλ’
3630 3599 3694 3651 ὲν
3766 3599 3872 3658 τοῖς

2287 3693 2501 3762 χρόνοις
2532 3692 2714 3761 μόνον,
2744 3694 2839 3745 καὶ
2866 3693 2932 3762 τῇ
2967 3691 3212 3760 ἀνονήτῳ
3240 3691 3452 3763 ἐρήμῳ,
3515 3690 3611 3743 καὶ
3646 3691 3717 3759 τῇ
3746 3707 3875 3758 χαυ-

2289 3784 2471 3848 νώσει,
2509 3785 2603 3837 καὶ
2634 3786 2835 3856 ἠσυχίᾳ
2855 3786 3092 3855 οἰόμενοι
3136 3780 3277 3838 εἷναί
3307 3801 3475 3847 τινες,
3512 3782 3870 3853 καυχώμεθα.

2303 3879 2390 3932 Ἐν
2432 3878 2487 3930 δὲ
2520 3877 2598 3948 τῷ
2646 3875 2825 3950 καιρῷ
2869 3879 2965 3950 τῆς
3027 3877 3209 3942 ἐξόδου
3259 3876 3658 3947 ἀναμφιϐόλως
3699 3878 3875 3930 πάντα

2287 3968 2499 4039 καρπὸν
2534 3970 2733 4032 πάντες
2766 3967 3209 4041 ὲπιγνωσόμεθα.

2358 4059 2440 4116 ιε’.
2472 4061 2585 4115 Ούκ
2610 4059 2726 4114 ἔστι
2753 4062 2810 4116 δὲ
2839 4063 2905 4116 δι’
2938 4062 3132 4117 ἑαυτοῦ
3149 4079 3234 4127 τις
3259 4061 3358 4134 τὴν
3386 4061 3496 4115 τῶν
3526 4062 3744 4133 ἀρετῶν
3769 4064 3881 4115 Erro

2287 4155 2500 4224 στήμην
2539 4153 2754 4224 μαθεῖν,
2792 4157 2839 4209 εἰ
2864 4155 2957 4209 καί
2990 4173 3136 4219 τινες
3164 4145 3576 4227 ὡς’διδασκάλῳ
3599 4157 3669 4226 τῇ
3710 4157 3879 4226 πείρᾳ

2287 4245 2608 4316 ἐχρήσαντο.
2653 4243 2728 4300 Τὸ
2765 4249 2874 4318 γάρ
2901 4249 2996 4317 ἀφ’
3029 4243 3246 4314 ἑαυτοῦ,
3278 4249 3374 4302 καὶ
3401 4245 3478 4319 μή
3495 4251 3563 4319 τῇ
3588 4248 3876 4317 συμϐουλῇ

2285 4337 2393 4391 τῶν
2417 4339 2839 4409 προωδευκότων
2864 4345 3056 4405 ποιεῖν,
3093 4343 3269 4412 οῐησιν
3295 4341 3408 4412 ἔχει
3429 4384 3444 4408 ,
3475 4341 3678 4412 μᾶλλον
3702 4341 3764 4395 δὲ
3799 4344 3878 4396 τί·

2291 4446 2439 4484 κτειν
2452 4431 2719 4498 πέφυκεν.
2752 4431 2812 4484 El
2830 4432 2939 4502 γὰρ
2962 4451 2981 4484 ‹
3019 4434 3077 4486 Ὁ
3100 4433 3224 4498 Υἱὸς
3252 4433 3350 4503 ἀφ’
3375 4431 3571 4487 ἑαυτοῦ
3598 4436 3748 4486 ποιεῖ
3786 4435 3877 4486 ού-

607 4528 960 4583 ‹ιιιωρυιιιᾳυε
1016 4515 1353 4573 demonstrat
1408 4521 1457 4574 ei
1516 4516 1698 4588 Pater,
1761 4523 1878 4580 haec
1927 4525 2183 4584 similiter

2290 4522 2397 4588 δὲν,
2461 4519 2598 4576 ἀλλὰ
2653 4523 2837 4588 καθὼς
2896 4525 3136 4591 ἐδίδαξεν
3187 4526 3352 4580 αὐτὸν
3391 4529 3421 4580 ό
3460 4525 3675 4598 Πατὴρ,
3732 4525 3876 4580 οὕτω

609 4607 741 4662 facit
782 4608 830 4673 ⁸,
860 4625 876 4660 ι
903 4607 1212 4678 etSpiritus
1245 4627 1264 4662 ι
1293 4625 1398 4667 non
1437 4613 1680 4683 loquitur
1711 4631 1742 4671 a
1775 4619 2074 4690 semetipso
2095 4622 2136 4689 ",
2163 4642 2181 4674 ι

611 4701 735 4768 quis
767 4711 852 4756 est
884 4701 972 4756 hic
1005 4711 1212 4757 tantum
1240 4705 1467 4773 adeptus
1489 4706 1708 4764 virtutis
1729 4709 1962 4779 apicem,
1994 4720 2054 4765 ut
2080 4730 2184 4768 non

612 4793 852 4863 indigeat
898 4793 1008 4849 alio
1060 4793 1296 4864 quodam
1353 4795 1530 4863 ipsum
1586 4799 2202 4860 ducente?'amentiam-

613 4885 796 4950 patius
828 4897 989 4954 quam
1047 4887 1302 4943 virtutem
1329 4883 1535 4944 habere
1563 4889 1803 4956 videtur,
1849 4901 1904 4948 et
1939 4893 2183 4950 aberrat.

617 4974 740 5030 Ideo
770 4975 1001 5031 suadere
1048 4985 1265 5046 oportet
1310 4979 1610 5035 scientibus
1663 4979 1881 5037 labores
1916 4985 2180 5052 practicae

616 5067 853 5136 virtutis,
889 5077 946 5124 ut
985 5070 1097 5124 tunc
1127 5078 1399 5141 satagant,
1459 5073 1668 5129 scilicet
1691 5070 1970 5146 'jejunium
2007 5078 2183 5131 fame-

619 5157 806 5224 licum,
858 5163 1270 5230 temperantiam
1303 5165 1370 5217 ab
1398 5167 1546 5220 omni
1595 5167 1893 5235 voluptate,
1943 5170 2183 5240 vigiliam

620 5249 912 5312 assiduam,
947 5251 1377 5318 genuflexionem
1412 5254 1719 5318 molestam,
1749 5256 2073 5311 laboriosam
2127 5257 2184 5310 in

619 5339 815 5392 stando
850 5339 1309 5409 immobilitatem,
1353 5345 1658 5399 orationem
1694 5347 2032 5409 continuam,
2085 5347 2188 5398 ltu-

621 5430 906 5485 militatem
938 5434 1228 5502 sinceram,
1269 5434 1653 5490 contritionem
1699 5446 1755 5490 et
1793 5437 2051 5506 gemitum
2111 5439 2188 5490 in-

619 5523 986 5592 deiicientem,
1017 5527 1291 5582 silentium
1325 5529 1542 5597 sapiens
1571 5539 1625 5584 et
1675 5532 1828 5599 quasi
1857 5532 1970 5585 sale
1999 5532 2191 5586 condi-

626 5625 760 5682 tum,
795 5628 955 5686 atque
1001 5619 1052 5672 in
1099 5619 1352 5674 omnibus
1399 5622 1736 5688 patientiam.
1802 5623 1986 5690 Neque
2044 5627 2188 5676 enim

697 5739 712 5767 ³
749 5738 935 5810 Matth.
998 5757 1121 5810 xxv,
1159 5743 1246 5808 18,
1288 5745 1374 5810 Ξδ,
1431 5746 1522 5798 ‘29.

1661 5750 1678 5776 ³
1717 5745 1904 5799 Matth.
1953 5761 2023 5810 λι,
2085 5746 2168 5797 12.

621 5819 730 5874 xu,
763 5809 849 5863 15.

2291 4616 2435 4668 ποιεῖ
2460 4656 2475 4681 ,
2518 4634 2535 4666 ι
2573 4616 2668 4669 καὶ
2697 4617 2756 4668 τὸ
2795 4615 3020 4686 Πνεῦμα
3043 4634 3058 4649 ·
3117 4618 3178 4670 ού
3219 4617 3328 4687 γάρ
3361 4617 3580 4688 λαλήσει
3612 4617 3711 4686 ἀφ’
3743 4620 3876 4671 ἐαυ-

2286 4705 2418 4758 τοῦ·
2469 4707 2552 4770 τίς
2602 4708 2751 4759 ἐστιν
2798 4703 2951 4770 οὗτος
2986 4708 3016 4761 ό
3071 4710 3151 4771 είς
3202 4706 3457 4763 τοσοῦτον
3486 4709 3696 4779 ἀρετῆς
3740 4709 3877 4778 ὕψος

2290 4798 2596 4869 ἐληλακὼς,
2625 4799 2700 4860 ὡς
2737 4799 2810 4869 μὴ
2849 4799 3103 4868 δεόμενος
3138 4801 3326 4868 ἐτέρου
3367 4800 3510 4860 τινὸς
3549 4799 3646 4852 τοῦ
3701 4817 3875 4868 μυστ-

2288 4889 2635 4959 αγωγοῦντος
2651 4891 2814 4944 αὑτὸν
2840 4933 2854 4955 ,
2881 4894 3136 4946 ἀπόνοιαν
3178 4893 3379 4962 μᾶλλον
3409 4890 3441 4962 ἦ
3466 4890 3668 4962 ἀρετὴν
3698 4893 3874 4946 δοκῶν

2289 4980 2432 5050 ἔχειν
2455 4982 2767 5050 ηπάτηταις
2818 4983 2898 5035 διὸ
2934 4983 3215 5036 πείθεσθαι
3264 4985 3346 5036 δεῖ
3386 4984 3498 5045 τοῖς
3547 4983 3718 5036 εἰδόσι
3744 4985 3873 5044 τοὺς

2291 5072 2486 5135 πόνους
2533 5073 2631 5142 τῆς
2661 5077 2971 5144 πρακτικῆς
2999 5075 3221 5143 ἀρετῆς,
3281 5075 3375 5127 καὶ
3405 5074 3548 5126 οὓτω
3601 5075 3870 5143 μετέρχε-

2297 5161 2450 5214 σθαι’
2489 5164 2657 5231 ἤγουν
2691 5165 2948 5232 νηστείαν
3009 5165 3283 5227 ἔκπεινον,
3318 5164 3649 5233 ἐγκράτειαν
3679 5164 3872 5236 ἀνήδο-

2293 5272 2402 5319 νον,
2437 5257 2748 5325 ἀγρυπνίαν
2803 5257 3083 5325 ὲπίμονον,
3137 5256 3484 5323 γονυκλισίαν
3539 5254 3868 5324 ἐπίμοχθον.

2293 5352 2482 5404 στάσιν
2509 5349 2764 5401 ἐπίπονον
2792 5349 3084 5418 ἀκινήτως,
3119 5347 3430 5418 προσευχὴν
3475 5346 3739 5416 ἔμμονον,
3777 5363 3873 5398 τα-

2297 5442 2555 5495 πείνωσιν
2600 5439 2919 5500 ἀνόθευτον,
2985 5437 3355 5508 συντριμμὸν,
3414 5437 3509 5491 καὶ
3561 5436 3875 5502 στεναγμὸν

2311 5528 2604 5586 ἄπαυστον.
2654 5527 2863 5595 σιωπὴν
2911 5525 3149 5591 εθλογον,
3185 5525 3279 5578 καὶ
3312 5525 3388 5588 ὠς
3413 5527 3472 5576 ἑν
3509 5524 3674 5578 ἅλατι
3703 5526 3880 5592 ἠρτυ-

2311 5627 2496 5684 μένην,
2531 5616 2694 5670 καὶέν
2727 5617 2889 5668 πᾶσιν
2921 5617 3217 5685 ὑπομονήν.
3251 5615 3326 5667 Ού
3357 5615 3467 5684 γὰρ
3501 5615 3612 5685 χρὴ
3643 5616 3879 5668 πάντοτε

2304 5739 2590 5799 ³Ναιιυηι.
2649 5756 2710 5805 ιι,
2766 5738 2848 5794 l0.
2958 5740 3159 5795 ‘Joan.
3205 5757 3256 5808 ν,
3311 5743 3520 5810 19,2θ.

3668 5751 3687 5780 ⁵
3714 5747 3866 5801 Joan.
