  <div class='ocr_page' id='page_1' title='image "/cluster/home/n/w/nwhite01/storage/ocr_20150623/150/mdp.39015078384743/672.png"; bbox 0 0 4122 6322; ppageno 0'>
   <div class='ocr_carea' id='block_1_1' title="bbox 326 436 456 500">
    <p class='ocr_par' dir='ltr' id='par_1_1' title="bbox 326 436 456 500">
     <span class='ocr_line' id='line_1_1' title="bbox 326 436 456 500; baseline -0.023 0"><span class='ocrx_word' id='word_1_1' title='bbox 326 436 456 500; x_wconf 69' lang='grc' dir='ltr'>Ϊ329</span> 
     </span>
    </p>
   </div>
   <div class='ocr_carea' id='block_1_2' title="bbox 1339 419 2505 490">
    <p class='ocr_par' dir='ltr' id='par_1_2' title="bbox 1339 419 2505 490">
     <span class='ocr_line' id='line_1_2' title="bbox 1339 419 2505 490; baseline -0.011 0"><span class='ocrx_word' id='word_1_2' title='bbox 1339 424 1754 490; x_wconf 74' lang='lat' dir='ltr'><strong>PRIECEPTA</strong></span> <span class='ocrx_word' id='word_1_3' title='bbox 1796 423 1895 483; x_wconf 83' lang='grc' dir='ltr'><strong>ΛΙ)</strong></span> <span class='ocrx_word' id='word_1_4' title='bbox 1935 419 2505 483; x_wconf 65' lang='grc' dir='ltr'><strong>ΗΕΕΥΟΗΑΞΤΛΒ.</strong></span> 
     </span>
    </p>
   </div>
   <div class='ocr_carea' id='block_1_3' title="bbox 3412 407 3566 470">
    <p class='ocr_par' dir='ltr' id='par_1_3' title="bbox 3412 407 3566 470">
     <span class='ocr_line' id='line_1_3' title="bbox 3412 407 3566 470; baseline -0.019 0"><span class='ocrx_word' id='word_1_5' title='bbox 3412 407 3433 470; x_wconf 76' lang='grc'><strong>1</strong></span> <span class='ocrx_word' id='word_1_6' title='bbox 3451 407 3566 468; x_wconf 67' lang='grc'><strong>330</strong></span> 
     </span>
    </p>
   </div>
   <div class='ocr_carea' id='block_1_4' title="bbox 321 527 1917 619">
    <p class='ocr_par' dir='ltr' id='par_1_4' title="bbox 321 546 1917 619">
     <span class='ocr_line' id='line_1_4' title="bbox 321 546 1917 619; baseline -0.007 -12"><span class='ocrx_word' id='word_1_7' title='bbox 321 557 369 607; x_wconf 66' lang='grc' dir='ltr'><strong>ἔ)</strong></span> <span class='ocrx_word' id='word_1_8' title='bbox 407 552 708 607; x_wconf 77' lang='grc' dir='ltr'>ἀναπαύσει</span> <span class='ocrx_word' id='word_1_9' title='bbox 768 551 992 619; x_wconf 78' lang='grc' dir='ltr'><strong>διάγειν,</strong></span> <span class='ocrx_word' id='word_1_10' title='bbox 1026 549 1142 602; x_wconf 77' lang='grc' dir='ltr'>οὐδὲ</span> <span class='ocrx_word' id='word_1_11' title='bbox 1178 551 1233 601; x_wconf 83' lang='grc' dir='ltr'><strong>ἐν</strong></span> <span class='ocrx_word' id='word_1_12' title='bbox 1274 549 1421 618; x_wconf 84' lang='grc' dir='ltr'>μόνῳ</span> <span class='ocrx_word' id='word_1_13' title='bbox 1451 547 1527 616; x_wconf 77' lang='grc' dir='ltr'>τῷ</span> <span class='ocrx_word' id='word_1_14' title='bbox 1568 546 1866 614; x_wconf 72' lang='grc' dir='ltr'>καθίσματι</span> <span class='ocrx_word' id='word_1_15' title='bbox 1900 549 1917 601; x_wconf 72' lang='lat'><strong>.1</strong></span> 
     </span>
    </p>
   </div>
   <div class='ocr_carea' id='block_1_5' title="bbox 2021 527 3552 619">
    <p class='ocr_par' dir='ltr' id='par_1_5' title="bbox 2021 527 3552 608">
     <span class='ocr_line' id='line_1_5' title="bbox 2021 527 3552 608; baseline -0.01 -17"><span class='ocrx_word' id='word_1_16' title='bbox 2021 546 2192 608; x_wconf 87' lang='lat' dir='ltr'><strong>portet</strong></span> <span class='ocrx_word' id='word_1_17' title='bbox 2226 537 2280 591; x_wconf 90' lang='lat' dir='ltr'><strong>in</strong></span> <span class='ocrx_word' id='word_1_18' title='bbox 2316 536 2500 605; x_wconf 89' lang='lat' dir='ltr'><strong>quiete</strong></span> <span class='ocrx_word' id='word_1_19' title='bbox 2523 548 2739 602; x_wconf 83' lang='lat' dir='ltr'><strong>semper</strong></span> <span class='ocrx_word' id='word_1_20' title='bbox 2769 533 2990 599; x_wconf 83' lang='lat' dir='ltr'><strong>degere,</strong></span> <span class='ocrx_word' id='word_1_21' title='bbox 3015 542 3186 597; x_wconf 78' lang='lat' dir='ltr'><strong>neque</strong></span> <span class='ocrx_word' id='word_1_22' title='bbox 3215 527 3267 580; x_wconf 90' lang='lat' dir='ltr'><strong>in</strong></span> <span class='ocrx_word' id='word_1_23' title='bbox 3293 533 3552 596; x_wconf 83' lang='lat' dir='ltr'><strong>perpetua</strong></span> 
     </span>
    </p>
   </div>
   <div class='ocr_carea' id='block_1_6' title="bbox 321 638 1873 710">
    <p class='ocr_par' dir='ltr' id='par_1_6' title="bbox 321 638 1873 710">
     <span class='ocr_line' id='line_1_6' title="bbox 321 638 1873 710; baseline -0.005 -15"><span class='ocrx_word' id='word_1_24' title='bbox 321 643 532 698; x_wconf 77' lang='grc' dir='ltr'>πάντοτε</span> <span class='ocrx_word' id='word_1_25' title='bbox 563 643 666 709; x_wconf 73' lang='grc' dir='ltr'><strong>πρὸ</strong></span> <span class='ocrx_word' id='word_1_26' title='bbox 691 640 902 709; x_wconf 86' lang='grc' dir='ltr'>καιροῦ,</span> <span class='ocrx_word' id='word_1_27' title='bbox 941 641 972 710; x_wconf 88' lang='grc' dir='ltr'>ἢ</span> <span class='ocrx_word' id='word_1_28' title='bbox 1012 641 1234 710; x_wconf 85' lang='grc' dir='ltr'>γήρους,</span> <span class='ocrx_word' id='word_1_29' title='bbox 1266 639 1298 710; x_wconf 85' lang='grc' dir='ltr'>ἢ</span> <span class='ocrx_word' id='word_1_30' title='bbox 1339 639 1620 699; x_wconf 74' lang='grc' dir='ltr'>ἀσθενείας</span> <span class='ocrx_word' id='word_1_31' title='bbox 1670 638 1873 705; x_wconf 79' lang='grc' dir='ltr'>ἐγκαρ-</span> 
     </span>
    </p>
   </div>
   <div class='ocr_carea' id='block_1_7' title="bbox 1977 617 3554 686">
    <p class='ocr_par' dir='ltr' id='par_1_7' title="bbox 1977 617 3554 686">
     <span class='ocr_line' id='line_1_7' title="bbox 1977 617 3554 686; baseline -0.013 0"><span class='ocrx_word' id='word_1_32' title='bbox 1977 631 2227 686; x_wconf 75' lang='lat' dir='ltr'><strong>sessione</strong></span> <span class='ocrx_word' id='word_1_33' title='bbox 2282 642 2409 684; x_wconf 89' lang='lat' dir='ltr'><strong>ante</strong></span> <span class='ocrx_word' id='word_1_34' title='bbox 2453 625 2755 683; x_wconf 87' lang='lat' dir='ltr'><strong>senectutis</strong></span> <span class='ocrx_word' id='word_1_35' title='bbox 2806 633 2902 678; x_wconf 85' lang='lat' dir='ltr'><strong>aut</strong></span> <span class='ocrx_word' id='word_1_36' title='bbox 2956 617 3294 674; x_wconf 79' lang='lat' dir='ltr'><strong>inﬁrmitatis</strong></span> <span class='ocrx_word' id='word_1_37' title='bbox 3342 624 3554 683; x_wconf 82' lang='lat' dir='ltr'><strong>tempus</strong></span> 
     </span>
    </p>
   </div>
   <div class='ocr_carea' id='block_1_8' title="bbox 320 705 1917 803">
    <p class='ocr_par' dir='ltr' id='par_1_8' title="bbox 320 705 1874 803">
     <span class='ocr_line' id='line_1_8' title="bbox 320 705 1874 803; baseline -0.005 -16"><span class='ocrx_word' id='word_1_38' title='bbox 320 734 500 803; x_wconf 81' lang='grc' dir='ltr'>τερεῖν.</span> <span class='ocrx_word' id='word_1_39' title='bbox 559 705 746 784; x_wconf 57' lang='lat' dir='ltr'><strong>«ai/31::</strong></span> <span class='ocrx_word' id='word_1_40' title='bbox 780 705 906 793; x_wconf 72' lang='grc' dir='ltr'>τοὺς</span> <span class='ocrx_word' id='word_1_41' title='bbox 954 705 1169 795; x_wconf 71' lang='grc' dir='ltr'>πόνους,</span> <span class='ocrx_word' id='word_1_42' title='bbox 1227 705 1392 799; x_wconf 71' lang='grc' dir='ltr'>φησιν</span> <span class='ocrx_word' id='word_1_43' title='bbox 1423 732 1455 797; x_wconf 87' lang='grc' dir='ltr'>ἠ</span> <span class='ocrx_word' id='word_1_44' title='bbox 1493 728 1716 799; x_wconf 79' lang='grc' dir='ltr'>Γραφὴ,</span> <span class='ocrx_word' id='word_1_45' title='bbox 1765 728 1874 780; x_wconf 85' lang='grc' dir='ltr'><strong>τῶν</strong></span> 
     </span>
    </p>
   </div>
   <div class='ocr_carea' id='block_1_9' title="bbox 2021 705 3559 803">
    <p class='ocr_par' dir='ltr' id='par_1_9' title="bbox 2021 705 3559 777">
     <span class='ocr_line' id='line_1_9' title="bbox 2021 705 3559 777; baseline -0.013 -1"><span class='ocrx_word' id='word_1_46' title='bbox 2021 735 2284 777; x_wconf 78' lang='lat' dir='ltr'><strong>:tnanere.</strong></span> <span class='ocrx_word' id='word_1_47' title='bbox 2324 739 2342 772; x_wconf 75' lang='grc' dir='ltr'>ι</span> <span class='ocrx_word' id='word_1_48' title='bbox 2371 719 2608 773; x_wconf 90' lang='lat' dir='ltr'><strong>Labores</strong></span> <span class='ocrx_word' id='word_1_49' title='bbox 2636 727 2897 770; x_wconf 88' lang='lat' dir='ltr'><strong>manuum</strong></span> <span class='ocrx_word' id='word_1_50' title='bbox 2926 717 3144 766; x_wconf 84' lang='lat' dir='ltr'><strong>tuarqu</strong></span> <span class='ocrx_word' id='word_1_51' title='bbox 3169 707 3292 776; x_wconf 86' lang='lat' dir='ltr'><strong>quia</strong></span> <span class='ocrx_word' id='word_1_52' title='bbox 3326 705 3559 759; x_wconf 86' lang='lat' dir='ltr'><strong>mandu-</strong></span> 
     </span>
    </p>
   </div>
   <div class='ocr_carea' id='block_1_10' title="bbox 318 820 1876 895">
    <p class='ocr_par' dir='ltr' id='par_1_10' title="bbox 318 820 1876 895">
     <span class='ocr_line' id='line_1_10' title="bbox 318 820 1876 895; baseline -0.004 -19"><span class='ocrx_word' id='word_1_53' title='bbox 318 823 512 895; x_wconf 78' lang='grc' dir='ltr'><strong>ἀρετῶν</strong></span> <span class='ocrx_word' id='word_1_54' title='bbox 541 841 632 875; x_wconf 91' lang='grc' dir='ltr'><strong>σου</strong></span> <span class='ocrx_word' id='word_1_55' title='bbox 666 823 922 890; x_wconf 77' lang='grc' dir='ltr'><strong>φάγεσαι.</strong></span> <span class='ocrx_word' id='word_1_56' title='bbox 957 841 974 872; x_wconf 74' lang='grc' dir='ltr'>ι</span> <span class='ocrx_word' id='word_1_57' title='bbox 1014 824 1120 875; x_wconf 73' lang='grc' dir='ltr'>Καὶ</span> <span class='ocrx_word' id='word_1_58' title='bbox 1150 843 1167 873; x_wconf 74' lang='grc' dir='ltr'>ιι</span> <span class='ocrx_word' id='word_1_59' title='bbox 1200 822 1442 874; x_wconf 84' lang='grc' dir='ltr'>Βιαστῶν</span> <span class='ocrx_word' id='word_1_60' title='bbox 1469 825 1614 874; x_wconf 80' lang='grc' dir='ltr'>ἐστιν</span> <span class='ocrx_word' id='word_1_61' title='bbox 1651 824 1682 889; x_wconf 82' lang='grc' dir='ltr'>ἡ</span> <span class='ocrx_word' id='word_1_62' title='bbox 1719 820 1876 887; x_wconf 80' lang='grc' dir='ltr'>βασι-</span> 
     </span>
    </p>
   </div>
   <div class='ocr_carea' id='block_1_11' title="bbox 1979 802 3556 880">
    <p class='ocr_par' dir='ltr' id='par_1_11' title="bbox 1979 802 3556 880">
     <span class='ocr_line' id='line_1_11' title="bbox 1979 802 3556 880; baseline -0.015 -9"><span class='ocrx_word' id='word_1_63' title='bbox 1979 815 2210 879; x_wconf 67' lang='lat' dir='ltr'><strong>cabis‘,»</strong></span> <span class='ocrx_word' id='word_1_64' title='bbox 2234 813 2310 866; x_wconf 86' lang='lat' dir='ltr'><strong>ait</strong></span> <span class='ocrx_word' id='word_1_65' title='bbox 2336 811 2620 880; x_wconf 82' lang='lat' dir='ltr'><strong>Scriptura</strong></span> <span class='ocrx_word' id='word_1_66' title='bbox 2642 826 2659 877; x_wconf 80' lang='lat'><strong>;</strong></span> <span class='ocrx_word' id='word_1_67' title='bbox 2683 817 2737 862; x_wconf 90' lang='lat' dir='ltr'><strong>et</strong></span> <span class='ocrx_word' id='word_1_68' title='bbox 2758 823 2772 861; x_wconf 85' lang='lat'><strong>:</strong></span> <span class='ocrx_word' id='word_1_69' title='bbox 2805 804 3066 861; x_wconf 63' lang='lat' dir='ltr'><strong>«Violenti</strong></span> <span class='ocrx_word' id='word_1_70' title='bbox 3089 802 3304 870; x_wconf 87' lang='lat' dir='ltr'><strong>rapiunt</strong></span> <span class='ocrx_word' id='word_1_71' title='bbox 3330 811 3556 867; x_wconf 79' lang='lat' dir='ltr'><strong>regnum</strong></span> 
     </span>
    </p>
   </div>
   <div class='ocr_carea' id='block_1_12' title="bbox 318 889 1917 990">
    <p class='ocr_par' dir='ltr' id='par_1_12' title="bbox 318 909 1876 983">
     <span class='ocr_line' id='line_1_12' title="bbox 318 909 1876 983; baseline -0.003 -17"><span class='ocrx_word' id='word_1_72' title='bbox 318 914 421 967; x_wconf 81' lang='grc' dir='ltr'>λεία</span> <span class='ocrx_word' id='word_1_73' title='bbox 441 914 550 966; x_wconf 87' lang='grc' dir='ltr'><strong>τῶν</strong></span> <span class='ocrx_word' id='word_1_74' title='bbox 577 913 635 964; x_wconf 83' lang='grc' dir='ltr'><strong>οὐ</strong></span> <span class='ocrx_word' id='word_1_75' title='bbox 647 913 843 982; x_wconf 90' lang='grc' dir='ltr'>ρανῶν.</span> <span class='ocrx_word' id='word_1_76' title='bbox 867 931 886 963; x_wconf 75' lang='grc' dir='ltr'>ι</span> <span class='ocrx_word' id='word_1_77' title='bbox 919 913 1029 975; x_wconf 75' lang='grc' dir='ltr'>Τὰς</span> <span class='ocrx_word' id='word_1_78' title='bbox 1061 909 1154 964; x_wconf 74' lang='grc' dir='ltr'><strong>οὖν</strong></span> <span class='ocrx_word' id='word_1_79' title='bbox 1180 912 1580 983; x_wconf 80' lang='grc' dir='ltr'>προειρημένας</span> <span class='ocrx_word' id='word_1_80' title='bbox 1619 910 1876 981; x_wconf 80' lang='grc' dir='ltr'><strong>ἐργασίας</strong></span> 
     </span>
    </p>
   </div>
   <div class='ocr_carea' id='block_1_13' title="bbox 2021 889 3562 990">
    <p class='ocr_par' dir='ltr' id='par_1_13' title="bbox 2021 889 3562 990">
     <span class='ocr_line' id='line_1_13' title="bbox 2021 889 3562 990; baseline -0.012 -30"><span class='ocrx_word' id='word_1_81' title='bbox 2021 908 2247 960; x_wconf 65' lang='lat' dir='ltr'><strong>telorum</strong></span> <span class='ocrx_word' id='word_1_82' title='bbox 2274 907 2350 958; x_wconf 75' lang='grc' dir='ltr'><strong>’.ι</strong></span> <span class='ocrx_word' id='word_1_83' title='bbox 2375 903 2475 968; x_wconf 81' lang='lat' dir='ltr'><strong>Qui</strong></span> <span class='ocrx_word' id='word_1_84' title='bbox 2504 918 2632 971; x_wconf 84' lang='lat' dir='ltr'><strong>ergo</strong></span> <span class='ocrx_word' id='word_1_85' title='bbox 2652 900 2908 969; x_wconf 67' lang='lat' dir='ltr'><strong>praedicta</strong></span> <span class='ocrx_word' id='word_1_86' title='bbox 2935 910 3098 966; x_wconf 84' lang='lat' dir='ltr'><strong>opera</strong></span> <span class='ocrx_word' id='word_1_87' title='bbox 3112 892 3351 990; x_wconf 71' lang='lat' dir='ltr'><strong>quotidie</strong></span> <span class='ocrx_word' id='word_1_88' title='bbox 3374 889 3562 990; x_wconf 72' lang='lat' dir='ltr'><strong>studet</strong></span> 
     </span>
    </p>
   </div>
   <div class='ocr_carea' id='block_1_14' title="bbox 316 979 1917 1074">
    <p class='ocr_par' dir='ltr' id='par_1_14' title="bbox 316 979 1879 1074">
     <span class='ocr_line' id='line_1_14' title="bbox 316 979 1879 1074; baseline -0.003 -16"><span class='ocrx_word' id='word_1_89' title='bbox 316 1005 482 1058; x_wconf 84' lang='grc' dir='ltr'>ὁκαθ⁹</span> <span class='ocrx_word' id='word_1_90' title='bbox 504 979 719 1074; x_wconf 79' lang='grc' dir='ltr'><strong>ἡμέραν</strong></span> <span class='ocrx_word' id='word_1_91' title='bbox 754 1003 1001 1057; x_wconf 85' lang='grc' dir='ltr'><strong>σπεύδων</strong></span> <span class='ocrx_word' id='word_1_92' title='bbox 1049 979 1301 1072; x_wconf 73' lang='grc' dir='ltr'>ὲμπόνιυς</span> <span class='ocrx_word' id='word_1_93' title='bbox 1340 979 1631 1067; x_wconf 63' lang='grc' dir='ltr'>ἐπιτελεῖν,</span> <span class='ocrx_word' id='word_1_94' title='bbox 1652 979 1758 1056; x_wconf 71' lang='grc' dir='ltr'>καὶ</span> <span class='ocrx_word' id='word_1_95' title='bbox 1781 1001 1879 1055; x_wconf 73' lang='grc' dir='ltr'><strong>τὸν</strong></span> 
     </span>
    </p>
   </div>
   <div class='ocr_carea' id='block_1_15' title="bbox 2021 979 3554 1074">
    <p class='ocr_par' dir='ltr' id='par_1_15' title="bbox 2021 979 3554 1056">
     <span class='ocr_line' id='line_1_15' title="bbox 2021 979 3554 1056; baseline -0.013 -6"><span class='ocrx_word' id='word_1_96' title='bbox 2021 995 2261 1050; x_wconf 83' lang='lat' dir='ltr'><strong>iboriose</strong></span> <span class='ocrx_word' id='word_1_97' title='bbox 2286 994 2591 1055; x_wconf 77' lang='lat' dir='ltr'><strong>absolvere,</strong></span> <span class='ocrx_word' id='word_1_98' title='bbox 2628 989 2886 1055; x_wconf 75' lang='lat' dir='ltr'><strong>fructum,</strong></span> <span class='ocrx_word' id='word_1_99' title='bbox 2946 988 3239 1056; x_wconf 86' lang='lat' dir='ltr'><strong>adjuvante</strong></span> <span class='ocrx_word' id='word_1_100' title='bbox 3302 979 3435 1045; x_wconf 88' lang='lat' dir='ltr'><strong>Deo,</strong></span> <span class='ocrx_word' id='word_1_101' title='bbox 3496 979 3554 1032; x_wconf 81' lang='lat' dir='ltr'><strong>in</strong></span> 
     </span>
    </p>
   </div>
   <div class='ocr_carea' id='block_1_16' title="bbox 317 1092 1662 1165">
    <p class='ocr_par' dir='ltr' id='par_1_16' title="bbox 317 1092 1662 1165">
     <span class='ocr_line' id='line_1_16' title="bbox 317 1092 1662 1165; baseline 0.003 -19"><span class='ocrx_word' id='word_1_102' title='bbox 317 1093 539 1155; x_wconf 78' lang='grc' dir='ltr'>καρπὸν,</span> <span class='ocrx_word' id='word_1_103' title='bbox 572 1094 667 1146; x_wconf 74' lang='grc' dir='ltr'><strong>σὺν</strong></span> <span class='ocrx_word' id='word_1_104' title='bbox 690 1092 830 1163; x_wconf 82' lang='grc' dir='ltr'>Θεῷ,</span> <span class='ocrx_word' id='word_1_105' title='bbox 855 1095 910 1146; x_wconf 83' lang='grc' dir='ltr'>ὲν</span> <span class='ocrx_word' id='word_1_106' title='bbox 933 1095 1132 1164; x_wconf 83' lang='grc' dir='ltr'>καιρῷ,</span> <span class='ocrx_word' id='word_1_107' title='bbox 1157 1096 1360 1149; x_wconf 77' lang='grc' dir='ltr'>τούτων</span> <span class='ocrx_word' id='word_1_108' title='bbox 1387 1095 1662 1165; x_wconf 81' lang='grc' dir='ltr'>δρέψεται.</span> 
     </span>
    </p>
   </div>
   <div class='ocr_carea' id='block_1_17' title="bbox 385 1249 1409 1319">
    <p class='ocr_par' dir='ltr' id='par_1_17' title="bbox 385 1249 1409 1319">
     <span class='ocr_line' id='line_1_17' title="bbox 385 1249 1409 1319; baseline -0.006 -11"><span class='ocrx_word' id='word_1_109' title='bbox 385 1251 500 1309; x_wconf 67' lang='lat' dir='ltr'><strong>‘Ps.</strong></span> <span class='ocrx_word' id='word_1_110' title='bbox 529 1265 734 1319; x_wconf 74' lang='lat' dir='ltr'><strong>cuvn,</strong></span> <span class='ocrx_word' id='word_1_111' title='bbox 764 1251 818 1307; x_wconf 68' lang='grc' dir='ltr'><strong>Ξ.</strong></span> <span class='ocrx_word' id='word_1_112' title='bbox 907 1255 927 1286; x_wconf 79' lang='grc'>³</span> <span class='ocrx_word' id='word_1_113' title='bbox 953 1249 1142 1306; x_wconf 82' lang='lat' dir='ltr'><strong>Matth.</strong></span> <span class='ocrx_word' id='word_1_114' title='bbox 1203 1266 1280 1314; x_wconf 76' lang='lat' dir='ltr'><strong>xi,</strong></span> <span class='ocrx_word' id='word_1_115' title='bbox 1323 1251 1409 1304; x_wconf 63' lang='grc' dir='ltr'><strong>ιο.</strong></span> 
     </span>
    </p>
   </div>
   <div class='ocr_carea' id='block_1_18' title="bbox 322 1446 577 1466">
    <p class='ocr_par' dir='ltr' id='par_1_18' title="bbox 322 1446 577 1466">
     <span class='ocr_line' id='line_1_18' title="bbox 322 1446 577 1466; baseline 0 0"><span class='ocrx_word' id='word_1_116' title='bbox 322 1446 577 1466; x_wconf 57' lang='grc' dir='ltr'><strong>...ρ-ρ--ν</strong></span> 
     </span>
    </p>
   </div>
   <div class='ocr_carea' id='block_1_19' title="bbox 1986 1087 2731 1160">
    <p class='ocr_par' dir='ltr' id='par_1_19' title="bbox 1986 1087 2731 1160">
     <span class='ocr_line' id='line_1_19' title="bbox 1986 1087 2731 1160; baseline -0.004 -16"><span class='ocrx_word' id='word_1_117' title='bbox 1986 1103 2227 1160; x_wconf 85' lang='lat' dir='ltr'><strong>tempore</strong></span> <span class='ocrx_word' id='word_1_118' title='bbox 2255 1105 2321 1146; x_wconf 77' lang='lat' dir='ltr'><strong>ex</strong></span> <span class='ocrx_word' id='word_1_119' title='bbox 2355 1089 2464 1144; x_wconf 78' lang='lat' dir='ltr'><strong>illis</strong></span> <span class='ocrx_word' id='word_1_120' title='bbox 2490 1087 2731 1154; x_wconf 79' lang='lat' dir='ltr'><strong>colliget.</strong></span> 
     </span>
    </p>
   </div>
   <div class='ocr_carea' id='block_1_20' title="bbox 2473 1442 2755 1452">
    <p class='ocr_par' dir='ltr' id='par_1_20' title="bbox 2473 1442 2755 1452">
     <span class='ocr_line' id='line_1_20' title="bbox 2473 1442 2755 1452; baseline 0.007 -2"><span class='ocrx_word' id='word_1_121' title='bbox 2473 1442 2755 1452; x_wconf 70' lang='lat'><strong>-.—————__—</strong></span> 
     </span>
    </p>
   </div>
   <div class='ocr_carea' id='block_1_21' title="bbox 1433 1586 2513 1730">
    <p class='ocr_par' dir='ltr' id='par_1_21' title="bbox 1433 1586 2513 1730">
     <span class='ocr_line' id='line_1_21' title="bbox 1433 1586 2513 1730; baseline 0.001 -5"><span class='ocrx_word' id='word_1_122' title='bbox 1433 1596 1781 1730; x_wconf 89' lang='grc' dir='ltr'>ΤΟΥ</span> <span class='ocrx_word' id='word_1_123' title='bbox 1858 1593 2434 1728; x_wconf 88' lang='grc' dir='ltr'>ΑΥΤΟΥ</span> <span class='ocrx_word' id='word_1_124' title='bbox 2510 1586 2513 1587; x_wconf 20' lang='grc' dir='ltr'>ί</span> 
     </span>
    </p>
   </div>
   <div class='ocr_carea' id='block_1_22' title="bbox 700 1835 3161 1900">
    <p class='ocr_par' dir='ltr' id='par_1_22' title="bbox 700 1835 3161 1900">
     <span class='ocr_line' id='line_1_22' title="bbox 700 1835 3161 1900; baseline -0.004 -1"><span class='ocrx_word' id='word_1_125' title='bbox 700 1845 862 1900; x_wconf 74' lang='grc' dir='ltr'><strong>ΠΕΡι</strong></span> <span class='ocrx_word' id='word_1_126' title='bbox 917 1843 1054 1899; x_wconf 84' lang='grc' dir='ltr'><strong>ΤΟΥ</strong></span> <span class='ocrx_word' id='word_1_127' title='bbox 1107 1844 1239 1898; x_wconf 82' lang='grc' dir='ltr'><strong>ΠΩΣ</strong></span> <span class='ocrx_word' id='word_1_128' title='bbox 1274 1842 1383 1896; x_wconf 78' lang='grc' dir='ltr'><strong>ΔΕΙ</strong></span> <span class='ocrx_word' id='word_1_129' title='bbox 1424 1838 1856 1894; x_wconf 78' lang='grc' dir='ltr'><strong>ΚΑΘΕΖΕΣΘΑῙ</strong></span> <span class='ocrx_word' id='word_1_130' title='bbox 1897 1837 2032 1892; x_wconf 79' lang='lat' dir='ltr'><strong>TON</strong></span> <span class='ocrx_word' id='word_1_131' title='bbox 2074 1835 2544 1890; x_wconf 77' lang='grc' dir='ltr'><strong>ΗΣΥΧΔΖΟΝΤΛ</strong></span> <span class='ocrx_word' id='word_1_132' title='bbox 2585 1837 2694 1890; x_wconf 83' lang='grc' dir='ltr'><strong>ΕΙΣ</strong></span> <span class='ocrx_word' id='word_1_133' title='bbox 2733 1836 2878 1890; x_wconf 78' lang='grc' dir='ltr'><strong>ΤΗΝ</strong></span> <span class='ocrx_word' id='word_1_134' title='bbox 2919 1835 3161 1890; x_wconf 81' lang='grc' dir='ltr'><strong>ΕΥΧΗΝ</strong></span> 
     </span>
    </p>
   </div>
   <div class='ocr_carea' id='block_1_23' title="bbox 1401 1929 2448 1989">
    <p class='ocr_par' dir='ltr' id='par_1_23' title="bbox 1401 1929 2448 1989">
     <span class='ocr_line' id='line_1_23' title="bbox 1401 1929 2448 1989; baseline -0.005 0"><span class='ocrx_word' id='word_1_135' title='bbox 1401 1934 1522 1989; x_wconf 81' lang='grc' dir='ltr'><strong>ΚΑΙ</strong></span> <span class='ocrx_word' id='word_1_136' title='bbox 1555 1933 1660 1987; x_wconf 84' lang='grc' dir='ltr'><em>ΜΗ</em></span> <span class='ocrx_word' id='word_1_137' title='bbox 1703 1930 1974 1986; x_wconf 81' lang='grc' dir='ltr'><strong>ΤΔΧΕΩΣ</strong></span> <span class='ocrx_word' id='word_1_138' title='bbox 2011 1929 2448 1987; x_wconf 76' lang='grc' dir='ltr'><strong>ΑΝΙΣΤΑΣΘΑῙ.</strong></span> 
     </span>
    </p>
   </div>
   <div class='ocr_carea' id='block_1_24' title="bbox 1636 2255 2274 2377">
    <p class='ocr_par' dir='ltr' id='par_1_24' title="bbox 1636 2255 2274 2377">
     <span class='ocr_line' id='line_1_24' title="bbox 1636 2255 2274 2377; baseline -0.005 -10"><span class='ocrx_word' id='word_1_139' title='bbox 1636 2255 2274 2377; x_wconf 83' lang='lat' dir='ltr'><strong>EJUSDEM</strong></span> 
     </span>
    </p>
   </div>
   <div class='ocr_carea' id='block_1_25' title="bbox 687 2435 3204 2512">
    <p class='ocr_par' dir='ltr' id='par_1_25' title="bbox 687 2435 3204 2512">
     <span class='ocr_line' id='line_1_25' title="bbox 687 2435 3204 2512; baseline -0.002 -12"><span class='ocrx_word' id='word_1_140' title='bbox 687 2437 1083 2512; x_wconf 83' lang='lat' dir='ltr'><strong>QUOMODO</strong></span> <span class='ocrx_word' id='word_1_141' title='bbox 1122 2435 1552 2498; x_wconf 81' lang='lat' dir='ltr'><strong>OPORTEAT</strong></span> <span class='ocrx_word' id='word_1_142' title='bbox 1595 2435 1904 2497; x_wconf 80' lang='lat' dir='ltr'><strong>SEDEBE</strong></span> <span class='ocrx_word' id='word_1_143' title='bbox 1947 2435 2535 2496; x_wconf 79' lang='lat' dir='ltr'><strong>HESYCHASTAM</strong></span> <span class='ocrx_word' id='word_1_144' title='bbox 2577 2436 2682 2494; x_wconf 75' lang='lat' dir='ltr'><strong>AD</strong></span> <span class='ocrx_word' id='word_1_145' title='bbox 2729 2435 3204 2497; x_wconf 74' lang='lat' dir='ltr'><strong>ORATIONEM</strong></span> 
     </span>
    </p>
   </div>
   <div class='ocr_carea' id='block_1_26' title="bbox 1493 2540 2405 2604">
    <p class='ocr_par' dir='ltr' id='par_1_26' title="bbox 1493 2540 2405 2604">
     <span class='ocr_line' id='line_1_26' title="bbox 1493 2540 2405 2604; baseline -0.004 0"><span class='ocrx_word' id='word_1_146' title='bbox 1493 2542 1644 2604; x_wconf 86' lang='lat' dir='ltr'><strong>NEC</strong></span> <span class='ocrx_word' id='word_1_147' title='bbox 1689 2541 1877 2604; x_wconf 87' lang='lat' dir='ltr'><strong>ClTO</strong></span> <span class='ocrx_word' id='word_1_148' title='bbox 1919 2540 2405 2602; x_wconf 79' lang='lat' dir='ltr'><strong>ASSURGERE.</strong></span> 
     </span>
    </p>
   </div>
   <div class='ocr_carea' id='block_1_27' title="bbox 1895 2690 1968 2702">
    <p class='ocr_par' dir='ltr' id='par_1_27' title="bbox 1895 2690 1968 2702">
     <span class='ocr_line' id='line_1_27' title="bbox 1895 2690 1968 2702; baseline 0.027 -2"><span class='ocrx_word' id='word_1_149' title='bbox 1895 2690 1968 2702; x_wconf 66' lang='lat'><strong>&#39;—</strong></span> 
     </span>
    </p>
   </div>
   <div class='ocr_carea' id='block_1_28' title="bbox 401 2811 1917 2891">
    <p class='ocr_par' dir='ltr' id='par_1_28' title="bbox 401 2811 1905 2886">
     <span class='ocr_line' id='line_1_28' title="bbox 401 2811 1905 2886; baseline -0.005 -16"><span class='ocrx_word' id='word_1_150' title='bbox 401 2815 538 2870; x_wconf 60' lang='lat' dir='ltr'><strong>noce</strong></span> <span class='ocrx_word' id='word_1_151' title='bbox 571 2815 670 2886; x_wconf 78' lang='grc' dir='ltr'>μὲν</span> <span class='ocrx_word' id='word_1_152' title='bbox 696 2815 786 2868; x_wconf 78' lang='grc' dir='ltr'>ἐπὶ</span> <span class='ocrx_word' id='word_1_153' title='bbox 816 2817 1088 2883; x_wconf 83' lang='grc' dir='ltr'>σκὰμνου,</span> <span class='ocrx_word' id='word_1_154' title='bbox 1133 2815 1195 2866; x_wconf 83' lang='grc' dir='ltr'><strong>τὸ</strong></span> <span class='ocrx_word' id='word_1_155' title='bbox 1224 2813 1472 2865; x_wconf 87' lang='grc' dir='ltr'>πλεῖστον</span> <span class='ocrx_word' id='word_1_156' title='bbox 1499 2811 1587 2865; x_wconf 81' lang='grc' dir='ltr'>διὰ</span> <span class='ocrx_word' id='word_1_157' title='bbox 1613 2813 1672 2864; x_wconf 80' lang='grc' dir='ltr'><strong>τὸ</strong></span> <span class='ocrx_word' id='word_1_158' title='bbox 1712 2812 1905 2863; x_wconf 80' lang='grc' dir='ltr'>ἐπίπο-</span> 
     </span>
    </p>
   </div>
   <div class='ocr_carea' id='block_1_29' title="bbox 2021 2811 3660 2891">
    <p class='ocr_par' dir='ltr' id='par_1_29' title="bbox 2065 2815 3660 2891">
     <span class='ocr_line' id='line_1_29' title="bbox 2065 2815 3660 2891; baseline 0.003 -19"><span class='ocrx_word' id='word_1_159' title='bbox 2065 2817 2225 2872; x_wconf 78' lang='lat' dir='ltr'><strong>Modo</strong></span> <span class='ocrx_word' id='word_1_160' title='bbox 2243 2816 2295 2869; x_wconf 91' lang='lat' dir='ltr'><strong>in</strong></span> <span class='ocrx_word' id='word_1_161' title='bbox 2313 2825 2614 2879; x_wconf 86' lang='lat' dir='ltr'><strong>scamno,et</strong></span> <span class='ocrx_word' id='word_1_162' title='bbox 2630 2815 2852 2884; x_wconf 82' lang='lat' dir='ltr'><strong>quidem</strong></span> <span class='ocrx_word' id='word_1_163' title='bbox 2871 2817 3211 2887; x_wconf 83' lang='lat' dir='ltr'><strong>plerumque,</strong></span> <span class='ocrx_word' id='word_1_164' title='bbox 3227 2820 3294 2874; x_wconf 84' lang='lat' dir='ltr'><strong>ad</strong></span> <span class='ocrx_word' id='word_1_165' title='bbox 3313 2819 3576 2891; x_wconf 78' lang='lat' dir='ltr'><strong>defatiga-</strong></span> <span class='ocrx_word' id='word_1_166' title='bbox 3655 2823 3660 2829; x_wconf 82' lang='grc'><em>’</em></span> 
     </span>
    </p>
   </div>
   <div class='ocr_carea' id='block_1_30' title="bbox 332 2902 1906 2974">
    <p class='ocr_par' dir='ltr' id='par_1_30' title="bbox 332 2902 1906 2974">
     <span class='ocr_line' id='line_1_30' title="bbox 332 2902 1906 2974; baseline -0.004 -15"><span class='ocrx_word' id='word_1_167' title='bbox 332 2924 450 2961; x_wconf 77' lang='grc' dir='ltr'>νον⁶</span> <span class='ocrx_word' id='word_1_168' title='bbox 498 2907 626 2959; x_wconf 83' lang='grc' dir='ltr'>ποτὲ</span> <span class='ocrx_word' id='word_1_169' title='bbox 650 2905 728 2969; x_wconf 79' lang='grc' dir='ltr'><strong>δὲ,</strong></span> <span class='ocrx_word' id='word_1_170' title='bbox 756 2905 854 2957; x_wconf 76' lang='grc' dir='ltr'><strong>καὶ</strong></span> <span class='ocrx_word' id='word_1_171' title='bbox 898 2906 991 2958; x_wconf 80' lang='grc' dir='ltr'>ἐπὶ</span> <span class='ocrx_word' id='word_1_172' title='bbox 1027 2902 1322 2974; x_wconf 83' lang='grc' dir='ltr'><strong>στρωμνῆς</strong></span> <span class='ocrx_word' id='word_1_173' title='bbox 1352 2903 1619 2970; x_wconf 82' lang='grc' dir='ltr'>ὀλιγάκις,</span> <span class='ocrx_word' id='word_1_174' title='bbox 1653 2903 1756 2964; x_wconf 75' lang='grc' dir='ltr'><strong>ἕως</strong></span> <span class='ocrx_word' id='word_1_175' title='bbox 1787 2919 1906 2955; x_wconf 87' lang='grc' dir='ltr'>και-</span> 
     </span>
    </p>
   </div>
   <div class='ocr_carea' id='block_1_31' title="bbox 335 2987 1909 3065">
    <p class='ocr_par' dir='ltr' id='par_1_31' title="bbox 335 2987 1909 3065">
     <span class='ocr_line' id='line_1_31' title="bbox 335 2987 1909 3065; baseline -0.001 -19"><span class='ocrx_word' id='word_1_176' title='bbox 335 2993 451 3065; x_wconf 85' lang='grc' dir='ltr'>ροῦ,</span> <span class='ocrx_word' id='word_1_177' title='bbox 477 2993 563 3046; x_wconf 86' lang='grc' dir='ltr'>διὰ</span> <span class='ocrx_word' id='word_1_178' title='bbox 583 2993 680 3065; x_wconf 77' lang='grc' dir='ltr'><strong>τὴν</strong></span> <span class='ocrx_word' id='word_1_179' title='bbox 709 2993 912 3046; x_wconf 83' lang='grc' dir='ltr'>ἄνεσιν.</span> <span class='ocrx_word' id='word_1_180' title='bbox 962 2991 1053 3046; x_wconf 86' lang='grc' dir='ltr'><strong>Ἐν</strong></span> <span class='ocrx_word' id='word_1_181' title='bbox 1087 2991 1335 3062; x_wconf 83' lang='grc' dir='ltr'>ὑπομονῇ</span> <span class='ocrx_word' id='word_1_182' title='bbox 1363 2991 1423 3044; x_wconf 79' lang='grc' dir='ltr'>δὲ</span> <span class='ocrx_word' id='word_1_183' title='bbox 1450 2991 1654 3060; x_wconf 79' lang='grc' dir='ltr'><strong>ὀφείλει</strong></span> <span class='ocrx_word' id='word_1_184' title='bbox 1675 2987 1816 3044; x_wconf 82' lang='grc' dir='ltr'>εἶναι</span> <span class='ocrx_word' id='word_1_185' title='bbox 1847 2992 1909 3044; x_wconf 83' lang='grc' dir='ltr'><strong>τὸ</strong></span> 
     </span>
    </p>
   </div>
   <div class='ocr_carea' id='block_1_32' title="bbox 334 3089 1904 3160">
    <p class='ocr_par' dir='ltr' id='par_1_32' title="bbox 334 3089 1904 3160">
     <span class='ocr_line' id='line_1_32' title="bbox 334 3089 1904 3160; baseline -0.003 -17"><span class='ocrx_word' id='word_1_186' title='bbox 334 3091 579 3160; x_wconf 77' lang='grc' dir='ltr'>καθισμά</span> <span class='ocrx_word' id='word_1_187' title='bbox 605 3107 721 3153; x_wconf 89' lang='grc' dir='ltr'>σου,</span> <span class='ocrx_word' id='word_1_188' title='bbox 752 3089 840 3144; x_wconf 78' lang='grc' dir='ltr'>διὰ</span> <span class='ocrx_word' id='word_1_189' title='bbox 871 3089 962 3144; x_wconf 87' lang='grc' dir='ltr'>τὸν</span> <span class='ocrx_word' id='word_1_190' title='bbox 996 3089 1240 3154; x_wconf 74' lang='grc' dir='ltr'>εἰπόντα,</span> <span class='ocrx_word' id='word_1_191' title='bbox 1276 3090 1355 3157; x_wconf 84' lang='grc' dir='ltr'><strong>Τῇ</strong></span> <span class='ocrx_word' id='word_1_192' title='bbox 1406 3091 1681 3157; x_wconf 81' lang='grc' dir='ltr'>προσευχῇ</span> <span class='ocrx_word' id='word_1_193' title='bbox 1735 3103 1904 3156; x_wconf 87' lang='grc' dir='ltr'>προσ-</span> 
     </span>
    </p>
   </div>
   <div class='ocr_carea' id='block_1_33' title="bbox 331 3178 1908 3253">
    <p class='ocr_par' dir='ltr' id='par_1_33' title="bbox 331 3178 1908 3253">
     <span class='ocr_line' id='line_1_33' title="bbox 331 3178 1908 3253; baseline -0.003 -18"><span class='ocrx_word' id='word_1_194' title='bbox 331 3182 744 3253; x_wconf 79' lang='grc' dir='ltr'><strong>καρτεροῦντες·</strong></span> <span class='ocrx_word' id='word_1_195' title='bbox 761 3183 854 3234; x_wconf 73' lang='grc' dir='ltr'>καὶ</span> <span class='ocrx_word' id='word_1_196' title='bbox 883 3181 957 3250; x_wconf 85' lang='grc' dir='ltr'>μὴ</span> <span class='ocrx_word' id='word_1_197' title='bbox 982 3181 1190 3251; x_wconf 80' lang='grc' dir='ltr'>ταχέως</span> <span class='ocrx_word' id='word_1_198' title='bbox 1204 3179 1525 3233; x_wconf 82' lang='grc' dir='ltr'>ἀνίστασθαι</span> <span class='ocrx_word' id='word_1_199' title='bbox 1542 3178 1908 3249; x_wconf 82' lang='grc' dir='ltr'><strong>ὀλιγωροῦντα</strong></span> 
     </span>
    </p>
   </div>
   <div class='ocr_carea' id='block_1_34' title="bbox 333 3268 1906 3340">
    <p class='ocr_par' dir='ltr' id='par_1_34' title="bbox 333 3268 1906 3340">
     <span class='ocr_line' id='line_1_34' title="bbox 333 3268 1906 3340; baseline -0.005 -13"><span class='ocrx_word' id='word_1_200' title='bbox 333 3276 420 3327; x_wconf 75' lang='grc' dir='ltr'><strong>διὰ</strong></span> <span class='ocrx_word' id='word_1_201' title='bbox 450 3273 511 3326; x_wconf 78' lang='grc' dir='ltr'>τὸ</span> <span class='ocrx_word' id='word_1_202' title='bbox 535 3272 792 3325; x_wconf 79' lang='grc' dir='ltr'>ἐπίπονον</span> <span class='ocrx_word' id='word_1_203' title='bbox 816 3273 1000 3339; x_wconf 81' lang='grc' dir='ltr'><strong>ἄλγος,</strong></span> <span class='ocrx_word' id='word_1_204' title='bbox 1025 3273 1118 3324; x_wconf 79' lang='grc' dir='ltr'><strong>καὶ</strong></span> <span class='ocrx_word' id='word_1_205' title='bbox 1139 3271 1236 3340; x_wconf 84' lang='grc' dir='ltr'>τὴν</span> <span class='ocrx_word' id='word_1_206' title='bbox 1266 3269 1359 3322; x_wconf 91' lang='grc' dir='ltr'><strong>τοῦ</strong></span> <span class='ocrx_word' id='word_1_207' title='bbox 1385 3271 1500 3333; x_wconf 84' lang='grc' dir='ltr'>νοὸς</span> <span class='ocrx_word' id='word_1_208' title='bbox 1529 3269 1722 3338; x_wconf 75' lang='grc' dir='ltr'>νοερὰν</span> <span class='ocrx_word' id='word_1_209' title='bbox 1755 3268 1906 3338; x_wconf 82' lang='grc' dir='ltr'>βοὴν,</span> 
     </span>
    </p>
   </div>
   <div class='ocr_carea' id='block_1_35' title="bbox 333 3361 1910 3433">
    <p class='ocr_par' dir='ltr' id='par_1_35' title="bbox 333 3361 1910 3433">
     <span class='ocr_line' id='line_1_35' title="bbox 333 3361 1910 3433; baseline -0.004 -15"><span class='ocrx_word' id='word_1_210' title='bbox 333 3367 430 3418; x_wconf 75' lang='grc' dir='ltr'><strong>καὶ</strong></span> <span class='ocrx_word' id='word_1_211' title='bbox 470 3363 669 3433; x_wconf 86' lang='grc' dir='ltr'>συνεχῆ</span> <span class='ocrx_word' id='word_1_212' title='bbox 693 3363 889 3431; x_wconf 79' lang='grc' dir='ltr'>πῆξιν·</span> <span class='ocrx_word' id='word_1_213' title='bbox 942 3380 961 3414; x_wconf 79' lang='grc' dir='ltr'>ι</span> <span class='ocrx_word' id='word_1_214' title='bbox 1000 3361 1132 3415; x_wconf 80' lang='grc' dir='ltr'>Ἰδοὺ</span> <span class='ocrx_word' id='word_1_215' title='bbox 1170 3362 1302 3432; x_wconf 75' lang='grc' dir='ltr'>γὰρ,</span> <span class='ocrx_word' id='word_1_216' title='bbox 1343 3364 1509 3432; x_wconf 77' lang='grc' dir='ltr'>φησὶν</span> <span class='ocrx_word' id='word_1_217' title='bbox 1533 3363 1562 3414; x_wconf 86' lang='grc' dir='ltr'>ὁ</span> <span class='ocrx_word' id='word_1_218' title='bbox 1593 3361 1910 3430; x_wconf 75' lang='grc' dir='ltr'>Προφήτης,</span> 
     </span>
    </p>
   </div>
   <div class='ocr_carea' id='block_1_36' title="bbox 333 3449 1908 3523">
    <p class='ocr_par' dir='ltr' id='par_1_36' title="bbox 333 3449 1908 3523">
     <span class='ocr_line' id='line_1_36' title="bbox 333 3449 1908 3523; baseline -0.004 -15"><span class='ocrx_word' id='word_1_219' title='bbox 333 3456 516 3518; x_wconf 81' lang='grc' dir='ltr'>ὠδῖνες</span> <span class='ocrx_word' id='word_1_220' title='bbox 549 3453 843 3506; x_wconf 80' lang='grc' dir='ltr'>συνέλαὸόν</span> <span class='ocrx_word' id='word_1_221' title='bbox 877 3469 967 3522; x_wconf 89' lang='grc' dir='ltr'><strong>με,</strong></span> <span class='ocrx_word' id='word_1_222' title='bbox 992 3452 1183 3523; x_wconf 85' lang='grc' dir='ltr'>ὥσπερ</span> <span class='ocrx_word' id='word_1_223' title='bbox 1212 3454 1525 3506; x_wconf 80' lang='grc' dir='ltr'>τίκτουσαν.</span> <span class='ocrx_word' id='word_1_224' title='bbox 1556 3470 1574 3503; x_wconf 74' lang='grc' dir='ltr'>ι</span> <span class='ocrx_word' id='word_1_225' title='bbox 1615 3450 1775 3503; x_wconf 75' lang='grc' dir='ltr'>Ἀλλὰ</span> <span class='ocrx_word' id='word_1_226' title='bbox 1809 3449 1908 3503; x_wconf 65' lang='grc' dir='ltr'>κύρ</span> 
     </span>
    </p>
   </div>
   <div class='ocr_carea' id='block_1_37' title="bbox 336 3541 1910 3614">
    <p class='ocr_par' dir='ltr' id='par_1_37' title="bbox 336 3541 1910 3614">
     <span class='ocr_line' id='line_1_37' title="bbox 336 3541 1910 3614; baseline -0.004 -16"><span class='ocrx_word' id='word_1_227' title='bbox 336 3565 487 3600; x_wconf 83' lang='grc' dir='ltr'>πτων</span> <span class='ocrx_word' id='word_1_228' title='bbox 521 3546 784 3609; x_wconf 79' lang='grc' dir='ltr'>κάτωθεν,</span> <span class='ocrx_word' id='word_1_229' title='bbox 816 3547 909 3598; x_wconf 77' lang='grc' dir='ltr'><strong>καὶ</strong></span> <span class='ocrx_word' id='word_1_230' title='bbox 952 3543 1042 3598; x_wconf 82' lang='grc' dir='ltr'><strong>τὸν</strong></span> <span class='ocrx_word' id='word_1_231' title='bbox 1071 3545 1195 3597; x_wconf 82' lang='grc' dir='ltr'>νοῦν</span> <span class='ocrx_word' id='word_1_232' title='bbox 1223 3544 1282 3595; x_wconf 85' lang='grc' dir='ltr'><strong>ἐν</strong></span> <span class='ocrx_word' id='word_1_233' title='bbox 1309 3546 1375 3614; x_wconf 83' lang='grc' dir='ltr'>τῇ</span> <span class='ocrx_word' id='word_1_234' title='bbox 1407 3541 1605 3612; x_wconf 77' lang='grc' dir='ltr'>καρδίᾳ</span> <span class='ocrx_word' id='word_1_235' title='bbox 1638 3541 1910 3608; x_wconf 76' lang='grc' dir='ltr'>συνάγων,</span> 
     </span>
    </p>
   </div>
   <div class='ocr_carea' id='block_1_38' title="bbox 335 3634 1911 3709">
    <p class='ocr_par' dir='ltr' id='par_1_38' title="bbox 335 3634 1911 3709">
     <span class='ocr_line' id='line_1_38' title="bbox 335 3634 1911 3709; baseline -0.005 -17"><span class='ocrx_word' id='word_1_236' title='bbox 335 3641 496 3709; x_wconf 80' lang='grc' dir='ltr'>εἴπερ</span> <span class='ocrx_word' id='word_1_237' title='bbox 524 3641 842 3707; x_wconf 81' lang='grc' dir='ltr'>διήνοικται,</span> <span class='ocrx_word' id='word_1_238' title='bbox 885 3637 1149 3690; x_wconf 79' lang='grc' dir='ltr'>ὲπικαλοῦ</span> <span class='ocrx_word' id='word_1_239' title='bbox 1197 3637 1290 3689; x_wconf 69' lang='grc' dir='ltr'><strong>τὸν</strong></span> <span class='ocrx_word' id='word_1_240' title='bbox 1324 3636 1529 3706; x_wconf 80' lang='grc' dir='ltr'>Κύριον</span> <span class='ocrx_word' id='word_1_241' title='bbox 1575 3634 1775 3703; x_wconf 84' lang='grc' dir='ltr'>Ἰησοῦν</span> <span class='ocrx_word' id='word_1_242' title='bbox 1831 3635 1911 3695; x_wconf 77' lang='grc' dir='ltr'>εἰς</span> 
     </span>
    </p>
   </div>
   <div class='ocr_carea' id='block_1_39' title="bbox 336 3725 1914 3802">
    <p class='ocr_par' dir='ltr' id='par_1_39' title="bbox 336 3725 1914 3802">
     <span class='ocr_line' id='line_1_39' title="bbox 336 3725 1914 3802; baseline -0.004 -18"><span class='ocrx_word' id='word_1_243' title='bbox 336 3730 608 3802; x_wconf 78' lang='grc' dir='ltr'>βοήθειαν.</span> <span class='ocrx_word' id='word_1_244' title='bbox 646 3729 830 3784; x_wconf 86' lang='grc' dir='ltr'>Πονῶν</span> <span class='ocrx_word' id='word_1_245' title='bbox 877 3729 958 3792; x_wconf 85' lang='grc' dir='ltr'><strong>δὲ,</strong></span> <span class='ocrx_word' id='word_1_246' title='bbox 1012 3731 1138 3792; x_wconf 77' lang='grc' dir='ltr'>τοὺς</span> <span class='ocrx_word' id='word_1_247' title='bbox 1184 3729 1368 3799; x_wconf 79' lang='grc' dir='ltr'>ὤμους</span> <span class='ocrx_word' id='word_1_248' title='bbox 1409 3728 1502 3780; x_wconf 80' lang='grc' dir='ltr'><strong>καὶ</strong></span> <span class='ocrx_word' id='word_1_249' title='bbox 1541 3727 1640 3796; x_wconf 83' lang='grc' dir='ltr'>τὴν</span> <span class='ocrx_word' id='word_1_250' title='bbox 1669 3725 1914 3795; x_wconf 76' lang='grc' dir='ltr'>κεφαλὴν</span> 
     </span>
    </p>
   </div>
   <div class='ocr_carea' id='block_1_40' title="bbox 339 3815 1913 3892">
    <p class='ocr_par' dir='ltr' id='par_1_40' title="bbox 339 3815 1913 3892">
     <span class='ocr_line' id='line_1_40' title="bbox 339 3815 1913 3892; baseline -0.003 -18"><span class='ocrx_word' id='word_1_251' title='bbox 339 3815 598 3885; x_wconf 80' lang='grc' dir='ltr'>πολλάκις</span> <span class='ocrx_word' id='word_1_252' title='bbox 626 3822 829 3889; x_wconf 81' lang='grc' dir='ltr'>ἀλγῶν,</span> <span class='ocrx_word' id='word_1_253' title='bbox 868 3821 1128 3892; x_wconf 73' lang='grc' dir='ltr'>καρτερει</span> <span class='ocrx_word' id='word_1_254' title='bbox 1179 3821 1457 3883; x_wconf 80' lang='grc' dir='ltr'>ἐπιπόνως</span> <span class='ocrx_word' id='word_1_255' title='bbox 1492 3819 1588 3872; x_wconf 74' lang='grc' dir='ltr'>καὶ</span> <span class='ocrx_word' id='word_1_256' title='bbox 1635 3816 1913 3888; x_wconf 73' lang='grc' dir='ltr'>ἐρωτικῶς</span> 
     </span>
    </p>
   </div>
   <div class='ocr_carea' id='block_1_41' title="bbox 335 3907 1914 3982">
    <p class='ocr_par' dir='ltr' id='par_1_41' title="bbox 335 3907 1914 3982">
     <span class='ocr_line' id='line_1_41' title="bbox 335 3907 1914 3982; baseline -0.004 -15"><span class='ocrx_word' id='word_1_257' title='bbox 335 3917 397 3968; x_wconf 80' lang='grc' dir='ltr'>ὲν</span> <span class='ocrx_word' id='word_1_258' title='bbox 424 3915 628 3977; x_wconf 77' lang='grc' dir='ltr'>αὐτοῖς,</span> <span class='ocrx_word' id='word_1_259' title='bbox 687 3912 868 3982; x_wconf 81' lang='grc' dir='ltr'>ζητῶν</span> <span class='ocrx_word' id='word_1_260' title='bbox 921 3914 979 3966; x_wconf 81' lang='grc' dir='ltr'>ὲν</span> <span class='ocrx_word' id='word_1_261' title='bbox 1011 3912 1207 3982; x_wconf 77' lang='grc' dir='ltr'>καρδίᾳ</span> <span class='ocrx_word' id='word_1_262' title='bbox 1240 3911 1329 3964; x_wconf 87' lang='grc' dir='ltr'><strong>τὸν</strong></span> <span class='ocrx_word' id='word_1_263' title='bbox 1382 3909 1608 3979; x_wconf 83' lang='grc' dir='ltr'>Κύριον.</span> <span class='ocrx_word' id='word_1_264' title='bbox 1667 3907 1914 3963; x_wconf 80' lang='grc' dir='ltr'>Βιαστῶν</span> 
     </span>
    </p>
   </div>
   <div class='ocr_carea' id='block_1_42' title="bbox 337 4001 1922 4075">
    <p class='ocr_par' dir='ltr' id='par_1_42' title="bbox 337 4001 1922 4075">
     <span class='ocr_line' id='line_1_42' title="bbox 337 4001 1922 4075; baseline -0.003 -19"><span class='ocrx_word' id='word_1_265' title='bbox 337 4007 450 4075; x_wconf 86' lang='grc' dir='ltr'>γάρ</span> <span class='ocrx_word' id='word_1_266' title='bbox 471 4005 618 4057; x_wconf 77' lang='grc' dir='ltr'>ἐστιν</span> <span class='ocrx_word' id='word_1_267' title='bbox 652 4005 684 4072; x_wconf 82' lang='grc' dir='ltr'>ἡ</span> <span class='ocrx_word' id='word_1_268' title='bbox 712 4003 959 4075; x_wconf 83' lang='grc' dir='ltr'>βασιλεία</span> <span class='ocrx_word' id='word_1_269' title='bbox 979 4003 1072 4056; x_wconf 89' lang='grc' dir='ltr'><strong>τοῦ</strong></span> <span class='ocrx_word' id='word_1_270' title='bbox 1099 4002 1256 4066; x_wconf 85' lang='grc' dir='ltr'>Θεοῦ,</span> <span class='ocrx_word' id='word_1_271' title='bbox 1286 4002 1380 4055; x_wconf 80' lang='grc' dir='ltr'><strong>καὶ</strong></span> <span class='ocrx_word' id='word_1_272' title='bbox 1413 4001 1630 4071; x_wconf 75' lang='grc' dir='ltr'>βιασταὶ</span> <span class='ocrx_word' id='word_1_273' title='bbox 1652 4001 1922 4071; x_wconf 78' lang='grc' dir='ltr'>ἁρπάζου-</span> 
     </span>
    </p>
   </div>
   <div class='ocr_carea' id='block_1_43' title="bbox 340 4091 1916 4164">
    <p class='ocr_par' dir='ltr' id='par_1_43' title="bbox 340 4091 1916 4164">
     <span class='ocr_line' id='line_1_43' title="bbox 340 4091 1916 4164; baseline 0 -22"><span class='ocrx_word' id='word_1_274' title='bbox 340 4109 430 4142; x_wconf 82' lang='grc' dir='ltr'><strong>σιν</strong></span> <span class='ocrx_word' id='word_1_275' title='bbox 459 4093 646 4163; x_wconf 80' lang='grc' dir='ltr'>αὑτήν.</span> <span class='ocrx_word' id='word_1_276' title='bbox 671 4093 781 4164; x_wconf 77' lang='grc' dir='ltr'><strong>Τὴν</strong></span> <span class='ocrx_word' id='word_1_277' title='bbox 813 4093 1049 4164; x_wconf 76' lang='grc' dir='ltr'>σπουδὴν</span> <span class='ocrx_word' id='word_1_278' title='bbox 1076 4093 1135 4144; x_wconf 83' lang='grc' dir='ltr'>ὲν</span> <span class='ocrx_word' id='word_1_279' title='bbox 1171 4091 1384 4154; x_wconf 83' lang='grc' dir='ltr'>τούτοις</span> <span class='ocrx_word' id='word_1_280' title='bbox 1409 4092 1500 4144; x_wconf 71' lang='grc' dir='ltr'><strong>καὶ</strong></span> <span class='ocrx_word' id='word_1_281' title='bbox 1530 4091 1639 4144; x_wconf 85' lang='grc' dir='ltr'><strong>τῶν</strong></span> <span class='ocrx_word' id='word_1_282' title='bbox 1661 4091 1916 4144; x_wconf 88' lang='grc' dir='ltr'>τοιούτων</span> 
     </span>
    </p>
   </div>
   <div class='ocr_carea' id='block_1_44' title="bbox 339 4183 1916 4256">
    <p class='ocr_par' dir='ltr' id='par_1_44' title="bbox 339 4183 1916 4256">
     <span class='ocr_line' id='line_1_44' title="bbox 339 4183 1916 4256; baseline 0 -22"><span class='ocrx_word' id='word_1_283' title='bbox 339 4185 521 4236; x_wconf 86' lang='grc' dir='ltr'>πόνων</span> <span class='ocrx_word' id='word_1_284' title='bbox 574 4187 602 4236; x_wconf 81' lang='grc' dir='ltr'><strong>δ</strong></span> <span class='ocrx_word' id='word_1_285' title='bbox 635 4185 838 4256; x_wconf 80' lang='grc' dir='ltr'>Κύριος</span> <span class='ocrx_word' id='word_1_286' title='bbox 870 4184 1147 4250; x_wconf 82' lang='grc' dir='ltr'>ὑπέδειξεν</span> <span class='ocrx_word' id='word_1_287' title='bbox 1181 4183 1416 4254; x_wconf 82' lang='grc' dir='ltr'>ἀληθῶς.</span> <span class='ocrx_word' id='word_1_288' title='bbox 1489 4183 1763 4252; x_wconf 82' lang='grc' dir='ltr'>Ὑπομονὴ</span> <span class='ocrx_word' id='word_1_289' title='bbox 1807 4183 1916 4254; x_wconf 76' lang='grc' dir='ltr'>γὰρ</span> 
     </span>
    </p>
   </div>
   <div class='ocr_carea' id='block_1_45' title="bbox 342 4273 1918 4346">
    <p class='ocr_par' dir='ltr' id='par_1_45' title="bbox 342 4273 1918 4346">
     <span class='ocr_line' id='line_1_45' title="bbox 342 4273 1918 4346; baseline 0 -18"><span class='ocrx_word' id='word_1_290' title='bbox 342 4276 438 4328; x_wconf 76' lang='grc' dir='ltr'><strong>καὶ</strong></span> <span class='ocrx_word' id='word_1_291' title='bbox 466 4277 734 4344; x_wconf 73' lang='grc' dir='ltr'>καρτερία</span> <span class='ocrx_word' id='word_1_292' title='bbox 763 4278 820 4328; x_wconf 77' lang='grc' dir='ltr'>ὲν</span> <span class='ocrx_word' id='word_1_293' title='bbox 853 4278 1008 4341; x_wconf 79' lang='grc' dir='ltr'>πᾶσι,</span> <span class='ocrx_word' id='word_1_294' title='bbox 1041 4277 1338 4346; x_wconf 86' lang='grc' dir='ltr'>γεννήτρια</span> <span class='ocrx_word' id='word_1_295' title='bbox 1368 4275 1570 4340; x_wconf 86' lang='grc' dir='ltr'>πόνων,</span> <span class='ocrx_word' id='word_1_296' title='bbox 1607 4275 1702 4328; x_wconf 71' lang='grc' dir='ltr'>καὶ</span> <span class='ocrx_word' id='word_1_297' title='bbox 1732 4273 1918 4344; x_wconf 78' lang='grc' dir='ltr'>σώμα-</span> 
     </span>
    </p>
   </div>
   <div class='ocr_carea' id='block_1_46' title="bbox 338 4366 818 4436">
    <p class='ocr_par' dir='ltr' id='par_1_46' title="bbox 338 4366 818 4436">
     <span class='ocr_line' id='line_1_46' title="bbox 338 4366 818 4436; baseline 0.006 -18"><span class='ocrx_word' id='word_1_298' title='bbox 338 4383 458 4430; x_wconf 80' lang='grc' dir='ltr'>τος,</span> <span class='ocrx_word' id='word_1_299' title='bbox 495 4366 589 4420; x_wconf 74' lang='grc' dir='ltr'><strong>καὶ</strong></span> <span class='ocrx_word' id='word_1_300' title='bbox 619 4366 818 4436; x_wconf 78' lang='grc' dir='ltr'>ψυχῆς.</span> 
     </span>
    </p>
   </div>
   <div class='ocr_carea' id='block_1_47' title="bbox 550 4481 1715 4553">
    <p class='ocr_par' dir='ltr' id='par_1_47' title="bbox 550 4481 1715 4553">
     <span class='ocr_line' id='line_1_47' title="bbox 550 4481 1715 4553; baseline 0.003 -19"><span class='ocrx_word' id='word_1_301' title='bbox 550 4481 690 4549; x_wconf 71' lang='grc' dir='ltr'>Περὶ</span> <span class='ocrx_word' id='word_1_302' title='bbox 721 4482 825 4538; x_wconf 79' lang='grc' dir='ltr'><strong>τοῦ</strong></span> <span class='ocrx_word' id='word_1_303' title='bbox 858 4482 982 4548; x_wconf 84' lang='grc' dir='ltr'><strong>πῶς</strong></span> <span class='ocrx_word' id='word_1_304' title='bbox 1018 4481 1115 4536; x_wconf 86' lang='grc' dir='ltr'><strong>δεῖ</strong></span> <span class='ocrx_word' id='word_1_305' title='bbox 1131 4482 1331 4553; x_wconf 79' lang='grc' dir='ltr'><strong>λέγειν</strong></span> <span class='ocrx_word' id='word_1_306' title='bbox 1360 4485 1476 4549; x_wconf 79' lang='grc' dir='ltr'><strong>τὴν</strong></span> <span class='ocrx_word' id='word_1_307' title='bbox 1501 4481 1715 4552; x_wconf 77' lang='grc' dir='ltr'><strong>εὐχήν.</strong></span> 
     </span>
    </p>
   </div>
   <div class='ocr_carea' id='block_1_48' title="bbox 418 4585 1936 4665">
    <p class='ocr_par' dir='ltr' id='par_1_48' title="bbox 418 4585 1936 4665">
     <span class='ocr_line' id='line_1_48' title="bbox 418 4585 1936 4665; baseline 0.005 -23"><span class='ocrx_word' id='word_1_308' title='bbox 418 4589 604 4652; x_wconf 88' lang='grc' dir='ltr'>Οῦτως</span> <span class='ocrx_word' id='word_1_309' title='bbox 633 4585 786 4644; x_wconf 72' lang='grc' dir='ltr'>εἷπον</span> <span class='ocrx_word' id='word_1_310' title='bbox 840 4593 888 4644; x_wconf 84' lang='grc' dir='ltr'>οἱ</span> <span class='ocrx_word' id='word_1_311' title='bbox 937 4593 1216 4663; x_wconf 78' lang='grc' dir='ltr'>Ιῐατέρεςο</span> <span class='ocrx_word' id='word_1_312' title='bbox 1267 4595 1295 4645; x_wconf 83' lang='grc' dir='ltr'>ὁ</span> <span class='ocrx_word' id='word_1_313' title='bbox 1340 4595 1475 4664; x_wconf 80' lang='grc' dir='ltr'>μέν’</span> <span class='ocrx_word' id='word_1_314' title='bbox 1528 4594 1700 4665; x_wconf 81' lang='grc' dir='ltr'>Κύριε</span> <span class='ocrx_word' id='word_1_315' title='bbox 1743 4595 1936 4665; x_wconf 84' lang='grc' dir='ltr'>Ἰησοῦ</span> 
     </span>
    </p>
   </div>
   <div class='ocr_carea' id='block_1_49' title="bbox 340 4667 1924 4757">
    <p class='ocr_par' dir='ltr' id='par_1_49' title="bbox 340 4667 1924 4757">
     <span class='ocr_line' id='line_1_49' title="bbox 340 4667 1924 4757; baseline 0.006 -23"><span class='ocrx_word' id='word_1_316' title='bbox 340 4683 575 4752; x_wconf 80' lang='grc' dir='ltr'>Χριστὲ,</span> <span class='ocrx_word' id='word_1_317' title='bbox 611 4667 705 4734; x_wconf 74' lang='grc' dir='ltr'><strong>Υἱὲ</strong></span> <span class='ocrx_word' id='word_1_318' title='bbox 732 4682 824 4734; x_wconf 86' lang='grc' dir='ltr'><strong>τοῦ</strong></span> <span class='ocrx_word' id='word_1_319' title='bbox 850 4683 1005 4746; x_wconf 83' lang='grc' dir='ltr'>Θεοῦ,</span> <span class='ocrx_word' id='word_1_320' title='bbox 1031 4685 1254 4754; x_wconf 81' lang='grc' dir='ltr'>ἐλέησόν</span> <span class='ocrx_word' id='word_1_321' title='bbox 1280 4703 1371 4757; x_wconf 81' lang='grc' dir='ltr'><strong>με,</strong></span> <span class='ocrx_word' id='word_1_322' title='bbox 1397 4686 1458 4738; x_wconf 85' lang='grc' dir='ltr'>τὸ</span> <span class='ocrx_word' id='word_1_323' title='bbox 1493 4686 1615 4740; x_wconf 85' lang='grc' dir='ltr'>ὅλον</span> <span class='ocrx_word' id='word_1_324' title='bbox 1636 4704 1651 4720; x_wconf 89' lang='grc'><strong>·</strong></span> <span class='ocrx_word' id='word_1_325' title='bbox 1691 4687 1720 4738; x_wconf 82' lang='grc' dir='ltr'>ὁ</span> <span class='ocrx_word' id='word_1_326' title='bbox 1753 4688 1832 4752; x_wconf 81' lang='grc' dir='ltr'><strong>δὲ,</strong></span> <span class='ocrx_word' id='word_1_327' title='bbox 1861 4690 1924 4743; x_wconf 82' lang='grc' dir='ltr'>τὸ</span> 
     </span>
    </p>
   </div>
   <div class='ocr_carea' id='block_1_50' title="bbox 339 4772 1923 4849">
    <p class='ocr_par' dir='ltr' id='par_1_50' title="bbox 339 4772 1923 4849">
     <span class='ocr_line' id='line_1_50' title="bbox 339 4772 1923 4849; baseline 0.006 -25"><span class='ocrx_word' id='word_1_328' title='bbox 339 4775 521 4842; x_wconf 67' lang='grc' dir='ltr'>ἣμισυ</span> <span class='ocrx_word' id='word_1_329' title='bbox 541 4788 555 4801; x_wconf 74' lang='grc' dir='ltr'><strong>ο</strong></span> <span class='ocrx_word' id='word_1_330' title='bbox 590 4772 786 4842; x_wconf 79' lang='grc' dir='ltr'>Ἰησοῦ,</span> <span class='ocrx_word' id='word_1_331' title='bbox 824 4774 922 4826; x_wconf 80' lang='grc' dir='ltr'><strong>Υἱὲ</strong></span> <span class='ocrx_word' id='word_1_332' title='bbox 945 4775 1043 4828; x_wconf 80' lang='grc' dir='ltr'>τοῦ,</span> <span class='ocrx_word' id='word_1_333' title='bbox 1064 4776 1220 4843; x_wconf 86' lang='grc' dir='ltr'>Θεοῦ,</span> <span class='ocrx_word' id='word_1_334' title='bbox 1251 4777 1481 4848; x_wconf 76' lang='grc' dir='ltr'>ἐλέησόν</span> <span class='ocrx_word' id='word_1_335' title='bbox 1503 4797 1595 4848; x_wconf 87' lang='grc' dir='ltr'><strong>με.</strong></span> <span class='ocrx_word' id='word_1_336' title='bbox 1625 4779 1803 4849; x_wconf 82' lang='grc' dir='ltr'>’Όπερ</span> <span class='ocrx_word' id='word_1_337' title='bbox 1830 4781 1923 4833; x_wconf 82' lang='grc' dir='ltr'><strong>εύ-</strong></span> 
     </span>
    </p>
   </div>
   <div class='ocr_carea' id='block_1_51' title="bbox 342 4864 1924 4941">
    <p class='ocr_par' dir='ltr' id='par_1_51' title="bbox 342 4864 1924 4941">
     <span class='ocr_line' id='line_1_51' title="bbox 342 4864 1924 4941; baseline 0.006 -25"><span class='ocrx_word' id='word_1_338' title='bbox 342 4865 651 4934; x_wconf 75' lang='grc' dir='ltr'>γ.ολώτερὸν</span> <span class='ocrx_word' id='word_1_339' title='bbox 680 4866 794 4917; x_wconf 75' lang='grc' dir='ltr'>ἐστι</span> <span class='ocrx_word' id='word_1_340' title='bbox 823 4864 909 4918; x_wconf 83' lang='grc' dir='ltr'>διὰ</span> <span class='ocrx_word' id='word_1_341' title='bbox 936 4866 1035 4936; x_wconf 76' lang='grc' dir='ltr'>τὴν</span> <span class='ocrx_word' id='word_1_342' title='bbox 1059 4867 1153 4919; x_wconf 91' lang='grc' dir='ltr'><strong>τοῦ</strong></span> <span class='ocrx_word' id='word_1_343' title='bbox 1177 4867 1268 4921; x_wconf 88' lang='grc' dir='ltr'><strong>νοῦ</strong></span> <span class='ocrx_word' id='word_1_344' title='bbox 1305 4868 1622 4938; x_wconf 80' lang='grc' dir='ltr'>ἀδυναμίαν.</span> <span class='ocrx_word' id='word_1_345' title='bbox 1651 4871 1784 4924; x_wconf 79' lang='grc' dir='ltr'><strong>Οὐδὲ</strong></span> <span class='ocrx_word' id='word_1_346' title='bbox 1816 4871 1924 4941; x_wconf 78' lang='grc' dir='ltr'>γὰρ</span> 
     </span>
    </p>
   </div>
   <div class='ocr_carea' id='block_1_52' title="bbox 341 4956 1922 5032">
    <p class='ocr_par' dir='ltr' id='par_1_52' title="bbox 341 4956 1922 5032">
     <span class='ocr_line' id='line_1_52' title="bbox 341 4956 1922 5032; baseline 0.006 -25"><span class='ocrx_word' id='word_1_347' title='bbox 341 4956 571 5010; x_wconf 78' lang='grc' dir='ltr'>δύναται</span> <span class='ocrx_word' id='word_1_348' title='bbox 601 4957 693 5024; x_wconf 81' lang='grc' dir='ltr'><strong>ἀφ’</strong></span> <span class='ocrx_word' id='word_1_349' title='bbox 718 4957 911 5010; x_wconf 80' lang='grc' dir='ltr'>ἑαυτοῦ</span> <span class='ocrx_word' id='word_1_350' title='bbox 942 4959 1240 5026; x_wconf 84' lang='grc' dir='ltr'>μυστικῶς,</span> <span class='ocrx_word' id='word_1_351' title='bbox 1266 4961 1435 5031; x_wconf 76' lang='grc' dir='ltr'>χωρὶς</span> <span class='ocrx_word' id='word_1_352' title='bbox 1462 4961 1797 5032; x_wconf 82' lang='grc' dir='ltr'>Πνεύματος,</span> <span class='ocrx_word' id='word_1_353' title='bbox 1821 4964 1922 5032; x_wconf 87' lang='grc' dir='ltr'><strong>μό-</strong></span> 
     </span>
    </p>
   </div>
   <div class='ocr_carea' id='block_1_53' title="bbox 342 5048 1924 5125">
    <p class='ocr_par' dir='ltr' id='par_1_53' title="bbox 342 5048 1924 5125">
     <span class='ocr_line' id='line_1_53' title="bbox 342 5048 1924 5125; baseline 0.006 -27"><span class='ocrx_word' id='word_1_354' title='bbox 342 5066 442 5110; x_wconf 87' lang='grc' dir='ltr'><strong>νος</strong></span> <span class='ocrx_word' id='word_1_355' title='bbox 485 5049 658 5102; x_wconf 75' lang='grc' dir='ltr'>εἰπεῖν</span> <span class='ocrx_word' id='word_1_356' title='bbox 693 5048 894 5118; x_wconf 80' lang='grc' dir='ltr'>Κύριον</span> <span class='ocrx_word' id='word_1_357' title='bbox 923 5049 1150 5122; x_wconf 79' lang='grc' dir='ltr'>Ἰησοῦν,</span> <span class='ocrx_word' id='word_1_358' title='bbox 1180 5054 1228 5105; x_wconf 82' lang='grc' dir='ltr'>εί</span> <span class='ocrx_word' id='word_1_359' title='bbox 1262 5053 1339 5123; x_wconf 84' lang='grc' dir='ltr'>μὴ</span> <span class='ocrx_word' id='word_1_360' title='bbox 1371 5056 1429 5106; x_wconf 82' lang='grc' dir='ltr'>ὲν</span> <span class='ocrx_word' id='word_1_361' title='bbox 1477 5055 1757 5124; x_wconf 86' lang='grc' dir='ltr'>Πνεύματι</span> <span class='ocrx_word' id='word_1_362' title='bbox 1783 5056 1924 5125; x_wconf 83' lang='grc' dir='ltr'>ἁγίῳ</span> 
     </span>
    </p>
   </div>
   <div class='ocr_carea' id='block_1_54' title="bbox 343 5141 1925 5218">
    <p class='ocr_par' dir='ltr' id='par_1_54' title="bbox 343 5141 1925 5218">
     <span class='ocr_line' id='line_1_54' title="bbox 343 5141 1925 5218; baseline 0.006 -25"><span class='ocrx_word' id='word_1_363' title='bbox 343 5141 611 5211; x_wconf 80' lang='grc' dir='ltr'>καθαρῶς</span> <span class='ocrx_word' id='word_1_364' title='bbox 660 5145 754 5196; x_wconf 76' lang='grc' dir='ltr'><strong>καὶ</strong></span> <span class='ocrx_word' id='word_1_365' title='bbox 796 5144 1042 5210; x_wconf 79' lang='grc' dir='ltr'>τελείως,</span> <span class='ocrx_word' id='word_1_366' title='bbox 1092 5146 1210 5200; x_wconf 82' lang='grc' dir='ltr'>ἀλλ’</span> <span class='ocrx_word' id='word_1_367' title='bbox 1271 5147 1346 5212; x_wconf 83' lang='grc' dir='ltr'>ὡς</span> <span class='ocrx_word' id='word_1_368' title='bbox 1406 5149 1616 5207; x_wconf 85' lang='grc' dir='ltr'>παιδίον</span> <span class='ocrx_word' id='word_1_369' title='bbox 1677 5149 1925 5218; x_wconf 77' lang='grc' dir='ltr'>ψελλίζον</span> 
     </span>
    </p>
   </div>
   <div class='ocr_carea' id='block_1_55' title="bbox 343 5236 1919 5312">
    <p class='ocr_par' dir='ltr' id='par_1_55' title="bbox 343 5236 1919 5312">
     <span class='ocr_line' id='line_1_55' title="bbox 343 5236 1919 5312; baseline 0.005 -26"><span class='ocrx_word' id='word_1_370' title='bbox 343 5237 458 5299; x_wconf 80' lang='grc' dir='ltr'>ἔτι,</span> <span class='ocrx_word' id='word_1_371' title='bbox 497 5236 788 5306; x_wconf 83' lang='grc' dir='ltr'>πληρῶσαι</span> <span class='ocrx_word' id='word_1_372' title='bbox 825 5237 1028 5308; x_wconf 85' lang='grc' dir='ltr'>ταύτην</span> <span class='ocrx_word' id='word_1_373' title='bbox 1062 5238 1200 5308; x_wconf 81' lang='grc' dir='ltr'>μετὰ</span> <span class='ocrx_word' id='word_1_374' title='bbox 1231 5239 1450 5310; x_wconf 80' lang='grc' dir='ltr'>ἄρθρων</span> <span class='ocrx_word' id='word_1_375' title='bbox 1479 5243 1554 5312; x_wconf 83' lang='grc' dir='ltr'>μὴ</span> <span class='ocrx_word' id='word_1_376' title='bbox 1608 5242 1919 5308; x_wconf 80' lang='grc' dir='ltr'>δυνάμενος.</span> 
     </span>
    </p>
   </div>
   <div class='ocr_carea' id='block_1_56' title="bbox 348 5324 1926 5404">
    <p class='ocr_par' dir='ltr' id='par_1_56' title="bbox 348 5324 1926 5404">
     <span class='ocr_line' id='line_1_56' title="bbox 348 5324 1926 5404; baseline 0.006 -26"><span class='ocrx_word' id='word_1_377' title='bbox 348 5325 475 5378; x_wconf 75' lang='grc' dir='ltr'>Οὐκ</span> <span class='ocrx_word' id='word_1_378' title='bbox 509 5326 708 5392; x_wconf 76' lang='grc' dir='ltr'>ὀφείλει</span> <span class='ocrx_word' id='word_1_379' title='bbox 729 5327 786 5381; x_wconf 83' lang='grc' dir='ltr'>δὲ</span> <span class='ocrx_word' id='word_1_380' title='bbox 823 5324 1031 5396; x_wconf 68' lang='grc' dir='ltr'>συχνῶς</span> <span class='ocrx_word' id='word_1_381' title='bbox 1059 5329 1450 5397; x_wconf 82' lang='grc' dir='ltr'>μεταλλάσσειν</span> <span class='ocrx_word' id='word_1_382' title='bbox 1485 5333 1584 5394; x_wconf 87' lang='grc' dir='ltr'><strong>τὰς</strong></span> <span class='ocrx_word' id='word_1_383' title='bbox 1614 5333 1926 5404; x_wconf 74' lang='grc' dir='ltr'>ἐπικλήσεις</span> 
     </span>
    </p>
   </div>
   <div class='ocr_carea' id='block_1_57' title="bbox 346 5415 1931 5491">
    <p class='ocr_par' dir='ltr' id='par_1_57' title="bbox 346 5415 1931 5491">
     <span class='ocr_line' id='line_1_57' title="bbox 346 5415 1931 5491; baseline 0.006 -25"><span class='ocrx_word' id='word_1_384' title='bbox 346 5415 468 5468; x_wconf 80' lang='grc' dir='ltr'><strong>τῶν</strong></span> <span class='ocrx_word' id='word_1_385' title='bbox 526 5416 805 5485; x_wconf 66' lang='grc' dir='ltr'>ὀνομάτων</span> <span class='ocrx_word' id='word_1_386' title='bbox 851 5417 941 5470; x_wconf 85' lang='grc' dir='ltr'>διὰ</span> <span class='ocrx_word' id='word_1_387' title='bbox 990 5418 1286 5488; x_wconf 71' lang='grc' dir='ltr'>ρᾳθυμίαν,</span> <span class='ocrx_word' id='word_1_388' title='bbox 1336 5420 1472 5473; x_wconf 84' lang='grc' dir='ltr'>ἀλλὰ</span> <span class='ocrx_word' id='word_1_389' title='bbox 1538 5421 1778 5491; x_wconf 71' lang='grc' dir='ltr'>βραδέως</span> <span class='ocrx_word' id='word_1_390' title='bbox 1843 5423 1931 5476; x_wconf 79' lang='grc' dir='ltr'>διὰ.</span> 
     </span>
    </p>
   </div>
   <div class='ocr_carea' id='block_1_58' title="bbox 346 5507 1928 5582">
    <p class='ocr_par' dir='ltr' id='par_1_58' title="bbox 346 5507 1928 5582">
     <span class='ocr_line' id='line_1_58' title="bbox 346 5507 1928 5582; baseline 0.006 -24"><span class='ocrx_word' id='word_1_391' title='bbox 346 5507 459 5576; x_wconf 82' lang='grc' dir='ltr'>τὴν</span> <span class='ocrx_word' id='word_1_392' title='bbox 491 5507 792 5577; x_wconf 81' lang='grc' dir='ltr'>συνέχειαν.</span> <span class='ocrx_word' id='word_1_393' title='bbox 832 5509 1022 5574; x_wconf 81' lang='grc' dir='ltr'>Πάλιν,</span> <span class='ocrx_word' id='word_1_394' title='bbox 1046 5513 1096 5562; x_wconf 79' lang='lat' dir='ltr'><strong>oi</strong></span> <span class='ocrx_word' id='word_1_395' title='bbox 1154 5511 1253 5581; x_wconf 85' lang='grc' dir='ltr'><strong>μὲν</strong></span> <span class='ocrx_word' id='word_1_396' title='bbox 1289 5511 1378 5564; x_wconf 85' lang='grc' dir='ltr'>διὰ</span> <span class='ocrx_word' id='word_1_397' title='bbox 1429 5514 1725 5582; x_wconf 75' lang='grc' dir='ltr'>στόματος,</span> <span class='ocrx_word' id='word_1_398' title='bbox 1765 5517 1812 5567; x_wconf 78' lang='grc' dir='ltr'>οἱ</span> <span class='ocrx_word' id='word_1_399' title='bbox 1872 5517 1928 5568; x_wconf 80' lang='grc' dir='ltr'><strong>δὲ</strong></span> 
     </span>
    </p>
   </div>
   <div class='ocr_carea' id='block_1_59' title="bbox 348 5596 1930 5674">
    <p class='ocr_par' dir='ltr' id='par_1_59' title="bbox 348 5596 1930 5674">
     <span class='ocr_line' id='line_1_59' title="bbox 348 5596 1930 5674; baseline 0.006 -26"><span class='ocrx_word' id='word_1_400' title='bbox 348 5596 451 5648; x_wconf 80' lang='grc' dir='ltr'>διὰ</span> <span class='ocrx_word' id='word_1_401' title='bbox 487 5596 578 5650; x_wconf 85' lang='grc' dir='ltr'><strong>νοῦ</strong></span> <span class='ocrx_word' id='word_1_402' title='bbox 627 5597 933 5651; x_wconf 76' lang='grc' dir='ltr'>διδάσκουσι</span> <span class='ocrx_word' id='word_1_403' title='bbox 965 5598 1144 5666; x_wconf 76' lang='grc' dir='ltr'>λέγειν</span> <span class='ocrx_word' id='word_1_404' title='bbox 1204 5603 1392 5673; x_wconf 86' lang='grc' dir='ltr'>αὑτήν.</span> <span class='ocrx_word' id='word_1_405' title='bbox 1447 5602 1586 5669; x_wconf 81' lang='grc' dir='ltr'><strong>Ἐγὼ</strong></span> <span class='ocrx_word' id='word_1_406' title='bbox 1634 5603 1690 5656; x_wconf 85' lang='grc' dir='ltr'><strong>δὲ</strong></span> <span class='ocrx_word' id='word_1_407' title='bbox 1752 5606 1930 5674; x_wconf 79' lang='grc' dir='ltr'>ἀμφό-</span> 
     </span>
    </p>
   </div>
   <div class='ocr_carea' id='block_1_60' title="bbox 350 5689 1932 5766">
    <p class='ocr_par' dir='ltr' id='par_1_60' title="bbox 350 5689 1932 5766">
     <span class='ocr_line' id='line_1_60' title="bbox 350 5689 1932 5766; baseline 0.005 -26"><span class='ocrx_word' id='word_1_408' title='bbox 350 5705 497 5760; x_wconf 75' lang='grc' dir='ltr'>τερα</span> <span class='ocrx_word' id='word_1_409' title='bbox 557 5689 775 5766; x_wconf 66' lang='grc' dir='ltr'><strong>τίθημι.ι</strong></span> <span class='ocrx_word' id='word_1_410' title='bbox 830 5691 934 5744; x_wconf 77' lang='grc' dir='ltr'><strong>Καὶ</strong></span> <span class='ocrx_word' id='word_1_411' title='bbox 1003 5693 1111 5761; x_wconf 83' lang='grc' dir='ltr'><strong>γὰρ</strong></span> <span class='ocrx_word' id='word_1_412' title='bbox 1169 5694 1294 5746; x_wconf 82' lang='grc' dir='ltr'>ποτὲ</span> <span class='ocrx_word' id='word_1_413' title='bbox 1333 5694 1427 5745; x_wconf 79' lang='grc' dir='ltr'>αὲν</span> <span class='ocrx_word' id='word_1_414' title='bbox 1479 5694 1656 5758; x_wconf 79' lang='grc' dir='ltr'>ὀνοῦς</span> <span class='ocrx_word' id='word_1_415' title='bbox 1683 5695 1932 5749; x_wconf 82' lang='grc' dir='ltr'>ἀδυνατεῖ</span> 
     </span>
    </p>
   </div>
   <div class='ocr_carea' id='block_1_61' title="bbox 456 5842 2008 5916">
    <p class='ocr_par' dir='ltr' id='par_1_61' title="bbox 456 5842 2008 5916">
     <span class='ocr_line' id='line_1_61' title="bbox 456 5842 2008 5916; baseline -0.005 -9"><span class='ocrx_word' id='word_1_416' title='bbox 456 5856 616 5908; x_wconf 72' lang='lat' dir='ltr'><strong>&#39;Aet.</strong></span> <span class='ocrx_word' id='word_1_417' title='bbox 651 5868 687 5916; x_wconf 85' lang='grc' dir='ltr'>ι,</span> <span class='ocrx_word' id='word_1_418' title='bbox 721 5853 782 5906; x_wconf 69' lang='grc'><strong>1-4</strong></span> <span class='ocrx_word' id='word_1_419' title='bbox 857 5854 875 5882; x_wconf 78' lang='grc'><strong>⁸</strong></span> <span class='ocrx_word' id='word_1_420' title='bbox 909 5847 1110 5904; x_wconf 62' lang='grc' dir='ltr'><strong>Ιντειιι.</strong></span> <span class='ocrx_word' id='word_1_421' title='bbox 1138 5862 1208 5914; x_wconf 74' lang='lat' dir='ltr'><strong>vr,</strong></span> <span class='ocrx_word' id='word_1_422' title='bbox 1243 5845 1310 5900; x_wconf 69' lang='lat' dir='ltr'><strong>2i</strong></span> <span class='ocrx_word' id='word_1_423' title='bbox 1341 5862 1357 5912; x_wconf 68' lang='grc' dir='ltr'><strong>ς</strong></span> <span class='ocrx_word' id='word_1_424' title='bbox 1385 5860 1499 5908; x_wconf 80' lang='lat' dir='ltr'><strong>xm,</strong></span> <span class='ocrx_word' id='word_1_425' title='bbox 1526 5843 1585 5896; x_wconf 73' lang='lat' dir='ltr'><strong>2l</strong></span> <span class='ocrx_word' id='word_1_426' title='bbox 1620 5860 1633 5908; x_wconf 91' lang='lat'><strong>;</strong></span> <span class='ocrx_word' id='word_1_427' title='bbox 1666 5842 1826 5901; x_wconf 79' lang='lat' dir='ltr'><strong>Mich.</strong></span> <span class='ocrx_word' id='word_1_428' title='bbox 1866 5860 1935 5912; x_wconf 82' lang='lat' dir='ltr'><strong>tv,</strong></span> <span class='ocrx_word' id='word_1_429' title='bbox 1961 5845 2008 5900; x_wconf 88' lang='lat'><strong>9.</strong></span> 
     </span>
    </p>
   </div>
   <div class='ocr_carea' id='block_1_62' title="bbox 2006 2908 3583 2981">
    <p class='ocr_par' dir='ltr' id='par_1_62' title="bbox 2006 2908 3583 2981">
     <span class='ocr_line' id='line_1_62' title="bbox 2006 2908 3583 2981; baseline 0.006 -20"><span class='ocrx_word' id='word_1_430' title='bbox 2006 2909 2206 2963; x_wconf 83' lang='lat' dir='ltr'><strong>tionem</strong></span> <span class='ocrx_word' id='word_1_431' title='bbox 2235 2908 2384 2975; x_wconf 89' lang='lat' dir='ltr'><strong>sede,</strong></span> <span class='ocrx_word' id='word_1_432' title='bbox 2409 2909 2570 2962; x_wconf 89' lang='lat' dir='ltr'><strong>modo</strong></span> <span class='ocrx_word' id='word_1_433' title='bbox 2591 2908 2642 2962; x_wconf 91' lang='lat' dir='ltr'><strong>in</strong></span> <span class='ocrx_word' id='word_1_434' title='bbox 2667 2908 2890 2975; x_wconf 83' lang='lat' dir='ltr'><strong>culcita,</strong></span> <span class='ocrx_word' id='word_1_435' title='bbox 2917 2923 3095 2978; x_wconf 86' lang='lat' dir='ltr'><strong>pauco</strong></span> <span class='ocrx_word' id='word_1_436' title='bbox 3120 2922 3382 2981; x_wconf 79' lang='lat' dir='ltr'><strong>tempore,</strong></span> <span class='ocrx_word' id='word_1_437' title='bbox 3409 2916 3474 2967; x_wconf 86' lang='lat' dir='ltr'><strong>ad</strong></span> <span class='ocrx_word' id='word_1_438' title='bbox 3499 2933 3583 2970; x_wconf 82' lang='lat' dir='ltr'><strong>re-</strong></span> 
     </span>
    </p>
   </div>
   <div class='ocr_carea' id='block_1_63' title="bbox 2007 3002 3582 3074">
    <p class='ocr_par' dir='ltr' id='par_1_63' title="bbox 2007 3002 3582 3074">
     <span class='ocr_line' id='line_1_63' title="bbox 2007 3002 3582 3074; baseline 0.006 -23"><span class='ocrx_word' id='word_1_439' title='bbox 2007 3005 2210 3069; x_wconf 83' lang='lat' dir='ltr'><strong>quicm.</strong></span> <span class='ocrx_word' id='word_1_440' title='bbox 2234 3003 2565 3055; x_wconf 79' lang='lat' dir='ltr'><strong>l’ermanens</strong></span> <span class='ocrx_word' id='word_1_441' title='bbox 2587 3011 2769 3055; x_wconf 84' lang='lat' dir='ltr'><strong>autent</strong></span> <span class='ocrx_word' id='word_1_442' title='bbox 2797 3002 2870 3056; x_wconf 88' lang='lat' dir='ltr'><strong>sit</strong></span> <span class='ocrx_word' id='word_1_443' title='bbox 2893 3002 3066 3057; x_wconf 83' lang='lat' dir='ltr'><strong>sessio</strong></span> <span class='ocrx_word' id='word_1_444' title='bbox 3086 3013 3195 3068; x_wconf 83' lang='lat' dir='ltr'><strong>tua,</strong></span> <span class='ocrx_word' id='word_1_445' title='bbox 3219 3016 3438 3074; x_wconf 84' lang='lat' dir='ltr'><strong>propter</strong></span> <span class='ocrx_word' id='word_1_446' title='bbox 3457 3023 3582 3060; x_wconf 84' lang='lat' dir='ltr'><strong>eum</strong></span> 
     </span>
    </p>
   </div>
   <div class='ocr_carea' id='block_1_64' title="bbox 2007 3094 3581 3169">
    <p class='ocr_par' dir='ltr' id='par_1_64' title="bbox 2007 3094 3581 3169">
     <span class='ocr_line' id='line_1_64' title="bbox 2007 3094 3581 3169; baseline 0.006 -23"><span class='ocrx_word' id='word_1_447' title='bbox 2007 3095 2098 3166; x_wconf 80' lang='lat' dir='ltr'><strong>qui</strong></span> <span class='ocrx_word' id='word_1_448' title='bbox 2123 3094 2296 3147; x_wconf 81' lang='lat' dir='ltr'><strong>dixit:</strong></span> <span class='ocrx_word' id='word_1_449' title='bbox 2323 3111 2342 3144; x_wconf 81' lang='grc' dir='ltr'>ι</span> <span class='ocrx_word' id='word_1_450' title='bbox 2369 3094 2792 3148; x_wconf 71' lang='lat' dir='ltr'><strong>l’erseverantes</strong></span> <span class='ocrx_word' id='word_1_451' title='bbox 2821 3094 2875 3148; x_wconf 91' lang='lat' dir='ltr'><strong>in</strong></span> <span class='ocrx_word' id='word_1_452' title='bbox 2901 3096 3151 3150; x_wconf 87' lang='lat' dir='ltr'><strong>oratione</strong></span> <span class='ocrx_word' id='word_1_453' title='bbox 3181 3099 3224 3162; x_wconf 80' lang='lat'><strong>&#39;,</strong></span> <span class='ocrx_word' id='word_1_454' title='bbox 3263 3117 3283 3148; x_wconf 72' lang='grc' dir='ltr'>ι</span> <span class='ocrx_word' id='word_1_455' title='bbox 3312 3115 3488 3169; x_wconf 77' lang='lat' dir='ltr'><strong>neque</strong></span> <span class='ocrx_word' id='word_1_456' title='bbox 3517 3117 3581 3156; x_wconf 80' lang='lat' dir='ltr'><strong>ex</strong></span> 
     </span>
    </p>
   </div>
   <div class='ocr_carea' id='block_1_65' title="bbox 2008 3184 3583 3254">
    <p class='ocr_par' dir='ltr' id='par_1_65' title="bbox 2008 3184 3583 3254">
     <span class='ocr_line' id='line_1_65' title="bbox 2008 3184 3583 3254; baseline 0.004 -16"><span class='ocrx_word' id='word_1_457' title='bbox 2008 3184 2343 3254; x_wconf 78' lang='lat' dir='ltr'><strong>negligentia</strong></span> <span class='ocrx_word' id='word_1_458' title='bbox 2369 3184 2478 3237; x_wconf 90' lang='lat' dir='ltr'><strong>cito</strong></span> <span class='ocrx_word' id='word_1_459' title='bbox 2504 3199 2764 3253; x_wconf 81' lang='lat' dir='ltr'><strong>assurgas</strong></span> <span class='ocrx_word' id='word_1_460' title='bbox 2791 3194 3015 3252; x_wconf 82' lang='lat' dir='ltr'><strong>propter</strong></span> <span class='ocrx_word' id='word_1_461' title='bbox 3042 3187 3375 3244; x_wconf 86' lang='lat' dir='ltr'><strong>laboriosum</strong></span> <span class='ocrx_word' id='word_1_462' title='bbox 3432 3193 3583 3244; x_wconf 80' lang='lat' dir='ltr'><strong>dolo-</strong></span> 
     </span>
    </p>
   </div>
   <div class='ocr_carea' id='block_1_66' title="bbox 2011 3273 3585 3348">
    <p class='ocr_par' dir='ltr' id='par_1_66' title="bbox 2011 3273 3585 3348">
     <span class='ocr_line' id='line_1_66' title="bbox 2011 3273 3585 3348; baseline 0.004 -20"><span class='ocrx_word' id='word_1_463' title='bbox 2011 3289 2144 3338; x_wconf 85' lang='lat' dir='ltr'><strong>rem,</strong></span> <span class='ocrx_word' id='word_1_464' title='bbox 2177 3273 2718 3341; x_wconf 87' lang='lat' dir='ltr'><strong>intellectualemque</strong></span> <span class='ocrx_word' id='word_1_465' title='bbox 2756 3275 2953 3327; x_wconf 83' lang='lat' dir='ltr'><strong>mentis</strong></span> <span class='ocrx_word' id='word_1_466' title='bbox 2977 3275 3270 3331; x_wconf 85' lang='lat' dir='ltr'><strong>clamorem</strong></span> <span class='ocrx_word' id='word_1_467' title='bbox 3312 3290 3366 3332; x_wconf 82' lang='lat' dir='ltr'><strong>et</strong></span> <span class='ocrx_word' id='word_1_468' title='bbox 3393 3296 3585 3348; x_wconf 77' lang='lat' dir='ltr'><strong>perpe-</strong></span> 
     </span>
    </p>
   </div>
   <div class='ocr_carea' id='block_1_67' title="bbox 2010 3363 3586 3438">
    <p class='ocr_par' dir='ltr' id='par_1_67' title="bbox 2010 3363 3586 3438">
     <span class='ocr_line' id='line_1_67' title="bbox 2010 3363 3586 3438; baseline 0.001 -21"><span class='ocrx_word' id='word_1_469' title='bbox 2010 3376 2156 3418; x_wconf 84' lang='lat' dir='ltr'><strong>tuam</strong></span> <span class='ocrx_word' id='word_1_470' title='bbox 2204 3364 2618 3419; x_wconf 84' lang='lat' dir='ltr'><strong>contentionem</strong></span> <span class='ocrx_word' id='word_1_471' title='bbox 2654 3383 2668 3418; x_wconf 91' lang='lat'><strong>:</strong></span> <span class='ocrx_word' id='word_1_472' title='bbox 2708 3383 2727 3415; x_wconf 84' lang='grc' dir='ltr'>ι</span> <span class='ocrx_word' id='word_1_473' title='bbox 2762 3363 2899 3418; x_wconf 88' lang='lat' dir='ltr'><strong>Ecce</strong></span> <span class='ocrx_word' id='word_1_474' title='bbox 2957 3365 3126 3434; x_wconf 89' lang='lat' dir='ltr'><strong>enim,</strong></span> <span class='ocrx_word' id='word_1_475' title='bbox 3161 3369 3236 3421; x_wconf 90' lang='lat' dir='ltr'><strong>ait</strong></span> <span class='ocrx_word' id='word_1_476' title='bbox 3287 3368 3586 3438; x_wconf 73' lang='lat' dir='ltr'><strong>Propheta,</strong></span> 
     </span>
    </p>
   </div>
   <div class='ocr_carea' id='block_1_68' title="bbox 2013 3457 3574 3528">
    <p class='ocr_par' dir='ltr' id='par_1_68' title="bbox 2013 3457 3574 3528">
     <span class='ocr_line' id='line_1_68' title="bbox 2013 3457 3574 3528; baseline 0.003 -18"><span class='ocrx_word' id='word_1_477' title='bbox 2013 3459 2225 3513; x_wconf 78' lang='lat' dir='ltr'><strong>dolores</strong></span> <span class='ocrx_word' id='word_1_478' title='bbox 2253 3457 2733 3526; x_wconf 87' lang='lat' dir='ltr'><strong>apprehenderunt</strong></span> <span class='ocrx_word' id='word_1_479' title='bbox 2758 3472 2844 3512; x_wconf 87' lang='lat' dir='ltr'><strong>me</strong></span> <span class='ocrx_word' id='word_1_480' title='bbox 2867 3458 3021 3526; x_wconf 86' lang='lat' dir='ltr'><strong>quasi</strong></span> <span class='ocrx_word' id='word_1_481' title='bbox 3053 3461 3449 3528; x_wconf 82' lang='lat' dir='ltr'><strong>parturientem</strong></span> <span class='ocrx_word' id='word_1_482' title='bbox 3478 3465 3522 3516; x_wconf 82' lang='lat'><strong>&#39;.</strong></span> <span class='ocrx_word' id='word_1_483' title='bbox 3558 3483 3574 3514; x_wconf 80' lang='grc' dir='ltr'>ι</span> 
     </span>
    </p>
   </div>
   <div class='ocr_carea' id='block_1_69' title="bbox 2015 3549 3588 3614">
    <p class='ocr_par' dir='ltr' id='par_1_69' title="bbox 2015 3549 3588 3614">
     <span class='ocr_line' id='line_1_69' title="bbox 2015 3549 3588 3614; baseline 0.002 -9"><span class='ocrx_word' id='word_1_484' title='bbox 2015 3550 2123 3605; x_wconf 86' lang='lat' dir='ltr'><strong>Sed</strong></span> <span class='ocrx_word' id='word_1_485' title='bbox 2188 3551 2509 3606; x_wconf 84' lang='lat' dir='ltr'><strong>incurvatus</strong></span> <span class='ocrx_word' id='word_1_486' title='bbox 2572 3549 2852 3614; x_wconf 85' lang='lat' dir='ltr'><strong>deorsum,</strong></span> <span class='ocrx_word' id='word_1_487' title='bbox 2904 3559 2957 3605; x_wconf 91' lang='lat' dir='ltr'><strong>et</strong></span> <span class='ocrx_word' id='word_1_488' title='bbox 3015 3563 3252 3606; x_wconf 86' lang='lat' dir='ltr'><strong>mentem</strong></span> <span class='ocrx_word' id='word_1_489' title='bbox 3307 3555 3362 3608; x_wconf 92' lang='lat' dir='ltr'><strong>in</strong></span> <span class='ocrx_word' id='word_1_490' title='bbox 3422 3557 3588 3608; x_wconf 84' lang='lat' dir='ltr'><strong>corde</strong></span> 
     </span>
    </p>
   </div>
   <div class='ocr_carea' id='block_1_70' title="bbox 2015 3645 3584 3715">
    <p class='ocr_par' dir='ltr' id='par_1_70' title="bbox 2015 3645 3584 3715">
     <span class='ocr_line' id='line_1_70' title="bbox 2015 3645 3584 3715; baseline 0.001 -15"><span class='ocrx_word' id='word_1_491' title='bbox 2015 3645 2356 3713; x_wconf 83' lang='lat' dir='ltr'><strong>recolligens,</strong></span> <span class='ocrx_word' id='word_1_492' title='bbox 2413 3645 2458 3699; x_wconf 90' lang='lat' dir='ltr'><strong>si</strong></span> <span class='ocrx_word' id='word_1_493' title='bbox 2488 3645 2707 3712; x_wconf 87' lang='lat' dir='ltr'><strong>quidem</strong></span> <span class='ocrx_word' id='word_1_494' title='bbox 2747 3653 2992 3713; x_wconf 87' lang='lat' dir='ltr'><strong>apertum</strong></span> <span class='ocrx_word' id='word_1_495' title='bbox 3034 3646 3129 3710; x_wconf 82' lang='lat' dir='ltr'><strong>sit,</strong></span> <span class='ocrx_word' id='word_1_496' title='bbox 3164 3646 3218 3699; x_wconf 91' lang='lat' dir='ltr'><strong>in</strong></span> <span class='ocrx_word' id='word_1_497' title='bbox 3251 3647 3584 3715; x_wconf 87' lang='lat' dir='ltr'><strong>adjutorium</strong></span> 
     </span>
    </p>
   </div>
   <div class='ocr_carea' id='block_1_71' title="bbox 2017 3736 3591 3795">
    <p class='ocr_par' dir='ltr' id='par_1_71' title="bbox 2017 3736 3591 3795">
     <span class='ocr_line' id='line_1_71' title="bbox 2017 3736 3591 3795; baseline 0.002 -3"><span class='ocrx_word' id='word_1_498' title='bbox 2017 3739 2212 3792; x_wconf 88' lang='lat' dir='ltr'><strong>invoca</strong></span> <span class='ocrx_word' id='word_1_499' title='bbox 2249 3737 2768 3791; x_wconf 81' lang='lat' dir='ltr'><strong>DominumJesum.</strong></span> <span class='ocrx_word' id='word_1_500' title='bbox 2820 3737 2884 3790; x_wconf 88' lang='lat' dir='ltr'><strong>Et</strong></span> <span class='ocrx_word' id='word_1_501' title='bbox 2930 3736 3189 3791; x_wconf 89' lang='lat' dir='ltr'><strong>laborans</strong></span> <span class='ocrx_word' id='word_1_502' title='bbox 3244 3739 3486 3793; x_wconf 83' lang='lat' dir='ltr'><strong>humeris</strong></span> <span class='ocrx_word' id='word_1_503' title='bbox 3537 3751 3591 3795; x_wconf 86' lang='lat' dir='ltr'><strong>et</strong></span> 
     </span>
    </p>
   </div>
   <div class='ocr_carea' id='block_1_72' title="bbox 2017 3828 3595 3907">
    <p class='ocr_par' dir='ltr' id='par_1_72' title="bbox 2017 3828 3595 3907">
     <span class='ocr_line' id='line_1_72' title="bbox 2017 3828 3595 3907; baseline 0 -23"><span class='ocrx_word' id='word_1_504' title='bbox 2017 3831 2196 3899; x_wconf 81' lang='lat' dir='ltr'><strong>capite</strong></span> <span class='ocrx_word' id='word_1_505' title='bbox 2216 3843 2361 3898; x_wconf 74' lang='lat' dir='ltr'><strong>szepe</strong></span> <span class='ocrx_word' id='word_1_506' title='bbox 2387 3829 2599 3893; x_wconf 78' lang='lat' dir='ltr'><strong>dolens,</strong></span> <span class='ocrx_word' id='word_1_507' title='bbox 2633 3845 2756 3882; x_wconf 89' lang='lat' dir='ltr'><strong>cum</strong></span> <span class='ocrx_word' id='word_1_508' title='bbox 2789 3828 3056 3907; x_wconf 78' lang='lat' dir='ltr'><strong>industria</strong></span> <span class='ocrx_word' id='word_1_509' title='bbox 3075 3840 3130 3886; x_wconf 90' lang='lat' dir='ltr'><strong>et</strong></span> <span class='ocrx_word' id='word_1_510' title='bbox 3156 3831 3338 3886; x_wconf 91' lang='lat' dir='ltr'><strong>studio</strong></span> <span class='ocrx_word' id='word_1_511' title='bbox 3369 3835 3447 3887; x_wconf 89' lang='lat' dir='ltr'><strong>sic</strong></span> <span class='ocrx_word' id='word_1_512' title='bbox 3479 3850 3595 3901; x_wconf 83' lang='lat' dir='ltr'><strong>per-</strong></span> 
     </span>
    </p>
   </div>
   <div class='ocr_carea' id='block_1_73' title="bbox 2019 3921 3590 3994">
    <p class='ocr_par' dir='ltr' id='par_1_73' title="bbox 2019 3921 3590 3994">
     <span class='ocr_line' id='line_1_73' title="bbox 2019 3921 3590 3994; baseline 0.002 -20"><span class='ocrx_word' id='word_1_513' title='bbox 2019 3935 2200 3984; x_wconf 87' lang='lat' dir='ltr'><strong>mane,</strong></span> <span class='ocrx_word' id='word_1_514' title='bbox 2232 3935 2484 3988; x_wconf 59' lang='lat' dir='ltr'><strong>quarens</strong></span> <span class='ocrx_word' id='word_1_515' title='bbox 2519 3921 2574 3974; x_wconf 93' lang='lat' dir='ltr'><strong>in</strong></span> <span class='ocrx_word' id='word_1_516' title='bbox 2601 3921 2770 3975; x_wconf 89' lang='lat' dir='ltr'><strong>corde</strong></span> <span class='ocrx_word' id='word_1_517' title='bbox 2806 3921 3115 3976; x_wconf 89' lang='lat' dir='ltr'><strong>Dominum.</strong></span> <span class='ocrx_word' id='word_1_518' title='bbox 3147 3941 3165 3974; x_wconf 83' lang='grc' dir='ltr'>ι</span> <span class='ocrx_word' id='word_1_519' title='bbox 3201 3922 3334 3977; x_wconf 81' lang='lat' dir='ltr'><strong>Nam</strong></span> <span class='ocrx_word' id='word_1_520' title='bbox 3365 3941 3590 3994; x_wconf 83' lang='lat' dir='ltr'><strong>regnum</strong></span> 
     </span>
    </p>
   </div>
   <div class='ocr_carea' id='block_1_74' title="bbox 2019 4014 3584 4084">
    <p class='ocr_par' dir='ltr' id='par_1_74' title="bbox 2019 4014 3584 4084">
     <span class='ocr_line' id='line_1_74' title="bbox 2019 4014 3584 4084; baseline 0.001 -17"><span class='ocrx_word' id='word_1_521' title='bbox 2019 4015 2285 4067; x_wconf 67' lang='lat' dir='ltr'><strong>caelorum</strong></span> <span class='ocrx_word' id='word_1_522' title='bbox 2337 4014 2442 4066; x_wconf 87' lang='lat' dir='ltr'><strong>vim</strong></span> <span class='ocrx_word' id='word_1_523' title='bbox 2489 4014 2716 4080; x_wconf 82' lang='lat' dir='ltr'><strong>patitur,</strong></span> <span class='ocrx_word' id='word_1_524' title='bbox 2746 4024 2801 4067; x_wconf 90' lang='lat' dir='ltr'><strong>et</strong></span> <span class='ocrx_word' id='word_1_525' title='bbox 2834 4014 3057 4070; x_wconf 86' lang='lat' dir='ltr'><strong>violenti</strong></span> <span class='ocrx_word' id='word_1_526' title='bbox 3118 4016 3338 4084; x_wconf 88' lang='lat' dir='ltr'><strong>rapiunt</strong></span> <span class='ocrx_word' id='word_1_527' title='bbox 3377 4019 3528 4072; x_wconf 84' lang='lat' dir='ltr'><strong>illud.</strong></span> <span class='ocrx_word' id='word_1_528' title='bbox 3566 4038 3584 4069; x_wconf 75' lang='grc' dir='ltr'>ι</span> 
     </span>
    </p>
   </div>
   <div class='ocr_carea' id='block_1_75' title="bbox 2022 4104 3591 4175">
    <p class='ocr_par' dir='ltr' id='par_1_75' title="bbox 2022 4104 3591 4175">
     <span class='ocr_line' id='line_1_75' title="bbox 2022 4104 3591 4175; baseline 0.004 -15"><span class='ocrx_word' id='word_1_529' title='bbox 2022 4104 2118 4160; x_wconf 86' lang='lat' dir='ltr'><strong>His</strong></span> <span class='ocrx_word' id='word_1_530' title='bbox 2157 4106 2337 4160; x_wconf 77' lang='lat' dir='ltr'><strong>verbis</strong></span> <span class='ocrx_word' id='word_1_531' title='bbox 2359 4104 2695 4175; x_wconf 83' lang='lat' dir='ltr'><strong>diligentiam</strong></span> <span class='ocrx_word' id='word_1_532' title='bbox 2728 4105 3303 4172; x_wconf 84' lang='lat' dir='ltr'><strong>bujusmodilaborum</strong></span> <span class='ocrx_word' id='word_1_533' title='bbox 3327 4110 3591 4166; x_wconf 83' lang='lat' dir='ltr'><strong>Dominus</strong></span> 
     </span>
    </p>
   </div>
   <div class='ocr_carea' id='block_1_76' title="bbox 2019 4197 3592 4270">
    <p class='ocr_par' dir='ltr' id='par_1_76' title="bbox 2019 4197 3592 4270">
     <span class='ocr_line' id='line_1_76' title="bbox 2019 4197 3592 4270; baseline 0.002 -18"><span class='ocrx_word' id='word_1_534' title='bbox 2019 4198 2270 4269; x_wconf 77' lang='lat' dir='ltr'><strong>profecto</strong></span> <span class='ocrx_word' id='word_1_535' title='bbox 2301 4198 2587 4252; x_wconf 80' lang='lat' dir='ltr'><strong>indicavit.</strong></span> <span class='ocrx_word' id='word_1_536' title='bbox 2644 4197 2911 4254; x_wconf 84' lang='lat' dir='ltr'><strong>Patientia</strong></span> <span class='ocrx_word' id='word_1_537' title='bbox 2946 4199 3094 4254; x_wconf 91' lang='lat' dir='ltr'><strong>enim</strong></span> <span class='ocrx_word' id='word_1_538' title='bbox 3151 4212 3204 4254; x_wconf 88' lang='lat' dir='ltr'><strong>et</strong></span> <span class='ocrx_word' id='word_1_539' title='bbox 3235 4216 3592 4270; x_wconf 82' lang='lat' dir='ltr'><strong>perseveran-</strong></span> 
     </span>
    </p>
   </div>
   <div class='ocr_carea' id='block_1_77' title="bbox 2028 4289 3591 4359">
    <p class='ocr_par' dir='ltr' id='par_1_77' title="bbox 2028 4289 3591 4359">
     <span class='ocr_line' id='line_1_77' title="bbox 2028 4289 3591 4359; baseline 0.003 -14"><span class='ocrx_word' id='word_1_540' title='bbox 2028 4292 2101 4346; x_wconf 88' lang='lat' dir='ltr'><strong>tia</strong></span> <span class='ocrx_word' id='word_1_541' title='bbox 2142 4291 2195 4344; x_wconf 91' lang='lat' dir='ltr'><strong>in</strong></span> <span class='ocrx_word' id='word_1_542' title='bbox 2252 4289 2506 4346; x_wconf 84' lang='lat' dir='ltr'><strong>omnibus</strong></span> <span class='ocrx_word' id='word_1_543' title='bbox 2562 4296 2649 4344; x_wconf 90' lang='lat' dir='ltr'><strong>est</strong></span> <span class='ocrx_word' id='word_1_544' title='bbox 2700 4291 2952 4359; x_wconf 82' lang='lat' dir='ltr'><strong>corporis</strong></span> <span class='ocrx_word' id='word_1_545' title='bbox 2990 4300 3044 4346; x_wconf 90' lang='lat' dir='ltr'><strong>et</strong></span> <span class='ocrx_word' id='word_1_546' title='bbox 3095 4293 3289 4347; x_wconf 83' lang='lat' dir='ltr'><strong>animae</strong></span> <span class='ocrx_word' id='word_1_547' title='bbox 3345 4294 3591 4350; x_wconf 61' lang='lat' dir='ltr'><strong>laborum</strong></span> 
     </span>
    </p>
   </div>
   <div class='ocr_carea' id='block_1_78' title="bbox 2028 4394 2220 4438">
    <p class='ocr_par' dir='ltr' id='par_1_78' title="bbox 2028 4394 2220 4438">
     <span class='ocr_line' id='line_1_78' title="bbox 2028 4394 2220 4438; baseline 0 0"><span class='ocrx_word' id='word_1_548' title='bbox 2028 4394 2220 4438; x_wconf 85' lang='lat' dir='ltr'><strong>mater.</strong></span> 
     </span>
    </p>
   </div>
   <div class='ocr_carea' id='block_1_79' title="bbox 2355 4493 3238 4561">
    <p class='ocr_par' dir='ltr' id='par_1_79' title="bbox 2355 4493 3238 4561">
     <span class='ocr_line' id='line_1_79' title="bbox 2355 4493 3238 4561; baseline 0.005 -14"><span class='ocrx_word' id='word_1_549' title='bbox 2355 4493 2633 4561; x_wconf 81' lang='lat' dir='ltr'><strong>Quomodo</strong></span> <span class='ocrx_word' id='word_1_550' title='bbox 2663 4493 2938 4548; x_wconf 79' lang='lat' dir='ltr'><strong>recitanda</strong></span> <span class='ocrx_word' id='word_1_551' title='bbox 2956 4494 3026 4548; x_wconf 77' lang='lat' dir='ltr'><strong>sit</strong></span> <span class='ocrx_word' id='word_1_552' title='bbox 3043 4495 3238 4551; x_wconf 79' lang='lat' dir='ltr'><strong>oratio.</strong></span> 
     </span>
    </p>
   </div>
   <div class='ocr_carea' id='block_1_80' title="bbox 2098 4585 3593 4658">
    <p class='ocr_par' dir='ltr' id='par_1_80' title="bbox 2098 4585 3593 4658">
     <span class='ocr_line' id='line_1_80' title="bbox 2098 4585 3593 4658; baseline 0 -15"><span class='ocrx_word' id='word_1_553' title='bbox 2098 4588 2191 4644; x_wconf 84' lang='lat' dir='ltr'><strong>Sic</strong></span> <span class='ocrx_word' id='word_1_554' title='bbox 2223 4587 2483 4642; x_wconf 79' lang='lat' dir='ltr'><strong>dicebant</strong></span> <span class='ocrx_word' id='word_1_555' title='bbox 2533 4585 2726 4642; x_wconf 86' lang='lat' dir='ltr'><strong>Patres</strong></span> <span class='ocrx_word' id='word_1_556' title='bbox 2757 4602 2776 4652; x_wconf 91' lang='lat'><strong><em>;</em></strong></span> <span class='ocrx_word' id='word_1_557' title='bbox 2807 4587 2947 4643; x_wconf 84' lang='lat' dir='ltr'><strong>alius</strong></span> <span class='ocrx_word' id='word_1_558' title='bbox 3014 4589 3235 4658; x_wconf 84' lang='lat' dir='ltr'><strong>quidem</strong></span> <span class='ocrx_word' id='word_1_559' title='bbox 3266 4605 3281 4644; x_wconf 88' lang='lat'><strong>:</strong></span> <span class='ocrx_word' id='word_1_560' title='bbox 3314 4607 3333 4640; x_wconf 75' lang='grc' dir='ltr'>ι</span> <span class='ocrx_word' id='word_1_561' title='bbox 3365 4587 3593 4643; x_wconf 88' lang='lat' dir='ltr'><strong>Domine</strong></span> 
     </span>
    </p>
   </div>
   <div class='ocr_carea' id='block_1_81' title="bbox 2027 4673 3596 4746">
    <p class='ocr_par' dir='ltr' id='par_1_81' title="bbox 2027 4673 3596 4746">
     <span class='ocr_line' id='line_1_81' title="bbox 2027 4673 3596 4746; baseline -0.001 -14"><span class='ocrx_word' id='word_1_562' title='bbox 2027 4675 2156 4733; x_wconf 85' lang='lat' dir='ltr'><strong>Jesu</strong></span> <span class='ocrx_word' id='word_1_563' title='bbox 2209 4676 2459 4740; x_wconf 82' lang='lat' dir='ltr'><strong>Christe,</strong></span> <span class='ocrx_word' id='word_1_564' title='bbox 2482 4673 2584 4729; x_wconf 85' lang='lat' dir='ltr'><strong>Fili</strong></span> <span class='ocrx_word' id='word_1_565' title='bbox 2606 4675 2722 4741; x_wconf 89' lang='lat' dir='ltr'><strong>Dei,</strong></span> <span class='ocrx_word' id='word_1_566' title='bbox 2759 4676 3022 4731; x_wconf 88' lang='lat' dir='ltr'><strong>miserere</strong></span> <span class='ocrx_word' id='word_1_567' title='bbox 3056 4677 3183 4743; x_wconf 88' lang='lat' dir='ltr'><strong>mei,</strong></span> <span class='ocrx_word' id='word_1_568' title='bbox 3222 4695 3242 4727; x_wconf 75' lang='grc' dir='ltr'>ι</span> <span class='ocrx_word' id='word_1_569' title='bbox 3278 4679 3552 4746; x_wconf 84' lang='lat' dir='ltr'><strong>integrum</strong></span> <span class='ocrx_word' id='word_1_570' title='bbox 3582 4695 3596 4743; x_wconf 91' lang='lat'><strong>;</strong></span> 
     </span>
    </p>
   </div>
   <div class='ocr_carea' id='block_1_82' title="bbox 2029 4766 3599 4835">
    <p class='ocr_par' dir='ltr' id='par_1_82' title="bbox 2029 4766 3599 4835">
     <span class='ocr_line' id='line_1_82' title="bbox 2029 4766 3599 4835; baseline 0.001 -13"><span class='ocrx_word' id='word_1_571' title='bbox 2029 4769 2122 4822; x_wconf 79' lang='lat' dir='ltr'><strong>alii</strong></span> <span class='ocrx_word' id='word_1_572' title='bbox 2152 4782 2282 4824; x_wconf 85' lang='lat' dir='ltr'><strong>vero</strong></span> <span class='ocrx_word' id='word_1_573' title='bbox 2309 4767 2592 4822; x_wconf 86' lang='lat' dir='ltr'><strong>dimidium</strong></span> <span class='ocrx_word' id='word_1_574' title='bbox 2627 4767 2732 4823; x_wconf 85' lang='lat' dir='ltr'><strong>hoc</strong></span> <span class='ocrx_word' id='word_1_575' title='bbox 2761 4782 2778 4821; x_wconf 91' lang='lat'><strong>:</strong></span> <span class='ocrx_word' id='word_1_576' title='bbox 2817 4785 2836 4818; x_wconf 81' lang='grc' dir='ltr'>ι</span> <span class='ocrx_word' id='word_1_577' title='bbox 2885 4766 3038 4833; x_wconf 67' lang='lat' dir='ltr'><strong>Iesu,</strong></span> <span class='ocrx_word' id='word_1_578' title='bbox 3071 4767 3169 4821; x_wconf 86' lang='lat' dir='ltr'><strong>Fili</strong></span> <span class='ocrx_word' id='word_1_579' title='bbox 3223 4767 3342 4835; x_wconf 86' lang='lat' dir='ltr'><strong>Dei,</strong></span> <span class='ocrx_word' id='word_1_580' title='bbox 3370 4771 3599 4824; x_wconf 81' lang='lat' dir='ltr'><strong>misere—</strong></span> 
     </span>
    </p>
   </div>
   <div class='ocr_carea' id='block_1_83' title="bbox 2034 4862 3600 4930">
    <p class='ocr_par' dir='ltr' id='par_1_83' title="bbox 2034 4862 3600 4930">
     <span class='ocr_line' id='line_1_83' title="bbox 2034 4862 3600 4930; baseline 0.003 -16"><span class='ocrx_word' id='word_1_581' title='bbox 2034 4875 2092 4915; x_wconf 90' lang='lat' dir='ltr'><strong>re</strong></span> <span class='ocrx_word' id='word_1_582' title='bbox 2126 4863 2252 4917; x_wconf 87' lang='lat' dir='ltr'><strong>mei.</strong></span> <span class='ocrx_word' id='word_1_583' title='bbox 2275 4879 2296 4913; x_wconf 74' lang='grc' dir='ltr'>ι</span> <span class='ocrx_word' id='word_1_584' title='bbox 2328 4862 2483 4928; x_wconf 85' lang='lat' dir='ltr'><strong>Quod</strong></span> <span class='ocrx_word' id='word_1_585' title='bbox 2505 4862 2723 4918; x_wconf 78' lang='lat' dir='ltr'><strong>facilius</strong></span> <span class='ocrx_word' id='word_1_586' title='bbox 2757 4871 2845 4920; x_wconf 89' lang='lat' dir='ltr'><strong>est</strong></span> <span class='ocrx_word' id='word_1_587' title='bbox 2870 4871 3097 4930; x_wconf 82' lang='lat' dir='ltr'><strong>propter</strong></span> <span class='ocrx_word' id='word_1_588' title='bbox 3121 4862 3322 4918; x_wconf 85' lang='lat' dir='ltr'><strong>mentis</strong></span> <span class='ocrx_word' id='word_1_589' title='bbox 3356 4865 3600 4918; x_wconf 52' lang='lat' dir='ltr'><strong>imbecil-</strong></span> 
     </span>
    </p>
   </div>
   <div class='ocr_carea' id='block_1_84' title="bbox 2034 4953 3601 5027">
    <p class='ocr_par' dir='ltr' id='par_1_84' title="bbox 2034 4953 3601 5027">
     <span class='ocr_line' id='line_1_84' title="bbox 2034 4953 3601 5027; baseline 0.003 -18"><span class='ocrx_word' id='word_1_590' title='bbox 2034 4955 2265 5009; x_wconf 88' lang='lat' dir='ltr'><strong>litatent.</strong></span> <span class='ocrx_word' id='word_1_591' title='bbox 2294 4953 2412 5010; x_wconf 83' lang='lat' dir='ltr'><strong>Non</strong></span> <span class='ocrx_word' id='word_1_592' title='bbox 2447 4958 2592 5011; x_wconf 87' lang='lat' dir='ltr'><strong>enim</strong></span> <span class='ocrx_word' id='word_1_593' title='bbox 2621 4965 2804 5027; x_wconf 77' lang='lat' dir='ltr'><strong>potest</strong></span> <span class='ocrx_word' id='word_1_594' title='bbox 2842 4972 2874 5010; x_wconf 87' lang='lat' dir='ltr'><strong>a</strong></span> <span class='ocrx_word' id='word_1_595' title='bbox 2906 4957 3082 5024; x_wconf 87' lang='lat' dir='ltr'><strong>seipsa</strong></span> <span class='ocrx_word' id='word_1_596' title='bbox 3108 4957 3344 5012; x_wconf 88' lang='lat' dir='ltr'><strong>interius</strong></span> <span class='ocrx_word' id='word_1_597' title='bbox 3395 4957 3601 5027; x_wconf 88' lang='lat' dir='ltr'><strong>absque</strong></span> 
     </span>
    </p>
   </div>
   <div class='ocr_carea' id='block_1_85' title="bbox 2035 5042 3602 5116">
    <p class='ocr_par' dir='ltr' id='par_1_85' title="bbox 2035 5042 3602 5116">
     <span class='ocr_line' id='line_1_85' title="bbox 2035 5042 3602 5116; baseline 0.004 -20"><span class='ocrx_word' id='word_1_598' title='bbox 2035 5042 2241 5112; x_wconf 84' lang='lat' dir='ltr'><strong>Spiritu</strong></span> <span class='ocrx_word' id='word_1_599' title='bbox 2269 5044 2383 5100; x_wconf 82' lang='lat' dir='ltr'><strong>sola</strong></span> <span class='ocrx_word' id='word_1_600' title='bbox 2438 5045 2650 5114; x_wconf 87' lang='lat' dir='ltr'><strong>dicere,</strong></span> <span class='ocrx_word' id='word_1_601' title='bbox 2704 5047 2963 5102; x_wconf 87' lang='lat' dir='ltr'><strong>Dominus</strong></span> <span class='ocrx_word' id='word_1_602' title='bbox 2999 5047 3184 5112; x_wconf 84' lang='lat' dir='ltr'><strong>Jesus,</strong></span> <span class='ocrx_word' id='word_1_603' title='bbox 3241 5062 3340 5102; x_wconf 88' lang='lat' dir='ltr'><strong>nec</strong></span> <span class='ocrx_word' id='word_1_604' title='bbox 3370 5063 3505 5116; x_wconf 86' lang='lat' dir='ltr'><strong>pure</strong></span> <span class='ocrx_word' id='word_1_605' title='bbox 3539 5065 3602 5102; x_wconf 89' lang='lat' dir='ltr'><strong>ac</strong></span> 
     </span>
    </p>
   </div>
   <div class='ocr_carea' id='block_1_86' title="bbox 2037 5135 3605 5206">
    <p class='ocr_par' dir='ltr' id='par_1_86' title="bbox 2037 5135 3605 5206">
     <span class='ocr_line' id='line_1_86' title="bbox 2037 5135 3605 5206; baseline 0.003 -16"><span class='ocrx_word' id='word_1_606' title='bbox 2037 5135 2279 5204; x_wconf 78' lang='lat' dir='ltr'><strong>perfecte</strong></span> <span class='ocrx_word' id='word_1_607' title='bbox 2302 5137 2408 5192; x_wconf 85' lang='lat' dir='ltr'><strong>nisi</strong></span> <span class='ocrx_word' id='word_1_608' title='bbox 2435 5139 2487 5192; x_wconf 93' lang='lat' dir='ltr'><strong>in</strong></span> <span class='ocrx_word' id='word_1_609' title='bbox 2521 5138 2730 5206; x_wconf 85' lang='lat' dir='ltr'><strong>Spiritu</strong></span> <span class='ocrx_word' id='word_1_610' title='bbox 2756 5149 2968 5202; x_wconf 87' lang='lat' dir='ltr'><strong>saneto,</strong></span> <span class='ocrx_word' id='word_1_611' title='bbox 3003 5141 3096 5194; x_wconf 80' lang='lat' dir='ltr'><strong>sed</strong></span> <span class='ocrx_word' id='word_1_612' title='bbox 3125 5149 3182 5194; x_wconf 90' lang='lat' dir='ltr'><strong>ut</strong></span> <span class='ocrx_word' id='word_1_613' title='bbox 3215 5139 3396 5194; x_wconf 82' lang='lat' dir='ltr'><strong>iulans</strong></span> <span class='ocrx_word' id='word_1_614' title='bbox 3416 5141 3605 5195; x_wconf 77' lang='lat' dir='ltr'><strong>adhuc</strong></span> 
     </span>
    </p>
   </div>
   <div class='ocr_carea' id='block_1_87' title="bbox 2037 5227 3604 5299">
    <p class='ocr_par' dir='ltr' id='par_1_87' title="bbox 2037 5227 3604 5299">
     <span class='ocr_line' id='line_1_87' title="bbox 2037 5227 3604 5299; baseline 0.003 -19"><span class='ocrx_word' id='word_1_615' title='bbox 2037 5227 2343 5283; x_wconf 81' lang='lat' dir='ltr'><strong>balbutiens</strong></span> <span class='ocrx_word' id='word_1_616' title='bbox 2369 5230 2462 5282; x_wconf 90' lang='lat' dir='ltr'><strong>illa</strong></span> <span class='ocrx_word' id='word_1_617' title='bbox 2512 5229 2686 5290; x_wconf 76' lang='lat' dir='ltr'><strong>verba</strong></span> <span class='ocrx_word' id='word_1_618' title='bbox 2741 5229 3074 5285; x_wconf 84' lang='lat' dir='ltr'><strong>articulatim</strong></span> <span class='ocrx_word' id='word_1_619' title='bbox 3109 5232 3470 5299; x_wconf 87' lang='lat' dir='ltr'><strong>pronuntiare</strong></span> <span class='ocrx_word' id='word_1_620' title='bbox 3502 5245 3604 5284; x_wconf 89' lang='lat' dir='ltr'><strong>ne-</strong></span> 
     </span>
    </p>
   </div>
   <div class='ocr_carea' id='block_1_88' title="bbox 2039 5320 3607 5392">
    <p class='ocr_par' dir='ltr' id='par_1_88' title="bbox 2039 5320 3607 5392">
     <span class='ocr_line' id='line_1_88' title="bbox 2039 5320 3607 5392; baseline 0.003 -19"><span class='ocrx_word' id='word_1_621' title='bbox 2039 5322 2181 5390; x_wconf 88' lang='lat' dir='ltr'><strong>quit.</strong></span> <span class='ocrx_word' id='word_1_622' title='bbox 2215 5320 2325 5376; x_wconf 83' lang='lat' dir='ltr'><strong>Nec</strong></span> <span class='ocrx_word' id='word_1_623' title='bbox 2375 5330 2594 5389; x_wconf 80' lang='lat' dir='ltr'><strong>Oportet</strong></span> <span class='ocrx_word' id='word_1_624' title='bbox 2644 5323 2842 5378; x_wconf 87' lang='lat' dir='ltr'><strong>crebro</strong></span> <span class='ocrx_word' id='word_1_625' title='bbox 2873 5323 3243 5379; x_wconf 74' lang='lat' dir='ltr'><strong>invocationis</strong></span> <span class='ocrx_word' id='word_1_626' title='bbox 3289 5337 3450 5378; x_wconf 87' lang='lat' dir='ltr'><strong>voces</strong></span> <span class='ocrx_word' id='word_1_627' title='bbox 3485 5340 3607 5392; x_wconf 87' lang='lat' dir='ltr'><strong>per-</strong></span> 
     </span>
    </p>
   </div>
   <div class='ocr_carea' id='block_1_89' title="bbox 2042 5413 3602 5484">
    <p class='ocr_par' dir='ltr' id='par_1_89' title="bbox 2042 5413 3602 5484">
     <span class='ocr_line' id='line_1_89' title="bbox 2042 5413 3602 5484; baseline 0.003 -20"><span class='ocrx_word' id='word_1_628' title='bbox 2042 5413 2410 5476; x_wconf 65' lang='lat' dir='ltr'><strong>mutare,sed</strong></span> <span class='ocrx_word' id='word_1_629' title='bbox 2449 5413 2596 5468; x_wconf 86' lang='lat' dir='ltr'><strong>lente</strong></span> <span class='ocrx_word' id='word_1_630' title='bbox 2621 5427 2685 5468; x_wconf 89' lang='lat' dir='ltr'><strong>ac</strong></span> <span class='ocrx_word' id='word_1_631' title='bbox 2747 5417 3008 5483; x_wconf 88' lang='lat' dir='ltr'><strong>perpetim</strong></span> <span class='ocrx_word' id='word_1_632' title='bbox 3065 5417 3318 5470; x_wconf 88' lang='lat' dir='ltr'><strong>recitare.</strong></span> <span class='ocrx_word' id='word_1_633' title='bbox 3354 5415 3602 5484; x_wconf 86' lang='lat' dir='ltr'><strong>Insuper,</strong></span> 
     </span>
    </p>
   </div>
   <div class='ocr_carea' id='block_1_90' title="bbox 2044 5505 3607 5577">
    <p class='ocr_par' dir='ltr' id='par_1_90' title="bbox 2044 5505 3607 5577">
     <span class='ocr_line' id='line_1_90' title="bbox 2044 5505 3607 5577; baseline 0.004 -21"><span class='ocrx_word' id='word_1_634' title='bbox 2044 5505 2134 5558; x_wconf 90' lang='lat' dir='ltr'><strong>alii</strong></span> <span class='ocrx_word' id='word_1_635' title='bbox 2163 5520 2278 5570; x_wconf 87' lang='lat' dir='ltr'><strong>ore,</strong></span> <span class='ocrx_word' id='word_1_636' title='bbox 2311 5505 2404 5559; x_wconf 86' lang='lat' dir='ltr'><strong>alii</strong></span> <span class='ocrx_word' id='word_1_637' title='bbox 2451 5515 2632 5560; x_wconf 87' lang='lat' dir='ltr'><strong>mente</strong></span> <span class='ocrx_word' id='word_1_638' title='bbox 2671 5505 2819 5560; x_wconf 86' lang='lat' dir='ltr'><strong>illam</strong></span> <span class='ocrx_word' id='word_1_639' title='bbox 2869 5507 3103 5562; x_wconf 89' lang='lat' dir='ltr'><strong>recitare</strong></span> <span class='ocrx_word' id='word_1_640' title='bbox 3130 5509 3346 5562; x_wconf 90' lang='lat' dir='ltr'><strong>docent.</strong></span> <span class='ocrx_word' id='word_1_641' title='bbox 3405 5508 3477 5560; x_wconf 85' lang='lat' dir='ltr'><strong>At</strong></span> <span class='ocrx_word' id='word_1_642' title='bbox 3507 5521 3607 5577; x_wconf 90' lang='lat' dir='ltr'><strong>ego</strong></span> 
     </span>
    </p>
   </div>
   <div class='ocr_carea' id='block_1_91' title="bbox 2046 5597 3604 5665">
    <p class='ocr_par' dir='ltr' id='par_1_91' title="bbox 2046 5597 3604 5665">
     <span class='ocr_line' id='line_1_91' title="bbox 2046 5597 3604 5665; baseline 0.003 -16"><span class='ocrx_word' id='word_1_643' title='bbox 2046 5606 2336 5664; x_wconf 87' lang='lat' dir='ltr'><strong>utrumque</strong></span> <span class='ocrx_word' id='word_1_644' title='bbox 2363 5598 2588 5651; x_wconf 89' lang='lat' dir='ltr'><strong>suadeo.</strong></span> <span class='ocrx_word' id='word_1_645' title='bbox 2627 5597 2758 5651; x_wconf 82' lang='lat' dir='ltr'><strong>Nam</strong></span> <span class='ocrx_word' id='word_1_646' title='bbox 2794 5599 3073 5655; x_wconf 87' lang='lat' dir='ltr'><strong>interdum</strong></span> <span class='ocrx_word' id='word_1_647' title='bbox 3107 5614 3280 5665; x_wconf 79' lang='lat' dir='ltr'><strong>mens,</strong></span> <span class='ocrx_word' id='word_1_648' title='bbox 3334 5600 3604 5654; x_wconf 84' lang='lat' dir='ltr'><strong>interdum</strong></span> 
     </span>
    </p>
   </div>
   <div class='ocr_carea' id='block_1_92' title="bbox 2047 5691 3609 5764">
    <p class='ocr_par' dir='ltr' id='par_1_92' title="bbox 2047 5691 3609 5764">
     <span class='ocr_line' id='line_1_92' title="bbox 2047 5691 3609 5764; baseline 0.004 -22"><span class='ocrx_word' id='word_1_649' title='bbox 2047 5705 2105 5744; x_wconf 85' lang='lat' dir='ltr'><strong>ns</strong></span> <span class='ocrx_word' id='word_1_650' title='bbox 2134 5705 2242 5759; x_wconf 84' lang='lat' dir='ltr'><strong>prae</strong></span> <span class='ocrx_word' id='word_1_651' title='bbox 2276 5691 2464 5746; x_wconf 83' lang='lat' dir='ltr'><strong>accdia</strong></span> <span class='ocrx_word' id='word_1_652' title='bbox 2520 5691 2748 5748; x_wconf 83' lang='lat' dir='ltr'><strong>recitare</strong></span> <span class='ocrx_word' id='word_1_653' title='bbox 2789 5707 2893 5748; x_wconf 90' lang='lat' dir='ltr'><strong>non</strong></span> <span class='ocrx_word' id='word_1_654' title='bbox 2933 5694 3097 5748; x_wconf 84' lang='lat' dir='ltr'><strong>valet.</strong></span> <span class='ocrx_word' id='word_1_655' title='bbox 3128 5693 3420 5764; x_wconf 86' lang='lat' dir='ltr'><strong>Propterea</strong></span> <span class='ocrx_word' id='word_1_656' title='bbox 3455 5704 3609 5750; x_wconf 88' lang='lat' dir='ltr'><strong>utro-</strong></span> 
     </span>
    </p>
   </div>
  </div>
