4122 6322
617 408 748 474 1331

1838 390 2217 464 GREGORH

2294 391 2630 459 SINAITAt
3702 378 3836 440 137-2

617 540 720 596 que
744 523 906 578 modo
933 535 1094 576 orare
1124 527 1359 590 oportet,
1392 532 1486 571 ore
1518 529 1580 570 ac
1612 523 1812 570 meme.
1848 514 2179 582 Caeteroquin

2291 512 2471 580 λέγειν
2529 510 2794 582 ακηδιῶν,
2844 508 2971 561 ποτὲ
3014 507 3073 561 δέ
3100 505 3162 560 τὸ
3214 501 3410 570 στόμα.
3471 503 3572 556 Διά
3606 501 3760 586 τοῦτο
3801 505 3854 555 ἐν

618 617 911 686 tranquille
942 623 996 668 et
1025 613 1422 680 imperturbate
1443 606 1789 663 clamandum
1826 617 1930 670 est,
1959 620 2028 659 ne
2055 621 2176 660 sen-

618 725 738 764 sum
765 706 1231 772 attentionemque
1263 702 1459 755 mentis
1480 715 1582 758 vox
1610 699 1791 753 turbet
1814 714 1876 751 ac
1899 698 2176 766 impediat,

617 803 793 857 donec
825 813 976 852 mens
1004 797 1153 866 operi
1189 803 1406 848 assueta
1439 793 1684 861 proficiat
1716 801 1769 845 et
1797 791 1939 844 vires
1968 805 1996 844 ο
2021 789 2181 855 Spiri-

620 903 674 946 tu
716 891 947 958 accipiat
1005 888 1068 939 ad
1099 887 1307 952 integre
1337 890 1392 936 et
1445 881 1619 934 valide
1680 882 1966 936 orandum.
2026 877 2180 931 Tunc

617 984 760 1039 enim
798 996 900 1034 non
934 978 1137 1046 indiget
1162 975 1275 1029 oris
1311 974 1551 1043 loquela,
1584 974 1693 1026 imo
1733 987 1830 1026 nec
1864 979 2062 1039 potest.
2095 981 2182 1022 so-

617 1077 670 1129 lo
696 1074 974 1129 intellectu
1015 1068 1150 1122 satis
1177 1078 1465 1136 occupata,
1495 1074 1661 1118 tutum
1699 1063 1876 1117 facere
1915 1074 2072 1128 opus.

2294 581 2633 674 ἀμφοτέροις
2657 602 2736 654 δεῖ
2764 599 3181 670 προσεύχεσθαι,
3216 597 3310 650 καὶ
3339 596 3589 665 στόματι.
3627 597 3720 648 καὶ
3754 581 3852 648 νοῒ.

2297 693 2443 765 Πλὴν
2473 692 2692 761 ἡσύχως
2721 693 2812 744 καὶ
2839 689 3129 760 ἀταράχως
3155 689 3237 740 δεῖ
3264 685 3511 757 κράζειν,
3543 686 3630 738 ἵνα
3665 686 3739 755 μὴ
3766 686 3857 754 τὴν

2296 785 2566 854 αἴσθησιν,
2589 785 2683 834 καὶ
2701 781 2799 851 τὴν
2819 779 3089 850 προσοχὴν
3117 777 3210 830 τοῦ
3238 776 3329 828 νοῦ
3351 779 3384 845 ἡ
3421 774 3574 843 φωνὴ
3609 775 3859 843 συγχέου-

2298 890 2389 940 σα,
2413 870 2757 942 ἐμποδίζοιτο
2776 884 2788 898 ·
2821 867 3014 937 μέχρις
3049 867 3113 919 ἂν
3138 868 3166 918 6
3190 864 3336 927 νοῦς,
3361 865 3548 925 ἐθίσας
3580 866 3638 915 ἐν
3669 863 3746 932 τῷ
3776 864 3863 933 ἕρ-

2297 981 2401 1034 γῳ,
2429 961 2714 1033 προκόψοι,
2737 958 2833 1011 καὶ
2875 955 3280 1026 δύναμινλάϐοι
3319 955 3473 1024 παρὰ
3491 953 3586 1006 τοῦ
3617 955 3861 1021 Πνεῦμα-

2299 1073 2413 1118 τος,
2449 1057 2529 1116 είς
2553 1053 2612 1106 τὸ
2631 1052 2832 1118 ὁλικῶς
2873 1051 2970 1107 καὶ
2998 1050 3272 1122 κραταιῶς
3299 1047 3574 1118 εὔχεσθαι.
3611 1046 3747 1098 Τότε
3767 1049 3860 1115 γὰρ

587 1167 674 1215 ὀύ
702 1166 894 1236 χρῄζει
925 1163 1107 1217 λαλεῖν
1135 1163 1224 1218 διὰ
1254 1165 1546 1235 στόματος,
1572 1164 1693 1217 οὐδὲ
1725 1165 1833 1232 γὰρ
1859 1164 2106 1225 δύναται,
2143 1147 2482 1234 ἀρκούμενος
2507 1151 2670 1220 μόνον
2698 1149 2778 1219 τῷ
2805 1147 2891 1204 νοτ
2914 1148 3221 1218 ὁλόκληρον
3256 1146 3529 1199 ποιεῖσθαι
3557 1143 3658 1214 τὴν
3695 1145 3848 1214 ἔργα·

615 1262 758 1315 σίαν.

831 1339 1104 1407 Quomodo
1150 1350 1388 1410 oporteat
1436 1349 1664 1395 mentem
1715 1340 1975 1393 cohibere.

689 1456 839 1510 Scito
870 1457 1142 1510 neminem
1170 1471 1199 1509 a
1236 1455 1528 1524 semetipso
1579 1468 1738 1524 posse
1785 1453 2003 1507 frenare
2029 1465 2184 1505 men-

621 1559 756 1613 tem,
799 1549 900 1601 nisi
932 1550 1048 1616 ipse
1070 1548 1361 1602 frenetnra
1389 1548 1583 1617 spiritu
1616 1548 1863 1601 :infrena
1907 1545 2049 1599 enim
2076 1553 2181 1607 est,

552 1651 556 1655 '
617 1655 722 1694 non
779 1649 970 1694 natura
1023 1650 1205 1706 utpote
1257 1655 1472 1709 semper
1527 1637 1786 1703 mobilis;,
1828 1636 1924 1691 sed
1960 1635 2081 1703 quia
2113 1635 2184 1686 ob

620 1733 887 1786 incuriam
918 1731 1198 1801 agitationi
1227 1741 1507 1795 consueta,
1536 1732 1601 1783 ab
1623 1730 1775 1783 initio
1805 1729 1956 1781 freno
1985 1727 2186 1781 desue-

615 1824 712 1877 vit.
747 1822 955 1892 Quippe
987 1821 1360 1879 mandatorum
1391 1820 1784 1887 regeneratoris
1810 1819 1979 1873 nostri
2011 1827 2186 1870 trans-

589 1911 908 1983 gressione,
969 1929 998 1966 a
1051 1913 1160 1966 Deo
1244 1912 1481 1980 separati
1535 1926 1750 1971 smnus,
1806 1923 1967 1963 sensu
2021 1907 2187 1961 intel-

615 2004 910 2058 lectualem
978 2003 1094 2072 ejus
1143 2018 1363 2057 sensum
1417 2013 1472 2055 et
1535 2002 1790 2054 unionem
1826 1999 2002 2052 exuti.
2058 1998 2188 2052 Inde

613 2099 758 2153 enim
781 2097 998 2165 delapsa
1033 2113 1208 2161 mens,
1241 2106 1297 2150 et
1326 2112 1352 2148 a
1393 2095 1500 2148 Deo
1526 2105 1798 2163 separata,
1863 2107 2188 2160 quocunque

612 2193 789 2262 agitur
819 2201 876 2244 ut
916 2191 1147 2260 captiva,
1205 2205 1307 2244 nec
1342 2199 1523 2256 potest
1559 2188 1718 2240 aliter
1769 2187 1984 2249 sistere,
2019 2200 2188 2253 quant

613 2283 659 2336 si
694 2281 802 2335 Deo
829 2280 1067 2342 obediat,
1123 2287 1178 2333 et
1241 2285 1347 2332 stet
1396 2277 1538 2343 apud
1569 2291 1716 2340 eum,
1762 2277 1919 2343 eique
1971 2277 2191 2328 uniatur

610 2389 732 2428 cum
765 2372 971 2433 hetitia,
1019 2379 1074 2425 et
1116 2381 1366 2438 precetur
1398 2385 1524 2422 eum
1559 2369 1778 2421 assidue
1814 2381 1877 2420 ac
1928 2358 2186 2435 perseve~4

615 2475 816 2528 ranter,
843 2477 899 2519 et
919 2466 968 2518 ei
997 2463 1304 2516 tnentaiiter
1333 2463 1661 2515 confiteatur
1684 2458 1930 2528 quotidie
1963 2459 2178 2528 qiuevis

611 2569 832 2628 peccata
877 2555 1008 2624 :qui
1063 2555 1242 2608 omnia
1293 2555 1474 2606 statim
1529 2551 1761 2623 ignoscit
1816 2551 2019 2618 bisqui
2059 2564 2183 2603 cum

613 2649 924 2702 humilitate
989 2659 1054 2700 ac
1117 2645 1453 2700 contritione
1505 2653 1719 2713 petunt,
1755 2655 1920 2712 atque
1969 2658 2187 2712 semper

618 2749 868 2792 sanctum
925 2737 1096 2806 ipsius
1147 2751 1344 2790 nomen
1408 2736 1709 2790 invocant:
1749 2756 1766 2786 ι
1822 2735 2184 2799 Conlitemini,

612 2830 807 2900 inquit,
833 2828 1082 2894 Domino,
1097 2839 1148 2882 et
1175 2828 1422 2883 invocate
1445 2844 1640 2883 nomen
1663 2839 1915 2882 sanctum
1945 2828 2066 2897 ejus
2097 2828 2178 2882 ί.»

608 2921 772 2989 Atqui
815 2919 1228 2986 respirationem
1289 2919 1613 2972 retrahendo
1643 2929 1695 2972 et
1718 2934 1781 2972 os
1809 2918 2180 2987 comprimeno

608 3015 679 3066 do
711 3013 1000 3066 cohibetur
1027 3026 1203 3076 mens,
1237 3010 1333 3064 sed
1370 3010 1564 3079 partim
1598 3020 1653 3064 et
1719 3012 1914 3064 iterum
1946 3012 2178 3079 dissipa-

611 3111 719 3154 tur.
747 3100 880 3155 Cum
918 3110 1096 3153 autem
1133 3100 1354 3154 advenit
1383 3103 1630 3168 operatio
1693 3102 1984 3165 orationis,
2048 3109 2178 3154 tunc

2490 1349 2628 1418 Περὶ
2667 1348 2775 1403 τοῦ
2801 1347 2928 1413 πῶς
2947 1347 3042 1401 δεῖ
3063 1351 3304 1416 κρατεῖν
3333 1353 3439 1404 τὸν
3466 1353 3640 1406 γοῦν.

2359 1459 2544 1521 Σύνες,
2568 1460 2648 1511 ὅτι
2684 1459 2856 1520 οὐδεὶς
2880 1457 3104 1511 δύναται
3132 1458 3224 1524 ἀφ’
3252 1460 3444 1512 ἐαυτοῦ
3473 1462 3746 1530 κρατῆσαι
3769 1465 3851 1517 τὸν

2287 1552 2431 1616 νοῦν,
2463 1553 2512 1604 εἰ
2543 1551 2618 1620 μὴ
2648 1549 2894 1620 κρατηθῇ
2922 1551 3072 1618 παρὰ
3097 1551 3191 1602 τοῦ
3230 1551 3546 1618 Πνεύματος
3568 1570 3580 1582 ·
3611 1556 3851 1624 ἀκρὰτη-

2288 1661 2380 1707 τος
2402 1645 2511 1712 γάρ
2557 1643 2726 1705 ἐστιν,
2770 1641 2831 1692 ού
2865 1640 3005 1694 κατὰ
3058 1641 3222 1710 φύσιν
3248 1641 3322 1704 ὡς
3373 1645 3706 1714 ἀεικίνητος,
3747 1649 3850 1699 ἀλλ’

2288 1736 2398 1790 ἀπὸ
2422 1737 2520 1805 τῆς
2542 1733 2802 1804 ἀμελείας
2845 1734 2942 1804 τὴν
2967 1735 3272 1804 περιφορὰν
3300 1737 3745 1804 οἰκειωσάμενος,
3764 1742 3855 1810 ἀρ-

2286 1834 2456 1904 χῆθεν
2479 1834 2558 1895 είς
2585 1831 2741 1886 τοῦτο
2763 1833 2965 1895 ἐθίσας.
2989 1833 3088 1884 Διά
3113 1833 3224 1901 γὰρ
3250 1831 3350 1900 τῆς
3383 1829 3490 1883 τῶν
3518 1831 3752 1882 ἐντολῶν
3768 1831 3854 1882 τοῦ

2287 1925 2752 1992 ἀναγεννήσαντος
2777 1925 2925 1993 ἡμᾶς
2958 1922 3345 1994 παραϐάσεως,
3391 1923 3455 1972 ἐκ
3498 1919 3634 1973 Θεοῦ
3669 1923 3859 1991 ἐχωρί-

2292 2003 2392 2073 σθη
2403 2020 2522 2073 μεν,
2539 2005 2639 2076 τὴν
2665 2008 2724 2061 ἐν
2737 2010 2986 2080 αίσθήσει
3007 2013 3201 2083 νοερὰν
3214 2012 3377 2067 αὑτοῦ
3393 2013 3649 2086 αἴσθησιν
3670 2035 3733 2071 τε
3772 2020 3861 2073 καὶ

2290 2094 2483 2148 ἕνωσιν
2545 2097 2933 2164 ἀπολέσαντες.
3003 2102 3244 2157 Ἐκεῖθεν
3294 2105 3401 2173 γὰρ
3443 2105 3799 2177 ἐξολισθήσας
3831 2112 3857 2161 6

2290 2188 2436 2250 νοῦς,
2470 2189 2678 2242 καὶτοῦ
2704 2191 2838 2244 Θεοῦ
2886 2195 3199 2263 χωρισθεὶς,
3234 2196 3512 2265 πανταχοῦ
3561 2199 3761 2265 ἄγεται
3786 2200 3854 2262 ὡς

2289 2280 2665 2348 αἰχμάλωτοςο
2693 2285 2788 2336 καὶ
2819 2285 2880 2336 οὐ
2913 2285 3137 2339 δυνατὸν
3181 2287 3357 2351 ἄλλως
3393 2289 3669 2353 ἵστασθαι,
3703 2293 3755 2343 εἰ
3787 2291 3853 2361 μὴ

2288 2366 2692 2440 Θεῷύποταγῇ,
2739 2372 2832 2425 καὶ
2864 2375 2963 2444 στῇ
3001 2374 3131 2446 παρ’
3158 2377 3346 2442 αὐτοῦ,
3383 2379 3478 2431 καὶ
3504 2380 3656 2449 αύτῷ
3688 2382 3854 2450 ἐνωθῇ

2290 2460 2411 2527 μετ’
2431 2459 2789 2532 εὐφροσύνης,
2815 2465 2909 2516 καὶ
2939 2465 3124 2535 δέηται
3150 2468 3315 2521 αὐτοῦ
3351 2470 3590 2539 συνεχῶς
3616 2472 3716 2524 καὶ
3749 2475 3859 2523 ἐπι-

2290 2551 2486 2621 μόνως,
2510 2553 2602 2606 καὶ
2634 2553 2810 2625 τούτῳ
2833 2555 3223 2627 ἐξομολογῆται
3250 2561 3372 2614 καθ’
3399 2562 3638 2630 ἑκάστην
3663 2565 3860 2631 νοερῶς
3893 2601 3902 2610 -

2286 2644 2387 2695 ὅσα
2410 2645 2695 2714 πταίομεν,
2724 2646 2784 2709 ὃς
2813 2649 2906 2700 κα)⁸
2949 2653 3224 2718 συγχωρεῖ
3268 2651 3449 2706 πάντα
3484 2654 3714 2722 εὐθέως,
3754 2659 3860 2719 τοῖς

2286 2734 2345 2785 ἐν
2373 2735 2699 2789 ταπεινώσει
2748 2738 2841 2790 καὶ
2877 2739 2934 2790 ἐν
2964 2741 3225 2812 συντριϐῇ
3257 2743 3494 2806 αἰτοῦσι,
3552 2746 3648 2797 καὶ
3692 2747 3779 2799 ἀεὶ
3804 2749 3861 2798 τι

2284 2826 2455 2897 ὄνομα
2485 2829 2546 2881 τὸ
2579 2831 2734 2897 ἅγιον
2767 2829 2931 2882 αὑτοῦ
2987 2833 3458 2902 ἐπικαλουμένοις.
3500 2854 3519 2887 ι
3572 2836 3860 2908 Ἐξομολο-

2285 2917 2467 2984 γεῖσθε
2497 2919 2625 2991 γὰρ,
2682 2923 2836 2989 φησι,
2890 2922 2966 2992 τῷ
2994 2925 3205 2995 Κυρίῳ,
3266 2928 3361 2979 καὶ
3419 2928 3773 2982 ἐπικαλεῖσθε
3805 2930 3862 2982 τὸ

2283 3008 2453 3078 ὄνομα
2484 3011 2544 3062 τὸ
2579 3011 2731 3078 ἆγιον
2767 3014 2951 3067 αὑτοῦ.
2983 3034 3000 3066 ι
3045 3018 3206 3087 Καὶὴ
3241 3021 3492 3091 ἀναπθοὴ
3534 3021 3591 3074 δέ
3614 3023 3714 3074 τοῦ
3736 3025 3862 3076 ἀνα-

2297 3100 2552 3170 σπασμοῦ
2580 3104 2638 3155 ἐν
2659 3102 2736 3172 τῷ
2757 3107 3080 3174 συσφίγγειν
3101 3108 3161 3160 τὺ
3186 3110 3358 3178 στόμα
3379 3116 3574 3180 κρατεῖ
3595 3112 3685 3164 τὸν
3717 3113 3860 3177 νοῦν,

608 3209 739 3249 vere
781 3195 890 3247 haec
923 3192 1068 3245 illam
1123 3193 1324 3246 retinet
1385 3193 1436 3246 in
1487 3195 1688 3261 seipsa,
1739 3202 1792 3246 et
1839 3191 2094 3256 laetificat,
2128 3201 2179 3246 et

2285 3191 2419 3244 ἀλλὰ
2479 3194 2740 3262 μερικῶς,
2776 3197 2871 3248 καὶ
2911 3199 3072 3252 πάλιν
3124 3203 3557 3266 διασκεδάζεται.
3593 3206 3727 3259 Ὅτε
3773 3203 3863 3259 οῦν

606 3287 920 3356 captivitate
950 3286 1162 3340 eximit.
1198 3284 1508 3354 Aliquando
1544 3295 1726 3339 tamen
1773 3294 1952 3337 mente
1981 3292 2173 3337 orante

607 3393 664 3433 ct
702 3380 754 3432 itt
792 3379 957 3432 corde
989 3377 1253 3439 cohibita,
1287 3377 1544 3447 cogitatio
1601 3388 1886 3445 evagatur,
1917 3376 2009 3429 sed
2067 3390 2179 3429 nte-

608 3471 812 3526 ditans.
855 3467 922 3521 Et
946 3467 1062 3522 haec
1095 3467 1296 3521 nemini
1351 3467 1658 3534 subjicitur,
1697 3467 1802 3520 nisi
1833 3465 2091 3535 perfectis
2122 3467 2174 3518 in

609 3561 816 3630 Spiritu
874 3568 1060 3613 sancto
1086 3568 1140 3612 et
1195 3558 1602 3614 aberrationum
1659 3560 2000 3612 vacationem
2035 3558 2168 3612 ade-

607 3653 715 3721 ptis
743 3651 793 3705 in
821 3648 1041 3704 Christo
1073 3646 1226 3702 Jesu.
1323 3721 1327 3724 ρ

843 3932 1116 4000 Quomodo
1143 3932 1415 4001 ejiciendo:
1447 3935 1552 3988 sint
1577 3935 1939 4004 cogitationes.

677 4048 848 4105 Nemo
881 4064 1119 4119 unquam
1150 4049 1385 4105 novitius
1415 4049 1636 4120 expellit
1661 4051 2041 4120 cegitationes,
2072 4051 2179 4106 nisi

605 4146 746 4199 Deus
776 4159 870 4198 eas
901 4144 1102 4210 eiiciat.
1140 4144 1383 4199 Fortium
1417 4146 1561 4199 enim
1594 4155 1678 4198 est
1711 4157 1804 4198 eas
1847 4160 2088 4214 pugnare
2121 4155 2176 4197 et

601 4238 810 4308 fugare.
846 4238 958 4291 lmo
993 4252 1058 4290 ne
1100 4237 1151 4290 lti
1183 4237 1398 4304 quidem
1422 4236 1559 4301 illas
1584 4250 1616 4289 ιι
1643 4236 1951 4304 semetipsis
2003 4251 2180 4289 remo-

601 4340 750 4391 vent,
782 4329 874 4382 sed
907 4341 1032 4381 cum
1075 4325 1183 4379 Deo
1227 4327 1276 4378 in
1311 4325 1552 4394 pra-lium
1587 4335 1774 4380 contra
1819 4341 1915 4381 eas
1957 4341 2179 4380 moven-

563 4461 570 4464 .
601 4433 716 4485 tur,
752 4429 937 4487 utpote
971 4427 1305 4472 armaturam
1349 4418 1517 4486 ipsius
1550 4418 1745 4471 induti.
1776 4417 1854 4470 'l‘u
1884 4432 2012 4472 vero
2043 4418 2180 4472 insi-

2283 3286 2414 3356 ἔλθῃ
2437 3287 2470 3355 ἡ
2509 3287 2762 3357 ἐνέργεια
2815 3290 2913 3358 τῆς
2939 3293 3267 3362 προσευχῆς,
3304 3294 3427 3346 τότε
3462 3296 3665 3365 κυρίως
3729 3298 3862 3368 αῦτὴ

2284 3378 2478 3444 κρατεῖ
2531 3377 2694 3429 αὐτὸν
2727 3379 2857 3448 παρ’
2913 3382 3103 3452 ἑαυτῇ,
3163 3385 3253 3436 καὶ
3293 3385 3612 3454 εὐφραίνει,
3641 3390 3862 3455 καὶτῆς

2283 3466 2659 3535 αἰχμαλωσίας
2713 3469 2990 3540 ἀπείργει.
3044 3473 3193 3541 Πλὴν
3243 3473 3390 3527 ἐστιν
3454 3478 3544 3529 ὅτε
3594 3477 3692 3530 τοῦ
3748 3481 3862 3542 νοὸς

2283 3561 2740 3629 προσευχομένου,
2774 3565 2869 3616 καὶ
2898 3565 2958 3616 ἐν
2980 3565 3178 3636 καρδίᾳ
3213 3566 3526 3634 ἱσταμένου,
3560 3573 3653 3622 καὶ
3684 3574 3719 3640 ἡ
3754 3572 3862 3626 διὰ-

2283 3665 2400 3701 νοια
2427 3649 2713 3719 ῥέμϐεται,
2747 3653 2882 3707 ἄλλα
2912 3655 3213 3724 μελετῶσα.
3257 3658 3406 3728 Δῦτη
3433 3659 3492 3711 δὲ
3527 3661 3708 3715 οὐδενὶ
3735 3664 3861 3715 ὑπο-

2281 3743 2564 3805 τάσσεται,
2598 3746 2646 3796 εἰ
2681 3745 2755 3816 μὴ
2786 3749 2896 3808 τοῖς
2918 3748 3145 3811 τελείοις
3167 3752 3224 3804 ἐν
3251 3752 3527 3820 Πνεύματι
3565 3755 3734 3826 ἁγίῳ,
3757 3759 3862 3819 τοῖς

2282 3832 2344 3885 τὸ
2371 3832 2718 3904 ἀρέμὸαστον
2743 3838 3015 3906 φθάσασιν
3041 3842 3097 3892 ἐν
3129 3841 3355 3913 Χριστῷ
3385 3844 3589 3914 Ἰησοῦ.

2379 3947 2519 4015 Περὶ
2549 3948 2654 4002 τοῦ
2689 3949 2816 4014 πῶς
2846 3949 2946 4004 δεῖ
2969 3951 3204 4006 διώκειν
3233 3959 3374 4021 τοὺς
3402 3959 3765 4029 λογισμούς.

2356 4059 2430 4111 Ού
2457 4059 2641 4113 διώκει
2661 4061 2745 4125 τίς
2760 4080 2890 4116 ποτε
2910 4065 3170 4136 ἀρχάριος
3202 4067 3483 4138 λογισμὸν,
3504 4073 3553 4123 εἰ
3577 4074 3650 4142 μὴ
3681 4076 3711 4127 6
3735 4075 3859 4136 Θεὸς

2282 4149 2449 4223 διώξῃ
2474 4152 2658 4206 αὐτόν.
2698 4156 2818 4206 Τῶν
2844 4155 3086 4210 δυνατῶν
3112 4158 3219 4228 γάρ
3260 4160 3377 4212 ἐστι
3425 4160 3740 4231 πολεμῆσαι
3769 4166 3858 4216 καὶ

2281 4240 2470 4306 διῶξαι
2503 4243 2721 4308 αύτούς.
2762 4245 2922 4299 Ἀλλὰ
2946 4248 3041 4300 καὶ
3068 4241 3216 4302 οῦτοι
3254 4249 3353 4302 οὐκ
3385 4253 3481 4319 ἀφ’
3506 4255 3720 4309 ἑαυτῶν
3741 4255 3858 4308 διώο

2281 4351 2470 4389 κουσιν
2495 4339 2713 4402 αὐτοὺς,
2745 4340 2882 4394 ἀλλᾶ
2913 4341 3052 4409 μετά
3102 4344 3237 4397 Θεοῦ
3277 4347 3558 4402 κινοῦνται
3588 4353 3669 4414 είς
3706 4353 3857 4406 πόλει

2283 4443 2384 4495 μον
2414 4427 2552 4498 πρὸς
2596 4431 2817 4494 αὐτοὺς,
2873 4432 2949 4496 ὡς
2997 4435 3335 4506 ἐνδεδυμένοι
3397 4441 3499 4511 τὴν
3555 4445 3856 4497 πανοπλίαν

602 4513 861 4567 lientibus
911 4510 1354 4578 cogitationibus,
1405 4510 1596 4562 invoca
1658 4509 1942 4564 Dominum
1991 4511 2176 4566 .Iesum

2285 4520 2467 4576 αὐτοῦ.
2498 4523 2572 4574 Σὺ
2597 4523 2652 4576 δὲ
2683 4524 2994 4596 ἐρχομένων
3018 4528 3127 4581 τῶν
3156 4530 3452 4602 λογισμῶν,
3477 4536 3744 4590 ἐπικαλοῦ
3774 4539 3856 4590 τὸν

598 4603 792 4656 crebro
821 4609 876 4652 et
906 4607 1334 4666 perseveranter,
1357 4608 1412 4652 et
1431 4599 1760 4666 fugabuntur
1786 4615 1802 4664 ;
1825 4615 1927 4652 non
1952 4599 2186 4655 ferentes

599 4695 746 4747 enim
791 4692 1020 4745 inditum
1070 4706 1138 4744 ex
1188 4689 1435 4743 oratione
1481 4689 1632 4743 cordi
1683 4689 1974 4756 fervorem,
2026 4691 2179 4759 quasi

600 4785 728 4851 igne
780 4781 1077 4837 combusta:
1123 4780 1351 4846 fugient.
1384 4797 1402 4830 ι
1432 4779 1558 4834 Jesu
1594 4781 1831 4843 nomine,
1866 4782 2040 4850 inquit
2069 4783 2180 4836 Cli-

556 4901 567 4915 -
598 4891 747 4941 max,
781 4873 991 4944 ﬂagella
1020 4874 1226 4928 hostes.
1263 4891 1282 4924 ι
1317 4872 1506 4941 Itaque
1540 4873 1682 4927 Deus
1709 4885 1895 4928 noster
1925 4885 2009 4928 est
2037 4875 2176 4942 ignis

595 4981 916 5020 consumens
972 4965 1295 5033 nequitiam.
1331 4962 1624 5030 Promptus
1673 4964 1740 5017 ad
1777 4964 2035 5018 auxilium
2077 4965 2179 5017 Do-

593 5057 776 5112 minus
829 5068 1138 5126 promptam
1197 5055 1357 5109 faciet
1407 5055 1704 5108 vindietam
1755 5070 1943 5110 eorum
1981 5059 2072 5126 qui
2106 5064 2173 5111 ad

593 5149 792 5216 ipsum‘
817 5157 924 5202 tota
959 5147 1140 5200 anima
1179 5145 1268 5201 diu
1309 5155 1580 5213 noctuque
1609 5145 1866 5200 clamant.
1901 5145 2003 5212 Qui
2040 5163 2167 5201 vero

593 5254 701 5291 non
731 5237 893 5292 habet
922 5239 1296 5306 operationem
1331 5236 1616 5300 orationis,
1653 5235 1761 5290 alio
1803 5239 1964 5291 modo
1995 5237 2174 5291 fundit

593 5329 752 5394 illas,
794 5329 1029 5398 Moysem
1090 5330 1336 5384 imitans.
1385 5328 1462 5382 Eo
1512 5327 1655 5382 enim
1705 5338 1964 5395 surgente
2010 5336 2064 5383 et
2107 5331 2173 5383 ad

598 5421 795 5475 cmlum
847 5421 1061 5474 levante
1096 5412 1290 5474 manus
1325 5431 1380 5474 et
1409 5421 1618 5485 oculos,
1654 5419 1801 5489 fugat
1843 5423 1964 5475 illas
2009 5424 2172 5477 Deus.

595 5511 802 5566 Deinde
840 5527 1030 5567 rursus
1073 5513 1293 5573 sedens.
1323 5512 1512 5581 incipit
1550 5514 1855 5566 orationem
1885 5514 2175 5583 patienter.

593 5607 660 5659 Et
693 5607 793 5660 hoc
817 5605 975 5659 modo
1009 5607 1180 5660 utitur
1219 5606 1308 5673 qui
1346 5605 1583 5660 nondum
1616 5608 1816 5660 virtute
1849 5607 2015 5676 pollet
2047 5622 2171 5661 ora-

598 5696 784 5750 tionis.
849 5697 962 5750 lmo
1011 5707 1067 5750 et
1105 5698 1195 5764 qui
1247 5698 1405 5753 habet
1457 5699 1721 5754 orationis
1777 5699 2188 5772 operationem,’

663 5812 680 5844 '
721 5813 868 5868 Psai.
896 5828 1006 5896 cu",
1045 5815 1095 5876 l.

2282 4613 2490 4685 Κύριον
2532 4614 2740 4684 Ἰησοῦν
2764 4618 2969 4687 συχνῶς
3006 4619 3103 4672 καὶ
3145 4622 3450 4691 ἐπιμὸνως,
3497 4629 3593 4678 καὶ
3633 4629 3855 4695 cpe-550‘;-

2279 4716 2394 4756 ται⁶
2426 4704 2500 4773 μὴ
2530 4705 2789 4775 φέροντες
2819 4707 2927 4775 γάρ
2963 4707 3060 4777 τὴν
3108 4710 3174 4762 ἐκ
3203 4711 3301 4779 τῆς
3327 4715 3637 4784 προσευχῆς
3681 4717 3860 4770 ἀναδι-

2279 4792 2510 4862 δομένην
2548 4795 2850 4868 καρδιακὴν
2885 4797 3114 4868 θέρμην,
3149 4801 3224 4864 ὼς
3269 4803 3377 4855 ἀπὸ
3416 4808 3586 4875 πυρὸς
3624 4809 3854 4877 καιόμε-

2280 4901 2361 4936 νοι
2393 4885 2708 4954 φεύγουσιν.
2748 4889 2945 4958 Ἰησοῦ,
2983 4892 3147 4959 φησιν
3190 4894 3217 4944 6
3256 4894 3354 4964 τῆς
3403 4897 3712 4967 Κλίμακος,
3742 4902 3856 4952 ὀνο-

2283 4991 2412 5043 ματι
2471 4977 2698 5046 μάστιζε
2757 4979 3066 5050 πολεμίους.
3123 4985 3268 5036 Διότι
3305 4987 3333 5037 6
3366 4987 3498 5049 Θεὸς
3541 4990 3703 5059 ἡμῶν
3750 4993 3856 5060 πῦρ

2280 5068 2678 5121 καταναλίσκον
2706 5070 2822 5122 ἐστὶ
2844 5070 2944 5142 τὴν
2977 5071 3298 5143 μοχθηρίαν.
3343 5074 3402 5128 '0
3433 5083 3603 5147 ταχὺς
3625 5084 3704 5143 είς
3729 5081 3854 5151 βοή-

2280 5155 2431 5208 θειαν
2454 5157 2656 5226 Κύριος
2686 5159 2903 5228 ποιήσει
2943 5163 3042 5230 τὴν
3069 5163 3346 5231 ἐκδίκησιν
3376 5167 3583 5232 εὐθέως
3617 5171 3724 5223 τῶν
3742 5173 3855 5224 ὁλο-

2279 5247 2464 5318 ψύχως
2501 5249 2747 5317 βοώντων
2768 5253 2906 5320 πρὸς
2936 5253 3100 5306 αὐτὸν
3148 5256 3361 5326 ἡμέρας
3410 5261 3506 5312 καὶ
3535 5265 3748 5326 νυκτός,
3795 5265 3851 5316 '0

2278 5341 2335 5392 δὲ
2374 5340 2448 5410 μὴ
2478 5339 2616 5411 ἔχων
2645 5342 2926 5411 ἐνέργειαν
2961 5348 3292 5416 προσευχῆς,
3331 5347 3680 5420 ἀλλοτρόπως
3728 5370 3849 5421 τρο-

2282 5431 2477 5484 ποῦται
2522 5432 2738 5494 αὐτοὺς,
2769 5433 2861 5485 τὸν
2889 5435 3092 5488 Μωσέα
3136 5437 3497 5506 μιμούμενος.
3530 5443 3848 5511 Διεγερθέν-

2279 5540 2368 5584 τος
2398 5523 2529 5592 γὰρ,
2561 5524 2749 5587 καὶείς
2767 5525 2996 5594 οὐρανὸν
3026 5528 3368 5592 ἐκτείναντος
3397 5533 3496 5594 τὰς
3521 5537 3705 5602 χεῖρας
3756 5533 3845 5586 καὶ

2278 5615 2339 5666 τὸ
2359 5613 2534 5684 ὅμμα,
2573 5615 2867 5682 φυγαδεύει
2899 5618 3096 5680 αὐτοὺς
3123 5619 3152 5670 6
3184 5620 3334 5683 Θεὸς.
3372 5617 3507 5676 Εἶτα
3536 5626 3692 5677 πάλιν
3718 5627 3842 5678 καο-

2278 5705 2477 5772 εσθεὶς,
2521 5707 2749 5778 ἄρχεται
2791 5708 2893 5778 τῆς
2939 5710 3243 5780 προσευχῆς
3274 5713 3577 5782 ἐπιμόνως·
3608 5716 3699 5770 καὶ
3729 5715 3845 5768 τούς
