4122 6322
359 439 516 503 Υἶῧῒ

1326 423 1328 426 ’
1395 452 1804 512 Paucae“
1845 455 1945 512 AD
1989 459 2548 526 ttESt’Cttas'ms;

3459 463 3597 532 133E

351 585 428 637 τῳ
452 565 529 635 τῷ
577 567 760 636 τρόπῳ
789 567 1005 636 χρᾶται,
1039 567 1065 618 6
1097 566 1260 636 μήπω
1316 570 1650 637 κεκτημένος
1688 570 1917 640 δύναμιν

2026 583 2206 628 contra
2263 590 2554 644 corporeas
2623 582 2923 648 passiones,
2976 581 3217 636 aeediam
3286 582 3490 638 scilicet
3533 599 3596 637 ac

356 660 686 730 προσευχῆς,
722 659 856 713 άλλᾶ
888 661 979 711 καὶ
998 659 1027 710 6
1075 657 1210 727 ἔχων
1237 658 1332 729 τὴν
1362 661 1456 728 τῆς
1489 663 1799 730 προσευχῆς
1827 664 1918 714 ὲν.

353 755 594 822 ἐργειαν,
617 754 708 804 ἐπὶ
753 752 859 804 τῶν
885 750 1216 818 σωματικῶν
1249 750 1460 813 παθῶν,
1501 753 1729 822 ἀκηδίας
1751 757 1916 823 φημὶ,

352 846 446 899 καὶ
466 845 739 914 πορνείας,
786 843 894 896 τῶν
929 843 1178 914 σκληρῶν
1211 844 1305 896 καὶ
1337 841 1655 912 βαρυτέρων
1702 845 1912 907 παθῶν,

355 933 612 994 πολλάκις
642 931 1011 1002 ἐγειρόμενος,
1067 931 1306 984 ἐκτείνει-
1333 931 1431 992 τὰς
1461 932 1650 1000 χεῖρας
1679 931 1760 992 εἰς
1789 931 1916 1001 βοή-

353 1025 505 1078 θειαν
549 1026 668 1077 καττ
697 1024 896 1078 αὐτῶν.
927 1023 1073 1094 Πλὴν
1119 1022 1364 1090 ὀλιγάκις
1421 1021 1517 1075 διαί
1558 1023 1658 1092 τὴν
1708 1021 1919 1092 πλάνην

351 1117 509 1170 τοῦτο
544 1118 706 1181 ποιεῖ,
758 1115 851 1168 καὶ
876 1116 1034 1169 πάλιν
1065 1115 1378 1179 καθέζεται,
1435 1115 1633 1185 μήπως
1669 1114 1916 1186 φαντάσῃ

351 1209 441 1263 τὸν
475 1209 599 1262 νοῦν
619 1209 782 1262 αὐτοῦ
815 1209 844 1259 6
868 1207 1060 1278 ἐχθρὸς
1088 1206 1314 1270 ἄνωθεν,
1344 1205 1628 1276 μόρφωσιν
1657 1207 1918 1278 ἀληθείας

351 1299 514 1370 δῆθεν
532 1298 766 1361 δεικνύς.
795 1298 868 1350 Τὸ
896 1298 1004 1365 γὰρ
1031 1295 1174 1366 ἔχειν
1189 1297 1280 1349 τὸν
1316 1295 1440 1350 νοῦν
1471 1297 1604 1360 ἄνω,
1632 1298 1720 1350 καὶ
1746 1298 1914 1360 κάτω,

2022 665 2316 735 luxuriam,
2345 669 2509 726 duras
2566 674 3028 742 gravissimasth
3075 675 3418 741 cupiditates,
3451 690 3594 742 saepe

2017 771 2264 826 surgens,
2299 761 2472 814 tendit
2523 778 2710 816 manus
2764 763 2829 815 ad
2887 763 3143 817 auxilium
3175 764 3434 817 adversus
3472 779 3589 818 eas.

2016 847 2158 903 Raro
2181 857 2384 914 tamen,
2407 864 2547 904 metu
2575 854 2799 916 erroris,
2822 854 2919 908 hoc
2943 855 3090 919 facit,
3113 865 3166 908 et
3194 855 3387 907 iterum
3416 855 3588 920 sedet,

2019 953 2088 992 tte
2146 941 2311 993 menti
2358 956 2468 995 sua:
2509 943 2694 995 illudat
2731 945 2960 1014 desuper
3007 946 3282 1009 inimicus,
3351 943 3583 1013 effigiem

2014 1028 2223 1085 scilicet
2279 1033 2520 1086 veritatis
2573 1034 2858 1090 exhibens.
2918 1034 3050 1088 Nam
3107 1036 3307 1090 habere
3348 1047 3581 1092 mentem

2015 1135 2255 1184 sursum,
2295 1133 2347 1177 et
2388 1123 2665 1187 deorsum,
2716 1134 2768 1178 et
2811 1126 2865 1180 in
2895 1126 3079 1188 corde,
3109 1135 3164 1180 et
3197 1127 3399 1194 ubique
3447 1129 3590 1183 inof-

2014 1209 2241 1276 fensam,
2268 1223 2319 1265 et
2354 1213 2676 1268 incolumem
2706 1230 2948 1281 servare,
2973 1217 3100 1270 solis
3127 1219 3385 1286 competit
3421 1235 3576 1273 ruun-

2011 1299 2096 1354 dis
2125 1313 2290 1369 atque
2327 1305 2600 1373 perfectis.

360 1395 459 1448 καὶ
487 1396 543 1444 ἐν
572 1395 792 1466 καρδίᾳ,
845 1397 938 1450 καὶ
996 1397 1278 1470 πανταχοῦ
1322 1399 1649 1466 ἄπταιστον,
1706 1405 1884 1472 μόνων
1919 1400 2051 1452 ῐδιόν
2105 1403 2222 1453 ἐστι
2250 1400 2358 1452 τῶν
2399 1399 2658 1469 καθαρῶν
2683 1398 2777 1451 καὶ
2803 1396 3052 1462 τελείων,
3081 1397 3298 1466 ἀϐλαϐῆ
3327 1395 3589 1466 διατηρῆ-

360 1482 475 1519 σαι.

709 1561 847 1629 Περὶ
867 1561 972 1616 τοῦ
1007 1560 1130 1626 πῶς
1152 1561 1246 1614 δεῖ
1277 1562 1562 1630 ψάλλειν.

428 1671 491 1724 Oi
532 1670 632 1741 μὲν
659 1671 903 1740 ὀλιγάκις
953 1673 1222 1741 λέγουσιν,
1257 1675 1306 1726 οἱ
1333 1675 1388 1727 δὲ
1435 1673 1713 1738 πολλάκις.
1741 1674 1918 1746 ἕτεροι

354 1761 548 1813 ἂνούδ’
577 1762 732 1825 ὅλως.
766 1765 834 1816 Σὺ
862 1765 917 1817 δὲ
961 1765 1101 1835 μήτε
1140 1765 1397 1828 πολλάκις
1423 1764 1611 1834 eme,
1661 1764 1922 1834 σύγχυσις

357 1851 465 1918 γάρ
485 1867 501 1880 ⁶
530 1853 666 1922 μήτε
721 1851 1016 1917 ούδ”ὄλως,
1037 1853 1125 1907 Mi
1156 1854 1254 1923 τὴν
1284 1853 1755 1906 ἐπακολουθοῦσαν
1787 1852 1922 1923 χαύ-

359 1957 523 1994 νωσιν
570 1942 662 1993 καὶ
697 1943 956 2011 ἀμέλειαν
976 1959 991 1974 ο
1032 1943 1167 1997 ἀλλὰ
1193 1944 1319 2007 τοὺς
1347 1944 1593 2012 ὀλιγάκις
1621 1944 1924 2013 ψάλλοντας

361 2043 619 2109 μίμησαι.
658 2042 769 2094 Πᾶν
794 2041 908 2110 γὰρ
935 2041 1130 2112 μέτρον
1180 2041 1422 2109 ἄριστον,
1449 2040 1589 2093 κατὰ
1633 2041 1758 2103 τοὺς
1796 2041 1926 2092 6.06-

361 2148 491 2198 φους
520 2131 734 2200 σοφούς.
759 2133 832 2185 Τὸ
861 2132 969 2202 γὰρ
999 2131 1168 2185 πολλὰ
1195 2131 1418 2202 ψάλλειν
1454 2132 1562 2184 τῶν
1612 2130 1930 2198 πρακτικῶν

361 2220 498 2283 ἔστι,
531 2219 619 2271 διὰ
641 2220 739 2289 τὴν
766 2218 1041 2288 ἀγνωσίαν
1082 2219 1174 2270 καὶ
1199 2221 1290 2272 τὸν
1321 2220 1513 2282 κόπον,
1541 2207 1624 2269 ού’
1649 2216 1755 2267 τῶν
1792 2219 1928 2283 ησυ-

361 2310 597 2379 χαστῶν,
651 2312 1001 2381 ἀρκουμένων
1043 2311 1101 2363 ἐν
1128 2310 1245 2380 Θεῷ
1281 2309 1425 2380 μόνῳ
1447 2308 1841 2380 προσεύχεσθαι
1873 2308 1930 2358 ὲν

362 2400 578 2470 καρδίᾳ,
609 2402 704 2454 καὶ
743 2402 1039 2472 ἀπέχεσθαι
1066 2403 1370 2471 νοημάτων.
1400 2400 1624 2470 Ἡσυχία
1650 2400 1755 2470 γάρ
1784 2400 1930 2449 ἐστιν

361 2490 620 2553 ἀπόθεσις
650 2493 937 2561 νοημάτων
983 2493 1256 2562 αἰσθητῶν
1293 2509 1353 2545 τε
1386 2492 1484 2545 καὶ
1522 2490 1751 2561 νοητῶν,
1788 2489 1930 2542 κατὰ

362 2585 454 2636 τὸν
501 2583 598 2652 τῆς
627 2584 927 2649 Κλίμακος.
962 2585 1072 2653 Τὴν
1120 2583 1227 2651 γάρ
1257 2582 1482 2651 δύναμιν
1520 2580 1686 2635 αὐτοῦ
1748 2580 1929 2631 πᾶσαν

364 2674 694 2734 κενώσαντος
716 2676 772 2727 ἐν
803 2678 867 2746 τῇ
903 2674 1071 2746 πολλῇ
1105 2674 1412 2744 ψαλμῳδίᾳ,
1447 2673 1700 2742 ἀτονήσει
1744 2672 1772 2723 ὁ
1805 2668 1929 2732 νοῦς

363 2768 442 2827 εἰς
472 2765 532 2816 τὸ
552 2765 625 2833 μὴ
655 2766 928 2833 κραταιῶς
954 2767 1046 2819 καὶ
1067 2765 1339 2832 ἐπιμόνως
1367 2761 1779 2834 προσεύχεσθαι.
1814 2760 1929 2812 Νύ-

361 2875 512 2926 κτωρ
539 2858 654 2927 μὲν,
681 2860 843 2928 φησὶν
869 2861 898 2911 6
925 2859 1022 2928 τῆς
1044 2857 1346 2927 Κλίμακος,
1382 2857 1448 2910 τὰ
1473 2855 1640 2908 πολλὰ
1671 2857 1734 2925 τῇ
1759 2870 1928 2922 προσ-

359 2953 493 3023 ευχῇ
561 2950 838 3016 δίδου,τὲι
905 2950 962 3003 δὲ
1027 2950 1232 3021 βραχέα
1281 2952 1349 3022 τῇ
1399 2948 1710 3018 ψαλμῳδία.
1768 2945 1924 3000 Οῦτω

360 3047 454 3099 καὶ
486 3045 550 3096 σὺ
588 3045 820 3112 ὀφείλεις
869 3047 1061 3097 ποιεῖν.
1095 3046 1223 3097 Ὅτε
1275 3042 1390 3114 ἴδῃς
1422 3045 1478 3095 ὲν
1508 3041 1586 3111 τῷ
1630 3039 1928 3108 καθίσματί

363 3153 456 3189 σου
486 3135 811 3205 ἐνεργοῦσαν
865 3135 961 3204 τὴν
992 3137 1298 3205 προσευχὴν
1347 3135 1442 3187 καὶ
1492 3133 1568 3204 μὴ
1613 3131 1928 3200 παυομένην

361 3226 630 3279 κινεῖσθαι
659 3228 717 3277 ἐν
743 3229 807 3294 τῇ
843 3226 1058 3296 καρδίᾳ,
1115 3229 1324 3295 μήποτε
1355 3226 1572 3296 ἁφήσῃς
1605 3222 1796 3290 αὐτὴν,
1832 3219 1926 3272 καὶ

335 3318 677 3372 ’ἀνίστασθαι
716 3318 936 3388 ψάλλειν
963 3319 1066 3381 ἕως
1089 3317 1303 3388 καιροῦ,
1341 3317 1434 3370 ἐὰν
1467 3316 1541 3387 μὴ
1568 3311 1927 3382 οἰκονομικῶς

360 3410 663 3483 καταλείψῃ
689 3428 769 3466 σε.
795 3411 898 3464 Τὸν
923 3410 1031 3481 γὰρ
1059 3410 1190 3464 Θεὸν
1221 3409 1538 3466 καταλιπὼν
1554 3408 1774 3471 ἔσωθεν,
1792 3405 1926 3470 ἔξω·

359 3508 450 3558 θεν
496 3505 714 3557 ἴστασαι
764 3503 1102 3574 προσλαλῶν,
1130 3505 1194 3556 ἐκ
1224 3502 1330 3556 τῶν
1364 3500 1583 3570 ὑψηλῶν
1613 3502 1692 3562 εἰς
1729 3500 1796 3553 τὰ
1824 3515 1924 3568 χα-

359 3595 602 3665 μαιπετῆ
653 3595 1063 3666 παρεκκλίνων·
1098 3594 1235 3648 ἀλλὰ
1279 3594 1372 3647 καὶ
1409 3592 1670 3662 σύγχυσιν
1727 3594 1920 3653 ποιεῖς,

359 3686 575 3741 καὶτὸν
615 3685 738 3740 νοῦν
773 3687 1126 3756 ἐκταράττεις
1157 3686 1265 3739 άπὸ
1309 3685 1410 3754 τῆς
1455 3685 1696 3754 γαλήνης
1727 3681 1918 3735 αὐτοῦ·

358 3778 558 3849 ¹ἡσυχία
589 3779 720 3850 γὰρ,
747 3779 886 3832 κατὰ
921 3779 982 3832 τὸ
1006 3778 1176 3848 ὖνομα
1222 3779 1416 3847 αὐτῆς,
1447 3777 1540 3830 καὶ
1575 3776 1675 3846 τὴν
1725 3773 1929 3843 πρᾶξιν

357 3873 637 3942 κέκτηται,
677 3871 766 3925 διὰ
785 3870 845 3926 τὸ
876 3873 935 3924 ἐν
964 3872 1155 3941 εἰρήνῃ
1189 3871 1285 3922 καὶ
1311 3869 1526 3942 γαλήνῃ,
1559 3867 1704 3938 ἔχειν
1730 3866 1922 3934 αὐτήν.

367 3965 426 4015 Ὀ
451 3964 582 4025 Θεὸς
619 3963 727 4033 γάρ
770 3964 960 4033 εἰρήνη
1018 3964 1155 4027 ἐστὶ,
1192 3961 1509 4031 συγχύσεως
1539 3960 1649 4012 καὶ-
1671 3957 1920 4029 κραυγῆς

355 4054 628 4108 ἐπέκεινα.
672 4055 764 4106 Δεῖ
813 4055 923 4123 γὰρ
970 4052 1261 4122 ἀγγελικὸν
1298 4050 1437 4105 εἶναι
1485 4050 1705 4103 καὶτὸν
1750 4048 1920 4118 ὕμνον

354 4142 511 4214 ήμῶν
545 4142 686 4198 κατὰ
712 4143 774 4194 τὸ
807 4142 1128 4210 πολίτευμα,
1179 4142 1274 4194 καὶ
1300 4140 1361 4194 οὐ
1397 4140 1658 4211 σαρκικόν
1679 4156 1690 4168 ο
1723 4139 1782 4190 τὸ
1812 4140 1919 4206 γὰρ

357 4233 495 4304 μετὰ
532 4237 710 4304 φωνῆς
749 4237 808 4286 ἐν
863 4235 1078 4303 κραυγῇ
1138 4232 1358 4300 ψάλλειν
1427 4229 1750 4300 συμϐολικόν
1801 4231 1917 4280 ἐστι

353 4326 546 4394 νοερᾶς
580 4324 845 4394 κραυγῆς,
894 4325 990 4377 καὶ
1033 4323 1121 4377 διὰ
1147 4325 1245 4394 τὴν
1278 4323 1552 4394 ῥαθυμίαν
1604 4321 1698 4374 καὶ
1727 4321 1916 4391 ἀγροι-

351 4416 474 4470 κίαν
497 4415 650 4484 ἡμῶν
673 4415 892 4478 δίδοται,
925 4415 1100 4468 διὰτὸ
1123 4414 1495 4482 ἐπανάγεσθαι
1531 4413 1668 4482 πρὸς
1700 4412 1748 4464 τ’
1786 4412 1918 4478 ἁλη-

2404 1564 2678 1630 Quomodo
2717 1565 2942 1630 psallere
2975 1574 3230 1629 oporteat.

2103 1676 2207 1732 Alii
2271 1676 2460 1732 dicunt
2523 1691 2672 1740 raro,
2713 1677 2801 1730 alii
2856 1691 3018 1742 szepe,
3055 1675 3144 1728 alii
3191 1689 3489 1744 nunquam.
3521 1673 3605 1726 Τιι

2033 1754 2171 1821 vero.
2215 1783 2314 1824 nec
2371 1781 2512 1835 smpe
2550 1768 2735 1836 psalle,
2774 1785 2839 1820 tte
2899 1767 3228 1833 perturberis
3264 1785 3277 1828 ;
3317 1781 3416 1821 nec
3465 1782 3608 1818 nuu—

2033 1873 2218 1927 quam,
2271 1874 2339 1912 ue
2389 1868 2646 1924 sequatur
2709 1858 2960 1911 remissio
2983 1867 3036 1911 et
3068 1858 3430 1923 incuria;sed
3481 1872 3606 1909 raro

2036 1949 2328 2018 psallentes
2371 1949 2607 2001 imitare.
2641 1946 2774 2001 Nam
2797 1964 2955 2002 omne
2979 1949 3312 2002 moderatum
3341 1950 3603 2016 optimum

2033 2049 2134 2106 est,
2158 2039 2309 2108 juxta
2349 2040 2489 2093 haud
2523 2040 2857 2108 desipientes
2883 2039 3173 2107 sapientes.
3208 2038 3430 2091 Multum
3461 2040 3604 2090 enim

2035 2131 2288 2200 psallere,
2314 2140 2396 2185 est
2423 2132 2810 2200 praeticorum,
2840 2133 3013 2184 adhuc
3040 2141 3194 2184 extra
3221 2131 3426 2198 gnosim
3455 2131 3607 2184 labo-

2033 2223 2291 2286 ranliunt,
2331 2223 2469 2275 haud
2519 2238 2650 2276 vero
2695 2223 3020 2291 quieturum,
3057 2222 3349 2276 valentium
3405 2222 3455 2275 in
3488 2221 3606 2275 solo

2036 2316 2143 2369 Deo
2169 2313 2330 2370 corde
2367 2331 2525 2369 orare
2554 2327 2605 2369 et
2638 2330 2666 2367 a
2688 2314 3111 2381 cogitationibus
3183 2329 3398 2368 vacare.
3429 2333 3446 2364 ι
3497 2313 3606 2366 Νυ-

2030 2417 2280 2468 cturnus,
2301 2406 2476 2473 inquit
2507 2406 2734 2468 Clitnax,
2761 2406 2984 2458 multum
3017 2405 3245 2458 orationi
3291 2405 3380 2470 da,
3411 2419 3614 2474 parum

2031 2497 2360 2566 psalmodite.
2409 2519 2428 2549 ι
2456 2497 2546 2550 Sic
2578 2509 2632 2550 et
2665 2505 2718 2550 tu
2753 2496 2928 2550 facere
2959 2496 3146 2550 debes.
3177 2496 3310 2551 Cum
3367 2497 3517 2550 vides
3547 2495 3610 2548 in-

2031 2591 2272 2644 sessione
2325 2599 2412 2642 tua
2463 2589 2677 2655 cperari
2730 2590 3032 2641 oralionem
3060 2597 3115 2641 et
3144 2587 3514 2640 indesinenter
3545 2586 3596 2638 in

2031 2684 2193 2734 corde
2212 2679 2524 2742 moveri,'ne
2553 2695 2790 2748 unquam
2824 2680 3069 2733 dimittas
3094 2695 3238 2741 eam,
3269 2694 3372 2731 neu
3410 2691 3601 2746 surgas

2033 2783 2091 2826 ut
2127 2773 2329 2840 psallas
2363 2775 2428 2825 ad
2458 2784 2694 2841 tempus,
2717 2772 2818 2825 nisi
2847 2780 2919 2838 te,
2955 2772 3265 2839 providente
3291 2771 3420 2834 Deo,
3450 2770 3604 2822 dere-

2034 2865 2264 2932 linquat.
2311 2864 2444 2917 Nam
2504 2863 2672 2918 Deum
2722 2863 3036 2932 relinquens
3088 2863 3333 2926 interius,
3366 2861 3606 2914 exterius

2029 2969 2143 3010 Stas
2162 2957 2546 3024 alloquens,“
2577 2956 2898 3010 sublimibus
2927 2955 2990 3008 ad
3017 2955 3294 3008 terrestria
3321 2952 3604 3013 deﬂexus;

2031 3049 2159 3116 quin
2191 3048 2353 3102 etiam
2391 3047 2762 3102 confusionem
2793 3047 2960 3110 facis,
2991 3058 3044 3100 et
3074 3055 3305 3099 utentem
3353 3044 3607 3097 exturbas

2031 3153 2060 3192 a
2103 3154 2200 3193 sua
2253 3139 2687 3207 tranquillitate;
2743 3153 2935 3207 nempe
2961 3139 3135 3206 quies,
3169 3146 3224 3190 ut
3259 3135 3460 3188 indicat
3502 3147 3624 3185 ιιο--η

2035 3248 2158 3284 men
2209 3230 2350 3298 ejus,
2383 3232 2463 3285 ad
2499 3232 2706 3298 praxim
2763 3247 2823 3286 se
2856 3232 3123 3294 extendit,
3145 3239 3206 3284 ut
3238 3245 3355 3286 eam
3390 3230 3443 3282 in
3476 3243 3607 3296 pace

2032 3323 2438 3396 serenitateque
2468 3331 2666 3376 teneat.
2701 3322 2841 3376 Deus
2872 3322 3015 3375 enim
3047 3337 3147 3389 pax
3180 3330 3284 3385 est,
3322 3321 3439 3374 sine
3479 3333 3609 3373 con-

2030 3413 2246 3468 fusione
2277 3429 2341 3468 ac
2371 3414 2627 3469 tumultu.
2661 3412 2888 3482 Oportet
2933 3415 3092 3483 igitur
3134 3413 3435 3482 angelicum
3487 3425 3608 3465 esse
3637 3443 3640 3446 η

2029 3503 2292 3574 hymnum
2333 3515 2576 3559 nostrum
2611 3516 2774 3574 atque
2806 3514 3034 3570 statum,
3062 3506 3206 3558 hattd
3243 3519 3379 3556 vero
3415 3517 3609 3556 carna-

2032 3594 2157 3649 lem.
2190 3595 2328 3649 Nam
2380 3611 2502 3650 cum
2540 3612 2674 3652 voce
2715 3597 2952 3652 clamosa
2987 3597 3242 3665 psallere,
3273 3597 3487 3666 signum
3524 3604 3639 3648 est.

2029 3687 2249 3755 trepidae
2281 3687 2498 3753 mentis,
2517 3697 2802 3757 etpropter
2836 3689 3126 3758 segnitiem
3157 3695 3212 3742 et
3244 3686 3600 3741 rusticitatem

2026 3788 2268 3832 nostram
2311 3780 2648 3844 conceditur,
2681 3789 2739 3834 ut
2777 3779 2844 3834 ad
2898 3781 3188 3835 veritatem
3245 3787 3606 3833 revertamur.

2024 3865 2410 3921 Nescientibus
2457 3869 2604 3922 enim
2637 3867 2942 3922 orationem
2972 3881 3116 3930 esse,
3150 3877 3210 3921 ut
3254 3867 3329 3920 ait
3361 3864 3600 3920 Joannes

2025 3959 2258 4023 Climax,
2295 3959 2499 4013 fontem
2534 3960 2796 4014 virtutum
2829 3960 3020 4013 insitas
3068 3961 3263 4013 animae
3295 3960 3438 4013 vires
3474 3958 3602 4012 irri-

2026 4061 2261 4122 gantem,
2287 4052 2545 4106 convenit
2571 4053 2801 4104 multum
2831 4051 3083 4118 psallere,
3103 4060 3157 4103 ct
3177 4051 3294 4104 sine
3318 4065 3598 4111 mensura,

2025 4153 2078 4196 et
2105 4157 2318 4210 semper
2346 4142 2556 4195 variare
2584 4142 2774 4205 multa,
2792 4152 2845 4196 et
2865 4157 3138 4210 nunquam
3164 4155 3400 4204 cessare,
3425 4145 3598 4194 donec

2023 4248 2054 4286 a
2117 4233 2284 4287 multa
2340 4233 2715 4301 laboriosaque
2772 4232 2924 4302 praxi
2974 4231 3041 4285 ad
3078 4232 3594 4301 contemplationem

2023 4326 2332 4393 progressi,
2390 4325 2694 4378 orationem
2774 4322 3066 4378 mentaletn
3126 4323 3400 4376 inveniant
3462 4313 3604 4376 intra

2025 4414 2172 4482 ipsos
2215 4423 2553 4482 operantem.
2593 4413 2710 4467 Alia
2739 4414 2939 4482 quippe
2980 4423 3063 4468 est
3096 4414 3293 4483 quietis
3320 4413 3523 4482 praxis,
3549 4422 3602 4466 et

351 4509 593 4578 θῆ.,Τοῖς
620 4509 726 4579 γὰρ
770 4507 844 4578 μὴ
871 4508 1034 4561 εἰδόσι
1079 4503 1406 4578 προσευχὴν,
1445 4507 1582 4576 ὅπερ
1614 4505 1762 4558 ἐστὶν
1785 4504 1912 4574 ἀρε-

2028 4505 2132 4560 alia
2188 4506 2506 4570 οωηοὶιίισξς
2569 4508 2939 4572 unusquisque
2984 4515 3165 4559 autem
3226 4505 3278 4558 iu
3317 4505 3603 4558 vocatione

347 4598 456 4648 τῶν
483 4597 653 4665 πηγὴ,
679 4597 819 4654 κατὰ
837 4596 929 4650 τὸν
952 4596 1050 4666 τῆς
1075 4596 1351 4666 Κλίμακος
1370 4597 1640 4665 Ἰωάννην,
1662 4594 1917 4665 ἀρδεύου-

351 4704 418 4739 σα
440 4687 591 4754 φυτά
615 4689 711 4750 τὰς
746 4686 845 4755 τῆς
873 4686 1046 4756 ψυχῆς
1075 4686 1352 4756 δυνάμεις,
1405 4686 1607 4756 πρέπει
1654 4685 1714 4737 τὸ
1745 4684 1916 4737 πολλὰ

344 4775 585 4847 ψάλλειν,
623 4776 717 4828 καὶ
756 4775 1052 4844 ἀμέτρως,
1079 4775 1173 4829 καὶ
1209 4775 1297 4828 ἀεὶ
1328 4776 1386 4827 ἐν
1433 4773 1676 4844 ποικιλίᾳ
1706 4772 1915 4826 πολλῶν

347 4865 528 4933 εἶναι,
551 4867 647 4921 καὶ
680 4865 951 4936 μηδέποτε
1010 4865 1301 4931 παύεσθαι,
1345 4865 1450 4928 ἕως
1478 4865 1544 4919 ἂν
1572 4865 1681 4918 ἀπὸ
1713 4865 1915 4934 πολλῆς

346 4957 602 5011 ἐπιπόνου
640 4956 891 5027 πράξεως
933 4956 1012 5018 είς
1047 4955 1281 5025 θεωρίαν
1311 4954 1651 5026 προκόψωσι,
1681 4972 1913 5026 προσευ-

343 5049 444 5120 χὴν
507 5048 698 5118 νοερὰν
751 5047 1084 5116 εὑρηκότες,
1139 5048 1466 5117 ἐνεργοῦσαν
1516 5047 1665 5110 ἐντὸς
1708 5047 1908 5101 αὐτῶν.

349 5141 518 5211 ’Ἄλλη
545 5143 654 5211 γάρ
677 5141 793 5198 ἐστι
821 5140 922 5208 τῆς
958 5140 1186 5210 ἡσυχίας
1211 5141 1244 5210 ή
1265 5141 1498 5207 πρᾶξις,
1521 5140 1615 5192 καὶ
1637 5139 1799 5208 ἑτέρα
1816 5137 1909 5192 τοῦ

346 5234 633 5287 κοινοϐίου.
661 5233 928 5295 Ἕκαστος
957 5232 1024 5290 δὲ,
1043 5235 1098 5284 ἐν
1135 5227 1178 5299 ᾧ
1204 5232 1406 5302 ἐκλήθη
1435 5215 1779 5309 προσμένων,
1803 5248 1912 5283 σω-

346 5328 588 5396 θήσεται.
615 5325 706 5377 Διὸ
742 5325 958 5379 δέδοικα
975 5325 1203 5394 γράφειν
1231 5325 1318 5378 διὰ
1332 5324 1458 5387 τοὺς
1485 5325 1746 5387 ἀσθενεῖς,
1769 5321 1910 5392 ὀρῶν

348 5435 409 5470 σε
461 5417 624 5486 μέσον
682 5417 888 5470 τούτων
924 5417 1414 5487 ἀναστρεφόμενον.
1481 5417 1596 5482 Πᾶς
1637 5415 1744 5486 γὰρ
1778 5417 1806 5468 6
1849 5414 1910 5478 ἐξ

343 5509 532 5578 ἀκοῆς,
570 5507 602 5576 ἢ
640 5507 922 5577 μαθήσεως
954 5509 1014 5560 ἐν
1052 5511 1324 5579 προσευχῇ
1382 5507 1625 5577 πάσχων,
1675 5506 1910 5560 ἀπόλλυ-

341 5617 454 5661 ται,
483 5599 558 5661 ὡς
585 5600 675 5652 τὸν
715 5598 1012 5669 ὀδηγοῦντα
1044 5600 1120 5669 μὴ
1153 5599 1518 5670 κεκτημένος·
1552 5600 1581 5651 ὀ
1609 5599 1667 5651 δὲ
1704 5598 1906 5666 γευσά-

347 5707 506 5760 μενος
532 5690 626 5760 τῆς
655 5691 895 5760 χάριτος,
913 5690 1118 5758 ὀφείλει
1149 5693 1475 5761 συμμέτρως
1498 5690 1736 5760 ψάλλειν,
1771 5691 1908 5742 κατὰ

347 5784 469 5846 τοὺς
527 5783 793 5852 Πατέρας,
854 5783 914 5836 τὸ
948 5783 1197 5838 πλεῖστον
1230 5782 1626 5855 ἀσχολούμενος
1681 5784 1760 5847 εἰς
1807 5781 1905 5852 τὴν

2022 4612 2120 4652 sua
2172 4598 2868 4667 permanens,'sa|vabitur.
2900 4597 3084 4665 Itaque
3121 4613 3312 4651 vereor
3354 4597 3596 4650 scribere

2023 4697 2241 4758 propter
2279 4689 2508 4752 debiles,
2543 4690 2734 4743 videns
2792 4699 2845 4742 te
2898 4689 3135 4743 medium
3180 4690 3319 4742 inter
3345 4703 3437 4742 eos
3465 4703 3594 4741 cou-

2024 4788 2353 4834 versantem.
2397 4777 2847 4849 Quisquistenim
2908 4795 2976 4833 ex
3027 4778 3167 4832 fama
3214 4790 3268 4833 et
3318 4781 3596 4832 auditione

2024 4871 2258 4926 orationi
2290 4872 2517 4940 passivae
2560 4881 2734 4938 vacat,
2768 4885 2982 4939 pessum
3012 4872 3075 4933 it,
3106 4872 3231 4938 quia
3267 4871 3454 4926 ducent
3485 4887 3594 4925 non

2026 4963 2224 5020 habet:
2274 4963 2366 5033 qui
2419 4972 2599 5017 autem
2642 4964 2880 5032 gustavit
2947 4963 3199 5031 gratiam,
3256 4961 3418 5017 debet
3469 4978 3589 5016 cum

2026 5053 2276 5109 mensura
2316 5054 2569 5123 psallere,
2596 5055 2915 5122 plerumque
2961 5055 3193 5108 orationi
3226 5068 3467 5117 vacans;
3503 5057 3593 5124 qui

2023 5160 2154 5199 vero
2211 5145 2394 5214 segnis
2447 5156 2562 5210 est,
2595 5145 2792 5214 psallat
2841 5145 3091 5216 legatque
3151 5160 3315 5212 opera
3373 5145 3591 5199 Patrum

2021 5236 2282 5306 practica.
2318 5235 2594 5306 Siquidem
2631 5251 2736 5290 non
2761 5238 2928 5291 remis
2958 5237 3163 5306 indiget
3192 5238 3366 5301 navis,
3427 5247 3592 5292 vento

2022 5331 2142 5385 vela
2201 5330 2441 5395 inﬂante,
2483 5330 2774 5384 secundam
2829 5345 3020 5399 nempe
3073 5345 3259 5384 auram
3304 5333 3353 5384 ei
3400 5333 3589 5400 spiritu

2022 5419 2242 5474 amante
2275 5420 2343 5474 ad
2390 5421 2622 5474 Strictim
2651 5420 2940 5475 labendum
2975 5422 3028 5475 in
3061 5421 3205 5476 salso
3233 5422 3589 5492 cupiditatum

2025 5513 2183 5577 mari,
2209 5511 2303 5566 sed
2357 5512 2668 5577 immorata,
2689 5512 2858 5565 remis
2888 5521 2981 5566 aut
3007 5512 3195 5582 cymba
3249 5511 3507 5566 trahitur.
3535 5513 3589 5564 Si

2023 5603 2112 5669 qui
2173 5616 2300 5656 vero
2357 5601 2643 5656 ambitiose
2695 5601 2956 5672 objiciunt
3003 5613 3220 5658 sanctos
3265 5603 3471 5671 Patres,
3504 5615 3597 5659 aut

2023 5693 2234 5763 aliquos
2279 5707 2423 5746 nunc
2463 5693 2744 5760 degentes,
2781 5703 3361 5764 tauquamtritanoctc
3391 5705 3596 5752 stantes

2023 5794 2077 5839 et
2122 5784 2379 5840 facientes
2411 5782 2786 5853 psalmodiam,
2817 5784 2920 5841 illis
2950 5801 3014 5842 ex
3057 5785 3336 5856 Scriptura
3371 5802 3590 5858 τοειιοιι-
3659 5831 3672 5852 ,
