4102 6344
549 324 684 389 i335

1805 335 2187 394 GREGORII
2230 334 2560 396 SlNAlT/E

3665 321 3792 385 133i

542 441 731 492 demus
781 455 887 492 non
932 442 1189 496 omnibus
1233 442 1412 495 omnia
1448 458 1567 496 esse
1599 444 1860 512 pcr'feCta,
1896 459 2112 513 propter

2223 451 2532 520 προσευχήν
2560 467 2571 477 ·
2627 443 2886 516 ῥαθυμῶν
2915 442 2999 507 δὲ,
3042 439 3284 509 ψάλλειν,
3325 437 3358 507 ἢ
3393 435 3800 504 ἀναγινώσκειν

540 529 706 582 studii
748 532 1027 596 penuriam
1082 543 1136 584 et
1181 532 1398 586 virtutis
1455 532 1765 597 defeetum,
1799 539 1892 588 sed
1948 552 2112 602 parva

540 620 751 689 magnis
788 635 892 672 non
921 635 1042 673 esse
1078 635 1301 688 prorsus
1345 637 1531 690 parva,
1567 639 1665 678 nec
1704 641 1898 695 magna
1933 628 2116 694 parvis

515 711 755 777 'penitus
799 720 1010 779 inagna.
1059 709 1194 765 Nam
1252 713 1509 781 perfectis
1541 717 1724 769 omnia
1759 726 1885 770 stmt
1931 716 2111 770 facilia

519 809 787 865 operam.
850 801 973 855 Ideo
1015 816 1122 855 non
1180 817 1371 856 omnes
1412 814 1537 857 sunt
1581 820 1817 874 semper,
1855 822 2001 860 nunc
2033 809 2114 859 vel

538 889 692 956 olim,
724 891 973 959 practiei.
1011 907 1108 947 nec
1141 908 1331 950 omnes
1358 896 1603 952 eamdem
1628 898 1769 951 viam
1805 911 2111 966 tenuerunt,

538 987 634 1033 aut
681 983 850 1048 usque
895 985 961 1034 ad
1013 983 1172 1038 ﬁdem
1229 1000 1610 1043 servaverunt.
1666 990 1819 1045 lllulti
1885 993 2032 1046 enim
2087 1011 2114 1044 a

541 1074 692 1139 praxi
725 1077 1064 1130 devenerunt
1091 1077 1157 1131 ad
1187 1080 1728 1150 contemplationem,
1752 1093 1806 1137 et
1840 1085 1908 1139 ab
1940 1088 2116 1138 omni-

533 1165 640 1218 bus
691 1167 1108 1233 requieverunt,
1159 1169 1458 1224 Sabbatum
1528 1174 1897 1229 custodientes
1963 1175 2116 1244 juxta

538 1252 710 1322 legem
745 1253 1002 1323 Spiritus,
1045 1266 1097 1310 et
1135 1257 1190 1311 in
1222 1259 1336 1312 solo
1357 1258 1478 1314 'Deo
1517 1262 1681 1315 hetati
1717 1273 1866 1327 sunt,
1919 1265 2117 1318 divinis

526 1345 718 1399 satiati
759 1346 988 1408 deliciis.
1020 1357 1074 1401 et
1121 1348 1298 1418 gratia
1334 1350 1593 1416 prohibiti
1624 1366 1652 1403 a
1693 1351 1972 1420 psallendo
2016 1352 2119 1405 ali-

536 1436 734 1504 quidve
763 1437 908 1492 aliud
941 1439 1270 1501 meditando,
1310 1441 1361 1494 in
1395 1457 1676 1496 excessum
1713 1445 1849 1509 rapti
1884 1445 1950 1498 ad
1980 1455 2117 1496 tem-

535 1543 659 1597 pus,
705 1540 758 1582 et
820 1538 1066 1584 rotorum
1116 1546 1382 1586 summam
1414 1535 1608 1599 partim
1640 1545 1696 1590 et
1720 1536 1873 1604 quasi
1901 1537 2118 1590 arrham

536 1617 792 1670 assecuti.
842 1618 948 1672 Alii
1001 1634 1131 1673 vero
1187 1634 1358 1686 USqttc
1389 1623 1454 1674 ad
1491 1625 1650 1677 linem
1709 1625 1764 1678 in
1817 1625 1969 1694 praxi
2003 1640 2117 1678 ma-

537 1721 758 1775 nentes,
783 1712 837 1766 in
864 1713 1037 1767 salute
1060 1713 1492 1781 obdormicrunl,
1523 1718 1829 1772 mercedem
1856 1719 1906 1770 in
1932 1717 2120 1772 futuro

2221 546 2289 594 τὰ
2315 540 2590 611 πρακτικὰ
2617 538 2723 590 τῶν
2769 534 3042 604 Πατέρων.
3075 533 3150 585 Οὐ
3184 532 3294 600 γὰρ
3347 529 3544 600 χρῄζει
3581 531 3616 598 ή
3665 527 3800 589 ναῦς

2223 631 2433 696 κώπας,
2466 630 2558 683 τοῦ
2597 629 2799 698 ἀνέμου
2831 626 2918 679 τὸν
2964 623 3196 692 φώσωνα
3227 622 3672 683 ὑπεκτείναντος,
3711 619 3801 672 αῖ-

2223 741 2337 782 σιον
2375 724 2510 794 αὐτῇ
2547 720 2722 791 αὔραν
2748 717 2842 771 τοῦ
2875 717 3184 786 πνεύματος
3219 713 3631 784 χορηγουμένου
3659 712 3802 780 πρὸς

2223 815 2377 884 νῆξιν
2406 810 2738 871 ἐπιπολαίως
2777 810 2876 876 τῆς
2925 807 3175 876 ἁλμυρᾶς
3221 803 3499 871 θαλάσσης
3537 802 3652 854 τῶν
3687 819 3802 855 πα·

2223 907 2351 971 θῶν,
2379 905 2493 958 ἀλλ’
2549 902 2834 971 ἱσταμένη,
2872 903 2992 962 ταῖς
3038 896 3340 967 κώπαις,ἢ
3387 895 3468 967 τῷ
3526 895 3803 964 πλοιαρίῳ

2225 998 2582 1068 παρέλκεται.
2614 995 2676 1047 Εἰ
2727 995 2784 1046 δέ
2814 1009 2960 1054 τινες
3004 989 3400 1060 προϐάλλονται
3441 988 3569 1050 τοὺς
3603 989 3802 1054 ἁγίους

2223 1089 2474 1160 Πατέρας
2504 1084 2840 1156 φιλονείκως,
2876 1083 2910 1152 ἢ
2944 1080 3183 1136 ἐνταῦθά
3215 1098 3386 1146 τινας,
3430 1080 3507 1142 ὡς
3538 1081 3621 1133 ὅτι
3651 1096 3796 1132 παν-

2223 1183 2403 1251 νύχιον
2453 1177 2729 1232 ἐποιοῦντο
2775 1175 2997 1237 στάσιν,
3044 1175 3148 1239 καὶ
3202 1172 3546 1225 ἀδιάλειπτον
3608 1171 3798 1238 ψαλμ.

2223 1273 2409 1341 ιρδίαν,
2444 1265 2852 1337 ἁποκρινόμεθα
2877 1264 3086 1326 τούτοις
3119 1264 3182 1314 ὲκ
3207 1262 3316 1314 τῶν
3337 1262 3589 1330 Γραφῶν,
3613 1264 3704 1314 ὅτι
3736 1263 3797 1312 οὐ

2224 1343 2441 1416 πάντων
2474 1360 2650 1412 πάντα
2676 1357 2856 1410 τέλεια
2887 1356 2952 1409 δι’
2982 1356 3187 1407 ἔνδειαν
3231 1353 3468 1423 σπουδῆς
3515 1353 3612 1406 καὶ
3655 1353 3798 1405 ἀπο-

2223 1454 2345 1524 ρίαν
2372 1452 2671 1520 δυνάμεως,
2696 1448 2830 1502 ἀλλὰ
2862 1447 2929 1500 τὰ
2963 1448 3062 1515 μὲν
3097 1445 3268 1515 μικρὰ
3312 1447 3421 1505 τοῖς
3448 1445 3712 1514 μεγάλοις
3734 1446 3795 1494 οὐ

2223 1545 2440 1605 πάντως
2467 1541 2660 1611 μικρὰ,
2689 1540 2757 1594 τὰ
2786 1539 2842 1591 δὲ
2875 1538 3086 1608 μεγάλα
3131 1536 3281 1607 παρὰ
3315 1539 3429 1599 τοῖς
3460 1539 3681 1605 μικροῖς
3733 1538 3793 1587 οὑ

2221 1637 2443 1697 πάντως
2500 1632 2698 1685 τέλεια.
2746 1632 2868 1693 Τοῖς
2919 1630 3028 1696 γάρ
3071 1627 3318 1693 τελείοις,
3379 1628 3557 1680 πάντα
3589 1628 3793 1696 εὐχερῆ

2220 1726 2602 1792 ἐνεργούμενα.
2635 1721 2779 1776 Διότι
2813 1721 2875 1774 οὑ
2911 1719 3108 1781 πάντες
3135 1719 3239 1770 εἰσὶ
3263 1711 3372 1781 ἀεὶ,
3400 1717 3514 1780 νῦν,
3545 1718 3578 1786 ἢ
3597 1720 3791 1782 πάλαι,

536 1804 735 1857 εωειιιι)
787 1805 1080 1872 recepturi.
1116 1806 1342 1870 Quidam
1379 1822 1507 1861 vero
1539 1810 1737 1863 mortui
1777 1807 2115 1864 afﬁrmantur

2224 1814 2514 1886 πρακτικοί
2538 1831 2551 1844 ο
2586 1813 2705 1868 οὐδὲ
2748 1812 2947 1873 πάντες
2967 1812 3066 1880 τὴν
3097 1810 3264 1880 αὐτὴν
3291 1808 3408 1862 ὁδὸν
3455 1808 3722 1869 ὥδευσαν,
3759 1809 3793 1877 ἦ

539 1896 741 1950 bonum
774 1898 993 1952 odorem
1033 1899 1082 1950 in
1123 1901 1333 1967 signum
1369 1915 1476 1951 suae
1515 1900 1707 1954 salutis
1741 1910 1863 1968 post
1893 1910 2121 1955 mortem

535 1990 842 2053 exhalasse,
882 1990 972 2058 qui
1000 1991 1176 2044 adhuc
1212 1990 1318 2044 vivi
1352 1992 1576 2060 gratiam
1610 1993 1826 2061 quidem
1859 1994 2116 2060 baptismi

541 2081 848 2146 habebant,
884 2092 940 2136 ut
982 2097 1192 2146 omnes,
1227 2085 1320 2139 sed
1369 2083 1439 2138 ob
1471 2084 1840 2154 captivitatem
1873 2095 1928 2138 et
1971 2085 2122 2156 igno-

538 2173 766 2226 rantiam
798 2177 992 2228 trientis
1026 2190 1137 2228 sua:
1169 2190 1273 2230 non
1305 2190 1426 2228 cum
1451 2191 1513 2230 ea
1569 2176 1794 2244 mystice
1817 2178 2123 2231 communi-

537 2271 820 2318 caverunt.
850 2263 957 2319 Alii
998 2265 1176 2318 adhuc
1209 2266 1260 2319 in
1291 2276 1522 2334 utraque
1553 2265 1768 2320 laudem
1808 2267 2031 2332 habent,
2065 2267 2119 2320 in

539 2355 841 2424 psalmodia
871 2365 926 2411 et
961 2356 1014 2409 in
1045 2357 1312 2420 oratione,
1339 2367 1392 2410 et
1438 2358 1518 2412 sic
1569 2361 1792 2429 degunt,
1823 2359 1996 2427 gratia
2039 2359 2121 2411 di-

540 2452 636 2502 tati
663 2463 877 2516 semper
907 2458 1122 2517 agente,
1147 2461 1199 2502 et
1226 2465 1502 2520 nunquam
1535 2451 1694 2504 obice
1722 2450 1830 2503 ullo
1856 2451 2116 2518 impediti.

538 2542 645 2596 Alii
697 2531 916 2596 demum
970 2556 1138 2608 usque
1184 2542 1250 2595 ad
1299 2544 1458 2596 linem
1519 2543 1754 2596 maxima
1811 2541 2122 2611 polluerunt

539 2631 742 2699 quiete.
765 2630 929 2686 vitam
954 2633 1215 2699 priVatam
1239 2638 1486 2700 agentes,
1510 2632 1759 2685 oratione
1783 2632 1893 2684 sola
1916 2632 2120 2699 optime

541 2722 807 2788 contenti,
833 2732 890 2776 ut
912 2722 1013 2776 soli
1054 2737 1178 2776 eum
1203 2723 1340 2784 solo,
1376 2722 1485 2776 Deo
1519 2722 1654 2776 uniti
1682 2737 1695 2772 :
1724 2741 1844 2774 nam
1869 2720 2116 2787 perfecti,

540 2823 600 2867 ut
655 2813 909 2876 diximus,
967 2815 1149 2868 omnia
1203 2813 1407 2877 valent,
1470 2815 1522 2866 in
1571 2815 1918 2867 confortantc
1974 2814 2118 2878 ipsos

540 2901 780 2965 Christo,
823 2902 910 2958 cui
942 2902 1113 2972 gloria
1138 2902 1190 2954 in
1219 2902 1414 2956 saecula
1448 2903 1790 2956 saeulurum.
1819 2905 2008 2955 Amen.

2218 1905 2324 1966 ἕως
2360 1904 2548 1966 τέλους
2575 1904 2918 1974 ἐκράτησαν·
2949 1901 3132 1954 πολλοὶ
3188 1900 3295 1970 γάρ
3329 1900 3436 1951 ἀπὸ
3473 1899 3790 1970 πρακτιής

2216 1989 2377 2062 ἦλθον
2399 1995 2478 2055 εἰς
2513 1993 2766 2064 θεωρίαν,
2785 1993 2879 2046 καὶ
2909 1992 3256 2046 κατέπαυσαν
3287 1991 3352 2042 ὲκ
3376 1989 3623 2050 πάντων,
3652 1990 3792 2041 σαόο

2216 2085 2532 2148 ϐατίσαντες
2582 2084 2723 2139 κατὰ
2775 2087 2868 2139 τὸν
2899 2082 3263 2153 πνευματικὸν
3289 2085 3474 2154 νόμον,
3509 2081 3688 2135 καιὲν
3716 2078 3797 2131 τῶ

2215 2176 2333 2246 Θεῷ
2369 2177 2516 2247 μόνῳ
2541 2177 2914 2245 εὐφραίνοντο,
2945 2174 3335 2244 κεκορεσμένοι
3356 2174 3454 2241 τῆς
3485 2170 3636 2235 θείας
3654 2188 3787 2243 τρυ-

2216 2268 2341 2334 φῆς,
2369 2267 2463 2320 καὶ
2499 2267 2574 2336 μὴ
2604 2264 3045 2336 συγχωρούμενοι
3065 2262 3360 2333 ψάλλειν,ἢ
3385 2261 3513 2314 ἄλλο
3543 2279 3597 2313 τι
3627 2255 3791 2328 μελε-

2213 2361 2313 2428 τᾷν
2335 2357 2486 2427 παρὰ
2510 2359 2607 2428 τῆς
2635 2359 2855 2433 χάριτος
2875 2375 2889 2388 ο
2922 2358 3002 2419 είς
3031 2356 3290 2424 ἔκπληξιν
3342 2354 3493 2415 ὄντες
3526 2352 3634 2413 ἕως
3661 2368 3784 2404 και-

2220 2449 2336 2518 ροῦ,
2390 2449 2695 2518 φθάσαντες
2733 2449 2844 2500 τῶν
2877 2446 3118 2518 ὀρεκτῶν
3148 2447 3208 2498 τὸ
3240 2445 3468 2520 ἔσχατον
3521 2441 3787 2511 μερικῶς,

2215 2539 2289 2599 ὡς
2340 2539 2396 2588 ἐν
2449 2537 2749 2607 ἁρῤαϐὦνι.
2787 2536 2969 2590 ’Ἄλλοι
2998 2536 3055 2589 δὲ
3099 2535 3204 2597 ’έως
3233 2535 3417 2594 τέλους
3449 2535 3506 2584 ἐν
3539 2532 3618 2602 τῷ
3645 2550 3790 2602 xpu-

2217 2627 2390 2696 κτικῷ
2429 2627 2711 2695 ἐσώθησαν
2743 2625 3119 2694 κοιμηθέντες,
3171 2623 3270 2692 τὴν
3321 2619 3675 2675 ἀνταπόδοσιν
3731 2621 3790 2670 ὲν

2216 2718 2294 2788 τῷ
2335 2717 2577 2786 μέλλοντι
2638 2716 3010 2786 ἐκδεχόμενον
3060 2715 3203 2776 τινὲς
3255 2714 3310 2765 δὲ
3360 2714 3418 2763 ἐν
3450 2711 3525 2778 τῷ
3572 2709 3790 2778 θανάτῳ

2221 2810 2752 2880 πληροφορηθέντες,
2785 2810 2860 2868 ὡς
2896 2808 3032 2878 μετὰ
3065 2808 3291 2860 θάνατον
3327 2807 3656 2874 μυρίσαντες
3707 2804 3790 2865 είς

2220 2902 2442 2966 ἔνδειξιν
2465 2904 2562 2971 τῆς
2591 2902 2797 2956 ἑαυτῶν
2823 2899 3111 2970 σωτηρίας,
3153 2899 3251 2967 τὴν
3289 2900 3446 2968 χάριν
3469 2895 3561 2947 τοῦ
3593 2893 3790 2963 βαπτί-

545 3025 754 3076 σματος
780 3006 1020 3074 ἔχοντες,
1058 3002 1134 3064 ὡς
1155 2991 1396 3062 πάντες,
1428 2999 1524 3051 καὶ
1562 2997 1649 3050 διὰ
1679 2995 1776 3068 τὴν
1805 2995 2193 3065 αἰχμαλωσίαν
2226 2997 2320 3050 καὶ
2341 3004 2440 3070 τὴν
2461 3000 2738 3068 ἀγνωσίαν
2762 2999 2856 3051 τοῦ
2890 2998 3010 3061 νοὸς
3032 2993 3211 3049 αὐτῶν
3243 2993 3326 3063 μὴ
3350 2991 3787 3058 κοινωνήσαντες

543 3105 820 3172 μυστικῶς
858 3102 978 3172 μετ’
1006 3099 1180 3169 αὐτῆς
1209 3099 1292 3150 ἑτι
1340 3095 1543 3159 ζῶντες
1576 3115 1591 3128 ·
1647 3084 1825 3166 ἕτεροι
1853 3093 1910 3146 δὲ
1941 3093 1999 3145 έν
2027 3095 2362 3164 ἀμφοτέροις
2407 3095 2780 3165 εὐδοκιμοῦσι,
2823 3096 2890 3164 τῇ
2937 3089 3231 3162 ψαλμῳδίᾳ
3269 3086 3363 3140 καὶ
3390 3087 3456 3154 τῇ
3482 3087 3785 3175 προσευχῇ,

543 3207 638 3257 καὶ
678 3201 822 3255 οὕτω
853 3200 1126 3267 διάγουσι,
1163 3194 1428 3248 πλουσίαν
1465 3193 1680 3262 ἔχοντες
1715 3193 1815 3261 τὴν
1847 3191 2012 3260 χάριν
2055 3192 2133 3253 ὡς
2165 3192 2500 3263 ἀεικίνητον,
2552 3196 2645 3246 καὶ
2683 3192 2952 3262 μηδέποτε
3000 3191 3064 3242 ἐκ
3102 3205 3249 3266 τινος
3302 3183 3725 3256 ἐμποδιζόμενοι
3759 3193 3778 3209 ⁶

540 3302 694 3358 ἄλλοι
720 3300 777 3352 δὲ
810 3298 914 3360 ἕως
940 3297 1130 3355 τέλους
1164 3293 1404 3361 μάλιστα
1425 3292 1523 3358 τὴν
1555 3289 1790 3358 ἡσυχίαν
1815 3287 2126 3357 ἐκράτησαν
2161 3286 2372 3343 ἰδιῶται
2401 3288 2577 3350 ὄντες,
2601 3287 2934 3357 ἀρκούμενοι
2963 3285 3020 3336 ιν
3046 3285 3112 3353 τῇ
3143 3280 3421 3348 προσευχῇ
3449 3278 3612 3344 μόνον
3643 3280 3785 3327 πάνυ

541 3364 746 3460 xum-ig,
782 3395 857 3456 ὼς
889 3394 1043 3458 μόνοι
1077 3389 1216 3458 πρὸς
1237 3367 1414 3455 ’μόνον
1445 3385 1580 3436 Θεὸν
1602 3381 1898 3438 ἑνωθέντες
1928 3397 1941 3412 ο
1984 3381 2032 3431 oi
2062 3379 2173 3448 γὰρ
2205 3380 2430 3447 τέλειοι,
2462 3383 2538 3446 ὡς
2571 3383 2821 3449 εἴπομεν,
2858 3381 3036 3433 πάντα
3072 3377 3353 3448 ἰσχύουσιν
3409 3373 3468 3428 ἐν
3495 3369 3574 3442 τῷ
3623 3370 3781 3428 ἐνδυ-

541 3488 814 3560 ναμοῦντι
853 3485 1051 3545 αὐτοὺς
1085 3479 1330 3550 Χριστῷ,
1361 3472 1404 3546 ᾧ
1435 3479 1468 3546 ή
1503 3477 1633 3542 δόξα
1661 3477 1741 3538 εὶς
1773 3476 1898 3536 τοὺς
1929 3475 2133 3536 αἰῶνας
2166 3473 2277 3528 τῶν
2306 3475 2545 3532 αιὼνων.
2578 3477 2774 3546 Ἀμήν,

1129 3843 1380 3912 Ejusdem
1445 3849 1513 3903 ad
1569 3851 1975 3919 interrogantem
2037 3853 2314 3921 quemdam
2351 3853 2415 3906 de
2478 3854 2673 3907 ventris
2723 3853 3080 3909 moderamine
3106 3853 3207 3925 (1).

2119 4068 2175 4082 -ν

610 4309 688 4363 De
722 4319 912 4362 ventre
942 4307 1074 4376 quid
1107 4307 1303 4374 dicam,
1331 4311 1644 4377 passionum
1679 4314 1841 4378 rege?
1876 4314 1929 4364 Si
1976 4331 2102 4381 pos-

545 4402 621 4457 sis
643 4416 766 4455 cum
791 4413 1026 4454 enecare
1055 4411 1109 4453 et
1132 4403 1547 4455 semimortuum
1587 4403 1786 4463 facere,
1825 4420 1890 4458 ne
1922 4408 2106 4458 remit-

541 4503 646 4547 ωε.
673 4491 993 4546 Domiuatur
1023 4491 1176 4555 mihi,
1210 4492 1407 4556 amice,
1427 4505 1481 4546 et
1510 4493 1558 4544 ei
1591 4494 1823 4548 famulor
1852 4505 2112 4549 utservns

539 4595 594 4639 et
623 4585 888 4652 captivus.
930 4583 1028 4637 Est
1057 4595 1390 4652 cooperator
1411 4587 1816 4649 daemonum,et
1852 4589 2110 4641 vitiorum

542 4679 761 4731 domus.
816 4675 921 4729 Per
951 4690 1076 4729 eum
1111 4675 1170 4728 ﬁt
1199 4676 1382 4744 lapsus
1421 4687 1629 4741 noster,
1660 4687 1714 4732 et
1742 4693 1838 4744 per
1866 4694 1990 4732 eum
2023 4671 2110 4731 re-

541 4768 833 4830 surrectio.
892 4783 1016 4822 cum
1048 4769 1294 4823 ordinem
1329 4777 1548 4834 servat;
1581 4778 1634 4823 et
1671 4784 1766 4838 per
1805 4785 1930 4824 eum
1961 4771 2109 4823 exci-

543 4858 724 4913 dimus
752 4859 925 4926 prima
963 4859 1311 4928 secundaque
1339 4859 1601 4928 dignitate
1657 4863 1865 4918 divina.
1924 4862 2109 4928 Quare

544 4960 801 5016 corrupto
840 4954 1008 5002 veteri
1031 4949 1272 5013 homine,
1303 4954 1544 5005 renovati
1575 4952 1834 5005 sumusin
1855 4954 2108 5016 ChriSto;

544 5038 644 5093 sed
662 5053 789 5094 ecce
818 5041 1012 5108 relapsi
1042 5056 1232 5096 sumus
1254 5057 1426 5111 nuper
1458 5061 1487 5096 a
1513 5043 1642 5107 Deo,
1675 5061 1774 5110 per
1804 5056 2108 5115 tranSgres-

547 5131 756 5185 sionem
797 5135 1174 5188 mandatorum
1208 5133 1437 5205 gratiam
1498 5138 1549 5190 in
1611 5138 1856 5205 profectu
1889 5153 2112 5194 conser-

549 5221 792 5274 vantium
848 5233 902 5275 et
931 5225 1272 5292 augentium,
1303 5226 1430 5281 licet
1461 5243 1572 5296 pra:
1603 5228 1906 5296 ignorantia
1946 5230 2120 5284 simus

549 5317 702 5382 elati,
766 5328 1026 5387 putantes
1080 5335 1178 5378 nos
1224 5338 1347 5377 eum
1411 5322 1521 5377 Deo
1552 5338 1692 5379 esse.
1735 5323 1900 5377 Valde
1933 5334 2116 5377 autem

553 5409 813 5465 differunt
860 5411 1159 5468 nutrimine
1222 5427 1473 5482 corpora,
1509 5426 1570 5468 ut
1603 5413 1790 5469 Patres
1819 5415 2115 5468 dixerunt:

559 5517 684 5555 nam
737 5503 827 5557 uni
882 5504 1135 5571 multum,
1195 5505 1349 5560 alteri
1407 5521 1596 5574 parum
1627 5508 1868 5578 exigitur
1897 5507 1966 5559 ad
2001 5522 2096 5560 sus

550 5594 804 5650 tincndas
832 5597 1112 5654 naturales
1131 5596 1251 5668 ejus
1281 5598 1446 5664 vires.
1467 5608 1522 5654 et
1543 5599 1737 5667 cuique
1769 5613 1866 5667 pro
1889 5597 1936 5651 vi
1951 5607 2006 5654 et
2023 5598 2120 5652 ha-

2297 4315 2430 4381 Περὶ
2467 4312 2566 4379 τῆς
2614 4314 2846 4386 γαστρὸς
2890 4313 2944 4365 τί
2990 4315 3148 4378 εἴπω,
3180 4312 3278 4382 τῆς
3319 4311 3642 4383 βασιλίσσης
3679 4311 3793 4363 τῶν

2223 4404 2440 4469 παθῶνς
2481 4404 2604 4456 Ἐὰν
2634 4402 2870 4475 δυνηθῇς
2901 4405 3174 4472 νεκρῶσαι
3195 4404 3391 4473 αὐτὴν,
3423 4406 3517 4455 καὶ
3551 4403 3793 4472 ἡμιθανῆ

2221 4494 2660 4563 ἀπεργάσασθαι,
2695 4495 2770 4565 μὴ
2799 4494 3055 4568 ἐνδώσῃς.
3079 4497 3483 4565 Κατεκυρίευσέ
3513 4513 3636 4564 μου,
3657 4497 3793 4560 ἁγα-

2223 4587 2380 4658 πητὲ,
2410 4589 2503 4640 καὶ
2539 4586 2785 4656 λατρεύω
2816 4585 2988 4659 ταύτῃ
3025 4585 3100 4656 ὡς
3128 4585 3310 4648 δοῦλος
3335 4585 3506 4653 αὐτῆς
3536 4584 3632 4637 καὶ
3661 4583 3795 4636 ὑπό-

2223 4679 2464 4743 σπονδος,
2511 4681 2543 4748 ἡ
2579 4679 2840 4748 συνεργὸς
2869 4679 2978 4730 τῶν
3032 4678 3324 4748 δαιμόνων,
3351 4679 3442 4730 καὶ
3470 4678 3531 4729 τὸ
3554 4677 3663 4729 τῶν
3691 4695 3794 4728 πα-

2223 4764 2332 4824 θῶν
2364 4772 2804 4840 κατοικητήριον
2835 4770 2904 4822 δι’
2943 4771 3114 4839 αὐτῆς
3144 4772 3254 4840 γὰρ
3286 4771 3492 4836 γίνεται
3517 4771 3550 4837 ἡ
3584 4769 3793 4829 πτῶσις

2222 4865 2398 4933 ἡμῶν,
2430 4864 2524 4916 καὶ
2549 4864 2616 4916 δι’
2641 4865 2810 4932 αὐτῆς
2845 4865 2877 4933 ή
2909 4863 3226 4926 ἀνάστασις,
3252 4863 3381 4916 ὅταν
3405 4863 3663 4930 εὐτακτῇ,
3697 4860 3795 4913 καὶ

2221 4951 2288 5003 δι’
2325 4951 2490 5021 αὐτῆς
2537 4951 2970 5021 ἐκπεπτώκαμεν
3015 4951 3108 5005 τοῦ
3138 4951 3358 5020 πρώτου
3402 4954 3494 5003 καὶ
3530 4950 3788 5018 δευτέρου

2196 5041 2525 5113 ’ἀξιώματος
2559 5043 2652 5099 τοῦ
2677 5043 2877 5098 θεῖκοῦ.
2901 5045 3044 5096 Διότι
3074 5043 3460 5114 διαφθαρέντος
3489 5042 3583 5094 τοῦ
3613 5042 3790 5109 ἀρχῆ-

2223 5137 2335 5200 θεν,
2399 5137 2558 5190 πάλιν
2609 5136 3070 5204 ἁνεκαινίσθημεν
3114 5139 3173 5188 ὲν
3223 5134 3486 5204 Χριστῷ,
3542 5135 3636 5186 καὶ
3676 5133 3786 5185 ἰδοὺ

2221 5230 2636 5290 ἐκπεπτωκότες
2674 5229 2839 5298 ἐσμὲν
2863 5228 2988 5297 ἄρτι
3019 5230 3083 5281 ἐκ
3110 5226 3204 5280 τοῦ
3242 5226 3402 5292 Θεοῦ,
3428 5226 3517 5279 διὰ
3541 5225 3642 5294 τῆς
3676 5225 3787 5277 τῶν

2221 5318 2450 5371 ἐντολῶν
2480 5317 2757 5386 ἀμελείας,
2792 5319 2898 5369 τῶν
2927 5317 3308 5384 φυλασσόντων
3327 5317 3419 5368 καὶ
3447 5315 3784 5380 αὐξανόντων

2219 5409 2319 5476 τὴν
2351 5408 2510 5477 χάριν
2535 5409 2594 5460 ὲν
2620 5410 2892 5477 προκοπῇ,
2927 5407 3030 5459 κᾶν
3060 5407 3384 5474 ἀγνοοῦντες
3410 5405 3780 5474 ὲπαιρὼμεθα.

2223 5497 2502 5560 δοκοῦντες
2531 5496 2668 5566 μετὰ
2708 5496 2844 5550 Θεοῦ
2891 5492 3051 5550 εἶναι.
3087 5495 3293 5559 Πολλὰς
3343 5497 3400 5550 δὲ
3441 5495 3699 5566 διαφορὰς
3724 5497 3781 5546 ἐν

2220 5590 2291 5658 τῇ
2343 5590 2515 5658 τροφῇ
2545 5587 2725 5656 ἔχουσι
2772 5587 2843 5642 τὰ
2876 5586 3124 5658 σώματα,
3175 5587 3250 5651 ὡς
3281 5589 3331 5641 οε
3361 5587 3604 5659 Ιιατέρες
3630 5589 3779 5658 εἰρή-

627 5777 704 5848 (l)
740 5778 870 5839 Sine
898 5781 1056 5839 titulo
1085 5781 1140 5840 in
1167 5781 1375 5838 Graeco.
1398 5779 1680 5852 Supplevit
1707 5782 2000 5852 interpres.
2042 5782 2198 5840 Εοιτ.
2233 5781 2404 5839 Pun.
