4122 6322
1637 298 1686 307 ,ραι
1696 298 1712 304 ς.
1726 295 1826 304 -κς-οιη
1855 296 1884 303 ..-

384 464 516 532 1337

1419 471 1512 533 PR
1525 472 1826 534 IECEPTA
1872 473 1974 531 AD
2019 472 2582 539 HESYCHASTAS.

3489 473 3617 541 1338

382 600 529 644 κασι,
560 582 653 635 καὶ
701 583 731 634 ὁ
771 581 870 651 μὲν
906 582 1104 650 ὀλίγον,
1132 581 1251 650 ὁγδὲ
1280 581 1415 638 πολύ
1449 581 1629 636 δέεται
1656 583 1790 653 πρὸς
1852 585 1943 637 σύ-

2045 586 2160 642 bitu
2188 588 2506 658 requiritur.
2534 589 2784 642 Attamen
2829 587 3087 656 quietista
3119 603 3339 658 semper
3371 589 3622 644 esuriens

384 690 569 731 στασιν
625 674 722 742 τῆς
747 673 983 743 φυσικῆς
1012 673 1176 726 αὐτοῦ
1215 673 1515 743 δυνάμεως,
1546 674 1775 737 ἕκαστος
1802 675 1944 728 κατὰ

380 768 477 836 τὴν
509 766 738 837 δύναμιν
785 766 880 819 καὶ
932 769 1031 834 τὴν
1081 767 1192 830 ἕξιν
1237 767 1671 838 ὲπαρκούμενος.
1706 767 1944 839 Ὅμωςὸ

380 859 686 927 ἡσυχάζων,
730 857 960 910 πάντοτε
995 856 1180 926 ἐνδεὴς
1203 856 1407 925 ὀφείλει
1437 854 1596 921 εἶναι,
1631 857 1706 928 μὴ
1754 874 1945 926 κορενοι

381 949 624 1018 νύμενοςο
659 948 1026 1018 βαρυνομένου
1086 950 1194 1018 γὰρ
1252 947 1348 1000 τοῦ
1396 948 1690 1018 στομάχου,
1721 945 1942 1001 καὶτοῦ

378 1040 492 1102 νοὸς
520 1039 844 1101 θολωθέντος
875 1039 964 1092 διὰ
991 1038 1202 1104 τούτου,
1232 1038 1352 1093 οὐδὲ
1387 1040 1693 1110 προσευχὴν
1722 1037 1943 1092 δύναται

377 1131 552 1198 λέγειν
585 1131 882 1202 κραταιῶς,
913 1131 946 1200 ἢ
981 1130 1258 1200 καθαρῶς,
1312 1131 1425 1183 ἀλλ’
1480 1132 1545 1183 ἐκ
1591 1131 1690 1200 τῆς
1741 1128 1943 1184 ἀναθυ-

379 1224 614 1294 μιάσεως
639 1221 748 1274 τῶν
778 1220 988 1274 πολλῶν
1020 1219 1323 1291 βρωμάτων
1344 1221 1422 1290 τῷ
1451 1219 1603 1290 ὕπνῳ
1631 1237 1840 1289 καταφε
1851 1219 1942 1290 ρό-

379 1333 559 1386 μενος,
587 1314 917 1384 κοιμηθῆναι
941 1314 1152 1382 ταχέως
1181 1314 1452 1376 ἐπιποθεῖ,
1487 1312 1547 1377 ἐξ
1568 1306 1629 1366 οὗ
1651 1311 1942 1382 φαντασίαι

375 1409 732 1480 ἀναρίθμητοι
779 1410 836 1460 ἐν
867 1407 945 1477 τῷ
971 1407 1124 1477 ὕπνῳ
1174 1406 1527 1459 ἐπιπίπτουσι
1579 1407 1658 1476 τῷ
1686 1406 1784 1458 νοΐ.
1817 1405 1941 1459 Τοι-

374 1498 577 1570 γαροῦν
602 1499 678 1565 τῷ
713 1497 1020 1568 βουλομένῳ
1072 1497 1349 1567 σωτηρίας
1393 1499 1599 1566 τυχεῖν,
1633 1496 1728 1548 καὶ
1752 1495 1934 1566 βιαζο-

377 1593 521 1661 μένῳ
572 1589 664 1648 διὰ
716 1589 806 1642 τὸν
870 1587 1074 1661 Κύριον
1135 1589 1352 1658 ἡσύχως
1383 1588 1600 1656 βιῶναι,
1629 1587 1816 1656 ἄρτου,
1864 1588 1939 1650 ὡς

371 1684 547 1752 οἶμαι,
578 1681 736 1751 λίτρα
766 1682 943 1736 ίκανοῖ
994 1681 1167 1748 αὐτῷ,
1223 1681 1318 1733 καὶ
1373 1680 1585 1744 ὓδατος,
1631 1681 1726 1732 καὶ
1770 1680 1935 1742 οίνου,

372 1774 511 1826 κατὰ
529 1773 628 1842 τὴν
654 1772 890 1842 ἡμέραν,
915 1771 1064 1840 τρία,
1093 1771 1125 1840 ἢ
1155 1772 1398 1842 τέσσαρα
1423 1773 1680 1842 ποτήρια,
1708 1770 1802 1823 καὶ
1831 1769 1938 1822 ἀπὸ

368 1865 478 1922 τῶν
535 1864 963 1934 παρατυχόντων
1019 1861 1325 1934 βρωμάτων
1355 1861 1537 1929 ὀλίγον
1597 1863 1662 1915 ἐκ
1720 1861 1938 1914 πάντων

370 1957 511 2016 κατὰ
532 1956 723 2022 καιρὸν
755 1953 1208 2023 μεταλαμϐάνειν,
1259 1954 1646 2022 ἀπωθούμενον
1674 1953 1773 2020 τὴν
1799 1949 1935 2017 πλη-

372 2046 593 2116 σμονὴν,
629 2045 713 2098 ἵνα
753 2046 855 2099 κάν
901 2045 1074 2115 τούτῳ
1106 2043 1283 2114 σοφῶς
1334 2045 1696 2115 χρησάμενος,
1728 2042 1820 2096 τὸν
1844 2038 1939 2096 τύν-

370 2157 467 2208 φον
493 2139 580 2192 διὰ.
612 2140 709 2207 τῆς
741 2141 806 2192 ἐκ
834 2140 1051 2193 πάντων
1089 2138 1447 2210 μεταλήξξεως
1485 2138 1743 2206 ἐκφυγεῖν
1775 2134 1934 2202 δυνή-

370 2247 550 2299 σηται,
606 2232 698 2283 καὶ
752 2231 821 2282 τὰ
869 2230 962 2283 τοῦ
994 2229 1129 2283 Θεοῦ
1186 2229 1304 2283 λίαν
1333 2230 1474 2284 καλὰ
1529 2230 1810 2299 ποιήματα
1859 2225 1935 2295 μὴ

373 2318 695 2390 βδελύξοιτο,
719 2321 1055 2393 εὐχαριστῶν
1084 2322 1230 2392 αὐτῷ
1259 2323 1398 2393 ὑπὲρ
1422 2321 1658 2374 πάντωνο
1681 2319 1774 2372 καὶ
1797 2317 1932 2386 αὓτη

365 2419 474 2479 τῶν
498 2417 776 2489 φρονίμων
827 2420 859 2486 ἡ
917 2418 1211 2488 διάκρισις.
1244 2421 1370 2482 Τοῖς
1397 2419 1454 2472 δὲ
1481 2419 1767 2474 ἀσθενοῦσι
1798 2419 1943 2479 κατὰ

368 2512 570 2573 πίστιν,
613 2510 711 2565 καὶ
747 2509 891 2566 κατὰ
915 2509 1116 2581 ψυχὴν,
1171 2512 1206 2582 ἡ
1257 2513 1436 2582 ἀποχὴ
1484 2511 1642 2564 πλέον
1677 2511 1944 2581 συμφέρει

367 2603 477 2656 τῶν
505 2603 802 2671 ἐδωδίμων,
826 2598 906 2666 οἷς
931 2603 1140 2672 λάχανα
1167 2603 1370 2656 ἐσθίειν
1417 2603 1702 2656 ἐκέλευσεν
1731 2603 1759 2654 ὁ
1793 2602 1947 2667 Ἀπό-

347 2693 575 2761 ’στόλος,
617 2695 706 2748 διὰ
749 2697 811 2750 τὸ
856 2697 929 2766 μὴ
963 2696 1246 2748 πιστεύειν
1275 2695 1470 2766 αὐτοὺς
1497 2695 1562 2748 ἐκ
1595 2693 1730 2747 Θεοῦ
1771 2693 1943 2762 φυλα-

347 2787 582 2860 χθῆναι.
611 2787 675 2839 Τί
730 2787 789 2839 δέ
829 2804 910 2839 σοι
971 2789 1132 2848 εἴπω,
1155 2787 1239 2839 ὅτι
1273 2787 1476 2840 κανόνα
1531 2783 1823 2856 ἐζήτησας,
1850 2785 1946 2838 καὶ

370 2879 534 2949 βάρος
584 2879 743 2942 πολὺ,
783 2879 960 2948 γέρων
1009 2877 1120 2942 ὥνς
1181 2880 1434 2945 νεώτεροι
1483 2879 1544 2930 οὐ
1601 2878 1852 2937 δύνανται
1885 2879 1946 2932 ἐν

370 2968 598 3040 σταθμῷ
627 2970 726 3022 καὶ
778 2970 982 3040 μέτρῳ,
1021 2970 1116 3022 καὶ
1158 2969 1274 3030 πῶς
1311 2971 1375 3022 σὺ
1439 2969 1736 3038 κρατήσεις
1775 2969 1941 3034 αὐτό;

366 3060 479 3129 Τὴν
509 3059 826 3131 ἐλευθερίαν
881 3059 989 3129 γὰρ
1039 3060 1242 3131 πρέπει
1277 3077 1358 3112 σοι
1403 3061 1624 3129 κρατεῖν
1668 3061 1728 3112 ἐν
1757 3043 1944 3125 παντὶ,

365 3151 600 3204 ἐσθίοντι
620 3166 634 3180 ⁸
663 3152 711 3202 εἰ
747 3151 807 3203 δὲ
837 3151 1088 3221 ἤττασαι,
1135 3149 1442 3221 μεταμελοῦ
1462 3190 1476 3210 ,
1506 3150 1602 3204 καὶ
1635 3150 1796 3204 πάλιν
1825 3151 1946 3204 ἐπι-

2045 679 2204 732 debet
2226 693 2371 745 esse,
2407 693 2518 734 non
2553 687 2869 736 saturatos:
2901 687 3127 750 gravato
3157 680 3306 734 enim
3337 679 3620 735 stomacho

2042 779 2098 823 et
2131 779 2308 826 mente
2338 787 2434 839 per
2469 771 2614 827 hunc
2650 772 2890 837 turbata,
2941 787 3050 827 non
3088 781 3267 842 potest
3313 772 3616 825 orationem

2045 860 2228 916 dicere
2287 861 2507 918 fortiter
2553 878 2618 916 ac
2681 877 2839 933 pure,
2894 862 2991 918 sed
3027 863 3320 916 multorum
3369 861 3615 915 ciborum

2045 952 2342 1020 vaporibus
2375 951 2441 1005 ad
2491 967 2741 1007 somnum
2775 962 2983 1024 raptus,
3041 954 3241 1008 cubare
3288 955 3396 1009 cito
3445 953 3614 1020 cupit,

2044 1046 2187 1100 unde
2245 1043 2529 1099 innumera
2571 1045 2626 1099 in
2676 1061 2868 1101 somno
2901 1047 3280 1116 phantasmata
3332 1047 3501 1102 menti
3535 1047 3618 1098 in-

2047 1143 2273 1206 gruunt.
2317 1135 2464 1203 Ergo
2487 1136 2694 1190 volenti
2726 1137 2954 1193 salutem
2985 1137 3268 1204 consequi,
3300 1147 3354 1191 et
3398 1136 3615 1190 conanti

2043 1234 2266 1295 propter
2326 1226 2614 1281 Dominum
2665 1229 2848 1296 quiete
2897 1230 3102 1294 vivere,
3137 1229 3318 1299 panis,
3369 1236 3428 1281 ut
3463 1237 3614 1296 puto,

2042 1317 2182 1371 libra
2211 1315 2427 1382 sufﬁcit,
2469 1329 2523 1372 et
2567 1333 2723 1386 aqua:
2778 1333 2842 1374 ac
2879 1319 2990 1372 vini
3030 1320 3131 1373 tria
3185 1320 3264 1374 vel
3297 1331 3496 1388 quator
3527 1336 3620 1387 po-

2055 1408 2282 1472 cula,et
2334 1422 2401 1463 ex
2451 1410 2868 1464 occurrentibus
2916 1409 3056 1465 cibis
3104 1411 3355 1466 omnibus
3388 1425 3618 1480 paucum

2043 1501 2348 1564 desutnere,
2405 1500 2605 1566 reiecta
2656 1502 2833 1570 c0pia,
2890 1509 2947 1555 ut
2979 1503 3084 1557 hoc
3128 1518 3303 1572 pauco
3342 1503 3621 1572 sapienter

2044 1601 2226 1654 utens,
2296 1592 2604 1660 superbiam
2673 1593 2940 1646 sumendo
2990 1607 3059 1647 ex
3113 1594 3364 1648 omnibus
3434 1595 3621 1662 fugere

2043 1685 2236 1751 possit,
2271 1693 2326 1737 et
2365 1683 2731 1752 pulcherrima
2760 1684 2855 1738 Dei
2915 1699 3078 1755 opera
3130 1701 3236 1740 non
3297 1686 3616 1750 abhorreat,

2043 1774 2246 1844 gratias
2279 1775 2325 1828 ei
2359 1791 2526 1844 agens
2557 1777 2626 1830 de
2660 1778 2949 1833 omnibus:
2981 1788 3033 1832 et
3061 1779 3164 1833 hoc
3187 1788 3271 1833 est
3292 1779 3618 1846 sapientium

2040 1868 2330 1938 judicium.
2361 1867 2597 1923 Infit-mis
2628 1880 2806 1923 autem
2843 1870 2947 1925 ﬁde
2976 1880 3031 1926 ct
3069 1872 3250 1926 anima
3294 1873 3466 1941 magis
3492 1887 3622 1942 pro‘

2047 1961 2166 2015 dest
2195 1962 2381 2014 carnis
2408 1961 2776 2018 abstinentia:
2811 1962 3008 2032 quibus
3049 1963 3316 2033 legumina
3363 1966 3622 2033 praecepit

2044 2054 2358 2122 Apostolus,
2399 2054 2524 2122 quia
2560 2067 2666 2106 non
2698 2053 2930 2108 credunt
2959 2055 3057 2125 ipsi
3088 2070 3148 2110 se
3176 2070 3205 2107 a
3257 2053 3369 2108 Deo
3397 2069 3622 2109 servan-

2048 2147 2166 2200 dos.
2231 2144 2370 2210 Quid
2425 2159 2551 2200 vero
2603 2145 2696 2199 tibi
2763 2144 2938 2198 dicam
3025 2145 3285 2213 quaerenti
3351 2146 3620 2215 regulam,

2050 2252 2216 2305 grave
2243 2239 2459 2307 pondus
2488 2237 2733 2291 seniori?
2761 2237 2819 2290 ις]
2839 2237 3088 2307 juniores
3117 2252 3223 2292 non
3266 2238 3536 2291 sustinent
3567 2239 3620 2291 in

2050 2339 2256 2383 statera
2289 2340 2340 2383 et
2374 2343 2650 2392 mensura,
2684 2337 2738 2382 et
2767 2329 3037 2397 quomodo
3069 2339 3124 2383 tu
3186 2328 3412 2384 suﬂ'eres
3451 2329 3620 2383 illud?

2046 2419 2374 2476 Libertatem
2436 2420 2531 2474 tibi
2599 2421 2906 2475 comedenti
2973 2421 3231 2476 convenit
3292 2435 3516 2475 servare
3565 2421 3622 2475 in

2047 2513 2342 2578 omnibus;
2403 2513 2548 2581 quod
2601 2514 2647 2567 si
2711 2514 2970 2575 vincaris,
3027 2512 3308 2582 resipisce,
3344 2521 3398 2566 et
3447 2526 3621 2568 novos

2048 2605 2245 2658 adhibe
2277 2605 2451 2666 nisus,
2488 2620 2587 2657 nec
2623 2605 2810 2659 desine
2841 2605 2918 2659 sic
2953 2603 3134 2658 facere
3163 2619 3398 2672 semper,
3433 2607 3620 2671 lapsus

2045 2711 2350 2762 resurgere,
2404 2711 2468 2751 ac
2505 2706 2858 2752 contemnere
2887 2712 3101 2764 semper
3131 2705 3184 2750 te
3222 2698 3398 2765 ipsum
3428 2736 3444 2760 ,
3508 2711 3620 2749 non

2047 2800 2172 2840 vero
2204 2787 2390 2850 alium.
2440 2797 2493 2840 ct
2521 2788 2744 2841 habebis
2807 2789 3070 2856 requiem,
3135 2788 3410 2855 sapienter
3462 2801 3622 2840 casus

2045 2879 2096 2931 in
2135 2879 2419 2932 victoriam
2449 2891 2688 2940 vertens,
2713 2879 2864 2944 juxta
2909 2879 3270 2948 Scripturam.
3331 2879 3410 2934 Ne
3447 2891 3621 2932 tamen

2043 2969 2282 3022 excedas
2342 2984 2650 3022 mensuram
2700 2984 2864 3037 quam
2901 2979 3062 3023 antea
3113 2969 3620 3033 determinavimus,

2043 3067 2101 3114 et
2132 3058 2330 3112 suﬂicit
2359 3058 2495 3112 tibi:
2551 3073 2729 3127 neque
2789 3059 2938 3114 enim
2993 3067 3204 3113 tantum
3266 3059 3624 3113 corroborant

2044 3163 2242 3218 corpus
2307 3148 2412 3201 alia
2493 3147 2770 3208 alimenta,
2823 3160 3088 3217 quantum
3145 3149 3306 3220 panis
3359 3160 3416 3202 et
3468 3163 3624 3218 aqua:

369 3243 647 3314 χείρησον,
679 3243 777 3295 καὶ
837 3241 914 3312 μὴ
959 3241 1142 3312 παύσῃ
1171 3241 1315 3294 οὕτω
1358 3241 1527 3293 ποιῶν
1571 3241 1824 3303 πάντοτε,
1858 3240 1943 3296 πί·

2045 3245 2304 3308 sumptio.
2373 3238 2665 3307 Propterea
2717 3239 2941 3294 dicebat
3011 3241 3295 3310 propheta,
3349 3240 3454 3294 alia
3524 3255 3624 3307 pro

369 3353 541 3399 πτων,
576 3334 668 3386 καὶ
724 3333 1097 3403 ἐγειρόμενος,
1146 3335 1242 3385 καὶ
1292 3333 1642 3402 μεμφόμενος
1664 3331 1751 3384 ἀεὶ
1782 3348 1945 3383 σεαυφ

367 3428 481 3491 τὸν,
512 3426 609 3478 καὶ
639 3426 714 3496 μὴ
743 3425 923 3489 ἄλλον,
957 3427 1050 3478 καὶ
1099 3425 1241 3490 ἕξεις
1282 3426 1610 3486 ἀνάπαυσιν,
1646 3425 1824 3494 σοφῶς
1859 3424 1947 3477 διὰ

367 3517 678 3585 πτωμάτων
708 3515 806 3585 τὴν
840 3516 998 3586 νίκην
1026 3515 1369 3584 ποιούμενος,
1397 3515 1538 3566 κατὰ
1563 3514 1665 3584 τὴν
1698 3514 1942 3584 Γραφήνο

368 3607 508 3676 πλὴν
559 3609 632 3677 μὴ
665 3607 1010 3678 παραϐαίνῃς
1048 3607 1138 3661 τὸν
1176 3608 1302 3678 ὅρον
1347 3607 1406 3660 ὃν
1449 3605 1818 3676 προεθέμεθα,
1850 3606 1946 3658 καὶ

366 3699 532 3767 ἀρκεῖ
559 3713 662 3750 σοι·
695 3697 816 3750 οὐδέ
845 3698 953 3768 γὰρ
988 3697 1285 3766 ρωννύουσι
1327 3699 1386 3752 τὸ
1443 3699 1600 3768 σῶμα
1655 3699 1714 3751 αἱ
1760 3699 1946 3750 λοιπαὶ

370 3788 601 3860 βρώσεις
642 3788 916 3853 τοσοῦτον,
947 3790 1070 3841 ὅσον
1099 3791 1134 3865 ί)
1161 3788 1256 3840 τοῦ
1283 3790 1448 3855 ἄρτου
1500 3789 1592 3841 καὶ
1621 3788 1813 3850 ὓδατος
1849 3805 1944 3857 με-

367 3880 620 3953 τάληψις.
661 3882 759 3935 Διὰ
809 3881 969 3934 τοῦτο
1019 3881 1207 3950 ἔλεγεν
1245 3884 1273 3935 ὁ
1323 3883 1635 3952 Προφήτης,
1680 3883 1762 3934 Τὰ
1809 3881 1946 3934 ἄλλα

367 3975 449 4034 εἰς
499 3972 653 4026 οὐδὲν
685 3972 935 4043 θέμενος,
979 3973 1061 4025 υίέ
1109 3972 1421 4044 ἀνθρώπου,
1473 3972 1698 4043 σταθμῷ
1725 3972 1815 4025 τὸν
1843 3972 1945 4042 ἄρ’

367 4081 461 4117 τον
506 4081 603 4116 σου
655 4065 892 4132 φάγεσαι
942 4065 1037 4116 καὶ
1094 4063 1277 4134 μέτρῳ
1327 4063 1389 4115 τὸ
1422 4061 1565 4132 ὓδωρ
1606 4079 1702 4115 σου
1737 4063 1942 4116 πίεσαιο

367 4157 515 4224 τρεῖς
541 4155 650 4226 γὰρ
687 4157 844 4224 ὅρους
864 4154 978 4225 ἔχει
1024 4157 1057 4225 ἠ
1091 4154 1314 4224 βρῶσις,
1347 4154 1705 4226 ἐγκράτειαν,
1739 4155 1942 4224 αὐτάρ-

371 4265 549 4311 κειαν,
578 4248 672 4300 καὶ
707 4247 890 4318 κόρον.
931 4249 1260 4317 Ἐγκράτειά
1292 4249 1407 4300 ἐστι
1460 4248 1521 4300 τὸ
1552 4249 1743 4319 πεινᾷν
1774 4248 1947 4299 ἐστια·

2043 3330 2216 3385 nihilo
2246 3339 2551 3400 reputans:
2599 3327 2688 3384 «in
2746 3331 2994 3399 pondere
3053 3346 3250 3400 panem
3313 3340 3466 3384 tuum
3512 3345 3624 3385 (ιο-

2043 3422 2251 3484 medes,
2308 3429 2362 3473 et
2383 3433 2580 3489 aquam
2633 3420 2686 3473 in
2717 3434 2972 3474 mensura
3004 3421 3155 3475 bibes
3191 3419 3228 3472 ί.
3275 3437 3296 3470 ι
3321 3419 3457 3472 Nam
3491 3426 3606 3473 tres

2042 3515 2207 3570 habet
2265 3514 2540 3567 nutrimen
2609 3511 2915 3566 terminos:
3011 3511 3449 3580 temperantiam,
3501 3508 3621 3564 fru-

2045 3606 2326 3677 galitatem
2381 3615 2438 3660 et
2477 3604 2844 3660 saturitatem.
2881 3602 2937 3656 In
2991 3603 3370 3672 temperantia,
3435 3611 3623 3671 pastus

2044 3699 2222 3750 adhuc
2275 3695 2494 3759 esurit;
2562 3695 2617 3748 in
2656 3693 2988 3763 frugalitate,
3023 3707 3121 3748 nec
3151 3693 3326 3747 esurit
3362 3707 3465 3747 nec
3497 3707 3622 3761 gra-

2044 3798 2239 3854 vatur;
2300 3787 2352 3840 in
2413 3786 2723 3851 saturitate,
2776 3795 3033 3854 gravatur
3075 3783 3317 3853 paulum.
3357 3783 3467 3837 Sed
3499 3793 3625 3852 post

2048 3881 2386 3936 saturitatem
2434 3881 2614 3933 adhuc
2661 3881 2968 3940 comedere,
3017 3887 3172 3946 porta
3205 3885 3290 3930 est
3341 3875 3621 3948 ingluvjzev

2045 3987 2142 4042 per
2198 3985 2359 4040 quam
2391 3970 2600 4025 luxuria
2638 3970 2957 4038 ingreditur.
2992 3967 3074 4022 'l‘u
3108 3983 3236 4022 vero
3293 3969 3407 4023 haec
3441 3969 3611 4037 probe

2046 4064 2250 4130 sciens,
2306 4077 2405 4132 pro
2465 4062 2670 4116 viribus
2744 4063 2849 4116 tuis
2908 4061 3101 4115 melius
3150 4061 3309 4130 elige,
3366 4076 3472 4133 non
3523 4075 3646 4114 (ιχ-ι

2055 4157 2257 4212 cedens
2283 4156 2523 4210 limites:
2584 4170 2706 4209 nam
2742 4155 2999 4224 perfectis
3051 4156 3312 4224 competit
3377 4153 3619 4221 Apostoli

2053 4248 2224 4302 instar
2253 4247 2495 4313 «satiari,
2531 4257 2587 4302 et
2609 4249 2841 4313 esurire,
2871 4257 2927 4300 et
2953 4248 3131 4300 omnia
3185 4260 3340 4311 posse
3363 4247 3438 4296 '.r

374 4343 538 4395 θέντα
565 4355 581 4371 ⁸
621 4341 928 4410 αὐτάρκεια
969 4343 1048 4407 δὲ,
1091 4345 1152 4395 τὸ
1193 4345 1330 4412 μήτε
1377 4345 1590 4414 πεινᾷν,
1631 4345 1770 4413 μήτε
1812 4342 2095 4414 βαρεῖσθαι
2121 4357 2136 4372 ν
2199 4341 2362 4416 κόρος
2391 4338 2470 4402 δὲ,
2505 4339 2565 4387 τὸ
2601 4337 2867 4404 βαρεῖσθα
2927 4339 3147 4406 μικρόν.
3176 4337 3250 4388 Τὸ
3276 4336 3335 4388 δὲ
3367 4337 3508 4400 μετὰ
3543 4337 3606 4386 τὸ

373 4434 706 4508 κορεσθῆναι
737 4439 902 4492 πάλιν
933 4437 1171 4512 ἐσθίειν,
1205 4437 1348 4506 θύρα
1393 4439 1514 4490 ἐστὶ
1578 4435 2047 4505 γαστριμαργίας,
2105 4431 2170 4484 δι’
2203 4428 2270 4502 ἦς
2301 4433 2333 4499 ἡ
2362 4431 2588 4501 πορνεία
2614 4431 2945 4500 εἰσέρχεται.
2973 4429 3046 4482 Σὺ
3073 4428 3326 4483 δὲταῦτα
3361 4427 3607 4498 ἀκριϐῶς

375 4529 776 4596 ἐπιστάμενος,
804 4530 946 4582 κατὰ
987 4536 1086 4599 τὴν
1116 4531 1216 4599 σὴν
1243 4531 1476 4599 δύναμιν
1509 4530 1572 4583 τὸ
1610 4532 1862 4598 κρεῖττον
1885 4527 2151 4591 ἐπίλεξαι,
2187 4526 2262 4593 μὴ
2308 4525 2658 4596 ὑπερϐαίνων
2698 4524 2824 4584 τούς
2859 4523 3019 4589 ὄρους
3049 4538 3064 4553 ο
3098 4521 3209 4574 τῶν
3237 4519 3349 4589 γὰρ
3379 4520 3607 4572 τελείων

377 4626 502 4678 ἐστὶ
528 4627 623 4680 καὶ
651 4627 836 4690 τοῦτο,
867 4625 1012 4681 κατὰ
1032 4627 1125 4679 τὸν
1165 4627 1222 4677 Ἀ
1235 4624 1517 4684 πόστολον,
1551 4624 1612 4676 τὸ
1647 4623 1863 4692 πεινᾷν,
1892 4623 1988 4674 καὶ
2012 4618 2396 4690 χορτάζεσθαι,
2428 4620 2523 4671 καὶ
2546 4621 2605 4671 ἐν
2629 4619 2766 4670 πᾶσι
2791 4615 3052 4674 δυνατοὺς
3077 4611 3241 4667 εἶναι.

373 4734 508 4800 Περὶ
537 4733 796 4798 πλάνης,
839 4731 908 4782 ἐν
938 4725 986 4797 ᾧ
1017 4733 1112 4783 καὶ
1142 4731 1272 4797 περὶ
1310 4729 1558 4784 πολλῶν
1577 4728 1944 4783 ὑποθέσεων.

443 4827 588 4896 Ὅρα
618 4825 674 4876 δὲ
707 4825 787 4877 ὅτι
820 4823 1078 4894 βούλομαί
1109 4839 1166 4874 σε
1197 4822 1442 4890 ὰκρ;6ῶς
1471 4821 1669 4874 εἰδέναι
1701 4819 1949 4888 περὶτῆς

372 4919 605 4987 πλάνης,
658 4915 752 4969 τοῦ
813 4913 1178 4986 φυλάττεσθαι
1247 4915 1307 4979 ἐξ
1364 4914 1533 4982 αὐτῆς
1565 4953 1581 4978 ,
1638 4913 1836 4982 μήπως
1891 4911 1949 4976 ἐξ

373 5009 598 5078 ἀγνοίας
649 5008 969 5078 φερόμενος,
1015 5005 1217 5076 βλαὸῇς
1274 5008 1342 5058 τά
1403 5007 1655 5074 μέγιστα,
1701 5006 1795 5058 καὶ
1852 5003 1949 5073 τὴν

372 5102 548 5172 ψυχὴν
597 5099 892 5172 ἀπολέσῃς.
938 5099 1086 5149 Διότι
1137 5097 1374 5158 εὐκόλως
1419 5097 1590 5153 κλίνει
1639 5098 1700 5148 τὸ
1755 5094 1946 5159 αὐτεξ-

375 5194 560 5247 ούσιον
591 5192 684 5245 τοῦ
736 5191 1030 5260 ἀνθρώπου
1063 5189 1197 5258 πρὸς
1226 5188 1508 5241 κοινωνίαν
1539 5188 1648 5239 τῶν
1674 5187 1946 5254 ἐναντίων,

380 5285 475 5339 καὶ
515 5285 750 5353 μάλιστα
807 5282 914 5332 τῶν
968 5278 1231 5349 ἀπείρων,
1273 5277 1381 5330 τῶν
1433 5277 1842 5347 μετερχομένων
1875 5277 1950 5340 ὼς

381 5377 472 5430 ὑπ’
507 5375 704 5428 αὐτῶν
731 5374 894 5441 ἐγγὺς
919 5375 1026 5441 γὰρ
1055 5370 1255 5434 αὐτῶν,
1286 5370 1380 5422 καὶ
1413 5368 1594 5438 κύκλῳ
1622 5371 1671 5420 oi
1701 5369 1951 5437 δαίμονες

381 5468 489 5520 τῶν
532 5465 812 5535 ἀρχαρίων
845 5464 935 5516 καὶ
975 5446 1334 5532 ἰδιορρύθμων
1391 5460 1708 5528 πεφύκασι,
1755 5459 1949 5512 διατεί-

381 5575 564 5618 νοντες
595 5555 829 5623 παγίδας
883 5555 1181 5623 λογισμῶν,
1227 5553 1318 5606 καὶ
1355 5552 1588 5611 λάκκους
1620 5552 1948 5619 πτωμάτων,

385 5646 476 5705 καὶ
508 5642 904 5712 φαντασμάτων
960 5643 1196 5713 ὄλεθρον·
1225 5646 1258 5712 ἡ
1308 5642 1461 5704 πόλις
1494 5641 1602 5711 γὰρ
1630 5642 1807 5694 αὐτῶν
1861 5643 1952 5694 ὐπ’

482 5835 701 5895 Ἧιεῦ.
746 5847 815 5895 tv,
852 5831 934 5891 lt),
975 5829 1058 5882 Η,
1135 5829 1156 5857 ⁸
1190 5823 1415 5892 Philipp.
1459 5838 1530 5887 tv,
1571 5824 1652 5882 Η.
1691 5825 1772 5876 15.

2259 4713 2338 4769 De
2384 4728 2584 4777 errore,
2640 4713 2724 4766 ubi
2749 4722 2799 4766 et
2827 4717 2890 4766 de
2920 4711 3099 4766 multis
3144 4710 3404 4764 materiis.

2129 4824 2282 4880 Scito
2310 4839 2396 4878 me
2423 4823 2562 4878 velle
2594 4822 2689 4878 tibi
2723 4821 2945 4892 penitus
2979 4823 3322 4876 innotescere
3352 4836 3617 4886 errorem,

2048 4927 2104 4972 ut
2130 4929 2325 4971 caveas
2355 4914 2534 4979 abeo,
2569 4928 2672 4968 nec
2695 4914 3003 4984 ignorantia
3035 4913 3255 4978 ductus,
3312 4911 3616 4965 maximum

2043 5009 2244 5062 subeas
2279 5009 2558 5070 damnum,
2590 5016 2644 5060 et
2708 5006 2944 5059 animam
2977 5006 3192 5076 perdas.
3261 5005 3396 5059 Nam
3461 5004 3620 5059 facile

2054 5101 2352 5154 inclinatur
2381 5098 2612 5152 liberum
2688 5097 2926 5151 hominis
2962 5097 3251 5151 arbitrium
3297 5099 3363 5150 ad
3425 5097 3617 5152 adver-

2048 5192 2313 5246 sariorum
2347 5193 2683 5255 societatem,
2733 5205 2792 5240 ac
2818 5190 3116 5258 praesertim
3139 5189 3278 5257 apud
3309 5189 3619 5259 inexpertos

2046 5290 2101 5336 et
2121 5281 2196 5335 sei
2206 5296 2333 5350 psos
2354 5280 2555 5335 ducere
2579 5293 2976 5348 praesumentes
2998 5279 3106 5333 :cis
3125 5280 3390 5348 siquidem
3404 5278 3619 5348 propio-
3670 5301 3676 5307 ·

2047 5389 2132 5428 res
2147 5373 2476 5428 novitiorum
2496 5380 2548 5426 et
2565 5371 2930 5425 solitariorum
2949 5374 3222 5426 daemones
3241 5373 3614 5436 circumstant,

2055 5465 2346 5520 tetulentes
2408 5464 2794 5532 cogitationum
2840 5463 3064 5518 insidias
3109 5473 3162 5517 et
3209 5464 3431 5531 laqueos
3489 5477 3619 5531 pec-

2045 5567 2320 5619 Catnrum,
2355 5565 2409 5608 et
2467 5555 2842 5624 phantasmata
2898 5554 3419 5626 exitiosazacivilas
3468 5554 3612 5606 enim

2049 5644 2259 5700 illorum
2287 5645 2386 5699 sub
2419 5633 2685 5716 potestate
2721 5646 3078 5702 barbarorum
3107 5654 3210 5707 est,
3268 5657 3369 5697 nec
3427 5639 3614 5698 mirari
