  <div class='ocr_page' id='page_1' title='image "/cluster/home/n/w/nwhite01/storage/ocr_20150623/150/mdp.39015078384743/677.png"; bbox 0 0 4122 6322; ppageno 0'>
   <div class='ocr_carea' id='block_1_1' title="bbox 571 469 709 534">
    <p class='ocr_par' dir='ltr' id='par_1_1' title="bbox 571 469 709 534">
     <span class='ocr_line' id='line_1_1' title="bbox 571 469 709 534; baseline -0.022 0"><span class='ocrx_word' id='word_1_1' title='bbox 571 469 709 534; x_wconf 75' lang='lat'><strong>1339</strong></span> 
     </span>
    </p>
   </div>
   <div class='ocr_carea' id='block_1_2' title="bbox 1742 455 2602 520">
    <p class='ocr_par' dir='ltr' id='par_1_2' title="bbox 1742 455 2602 520">
     <span class='ocr_line' id='line_1_2' title="bbox 1742 455 2602 520; baseline -0.008 1"><span class='ocrx_word' id='word_1_2' title='bbox 1742 462 1744 465; x_wconf 77' lang='grc'><em>’</em></span> <span class='ocrx_word' id='word_1_3' title='bbox 1831 461 1880 520; x_wconf 84' lang='lat' dir='ltr'><strong>G</strong></span> <span class='ocrx_word' id='word_1_4' title='bbox 1897 457 2228 520; x_wconf 77' lang='lat' dir='ltr'><strong>REGORII</strong></span> <span class='ocrx_word' id='word_1_5' title='bbox 2269 455 2443 516; x_wconf 73' lang='lat' dir='ltr'><strong>SINA</strong></span> <span class='ocrx_word' id='word_1_6' title='bbox 2461 455 2538 516; x_wconf 86' lang='grc' dir='ltr'><strong>ΙΤι</strong></span> <span class='ocrx_word' id='word_1_7' title='bbox 2559 456 2602 514; x_wconf 80' lang='grc' dir='ltr'>Ε</span> 
     </span>
    </p>
   </div>
   <div class='ocr_carea' id='block_1_3' title="bbox 3661 445 3786 510">
    <p class='ocr_par' dir='ltr' id='par_1_3' title="bbox 3661 445 3786 510">
     <span class='ocr_line' id='line_1_3' title="bbox 3661 445 3786 510; baseline -0.032 0"><span class='ocrx_word' id='word_1_8' title='bbox 3661 445 3684 510; x_wconf 93' lang='grc' dir='ltr'><strong>Ῑ</strong></span> <span class='ocrx_word' id='word_1_9' title='bbox 3700 445 3786 509; x_wconf 72' lang='grc'><strong>340</strong></span> 
     </span>
    </p>
   </div>
   <div class='ocr_carea' id='block_1_4' title="bbox 565 568 2144 650">
    <p class='ocr_par' dir='ltr' id='par_1_4' title="bbox 565 571 2132 650">
     <span class='ocr_line' id='line_1_4' title="bbox 565 571 2132 650; baseline -0.008 -15"><span class='ocrx_word' id='word_1_10' title='bbox 565 587 779 650; x_wconf 87' lang='lat' dir='ltr'><strong>oportet</strong></span> <span class='ocrx_word' id='word_1_11' title='bbox 809 577 853 632; x_wconf 89' lang='lat' dir='ltr'><strong>si</strong></span> <span class='ocrx_word' id='word_1_12' title='bbox 879 576 1002 646; x_wconf 83' lang='lat' dir='ltr'><strong>quis</strong></span> <span class='ocrx_word' id='word_1_13' title='bbox 1050 583 1219 640; x_wconf 78' lang='lat' dir='ltr'><strong>erret,</strong></span> <span class='ocrx_word' id='word_1_14' title='bbox 1251 581 1343 626; x_wconf 84' lang='lat' dir='ltr'><strong>aut</strong></span> <span class='ocrx_word' id='word_1_15' title='bbox 1391 572 1640 636; x_wconf 75' lang='lat' dir='ltr'><strong>excedat,</strong></span> <span class='ocrx_word' id='word_1_16' title='bbox 1668 579 1760 624; x_wconf 87' lang='lat' dir='ltr'><strong>aut</strong></span> <span class='ocrx_word' id='word_1_17' title='bbox 1801 571 1856 626; x_wconf 92' lang='lat' dir='ltr'><strong>in</strong></span> <span class='ocrx_word' id='word_1_18' title='bbox 1888 585 2132 623; x_wconf 84' lang='lat' dir='ltr'><strong>errorem</strong></span> 
     </span>
    </p>
   </div>
   <div class='ocr_carea' id='block_1_5' title="bbox 2261 568 3805 650">
    <p class='ocr_par' dir='ltr' id='par_1_5' title="bbox 2261 568 3805 646">
     <span class='ocr_line' id='line_1_5' title="bbox 2261 568 3805 646; baseline 0.007 -24"><span class='ocrx_word' id='word_1_19' title='bbox 2261 569 2504 633; x_wconf 75' lang='grc' dir='ltr'>ἐξουσίαν</span> <span class='ocrx_word' id='word_1_20' title='bbox 2531 568 2638 622; x_wconf 86' lang='grc' dir='ltr'><strong>τῶν</strong></span> <span class='ocrx_word' id='word_1_21' title='bbox 2679 568 2968 640; x_wconf 84' lang='grc' dir='ltr'>βαρϐάρων</span> <span class='ocrx_word' id='word_1_22' title='bbox 3017 571 3166 637; x_wconf 78' lang='grc' dir='ltr'>ἐστὶ,</span> <span class='ocrx_word' id='word_1_23' title='bbox 3193 574 3288 626; x_wconf 77' lang='grc' dir='ltr'><strong>καὶ</strong></span> <span class='ocrx_word' id='word_1_24' title='bbox 3313 574 3374 627; x_wconf 76' lang='grc' dir='ltr'><strong>οὐ</strong></span> <span class='ocrx_word' id='word_1_25' title='bbox 3417 576 3496 628; x_wconf 87' lang='grc' dir='ltr'><strong>δεῖ</strong></span> <span class='ocrx_word' id='word_1_26' title='bbox 3525 577 3805 646; x_wconf 75' lang='grc' dir='ltr'>θαυμάζειν</span> 
     </span>
    </p>
   </div>
   <div class='ocr_carea' id='block_1_6' title="bbox 567 662 2133 736">
    <p class='ocr_par' dir='ltr' id='par_1_6' title="bbox 567 662 2133 736">
     <span class='ocr_line' id='line_1_6' title="bbox 567 662 2133 736; baseline -0.006 -11"><span class='ocrx_word' id='word_1_27' title='bbox 567 673 766 725; x_wconf 83' lang='lat' dir='ltr'><strong>incidat</strong></span> <span class='ocrx_word' id='word_1_28' title='bbox 817 679 909 722; x_wconf 83' lang='lat' dir='ltr'><strong>aut</strong></span> <span class='ocrx_word' id='word_1_29' title='bbox 966 667 1216 736; x_wconf 87' lang='lat' dir='ltr'><strong>accipiat,</strong></span> <span class='ocrx_word' id='word_1_30' title='bbox 1281 673 1373 717; x_wconf 82' lang='lat' dir='ltr'><strong>aut</strong></span> <span class='ocrx_word' id='word_1_31' title='bbox 1434 666 1708 717; x_wconf 85' lang='lat' dir='ltr'><strong>contraria</strong></span> <span class='ocrx_word' id='word_1_32' title='bbox 1775 662 1986 717; x_wconf 78' lang='lat' dir='ltr'><strong>veritati</strong></span> <span class='ocrx_word' id='word_1_33' title='bbox 2053 665 2133 715; x_wconf 88' lang='lat' dir='ltr'><strong>vi-</strong></span> 
     </span>
    </p>
   </div>
   <div class='ocr_carea' id='block_1_7' title="bbox 568 752 2133 825">
    <p class='ocr_par' dir='ltr' id='par_1_7' title="bbox 568 752 2133 825">
     <span class='ocr_line' id='line_1_7' title="bbox 568 752 2133 825; baseline -0.006 -12"><span class='ocrx_word' id='word_1_34' title='bbox 568 763 715 825; x_wconf 87' lang='lat' dir='ltr'><strong>deat,</strong></span> <span class='ocrx_word' id='word_1_35' title='bbox 781 769 870 812; x_wconf 85' lang='lat' dir='ltr'><strong>aut</strong></span> <span class='ocrx_word' id='word_1_36' title='bbox 928 757 1073 809; x_wconf 88' lang='lat' dir='ltr'><strong>dicat</strong></span> <span class='ocrx_word' id='word_1_37' title='bbox 1113 771 1180 808; x_wconf 79' lang='lat' dir='ltr'><strong>ex</strong></span> <span class='ocrx_word' id='word_1_38' title='bbox 1213 753 1600 822; x_wconf 76' lang='lat' dir='ltr'><strong>iuexpcricntia</strong></span> <span class='ocrx_word' id='word_1_39' title='bbox 1630 763 1682 804; x_wconf 89' lang='lat' dir='ltr'><strong>et</strong></span> <span class='ocrx_word' id='word_1_40' title='bbox 1707 752 2011 820; x_wconf 73' lang='lat' dir='ltr'><strong>ignorantia</strong></span> <span class='ocrx_word' id='word_1_41' title='bbox 2046 767 2133 804; x_wconf 88' lang='lat' dir='ltr'><strong>res</strong></span> 
     </span>
    </p>
   </div>
   <div class='ocr_carea' id='block_1_8' title="bbox 573 843 2133 919">
    <p class='ocr_par' dir='ltr' id='par_1_8' title="bbox 573 843 2133 919">
     <span class='ocr_line' id='line_1_8' title="bbox 573 843 2133 919; baseline -0.005 -15"><span class='ocrx_word' id='word_1_42' title='bbox 573 855 940 919; x_wconf 73' lang='lat' dir='ltr'><strong>incongruas:</strong></span> <span class='ocrx_word' id='word_1_43' title='bbox 1006 850 1206 916; x_wconf 60' lang='lat' dir='ltr'><strong>saepius</strong></span> <span class='ocrx_word' id='word_1_44' title='bbox 1265 851 1409 900; x_wconf 88' lang='lat' dir='ltr'><strong>enim</strong></span> <span class='ocrx_word' id='word_1_45' title='bbox 1475 846 1670 914; x_wconf 77' lang='lat' dir='ltr'><strong>aliquis</strong></span> <span class='ocrx_word' id='word_1_46' title='bbox 1714 860 1778 898; x_wconf 75' lang='lat' dir='ltr'><strong>ex</strong></span> <span class='ocrx_word' id='word_1_47' title='bbox 1861 843 2133 917; x_wconf 62' lang='lat' dir='ltr'><strong>imperitia</strong></span> 
     </span>
    </p>
   </div>
   <div class='ocr_carea' id='block_1_9' title="bbox 570 938 2130 1014">
    <p class='ocr_par' dir='ltr' id='par_1_9' title="bbox 570 938 2130 1014">
     <span class='ocr_line' id='line_1_9' title="bbox 570 938 2130 1014; baseline -0.005 -17"><span class='ocrx_word' id='word_1_48' title='bbox 570 944 840 1014; x_wconf 73' lang='lat' dir='ltr'><strong>loquendo</strong></span> <span class='ocrx_word' id='word_1_49' title='bbox 859 944 924 996; x_wconf 88' lang='lat' dir='ltr'><strong>de</strong></span> <span class='ocrx_word' id='word_1_50' title='bbox 955 942 1203 1001; x_wconf 82' lang='lat' dir='ltr'><strong>veritate,</strong></span> <span class='ocrx_word' id='word_1_51' title='bbox 1235 940 1339 992; x_wconf 89' lang='lat' dir='ltr'><strong>alia</strong></span> <span class='ocrx_word' id='word_1_52' title='bbox 1375 954 1476 1007; x_wconf 83' lang='lat' dir='ltr'><strong>pro</strong></span> <span class='ocrx_word' id='word_1_53' title='bbox 1513 939 1632 991; x_wconf 90' lang='lat' dir='ltr'><strong>aliis</strong></span> <span class='ocrx_word' id='word_1_54' title='bbox 1667 938 1835 990; x_wconf 82' lang='lat' dir='ltr'><strong>inseie</strong></span> <span class='ocrx_word' id='word_1_55' title='bbox 1858 951 2130 999; x_wconf 82' lang='lat' dir='ltr'><strong>asserens,</strong></span> 
     </span>
    </p>
   </div>
   <div class='ocr_carea' id='block_1_10' title="bbox 570 1027 2132 1096">
    <p class='ocr_par' dir='ltr' id='par_1_10' title="bbox 570 1027 2132 1096">
     <span class='ocr_line' id='line_1_10' title="bbox 570 1027 2132 1096; baseline -0.007 -9"><span class='ocrx_word' id='word_1_56' title='bbox 570 1037 742 1089; x_wconf 86' lang='lat' dir='ltr'><strong>nescit</strong></span> <span class='ocrx_word' id='word_1_57' title='bbox 775 1049 880 1096; x_wconf 88' lang='lat' dir='ltr'><strong>res,</strong></span> <span class='ocrx_word' id='word_1_58' title='bbox 917 1043 974 1085; x_wconf 88' lang='lat' dir='ltr'><strong>ut</strong></span> <span class='ocrx_word' id='word_1_59' title='bbox 1002 1042 1150 1088; x_wconf 86' lang='lat' dir='ltr'><strong>sunt.</strong></span> <span class='ocrx_word' id='word_1_60' title='bbox 1179 1043 1330 1084; x_wconf 90' lang='lat' dir='ltr'><strong>recte</strong></span> <span class='ocrx_word' id='word_1_61' title='bbox 1360 1032 1559 1090; x_wconf 87' lang='lat' dir='ltr'><strong>dicere,</strong></span> <span class='ocrx_word' id='word_1_62' title='bbox 1592 1041 1646 1081; x_wconf 93' lang='lat' dir='ltr'><strong>et</strong></span> <span class='ocrx_word' id='word_1_63' title='bbox 1690 1027 1887 1080; x_wconf 80' lang='lat' dir='ltr'><strong>inultos</strong></span> <span class='ocrx_word' id='word_1_64' title='bbox 1929 1028 2132 1091; x_wconf 81' lang='lat' dir='ltr'><strong>turbat,</strong></span> 
     </span>
    </p>
   </div>
   <div class='ocr_carea' id='block_1_11' title="bbox 567 1120 2130 1196">
    <p class='ocr_par' dir='ltr' id='par_1_11' title="bbox 567 1120 2130 1196">
     <span class='ocr_line' id='line_1_11' title="bbox 567 1120 2130 1196; baseline -0.007 -16"><span class='ocrx_word' id='word_1_65' title='bbox 567 1139 620 1180; x_wconf 87' lang='lat' dir='ltr'><strong>et</strong></span> <span class='ocrx_word' id='word_1_66' title='bbox 661 1127 1010 1196; x_wconf 79' lang='lat' dir='ltr'><strong>Opprobrium</strong></span> <span class='ocrx_word' id='word_1_67' title='bbox 1039 1135 1096 1178; x_wconf 87' lang='lat' dir='ltr'><strong>et</strong></span> <span class='ocrx_word' id='word_1_68' title='bbox 1131 1123 1297 1177; x_wconf 88' lang='lat' dir='ltr'><strong>risum</strong></span> <span class='ocrx_word' id='word_1_69' title='bbox 1331 1121 1499 1175; x_wconf 86' lang='lat' dir='ltr'><strong>trahit</strong></span> <span class='ocrx_word' id='word_1_70' title='bbox 1525 1131 1578 1176; x_wconf 92' lang='lat' dir='ltr'><strong>et</strong></span> <span class='ocrx_word' id='word_1_71' title='bbox 1611 1120 1766 1175; x_wconf 74' lang='lat' dir='ltr'><strong>affert</strong></span> <span class='ocrx_word' id='word_1_72' title='bbox 1797 1122 1862 1174; x_wconf 89' lang='lat' dir='ltr'><strong>ad</strong></span> <span class='ocrx_word' id='word_1_73' title='bbox 1891 1120 2130 1187; x_wconf 85' lang='lat' dir='ltr'><strong>quietos.</strong></span> 
     </span>
    </p>
   </div>
   <div class='ocr_carea' id='block_1_12' title="bbox 573 1211 2132 1280">
    <p class='ocr_par' dir='ltr' id='par_1_12' title="bbox 573 1211 2132 1280">
     <span class='ocr_line' id='line_1_12' title="bbox 573 1211 2132 1280; baseline -0.007 -10"><span class='ocrx_word' id='word_1_74' title='bbox 573 1216 682 1270; x_wconf 84' lang='lat' dir='ltr'><strong>Nec</strong></span> <span class='ocrx_word' id='word_1_75' title='bbox 733 1217 873 1270; x_wconf 91' lang='lat' dir='ltr'><strong>enim</strong></span> <span class='ocrx_word' id='word_1_76' title='bbox 917 1217 1114 1267; x_wconf 89' lang='lat' dir='ltr'><strong>mirum</strong></span> <span class='ocrx_word' id='word_1_77' title='bbox 1183 1224 1268 1267; x_wconf 84' lang='lat' dir='ltr'><strong>est</strong></span> <span class='ocrx_word' id='word_1_78' title='bbox 1317 1229 1504 1266; x_wconf 85' lang='lat' dir='ltr'><strong>errare</strong></span> <span class='ocrx_word' id='word_1_79' title='bbox 1563 1213 1804 1280; x_wconf 78' lang='lat' dir='ltr'><strong>aliquem</strong></span> <span class='ocrx_word' id='word_1_80' title='bbox 1865 1211 2132 1263; x_wconf 76' lang='lat' dir='ltr'><strong>noritium</strong></span> 
     </span>
    </p>
   </div>
   <div class='ocr_carea' id='block_1_13' title="bbox 567 1302 2136 1376">
    <p class='ocr_par' dir='ltr' id='par_1_13' title="bbox 567 1302 2136 1376">
     <span class='ocr_line' id='line_1_13' title="bbox 567 1302 2136 1376; baseline -0.005 -15"><span class='ocrx_word' id='word_1_81' title='bbox 567 1308 733 1362; x_wconf 82' lang='lat' dir='ltr'><strong>etiam</strong></span> <span class='ocrx_word' id='word_1_82' title='bbox 772 1317 892 1376; x_wconf 85' lang='lat' dir='ltr'><strong>post</strong></span> <span class='ocrx_word' id='word_1_83' title='bbox 931 1308 1132 1360; x_wconf 78' lang='lat' dir='ltr'><strong>multos</strong></span> <span class='ocrx_word' id='word_1_84' title='bbox 1168 1306 1407 1370; x_wconf 75' lang='lat' dir='ltr'><strong>labores,</strong></span> <span class='ocrx_word' id='word_1_85' title='bbox 1459 1304 1585 1374; x_wconf 90' lang='lat' dir='ltr'><strong>quia</strong></span> <span class='ocrx_word' id='word_1_86' title='bbox 1624 1304 1674 1355; x_wconf 92' lang='lat' dir='ltr'><strong>id</strong></span> <span class='ocrx_word' id='word_1_87' title='bbox 1709 1305 1908 1357; x_wconf 85' lang='lat' dir='ltr'><strong>accidit</strong></span> <span class='ocrx_word' id='word_1_88' title='bbox 1951 1302 2136 1356; x_wconf 80' lang='lat' dir='ltr'><strong>inultis</strong></span> 
     </span>
    </p>
   </div>
   <div class='ocr_carea' id='block_1_14' title="bbox 569 1395 2134 1465">
    <p class='ocr_par' dir='ltr' id='par_1_14' title="bbox 569 1395 2134 1465">
     <span class='ocr_line' id='line_1_14' title="bbox 569 1395 2134 1465; baseline -0.004 -12"><span class='ocrx_word' id='word_1_89' title='bbox 569 1402 684 1454; x_wconf 81' lang='lat' dir='ltr'><strong>sive</strong></span> <span class='ocrx_word' id='word_1_90' title='bbox 720 1415 862 1453; x_wconf 89' lang='lat' dir='ltr'><strong>nunc</strong></span> <span class='ocrx_word' id='word_1_91' title='bbox 900 1399 1012 1451; x_wconf 75' lang='lat' dir='ltr'><strong>sive</strong></span> <span class='ocrx_word' id='word_1_92' title='bbox 1035 1399 1162 1450; x_wconf 86' lang='lat' dir='ltr'><strong>olim</strong></span> <span class='ocrx_word' id='word_1_93' title='bbox 1193 1397 1365 1450; x_wconf 85' lang='lat' dir='ltr'><strong>Deum</strong></span> <span class='ocrx_word' id='word_1_94' title='bbox 1415 1396 1806 1465; x_wconf 67' lang='lat' dir='ltr'><strong>quaerentibus.</strong></span> <span class='ocrx_word' id='word_1_95' title='bbox 1842 1395 1932 1447; x_wconf 82' lang='lat' dir='ltr'><strong>Dei</strong></span> <span class='ocrx_word' id='word_1_96' title='bbox 1989 1397 2134 1446; x_wconf 84' lang='lat' dir='ltr'><strong>enim</strong></span> 
     </span>
    </p>
   </div>
   <div class='ocr_carea' id='block_1_15' title="bbox 569 1487 2140 1551">
    <p class='ocr_par' dir='ltr' id='par_1_15' title="bbox 569 1487 2140 1551">
     <span class='ocr_line' id='line_1_15' title="bbox 569 1487 2140 1551; baseline -0.005 -7"><span class='ocrx_word' id='word_1_97' title='bbox 569 1494 855 1551; x_wconf 81' lang='lat' dir='ltr'><strong>memoria,</strong></span> <span class='ocrx_word' id='word_1_98' title='bbox 887 1506 979 1544; x_wconf 87' lang='lat' dir='ltr'><strong>seu</strong></span> <span class='ocrx_word' id='word_1_99' title='bbox 1019 1487 1280 1542; x_wconf 88' lang='lat' dir='ltr'><strong>mentalis</strong></span> <span class='ocrx_word' id='word_1_100' title='bbox 1313 1489 1514 1550; x_wconf 87' lang='lat' dir='ltr'><strong>oratio,</strong></span> <span class='ocrx_word' id='word_1_101' title='bbox 1569 1499 1653 1542; x_wconf 88' lang='lat' dir='ltr'><strong>est</strong></span> <span class='ocrx_word' id='word_1_102' title='bbox 1687 1487 1972 1540; x_wconf 73' lang='lat' dir='ltr'><strong>sublimior</strong></span> <span class='ocrx_word' id='word_1_103' title='bbox 2020 1501 2140 1539; x_wconf 90' lang='lat' dir='ltr'><strong>0m—</strong></span> 
     </span>
    </p>
   </div>
   <div class='ocr_carea' id='block_1_16' title="bbox 576 1582 2134 1649">
    <p class='ocr_par' dir='ltr' id='par_1_16' title="bbox 576 1582 2134 1649">
     <span class='ocr_line' id='line_1_16' title="bbox 576 1582 2134 1649; baseline -0.006 -11"><span class='ocrx_word' id='word_1_104' title='bbox 576 1584 734 1638; x_wconf 70' lang='lat' dir='ltr'><strong>nibus</strong></span> <span class='ocrx_word' id='word_1_105' title='bbox 787 1584 1064 1649; x_wconf 75' lang='lat' dir='ltr'><strong>operibus,</strong></span> <span class='ocrx_word' id='word_1_106' title='bbox 1121 1591 1312 1649; x_wconf 77' lang='lat' dir='ltr'><strong>estque</strong></span> <span class='ocrx_word' id='word_1_107' title='bbox 1373 1591 1428 1633; x_wconf 88' lang='lat' dir='ltr'><strong>ct</strong></span> <span class='ocrx_word' id='word_1_108' title='bbox 1474 1582 1588 1647; x_wconf 81' lang='lat' dir='ltr'><strong>ipsa</strong></span> <span class='ocrx_word' id='word_1_109' title='bbox 1641 1582 1898 1631; x_wconf 83' lang='lat' dir='ltr'><strong>virtutum</strong></span> <span class='ocrx_word' id='word_1_110' title='bbox 1946 1585 2134 1644; x_wconf 87' lang='lat' dir='ltr'><strong>caput,</strong></span> 
     </span>
    </p>
   </div>
   <div class='ocr_carea' id='block_1_17' title="bbox 570 1670 2137 1739">
    <p class='ocr_par' dir='ltr' id='par_1_17' title="bbox 570 1670 2137 1739">
     <span class='ocr_line' id='line_1_17' title="bbox 570 1670 2137 1739; baseline -0.004 -13"><span class='ocrx_word' id='word_1_111' title='bbox 570 1677 715 1727; x_wconf 82' lang='lat' dir='ltr'><strong>sicut</strong></span> <span class='ocrx_word' id='word_1_112' title='bbox 749 1689 901 1726; x_wconf 78' lang='lat' dir='ltr'><strong>amor</strong></span> <span class='ocrx_word' id='word_1_113' title='bbox 951 1672 1068 1726; x_wconf 84' lang='lat' dir='ltr'><strong>Dei.</strong></span> <span class='ocrx_word' id='word_1_114' title='bbox 1121 1672 1188 1725; x_wconf 86' lang='lat' dir='ltr'><strong>Et</strong></span> <span class='ocrx_word' id='word_1_115' title='bbox 1231 1671 1323 1739; x_wconf 91' lang='lat' dir='ltr'><strong>qui</strong></span> <span class='ocrx_word' id='word_1_116' title='bbox 1383 1671 1730 1739; x_wconf 84' lang='lat' dir='ltr'><strong>impudenter</strong></span> <span class='ocrx_word' id='word_1_117' title='bbox 1773 1679 1827 1723; x_wconf 87' lang='lat' dir='ltr'><strong>et</strong></span> <span class='ocrx_word' id='word_1_118' title='bbox 1880 1670 2137 1722; x_wconf 76' lang='lat' dir='ltr'><strong>audacter</strong></span> 
     </span>
    </p>
   </div>
   <div class='ocr_carea' id='block_1_18' title="bbox 571 1761 2136 1831">
    <p class='ocr_par' dir='ltr' id='par_1_18' title="bbox 571 1761 2136 1831">
     <span class='ocr_line' id='line_1_18' title="bbox 571 1761 2136 1831; baseline -0.001 -15"><span class='ocrx_word' id='word_1_119' title='bbox 571 1767 685 1818; x_wconf 88' lang='lat' dir='ltr'><strong>vult</strong></span> <span class='ocrx_word' id='word_1_120' title='bbox 729 1767 794 1818; x_wconf 90' lang='lat' dir='ltr'><strong>ad</strong></span> <span class='ocrx_word' id='word_1_121' title='bbox 829 1765 993 1818; x_wconf 86' lang='lat' dir='ltr'><strong>Deum</strong></span> <span class='ocrx_word' id='word_1_122' title='bbox 1037 1765 1295 1819; x_wconf 72' lang='lat' dir='ltr'><strong>accedere</strong></span> <span class='ocrx_word' id='word_1_123' title='bbox 1332 1775 1381 1816; x_wconf 89' lang='lat' dir='ltr'><strong>et</strong></span> <span class='ocrx_word' id='word_1_124' title='bbox 1417 1779 1552 1831; x_wconf 87' lang='lat' dir='ltr'><strong>pure</strong></span> <span class='ocrx_word' id='word_1_125' title='bbox 1580 1778 1704 1816; x_wconf 85' lang='lat' dir='ltr'><strong>eum</strong></span> <span class='ocrx_word' id='word_1_126' title='bbox 1758 1761 2027 1816; x_wconf 81' lang='lat' dir='ltr'><strong>conﬁteri.</strong></span> <span class='ocrx_word' id='word_1_127' title='bbox 2081 1770 2136 1814; x_wconf 87' lang='lat' dir='ltr'><strong>et</strong></span> 
     </span>
    </p>
   </div>
   <div class='ocr_carea' id='block_1_19' title="bbox 570 1855 2134 1926">
    <p class='ocr_par' dir='ltr' id='par_1_19' title="bbox 570 1855 2134 1926">
     <span class='ocr_line' id='line_1_19' title="bbox 570 1855 2134 1926; baseline -0.001 -19"><span class='ocrx_word' id='word_1_128' title='bbox 570 1860 851 1926; x_wconf 72' lang='lat' dir='ltr'><strong>pos-idere</strong></span> <span class='ocrx_word' id='word_1_129' title='bbox 885 1873 1009 1911; x_wconf 87' lang='lat' dir='ltr'><strong>eum</strong></span> <span class='ocrx_word' id='word_1_130' title='bbox 1040 1859 1088 1908; x_wconf 91' lang='lat' dir='ltr'><strong>in</strong></span> <span class='ocrx_word' id='word_1_131' title='bbox 1119 1857 1302 1922; x_wconf 86' lang='lat' dir='ltr'><strong>seipso</strong></span> <span class='ocrx_word' id='word_1_132' title='bbox 1323 1856 1624 1919; x_wconf 79' lang='lat' dir='ltr'><strong>ctmteudit,</strong></span> <span class='ocrx_word' id='word_1_133' title='bbox 1660 1855 1704 1907; x_wconf 92' lang='lat' dir='ltr'><strong>is</strong></span> <span class='ocrx_word' id='word_1_134' title='bbox 1729 1855 1884 1907; x_wconf 82' lang='lat' dir='ltr'><strong>facile</strong></span> <span class='ocrx_word' id='word_1_135' title='bbox 1913 1863 2134 1907; x_wconf 81' lang='lat' dir='ltr'><strong>necatur</strong></span> 
     </span>
    </p>
   </div>
   <div class='ocr_carea' id='block_1_20' title="bbox 573 1945 2126 2015">
    <p class='ocr_par' dir='ltr' id='par_1_20' title="bbox 573 1945 2126 2015">
     <span class='ocr_line' id='line_1_20' title="bbox 573 1945 2126 2015; baseline -0.004 -12"><span class='ocrx_word' id='word_1_136' title='bbox 573 1949 642 2003; x_wconf 89' lang='lat' dir='ltr'><strong>ab</strong></span> <span class='ocrx_word' id='word_1_137' title='bbox 667 1949 860 2015; x_wconf 85' lang='lat' dir='ltr'><strong>illis,a</strong></span> <span class='ocrx_word' id='word_1_138' title='bbox 919 1947 1253 2000; x_wconf 67' lang='lat' dir='ltr'><strong>daemonibus</strong></span> <span class='ocrx_word' id='word_1_139' title='bbox 1283 1946 1517 2011; x_wconf 84' lang='lat' dir='ltr'><strong>scilicet,</strong></span> <span class='ocrx_word' id='word_1_140' title='bbox 1575 1947 1621 1999; x_wconf 90' lang='lat' dir='ltr'><strong>si</strong></span> <span class='ocrx_word' id='word_1_141' title='bbox 1681 1945 2126 2013; x_wconf 81' lang='lat' dir='ltr'><strong>derelinquatur:</strong></span> 
     </span>
    </p>
   </div>
   <div class='ocr_carea' id='block_1_21' title="bbox 574 2037 2134 2105">
    <p class='ocr_par' dir='ltr' id='par_1_21' title="bbox 574 2037 2134 2105">
     <span class='ocr_line' id='line_1_21' title="bbox 574 2037 2134 2105; baseline -0.004 -12"><span class='ocrx_word' id='word_1_142' title='bbox 574 2056 696 2093; x_wconf 85' lang='lat' dir='ltr'><strong>nam</strong></span> <span class='ocrx_word' id='word_1_143' title='bbox 719 2038 1081 2092; x_wconf 85' lang='lat' dir='ltr'><strong>confidentius</strong></span> <span class='ocrx_word' id='word_1_144' title='bbox 1111 2048 1166 2091; x_wconf 91' lang='lat' dir='ltr'><strong>et</strong></span> <span class='ocrx_word' id='word_1_145' title='bbox 1195 2047 1511 2105; x_wconf 80' lang='lat' dir='ltr'><strong>arroganter</strong></span> <span class='ocrx_word' id='word_1_146' title='bbox 1541 2037 1829 2104; x_wconf 81' lang='lat' dir='ltr'><strong>exquirens</strong></span> <span class='ocrx_word' id='word_1_147' title='bbox 1859 2051 1977 2104; x_wconf 65' lang='lat' dir='ltr'><strong>qua;</strong></span> <span class='ocrx_word' id='word_1_148' title='bbox 2007 2043 2134 2087; x_wconf 88' lang='lat' dir='ltr'><strong>sunt</strong></span> 
     </span>
    </p>
   </div>
   <div class='ocr_carea' id='block_1_22' title="bbox 572 2128 2136 2198">
    <p class='ocr_par' dir='ltr' id='par_1_22' title="bbox 572 2128 2136 2198">
     <span class='ocr_line' id='line_1_22' title="bbox 572 2128 2136 2198; baseline -0.004 -13"><span class='ocrx_word' id='word_1_149' title='bbox 572 2149 673 2185; x_wconf 88' lang='lat' dir='ltr'><strong>suo</strong></span> <span class='ocrx_word' id='word_1_150' title='bbox 715 2132 878 2184; x_wconf 85' lang='lat' dir='ltr'><strong>statui</strong></span> <span class='ocrx_word' id='word_1_151' title='bbox 947 2131 1248 2192; x_wconf 84' lang='lat' dir='ltr'><strong>contraria.</strong></span> <span class='ocrx_word' id='word_1_152' title='bbox 1298 2145 1421 2184; x_wconf 88' lang='lat' dir='ltr'><strong>cmn</strong></span> <span class='ocrx_word' id='word_1_153' title='bbox 1470 2129 1734 2198; x_wconf 69' lang='lat' dir='ltr'><strong>iactantia</strong></span> <span class='ocrx_word' id='word_1_154' title='bbox 1799 2128 1973 2192; x_wconf 73' lang='lat' dir='ltr'><strong>reiicit</strong></span> <span class='ocrx_word' id='word_1_155' title='bbox 2017 2141 2136 2195; x_wconf 74' lang='lat' dir='ltr'><strong>quae</strong></span> 
     </span>
    </p>
   </div>
   <div class='ocr_carea' id='block_1_23' title="bbox 573 2219 2154 2292">
    <p class='ocr_par' dir='ltr' id='par_1_23' title="bbox 573 2219 2154 2292">
     <span class='ocr_line' id='line_1_23' title="bbox 573 2219 2154 2292; baseline -0.003 -16"><span class='ocrx_word' id='word_1_156' title='bbox 573 2232 701 2276; x_wconf 84' lang='lat' dir='ltr'><strong>sunt</strong></span> <span class='ocrx_word' id='word_1_157' title='bbox 727 2225 1065 2292; x_wconf 81' lang='lat' dir='ltr'><strong>tempestiva.</strong></span> <span class='ocrx_word' id='word_1_158' title='bbox 1127 2222 1281 2290; x_wconf 71' lang='lat' dir='ltr'><strong>Smpe</strong></span> <span class='ocrx_word' id='word_1_159' title='bbox 1313 2232 1492 2275; x_wconf 88' lang='lat' dir='ltr'><strong>autem</strong></span> <span class='ocrx_word' id='word_1_160' title='bbox 1535 2223 1801 2275; x_wconf 81' lang='lat' dir='ltr'><strong>miserans</strong></span> <span class='ocrx_word' id='word_1_161' title='bbox 1854 2219 2154 2282; x_wconf 87' lang='lat' dir='ltr'><strong>Dominus,.</strong></span> 
     </span>
    </p>
   </div>
   <div class='ocr_carea' id='block_1_24' title="bbox 573 2311 2137 2372">
    <p class='ocr_par' dir='ltr' id='par_1_24' title="bbox 573 2311 2137 2372">
     <span class='ocr_line' id='line_1_24' title="bbox 573 2311 2137 2372; baseline -0.002 -8"><span class='ocrx_word' id='word_1_162' title='bbox 573 2329 698 2366; x_wconf 82' lang='lat' dir='ltr'><strong>cum</strong></span> <span class='ocrx_word' id='word_1_163' title='bbox 727 2327 825 2365; x_wconf 88' lang='lat' dir='ltr'><strong>nos</strong></span> <span class='ocrx_word' id='word_1_164' title='bbox 848 2313 997 2366; x_wconf 85' lang='lat' dir='ltr'><strong>videt</strong></span> <span class='ocrx_word' id='word_1_165' title='bbox 1029 2312 1083 2365; x_wconf 85' lang='lat' dir='ltr'><strong>in</strong></span> <span class='ocrx_word' id='word_1_166' title='bbox 1110 2312 1234 2366; x_wconf 83' lang='lat' dir='ltr'><strong>altis</strong></span> <span class='ocrx_word' id='word_1_167' title='bbox 1263 2312 1516 2372; x_wconf 88' lang='lat' dir='ltr'><strong>amlaces,</strong></span> <span class='ocrx_word' id='word_1_168' title='bbox 1554 2326 1659 2365; x_wconf 93' lang='lat' dir='ltr'><strong>non</strong></span> <span class='ocrx_word' id='word_1_169' title='bbox 1691 2311 1819 2364; x_wconf 89' lang='lat' dir='ltr'><strong>sinit</strong></span> <span class='ocrx_word' id='word_1_170' title='bbox 1853 2326 1951 2364; x_wconf 87' lang='lat' dir='ltr'><strong>nos</strong></span> <span class='ocrx_word' id='word_1_171' title='bbox 2017 2320 2137 2364; x_wconf 87' lang='lat' dir='ltr'><strong>ten-</strong></span> 
     </span>
    </p>
   </div>
   <div class='ocr_carea' id='block_1_25' title="bbox 579 2404 2136 2475">
    <p class='ocr_par' dir='ltr' id='par_1_25' title="bbox 579 2404 2136 2475">
     <span class='ocr_line' id='line_1_25' title="bbox 579 2404 2136 2475; baseline -0.001 -17"><span class='ocrx_word' id='word_1_172' title='bbox 579 2404 704 2471; x_wconf 76' lang='grc' dir='ltr'>ιςιιὶ,</span> <span class='ocrx_word' id='word_1_173' title='bbox 738 2415 969 2460; x_wconf 82' lang='lat' dir='ltr'><strong>ntsuam</strong></span> <span class='ocrx_word' id='word_1_174' title='bbox 1021 2409 1252 2474; x_wconf 82' lang='lat' dir='ltr'><strong>quisque</strong></span> <span class='ocrx_word' id='word_1_175' title='bbox 1284 2421 1586 2475; x_wconf 80' lang='lat' dir='ltr'><strong>agnoscens</strong></span> <span class='ocrx_word' id='word_1_176' title='bbox 1642 2408 2136 2474; x_wconf 59' lang='lat' dir='ltr'><strong>pratsumptionem,</strong></span> 
     </span>
    </p>
   </div>
   <div class='ocr_carea' id='block_1_26' title="bbox 575 2501 2141 2567">
    <p class='ocr_par' dir='ltr' id='par_1_26' title="bbox 575 2501 2141 2567">
     <span class='ocr_line' id='line_1_26' title="bbox 575 2501 2141 2567; baseline 0.001 -18"><span class='ocrx_word' id='word_1_177' title='bbox 575 2507 770 2562; x_wconf 78' lang='lat' dir='ltr'><strong>sponte</strong></span> <span class='ocrx_word' id='word_1_178' title='bbox 805 2508 1172 2562; x_wconf 83' lang='lat' dir='ltr'><strong>convertatur,</strong></span> <span class='ocrx_word' id='word_1_179' title='bbox 1205 2501 1520 2567; x_wconf 84' lang='lat' dir='ltr'><strong>priusquam</strong></span> <span class='ocrx_word' id='word_1_180' title='bbox 1579 2501 1858 2567; x_wconf 75' lang='lat' dir='ltr'><strong>contingat</strong></span> <span class='ocrx_word' id='word_1_181' title='bbox 1886 2512 1914 2550; x_wconf 91' lang='lat' dir='ltr'><strong>a</strong></span> <span class='ocrx_word' id='word_1_182' title='bbox 1937 2501 2141 2552; x_wconf 70' lang='lat' dir='ltr'><strong>dmino-</strong></span> 
     </span>
    </p>
   </div>
   <div class='ocr_carea' id='block_1_27' title="bbox 578 2589 2137 2657">
    <p class='ocr_par' dir='ltr' id='par_1_27' title="bbox 578 2589 2137 2657">
     <span class='ocr_line' id='line_1_27' title="bbox 578 2589 2137 2657; baseline 0.002 -17"><span class='ocrx_word' id='word_1_183' title='bbox 578 2590 737 2640; x_wconf 86' lang='lat' dir='ltr'><strong>nibus</strong></span> <span class='ocrx_word' id='word_1_184' title='bbox 787 2589 1136 2656; x_wconf 79' lang='lat' dir='ltr'><strong>opprobrium</strong></span> <span class='ocrx_word' id='word_1_185' title='bbox 1192 2598 1246 2642; x_wconf 92' lang='lat' dir='ltr'><strong>ct</strong></span> <span class='ocrx_word' id='word_1_186' title='bbox 1281 2593 1333 2641; x_wconf 90' lang='lat' dir='ltr'><strong>in</strong></span> <span class='ocrx_word' id='word_1_187' title='bbox 1369 2589 1678 2643; x_wconf 86' lang='lat' dir='ltr'><strong>ltomiuibus</strong></span> <span class='ocrx_word' id='word_1_188' title='bbox 1705 2589 1885 2642; x_wconf 84' lang='lat' dir='ltr'><strong>irrisio</strong></span> <span class='ocrx_word' id='word_1_189' title='bbox 1916 2599 2010 2641; x_wconf 88' lang='lat' dir='ltr'><strong>aut</strong></span> <span class='ocrx_word' id='word_1_190' title='bbox 2043 2605 2137 2657; x_wconf 80' lang='lat' dir='ltr'><strong>ge-</strong></span> 
     </span>
    </p>
   </div>
   <div class='ocr_carea' id='block_1_28' title="bbox 579 2679 2136 2748">
    <p class='ocr_par' dir='ltr' id='par_1_28' title="bbox 579 2679 2136 2748">
     <span class='ocr_line' id='line_1_28' title="bbox 579 2679 2136 2748; baseline 0.003 -20"><span class='ocrx_word' id='word_1_191' title='bbox 579 2679 739 2730; x_wconf 84' lang='lat' dir='ltr'><strong>mitus</strong></span> <span class='ocrx_word' id='word_1_192' title='bbox 765 2694 781 2735; x_wconf 75' lang='grc' dir='ltr'><strong>ς</strong></span> <span class='ocrx_word' id='word_1_193' title='bbox 813 2689 866 2730; x_wconf 91' lang='lat' dir='ltr'><strong>ct</strong></span> <span class='ocrx_word' id='word_1_194' title='bbox 893 2679 1120 2733; x_wconf 81' lang='lat' dir='ltr'><strong>maxime</strong></span> <span class='ocrx_word' id='word_1_195' title='bbox 1146 2679 1386 2746; x_wconf 78' lang='lat' dir='ltr'><strong>indulget</strong></span> <span class='ocrx_word' id='word_1_196' title='bbox 1417 2680 1678 2747; x_wconf 73' lang='lat' dir='ltr'><strong>quaerenti</strong></span> <span class='ocrx_word' id='word_1_197' title='bbox 1703 2695 1824 2733; x_wconf 90' lang='lat' dir='ltr'><strong>cum</strong></span> <span class='ocrx_word' id='word_1_198' title='bbox 1857 2681 2136 2748; x_wconf 77' lang='lat' dir='ltr'><strong>patientia,</strong></span> 
     </span>
    </p>
   </div>
   <div class='ocr_carea' id='block_1_29' title="bbox 575 2769 2142 2839">
    <p class='ocr_par' dir='ltr' id='par_1_29' title="bbox 575 2769 2142 2839">
     <span class='ocr_line' id='line_1_29' title="bbox 575 2769 2142 2839; baseline 0.003 -18"><span class='ocrx_word' id='word_1_199' title='bbox 575 2777 635 2821; x_wconf 88' lang='lat' dir='ltr'><strong>et</strong></span> <span class='ocrx_word' id='word_1_200' title='bbox 686 2769 1010 2834; x_wconf 84' lang='lat' dir='ltr'><strong>humilitate,</strong></span> <span class='ocrx_word' id='word_1_201' title='bbox 1070 2782 1123 2823; x_wconf 92' lang='lat' dir='ltr'><strong>et</strong></span> <span class='ocrx_word' id='word_1_202' title='bbox 1170 2771 1471 2839; x_wconf 68' lang='lat' dir='ltr'><strong>prtesertim</strong></span> <span class='ocrx_word' id='word_1_203' title='bbox 1529 2786 1650 2823; x_wconf 90' lang='lat' dir='ltr'><strong>cum</strong></span> <span class='ocrx_word' id='word_1_204' title='bbox 1721 2774 2030 2824; x_wconf 82' lang='lat' dir='ltr'><strong>obedientia</strong></span> <span class='ocrx_word' id='word_1_205' title='bbox 2087 2782 2142 2825; x_wconf 87' lang='lat' dir='ltr'><strong>et</strong></span> 
     </span>
    </p>
   </div>
   <div class='ocr_carea' id='block_1_30' title="bbox 579 2861 2142 2930">
    <p class='ocr_par' dir='ltr' id='par_1_30' title="bbox 579 2861 2142 2930">
     <span class='ocr_line' id='line_1_30' title="bbox 579 2861 2142 2930; baseline 0.002 -18"><span class='ocrx_word' id='word_1_206' title='bbox 579 2861 1000 2926; x_wconf 70' lang='lat' dir='ltr'><strong>inter-regatione</strong></span> <span class='ocrx_word' id='word_1_207' title='bbox 1029 2862 1264 2915; x_wconf 87' lang='lat' dir='ltr'><strong>virorum</strong></span> <span class='ocrx_word' id='word_1_208' title='bbox 1301 2861 1560 2914; x_wconf 82' lang='lat' dir='ltr'><strong>mirabilis</strong></span> <span class='ocrx_word' id='word_1_209' title='bbox 1625 2861 1772 2914; x_wconf 89' lang='lat' dir='ltr'><strong>illius</strong></span> <span class='ocrx_word' id='word_1_210' title='bbox 1819 2862 2000 2930; x_wconf 84' lang='lat' dir='ltr'><strong>operis</strong></span> <span class='ocrx_word' id='word_1_211' title='bbox 2049 2877 2142 2930; x_wconf 86' lang='lat' dir='ltr'><strong>pe-</strong></span> 
     </span>
    </p>
   </div>
   <div class='ocr_carea' id='block_1_31' title="bbox 580 2952 2142 3021">
    <p class='ocr_par' dir='ltr' id='par_1_31' title="bbox 580 2952 2142 3021">
     <span class='ocr_line' id='line_1_31' title="bbox 580 2952 2142 3021; baseline 0.002 -18"><span class='ocrx_word' id='word_1_212' title='bbox 580 2952 828 3015; x_wconf 88' lang='lat' dir='ltr'><strong>ritorum,</strong></span> <span class='ocrx_word' id='word_1_213' title='bbox 857 2967 924 3004; x_wconf 91' lang='lat' dir='ltr'><strong>ne</strong></span> <span class='ocrx_word' id='word_1_214' title='bbox 968 2967 1066 3021; x_wconf 87' lang='lat' dir='ltr'><strong>pro</strong></span> <span class='ocrx_word' id='word_1_215' title='bbox 1100 2953 1370 3007; x_wconf 90' lang='lat' dir='ltr'><strong>frumento</strong></span> <span class='ocrx_word' id='word_1_216' title='bbox 1404 2953 1634 3006; x_wconf 89' lang='lat' dir='ltr'><strong>tribulos</strong></span> <span class='ocrx_word' id='word_1_217' title='bbox 1666 2962 1858 3018; x_wconf 89' lang='lat' dir='ltr'><strong>metat,</strong></span> <span class='ocrx_word' id='word_1_218' title='bbox 1907 2964 1961 3007; x_wconf 91' lang='lat' dir='ltr'><strong>et</strong></span> <span class='ocrx_word' id='word_1_219' title='bbox 1994 2969 2142 3006; x_wconf 85' lang='lat' dir='ltr'><strong>ama-</strong></span> 
     </span>
    </p>
   </div>
   <div class='ocr_carea' id='block_1_32' title="bbox 581 3042 2144 3112">
    <p class='ocr_par' dir='ltr' id='par_1_32' title="bbox 581 3042 2144 3112">
     <span class='ocr_line' id='line_1_32' title="bbox 581 3042 2144 3112; baseline 0 -18"><span class='ocrx_word' id='word_1_220' title='bbox 581 3042 871 3094; x_wconf 75' lang='lat' dir='ltr'><strong>ritudinem</strong></span> <span class='ocrx_word' id='word_1_221' title='bbox 909 3057 1005 3108; x_wconf 88' lang='lat' dir='ltr'><strong>pro</strong></span> <span class='ocrx_word' id='word_1_222' title='bbox 1040 3043 1341 3106; x_wconf 89' lang='lat' dir='ltr'><strong>dulcedine,</strong></span> <span class='ocrx_word' id='word_1_223' title='bbox 1398 3052 1451 3096; x_wconf 89' lang='lat' dir='ltr'><strong>et</strong></span> <span class='ocrx_word' id='word_1_224' title='bbox 1515 3059 1612 3112; x_wconf 92' lang='lat' dir='ltr'><strong>pro</strong></span> <span class='ocrx_word' id='word_1_225' title='bbox 1666 3045 1842 3097; x_wconf 90' lang='lat' dir='ltr'><strong>salute</strong></span> <span class='ocrx_word' id='word_1_226' title='bbox 1901 3042 2144 3096; x_wconf 85' lang='lat' dir='ltr'><strong>inveniat</strong></span> 
     </span>
    </p>
   </div>
   <div class='ocr_carea' id='block_1_33' title="bbox 584 3132 2142 3204">
    <p class='ocr_par' dir='ltr' id='par_1_33' title="bbox 584 3132 2142 3204">
     <span class='ocr_line' id='line_1_33' title="bbox 584 3132 2142 3204; baseline 0.001 -20"><span class='ocrx_word' id='word_1_227' title='bbox 584 3134 897 3198; x_wconf 66' lang='grc' dir='ltr'><strong>ρυηιὶςὶυιυ.</strong></span> <span class='ocrx_word' id='word_1_228' title='bbox 932 3132 1064 3186; x_wconf 80' lang='lat' dir='ltr'><strong>Nam</strong></span> <span class='ocrx_word' id='word_1_229' title='bbox 1091 3132 1258 3188; x_wconf 81' lang='lat' dir='ltr'><strong>fortes</strong></span> <span class='ocrx_word' id='word_1_230' title='bbox 1296 3142 1351 3188; x_wconf 92' lang='lat' dir='ltr'><strong>et</strong></span> <span class='ocrx_word' id='word_1_231' title='bbox 1380 3133 1599 3203; x_wconf 80' lang='lat' dir='ltr'><strong>perfecti</strong></span> <span class='ocrx_word' id='word_1_232' title='bbox 1643 3150 1855 3204; x_wconf 80' lang='lat' dir='ltr'><strong>semper</strong></span> <span class='ocrx_word' id='word_1_233' title='bbox 1879 3133 2142 3203; x_wconf 70' lang='lat' dir='ltr'><strong>singulari</strong></span> 
     </span>
    </p>
   </div>
   <div class='ocr_carea' id='block_1_34' title="bbox 580 3225 2217 3302">
    <p class='ocr_par' dir='ltr' id='par_1_34' title="bbox 580 3225 2217 3302">
     <span class='ocr_line' id='line_1_34' title="bbox 580 3225 2217 3302; baseline 0.003 -26"><span class='ocrx_word' id='word_1_234' title='bbox 580 3226 876 3276; x_wconf 75' lang='lat' dir='ltr'><strong>Certamine</strong></span> <span class='ocrx_word' id='word_1_235' title='bbox 924 3225 1189 3280; x_wconf 84' lang='lat' dir='ltr'><strong>dimicant</strong></span> <span class='ocrx_word' id='word_1_236' title='bbox 1241 3241 1368 3282; x_wconf 90' lang='lat' dir='ltr'><strong>cum</strong></span> <span class='ocrx_word' id='word_1_237' title='bbox 1405 3228 1763 3292; x_wconf 63' lang='lat' dir='ltr'><strong>daemonibus,</strong></span> <span class='ocrx_word' id='word_1_238' title='bbox 1799 3239 1852 3282; x_wconf 89' lang='lat' dir='ltr'><strong>et</strong></span> <span class='ocrx_word' id='word_1_239' title='bbox 1904 3228 2141 3297; x_wconf 79' lang='lat' dir='ltr'><strong>gladium</strong></span> <span class='ocrx_word' id='word_1_240' title='bbox 2169 3241 2217 3302; x_wconf 73' lang='grc' dir='ltr'><em>ς</em></span> 
     </span>
    </p>
   </div>
   <div class='ocr_carea' id='block_1_35' title="bbox 579 3313 2144 3389">
    <p class='ocr_par' dir='ltr' id='par_1_35' title="bbox 579 3313 2144 3389">
     <span class='ocr_line' id='line_1_35' title="bbox 579 3313 2144 3389; baseline 0.005 -23"><span class='ocrx_word' id='word_1_241' title='bbox 579 3313 821 3379; x_wconf 58' lang='lat' dir='ltr'><strong>Spiritus,</strong></span> <span class='ocrx_word' id='word_1_242' title='bbox 887 3317 979 3385; x_wconf 89' lang='lat' dir='ltr'><strong>qui</strong></span> <span class='ocrx_word' id='word_1_243' title='bbox 1037 3328 1122 3373; x_wconf 88' lang='lat' dir='ltr'><strong>est</strong></span> <span class='ocrx_word' id='word_1_244' title='bbox 1170 3318 1392 3373; x_wconf 79' lang='lat' dir='ltr'><strong>verbum</strong></span> <span class='ocrx_word' id='word_1_245' title='bbox 1443 3319 1558 3383; x_wconf 85' lang='lat' dir='ltr'><strong>Dei,</strong></span> <span class='ocrx_word' id='word_1_246' title='bbox 1611 3329 1796 3375; x_wconf 88' lang='lat' dir='ltr'><strong>contra</strong></span> <span class='ocrx_word' id='word_1_247' title='bbox 1824 3321 2144 3389; x_wconf 76' lang='lat' dir='ltr'><strong>eoslugiter</strong></span> 
     </span>
    </p>
   </div>
   <div class='ocr_carea' id='block_1_36' title="bbox 582 3409 2145 3481">
    <p class='ocr_par' dir='ltr' id='par_1_36' title="bbox 582 3409 2145 3481">
     <span class='ocr_line' id='line_1_36' title="bbox 582 3409 2145 3481; baseline 0.006 -24"><span class='ocrx_word' id='word_1_248' title='bbox 582 3409 828 3462; x_wconf 83' lang='lat' dir='ltr'><strong>vibrant:</strong></span> <span class='ocrx_word' id='word_1_249' title='bbox 885 3409 1094 3463; x_wconf 86' lang='lat' dir='ltr'><strong>debiles</strong></span> <span class='ocrx_word' id='word_1_250' title='bbox 1149 3425 1277 3463; x_wconf 83' lang='lat' dir='ltr'><strong>vero</strong></span> <span class='ocrx_word' id='word_1_251' title='bbox 1330 3419 1387 3464; x_wconf 89' lang='lat' dir='ltr'><strong>et</strong></span> <span class='ocrx_word' id='word_1_252' title='bbox 1448 3412 1641 3464; x_wconf 89' lang='lat' dir='ltr'><strong>novitii</strong></span> <span class='ocrx_word' id='word_1_253' title='bbox 1706 3411 1830 3481; x_wconf 80' lang='lat' dir='ltr'><strong>fuga</strong></span> <span class='ocrx_word' id='word_1_254' title='bbox 1875 3421 2035 3465; x_wconf 84' lang='lat' dir='ltr'><strong>caute</strong></span> <span class='ocrx_word' id='word_1_255' title='bbox 2080 3426 2145 3466; x_wconf 87' lang='lat' dir='ltr'><strong>ac</strong></span> 
     </span>
    </p>
   </div>
   <div class='ocr_carea' id='block_1_37' title="bbox 582 3500 2141 3569">
    <p class='ocr_par' dir='ltr' id='par_1_37' title="bbox 582 3500 2141 3569">
     <span class='ocr_line' id='line_1_37' title="bbox 582 3500 2141 3569; baseline 0.004 -19"><span class='ocrx_word' id='word_1_256' title='bbox 582 3500 768 3554; x_wconf 83' lang='lat' dir='ltr'><strong>timide</strong></span> <span class='ocrx_word' id='word_1_257' title='bbox 795 3502 946 3569; x_wconf 84' lang='lat' dir='ltr'><strong>quasi</strong></span> <span class='ocrx_word' id='word_1_258' title='bbox 993 3517 1117 3556; x_wconf 88' lang='lat' dir='ltr'><strong>arce</strong></span> <span class='ocrx_word' id='word_1_259' title='bbox 1155 3511 1395 3566; x_wconf 86' lang='lat' dir='ltr'><strong>utentes,</strong></span> <span class='ocrx_word' id='word_1_260' title='bbox 1440 3513 1496 3557; x_wconf 84' lang='lat' dir='ltr'><strong>et</strong></span> <span class='ocrx_word' id='word_1_261' title='bbox 1529 3504 1732 3557; x_wconf 90' lang='lat' dir='ltr'><strong>bellum</strong></span> <span class='ocrx_word' id='word_1_262' title='bbox 1785 3504 2141 3567; x_wconf 84' lang='lat' dir='ltr'><strong>declinantes,</strong></span> 
     </span>
    </p>
   </div>
   <div class='ocr_carea' id='block_1_38' title="bbox 582 3595 2143 3664">
    <p class='ocr_par' dir='ltr' id='par_1_38' title="bbox 582 3595 2143 3664">
     <span class='ocr_line' id='line_1_38' title="bbox 582 3595 2143 3664; baseline 0.001 -18"><span class='ocrx_word' id='word_1_263' title='bbox 582 3609 681 3648; x_wconf 88' lang='lat' dir='ltr'><strong>nec</strong></span> <span class='ocrx_word' id='word_1_264' title='bbox 740 3595 1123 3664; x_wconf 83' lang='lat' dir='ltr'><strong>intempestive</strong></span> <span class='ocrx_word' id='word_1_265' title='bbox 1186 3595 1474 3662; x_wconf 88' lang='lat' dir='ltr'><strong>audentes,</strong></span> <span class='ocrx_word' id='word_1_266' title='bbox 1536 3604 1764 3648; x_wconf 88' lang='lat' dir='ltr'><strong>mortem</strong></span> <span class='ocrx_word' id='word_1_267' title='bbox 1819 3597 2007 3649; x_wconf 86' lang='lat' dir='ltr'><strong>vitant.</strong></span> <span class='ocrx_word' id='word_1_268' title='bbox 2063 3595 2143 3648; x_wconf 91' lang='lat' dir='ltr'><strong>Tu</strong></span> 
     </span>
    </p>
   </div>
   <div class='ocr_carea' id='block_1_39' title="bbox 579 3686 2146 3752">
    <p class='ocr_par' dir='ltr' id='par_1_39' title="bbox 579 3686 2146 3752">
     <span class='ocr_line' id='line_1_39' title="bbox 579 3686 2146 3752; baseline 0.001 -14"><span class='ocrx_word' id='word_1_269' title='bbox 579 3697 781 3748; x_wconf 87' lang='lat' dir='ltr'><strong>autem,</strong></span> <span class='ocrx_word' id='word_1_270' title='bbox 816 3687 860 3738; x_wconf 89' lang='lat' dir='ltr'><strong>si</strong></span> <span class='ocrx_word' id='word_1_271' title='bbox 917 3689 1051 3739; x_wconf 90' lang='lat' dir='ltr'><strong>bene</strong></span> <span class='ocrx_word' id='word_1_272' title='bbox 1090 3686 1304 3752; x_wconf 86' lang='lat' dir='ltr'><strong>quietus</strong></span> <span class='ocrx_word' id='word_1_273' title='bbox 1349 3699 1429 3750; x_wconf 89' lang='lat' dir='ltr'><strong>es,</strong></span> <span class='ocrx_word' id='word_1_274' title='bbox 1479 3696 1806 3752; x_wconf 75' lang='lat' dir='ltr'><strong>exspectans</strong></span> <span class='ocrx_word' id='word_1_275' title='bbox 1860 3701 1982 3739; x_wconf 91' lang='lat' dir='ltr'><strong>cum</strong></span> <span class='ocrx_word' id='word_1_276' title='bbox 2039 3687 2146 3740; x_wconf 85' lang='lat' dir='ltr'><strong>Deo</strong></span> 
     </span>
    </p>
   </div>
   <div class='ocr_carea' id='block_1_40' title="bbox 583 3778 2143 3845">
    <p class='ocr_par' dir='ltr' id='par_1_40' title="bbox 583 3778 2143 3845">
     <span class='ocr_line' id='line_1_40' title="bbox 583 3778 2143 3845; baseline 0.003 -17"><span class='ocrx_word' id='word_1_277' title='bbox 583 3778 858 3839; x_wconf 80' lang='lat' dir='ltr'><strong>unionem,</strong></span> <span class='ocrx_word' id='word_1_278' title='bbox 894 3778 1000 3830; x_wconf 89' lang='lat' dir='ltr'><strong>noli</strong></span> <span class='ocrx_word' id='word_1_279' title='bbox 1031 3778 1318 3831; x_wconf 86' lang='lat' dir='ltr'><strong>admittere</strong></span> <span class='ocrx_word' id='word_1_280' title='bbox 1379 3779 1425 3832; x_wconf 84' lang='lat' dir='ltr'><strong>si</strong></span> <span class='ocrx_word' id='word_1_281' title='bbox 1475 3778 1606 3845; x_wconf 90' lang='lat' dir='ltr'><strong>quid</strong></span> <span class='ocrx_word' id='word_1_282' title='bbox 1641 3778 1826 3831; x_wconf 87' lang='lat' dir='ltr'><strong>videas</strong></span> <span class='ocrx_word' id='word_1_283' title='bbox 1862 3778 2143 3843; x_wconf 84' lang='lat' dir='ltr'><strong>sensibile,</strong></span> 
     </span>
    </p>
   </div>
   <div class='ocr_carea' id='block_1_41' title="bbox 580 3868 2146 3950">
    <p class='ocr_par' dir='ltr' id='par_1_41' title="bbox 580 3868 2146 3950">
     <span class='ocr_line' id='line_1_41' title="bbox 580 3868 2146 3950; baseline 0.001 -28"><span class='ocrx_word' id='word_1_284' title='bbox 580 3868 1048 3950; x_wconf 76' lang='lat' dir='ltr'><strong>vet_intelligibilc,</strong></span> <span class='ocrx_word' id='word_1_285' title='bbox 1077 3869 1162 3922; x_wconf 94' lang='lat' dir='ltr'><strong>vel</strong></span> <span class='ocrx_word' id='word_1_286' title='bbox 1185 3869 1448 3931; x_wconf 82' lang='lat' dir='ltr'><strong>exterius,</strong></span> <span class='ocrx_word' id='word_1_287' title='bbox 1473 3869 1554 3921; x_wconf 89' lang='lat' dir='ltr'><strong>vel</strong></span> <span class='ocrx_word' id='word_1_288' title='bbox 1587 3868 1832 3936; x_wconf 84' lang='lat' dir='ltr'><strong>interius,</strong></span> <span class='ocrx_word' id='word_1_289' title='bbox 1870 3870 1948 3924; x_wconf 76' lang='lat' dir='ltr'><strong>vel</strong></span> <span class='ocrx_word' id='word_1_290' title='bbox 1982 3872 2146 3925; x_wconf 86' lang='lat' dir='ltr'><strong>etiam</strong></span> 
     </span>
    </p>
   </div>
   <div class='ocr_carea' id='block_1_42' title="bbox 583 3957 2144 4027">
    <p class='ocr_par' dir='ltr' id='par_1_42' title="bbox 583 3957 2144 4027">
     <span class='ocr_line' id='line_1_42' title="bbox 583 3957 2144 4027; baseline 0.001 -15"><span class='ocrx_word' id='word_1_291' title='bbox 583 3960 872 4027; x_wconf 83' lang='lat' dir='ltr'><strong>imaginem</strong></span> <span class='ocrx_word' id='word_1_292' title='bbox 906 3957 1130 4022; x_wconf 87' lang='lat' dir='ltr'><strong>Christi,</strong></span> <span class='ocrx_word' id='word_1_293' title='bbox 1167 3959 1252 4013; x_wconf 89' lang='lat' dir='ltr'><strong>vel</strong></span> <span class='ocrx_word' id='word_1_294' title='bbox 1284 3960 1465 4014; x_wconf 87' lang='lat' dir='ltr'><strong>adhuc</strong></span> <span class='ocrx_word' id='word_1_295' title='bbox 1495 3960 1668 4027; x_wconf 75' lang='lat' dir='ltr'><strong>angeli</strong></span> <span class='ocrx_word' id='word_1_296' title='bbox 1702 3969 1796 4014; x_wconf 90' lang='lat' dir='ltr'><strong>aut</strong></span> <span class='ocrx_word' id='word_1_297' title='bbox 1826 3962 1997 4015; x_wconf 86' lang='lat' dir='ltr'><strong>sancti</strong></span> <span class='ocrx_word' id='word_1_298' title='bbox 2029 3963 2144 4016; x_wconf 76' lang='lat' dir='ltr'><strong>for-</strong></span> 
     </span>
    </p>
   </div>
   <div class='ocr_carea' id='block_1_43' title="bbox 585 4052 2146 4118">
    <p class='ocr_par' dir='ltr' id='par_1_43' title="bbox 585 4052 2146 4118">
     <span class='ocr_line' id='line_1_43' title="bbox 585 4052 2146 4118; baseline 0.001 -14"><span class='ocrx_word' id='word_1_299' title='bbox 585 4069 753 4115; x_wconf 81' lang='lat' dir='ltr'><strong>lnam,</strong></span> <span class='ocrx_word' id='word_1_300' title='bbox 812 4052 892 4104; x_wconf 80' lang='lat' dir='ltr'><strong>vel</strong></span> <span class='ocrx_word' id='word_1_301' title='bbox 937 4053 1109 4105; x_wconf 90' lang='lat' dir='ltr'><strong>lucem</strong></span> <span class='ocrx_word' id='word_1_302' title='bbox 1171 4054 1342 4106; x_wconf 90' lang='lat' dir='ltr'><strong>menti</strong></span> <span class='ocrx_word' id='word_1_303' title='bbox 1400 4053 1700 4106; x_wconf 75' lang='lat' dir='ltr'><strong>exliibitam</strong></span> <span class='ocrx_word' id='word_1_304' title='bbox 1765 4066 1860 4106; x_wconf 89' lang='lat' dir='ltr'><strong>aut</strong></span> <span class='ocrx_word' id='word_1_305' title='bbox 1891 4053 2146 4118; x_wconf 74' lang='lat' dir='ltr'><strong>edictam,</strong></span> 
     </span>
    </p>
   </div>
   <div class='ocr_carea' id='block_1_44' title="bbox 583 4133 2148 4215">
    <p class='ocr_par' dir='ltr' id='par_1_44' title="bbox 583 4133 2148 4215">
     <span class='ocr_line' id='line_1_44' title="bbox 583 4133 2148 4215; baseline 0.002 -19"><span class='ocrx_word' id='word_1_306' title='bbox 583 4148 708 4214; x_wconf 84' lang='lat' dir='ltr'><strong>quia</strong></span> <span class='ocrx_word' id='word_1_307' title='bbox 761 4157 814 4199; x_wconf 91' lang='lat' dir='ltr'><strong>ct</strong></span> <span class='ocrx_word' id='word_1_308' title='bbox 874 4147 988 4214; x_wconf 86' lang='lat' dir='ltr'><strong>ipsa</strong></span> <span class='ocrx_word' id='word_1_309' title='bbox 1039 4162 1191 4200; x_wconf 90' lang='lat' dir='ltr'><strong>mens</strong></span> <span class='ocrx_word' id='word_1_310' title='bbox 1249 4147 1410 4200; x_wconf 82' lang='lat' dir='ltr'><strong>habet</strong></span> <span class='ocrx_word' id='word_1_311' title='bbox 1457 4148 1564 4200; x_wconf 85' lang='lat' dir='ltr'><strong>vim</strong></span> <span class='ocrx_word' id='word_1_312' title='bbox 1612 4145 1937 4215; x_wconf 75' lang='lat' dir='ltr'><strong>imagiuandi</strong></span> <span class='ocrx_word' id='word_1_313' title='bbox 1969 4163 1998 4201; x_wconf 89' lang='lat' dir='ltr'><strong>a</strong></span> <span class='ocrx_word' id='word_1_314' title='bbox 2051 4133 2148 4200; x_wconf 79' lang='lat' dir='ltr'><strong>sua</strong></span> 
     </span>
    </p>
   </div>
   <div class='ocr_carea' id='block_1_45' title="bbox 585 4238 2150 4309">
    <p class='ocr_par' dir='ltr' id='par_1_45' title="bbox 585 4238 2150 4309">
     <span class='ocr_line' id='line_1_45' title="bbox 585 4238 2150 4309; baseline 0 -16"><span class='ocrx_word' id='word_1_315' title='bbox 585 4252 802 4302; x_wconf 86' lang='lat' dir='ltr'><strong>natura,</strong></span> <span class='ocrx_word' id='word_1_316' title='bbox 827 4251 880 4292; x_wconf 88' lang='lat' dir='ltr'><strong>et</strong></span> <span class='ocrx_word' id='word_1_317' title='bbox 909 4249 1123 4308; x_wconf 82' lang='lat' dir='ltr'><strong>Optatas</strong></span> <span class='ocrx_word' id='word_1_318' title='bbox 1150 4238 1305 4292; x_wconf 77' lang='lat' dir='ltr'><strong>facile</strong></span> <span class='ocrx_word' id='word_1_319' title='bbox 1337 4250 1513 4307; x_wconf 86' lang='lat' dir='ltr'><strong>potest</strong></span> <span class='ocrx_word' id='word_1_320' title='bbox 1544 4253 1931 4309; x_wconf 74' lang='lat' dir='ltr'><strong>reprmsentare</strong></span> <span class='ocrx_word' id='word_1_321' title='bbox 1947 4242 2150 4293; x_wconf 85' lang='lat' dir='ltr'><strong>formas</strong></span> 
     </span>
    </p>
   </div>
   <div class='ocr_carea' id='block_1_46' title="bbox 588 4332 2151 4402">
    <p class='ocr_par' dir='ltr' id='par_1_46' title="bbox 588 4332 2151 4402">
     <span class='ocr_line' id='line_1_46' title="bbox 588 4332 2151 4402; baseline -0.001 -17"><span class='ocrx_word' id='word_1_322' title='bbox 588 4335 670 4385; x_wconf 80' lang='lat' dir='ltr'>IIIS</span> <span class='ocrx_word' id='word_1_323' title='bbox 725 4334 819 4401; x_wconf 85' lang='lat' dir='ltr'><strong>qui</strong></span> <span class='ocrx_word' id='word_1_324' title='bbox 855 4335 1089 4386; x_wconf 87' lang='lat' dir='ltr'><strong>tmmlum</strong></span> <span class='ocrx_word' id='word_1_325' title='bbox 1156 4332 1394 4399; x_wconf 77' lang='lat' dir='ltr'><strong>perfecte</strong></span> <span class='ocrx_word' id='word_1_326' title='bbox 1435 4333 1697 4402; x_wconf 87' lang='lat' dir='ltr'><strong>adipsam</strong></span> <span class='ocrx_word' id='word_1_327' title='bbox 1737 4333 2047 4393; x_wconf 86' lang='lat' dir='ltr'><strong>attendunt,</strong></span> <span class='ocrx_word' id='word_1_328' title='bbox 2097 4342 2151 4385; x_wconf 88' lang='lat' dir='ltr'><strong>et</strong></span> 
     </span>
    </p>
   </div>
   <div class='ocr_carea' id='block_1_47' title="bbox 587 4423 2150 4491">
    <p class='ocr_par' dir='ltr' id='par_1_47' title="bbox 587 4423 2150 4491">
     <span class='ocr_line' id='line_1_47' title="bbox 587 4423 2150 4491; baseline -0.001 -15"><span class='ocrx_word' id='word_1_329' title='bbox 587 4426 666 4477; x_wconf 89' lang='lat' dir='ltr'><strong>sic</strong></span> <span class='ocrx_word' id='word_1_330' title='bbox 721 4426 771 4476; x_wconf 93' lang='lat' dir='ltr'><strong>in</strong></span> <span class='ocrx_word' id='word_1_331' title='bbox 803 4426 1034 4491; x_wconf 68' lang='lat' dir='ltr'><strong>seipsam</strong></span> <span class='ocrx_word' id='word_1_332' title='bbox 1091 4425 1256 4478; x_wconf 89' lang='lat' dir='ltr'><strong>infert</strong></span> <span class='ocrx_word' id='word_1_333' title='bbox 1311 4423 1721 4478; x_wconf 85' lang='lat' dir='ltr'><strong>detrimentum.</strong></span> <span class='ocrx_word' id='word_1_334' title='bbox 1766 4424 1887 4490; x_wconf 86' lang='lat' dir='ltr'><strong>Ipsa</strong></span> <span class='ocrx_word' id='word_1_335' title='bbox 1937 4438 2150 4491; x_wconf 76' lang='lat' dir='ltr'><strong>quoque.</strong></span> 
     </span>
    </p>
   </div>
   <div class='ocr_carea' id='block_1_48' title="bbox 590 4513 2148 4569">
    <p class='ocr_par' dir='ltr' id='par_1_48' title="bbox 590 4513 2148 4569">
     <span class='ocr_line' id='line_1_48' title="bbox 590 4513 2148 4569; baseline -0.002 -1"><span class='ocrx_word' id='word_1_336' title='bbox 590 4518 845 4569; x_wconf 82' lang='lat' dir='ltr'><strong>memoria</strong></span> <span class='ocrx_word' id='word_1_337' title='bbox 890 4518 1152 4569; x_wconf 90' lang='lat' dir='ltr'><strong>bonormn</strong></span> <span class='ocrx_word' id='word_1_338' title='bbox 1214 4524 1309 4569; x_wconf 89' lang='lat' dir='ltr'><strong>aut</strong></span> <span class='ocrx_word' id='word_1_339' title='bbox 1380 4515 1641 4568; x_wconf 90' lang='lat' dir='ltr'><strong>malorum</strong></span> <span class='ocrx_word' id='word_1_340' title='bbox 1713 4513 1924 4567; x_wconf 90' lang='lat' dir='ltr'><strong>turbide</strong></span> <span class='ocrx_word' id='word_1_341' title='bbox 1981 4513 2148 4566; x_wconf 89' lang='lat' dir='ltr'><strong>animi</strong></span> 
     </span>
    </p>
   </div>
   <div class='ocr_carea' id='block_1_49' title="bbox 587 4604 2152 4675">
    <p class='ocr_par' dir='ltr' id='par_1_49' title="bbox 587 4604 2152 4675">
     <span class='ocr_line' id='line_1_49' title="bbox 587 4604 2152 4675; baseline -0.003 -12"><span class='ocrx_word' id='word_1_342' title='bbox 587 4624 803 4663; x_wconf 77' lang='lat' dir='ltr'><strong>sensum</strong></span> <span class='ocrx_word' id='word_1_343' title='bbox 872 4608 1163 4675; x_wconf 88' lang='lat' dir='ltr'><strong>percellere</strong></span> <span class='ocrx_word' id='word_1_344' title='bbox 1219 4618 1274 4660; x_wconf 90' lang='lat' dir='ltr'><strong>et</strong></span> <span class='ocrx_word' id='word_1_345' title='bbox 1341 4607 1407 4660; x_wconf 90' lang='lat' dir='ltr'><strong>ad</strong></span> <span class='ocrx_word' id='word_1_346' title='bbox 1457 4607 1795 4672; x_wconf 86' lang='lat' dir='ltr'><strong>phantasiam</strong></span> <span class='ocrx_word' id='word_1_347' title='bbox 1881 4604 2152 4658; x_wconf 84' lang='lat' dir='ltr'><strong>adducere</strong></span> 
     </span>
    </p>
   </div>
   <div class='ocr_carea' id='block_1_50' title="bbox 587 4696 2153 4769">
    <p class='ocr_par' dir='ltr' id='par_1_50' title="bbox 587 4696 2153 4769">
     <span class='ocr_line' id='line_1_50' title="bbox 587 4696 2153 4769; baseline -0.004 -15"><span class='ocrx_word' id='word_1_348' title='bbox 587 4704 724 4756; x_wconf 58' lang='lat' dir='ltr'><strong>szilet</strong></span> <span class='ocrx_word' id='word_1_349' title='bbox 759 4720 773 4754; x_wconf 89' lang='lat'><strong>:</strong></span> <span class='ocrx_word' id='word_1_350' title='bbox 813 4702 954 4756; x_wconf 86' lang='lat' dir='ltr'><strong>unde</strong></span> <span class='ocrx_word' id='word_1_351' title='bbox 1009 4699 1317 4769; x_wconf 81' lang='lat' dir='ltr'><strong>liujusmodi</strong></span> <span class='ocrx_word' id='word_1_352' title='bbox 1355 4699 1566 4750; x_wconf 85' lang='lat' dir='ltr'><strong>animus</strong></span> <span class='ocrx_word' id='word_1_353' title='bbox 1604 4713 1632 4749; x_wconf 90' lang='lat' dir='ltr'><strong>a</strong></span> <span class='ocrx_word' id='word_1_354' title='bbox 1687 4698 1865 4764; x_wconf 84' lang='lat' dir='ltr'><strong>seipsu</strong></span> <span class='ocrx_word' id='word_1_355' title='bbox 1897 4696 1956 4749; x_wconf 86' lang='lat' dir='ltr'><strong>fit</strong></span> <span class='ocrx_word' id='word_1_356' title='bbox 1982 4699 2153 4765; x_wconf 85' lang='lat' dir='ltr'><strong>pban-</strong></span> 
     </span>
    </p>
   </div>
   <div class='ocr_carea' id='block_1_51' title="bbox 591 4787 2154 4858">
    <p class='ocr_par' dir='ltr' id='par_1_51' title="bbox 591 4787 2154 4858">
     <span class='ocr_line' id='line_1_51' title="bbox 591 4787 2154 4858; baseline -0.002 -15"><span class='ocrx_word' id='word_1_357' title='bbox 591 4794 837 4854; x_wconf 6' lang='lat' dir='ltr'><strong>luisticus,</strong></span> <span class='ocrx_word' id='word_1_358' title='bbox 871 4808 974 4843; x_wconf 82' lang='lat' dir='ltr'><strong>non</strong></span> <span class='ocrx_word' id='word_1_359' title='bbox 1009 4792 1248 4858; x_wconf 78' lang='lat' dir='ltr'><strong>quietus.</strong></span> <span class='ocrx_word' id='word_1_360' title='bbox 1278 4791 1406 4844; x_wconf 84' lang='lat' dir='ltr'><strong>Ideo</strong></span> <span class='ocrx_word' id='word_1_361' title='bbox 1462 4803 1593 4841; x_wconf 85' lang='lat' dir='ltr'><strong>cave</strong></span> <span class='ocrx_word' id='word_1_362' title='bbox 1653 4803 1720 4840; x_wconf 91' lang='lat' dir='ltr'><strong>ne</strong></span> <span class='ocrx_word' id='word_1_363' title='bbox 1773 4789 1902 4855; x_wconf 88' lang='lat' dir='ltr'><strong>qttid</strong></span> <span class='ocrx_word' id='word_1_364' title='bbox 1961 4787 2154 4840; x_wconf 83' lang='lat' dir='ltr'><strong>credas</strong></span> 
     </span>
    </p>
   </div>
   <div class='ocr_carea' id='block_1_52' title="bbox 591 4881 2152 4946">
    <p class='ocr_par' dir='ltr' id='par_1_52' title="bbox 591 4881 2152 4946">
     <span class='ocr_line' id='line_1_52' title="bbox 591 4881 2152 4946; baseline -0.003 -11"><span class='ocrx_word' id='word_1_365' title='bbox 591 4885 753 4936; x_wconf 90' lang='lat' dir='ltr'><strong>citius</strong></span> <span class='ocrx_word' id='word_1_366' title='bbox 785 4887 1116 4942; x_wconf 69' lang='grc' dir='ltr'>ειεευιιιὶειιε,</span> <span class='ocrx_word' id='word_1_367' title='bbox 1153 4886 1316 4934; x_wconf 87' lang='lat' dir='ltr'><strong>etiam</strong></span> <span class='ocrx_word' id='word_1_368' title='bbox 1368 4881 1414 4935; x_wconf 89' lang='lat' dir='ltr'><strong>si</strong></span> <span class='ocrx_word' id='word_1_369' title='bbox 1453 4885 1650 4932; x_wconf 91' lang='lat' dir='ltr'><strong>bonum</strong></span> <span class='ocrx_word' id='word_1_370' title='bbox 1707 4883 1800 4941; x_wconf 82' lang='lat' dir='ltr'><strong>sit,</strong></span> <span class='ocrx_word' id='word_1_371' title='bbox 1860 4887 2152 4946; x_wconf 81' lang='lat' dir='ltr'><strong>antequam</strong></span> 
     </span>
    </p>
   </div>
   <div class='ocr_carea' id='block_1_53' title="bbox 591 4971 2154 5044">
    <p class='ocr_par' dir='ltr' id='par_1_53' title="bbox 591 4971 2154 5044">
     <span class='ocr_line' id='line_1_53' title="bbox 591 4971 2154 5044; baseline -0.005 -15"><span class='ocrx_word' id='word_1_372' title='bbox 591 4977 604 5029; x_wconf 91' lang='lat' dir='ltr'><strong>i</strong></span> <span class='ocrx_word' id='word_1_373' title='bbox 633 4979 1005 5044; x_wconf 78' lang='lat' dir='ltr'><strong>.tcrmgarcris</strong></span> <span class='ocrx_word' id='word_1_374' title='bbox 1037 4982 1288 5042; x_wconf 59' lang='lat' dir='ltr'><strong>expertus</strong></span> <span class='ocrx_word' id='word_1_375' title='bbox 1325 4983 1375 5026; x_wconf 90' lang='lat' dir='ltr'><strong>et</strong></span> <span class='ocrx_word' id='word_1_376' title='bbox 1406 4973 1631 5026; x_wconf 89' lang='lat' dir='ltr'><strong>utultuut</strong></span> <span class='ocrx_word' id='word_1_377' title='bbox 1694 4971 2033 5040; x_wconf 79' lang='lat' dir='ltr'><strong>exquisieris,</strong></span> <span class='ocrx_word' id='word_1_378' title='bbox 2083 4985 2154 5021; x_wconf 85' lang='lat' dir='ltr'><strong>ne</strong></span> 
     </span>
    </p>
   </div>
   <div class='ocr_carea' id='block_1_54' title="bbox 591 5049 2151 5130">
    <p class='ocr_par' dir='ltr' id='par_1_54' title="bbox 591 5049 2151 5130">
     <span class='ocr_line' id='line_1_54' title="bbox 591 5049 2151 5130; baseline -0.009 -7"><span class='ocrx_word' id='word_1_379' title='bbox 591 5070 728 5123; x_wconf 85' lang='lat' dir='ltr'><strong>forte</strong></span> <span class='ocrx_word' id='word_1_380' title='bbox 755 5071 1004 5122; x_wconf 79' lang='lat' dir='ltr'><strong>damnum</strong></span> <span class='ocrx_word' id='word_1_381' title='bbox 1040 5070 1252 5130; x_wconf 85' lang='lat' dir='ltr'><strong>subeas,</strong></span> <span class='ocrx_word' id='word_1_382' title='bbox 1285 5067 1378 5121; x_wconf 88' lang='lat' dir='ltr'><strong>scd</strong></span> <span class='ocrx_word' id='word_1_383' title='bbox 1415 5049 1582 5118; x_wconf 69' lang='lat' dir='ltr'><strong>inane</strong></span> <span class='ocrx_word' id='word_1_384' title='bbox 1617 5065 1745 5116; x_wconf 84' lang='lat' dir='ltr'><strong>illud</strong></span> <span class='ocrx_word' id='word_1_385' title='bbox 1779 5077 1919 5128; x_wconf 64' lang='lat' dir='ltr'><strong>aegre</strong></span> <span class='ocrx_word' id='word_1_386' title='bbox 1953 5059 2151 5125; x_wconf 85' lang='lat' dir='ltr'><strong>ferens,</strong></span> 
     </span>
    </p>
   </div>
   <div class='ocr_carea' id='block_1_55' title="bbox 590 5151 2154 5230">
    <p class='ocr_par' dir='ltr' id='par_1_55' title="bbox 590 5151 2154 5230">
     <span class='ocr_line' id='line_1_55' title="bbox 590 5151 2154 5230; baseline -0.01 -13"><span class='ocrx_word' id='word_1_387' title='bbox 590 5174 638 5215; x_wconf 85' lang='lat' dir='ltr'><strong>et</strong></span> <span class='ocrx_word' id='word_1_388' title='bbox 673 5176 886 5230; x_wconf 85' lang='lat' dir='ltr'><strong>semper</strong></span> <span class='ocrx_word' id='word_1_389' title='bbox 922 5175 1144 5214; x_wconf 89' lang='lat' dir='ltr'><strong>servans</strong></span> <span class='ocrx_word' id='word_1_390' title='bbox 1182 5170 1414 5212; x_wconf 88' lang='lat' dir='ltr'><strong>mentem</strong></span> <span class='ocrx_word' id='word_1_391' title='bbox 1443 5167 1588 5210; x_wconf 87' lang='lat' dir='ltr'><strong>tuam</strong></span> <span class='ocrx_word' id='word_1_392' title='bbox 1611 5157 1728 5207; x_wconf 86' lang='lat' dir='ltr'><strong>sine</strong></span> <span class='ocrx_word' id='word_1_393' title='bbox 1755 5153 1956 5215; x_wconf 83' lang='lat' dir='ltr'><strong>colore,</strong></span> <span class='ocrx_word' id='word_1_394' title='bbox 1981 5151 2154 5203; x_wconf 88' lang='lat' dir='ltr'><strong>forma</strong></span> 
     </span>
    </p>
   </div>
   <div class='ocr_carea' id='block_1_56' title="bbox 591 5241 2149 5322">
    <p class='ocr_par' dir='ltr' id='par_1_56' title="bbox 591 5241 2149 5322">
     <span class='ocr_line' id='line_1_56' title="bbox 591 5241 2149 5322; baseline -0.01 -15"><span class='ocrx_word' id='word_1_395' title='bbox 591 5253 902 5322; x_wconf 73' lang='lat' dir='ltr'><strong>autelligie:</strong></span> <span class='ocrx_word' id='word_1_396' title='bbox 939 5268 1060 5304; x_wconf 86' lang='lat' dir='ltr'><strong>nam</strong></span> <span class='ocrx_word' id='word_1_397' title='bbox 1095 5265 1234 5318; x_wconf 70' lang='lat' dir='ltr'><strong>saepe</strong></span> <span class='ocrx_word' id='word_1_398' title='bbox 1281 5248 1408 5303; x_wconf 88' lang='lat' dir='ltr'><strong>illud</strong></span> <span class='ocrx_word' id='word_1_399' title='bbox 1440 5248 1603 5301; x_wconf 89' lang='lat' dir='ltr'><strong>etiam</strong></span> <span class='ocrx_word' id='word_1_400' title='bbox 1639 5245 1782 5312; x_wconf 91' lang='lat' dir='ltr'><strong>quod</strong></span> <span class='ocrx_word' id='word_1_401' title='bbox 1831 5243 1974 5294; x_wconf 89' lang='lat' dir='ltr'><strong>Deus</strong></span> <span class='ocrx_word' id='word_1_402' title='bbox 2045 5241 2149 5293; x_wconf 87' lang='lat' dir='ltr'><strong>tui-</strong></span> 
     </span>
    </p>
   </div>
   <div class='ocr_carea' id='block_1_57' title="bbox 594 5334 2152 5413">
    <p class='ocr_par' dir='ltr' id='par_1_57' title="bbox 594 5334 2152 5413">
     <span class='ocr_line' id='line_1_57' title="bbox 594 5334 2152 5413; baseline -0.011 -12"><span class='ocrx_word' id='word_1_403' title='bbox 594 5355 742 5401; x_wconf 72' lang='lat' dir='ltr'><strong>Scrat</strong></span> <span class='ocrx_word' id='word_1_404' title='bbox 773 5346 836 5398; x_wconf 90' lang='lat' dir='ltr'><strong>ad</strong></span> <span class='ocrx_word' id='word_1_405' title='bbox 868 5344 1236 5413; x_wconf 85' lang='lat' dir='ltr'><strong>probationem</strong></span> <span class='ocrx_word' id='word_1_406' title='bbox 1269 5353 1322 5396; x_wconf 90' lang='lat' dir='ltr'><strong>et</strong></span> <span class='ocrx_word' id='word_1_407' title='bbox 1355 5353 1639 5399; x_wconf 85' lang='lat' dir='ltr'><strong>coronam,</strong></span> <span class='ocrx_word' id='word_1_408' title='bbox 1673 5335 1856 5389; x_wconf 89' lang='lat' dir='ltr'><strong>multis</strong></span> <span class='ocrx_word' id='word_1_409' title='bbox 1894 5334 2152 5386; x_wconf 82' lang='lat' dir='ltr'><strong>damnum</strong></span> 
     </span>
    </p>
   </div>
   <div class='ocr_carea' id='block_1_58' title="bbox 598 5428 2158 5495">
    <p class='ocr_par' dir='ltr' id='par_1_58' title="bbox 598 5428 2158 5495">
     <span class='ocr_line' id='line_1_58' title="bbox 598 5428 2158 5495; baseline -0.011 -1"><span class='ocrx_word' id='word_1_410' title='bbox 598 5442 814 5494; x_wconf 89' lang='lat' dir='ltr'><strong>intulit:</strong></span> <span class='ocrx_word' id='word_1_411' title='bbox 851 5438 957 5492; x_wconf 88' lang='lat' dir='ltr'><strong>vult</strong></span> <span class='ocrx_word' id='word_1_412' title='bbox 989 5438 1130 5490; x_wconf 89' lang='lat' dir='ltr'><strong>enim</strong></span> <span class='ocrx_word' id='word_1_413' title='bbox 1160 5435 1419 5488; x_wconf 88' lang='lat' dir='ltr'><strong>Dominus</strong></span> <span class='ocrx_word' id='word_1_414' title='bbox 1453 5442 1634 5484; x_wconf 84' lang='lat' dir='ltr'><strong>noster</strong></span> <span class='ocrx_word' id='word_1_415' title='bbox 1659 5437 1902 5481; x_wconf 82' lang='lat' dir='ltr'><strong>nostrum</strong></span> <span class='ocrx_word' id='word_1_416' title='bbox 1927 5428 2158 5495; x_wconf 87' lang='lat' dir='ltr'><strong>probare</strong></span> 
     </span>
    </p>
   </div>
   <div class='ocr_carea' id='block_1_59' title="bbox 598 5516 2156 5602">
    <p class='ocr_par' dir='ltr' id='par_1_59' title="bbox 598 5516 2156 5602">
     <span class='ocr_line' id='line_1_59' title="bbox 598 5516 2156 5602; baseline -0.01 -17"><span class='ocrx_word' id='word_1_417' title='bbox 598 5549 704 5602; x_wconf 88' lang='lat' dir='ltr'><strong>quo</strong></span> <span class='ocrx_word' id='word_1_418' title='bbox 738 5541 918 5601; x_wconf 71' lang='lat' dir='ltr'><strong>vergat</strong></span> <span class='ocrx_word' id='word_1_419' title='bbox 952 5531 1182 5584; x_wconf 89' lang='lat' dir='ltr'><strong>liberum</strong></span> <span class='ocrx_word' id='word_1_420' title='bbox 1207 5527 1512 5580; x_wconf 83' lang='lat' dir='ltr'><strong>arbitrium.</strong></span> <span class='ocrx_word' id='word_1_421' title='bbox 1549 5523 1646 5588; x_wconf 84' lang='lat' dir='ltr'><strong>Qui</strong></span> <span class='ocrx_word' id='word_1_422' title='bbox 1678 5533 1807 5588; x_wconf 75' lang='lat' dir='ltr'><strong>ergo</strong></span> <span class='ocrx_word' id='word_1_423' title='bbox 1863 5517 2010 5570; x_wconf 87' lang='lat' dir='ltr'><strong>videt</strong></span> <span class='ocrx_word' id='word_1_424' title='bbox 2056 5516 2156 5569; x_wconf 86' lang='lat' dir='ltr'><strong>ali-</strong></span> 
     </span>
    </p>
   </div>
   <div class='ocr_carea' id='block_1_60' title="bbox 599 5608 2156 5694">
    <p class='ocr_par' dir='ltr' id='par_1_60' title="bbox 599 5608 2156 5694">
     <span class='ocr_line' id='line_1_60' title="bbox 599 5608 2156 5694; baseline -0.013 -17"><span class='ocrx_word' id='word_1_425' title='bbox 599 5626 728 5694; x_wconf 85' lang='lat' dir='ltr'><strong>quid</strong></span> <span class='ocrx_word' id='word_1_426' title='bbox 781 5625 1054 5676; x_wconf 74' lang='lat' dir='ltr'><strong>intellcctu</strong></span> <span class='ocrx_word' id='word_1_427' title='bbox 1086 5633 1175 5672; x_wconf 85' lang='lat' dir='ltr'><strong>aut</strong></span> <span class='ocrx_word' id='word_1_428' title='bbox 1203 5633 1388 5681; x_wconf 88' lang='lat' dir='ltr'><strong>sensu,</strong></span> <span class='ocrx_word' id='word_1_429' title='bbox 1431 5615 1554 5667; x_wconf 81' lang='lat' dir='ltr'><strong>licet</strong></span> <span class='ocrx_word' id='word_1_430' title='bbox 1599 5612 1861 5666; x_wconf 82' lang='lat' dir='ltr'><strong>divinitus</strong></span> <span class='ocrx_word' id='word_1_431' title='bbox 1908 5608 2156 5670; x_wconf 79' lang='lat' dir='ltr'><strong>missum,</strong></span> 
     </span>
    </p>
   </div>
   <div class='ocr_carea' id='block_1_61' title="bbox 601 5703 2160 5780">
    <p class='ocr_par' dir='ltr' id='par_1_61' title="bbox 601 5703 2160 5780">
     <span class='ocr_line' id='line_1_61' title="bbox 601 5703 2160 5780; baseline -0.012 -12"><span class='ocrx_word' id='word_1_432' title='bbox 601 5729 654 5768; x_wconf 83' lang='lat' dir='ltr'><strong>ct</strong></span> <span class='ocrx_word' id='word_1_433' title='bbox 689 5714 1008 5768; x_wconf 84' lang='lat' dir='ltr'><strong>inconsultis</strong></span> <span class='ocrx_word' id='word_1_434' title='bbox 1035 5711 1220 5780; x_wconf 86' lang='lat' dir='ltr'><strong>peritis</strong></span> <span class='ocrx_word' id='word_1_435' title='bbox 1256 5705 1448 5774; x_wconf 85' lang='lat' dir='ltr'><strong>accipit</strong></span> <span class='ocrx_word' id='word_1_436' title='bbox 1473 5705 1625 5766; x_wconf 84' lang='lat' dir='ltr'><strong>illud,</strong></span> <span class='ocrx_word' id='word_1_437' title='bbox 1662 5703 1817 5755; x_wconf 89' lang='lat' dir='ltr'><strong>facile</strong></span> <span class='ocrx_word' id='word_1_438' title='bbox 1863 5707 2014 5754; x_wconf 84' lang='lat' dir='ltr'><strong>errat</strong></span> <span class='ocrx_word' id='word_1_439' title='bbox 2065 5707 2160 5752; x_wconf 90' lang='lat' dir='ltr'><strong>aut</strong></span> 
     </span>
    </p>
   </div>
   <div class='ocr_carea' id='block_1_62' title="bbox 602 5792 2156 5864">
    <p class='ocr_par' dir='ltr' id='par_1_62' title="bbox 602 5792 2156 5864">
     <span class='ocr_line' id='line_1_62' title="bbox 602 5792 2156 5864; baseline -0.012 -5"><span class='ocrx_word' id='word_1_440' title='bbox 602 5815 884 5859; x_wconf 89' lang='lat' dir='ltr'><strong>erraturns</strong></span> <span class='ocrx_word' id='word_1_441' title='bbox 914 5814 1016 5860; x_wconf 87' lang='lat' dir='ltr'><strong>est.</strong></span> <span class='ocrx_word' id='word_1_442' title='bbox 1041 5813 1098 5855; x_wconf 89' lang='lat' dir='ltr'><strong>ut</strong></span> <span class='ocrx_word' id='word_1_443' title='bbox 1126 5801 1335 5854; x_wconf 89' lang='lat' dir='ltr'><strong>facilius</strong></span> <span class='ocrx_word' id='word_1_444' title='bbox 1371 5796 1656 5864; x_wconf 86' lang='lat' dir='ltr'><strong>recipiens.</strong></span> <span class='ocrx_word' id='word_1_445' title='bbox 1714 5792 1940 5862; x_wconf 88' lang='lat' dir='ltr'><strong>Oportet</strong></span> <span class='ocrx_word' id='word_1_446' title='bbox 1976 5798 2156 5845; x_wconf 89' lang='lat' dir='ltr'><strong>autem</strong></span> 
     </span>
    </p>
   </div>
   <div class='ocr_carea' id='block_1_63' title="bbox 606 5886 2156 5958">
    <p class='ocr_par' dir='ltr' id='par_1_63' title="bbox 606 5886 2156 5958">
     <span class='ocr_line' id='line_1_63' title="bbox 606 5886 2156 5958; baseline -0.013 -6"><span class='ocrx_word' id='word_1_447' title='bbox 606 5894 872 5952; x_wconf 78' lang='lat' dir='ltr'><strong>novitium</strong></span> <span class='ocrx_word' id='word_1_448' title='bbox 897 5895 1175 5948; x_wconf 83' lang='lat' dir='ltr'><strong>attendere</strong></span> <span class='ocrx_word' id='word_1_449' title='bbox 1201 5893 1376 5945; x_wconf 56' lang='lat' dir='ltr'><strong>cordi.~</strong></span> <span class='ocrx_word' id='word_1_450' title='bbox 1406 5886 1732 5958; x_wconf 79' lang='lat' dir='ltr'><strong>opcrationi,</strong></span> <span class='ocrx_word' id='word_1_451' title='bbox 1771 5894 2024 5953; x_wconf 58' lang='lat' dir='ltr'><strong>tauquam</strong></span> <span class='ocrx_word' id='word_1_452' title='bbox 2050 5893 2156 5933; x_wconf 87' lang='lat' dir='ltr'><strong>non</strong></span> 
     </span>
    </p>
   </div>
   <div class='ocr_carea' id='block_1_64' title="bbox 2255 661 3805 744">
    <p class='ocr_par' dir='ltr' id='par_1_64' title="bbox 2255 661 3805 744">
     <span class='ocr_line' id='line_1_64' title="bbox 2255 661 3805 744; baseline 0.006 -30"><span class='ocrx_word' id='word_1_453' title='bbox 2255 665 2302 714; x_wconf 88' lang='grc' dir='ltr'><strong>εί</strong></span> <span class='ocrx_word' id='word_1_454' title='bbox 2337 661 2611 732; x_wconf 75' lang='grc' dir='ltr'><strong>ἐπλανήθη</strong></span> <span class='ocrx_word' id='word_1_455' title='bbox 2666 679 2770 723; x_wconf 86' lang='grc' dir='ltr'>τις,</span> <span class='ocrx_word' id='word_1_456' title='bbox 2827 663 2858 732; x_wconf 88' lang='grc' dir='ltr'>ἢ</span> <span class='ocrx_word' id='word_1_457' title='bbox 2913 663 3128 732; x_wconf 81' lang='grc' dir='ltr'>ἐξέστη,</span> <span class='ocrx_word' id='word_1_458' title='bbox 3183 666 3215 737; x_wconf 76' lang='grc' dir='ltr'>ἦ</span> <span class='ocrx_word' id='word_1_459' title='bbox 3279 667 3486 736; x_wconf 76' lang='grc' dir='ltr'>πλάνην</span> <span class='ocrx_word' id='word_1_460' title='bbox 3525 670 3805 744; x_wconf 76' lang='grc' dir='ltr'>ἐδέξατο,ἢ</span> 
     </span>
    </p>
   </div>
   <div class='ocr_carea' id='block_1_65' title="bbox 2252 751 3807 829">
    <p class='ocr_par' dir='ltr' id='par_1_65' title="bbox 2252 751 3807 829">
     <span class='ocr_line' id='line_1_65' title="bbox 2252 751 3807 829; baseline 0.009 -27"><span class='ocrx_word' id='word_1_461' title='bbox 2252 751 2488 820; x_wconf 85' lang='grc' dir='ltr'>δέχεται,</span> <span class='ocrx_word' id='word_1_462' title='bbox 2534 753 2566 822; x_wconf 78' lang='grc' dir='ltr'>ἢ</span> <span class='ocrx_word' id='word_1_463' title='bbox 2607 751 2860 821; x_wconf 79' lang='grc' dir='ltr'>ἀλλότρια</span> <span class='ocrx_word' id='word_1_464' title='bbox 2908 754 3008 823; x_wconf 86' lang='grc' dir='ltr'><strong>τῆς</strong></span> <span class='ocrx_word' id='word_1_465' title='bbox 3055 755 3313 823; x_wconf 74' lang='grc' dir='ltr'><strong>ἀληθείας</strong></span> <span class='ocrx_word' id='word_1_466' title='bbox 3349 759 3472 829; x_wconf 75' lang='grc' dir='ltr'>δρᾷ,</span> <span class='ocrx_word' id='word_1_467' title='bbox 3507 760 3536 828; x_wconf 82' lang='grc' dir='ltr'><strong>ἦ</strong></span> <span class='ocrx_word' id='word_1_468' title='bbox 3581 762 3724 829; x_wconf 81' lang='grc' dir='ltr'><strong>λέγει</strong></span> <span class='ocrx_word' id='word_1_469' title='bbox 3758 766 3807 828; x_wconf 80' lang='grc' dir='ltr'><strong>ἐξ</strong></span> 
     </span>
    </p>
   </div>
   <div class='ocr_carea' id='block_1_66' title="bbox 2253 844 3808 920">
    <p class='ocr_par' dir='ltr' id='par_1_66' title="bbox 2253 844 3808 920">
     <span class='ocr_line' id='line_1_66' title="bbox 2253 844 3808 920; baseline 0.008 -24"><span class='ocrx_word' id='word_1_470' title='bbox 2253 844 2502 913; x_wconf 75' lang='grc' dir='ltr'>ἀπειρίας</span> <span class='ocrx_word' id='word_1_471' title='bbox 2539 845 2632 895; x_wconf 76' lang='grc' dir='ltr'>καὶ</span> <span class='ocrx_word' id='word_1_472' title='bbox 2681 844 2956 911; x_wconf 75' lang='grc' dir='ltr'><strong>ἀγνωσίας</strong></span> <span class='ocrx_word' id='word_1_473' title='bbox 2985 847 3048 898; x_wconf 72' lang='grc' dir='ltr'><strong>τὰ</strong></span> <span class='ocrx_word' id='word_1_474' title='bbox 3080 848 3180 900; x_wconf 76' lang='grc' dir='ltr'><strong>οὐκ</strong></span> <span class='ocrx_word' id='word_1_475' title='bbox 3229 848 3498 919; x_wconf 78' lang='grc' dir='ltr'><strong>ἀνήκοντα</strong></span> <span class='ocrx_word' id='word_1_476' title='bbox 3519 871 3532 883; x_wconf 73' lang='grc' dir='ltr'><strong>ο</strong></span> <span class='ocrx_word' id='word_1_477' title='bbox 3562 855 3808 920; x_wconf 77' lang='grc' dir='ltr'><strong>πολλάκις</strong></span> 
     </span>
    </p>
   </div>
   <div class='ocr_carea' id='block_1_67' title="bbox 2253 935 3809 1016">
    <p class='ocr_par' dir='ltr' id='par_1_67' title="bbox 2253 935 3809 1016">
     <span class='ocr_line' id='line_1_67' title="bbox 2253 935 3809 1016; baseline 0.006 -30"><span class='ocrx_word' id='word_1_478' title='bbox 2253 935 2363 1004; x_wconf 76' lang='grc' dir='ltr'><strong>γὰρ</strong></span> <span class='ocrx_word' id='word_1_479' title='bbox 2403 937 2508 989; x_wconf 74' lang='grc' dir='ltr'>ἀπὸ</span> <span class='ocrx_word' id='word_1_480' title='bbox 2539 938 2802 1000; x_wconf 76' lang='grc' dir='ltr'><strong>ἰδιωτείας</strong></span> <span class='ocrx_word' id='word_1_481' title='bbox 2849 956 2934 1001; x_wconf 90' lang='grc' dir='ltr'><strong>τις</strong></span> <span class='ocrx_word' id='word_1_482' title='bbox 2968 941 3094 1009; x_wconf 78' lang='grc' dir='ltr'>περὶ</span> <span class='ocrx_word' id='word_1_483' title='bbox 3131 941 3233 1008; x_wconf 76' lang='grc' dir='ltr'><strong>τῆς</strong></span> <span class='ocrx_word' id='word_1_484' title='bbox 3293 944 3552 1013; x_wconf 80' lang='grc' dir='ltr'>ἀληθείας</span> <span class='ocrx_word' id='word_1_485' title='bbox 3586 949 3809 1016; x_wconf 77' lang='grc' dir='ltr'>φθεγγό.</span> 
     </span>
    </p>
   </div>
   <div class='ocr_carea' id='block_1_68' title="bbox 2255 1027 3810 1102">
    <p class='ocr_par' dir='ltr' id='par_1_68' title="bbox 2255 1027 3810 1102">
     <span class='ocr_line' id='line_1_68' title="bbox 2255 1027 3810 1102; baseline 0.012 -27"><span class='ocrx_word' id='word_1_486' title='bbox 2255 1042 2433 1094; x_wconf 85' lang='grc' dir='ltr'>μενος,</span> <span class='ocrx_word' id='word_1_487' title='bbox 2463 1027 2599 1080; x_wconf 82' lang='grc' dir='ltr'>ἄλλα</span> <span class='ocrx_word' id='word_1_488' title='bbox 2646 1029 2759 1080; x_wconf 78' lang='grc' dir='ltr'>ἀντ’</span> <span class='ocrx_word' id='word_1_489' title='bbox 2793 1029 2970 1082; x_wconf 80' lang='grc' dir='ltr'>ἄλλων</span> <span class='ocrx_word' id='word_1_490' title='bbox 2995 1029 3296 1101; x_wconf 80' lang='grc' dir='ltr'>λεληθότως</span> <span class='ocrx_word' id='word_1_491' title='bbox 3323 1034 3520 1102; x_wconf 83' lang='grc' dir='ltr'>λαλῶν,</span> <span class='ocrx_word' id='word_1_492' title='bbox 3555 1039 3655 1092; x_wconf 80' lang='grc' dir='ltr'>οὐκ</span> <span class='ocrx_word' id='word_1_493' title='bbox 3681 1037 3810 1094; x_wconf 77' lang='grc' dir='ltr'>οἶδεν</span> 
     </span>
    </p>
   </div>
   <div class='ocr_carea' id='block_1_69' title="bbox 2253 1119 3808 1199">
    <p class='ocr_par' dir='ltr' id='par_1_69' title="bbox 2253 1119 3808 1199">
     <span class='ocr_line' id='line_1_69' title="bbox 2253 1119 3808 1199; baseline 0.012 -32"><span class='ocrx_word' id='word_1_494' title='bbox 2253 1119 2426 1168; x_wconf 71' lang='grc' dir='ltr'>εἰπεῖν</span> <span class='ocrx_word' id='word_1_495' title='bbox 2471 1119 2666 1188; x_wconf 74' lang='grc' dir='ltr'>ὀρθῶς,</span> <span class='ocrx_word' id='word_1_496' title='bbox 2719 1120 2793 1182; x_wconf 86' lang='grc' dir='ltr'>ὼς</span> <span class='ocrx_word' id='word_1_497' title='bbox 2850 1121 2984 1190; x_wconf 81' lang='grc' dir='ltr'>ἔχει,</span> <span class='ocrx_word' id='word_1_498' title='bbox 3037 1123 3133 1175; x_wconf 78' lang='grc' dir='ltr'>καὶ</span> <span class='ocrx_word' id='word_1_499' title='bbox 3157 1124 3384 1188; x_wconf 80' lang='grc' dir='ltr'>πολλοὺς</span> <span class='ocrx_word' id='word_1_500' title='bbox 3418 1129 3696 1199; x_wconf 77' lang='grc' dir='ltr'>ἐθρὸησεν,</span> <span class='ocrx_word' id='word_1_501' title='bbox 3724 1134 3808 1185; x_wconf 76' lang='grc' dir='ltr'>καὶ</span> 
     </span>
    </p>
   </div>
   <div class='ocr_carea' id='block_1_70' title="bbox 2254 1207 3807 1292">
    <p class='ocr_par' dir='ltr' id='par_1_70' title="bbox 2254 1207 3807 1292">
     <span class='ocr_line' id='line_1_70' title="bbox 2254 1207 3807 1292; baseline 0.011 -33"><span class='ocrx_word' id='word_1_502' title='bbox 2254 1207 2455 1268; x_wconf 71' lang='grc' dir='ltr'>ὄνειδος</span> <span class='ocrx_word' id='word_1_503' title='bbox 2500 1210 2594 1262; x_wconf 76' lang='grc' dir='ltr'><strong>καὶ</strong></span> <span class='ocrx_word' id='word_1_504' title='bbox 2631 1211 2843 1277; x_wconf 81' lang='grc' dir='ltr'>γέλωτα</span> <span class='ocrx_word' id='word_1_505' title='bbox 2877 1213 3121 1282; x_wconf 78' lang='grc' dir='ltr'>ἀνοήτως</span> <span class='ocrx_word' id='word_1_506' title='bbox 3170 1219 3493 1286; x_wconf 73' lang='grc' dir='ltr'>φερόμενος,</span> <span class='ocrx_word' id='word_1_507' title='bbox 3544 1225 3658 1285; x_wconf 87' lang='grc' dir='ltr'>τοῖς</span> <span class='ocrx_word' id='word_1_508' title='bbox 3689 1226 3807 1292; x_wconf 75' lang='grc' dir='ltr'>ήσυο</span> 
     </span>
    </p>
   </div>
   <div class='ocr_carea' id='block_1_71' title="bbox 2255 1299 3809 1380">
    <p class='ocr_par' dir='ltr' id='par_1_71' title="bbox 2255 1299 3809 1380">
     <span class='ocr_line' id='line_1_71' title="bbox 2255 1299 3809 1380; baseline 0.011 -30"><span class='ocrx_word' id='word_1_509' title='bbox 2255 1299 2480 1369; x_wconf 77' lang='grc' dir='ltr'>χάζουσι</span> <span class='ocrx_word' id='word_1_510' title='bbox 2503 1303 2881 1372; x_wconf 76' lang='grc' dir='ltr'>προεξένησεν·</span> <span class='ocrx_word' id='word_1_511' title='bbox 2909 1307 3010 1358; x_wconf 88' lang='grc' dir='ltr'><strong>οὐκ</strong></span> <span class='ocrx_word' id='word_1_512' title='bbox 3031 1305 3148 1359; x_wconf 82' lang='grc' dir='ltr'>ἔστι</span> <span class='ocrx_word' id='word_1_513' title='bbox 3179 1309 3287 1379; x_wconf 82' lang='grc' dir='ltr'><strong>γάρ</strong></span> <span class='ocrx_word' id='word_1_514' title='bbox 3315 1310 3648 1380; x_wconf 79' lang='grc' dir='ltr'>θαυμαστὸν,</span> <span class='ocrx_word' id='word_1_515' title='bbox 3683 1317 3809 1367; x_wconf 71' lang='grc' dir='ltr'>πλαο</span> 
     </span>
    </p>
   </div>
   <div class='ocr_carea' id='block_1_72' title="bbox 2255 1390 3807 1468">
    <p class='ocr_par' dir='ltr' id='par_1_72' title="bbox 2255 1390 3807 1468">
     <span class='ocr_line' id='line_1_72' title="bbox 2255 1390 3807 1468; baseline 0.01 -27"><span class='ocrx_word' id='word_1_516' title='bbox 2255 1390 2485 1460; x_wconf 75' lang='grc' dir='ltr'>νηθῆναί</span> <span class='ocrx_word' id='word_1_517' title='bbox 2526 1409 2646 1445; x_wconf 86' lang='grc' dir='ltr'>τινα</span> <span class='ocrx_word' id='word_1_518' title='bbox 2699 1395 2962 1464; x_wconf 85' lang='grc' dir='ltr'>ἀρχάριον</span> <span class='ocrx_word' id='word_1_519' title='bbox 2996 1397 3089 1449; x_wconf 76' lang='grc' dir='ltr'>καὶ</span> <span class='ocrx_word' id='word_1_520' title='bbox 3125 1400 3265 1468; x_wconf 80' lang='grc' dir='ltr'><strong>μετά</strong></span> <span class='ocrx_word' id='word_1_521' title='bbox 3317 1401 3541 1464; x_wconf 84' lang='grc' dir='ltr'>πολλοὺς</span> <span class='ocrx_word' id='word_1_522' title='bbox 3603 1405 3807 1466; x_wconf 56' lang='lat' dir='ltr'><strong>xor-mw.</strong></span> 
     </span>
    </p>
   </div>
   <div class='ocr_carea' id='block_1_73' title="bbox 2254 1481 3811 1555">
    <p class='ocr_par' dir='ltr' id='par_1_73' title="bbox 2254 1481 3811 1555">
     <span class='ocr_line' id='line_1_73' title="bbox 2254 1481 3811 1555; baseline 0.011 -23"><span class='ocrx_word' id='word_1_523' title='bbox 2254 1481 2388 1533; x_wconf 79' lang='grc' dir='ltr'>διότι</span> <span class='ocrx_word' id='word_1_524' title='bbox 2413 1483 2605 1550; x_wconf 82' lang='grc' dir='ltr'>γέγονε</span> <span class='ocrx_word' id='word_1_525' title='bbox 2657 1485 2894 1551; x_wconf 81' lang='grc' dir='ltr'>πολλοῖς,</span> <span class='ocrx_word' id='word_1_526' title='bbox 2949 1489 3044 1540; x_wconf 77' lang='grc' dir='ltr'>καὶ</span> <span class='ocrx_word' id='word_1_527' title='bbox 3073 1491 3185 1553; x_wconf 82' lang='grc' dir='ltr'>τοῖς</span> <span class='ocrx_word' id='word_1_528' title='bbox 3229 1490 3348 1555; x_wconf 89' lang='grc' dir='ltr'>νῦν,</span> <span class='ocrx_word' id='word_1_529' title='bbox 3391 1495 3485 1544; x_wconf 76' lang='grc' dir='ltr'><strong>καὶ</strong></span> <span class='ocrx_word' id='word_1_530' title='bbox 3514 1497 3628 1555; x_wconf 78' lang='grc' dir='ltr'>τοῖς</span> <span class='ocrx_word' id='word_1_531' title='bbox 3657 1497 3811 1549; x_wconf 68' lang='grc' dir='ltr'>πάλι-ι</span> 
     </span>
    </p>
   </div>
   <div class='ocr_carea' id='block_1_74' title="bbox 2257 1574 3811 1656">
    <p class='ocr_par' dir='ltr' id='par_1_74' title="bbox 2257 1574 3811 1656">
     <span class='ocr_line' id='line_1_74' title="bbox 2257 1574 3811 1656; baseline 0.01 -32"><span class='ocrx_word' id='word_1_532' title='bbox 2257 1574 2347 1625; x_wconf 81' lang='grc' dir='ltr'>τὸν</span> <span class='ocrx_word' id='word_1_533' title='bbox 2393 1575 2525 1626; x_wconf 81' lang='grc' dir='ltr'>Θεὸν</span> <span class='ocrx_word' id='word_1_534' title='bbox 2577 1575 2919 1644; x_wconf 75' lang='grc' dir='ltr'><strong>ἐκζητοῦσιν.</strong></span> <span class='ocrx_word' id='word_1_535' title='bbox 2967 1579 3032 1632; x_wconf 83' lang='grc' dir='ltr'><strong>Ἦ</strong></span> <span class='ocrx_word' id='word_1_536' title='bbox 3060 1584 3168 1648; x_wconf 72' lang='grc' dir='ltr'>γὰρ</span> <span class='ocrx_word' id='word_1_537' title='bbox 3194 1581 3287 1634; x_wconf 88' lang='grc' dir='ltr'><strong>τοῦ</strong></span> <span class='ocrx_word' id='word_1_538' title='bbox 3317 1583 3450 1635; x_wconf 80' lang='grc' dir='ltr'>Θεοῦ</span> <span class='ocrx_word' id='word_1_539' title='bbox 3489 1587 3699 1656; x_wconf 84' lang='grc' dir='ltr'>μνήμη,</span> <span class='ocrx_word' id='word_1_540' title='bbox 3723 1588 3811 1639; x_wconf 78' lang='grc' dir='ltr'>εἴτ’</span> 
     </span>
    </p>
   </div>
   <div class='ocr_carea' id='block_1_75' title="bbox 2255 1658 3811 1749">
    <p class='ocr_par' dir='ltr' id='par_1_75' title="bbox 2255 1658 3811 1749">
     <span class='ocr_line' id='line_1_75' title="bbox 2255 1658 3811 1749; baseline 0.01 -33"><span class='ocrx_word' id='word_1_541' title='bbox 2255 1662 2352 1717; x_wconf 85' lang='grc' dir='ltr'><strong>οῦν</strong></span> <span class='ocrx_word' id='word_1_542' title='bbox 2377 1667 2410 1735; x_wconf 87' lang='grc' dir='ltr'><strong>ή</strong></span> <span class='ocrx_word' id='word_1_543' title='bbox 2438 1666 2600 1737; x_wconf 75' lang='grc' dir='ltr'>νοερὰ</span> <span class='ocrx_word' id='word_1_544' title='bbox 2635 1658 2931 1740; x_wconf 75' lang='grc' dir='ltr'>προσευχὴ,</span> <span class='ocrx_word' id='word_1_545' title='bbox 2956 1672 3260 1744; x_wconf 70' lang='grc' dir='ltr'>ὑψηλοτέρα</span> <span class='ocrx_word' id='word_1_546' title='bbox 3284 1677 3474 1728; x_wconf 85' lang='grc' dir='ltr'>πασῶν</span> <span class='ocrx_word' id='word_1_547' title='bbox 3503 1678 3615 1730; x_wconf 88' lang='grc' dir='ltr'><strong>τῶν</strong></span> <span class='ocrx_word' id='word_1_548' title='bbox 3658 1681 3811 1749; x_wconf 83' lang='grc' dir='ltr'>ἐργα-</span> 
     </span>
    </p>
   </div>
   <div class='ocr_carea' id='block_1_76' title="bbox 2260 1756 3810 1840">
    <p class='ocr_par' dir='ltr' id='par_1_76' title="bbox 2260 1756 3810 1840">
     <span class='ocr_line' id='line_1_76' title="bbox 2260 1756 3810 1840; baseline 0.01 -32"><span class='ocrx_word' id='word_1_549' title='bbox 2260 1756 2390 1808; x_wconf 88' lang='grc' dir='ltr'>σιῶν</span> <span class='ocrx_word' id='word_1_550' title='bbox 2445 1759 2616 1821; x_wconf 87' lang='grc' dir='ltr'>ἐστιν,</span> <span class='ocrx_word' id='word_1_551' title='bbox 2669 1761 2809 1832; x_wconf 80' lang='grc' dir='ltr'>αῦτη</span> <span class='ocrx_word' id='word_1_552' title='bbox 2854 1764 2948 1815; x_wconf 78' lang='grc' dir='ltr'><strong>καὶ</strong></span> <span class='ocrx_word' id='word_1_553' title='bbox 2993 1766 3202 1837; x_wconf 81' lang='grc' dir='ltr'>κεφαλή</span> <span class='ocrx_word' id='word_1_554' title='bbox 3243 1769 3472 1836; x_wconf 83' lang='grc' dir='ltr'>ἀρετῶν,</span> <span class='ocrx_word' id='word_1_555' title='bbox 3505 1769 3580 1832; x_wconf 85' lang='grc' dir='ltr'>ὡς</span> <span class='ocrx_word' id='word_1_556' title='bbox 3638 1773 3810 1840; x_wconf 81' lang='grc' dir='ltr'>ἀγάπη</span> 
     </span>
    </p>
   </div>
   <div class='ocr_carea' id='block_1_77' title="bbox 2257 1847 3811 1932">
    <p class='ocr_par' dir='ltr' id='par_1_77' title="bbox 2257 1847 3811 1932">
     <span class='ocr_line' id='line_1_77' title="bbox 2257 1847 3811 1932; baseline 0.01 -34"><span class='ocrx_word' id='word_1_557' title='bbox 2257 1847 2413 1901; x_wconf 86' lang='grc' dir='ltr'>Θεοῦ.</span> <span class='ocrx_word' id='word_1_558' title='bbox 2440 1851 2550 1902; x_wconf 77' lang='grc' dir='ltr'>Καὶ</span> <span class='ocrx_word' id='word_1_559' title='bbox 2587 1854 2615 1904; x_wconf 89' lang='grc' dir='ltr'>ὁ</span> <span class='ocrx_word' id='word_1_560' title='bbox 2665 1853 2896 1917; x_wconf 85' lang='grc' dir='ltr'>ἀναιδῶς</span> <span class='ocrx_word' id='word_1_561' title='bbox 2922 1856 3012 1908; x_wconf 82' lang='grc' dir='ltr'><strong>καὶ</strong></span> <span class='ocrx_word' id='word_1_562' title='bbox 3039 1858 3280 1926; x_wconf 81' lang='grc' dir='ltr'>θρασέως</span> <span class='ocrx_word' id='word_1_563' title='bbox 3327 1860 3651 1929; x_wconf 82' lang='grc' dir='ltr'>βουλόμενος</span> <span class='ocrx_word' id='word_1_564' title='bbox 3689 1865 3811 1932; x_wconf 62' lang='grc' dir='ltr'>προς</span> 
     </span>
    </p>
   </div>
   <div class='ocr_carea' id='block_1_78' title="bbox 2257 1939 3813 2022">
    <p class='ocr_par' dir='ltr' id='par_1_78' title="bbox 2257 1939 3813 2022">
     <span class='ocr_line' id='line_1_78' title="bbox 2257 1939 3813 2022; baseline 0.011 -33"><span class='ocrx_word' id='word_1_565' title='bbox 2257 1939 2347 1990; x_wconf 72' lang='grc' dir='ltr'><strong>τὸν</strong></span> <span class='ocrx_word' id='word_1_566' title='bbox 2370 1939 2502 1993; x_wconf 82' lang='grc' dir='ltr'>Θεὸν</span> <span class='ocrx_word' id='word_1_567' title='bbox 2523 1943 2782 1998; x_wconf 70' lang='grc' dir='ltr'>εἰσελθεῖν</span> <span class='ocrx_word' id='word_1_568' title='bbox 2801 1947 2900 2000; x_wconf 75' lang='grc' dir='ltr'><strong>καὶ</strong></span> <span class='ocrx_word' id='word_1_569' title='bbox 2927 1949 3206 2018; x_wconf 74' lang='grc' dir='ltr'>ὁμολογεῖν</span> <span class='ocrx_word' id='word_1_570' title='bbox 3235 1951 3398 2003; x_wconf 77' lang='grc' dir='ltr'>αὐτὸν</span> <span class='ocrx_word' id='word_1_571' title='bbox 3425 1953 3701 2022; x_wconf 78' lang='grc' dir='ltr'>καθαρῶς,</span> <span class='ocrx_word' id='word_1_572' title='bbox 3729 1954 3813 2006; x_wconf 75' lang='grc' dir='ltr'>καὶ</span> 
     </span>
    </p>
   </div>
   <div class='ocr_carea' id='block_1_79' title="bbox 2257 2031 3812 2112">
    <p class='ocr_par' dir='ltr' id='par_1_79' title="bbox 2257 2031 3812 2112">
     <span class='ocr_line' id='line_1_79' title="bbox 2257 2031 3812 2112; baseline 0.01 -30"><span class='ocrx_word' id='word_1_573' title='bbox 2257 2031 2562 2099; x_wconf 85' lang='grc' dir='ltr'>κτήσασθαι</span> <span class='ocrx_word' id='word_1_574' title='bbox 2591 2037 2754 2089; x_wconf 76' lang='grc' dir='ltr'>αὑτὸν</span> <span class='ocrx_word' id='word_1_575' title='bbox 2794 2039 2850 2090; x_wconf 86' lang='grc' dir='ltr'><strong>ἐν</strong></span> <span class='ocrx_word' id='word_1_576' title='bbox 2880 2039 3058 2108; x_wconf 80' lang='grc' dir='ltr'>ἑαυτῷ</span> <span class='ocrx_word' id='word_1_577' title='bbox 3088 2039 3425 2112; x_wconf 76' lang='grc' dir='ltr'>βιαζόμενος,</span> <span class='ocrx_word' id='word_1_578' title='bbox 3456 2045 3694 2110; x_wconf 77' lang='grc' dir='ltr'>εὐκόλως</span> <span class='ocrx_word' id='word_1_579' title='bbox 3723 2045 3812 2098; x_wconf 82' lang='grc' dir='ltr'>θα-</span> 
     </span>
    </p>
   </div>
   <div class='ocr_carea' id='block_1_80' title="bbox 2259 2126 3812 2202">
    <p class='ocr_par' dir='ltr' id='par_1_80' title="bbox 2259 2126 3812 2202">
     <span class='ocr_line' id='line_1_80' title="bbox 2259 2126 3812 2202; baseline 0.012 -32"><span class='ocrx_word' id='word_1_580' title='bbox 2259 2136 2516 2175; x_wconf 88' lang='grc' dir='ltr'>νατουται</span> <span class='ocrx_word' id='word_1_581' title='bbox 2543 2126 2571 2177; x_wconf 84' lang='grc' dir='ltr'>ὁ</span> <span class='ocrx_word' id='word_1_582' title='bbox 2608 2126 2847 2190; x_wconf 79' lang='grc' dir='ltr'>τοιοῦτος</span> <span class='ocrx_word' id='word_1_583' title='bbox 2883 2129 2975 2181; x_wconf 80' lang='grc' dir='ltr'><strong>ὑπ’</strong></span> <span class='ocrx_word' id='word_1_584' title='bbox 2997 2130 3199 2191; x_wconf 78' lang='grc' dir='ltr'>αὐτῶν,</span> <span class='ocrx_word' id='word_1_585' title='bbox 3223 2133 3332 2184; x_wconf 90' lang='grc' dir='ltr'><strong>τῶν</strong></span> <span class='ocrx_word' id='word_1_586' title='bbox 3359 2133 3632 2198; x_wconf 83' lang='grc' dir='ltr'>δαιμόνων</span> <span class='ocrx_word' id='word_1_587' title='bbox 3661 2135 3812 2202; x_wconf 85' lang='grc' dir='ltr'>λέγω,</span> 
     </span>
    </p>
   </div>
   <div class='ocr_carea' id='block_1_81' title="bbox 2261 2211 3814 2294">
    <p class='ocr_par' dir='ltr' id='par_1_81' title="bbox 2261 2211 3814 2294">
     <span class='ocr_line' id='line_1_81' title="bbox 2261 2211 3814 2294; baseline 0.008 -28"><span class='ocrx_word' id='word_1_588' title='bbox 2261 2211 2314 2266; x_wconf 82' lang='grc' dir='ltr'>εἰ</span> <span class='ocrx_word' id='word_1_589' title='bbox 2363 2219 2930 2290; x_wconf 83' lang='grc' dir='ltr'>παραχωρηθήσεται·</span> <span class='ocrx_word' id='word_1_590' title='bbox 2965 2222 3253 2293; x_wconf 79' lang='grc' dir='ltr'>τολμηρῶς</span> <span class='ocrx_word' id='word_1_591' title='bbox 3291 2225 3401 2294; x_wconf 88' lang='grc' dir='ltr'><strong>γάρ</strong></span> <span class='ocrx_word' id='word_1_592' title='bbox 3447 2227 3543 2277; x_wconf 77' lang='grc' dir='ltr'><strong>καὶ</strong></span> <span class='ocrx_word' id='word_1_593' title='bbox 3576 2227 3814 2293; x_wconf 76' lang='grc' dir='ltr'>αὐθαδῶς</span> 
     </span>
    </p>
   </div>
   <div class='ocr_carea' id='block_1_82' title="bbox 2267 2312 3822 2387">
    <p class='ocr_par' dir='ltr' id='par_1_82' title="bbox 2267 2312 3822 2387">
     <span class='ocr_line' id='line_1_82' title="bbox 2267 2312 3822 2387; baseline -0.005 -19"><span class='ocrx_word' id='word_1_594' title='bbox 2267 2317 2336 2370; x_wconf 84' lang='grc' dir='ltr'>τὰ</span> <span class='ocrx_word' id='word_1_595' title='bbox 2366 2317 2515 2387; x_wconf 82' lang='grc' dir='ltr'>παρὰ</span> <span class='ocrx_word' id='word_1_596' title='bbox 2536 2317 2635 2387; x_wconf 81' lang='grc' dir='ltr'><strong>τὴν</strong></span> <span class='ocrx_word' id='word_1_597' title='bbox 2659 2317 2793 2370; x_wconf 80' lang='grc' dir='ltr'>ἰδίαν</span> <span class='ocrx_word' id='word_1_598' title='bbox 2815 2317 3144 2369; x_wconf 85' lang='grc' dir='ltr'>κατάστασιν</span> <span class='ocrx_word' id='word_1_599' title='bbox 3173 2315 3500 2384; x_wconf 76' lang='grc' dir='ltr'>ἐκζητήσας,</span> <span class='ocrx_word' id='word_1_600' title='bbox 3537 2313 3675 2381; x_wconf 83' lang='grc' dir='ltr'>μετὰ</span> <span class='ocrx_word' id='word_1_601' title='bbox 3701 2312 3822 2364; x_wconf 80' lang='grc' dir='ltr'>ἀλα-</span> 
     </span>
    </p>
   </div>
   <div class='ocr_carea' id='block_1_83' title="bbox 2268 2402 3820 2480">
    <p class='ocr_par' dir='ltr' id='par_1_83' title="bbox 2268 2402 3820 2480">
     <span class='ocr_line' id='line_1_83' title="bbox 2268 2402 3820 2480; baseline -0.007 -16"><span class='ocrx_word' id='word_1_602' title='bbox 2268 2410 2495 2473; x_wconf 83' lang='grc' dir='ltr'>ζωνείας</span> <span class='ocrx_word' id='word_1_603' title='bbox 2530 2408 2779 2463; x_wconf 77' lang='grc' dir='ltr'>ἐκδιώκει</span> <span class='ocrx_word' id='word_1_604' title='bbox 2822 2408 2927 2480; x_wconf 75' lang='grc' dir='ltr'><strong>πρὸ</strong></span> <span class='ocrx_word' id='word_1_605' title='bbox 2964 2407 3157 2477; x_wconf 79' lang='grc' dir='ltr'>καιροῦ</span> <span class='ocrx_word' id='word_1_606' title='bbox 3203 2405 3426 2475; x_wconf 79' lang='grc' dir='ltr'>φθάσαι.</span> <span class='ocrx_word' id='word_1_607' title='bbox 3475 2404 3736 2465; x_wconf 80' lang='grc' dir='ltr'>Πολλάκις</span> <span class='ocrx_word' id='word_1_608' title='bbox 3771 2402 3820 2454; x_wconf 82' lang='grc' dir='ltr'><strong>δὲ</strong></span> 
     </span>
    </p>
   </div>
   <div class='ocr_carea' id='block_1_84' title="bbox 2265 2497 3821 2572">
    <p class='ocr_par' dir='ltr' id='par_1_84' title="bbox 2265 2497 3821 2572">
     <span class='ocr_line' id='line_1_84' title="bbox 2265 2497 3821 2572; baseline 0 -17"><span class='ocrx_word' id='word_1_609' title='bbox 2265 2501 2816 2572; x_wconf 77' lang='grc' dir='ltr'>σπλαγχνιζόμενοςὸ</span> <span class='ocrx_word' id='word_1_610' title='bbox 2855 2501 3081 2571; x_wconf 83' lang='grc' dir='ltr'>Κύριος,</span> <span class='ocrx_word' id='word_1_611' title='bbox 3123 2500 3270 2569; x_wconf 76' lang='grc' dir='ltr'>ἡμᾶς</span> <span class='ocrx_word' id='word_1_612' title='bbox 3337 2497 3551 2566; x_wconf 80' lang='grc' dir='ltr'>βλέπων</span> <span class='ocrx_word' id='word_1_613' title='bbox 3609 2500 3665 2548; x_wconf 80' lang='grc' dir='ltr'><strong>ἐν</strong></span> <span class='ocrx_word' id='word_1_614' title='bbox 3723 2499 3821 2555; x_wconf 76' lang='grc' dir='ltr'>τοῖς</span> 
     </span>
    </p>
   </div>
   <div class='ocr_carea' id='block_1_85' title="bbox 2263 2588 3822 2665">
    <p class='ocr_par' dir='ltr' id='par_1_85' title="bbox 2263 2588 3822 2665">
     <span class='ocr_line' id='line_1_85' title="bbox 2263 2588 3822 2665; baseline -0.006 -18"><span class='ocrx_word' id='word_1_615' title='bbox 2263 2596 2485 2665; x_wconf 65' lang='grc' dir='ltr'>ὑψηλοῖς</span> <span class='ocrx_word' id='word_1_616' title='bbox 2515 2596 2844 2665; x_wconf 75' lang='grc' dir='ltr'>τολμηροὺς,</span> <span class='ocrx_word' id='word_1_617' title='bbox 2891 2595 2950 2647; x_wconf 80' lang='grc' dir='ltr'><strong>οὐ</strong></span> <span class='ocrx_word' id='word_1_618' title='bbox 2990 2594 3309 2662; x_wconf 79' lang='grc' dir='ltr'>παραχωρεῖ</span> <span class='ocrx_word' id='word_1_619' title='bbox 3339 2588 3725 2658; x_wconf 68' lang='grc' dir='ltr'>πειρασθῆναι,</span> <span class='ocrx_word' id='word_1_620' title='bbox 3746 2589 3822 2638; x_wconf 74' lang='grc' dir='ltr'>ἳνα</span> 
     </span>
    </p>
   </div>
   <div class='ocr_carea' id='block_1_86' title="bbox 2261 2678 3824 2754">
    <p class='ocr_par' dir='ltr' id='par_1_86' title="bbox 2261 2678 3824 2754">
     <span class='ocr_line' id='line_1_86' title="bbox 2261 2678 3824 2754; baseline -0.006 -18"><span class='ocrx_word' id='word_1_621' title='bbox 2261 2685 2359 2754; x_wconf 77' lang='grc' dir='ltr'>τὴν</span> <span class='ocrx_word' id='word_1_622' title='bbox 2407 2685 2602 2737; x_wconf 78' lang='grc' dir='ltr'>ἑαυτοῦ</span> <span class='ocrx_word' id='word_1_623' title='bbox 2668 2684 2898 2745; x_wconf 78' lang='grc' dir='ltr'>ἕκαστος</span> <span class='ocrx_word' id='word_1_624' title='bbox 2939 2684 3197 2750; x_wconf 66' lang='grc' dir='ltr'>ἐπιγνοὺς</span> <span class='ocrx_word' id='word_1_625' title='bbox 3235 2683 3434 2751; x_wconf 75' lang='grc' dir='ltr'>οἴησιν,</span> <span class='ocrx_word' id='word_1_626' title='bbox 3496 2680 3594 2748; x_wconf 79' lang='grc' dir='ltr'>ἀφ’</span> <span class='ocrx_word' id='word_1_627' title='bbox 3644 2678 3824 2732; x_wconf 77' lang='grc' dir='ltr'>ἑαυτοῦ</span> 
     </span>
    </p>
   </div>
   <div class='ocr_carea' id='block_1_87' title="bbox 2262 2770 3825 2846">
    <p class='ocr_par' dir='ltr' id='par_1_87' title="bbox 2262 2770 3825 2846">
     <span class='ocr_line' id='line_1_87' title="bbox 2262 2770 3825 2846; baseline -0.004 -21"><span class='ocrx_word' id='word_1_628' title='bbox 2262 2777 2596 2846; x_wconf 77' lang='grc' dir='ltr'>ἐπιστραφῇ,</span> <span class='ocrx_word' id='word_1_629' title='bbox 2623 2777 2728 2845; x_wconf 79' lang='grc' dir='ltr'><strong>πρὸ</strong></span> <span class='ocrx_word' id='word_1_630' title='bbox 2770 2775 2864 2828; x_wconf 88' lang='grc' dir='ltr'><strong>τοῦ</strong></span> <span class='ocrx_word' id='word_1_631' title='bbox 2893 2776 3147 2844; x_wconf 88' lang='grc' dir='ltr'>γενέσθαι</span> <span class='ocrx_word' id='word_1_632' title='bbox 3192 2773 3392 2834; x_wconf 79' lang='grc' dir='ltr'>ὄνειδος</span> <span class='ocrx_word' id='word_1_633' title='bbox 3440 2772 3712 2841; x_wconf 83' lang='grc' dir='ltr'>δαιμόνων</span> <span class='ocrx_word' id='word_1_634' title='bbox 3743 2770 3825 2820; x_wconf 80' lang='grc' dir='ltr'><strong>καὶ</strong></span> 
     </span>
    </p>
   </div>
   <div class='ocr_carea' id='block_1_88' title="bbox 2262 2861 3825 2936">
    <p class='ocr_par' dir='ltr' id='par_1_88' title="bbox 2262 2861 3825 2936">
     <span class='ocr_line' id='line_1_88' title="bbox 2262 2861 3825 2936; baseline -0.003 -18"><span class='ocrx_word' id='word_1_635' title='bbox 2262 2865 2455 2932; x_wconf 82' lang='grc' dir='ltr'>γέλως,</span> <span class='ocrx_word' id='word_1_636' title='bbox 2487 2867 2519 2935; x_wconf 88' lang='grc' dir='ltr'>ἢ</span> <span class='ocrx_word' id='word_1_637' title='bbox 2555 2867 2826 2935; x_wconf 73' lang='grc' dir='ltr'>κλαυθμὸς</span> <span class='ocrx_word' id='word_1_638' title='bbox 2867 2869 2925 2920; x_wconf 88' lang='grc' dir='ltr'><strong>ἐν</strong></span> <span class='ocrx_word' id='word_1_639' title='bbox 2966 2867 3294 2936; x_wconf 81' lang='grc' dir='ltr'>ἀνθρώποις,</span> <span class='ocrx_word' id='word_1_640' title='bbox 3341 2868 3437 2917; x_wconf 74' lang='grc' dir='ltr'><strong>καὶ</strong></span> <span class='ocrx_word' id='word_1_641' title='bbox 3491 2864 3726 2934; x_wconf 77' lang='grc' dir='ltr'>μάλιστα</span> <span class='ocrx_word' id='word_1_642' title='bbox 3757 2861 3825 2930; x_wconf 79' lang='grc' dir='ltr'><strong>τῷ</strong></span> 
     </span>
    </p>
   </div>
   <div class='ocr_carea' id='block_1_89' title="bbox 2265 2954 3823 3028">
    <p class='ocr_par' dir='ltr' id='par_1_89' title="bbox 2265 2954 3823 3028">
     <span class='ocr_line' id='line_1_89' title="bbox 2265 2954 3823 3028; baseline -0.003 -19"><span class='ocrx_word' id='word_1_643' title='bbox 2265 2957 2404 3025; x_wconf 85' lang='grc' dir='ltr'><strong>μετά</strong></span> <span class='ocrx_word' id='word_1_644' title='bbox 2475 2959 2860 3028; x_wconf 76' lang='grc' dir='ltr'>μακροθυμίας</span> <span class='ocrx_word' id='word_1_645' title='bbox 2925 2956 3242 3026; x_wconf 78' lang='grc' dir='ltr'>ἐκζητοῦντι</span> <span class='ocrx_word' id='word_1_646' title='bbox 3295 2957 3388 3009; x_wconf 76' lang='grc' dir='ltr'>καὶ</span> <span class='ocrx_word' id='word_1_647' title='bbox 3433 2954 3823 3016; x_wconf 83' lang='grc' dir='ltr'>ταπεινώσεως,</span> 
     </span>
    </p>
   </div>
   <div class='ocr_carea' id='block_1_90' title="bbox 2262 3043 3826 3118">
    <p class='ocr_par' dir='ltr' id='par_1_90' title="bbox 2262 3043 3826 3118">
     <span class='ocr_line' id='line_1_90' title="bbox 2262 3043 3826 3118; baseline -0.003 -20"><span class='ocrx_word' id='word_1_648' title='bbox 2262 3047 2360 3099; x_wconf 73' lang='grc' dir='ltr'><strong>καὶ</strong></span> <span class='ocrx_word' id='word_1_649' title='bbox 2392 3048 2452 3099; x_wconf 76' lang='grc' dir='ltr'>τὸ</span> <span class='ocrx_word' id='word_1_650' title='bbox 2498 3048 2684 3116; x_wconf 74' lang='grc' dir='ltr'>μεῖζον</span> <span class='ocrx_word' id='word_1_651' title='bbox 2731 3049 2849 3118; x_wconf 75' lang='grc' dir='ltr'>μεθ’</span> <span class='ocrx_word' id='word_1_652' title='bbox 2900 3047 3178 3116; x_wconf 82' lang='grc' dir='ltr'>ὑποταγῆς</span> <span class='ocrx_word' id='word_1_653' title='bbox 3214 3046 3308 3098; x_wconf 76' lang='grc' dir='ltr'>καὶ</span> <span class='ocrx_word' id='word_1_654' title='bbox 3360 3046 3683 3115; x_wconf 77' lang='grc' dir='ltr'>ἐρωτήσεως</span> <span class='ocrx_word' id='word_1_655' title='bbox 3726 3043 3826 3094; x_wconf 87' lang='grc' dir='ltr'><strong>τῶν</strong></span> 
     </span>
    </p>
   </div>
   <div class='ocr_carea' id='block_1_91' title="bbox 2263 3135 3824 3210">
    <p class='ocr_par' dir='ltr' id='par_1_91' title="bbox 2263 3135 3824 3210">
     <span class='ocr_line' id='line_1_91' title="bbox 2263 3135 3824 3210; baseline -0.004 -19"><span class='ocrx_word' id='word_1_656' title='bbox 2263 3139 2544 3210; x_wconf 84' lang='grc' dir='ltr'>ἐμπείρων</span> <span class='ocrx_word' id='word_1_657' title='bbox 2573 3140 2732 3193; x_wconf 90' lang='grc' dir='ltr'>τοῦτο</span> <span class='ocrx_word' id='word_1_658' title='bbox 2789 3140 2847 3194; x_wconf 75' lang='grc' dir='ltr'>τὸ</span> <span class='ocrx_word' id='word_1_659' title='bbox 2879 3139 3190 3208; x_wconf 76' lang='grc' dir='ltr'>θαυμαστὸν</span> <span class='ocrx_word' id='word_1_660' title='bbox 3232 3138 3410 3209; x_wconf 77' lang='grc' dir='ltr'>ἔργον,</span> <span class='ocrx_word' id='word_1_661' title='bbox 3471 3139 3668 3206; x_wconf 82' lang='grc' dir='ltr'>μήπως</span> <span class='ocrx_word' id='word_1_662' title='bbox 3712 3135 3824 3186; x_wconf 75' lang='grc' dir='ltr'>ἀντὶ</span> 
     </span>
    </p>
   </div>
   <div class='ocr_carea' id='block_1_92' title="bbox 2265 3227 3824 3302">
    <p class='ocr_par' dir='ltr' id='par_1_92' title="bbox 2265 3227 3824 3302">
     <span class='ocr_line' id='line_1_92' title="bbox 2265 3227 3824 3302; baseline -0.006 -19"><span class='ocrx_word' id='word_1_663' title='bbox 2265 3231 2447 3290; x_wconf 87' lang='grc' dir='ltr'>σίτου.</span> <span class='ocrx_word' id='word_1_664' title='bbox 2515 3232 2758 3296; x_wconf 76' lang='grc' dir='ltr'>ἀκάνθας</span> <span class='ocrx_word' id='word_1_665' title='bbox 2822 3231 3128 3302; x_wconf 84' lang='grc' dir='ltr'>λεληθότως</span> <span class='ocrx_word' id='word_1_666' title='bbox 3184 3230 3380 3302; x_wconf 80' lang='grc' dir='ltr'>θερίσῃ</span> <span class='ocrx_word' id='word_1_667' title='bbox 3410 3229 3519 3291; x_wconf 50' lang='grc' dir='ltr'>,καὶ</span> <span class='ocrx_word' id='word_1_668' title='bbox 3588 3227 3824 3297; x_wconf 83' lang='grc' dir='ltr'>πικρίαν,</span> 
     </span>
    </p>
   </div>
   <div class='ocr_carea' id='block_1_93' title="bbox 2261 3317 3825 3396">
    <p class='ocr_par' dir='ltr' id='par_1_93' title="bbox 2261 3317 3825 3396">
     <span class='ocr_line' id='line_1_93' title="bbox 2261 3317 3825 3396; baseline -0.005 -18"><span class='ocrx_word' id='word_1_669' title='bbox 2261 3325 2386 3378; x_wconf 71' lang='grc' dir='ltr'>ἀντὶ</span> <span class='ocrx_word' id='word_1_670' title='bbox 2421 3324 2782 3396; x_wconf 83' lang='grc' dir='ltr'>γλυκύτητος,</span> <span class='ocrx_word' id='word_1_671' title='bbox 2824 3325 2917 3378; x_wconf 74' lang='grc' dir='ltr'><strong>και</strong></span> <span class='ocrx_word' id='word_1_672' title='bbox 2960 3324 3088 3377; x_wconf 77' lang='grc' dir='ltr'>ἀντὶ</span> <span class='ocrx_word' id='word_1_673' title='bbox 3115 3323 3408 3392; x_wconf 79' lang='grc' dir='ltr'>σωτηρίας,</span> <span class='ocrx_word' id='word_1_674' title='bbox 3441 3322 3653 3392; x_wconf 78' lang='grc' dir='ltr'>εὑρήση</span> <span class='ocrx_word' id='word_1_675' title='bbox 3684 3317 3825 3372; x_wconf 83' lang='grc' dir='ltr'>ἀπώ-</span> 
     </span>
    </p>
   </div>
   <div class='ocr_carea' id='block_1_94' title="bbox 2262 3414 3829 3486">
    <p class='ocr_par' dir='ltr' id='par_1_94' title="bbox 2262 3414 3829 3486">
     <span class='ocr_line' id='line_1_94' title="bbox 2262 3414 3829 3486; baseline -0.003 -18"><span class='ocrx_word' id='word_1_676' title='bbox 2262 3415 2432 3469; x_wconf 87' lang='grc' dir='ltr'>λειαν.</span> <span class='ocrx_word' id='word_1_677' title='bbox 2476 3415 2598 3469; x_wconf 87' lang='grc' dir='ltr'>Τῶν</span> <span class='ocrx_word' id='word_1_678' title='bbox 2629 3417 2737 3486; x_wconf 79' lang='grc' dir='ltr'>γὰρ</span> <span class='ocrx_word' id='word_1_679' title='bbox 2771 3416 3014 3470; x_wconf 85' lang='grc' dir='ltr'>δυνατῶν</span> <span class='ocrx_word' id='word_1_680' title='bbox 3054 3416 3150 3470; x_wconf 69' lang='grc' dir='ltr'>καὶ</span> <span class='ocrx_word' id='word_1_681' title='bbox 3186 3415 3410 3468; x_wconf 84' lang='grc' dir='ltr'>τελείων</span> <span class='ocrx_word' id='word_1_682' title='bbox 3447 3414 3567 3465; x_wconf 72' lang='grc' dir='ltr'>ἐστὶ</span> <span class='ocrx_word' id='word_1_683' title='bbox 3606 3428 3829 3482; x_wconf 82' lang='grc' dir='ltr'>μονομα-</span> 
     </span>
    </p>
   </div>
   <div class='ocr_carea' id='block_1_95' title="bbox 2263 3500 3827 3573">
    <p class='ocr_par' dir='ltr' id='par_1_95' title="bbox 2263 3500 3827 3573">
     <span class='ocr_line' id='line_1_95' title="bbox 2263 3500 3827 3573; baseline 0.001 -21"><span class='ocrx_word' id='word_1_684' title='bbox 2263 3504 2377 3570; x_wconf 86' lang='grc' dir='ltr'>χεῖν</span> <span class='ocrx_word' id='word_1_685' title='bbox 2405 3503 2490 3554; x_wconf 70' lang='grc' dir='ltr'><strong>ἀεὶ</strong></span> <span class='ocrx_word' id='word_1_686' title='bbox 2530 3503 2669 3572; x_wconf 84' lang='grc' dir='ltr'>μετά</span> <span class='ocrx_word' id='word_1_687' title='bbox 2707 3504 2816 3556; x_wconf 88' lang='grc' dir='ltr'><strong>τῶν</strong></span> <span class='ocrx_word' id='word_1_688' title='bbox 2847 3503 3138 3573; x_wconf 87' lang='grc' dir='ltr'>δαιμόνων,</span> <span class='ocrx_word' id='word_1_689' title='bbox 3171 3503 3266 3556; x_wconf 75' lang='grc' dir='ltr'><strong>καὶ</strong></span> <span class='ocrx_word' id='word_1_690' title='bbox 3303 3503 3400 3572; x_wconf 78' lang='grc' dir='ltr'><strong>τήν</strong></span> <span class='ocrx_word' id='word_1_691' title='bbox 3435 3503 3716 3572; x_wconf 85' lang='grc' dir='ltr'>μάχαιραν</span> <span class='ocrx_word' id='word_1_692' title='bbox 3741 3500 3827 3553; x_wconf 88' lang='grc' dir='ltr'><strong>τοῦ</strong></span> 
     </span>
    </p>
   </div>
   <div class='ocr_carea' id='block_1_96' title="bbox 2263 3591 3829 3665">
    <p class='ocr_par' dir='ltr' id='par_1_96' title="bbox 2263 3591 3829 3665">
     <span class='ocr_line' id='line_1_96' title="bbox 2263 3591 3829 3665; baseline 0 -23"><span class='ocrx_word' id='word_1_693' title='bbox 2263 3591 2596 3660; x_wconf 82' lang='grc' dir='ltr'>πνεύματος,</span> <span class='ocrx_word' id='word_1_694' title='bbox 2648 3595 2682 3664; x_wconf 83' lang='grc' dir='ltr'>ἦ</span> <span class='ocrx_word' id='word_1_695' title='bbox 2733 3594 2850 3647; x_wconf 76' lang='grc' dir='ltr'>ἐστι</span> <span class='ocrx_word' id='word_1_696' title='bbox 2891 3594 3044 3665; x_wconf 77' lang='grc' dir='ltr'>ῥῆμα</span> <span class='ocrx_word' id='word_1_697' title='bbox 3076 3594 3233 3657; x_wconf 89' lang='grc' dir='ltr'>Θεοῦ,</span> <span class='ocrx_word' id='word_1_698' title='bbox 3269 3594 3406 3664; x_wconf 80' lang='grc' dir='ltr'>πρὸς</span> <span class='ocrx_word' id='word_1_699' title='bbox 3431 3594 3636 3656; x_wconf 77' lang='grc' dir='ltr'>αὐτοὺς</span> <span class='ocrx_word' id='word_1_700' title='bbox 3662 3593 3829 3660; x_wconf 72' lang='grc' dir='ltr'>διηνε-</span> 
     </span>
    </p>
   </div>
   <div class='ocr_carea' id='block_1_97' title="bbox 2263 3685 3830 3755">
    <p class='ocr_par' dir='ltr' id='par_1_97' title="bbox 2263 3685 3830 3755">
     <span class='ocr_line' id='line_1_97' title="bbox 2263 3685 3830 3755; baseline -0.003 -17"><span class='ocrx_word' id='word_1_701' title='bbox 2263 3685 2373 3746; x_wconf 84' lang='grc' dir='ltr'><strong>κῶς</strong></span> <span class='ocrx_word' id='word_1_702' title='bbox 2393 3686 2716 3752; x_wconf 87' lang='grc' dir='ltr'>ἀνατείνειν,</span> <span class='ocrx_word' id='word_1_703' title='bbox 2745 3689 2795 3740; x_wconf 85' lang='grc' dir='ltr'>οἱ</span> <span class='ocrx_word' id='word_1_704' title='bbox 2823 3687 2878 3739; x_wconf 81' lang='grc' dir='ltr'><strong>δέ</strong></span> <span class='ocrx_word' id='word_1_705' title='bbox 2901 3688 3148 3748; x_wconf 82' lang='grc' dir='ltr'>ἀσθενεῖς</span> <span class='ocrx_word' id='word_1_706' title='bbox 3171 3688 3264 3739; x_wconf 75' lang='grc' dir='ltr'><strong>καὶ</strong></span> <span class='ocrx_word' id='word_1_707' title='bbox 3289 3686 3563 3755; x_wconf 82' lang='grc' dir='ltr'>ἀρχάριοι,</span> <span class='ocrx_word' id='word_1_708' title='bbox 3601 3688 3667 3754; x_wconf 81' lang='grc' dir='ltr'>τῇ</span> <span class='ocrx_word' id='word_1_709' title='bbox 3697 3685 3830 3752; x_wconf 75' lang='grc' dir='ltr'>φυγῇ</span> 
     </span>
    </p>
   </div>
   <div class='ocr_carea' id='block_1_98' title="bbox 2265 3776 3828 3849">
    <p class='ocr_par' dir='ltr' id='par_1_98' title="bbox 2265 3776 3828 3849">
     <span class='ocr_line' id='line_1_98' title="bbox 2265 3776 3828 3849; baseline 0 -21"><span class='ocrx_word' id='word_1_710' title='bbox 2265 3776 2384 3846; x_wconf 83' lang='grc' dir='ltr'>μετ’</span> <span class='ocrx_word' id='word_1_711' title='bbox 2412 3777 2702 3842; x_wconf 79' lang='grc' dir='ltr'>εὐλαϐείας</span> <span class='ocrx_word' id='word_1_712' title='bbox 2749 3781 2844 3833; x_wconf 71' lang='grc' dir='ltr'><strong>καὶ</strong></span> <span class='ocrx_word' id='word_1_713' title='bbox 2867 3780 3057 3849; x_wconf 78' lang='grc' dir='ltr'>φόϐου,</span> <span class='ocrx_word' id='word_1_714' title='bbox 3089 3779 3164 3842; x_wconf 84' lang='grc' dir='ltr'><strong>ὡς</strong></span> <span class='ocrx_word' id='word_1_715' title='bbox 3185 3779 3503 3849; x_wconf 73' lang='grc' dir='ltr'>ὀχυρώματι</span> <span class='ocrx_word' id='word_1_716' title='bbox 3536 3781 3828 3848; x_wconf 72' lang='grc' dir='ltr'>χρώμενοι,</span> 
     </span>
    </p>
   </div>
   <div class='ocr_carea' id='block_1_99' title="bbox 2262 3869 3831 3944">
    <p class='ocr_par' dir='ltr' id='par_1_99' title="bbox 2262 3869 3831 3944">
     <span class='ocr_line' id='line_1_99' title="bbox 2262 3869 3831 3944; baseline -0.003 -22"><span class='ocrx_word' id='word_1_717' title='bbox 2262 3871 2358 3922; x_wconf 73' lang='grc' dir='ltr'>καὶ</span> <span class='ocrx_word' id='word_1_718' title='bbox 2389 3870 2480 3923; x_wconf 78' lang='grc' dir='ltr'>τὸν</span> <span class='ocrx_word' id='word_1_719' title='bbox 2513 3871 2750 3942; x_wconf 80' lang='grc' dir='ltr'>πόλεμον</span> <span class='ocrx_word' id='word_1_720' title='bbox 2775 3872 3225 3944; x_wconf 81' lang='grc' dir='ltr'>παραιτούμενοι,</span> <span class='ocrx_word' id='word_1_721' title='bbox 3259 3871 3334 3941; x_wconf 82' lang='grc' dir='ltr'>μὴ</span> <span class='ocrx_word' id='word_1_722' title='bbox 3361 3870 3468 3939; x_wconf 72' lang='grc' dir='ltr'><strong>πρὸ</strong></span> <span class='ocrx_word' id='word_1_723' title='bbox 3493 3869 3695 3940; x_wconf 80' lang='grc' dir='ltr'>καιροῦ</span> <span class='ocrx_word' id='word_1_724' title='bbox 3723 3869 3831 3920; x_wconf 86' lang='grc' dir='ltr'>τολ-</span> 
     </span>
    </p>
   </div>
   <div class='ocr_carea' id='block_1_100' title="bbox 2264 3961 3832 4033">
    <p class='ocr_par' dir='ltr' id='par_1_100' title="bbox 2264 3961 3832 4033">
     <span class='ocr_line' id='line_1_100' title="bbox 2264 3961 3832 4033; baseline 0 -21"><span class='ocrx_word' id='word_1_725' title='bbox 2264 3961 2494 4030; x_wconf 83' lang='grc' dir='ltr'>μῶντες,</span> <span class='ocrx_word' id='word_1_726' title='bbox 2542 3964 2632 4015; x_wconf 86' lang='grc' dir='ltr'><strong>τὸν</strong></span> <span class='ocrx_word' id='word_1_727' title='bbox 2677 3963 2904 4017; x_wconf 83' lang='grc' dir='ltr'>θάνατον</span> <span class='ocrx_word' id='word_1_728' title='bbox 2943 3963 3314 4033; x_wconf 78' lang='grc' dir='ltr'>διαφεύγουσι.</span> <span class='ocrx_word' id='word_1_729' title='bbox 3367 3963 3438 4014; x_wconf 76' lang='grc' dir='ltr'>Σὺ</span> <span class='ocrx_word' id='word_1_730' title='bbox 3490 3962 3547 4014; x_wconf 79' lang='grc' dir='ltr'>δὲ</span> <span class='ocrx_word' id='word_1_731' title='bbox 3590 3961 3685 4015; x_wconf 80' lang='grc' dir='ltr'><strong>ἐὰν</strong></span> <span class='ocrx_word' id='word_1_732' title='bbox 3714 3962 3832 4030; x_wconf 75' lang='grc' dir='ltr'>ήσυο</span> 
     </span>
    </p>
   </div>
   <div class='ocr_carea' id='block_1_101' title="bbox 2263 4050 3832 4126">
    <p class='ocr_par' dir='ltr' id='par_1_101' title="bbox 2263 4050 3832 4126">
     <span class='ocr_line' id='line_1_101' title="bbox 2263 4050 3832 4126; baseline 0.001 -20"><span class='ocrx_word' id='word_1_733' title='bbox 2263 4053 2437 4124; x_wconf 81' lang='grc' dir='ltr'>χάζῃς</span> <span class='ocrx_word' id='word_1_734' title='bbox 2463 4055 2667 4118; x_wconf 86' lang='grc' dir='ltr'>καλῶς,</span> <span class='ocrx_word' id='word_1_735' title='bbox 2700 4056 3016 4124; x_wconf 85' lang='grc' dir='ltr'>προσδοκῶν</span> <span class='ocrx_word' id='word_1_736' title='bbox 3058 4056 3198 4126; x_wconf 87' lang='grc' dir='ltr'><strong>μετά</strong></span> <span class='ocrx_word' id='word_1_737' title='bbox 3222 4055 3315 4108; x_wconf 89' lang='grc' dir='ltr'><strong>τοῦ</strong></span> <span class='ocrx_word' id='word_1_738' title='bbox 3345 4054 3482 4108; x_wconf 83' lang='grc' dir='ltr'>Θεοῦ</span> <span class='ocrx_word' id='word_1_739' title='bbox 3525 4050 3695 4116; x_wconf 78' lang='grc' dir='ltr'>εἶναι,</span> <span class='ocrx_word' id='word_1_740' title='bbox 3736 4072 3832 4122; x_wconf 87' lang='grc' dir='ltr'>μη·</span> 
     </span>
    </p>
   </div>
   <div class='ocr_carea' id='block_1_102' title="bbox 2261 4143 3828 4216">
    <p class='ocr_par' dir='ltr' id='par_1_102' title="bbox 2261 4143 3828 4216">
     <span class='ocr_line' id='line_1_102' title="bbox 2261 4143 3828 4216; baseline 0.003 -20"><span class='ocrx_word' id='word_1_741' title='bbox 2261 4144 2453 4196; x_wconf 82' lang='grc' dir='ltr'>δέποτε</span> <span class='ocrx_word' id='word_1_742' title='bbox 2484 4143 2766 4215; x_wconf 72' lang='grc' dir='ltr'>παραδέξῃ</span> <span class='ocrx_word' id='word_1_743' title='bbox 2790 4144 2847 4196; x_wconf 78' lang='grc' dir='ltr'>ετ</span> <span class='ocrx_word' id='word_1_744' title='bbox 2888 4162 2940 4197; x_wconf 91' lang='grc' dir='ltr'><strong>τι</strong></span> <span class='ocrx_word' id='word_1_745' title='bbox 2972 4146 3036 4197; x_wconf 79' lang='grc' dir='ltr'><strong>ἀν</strong></span> <span class='ocrx_word' id='word_1_746' title='bbox 3069 4145 3183 4216; x_wconf 68' lang='grc' dir='ltr'>ἴδῃς</span> <span class='ocrx_word' id='word_1_747' title='bbox 3221 4144 3500 4213; x_wconf 71' lang='grc' dir='ltr'>αἰσθητὸν,</span> <span class='ocrx_word' id='word_1_748' title='bbox 3562 4147 3600 4216; x_wconf 83' lang='grc' dir='ltr'>ἢ</span> <span class='ocrx_word' id='word_1_749' title='bbox 3637 4144 3828 4212; x_wconf 73' lang='grc' dir='ltr'>νοερὸν.</span> 
     </span>
    </p>
   </div>
   <div class='ocr_carea' id='block_1_103' title="bbox 2262 4233 3831 4311">
    <p class='ocr_par' dir='ltr' id='par_1_103' title="bbox 2262 4233 3831 4311">
     <span class='ocr_line' id='line_1_103' title="bbox 2262 4233 3831 4311; baseline -0.001 -24"><span class='ocrx_word' id='word_1_750' title='bbox 2262 4236 2295 4304; x_wconf 79' lang='grc' dir='ltr'><strong>ἢ</strong></span> <span class='ocrx_word' id='word_1_751' title='bbox 2324 4235 2544 4301; x_wconf 80' lang='grc' dir='ltr'>ἔξωθεν,</span> <span class='ocrx_word' id='word_1_752' title='bbox 2596 4236 2628 4306; x_wconf 82' lang='grc' dir='ltr'>ἢ</span> <span class='ocrx_word' id='word_1_753' title='bbox 2663 4237 2888 4303; x_wconf 75' lang='grc' dir='ltr'>ἔσωθεν,</span> <span class='ocrx_word' id='word_1_754' title='bbox 2922 4240 2956 4311; x_wconf 70' lang='grc' dir='ltr'>ἢ</span> <span class='ocrx_word' id='word_1_755' title='bbox 2993 4237 3095 4290; x_wconf 82' lang='grc' dir='ltr'><strong>κᾶν</strong></span> <span class='ocrx_word' id='word_1_756' title='bbox 3130 4233 3267 4300; x_wconf 74' lang='grc' dir='ltr'>εἶδος</span> <span class='ocrx_word' id='word_1_757' title='bbox 3298 4236 3536 4307; x_wconf 87' lang='grc' dir='ltr'>Χριστοῦ</span> <span class='ocrx_word' id='word_1_758' title='bbox 3568 4280 3585 4298; x_wconf 80' lang='grc'><strong>,</strong></span> <span class='ocrx_word' id='word_1_759' title='bbox 3620 4239 3652 4310; x_wconf 80' lang='grc' dir='ltr'>ἢ</span> <span class='ocrx_word' id='word_1_760' title='bbox 3687 4235 3831 4304; x_wconf 79' lang='grc' dir='ltr'>δῆθεν</span> 
     </span>
    </p>
   </div>
   <div class='ocr_carea' id='block_1_104' title="bbox 2263 4326 3832 4402">
    <p class='ocr_par' dir='ltr' id='par_1_104' title="bbox 2263 4326 3832 4402">
     <span class='ocr_line' id='line_1_104' title="bbox 2263 4326 3832 4402; baseline 0.01 -22"><span class='ocrx_word' id='word_1_761' title='bbox 2263 4329 2522 4396; x_wconf 82' lang='grc' dir='ltr'>ἀγγέλου,</span> <span class='ocrx_word' id='word_1_762' title='bbox 2569 4331 2601 4399; x_wconf 89' lang='grc' dir='ltr'><strong>ή</strong></span> <span class='ocrx_word' id='word_1_763' title='bbox 2645 4329 2801 4397; x_wconf 86' lang='grc' dir='ltr'>ἁγίου</span> <span class='ocrx_word' id='word_1_764' title='bbox 2861 4329 3164 4402; x_wconf 76' lang='grc' dir='ltr'>μορφὴν,ἢ</span> <span class='ocrx_word' id='word_1_765' title='bbox 3209 4330 3321 4397; x_wconf 73' lang='grc' dir='ltr'><strong>φῶς</strong></span> <span class='ocrx_word' id='word_1_766' title='bbox 3366 4326 3832 4398; x_wconf 64' lang='grc' dir='ltr'><strong>(ςκῖοντάζεσθειιτίῖ³</strong></span> 
     </span>
    </p>
   </div>
   <div class='ocr_carea' id='block_1_105' title="bbox 2265 4417 3830 4490">
    <p class='ocr_par' dir='ltr' id='par_1_105' title="bbox 2265 4417 3830 4490">
     <span class='ocr_line' id='line_1_105' title="bbox 2265 4417 3830 4490; baseline 0.001 -22"><span class='ocrx_word' id='word_1_767' title='bbox 2265 4417 2368 4479; x_wconf 83' lang='grc' dir='ltr'>νοῒ,</span> <span class='ocrx_word' id='word_1_768' title='bbox 2421 4417 2454 4486; x_wconf 75' lang='grc' dir='ltr'><strong>ἦ</strong></span> <span class='ocrx_word' id='word_1_769' title='bbox 2500 4417 2770 4470; x_wconf 78' lang='grc' dir='ltr'>ὲκτυποῦν</span> <span class='ocrx_word' id='word_1_770' title='bbox 2805 4457 2820 4482; x_wconf 95' lang='grc'><strong>,</strong></span> <span class='ocrx_word' id='word_1_771' title='bbox 2853 4420 2935 4482; x_wconf 78' lang='grc' dir='ltr'><strong>ὅτι</strong></span> <span class='ocrx_word' id='word_1_772' title='bbox 2969 4420 3062 4473; x_wconf 77' lang='grc' dir='ltr'>καὶ</span> <span class='ocrx_word' id='word_1_773' title='bbox 3109 4419 3270 4482; x_wconf 77' lang='grc' dir='ltr'>αὐτὸς</span> <span class='ocrx_word' id='word_1_774' title='bbox 3296 4421 3326 4472; x_wconf 85' lang='grc' dir='ltr'>ὁ</span> <span class='ocrx_word' id='word_1_775' title='bbox 3356 4419 3483 4482; x_wconf 70' lang='grc' dir='ltr'>νοῦς</span> <span class='ocrx_word' id='word_1_776' title='bbox 3508 4421 3609 4490; x_wconf 74' lang='grc' dir='ltr'>ἀφ’</span> <span class='ocrx_word' id='word_1_777' title='bbox 3653 4419 3830 4474; x_wconf 77' lang='grc' dir='ltr'>ἑαυτοῦ</span> 
     </span>
    </p>
   </div>
   <div class='ocr_carea' id='block_1_106' title="bbox 2265 4509 3833 4584">
    <p class='ocr_par' dir='ltr' id='par_1_106' title="bbox 2265 4509 3833 4584">
     <span class='ocr_line' id='line_1_106' title="bbox 2265 4509 3833 4584; baseline -0.001 -24"><span class='ocrx_word' id='word_1_778' title='bbox 2265 4509 2424 4576; x_wconf 77' lang='grc' dir='ltr'>φύσει</span> <span class='ocrx_word' id='word_1_779' title='bbox 2477 4509 2586 4579; x_wconf 79' lang='grc' dir='ltr'>ἔχει</span> <span class='ocrx_word' id='word_1_780' title='bbox 2631 4510 2690 4562; x_wconf 83' lang='grc' dir='ltr'>τὸ</span> <span class='ocrx_word' id='word_1_781' title='bbox 2745 4511 3128 4580; x_wconf 70' lang='grc' dir='ltr'>φανταστικὸν,</span> <span class='ocrx_word' id='word_1_782' title='bbox 3166 4511 3262 4565; x_wconf 76' lang='grc' dir='ltr'>καὶ</span> <span class='ocrx_word' id='word_1_783' title='bbox 3309 4512 3510 4583; x_wconf 74' lang='grc' dir='ltr'>ῥαδίως</span> <span class='ocrx_word' id='word_1_784' title='bbox 3544 4512 3833 4584; x_wconf 75' lang='grc' dir='ltr'>μορφάςειν</span> 
     </span>
    </p>
   </div>
   <div class='ocr_carea' id='block_1_107' title="bbox 2263 4601 3833 4677">
    <p class='ocr_par' dir='ltr' id='par_1_107' title="bbox 2263 4601 3833 4677">
     <span class='ocr_line' id='line_1_107' title="bbox 2263 4601 3833 4677; baseline 0 -23"><span class='ocrx_word' id='word_1_785' title='bbox 2263 4601 2510 4668; x_wconf 67' lang='grc' dir='ltr'>δόναται,</span> <span class='ocrx_word' id='word_1_786' title='bbox 2556 4604 2634 4665; x_wconf 81' lang='grc' dir='ltr'>εἰς</span> <span class='ocrx_word' id='word_1_787' title='bbox 2681 4602 2716 4657; x_wconf 79' lang='grc' dir='ltr'>ἃ</span> <span class='ocrx_word' id='word_1_788' title='bbox 2747 4604 2962 4672; x_wconf 88' lang='grc' dir='ltr'>ἐφίεται</span> <span class='ocrx_word' id='word_1_789' title='bbox 3013 4606 3126 4667; x_wconf 84' lang='grc' dir='ltr'>τοῖς</span> <span class='ocrx_word' id='word_1_790' title='bbox 3173 4607 3340 4674; x_wconf 83' lang='grc' dir='ltr'>μήπω</span> <span class='ocrx_word' id='word_1_791' title='bbox 3385 4607 3636 4677; x_wconf 87' lang='grc' dir='ltr'>ἀκριϐῶς</span> <span class='ocrx_word' id='word_1_792' title='bbox 3668 4605 3833 4671; x_wconf 75' lang='grc' dir='ltr'>τούτῳ</span> 
     </span>
    </p>
   </div>
   <div class='ocr_carea' id='block_1_108' title="bbox 2265 4695 3834 4768">
    <p class='ocr_par' dir='ltr' id='par_1_108' title="bbox 2265 4695 3834 4768">
     <span class='ocr_line' id='line_1_108' title="bbox 2265 4695 3834 4768; baseline 0.002 -22"><span class='ocrx_word' id='word_1_793' title='bbox 2265 4697 2647 4764; x_wconf 79' lang='grc' dir='ltr'>προσέχουσιν,</span> <span class='ocrx_word' id='word_1_794' title='bbox 2679 4696 2737 4758; x_wconf 83' lang='grc' dir='ltr'>ὃς</span> <span class='ocrx_word' id='word_1_795' title='bbox 2773 4697 2869 4750; x_wconf 75' lang='grc' dir='ltr'><strong>καὶ</strong></span> <span class='ocrx_word' id='word_1_796' title='bbox 2907 4698 2987 4760; x_wconf 87' lang='grc' dir='ltr'><strong>είς</strong></span> <span class='ocrx_word' id='word_1_797' title='bbox 3041 4697 3236 4750; x_wconf 72' lang='grc' dir='ltr'>ἑαυτὸν</span> <span class='ocrx_word' id='word_1_798' title='bbox 3265 4698 3521 4767; x_wconf 75' lang='grc' dir='ltr'>ἐπιφέρει</span> <span class='ocrx_word' id='word_1_799' title='bbox 3581 4698 3682 4768; x_wconf 75' lang='grc' dir='ltr'><strong>τὴν</strong></span> <span class='ocrx_word' id='word_1_800' title='bbox 3727 4695 3834 4765; x_wconf 65' lang='grc' dir='ltr'>βλά-</span> 
     </span>
    </p>
   </div>
   <div class='ocr_carea' id='block_1_109' title="bbox 2267 4787 3830 4859">
    <p class='ocr_par' dir='ltr' id='par_1_109' title="bbox 2267 4787 3830 4859">
     <span class='ocr_line' id='line_1_109' title="bbox 2267 4787 3830 4859; baseline -0.001 -21"><span class='ocrx_word' id='word_1_801' title='bbox 2267 4787 2395 4855; x_wconf 81' lang='grc' dir='ltr'>ϐην.</span> <span class='ocrx_word' id='word_1_802' title='bbox 2425 4787 2536 4840; x_wconf 75' lang='grc' dir='ltr'>Καὶ</span> <span class='ocrx_word' id='word_1_803' title='bbox 2564 4787 2700 4858; x_wconf 80' lang='grc' dir='ltr'>αὑτὴ</span> <span class='ocrx_word' id='word_1_804' title='bbox 2731 4788 2790 4842; x_wconf 85' lang='grc' dir='ltr'>δὲ</span> <span class='ocrx_word' id='word_1_805' title='bbox 2830 4791 2863 4858; x_wconf 89' lang='grc' dir='ltr'><strong>ή</strong></span> <span class='ocrx_word' id='word_1_806' title='bbox 2897 4789 3086 4858; x_wconf 87' lang='grc' dir='ltr'>μνήμη</span> <span class='ocrx_word' id='word_1_807' title='bbox 3134 4787 3242 4840; x_wconf 87' lang='grc' dir='ltr'><strong>τῶν</strong></span> <span class='ocrx_word' id='word_1_808' title='bbox 3281 4788 3526 4856; x_wconf 84' lang='grc' dir='ltr'>ἀγαθῶν,</span> <span class='ocrx_word' id='word_1_809' title='bbox 3567 4789 3602 4859; x_wconf 74' lang='grc' dir='ltr'>ἢ</span> <span class='ocrx_word' id='word_1_810' title='bbox 3635 4789 3830 4846; x_wconf 82' lang='grc' dir='ltr'>κακῶν,</span> 
     </span>
    </p>
   </div>
   <div class='ocr_carea' id='block_1_110' title="bbox 2263 4877 3833 4948">
    <p class='ocr_par' dir='ltr' id='par_1_110' title="bbox 2263 4877 3833 4948">
     <span class='ocr_line' id='line_1_110' title="bbox 2263 4877 3833 4948; baseline -0.001 -20"><span class='ocrx_word' id='word_1_811' title='bbox 2263 4877 2468 4929; x_wconf 87' lang='grc' dir='ltr'>τυποῦν</span> <span class='ocrx_word' id='word_1_812' title='bbox 2505 4878 2715 4948; x_wconf 79' lang='grc' dir='ltr'>ἀθρόως</span> <span class='ocrx_word' id='word_1_813' title='bbox 2744 4879 2838 4931; x_wconf 86' lang='grc' dir='ltr'><strong>τοῦ</strong></span> <span class='ocrx_word' id='word_1_814' title='bbox 2864 4877 2954 4931; x_wconf 75' lang='grc' dir='ltr'>νυῦ</span> <span class='ocrx_word' id='word_1_815' title='bbox 2984 4878 3082 4947; x_wconf 77' lang='grc' dir='ltr'>τὴν</span> <span class='ocrx_word' id='word_1_816' title='bbox 3112 4879 3388 4946; x_wconf 75' lang='grc' dir='ltr'>αἴσθησιν,</span> <span class='ocrx_word' id='word_1_817' title='bbox 3424 4880 3522 4931; x_wconf 71' lang='grc' dir='ltr'><strong>καὶ</strong></span> <span class='ocrx_word' id='word_1_818' title='bbox 3551 4879 3692 4948; x_wconf 73' lang='grc' dir='ltr'>πρὸς</span> <span class='ocrx_word' id='word_1_819' title='bbox 3712 4895 3833 4945; x_wconf 49' lang='lat' dir='ltr'><strong>eav-</strong></span> 
     </span>
    </p>
   </div>
   <div class='ocr_carea' id='block_1_111' title="bbox 2262 4969 3834 5038">
    <p class='ocr_par' dir='ltr' id='par_1_111' title="bbox 2262 4969 3834 5038">
     <span class='ocr_line' id='line_1_111' title="bbox 2262 4969 3834 5038; baseline -0.001 -17"><span class='ocrx_word' id='word_1_820' title='bbox 2262 4971 2455 5021; x_wconf 80' lang='grc' dir='ltr'>τασίαν</span> <span class='ocrx_word' id='word_1_821' title='bbox 2479 4971 2702 5037; x_wconf 84' lang='grc' dir='ltr'>ἀνάγειν</span> <span class='ocrx_word' id='word_1_822' title='bbox 2736 4971 2946 5022; x_wconf 60' lang='grc' dir='ltr'>εἴωθεν</span> <span class='ocrx_word' id='word_1_823' title='bbox 2991 4970 3124 5022; x_wconf 82' lang='grc' dir='ltr'>ὅπου</span> <span class='ocrx_word' id='word_1_824' title='bbox 3157 4972 3251 5021; x_wconf 71' lang='grc' dir='ltr'>καὶ</span> <span class='ocrx_word' id='word_1_825' title='bbox 3285 4970 3496 5036; x_wconf 84' lang='grc' dir='ltr'>γίνεται</span> <span class='ocrx_word' id='word_1_826' title='bbox 3529 4969 3834 5038; x_wconf 75' lang='grc' dir='ltr'>φανταστὴς</span> 
     </span>
    </p>
   </div>
   <div class='ocr_carea' id='block_1_112' title="bbox 2263 5059 3835 5130">
    <p class='ocr_par' dir='ltr' id='par_1_112' title="bbox 2263 5059 3835 5130">
     <span class='ocr_line' id='line_1_112' title="bbox 2263 5059 3835 5130; baseline -0.003 -19"><span class='ocrx_word' id='word_1_827' title='bbox 2263 5061 2292 5111; x_wconf 88' lang='grc' dir='ltr'><strong>ὁ</strong></span> <span class='ocrx_word' id='word_1_828' title='bbox 2323 5060 2562 5122; x_wconf 84' lang='grc' dir='ltr'>τοιοῦτος</span> <span class='ocrx_word' id='word_1_829' title='bbox 2585 5063 2677 5128; x_wconf 76' lang='grc' dir='ltr'>ἀφ’</span> <span class='ocrx_word' id='word_1_830' title='bbox 2704 5060 2920 5120; x_wconf 82' lang='grc' dir='ltr'>ἑαυτοῦ,</span> <span class='ocrx_word' id='word_1_831' title='bbox 2948 5060 3044 5112; x_wconf 74' lang='grc' dir='ltr'><strong>καὶ</strong></span> <span class='ocrx_word' id='word_1_832' title='bbox 3073 5060 3172 5129; x_wconf 79' lang='grc' dir='ltr'>οὐχ</span> <span class='ocrx_word' id='word_1_833' title='bbox 3211 5061 3544 5130; x_wconf 84' lang='grc' dir='ltr'>ήσυχαστής.</span> <span class='ocrx_word' id='word_1_834' title='bbox 3571 5061 3674 5113; x_wconf 84' lang='grc' dir='ltr'>Διά</span> <span class='ocrx_word' id='word_1_835' title='bbox 3692 5059 3835 5110; x_wconf 82' lang='grc' dir='ltr'>τοῦτο</span> 
     </span>
    </p>
   </div>
   <div class='ocr_carea' id='block_1_113' title="bbox 2265 5149 3829 5222">
    <p class='ocr_par' dir='ltr' id='par_1_113' title="bbox 2265 5149 3829 5222">
     <span class='ocr_line' id='line_1_113' title="bbox 2265 5149 3829 5222; baseline -0.001 -18"><span class='ocrx_word' id='word_1_836' title='bbox 2265 5153 2498 5222; x_wconf 72' lang='grc' dir='ltr'>πρόσεχε</span> <span class='ocrx_word' id='word_1_837' title='bbox 2527 5151 2601 5221; x_wconf 78' lang='grc' dir='ltr'>μὴ</span> <span class='ocrx_word' id='word_1_838' title='bbox 2629 5150 2928 5221; x_wconf 80' lang='grc' dir='ltr'>πιστεύσῃς</span> <span class='ocrx_word' id='word_1_839' title='bbox 2961 5167 3014 5202; x_wconf 88' lang='grc' dir='ltr'><strong>τι</strong></span> <span class='ocrx_word' id='word_1_840' title='bbox 3071 5149 3549 5218; x_wconf 84' lang='grc' dir='ltr'>συγκαταθέμενος</span> <span class='ocrx_word' id='word_1_841' title='bbox 3603 5149 3829 5219; x_wconf 77' lang='grc' dir='ltr'>ταχέως.</span> 
     </span>
    </p>
   </div>
   <div class='ocr_carea' id='block_1_114' title="bbox 2264 5239 3834 5312">
    <p class='ocr_par' dir='ltr' id='par_1_114' title="bbox 2264 5239 3834 5312">
     <span class='ocr_line' id='line_1_114' title="bbox 2264 5239 3834 5312; baseline -0.004 -16"><span class='ocrx_word' id='word_1_842' title='bbox 2264 5245 2367 5296; x_wconf 74' lang='grc' dir='ltr'><strong>κᾶν</strong></span> <span class='ocrx_word' id='word_1_843' title='bbox 2411 5243 2612 5310; x_wconf 81' lang='grc' dir='ltr'>ἀγαθόν</span> <span class='ocrx_word' id='word_1_844' title='bbox 2663 5245 2801 5306; x_wconf 83' lang='grc' dir='ltr'>ἐστι,</span> <span class='ocrx_word' id='word_1_845' title='bbox 2849 5242 2954 5312; x_wconf 80' lang='grc' dir='ltr'><strong>πρὸ</strong></span> <span class='ocrx_word' id='word_1_846' title='bbox 3009 5243 3333 5312; x_wconf 82' lang='grc' dir='ltr'>ἐρωτήσεως</span> <span class='ocrx_word' id='word_1_847' title='bbox 3393 5240 3707 5310; x_wconf 87' lang='grc' dir='ltr'>ἐμπείρων,</span> <span class='ocrx_word' id='word_1_848' title='bbox 3749 5239 3834 5290; x_wconf 82' lang='grc' dir='ltr'>καὶ</span> 
     </span>
    </p>
   </div>
   <div class='ocr_carea' id='block_1_115' title="bbox 2264 5333 3833 5406">
    <p class='ocr_par' dir='ltr' id='par_1_115' title="bbox 2264 5333 3833 5406">
     <span class='ocr_line' id='line_1_115' title="bbox 2264 5333 3833 5406; baseline -0.002 -18"><span class='ocrx_word' id='word_1_849' title='bbox 2264 5337 2564 5399; x_wconf 81' lang='grc' dir='ltr'>ἐξετάσεως</span> <span class='ocrx_word' id='word_1_850' title='bbox 2605 5335 2828 5406; x_wconf 77' lang='grc' dir='ltr'>πολλῆς,</span> <span class='ocrx_word' id='word_1_851' title='bbox 2867 5337 2954 5388; x_wconf 87' lang='grc' dir='ltr'><strong>ῖνα</strong></span> <span class='ocrx_word' id='word_1_852' title='bbox 3014 5337 3088 5404; x_wconf 84' lang='grc' dir='ltr'>μὴ</span> <span class='ocrx_word' id='word_1_853' title='bbox 3134 5335 3361 5403; x_wconf 81' lang='grc' dir='ltr'>βλαϐῇς,</span> <span class='ocrx_word' id='word_1_854' title='bbox 3407 5334 3544 5386; x_wconf 83' lang='grc' dir='ltr'><strong>ἁλλά</strong></span> <span class='ocrx_word' id='word_1_855' title='bbox 3582 5334 3713 5402; x_wconf 84' lang='grc' dir='ltr'>μένε</span> <span class='ocrx_word' id='word_1_856' title='bbox 3745 5333 3833 5402; x_wconf 83' lang='grc' dir='ltr'><strong>βα-</strong></span> 
     </span>
    </p>
   </div>
   <div class='ocr_carea' id='block_1_116' title="bbox 2266 5425 3832 5498">
    <p class='ocr_par' dir='ltr' id='par_1_116' title="bbox 2266 5425 3832 5498">
     <span class='ocr_line' id='line_1_116' title="bbox 2266 5425 3832 5498; baseline -0.003 -19"><span class='ocrx_word' id='word_1_857' title='bbox 2266 5428 2529 5498; x_wconf 79' lang='grc' dir='ltr'>ρούμενος</span> <span class='ocrx_word' id='word_1_858' title='bbox 2557 5429 2695 5497; x_wconf 77' lang='grc' dir='ltr'>πρὸς</span> <span class='ocrx_word' id='word_1_859' title='bbox 2727 5428 2880 5491; x_wconf 68' lang='grc' dir='ltr'>αὐτὸ,</span> <span class='ocrx_word' id='word_1_860' title='bbox 2912 5427 2999 5479; x_wconf 79' lang='grc' dir='ltr'>ἀεὶ</span> <span class='ocrx_word' id='word_1_861' title='bbox 3028 5428 3209 5496; x_wconf 89' lang='grc' dir='ltr'>τηρῶν</span> <span class='ocrx_word' id='word_1_862' title='bbox 3238 5443 3332 5478; x_wconf 82' lang='grc' dir='ltr'><strong>σου</strong></span> <span class='ocrx_word' id='word_1_863' title='bbox 3355 5427 3447 5478; x_wconf 79' lang='grc' dir='ltr'><strong>τὸν</strong></span> <span class='ocrx_word' id='word_1_864' title='bbox 3469 5425 3599 5478; x_wconf 84' lang='grc' dir='ltr'>νοῦν</span> <span class='ocrx_word' id='word_1_865' title='bbox 3622 5428 3832 5494; x_wconf 79' lang='grc' dir='ltr'>ἄχροον,</span> 
     </span>
    </p>
   </div>
   <div class='ocr_carea' id='block_1_117' title="bbox 2266 5503 3834 5588">
    <p class='ocr_par' dir='ltr' id='par_1_117' title="bbox 2266 5503 3834 5588">
     <span class='ocr_line' id='line_1_117' title="bbox 2266 5503 3834 5588; baseline 0.013 -18"><span class='ocrx_word' id='word_1_866' title='bbox 2266 5519 2525 5580; x_wconf 83' lang='grc' dir='ltr'>ἀνείδεον,</span> <span class='ocrx_word' id='word_1_867' title='bbox 2563 5503 2968 5586; x_wconf 80' lang='grc' dir='ltr'>ἀσχημάτιστον</span> <span class='ocrx_word' id='word_1_868' title='bbox 2994 5533 3008 5548; x_wconf 73' lang='grc'><strong>⁸</strong></span> <span class='ocrx_word' id='word_1_869' title='bbox 3042 5518 3302 5586; x_wconf 73' lang='grc' dir='ltr'>πολλάκις</span> <span class='ocrx_word' id='word_1_870' title='bbox 3327 5516 3434 5588; x_wconf 74' lang='grc' dir='ltr'><strong>γὰρ</strong></span> <span class='ocrx_word' id='word_1_871' title='bbox 3460 5517 3555 5570; x_wconf 60' lang='grc' dir='ltr'><strong>καὶ</strong></span> <span class='ocrx_word' id='word_1_872' title='bbox 3589 5517 3728 5586; x_wconf 50' lang='lat'><strong>7‘?&quot;-</strong></span> <span class='ocrx_word' id='word_1_873' title='bbox 3757 5516 3834 5568; x_wconf 75' lang='grc' dir='ltr'><strong>δ⁰’</strong></span> 
     </span>
    </p>
   </div>
   <div class='ocr_carea' id='block_1_118' title="bbox 2265 5589 3833 5680">
    <p class='ocr_par' dir='ltr' id='par_1_118' title="bbox 2265 5589 3833 5680">
     <span class='ocr_line' id='line_1_118' title="bbox 2265 5589 3833 5680; baseline -0.002 -18"><span class='ocrx_word' id='word_1_874' title='bbox 2265 5589 2432 5680; x_wconf 37' lang='grc' dir='ltr'>κιμὴίν</span> <span class='ocrx_word' id='word_1_875' title='bbox 2484 5611 2547 5662; x_wconf 87' lang='grc' dir='ltr'>ὲκ</span> <span class='ocrx_word' id='word_1_876' title='bbox 2595 5610 2730 5662; x_wconf 82' lang='grc' dir='ltr'>Θεοῦ</span> <span class='ocrx_word' id='word_1_877' title='bbox 2794 5609 3044 5679; x_wconf 78' lang='grc' dir='ltr'>πεμφθὲν</span> <span class='ocrx_word' id='word_1_878' title='bbox 3096 5609 3184 5662; x_wconf 73' lang='grc' dir='ltr'><strong>διὰ</strong></span> <span class='ocrx_word' id='word_1_879' title='bbox 3241 5609 3548 5678; x_wconf 73' lang='grc' dir='ltr'>στέφανον,</span> <span class='ocrx_word' id='word_1_880' title='bbox 3611 5609 3833 5667; x_wconf 77' lang='grc' dir='ltr'>πολλοὶς</span> 
     </span>
    </p>
   </div>
   <div class='ocr_carea' id='block_1_119' title="bbox 2264 5699 3832 5771">
    <p class='ocr_par' dir='ltr' id='par_1_119' title="bbox 2264 5699 3832 5771">
     <span class='ocr_line' id='line_1_119' title="bbox 2264 5699 3832 5771; baseline -0.002 -17"><span class='ocrx_word' id='word_1_881' title='bbox 2264 5701 2464 5771; x_wconf 67' lang='grc' dir='ltr'>ἔϐλαψε</span> <span class='ocrx_word' id='word_1_882' title='bbox 2491 5717 2504 5728; x_wconf 75' lang='grc'><strong>⁸</strong></span> <span class='ocrx_word' id='word_1_883' title='bbox 2537 5701 2784 5771; x_wconf 83' lang='grc' dir='ltr'>βούλεται</span> <span class='ocrx_word' id='word_1_884' title='bbox 2836 5702 2944 5769; x_wconf 79' lang='grc' dir='ltr'>γὰρ</span> <span class='ocrx_word' id='word_1_885' title='bbox 2976 5703 3004 5752; x_wconf 87' lang='grc' dir='ltr'><strong>δ</strong></span> <span class='ocrx_word' id='word_1_886' title='bbox 3041 5700 3242 5771; x_wconf 82' lang='grc' dir='ltr'>Κύριος</span> <span class='ocrx_word' id='word_1_887' title='bbox 3265 5699 3422 5769; x_wconf 86' lang='grc' dir='ltr'>ήμῶν</span> <span class='ocrx_word' id='word_1_888' title='bbox 3461 5699 3519 5752; x_wconf 85' lang='grc' dir='ltr'>τὸ</span> <span class='ocrx_word' id='word_1_889' title='bbox 3568 5701 3832 5769; x_wconf 56' lang='grc' dir='ltr'>ἡμέτερον</span> 
     </span>
    </p>
   </div>
   <div class='ocr_carea' id='block_1_120' title="bbox 2264 5787 3828 5860">
    <p class='ocr_par' dir='ltr' id='par_1_120' title="bbox 2264 5787 3828 5860">
     <span class='ocr_line' id='line_1_120' title="bbox 2264 5787 3828 5860; baseline -0.005 -13"><span class='ocrx_word' id='word_1_890' title='bbox 2264 5791 2610 5856; x_wconf 69' lang='grc' dir='ltr'>αὐτεξούσιον</span> <span class='ocrx_word' id='word_1_891' title='bbox 2639 5789 2956 5860; x_wconf 74' lang='grc' dir='ltr'>δοκιμάζειν</span> <span class='ocrx_word' id='word_1_892' title='bbox 3015 5787 3116 5841; x_wconf 80' lang='grc' dir='ltr'><strong>ποῦ</strong></span> <span class='ocrx_word' id='word_1_893' title='bbox 3170 5788 3351 5857; x_wconf 79' lang='grc' dir='ltr'>ῥέπει.</span> <span class='ocrx_word' id='word_1_894' title='bbox 3396 5789 3454 5842; x_wconf 88' lang='grc' dir='ltr'><strong>Ὀ</strong></span> <span class='ocrx_word' id='word_1_895' title='bbox 3497 5788 3828 5858; x_wconf 62' lang='grc' dir='ltr'>θεασάμενάς</span> 
     </span>
    </p>
   </div>
   <div class='ocr_carea' id='block_1_121' title="bbox 2266 5880 3826 5948">
    <p class='ocr_par' dir='ltr' id='par_1_121' title="bbox 2266 5880 3826 5948">
     <span class='ocr_line' id='line_1_121' title="bbox 2266 5880 3826 5948; baseline -0.003 -10"><span class='ocrx_word' id='word_1_896' title='bbox 2266 5903 2313 5938; x_wconf 84' lang='grc' dir='ltr'><strong>τι</strong></span> <span class='ocrx_word' id='word_1_897' title='bbox 2346 5883 2482 5938; x_wconf 85' lang='grc' dir='ltr'><strong>κατά</strong></span> <span class='ocrx_word' id='word_1_898' title='bbox 2525 5882 2783 5948; x_wconf 84' lang='grc' dir='ltr'>διάνοιαν,</span> <span class='ocrx_word' id='word_1_899' title='bbox 2820 5882 2850 5947; x_wconf 82' lang='grc' dir='ltr'>ἦ</span> <span class='ocrx_word' id='word_1_900' title='bbox 2885 5883 3023 5934; x_wconf 74' lang='grc' dir='ltr'>κατὰ</span> <span class='ocrx_word' id='word_1_901' title='bbox 3067 5880 3336 5946; x_wconf 75' lang='grc' dir='ltr'>αἴσθησιν,</span> <span class='ocrx_word' id='word_1_902' title='bbox 3373 5880 3472 5933; x_wconf 77' lang='grc' dir='ltr'><strong>κᾶν</strong></span> <span class='ocrx_word' id='word_1_903' title='bbox 3513 5880 3701 5934; x_wconf 76' lang='grc' dir='ltr'>θεόθεν</span> <span class='ocrx_word' id='word_1_904' title='bbox 3729 5880 3826 5938; x_wconf 70' lang='grc' dir='ltr'>εἴη.</span> 
     </span>
    </p>
   </div>
  </div>
