4102 6344
362 434 493 501 1341

1394 436 1810 499 ΡΒᾹΞΟΕΡΤΛ
1847 436 1948 496 ΑΙ)
1986 436 2553 500 HESYCHASTAS.

3455 446 3592 509 1342

355 543 448 593 καὶ
477 541 645 611 χωρὶς
676 540 786 596 τῶν
833 542 1113 614 ἐμπείρων
1156 543 1400 614 δέξηται,
1452 547 1692 618 εὐχερῶς
1723 551 1926 605 πλανᾶ-

2039 551 2262 619 erranti,
2294 551 2399 605 alia
2423 565 2559 606 vero
2582 549 2764 605 omnia
2789 565 2896 605 non
2931 551 3204 620 excipere,
3250 567 3421 617 usque
3463 555 3590 608 dum

350 651 462 697 ται,
509 635 541 704 ἢ
591 635 775 704 μέλλει
815 636 1144 700 πλανᾶσθαι,
1203 637 1280 700 ὡς
1351 639 1775 710 εύπαράδεκτος.
1830 647 1924 697 Δεῖ

351 727 407 779 δὲ
447 726 539 778 τὸν
573 727 836 796 ἀρχάριον
879 730 946 798 τῇ
1007 729 1276 799 καρδιακῇ
1327 732 1576 802 ἐνεργείᾳ
1612 735 1920 804 προσέχειν,

350 819 425 880 ὡς
451 817 680 872 ἀπλανεῖ
701 857 717 881 ,
742 819 809 870 τὰ
829 819 872 872 δ’
902 819 1035 874 ἄλλα
1064 822 1242 874 πάντα
1272 821 1346 891 μή
1375 825 1797 896 παραδέχεσθαι,
1817 827 1923 891 ἕως

2031 645 2295 699 sedentur
2327 644 2631 713 passiones.
2684 644 2824 698 Deus
2855 649 2999 699 enim
3035 659 3140 698 non
3170 644 3482 713 indignatur
3536 648 3590 702 in

2027 745 2308 790 caventem
2346 735 2449 789 sibi
2478 734 2765 803 diligenter
2794 743 2936 789 metu
2961 735 3186 798 erroris,
3215 736 3428 791 etiamsi
3461 739 3588 806 quid

2027 824 2097 878 ab
2125 827 2243 892 ipso
2267 825 2490 878 missum
2517 825 2659 878 haud
2685 824 2970 881 admiserit
3000 826 3121 880 sine
3165 827 3592 896 interrogatione

351 908 542 976 καιροῦ
572 909 792 978 είρήνης
821 908 1032 962 παθῶν.
1076 908 1135 963 Ὀ
1181 912 1292 980 γὰρ
1334 911 1464 976 Θεὸς
1491 915 1592 967 οὐκ
1619 917 1920 984 ἀγανακτεῖ

2039 923 2078 970 at
2103 916 2268 969 multa
2291 915 2664 983 inquisitione,
2693 914 2791 971 sed
2823 930 2944 969 eum
2975 917 3154 983 potius
3180 916 3362 970 laudat
3395 926 3454 970 ut
3506 933 3594 972 sa-

351 1000 486 1070 πρὸς
532 999 623 1051 τὸν
666 1000 842 1070 ἐαυτῷ
877 1001 1120 1070 ἀκριϐῶς
1149 1003 1483 1073 προσέχοντα
1506 1005 1596 1059 διά
1643 1009 1742 1076 τήν
1783 1011 1920 1063 πλά-

2023 1005 2281 1074 pientem,
2313 1003 2414 1056 etsi
2444 1005 2767 1072 quibusdam
2795 1005 2867 1060 sit
2914 1007 3104 1059 iratus.

361 1100 484 1152 νην,
511 1084 619 1137 κᾶν
653 1085 828 1152 οὕτως
856 1090 930 1160 μή
964 1093 1329 1161 προσδέξηται
1356 1095 1416 1147 τὸ
1436 1093 1569 1164 παρ’
1591 1092 1782 1156 αὐτοῦ,
1813 1093 1939 1160 δίχα
1956 1089 2275 1159 ἐρωτήσεως
2307 1086 2402 1140 καὶ
2429 1083 2633 1154 πολλῆς
2681 1087 2937 1159 ἐρεύνης,
2976 1084 3111 1140 ἀλλά
3150 1085 3354 1156 μᾶλλον
3376 1087 3592 1142 ἐπαινεῖ

346 1177 424 1236 ὡς
449 1179 634 1248 σοφὸν,
666 1183 771 1235 κᾶν
799 1185 890 1239 ἐπί
915 1202 1068 1249 τινας
1097 1190 1504 1259 ἠγανάκτησεν.

431 1294 506 1348 Οὐ
543 1295 752 1355 πάντας
777 1291 836 1344 δὲ
872 1291 1076 1360 ὀφείλει
1114 1291 1346 1360 ἐρωτᾷν,
1379 1288 1490 1343 ἀλλ’
1526 1288 1620 1341 ἕνα
1655 1289 1748 1341 τὸν
1767 1289 1932 1357 ἐμπι-

365 1385 659 1438 στευθέντα
707 1385 806 1435 κα)⁸
835 1383 1038 1451 ἐτέρων
1078 1382 1433 1451 κυϐέρνησιν,
1485 1380 1582 1434 καὶ
1611 1381 1711 1451 βίῳ
1733 1381 1936 1450 ἀστραο

363 1475 811 1545 πτοντα,πτωχὸν
831 1475 927 1544 μὲν
944 1473 1328 1538 ὁντα,πολλοὺς
1343 1473 1396 1526 δὲ
1413 1473 1935 1537 πλουτίζοντα,κατά

361 1573 464 1642 τὴν
491 1572 736 1641 Γραφήν.
772 1570 966 1622 Πολλοὶ
1001 1569 1112 1638 γὰρ
1141 1568 1355 1640 ἄπειροι
1415 1567 1644 1632 πολλοὺς
1671 1569 1933 1637 ἀνοήτους

363 1664 627 1731 ἔϐλαψαν,
660 1657 735 1716 ὧν
756 1662 816 1714 τὸ
843 1665 1017 1733 κρῖμα
1044 1662 1228 1727 ἕξουσι
1257 1661 1396 1728 μετά
1420 1661 1671 1715 θάνατον.
1698 1661 1772 1713 Ού
1801 1660 1938 1714 πάν·

363 1771 475 1807 των
501 1754 612 1824 γάρ
661 1754 808 1805 ἐστιν
827 1752 1094 1822 ὁδηγῆσαι
1147 1753 1240 1806 καὶ
1273 1753 1487 1815 ἄλλους,
1520 1751 1636 1803 ἀλλ’
1666 1746 1748 1813 οἷς
1778 1749 1932 1819 ἐδόθη

362 1847 397 1913 ή
433 1843 553 1896 θεία
588 1843 881 1912 διάκρισις,
920 1841 1062 1893 κατά
1117 1840 1210 1893 τὸν
1257 1840 1612 1905 Ἀπόστολον,
1664 1839 1940 1907 διάκρισις

2124 1285 2241 1340 Non
2276 1301 2465 1341 omnes
2499 1295 2712 1354 oportet
2744 1287 3106 1355 interrogare,
3139 1293 3232 1343 sed
3277 1302 3443 1341 unum
3487 1287 3618 1339 alios

2055 1377 2256 1432 ducere
2304 1377 2565 1431 scientem
2605 1388 2659 1431 et
2701 1379 2811 1431 vita
2859 1377 3248 1448 refulgentem,
3292 1377 3382 1445 qui
3422 1389 3620 1444 pauper

2052 1469 2122 1523 sit
2150 1477 2205 1522 et
2239 1469 2808 1537 multoslocuplctans,
2837 1470 2987 1538 juxta
3023 1470 3356 1536 Scripturam
3395 1469 3436 1518 ⁸.
3470 1466 3620 1519 Multi

2053 1563 2198 1618 enim
2243 1563 2510 1630 inexperti
2559 1563 2758 1617 multos
2812 1561 3180 1630 imprudentes
3234 1557 3619 1627 perdiderunt.

2052 1669 2284 1722 quorum
2329 1655 2736 1709 damnationem
2776 1653 3030 1707 subibunt
3059 1658 3175 1720 post
3211 1660 3462 1704 mortem.
3501 1647 3621 1704 Non

2052 1748 2298 1800 omnium
2333 1747 2478 1800 enim
2521 1754 2602 1800 est
2632 1745 2769 1800 alios
2807 1744 3040 1807 ducere;
3073 1742 3167 1796 sed
3207 1742 3405 1810 quibus
3437 1741 3618 1794 divina

2053 1837 2337 1900 discretio,
2368 1837 2624 1890 discretio
2661 1849 2851 1902 nempe
2874 1834 3180 1902 spirituum,
3208 1833 3359 1903 juxta
3392 1835 3620 1902 Aposto-

367 1931 715 2001 πνευμάτων,
742 1933 775 2000 ή
810 1931 1092 1996 διαιροῦσα
1121 1931 1184 1984 τὸ
1209 1934 1389 2002 χεῖρον
1412 1931 1521 1984 ἀπὸ
1552 1930 1647 1982 τοῦ
1689 1930 1933 2007 κρείττο-

2053 1929 2186 1996 lum,
2220 1930 2420 1984 bonum
2464 1944 2493 1981 a
2537 1927 2675 1981 malo
2717 1940 2972 1994 separatis
3007 1924 3184 1991 gladio
3224 1925 3370 1978 verbi
3407 1927 3448 1979 ³.
3481 1924 3615 1979 Nam

363 2040 477 2088 νος,
507 2025 572 2093 τῇ
602 2023 844 2091 μαχαίρᾳ.
872 2022 965 2074 τοῦ
992 2022 1177 2090 λόγου.
1201 2023 1471 2084 Ἕκαστος
1499 2023 1607 2092 γὰρ
1635 2021 1772 2076 ίδίαν
1797 2023 1944 2088 γνῶ-

369 2132 484 2180 σιν,
515 2115 610 2168 καί
631 2113 902 2182 διάκρισιν
930 2115 1165 2185 φυσικὴν
1188 2153 1205 2178 ,
1254 2114 1288 2186 ἦ
1322 2115 1653 2187 πρακτικήν,
1684 2115 1720 2186 ἢ
1765 2116 1942 2184 μαθη-

373 2227 612 2298 ματικὴν
639 2227 924 2293 κέκτηται,
954 2209 1055 2277 καὶ
1083 2224 1145 2278 ού
1174 2223 1272 2294 τήν
1299 2223 1394 2277 τοῦ
1427 2225 1744 2296 πνεύματος
1771 2226 1945 2282 ἆπανυ

370 2334 487 2380 τες.
523 2315 621 2367 Διά
639 2314 796 2367 τοῦτο
822 2315 1009 2382 ἔλεγεν
1037 2316 1066 2366 ὁ
1097 2313 1258 2382 σοφὸς
1289 2315 1512 2384 Σειράχ,
1544 2317 1609 2368 Οἱ
1639 2318 1951 2385 εἰρηνεύον-

370 2408 464 2471 τές
505 2424 608 2469 σοι,
637 2405 882 2458 εστωσαν
915 2405 1124 2469 πολλοὶ,
1173 2406 1222 2457 οἱ
1269 2405 1326 2456 δέ
1372 2404 1667 2474 σύμϐουλοι
1715 2425 1831 2469 σου,
1851 2403 1950 2472 οεῖς

371 2492 483 2544 ἀπὸ
507 2491 714 2561 χιλίων.
745 2493 820 2544 Ού
851 2491 1130 2560 μικρδςδὲ
1165 2492 1317 2558 ἀγών
1352 2495 1522 2557 ἐστιν,
1552 2493 1732 2564 εὑρεῖν
1753 2497 1947 2568 ὁδηγὸν

371 2583 612 2652 ἀπλανῆ,
640 2582 733 2636 καὶ
777 2585 890 2646 τοῖς
923 2583 1128 2654 ἔργοις,
1175 2585 1271 2638 καὶ
1321 2587 1437 2648 τοῖς
1484 2586 1684 2653 λόγοις,
1715 2591 1809 2642 καὶ
1835 2593 1948 2653 τοῖς

371 2676 656 2742 νοήμασιν.
723 2672 813 2724 Ἑν
868 2674 1078 2737 τούτοις
1135 2675 1328 2745 ὀρᾶταί
1410 2692 1494 2739 τις
1543 2677 1791 2748 ἀπλανὴς
1848 2679 1944 2741 ὢν,

369 2766 498 2817 ὅταν
529 2765 881 2835 ἐμμάρτυρον
915 2765 1023 2816 ἀπὸ
1075 2765 1184 2818 τῶν
1241 2766 1400 2819 θείων
1430 2768 1662 2837 Γραφῶν
1713 2770 1812 2842 ἔχῃ
1850 2772 1944 2824 καὶ⁴

370 2856 469 2926 τὴν
500 2856 722 2926 πρᾶξιν,
758 2859 852 2908 καὶ
886 2857 985 2924 τὴν
1023 2858 1308 2926 φρόνησιν,
1344 2862 1748 2931 μετριοφρονῶν
1771 2865 1828 2914 ὲν
1862 2858 1945 2926 οἷς

370 2949 454 3000 δεῖ
481 2952 721 3018 φρονεῖν.
767 2949 868 3000 Βία
914 2949 1023 3019 γὰρ
1070 2950 1170 3002 οὐκ
1199 2950 1374 3019 ὀλίγη,
1412 2953 1614 3019 φθάσαι
1661 2955 1760 3023 τὴν
1809 2954 1945 3024 ἀλή-

373 3040 525 3091 θειαν
550 3037 820 3109 φανερῶς,
849 3039 944 3092 καὶ
977 3039 1316 3109 καθαρεῦσαι
1363 3043 1472 3096 ἀπὸ
1526 3045 1634 3102 τῶν
1682 3047 1942 3098 ἐναντίων

365 3133 468 3200 τῆς
491 3131 735 3201 χάριτος,
769 3131 850 3184 ὅτι
891 3131 948 3182 ἐν
976 3132 1212 3201 σχήματι
1237 3133 1494 3202 ἀληθείας
1513 3135 1702 3188 είωθεν
1729 3138 1809 3198 (ἐν
1832 3138 1943 3198 τοῖς

2054 2021 2426 2089 mrusquisque
2467 2012 2742 2088 propriam
2788 2017 2948 2071 habet
2996 2016 3278 2070 scientiam
3319 2025 3375 2070 et
3412 2018 3620 2074 discre-

2052 2113 2254 2167 tionem
2297 2111 2639 2178 naturalem,
2679 2118 2773 2164 aut
2811 2109 3100 2178 practicam
3126 2149 3141 2172 ,
3182 2119 3274 2162 aut
3315 2109 3616 2164 mathema-

2051 2203 2238 2266 ticam,
2257 2203 2350 2254 sed
2363 2201 2695 2268 spiritualein
2725 2213 2830 2253 non
2849 2212 3055 2252 omnes.
3077 2197 3367 2266 Propterea
3399 2199 3617 2254 dicebat

2051 2292 2272 2361 sapiens
2317 2289 2509 2345 Sirach
2535 2290 2554 2321 ³
2576 2307 2592 2346 :
2618 2308 2635 2340 ι
2671 2289 2818 2342 Multi
2843 2288 3051 2357 paciﬁci
3079 2288 3188 2342 sint
3219 2291 3338 2354 tibi,
3364 2299 3418 2343 et
3435 2291 3617 2344 consi-

2052 2385 2241 2438 liarius
2282 2394 2353 2438 Sit
2377 2385 2469 2437 tibi
2505 2398 2641 2436 unus
2671 2384 2737 2435 de
2767 2381 2928 2435 mille.
2960 2400 2979 2431 ι
3017 2380 3133 2438 Sed.
3153 2397 3256 2435 non
3287 2398 3452 2452 parva
3471 2384 3613 2439 dim-

2051 2477 2223 2529 cultas
2239 2477 2576 2528 estinveuire
2604 2475 2788 2527 ducem
2814 2488 2914 2524 non
2949 2475 3307 2526 errabundum
3335 2477 3611 2542 operibus,

2047 2569 2496 2635 sermonibusque
2543 2566 3078 2634 et-c0gitati0uibus.
3126 2569 3193 2620 ιιι·
3226 2569 3308 2621 his
3341 2569 3613 2637 reperimu-

2048 2659 2245 2727 aliquis
2276 2661 2480 2712 erroris
2518 2674 2731 2724 expers,
2767 2673 2884 2733 cum
2922 2658 3198 2724 probatam
3226 2659 3424 2712 divinis
3466 2661 3613 2712 Scri-

2049 2750 2225 2819 ptnris
2256 2751 2418 2804 habet
2449 2751 2817 2818 operationem
2853 2762 2908 2802 et
2939 2753 3298 2818 prudentiam,
3337 2755 3614 2806 moderate

2045 2845 2262 2911 sapiens
2313 2848 2364 2897 in
2419 2843 2612 2910 quibus
2668 2851 2882 2911 Oportet
2939 2857 3152 2911 sapere.
3211 2843 3345 2897 Nam
3397 2845 3446 2897 vi
3504 2861 3612 2900 nou

2046 2937 2256 2990 modica
2291 2950 2428 3005 opus
2466 2945 2550 2989 est
2586 2935 2652 2987 ad
2698 2934 3038 2987 inaiiifemam
3081 2935 3363 2990 veritatem
3415 2952 3612 2990 conse-

2045 3029 2313 3096 quendam
2359 3036 2414 3079 et
2449 3025 2785 3079 liberandam
2841 3026 2911 3078 ab
2960 3026 3196 3079 inimicis
3235 3027 3446 3095 gratim,
3486 3027 3612 3095 quia

2044 3120 2145 3171 sub
2177 3118 2357 3186 specie
2400 3115 2642 3170 veritatis
2687 3115 2822 3169 solet
2867 3117 3136 3179 diabolus,
3173 3118 3440 3186 imprimis
3473 3119 3612 3185 apud

366 3222 659 3292 ἁρχαρίοις
690 3222 946 3290 μάλιστα)
972 3222 1002 3273 6
1043 3223 1290 3286 διάϐολος
1311 3225 1576 3279 δεικνύειν
1608 3228 1706 3296 τὴν
1736 3228 1933 3296 πλάνην

2047 3209 2283 3270 tirones,
2332 3206 2617 3259 ostendere
2669 3220 2820 3258 suam
2869 3206 3174 3270 fallaciam,
3222 3223 3318 3261 sua
3383 3223 3611 3278 nequam

365 3312 556 3375 αὐτοῦ,
605 3312 1098 3383 μετασχηματίζων
1125 3314 1196 3367 τὰ
1223 3315 1434 3386 πονηρά
1463 3316 1629 3369 αὐτοῦ
1662 3317 1736 3380 ὡς
1775 3334 1942 3370 πνευ-

367 3404 599 3474 ματικά.

445 3496 541 3549 Διά
569 3495 726 3548 τοῦτο
751 3497 778 3548 6
815 3496 951 3565 πρὸς
986 3495 1085 3567 τὴν
1127 3497 1372 3568 καθαρὰν
1401 3501 1708 3569 προσευχὴν
1736 3501 1938 3568 φθάσαι

364 3584 688 3648 σπουδάζων
713 3587 770 3639 ὲν
801 3587 1022 3656 ἡσυχίᾳ,
1055 3589 1112 3639 ἐν
1157 3589 1345 3657 τρόμῳ
1386 3587 1566 3657 πολλῷ
1593 3591 1688 3641 καὶ
1731 3589 1934 3651 πένθει,

362 3679 459 3730 καὶ
506 3681 572 3748 τῇ
607 3677 673 3730 δι’
722 3679 1042 3748 ἐρωτήσεως
1085 3680 1364 3748 ἐμπείρων
1406 3681 1689 3749 ὁδηγήσει,
1736 3681 1936 3748 ὀφείλει

357 3767 589 3832 ὁδεύειν,
619 3771 712 3821 καὶ
739 3769 947 3821 κλαίειν
976 3770 1208 3822 πάντοτε
1237 3770 1376 3839 ὑπὲρ
1411 3771 1520 3822 τῶν
1568 3771 1713 3823 ίδίων
1756 3773 1934 3839 ἀμαρ-

357 3860 514 3923 τιῶν,
544 3859 883 3928 λυπούμενος
932 3861 1028 3913 καὶ¹
1059 3861 1391 3931 φοϐούμενος
1425 3862 1620 3930 μήπως
1672 3861 1930 3930 κολασθῇ,

359 3952 393 4024 ἢ
426 3950 522 4003 τοῦ
551 3951 684 4004 Θεοῦ
714 3951 924 4021 ἐκπέσῃ
960 3951 1250 4022 χωρισθεὶς
1274 3950 1386 4015 νῦν,
1412 3951 1445 4020 ἢ
1475 3953 1533 4004 ἐν
1563 3950 1639 4020 τῷ
1663 3951 1929 4021 μέλλοντι.

359 4045 531 4096 Ὀταν
555 4039 648 4097 οῦν
674 4043 757 4115 ίδῃ
779 4043 808 4095 ὁ
835 4043 1079 4106 διάϐολός
1110 4059 1230 4094 τινα
1261 4042 1528 4105 πενθικῶς
1562 4038 1836 4111 διάγοντά,
1866 4045 1928 4096 οὐ

357 4133 662 4204 προσμένει
697 4135 832 4194 ἐκεῖ,
867 4133 964 4202 τήν
997 4134 1061 4186 ἐκ
1110 4131 1203 4185 τοῦ
1240 4131 1930 4203 πένθους,προσγινομένην

351 4225 688 4280 ταπείνωσιν
706 4225 948 4277 δειλιῶνο
973 4226 1020 4276 εί
1041 4225 1096 4277 δὲ
1124 4223 1452 4292 φαντάζεται
1481 4225 1551 4277 τὰ
1575 4225 1754 4294 ὑψηλά
1794 4227 1931 4295 μετά

350 4319 585 4385 οἰήσεως
639 4314 883 4382 φθάσαι,
941 4315 1102 4366 πόθον
1148 4313 1435 4366 σατανικὺν
1480 4315 1574 4367 καὶ
1621 4316 1721 4367 ούκ
1755 4315 1930 4387 ἀληθῆ

346 4403 710 4473 κεκτημένος,
735 4405 844 4465 τοῖς
877 4402 1066 4456 ἑαυτοῦ
1088 4402 1321 4465 δικτύοις
1349 4404 1605 4473 δεσμεύει
1636 4405 1797 4458 αὑτὸν
1832 4407 1927 4458 εύ-

349 4496 526 4558 κόλως
556 4494 632 4556 ὡς
662 4495 826 4546 αὐτοῦ
846 4496 1146 4564 ὑπηρέτην.
1171 4495 1269 4546 Διά
1305 4495 1463 4547 τοῦτο
1492 4497 1745 4566 μέγιστον
1767 4498 1928 4550 ὅπλον

2043 3301 2419 3365 phantasmata
2452 3296 2714 3348 exhibens
2749 3304 3006 3364 tanquam
3039 3298 3364 3366 spiritualia.

2107 3473 2398 3542 Propterea
2450 3473 2542 3540 qui
2593 3489 2781 3542 puram
2821 3474 3019 3542 quietis
3064 3477 3366 3531 orationem
3420 3493 3614 3536 conse-

2036 3571 2128 3633 qui
2179 3567 2380 3632 studet,
2423 3566 2477 3619 in
2528 3575 2760 3620 tremore
2821 3567 2992 3620 multo
3039 3579 3202 3635 atque
3252 3569 3421 3635 lucto,
3472 3572 3612 3626 duce

2036 3659 2332 3727 peritorum
2407 3659 2873 3728 interrogatione,
2939 3659 3220 3715 ambulare
3294 3663 3496 3727 debet.
3554 3673 3612 3719 et

2034 3751 2164 3803 ﬂere
2205 3765 2417 3818 seuper
2457 3767 2554 3805 sua
2604 3765 2846 3818 peccata,
2881 3767 3117 3807 maerens
3151 3763 3208 3807 et
3238 3753 3434 3809 timens
3476 3771 3542 3810 ne
3577 3771 3608 3810 a

2037 3845 2148 3898 Deo
2177 3846 2392 3898 excidat
2422 3863 2485 3899 ac
2515 3858 2798 3914 separetur
2837 3864 2887 3898 Ill
2935 3848 3188 3915 priesenti
3225 3847 3477 3904 futurove
3505 3865 3610 3903 sae-

2035 3937 2175 3989 culo.
2218 3935 2448 4001 Quando
2524 3940 2684 4006 igitur
2763 3938 2906 3992 videt
2964 3939 3212 3994 diabolus
3259 3941 3492 4010 aliquem
3553 3943 3607 3995 in

2032 4025 2179 4080 luctu
2229 4028 2539 4088 viventem.
2597 4044 2703 4082 non
2757 4029 2832 4082 ibi
2885 4041 3164 4091 remanet.
3217 4034 3483 4086 orientem
3540 4049 3606 4086 ex

2036 4118 2181 4171 luctu
2234 4117 2533 4171 formidans
2575 4120 2968 4186 humilitatem;
3005 4122 3052 4174 si
3092 4136 3218 4174 vero
3262 4135 3322 4174 se
3363 4123 3466 4175 sibi
3518 4138 3610 4175 su-

2035 4211 2222 4266 blimia
2275 4212 2597 4278 adepturqu
2649 4212 3000 4281 imaginatur,
3049 4212 3351 4266 satauicum
3403 4216 3607 4268 habens

2032 4315 2088 4360 et.
2132 4321 2238 4358 non
2293 4320 2477 4358 verum
2528 4305 2888 4369 desiderium,
2932 4306 3024 4359 ille
3073 4305 3186 4360 Suis
3234 4306 3440 4360 retibus
3482 4322 3604 4360 eum

2031 4396 2192 4454 facile
2247 4398 2490 4467 implicat
2549 4409 2607 4452 ut
2658 4413 2814 4451 suum
2876 4413 3119 4452 servum.
3163 4398 3350 4467 Itaque
3394 4401 3607 4469 optimo

2033 4500 2210 4546 tectus
2239 4499 2324 4545 est
2356 4500 2532 4555 scuto,
2571 4491 2663 4558 qui
2715 4492 2954 4558 possidet
2985 4492 3040 4544 iu
3088 4493 3336 4546 oratione
3377 4492 3604 4558 luctum,

349 4587 581 4656 κρατεῖν
638 4587 696 4636 ἐν
752 4587 1051 4654 προσευχῇ,
1082 4584 1178 4638 καὶ
1227 4583 1289 4636 τὸ
1323 4585 1534 4648 πένθος,
1587 4587 1674 4639 ἴνα
1725 4588 1800 4658 μὴ
1846 4591 1924 4652 είς

2039 4592 2095 4636 ιιι
2134 4599 2239 4636 non
2278 4585 2330 4635 in
2367 4582 2842 4650 praesumptionem
2883 4599 2950 4635 ex
2990 4583 3257 4636 orationis
3294 4581 3477 4635 la'titia
3520 4585 3604 4634 iii-

347 4679 530 4746 οίήσιν
575 4673 682 4726 ἀπὸ
726 4673 822 4741 τῆς
876 4674 1048 4741 χαρᾶς
1091 4672 1192 4741 τῆς
1232 4673 1542 4744 προσευχῆς
1599 4681 1925 4747 περιπίπτῃ,

345 4766 489 4821 ἁλλά
532 4765 634 4833 τὴν
661 4761 1017 4833 χαρμολύπην
1065 4763 1242 4834 ἐαυτῷ
1297 4763 1672 4833 ἐκλεγόμενος,
1714 4769 1928 4839 τηρήσῃ

347 4857 599 4924 ἀϐλαϐῆ·
637 4857 669 4922 ἡ
710 4855 815 4922 γὰρ
851 4845 1094 4921 ἀπλανὴς
1153 4855 1448 4923 προσευχὴ,
1499 4855 1734 4927 ήθέρμη
1791 4861 1928 4927 μετά

348 4950 452 5016 τῆς
483 4945 792 5015 προσευχῆς
820 4944 913 4996 τοῦ
959 4942 1154 5010 Ἰησοῦ,
1194 4945 1288 4997 τοῦ
1323 4945 1572 5014 βαλόντος
1597 4949 1708 5016 πῦρ
1727 4951 1806 5011 εἰς
1829 4950 1927 5018 τὴν

349 5041 455 5116 γῆν
485 5037 585 5106 τῆς
615 5035 839 5104 καρδίας
865 5032 1022 5102 ήμῶν
1050 5035 1217 5096 ἐστιν,
1261 5037 1295 5104 ή
1324 5037 1649 5104 φλογίζουσα
1679 5040 1747 5091 τὰ
1782 5040 1923 5108 πάθη

349 5129 427 5191 ὡς
449 5125 713 5186 ἀκάνθας,
739 5126 832 5176 καὶ
853 5123 1191 5192 εὐφροσύνην
1217 5127 1310 5176 καὶ¹
1354 5126 1643 5196 ἱλαρότητα
1671 5129 1927 5197 ἐμποιοῦ-

351 5235 424 5270 σα
455 5218 524 5284 τῇ
555 5213 724 5284 ψυχῇ,
752 5213 845 5266 καὶ
884 5215 1019 5282 μήτε
1054 5212 1220 5276 δεξιὰ,
1256 5216 1288 5284 ἢ
1332 5216 1620 5285 ἀριστερὰ,
1651 5217 1684 5286 ἢ
1711 5219 1921 5271 ἀνωθεν

348 5305 648 5376 ἐρχομένη,
679 5303 793 5355 ἀλλ’
836 5305 894 5354 ἐν
922 5303 1119 5372 καρδίᾳ
1166 5303 1533 5370 βλυστάνουσα
1557 5307 1713 5376 δίκην
1741 5309 1924 5377 πηγῆς

348 5397 548 5458 ὓδατος
578 5397 641 5446 ἐκ
667 5393 760 5446 τοῦ
785 5392 1049 5456 ζωοποιοῦ
1082 5394 1425 5462 Πνεύματος’
1471 5398 1561 5450 καὶ
1599 5398 1798 5468 ταύτην
1828 5400 1923 5467 μό-

348 5505 448 5556 νην
476 5488 533 5537 ἐν
573 5484 772 5551 καρδίᾳ
831 5500 925 5534 σου
963 5483 1198 5551 πόθησον
1235 5485 1412 5554 εὑρεῖν
1460 5488 1552 5539 καὶ
1600 5491 1921 5558 κτήσασθαι,

347 5577 532 5646 τηρῶν
568 5591 663 5625 σου
709 5575 800 5625 τὸν
857 5571 985 5624 νοῦν
1030 5575 1118 5626 ἀεὶ
1157 5575 1497 5642 ἀφάνταστον
1522 5616 1537 5642 ,
1577 5580 1668 5631 καὶ
1717 5582 1922 5649 γυμνὸν

347 5685 442 5729 var;
451 5667 640 5736 μάτων
659 5664 753 5717 καὶ
783 5663 1076 5733 λογισμῶν,
1105 5667 1198 5717 καὶ
1227 5667 1303 5738 μή
1327 5667 1513 5735 φοϐοῦο
1542 5671 1568 5721 ὁ
1591 5671 1700 5741 γὰρ
1725 5672 1917 5738 είπὼν,

435 5863 449 5892 υ
481 5861 527 5918 ιι
557 5859 686 5916 eor.
717 5878 788 5927 rt,
817 5848 905 5928 io.

1026 5863 1045 5891 ⁹
1075 5862 1089 5915 Ι
1125 5860 1248 5915 Cor.
1289 5876 1388 5926 xu,
1438 5860 1536 5922 10;
1574 5858 1734 5914 Hebr.
1781 5878 1831 5925 ν,
1870 5861 1960 5928 Η,
2008 5862 2207 5931 pres.
2251 5877 2326 5927 vr,
2368 5861 2451 5916 17.

2025 4675 2194 4738 cidat,
2228 4675 2322 4728 sed
2355 4674 2626 4728 laetiﬁcum
2670 4690 2959 4728 muarorem
3014 4675 3116 4727 sibi
3163 4674 3389 4743 eligens,
3421 4683 3602 4728 servet

2027 4769 2314 4822 intactum.
2352 4767 2485 4819 Nam
2533 4769 2710 4819 oratio
2752 4784 2858 4819 non
2902 4783 3126 4819 erronca
3169 4777 3252 4820 est
3290 4768 3461 4819 oratio
3495 4766 3604 4819 fer-

2026 4863 2150 4916 vida
2181 4861 2335 4922 Jesu,
2367 4862 2454 4928 qui
2489 4862 2634 4915 misit
2670 4861 2846 4930 ignem
2877 4863 2928 4911 in
2964 4873 3162 4914 tcrraui
3195 4861 3372 4913 cordis
3406 4867 3614 4926 nostri,

2027 4954 2354 5008 ceiuburens
2393 4955 2517 5006 vitia
2538 4955 2676 5006 sicut
2704 4955 2910 5019 spinas,
2946 4952 3298 5018 lmtitizimque
3327 4960 3381 5004 et
3414 4952 3601 5005 hilari~

2027 5052 2192 5096 tatem
2212 5042 2441 5096 aﬂ'erens
2459 5045 2675 5104 animae,
2704 5057 2802 5094 nec
2821 5043 2891 5112 ad
2918 5043 3216 5100 dexteram.
3254 5051 3348 5093 aut
3383 5043 3446 5094 ad
3471 5043 3602 5094 sini-

2035 5143 2231 5196 stram,
2267 5141 2360 5186 aut
2391 5148 2605 5185 sursum
2639 5133 2848 5198 abiens,
2880 5134 2972 5186 sed
3007 5135 3056 5184 iu
3092 5134 3253 5186 corde
3295 5135 3600 5188 scatur-iens

2035 5225 2188 5293 quasi
2228 5224 2352 5276 fons
2391 5238 2545 5291 aqua:
2589 5237 2616 5273 a
2653 5223 2865 5273 vivilico
2898 5223 3111 5290 spiritu.
3145 5221 3294 5275 Illam
3334 5227 3503 5276 solam
3547 5226 3598 5276 in

2035 5317 2194 5369 corde
2246 5325 2341 5368 tuo
2391 5317 2579 5381 cupias
2634 5314 2876 5366 invenire
2933 5329 2996 5367 ac
3052 5317 3336 5382 consequi,
3380 5331 3602 5370 serians

2032 5415 2268 5458 mentem
2323 5415 2469 5458 tuam
2525 5419 2739 5473 semper
2786 5407 3080 5474 imaginum
3140 5406 3488 5473 idearumque
3539 5421 3603 5459 ac

2031 5497 2419 5564 cogitationum
2482 5506 2804 5564 expertem;
2865 5513 2966 5550 nec
3023 5498 3235 5550 timeas.
3290 5496 3390 5560 Qui
3453 5498 3600 5549 enim

2035 5585 2220 5639 dixit“
2254 5605 2268 5639 :
2299 5605 2318 5637 ι
2361 5586 2564 5639 ilabete
2619 5588 2919 5641 ﬁduciam:
2969 5603 3068 5656 rgo
3117 5603 3270 5651 sum,
3318 5587 3481 5640 nolite
3530 5589 3600 5638 ti-

2037 5693 2203 5740 mere,
2235 5695 2255 5727 θ
2294 5678 2408 5745 ipse
2451 5677 2726 5732 nobiscum
2756 5687 2836 5732 cst
2870 5694 3031 5746 quem
3075 5677 3390 5744 quaerimus,
3424 5687 3602 5744 prote-

2587 5861 2606 5892 ³
2637 5861 2802 5918 Eccli.
2839 5877 2913 5929 νι,
2946 5863 2996 5919 (i.
3096 5864 3116 5893 ⁸
3147 5861 3329 5916 Matth.
3363 5876 3471 5925 xiv,
3505 5859 3596 5916 27.
