4102 6344
541 471 680 536 1313
1781 461 2132 524 GREGORI

2239 457 2548 519 ςιΝΑιΤ-ρε
2603 430 2616 467 ’·
3657 463 3800 526 ημ-

535 585 669 658 gen's
692 601 788 640 nos
819 599 1047 653 semper.
1081 581 1192 637 Nec
1231 581 1489 636 debemus
1518 581 1711 634 timere
1740 590 1834 632 aut
1865 593 2107 646 gemere,

2239 607 2252 640 ι
2283 588 2568 655 θαρσεῖτε,
2596 581 2862 650 ἐγώείμι,
2897 581 2971 653 μὴ
3000 580 3274 650 φοὸεϊσθε,
3297 599 3314 632 ι
3339 583 3502 648 αὐτὸς
3533 586 3651 637 ἐστι
3681 587 3816 652 μευ.

537 679 706 734 Deum
762 679 1099 732 invocantes.
1147 674 1302 739 Quod
1353 675 1398 727 si
1451 675 1541 742 qui
1596 673 1839 742 perversi
1887 681 2015 726 sunt
2057 682 2112 726 et

536 773 736 825 mentis
779 770 1046 838 jacturam
1093 766 1405 832 subierunt,
1447 766 1586 820 scito
1622 764 1671 818 id
1716 779 1783 818 ex
1828 762 2115 831 singulari.

535 872 646 916 tale
677 861 944 914 orationis
973 869 1028 912 et
1060 857 1316 925 superbia
1346 856 1635 911 accidisse.
1668 855 1771 921 Qui
1803 857 1946 909 enini
1981 855 2113 907 obe-

537 953 752 1006 dienter
812 965 933 1004 cum
984 948 1412 1018 interrogatione
1461 957 1515 1001 et
1563 946 1869 1000 humilitate
1923 944 2114 1013 (ιιιατιιὶι

538 1043 746 1106 Deum,
798 1056 1071 1108 nunquam
1123 1040 1358 1107 peribit,
1409 1039 1578 1107 gratia
1623 1037 1827 1091 Christi
1877 1032 2113 1090 volenti!

538 1149 728 1188 omnes
774 1133 1025 1187 homines
1079 1130 1260 1186 salvos
1295 1130 1435 1185 fieri.
1477 1129 1557 1183 Ac
1588 1131 1691 1182 etsi
1723 1129 1904 1182 veniat
1935 1137 2114 1182 tenta—

539 1224 645 1288 tio,'
671 1223 736 1277 ad
766 1223 1140 1290 probationem
1181 1229 1237 1274 et
1285 1235 1541 1274 coronam
1572 1219 1862 1289 contingit,
1896 1217 2116 1285 permit-

539 1317 705 1370 tentis
735 1315 828 1369 Dei
863 1325 1169 1383 promptum
1195 1313 1472 1383 accipiens
1499 1313 1760 1366 auxilium
1797 1311 1957 1364 modo
1988 1309 2116 1364 huic

540 1410 778 1475 cognito.
808 1407 940 1462 Nam
964 1417 1111 1462 recte
1138 1406 1404 1460 viventem
1433 1416 1960 1473 conversantemque
1988 1405 2120 1458 irre-

544 1499 1002 1568 prehensibiliter,
1032 1508 1088 1552 et
1117 1497 1295 1552 studio
1328 1495 1575 1566 placendi
1609 1496 1924 1550 hominibus
1953 1507 2119 1563 atque

545 1589 800 1659 superbia
851 1590 1167 1654 immunem,
1221 1589 1522 1643 innumeris
1570 1587 1892 1657 aggrediens
1938 1596 2118 1640 tenta-

549 1682 794 1736 tionibus
847 1689 960 1734 tota
1005 1679 1310 1735 daemonum
1367 1680 1599 1750 phalanx
1655 1695 1761 1733 non
1820 1679 2009 1744 laedet,
2059 1687 2120 1732 ut

547 1775 704 1828 aiunt
741 1771 967 1838 Patres;
1008 1771 1097 1839 qui
1139 1786 1268 1825 vero
1299 1778 1619 1841 arroganter
1650 1783 1704 1823 et
1733 1769 1955 1836 preprio
1989 1782 2121 1822 con-

549 1865 676 1922 silio
722 1863 1038 1929 ambulant,
1086 1863 1140 1916 hi
1185 1864 1436 1916 damnum
1483 1861 1644 1916 facile
1693 1861 1944 1915 subeunt.
1995 1859 2120 1918 [dco

2230 680 2386 748 ἡμῶν
2435 677 2512 743 (ὸν
2546 674 2838 745 ζητοῦμεν,
2873 671 3260 743 ὑπερασπίζων
3314 673 3470 743 ήμῶν
3520 678 3800 745 πάντοτε).

2232 769 2342 823 Καὶ
2391 768 2489 820 οὐκ
2522 765 2807 833 ὀφείλομεν
2860 761 3086 832 δειλιᾷν,
3203 764 3482 826 στενάζειν
3534 766 3628 816 τὸν
3667 766 3802 816 Θεὸν

2232 860 2672 926 ἐπικαλούμενοι.
2699 857 2759 908 Εἰ
2793 855 2851 906 δὲ
2888 854 2982 907 καί
3010 871 3154 916 τινες
3205 854 3609 925 ἐξετράπησαν,
3667 856 3800 925 βλα-

2229 953 2416 1014 ϐέντες
2467 949 2566 1020 τὴν
2598 948 2772 1017 φρένα
2797 985 2812 1009 ,
2848 947 2951 1016 ὅρα
3013 947 3096 998 ὅτι
3143 945 3250 998 ἀπὸ
3298 945 3673 1017 ίδιοῤῥυθμίας
3707 949 3802 998 καὶ

2232 1041 2682 1115 ὑψηλοφροσύνης
2709 1038 2866 1091 τοῦτο
2896 1037 3249 1092 πεπόνθασιν.
3294 1039 3353 1090 '0
3382 1038 3491 1109 γὰρ
3526 1040 3647 1093 καθ’
3675 1041 3804 1092 ὐπο-

2228 1137 2400 1206 ταγὴν
2438 1135 2576 1205 μετὰ
2599 1132 2917 1202 ἐρωτήσεως
2950 1131 3044 1184 καὶ
3090 1130 3592 1200 ταπεινοφροσύνης
3623 1130 3799 1202 ζητῶν

2229 1230 2318 1282 τὸν
2344 1205 2498 1291 Θεὸν,
2531 1225 2784 1278 οὐδέποτε
2818 1222 3170 1292 βλαδήσεται,
3204 1223 3385 1292 χάριτι
3417 1205 3680 1291 Χριστοῦ,
3703 1224 3796 1276 τοῦ

2229 1319 2434 1380 πάντας
2458 1315 2777 1386 ἀνθρώπους
2801 1313 3043 1377 θέλοντος
3080 1313 3334 1383 σωθῆναι.
3361 1315 3424 1367 Εἰ
3450 1314 3507 1368 δὲ
3527 1317 3623 1368 καὶ
3657 1333 3798 1385 συμ-

2228 1412 2295 1482 ϐῇ
2329 1409 2656 1484 πειρασμὸς,
2705 1407 2840 1476 πρὸς
2879 1405 3107 1475 δοκιμὴν
3142 1408 3236 1458 καὶ
3277 1407 3538 1474 στέφανον
3565 1409 3793 1474 γίνεται,

2225 1503 2436 1573 ταχέως
2461 1501 2599 1570 ἔχων
2625 1499 2724 1569 τὴν
2751 1498 2843 1550 τοῦ
2877 1495 3328 1567 παραχωροῦντας
3361 1499 3496 1551 Θεοῦ
3525 1500 3794 1570 βοήθειαν,

2226 1597 2294 1649 δι’
2315 1593 2408 1654 οὒς
2436 1589 2544 1644 οἶδε
2577 1590 2833 1659 τρόπους.
2865 1589 2968 1642 Τὸν
3000 1587 3108 1657 γὰρ
3136 1588 3312 1657 ὀρθῶς
3357 1589 3594 1658 βιοῦντα,
3618 1591 3796 1659 ἀμέμ-

2231 1702 2378 1745 πτως
2411 1698 2469 1734 τε
2522 1679 3032 1750 ἀναστρεφόμενον,
3089 1679 3182 1729 καὶ
3220 1679 3555 1747 ἀπεχόμενον
3588 1682 3795 1750 ἀνθρω.

2231 1771 2563 1841 παρεσκείας
2608 1770 2703 1820 καὶ
2739 1763 3220 1835 ὑψηλοφροσύνης,
3253 1765 3356 1816 κᾶν
3388 1765 3616 1835 μυρίους
3645 1769 3794 1834 κινή-

2231 1881 2312 1916 σει
2349 1860 2470 1914 κατ’
2513 1858 2678 1912 αὐτοῦ
2733 1859 3072 1928 πειρασμοὺς
3122 1859 3272 1910 πᾶσα
3314 1859 3422 1907 τῶν
3461 1858 3788 1926 δαιμόνωνή

549 1958 755 2027 regiam
807 1954 970 2009 debet
1030 1953 1174 2008 viam
1207 1953 1419 2020 quietus
1471 1968 1685 2022 semper
1732 1963 1937 2007 tenere.
1984 1953 2118 2004 Nam

2239 1951 2428 2020 ράλαξ,
2451 1953 2512 2004 οὐ
2550 1950 2762 2020 βλάψει,
2789 1922 2866 2013 ὣς
2895 1922 3057 2019 φασιν
3082 1947 3131 2002 οἱ
3157 1949 3393 2016 Πατέρες
3415 1966 3428 1976 ο
3462 1950 3515 1999 οἱ
3546 1922 3600 2000 δὲ
3626 1922 3790 2000 αὐθαλ

550 2062 765 2114 omnem
791 2057 1080 2098 excessum
1108 2040 1264 2096 facile
1293 2044 1636 2112 praesumptio
1661 2042 1814 2110 sequi
1846 2045 2004 2110 solet,
2029 2044 2120 2098 cui

549 2154 704 2194 error
719 2137 979 2192 succedit.
995 2136 1198 2192 Cohibe
1211 2138 1497 2193 elationem
1524 2139 1720 2194 mentis
1743 2139 1957 2207 paulum
1974 2154 2121 2193 com-

553 2231 837 2300 primendo
866 2231 917 2283 in
939 2229 1184 2284 oratione
1205 2245 1289 2294 os,
1317 2231 1459 2285 haud
1485 2245 1612 2285 vero
1644 2232 1855 2284 narium
1881 2231 2124 2300 respira-

557 2324 758 2378 tionem
787 2325 929 2379 sicut
957 2322 1214 2392 imperitl,
1250 2335 1307 2377 ut
1339 2339 1445 2378 non
1482 2325 1734 2394 superbia
1768 2326 1951 2379 cadas.
1987 2325 2124 2379 Tres

557 2429 736 2472 autem
764 2425 894 2471 sunt
922 2415 1151 2469 virtutes
1180 2414 1400 2484 quietis,
1427 2431 1563 2485 quas
1591 2425 1808 2484 oportet
1835 2415 2125 2487 diligenter

555 2521 800 2571 servare,
830 2516 885 2561 et
913 2504 1140 2574 singulis
1174 2503 1320 2558 horis
1347 2507 1577 2560 scrutari
1611 2521 1682 2560 an
1720 2507 1772 2560 in
1800 2507 1880 2561 eis
1910 2522 2127 2576 semper

553 2599 839 2667 degamus,
867 2611 935 2650 ne
960 2595 1232 2650 oblivione
1257 2596 1464 2665 decepti
1487 2609 1642 2652 extra
1665 2613 1760 2652 eas
1784 2599 2121 2669 gradiantur.

557 2687 626 2740 Et
677 2689 759 2741 ha:
797 2685 1015 2756 quidem
1061 2695 1190 2740 sunt
1228 2701 1242 2738 ι
1281 2689 1656 2754 temperantia,
1700 2689 1997 2753 silentium,
2044 2691 2128 2745 sui

555 2781 870 2848 despectus,
908 2777 959 2831 id
995 2786 1117 2843 est,
1157 2776 1449 2832 humilitas.
1490 2778 1628 2833 Sunt
1669 2781 1812 2834 enim
1853 2783 2132 2851 generales

559 2878 616 2924 et
648 2885 770 2925 sese
803 2869 1036 2926 invicem
1068 2878 1418 2934 conservant,
1440 2883 1505 2922 ex
1534 2870 1719 2939 eisque
1748 2873 1921 2926 oratio
1951 2872 2132 2927 nasci-

563 2973 652 3016 tur
701 2972 756 3017 et
808 2961 1010 3016 crescit
1065 2974 1297 3028 semper.
1357 2958 1511 3015 Varie
1559 2973 1739 3016 autem
1803 2966 2133 3034 principium

559 3053 749 3120 gratia:
774 3052 844 3119 ,in
883 3050 1136 3104 oratione
1173 3047 1550 3104 manifestatur
1590 3052 1729 3121 apud
1765 3056 2048 3122 quosdam,
2079 3065 2136 3110 et

561 3141 878 3197 multimode
908 3138 1222 3194 distributio
1257 3135 1518 3207 Spiritus,
1546 3139 1620 3194 ait
1647 3142 1934 3208 Apostolus
1963 3143 2004 3206 ⁸,
2037 3157 2135 3210 pro

2226 2046 2332 2108 δὼς
2389 2045 2484 2099 καὶ
2520 2042 2826 2104 ίδιοὸούλως
2867 2043 3245 2110 πορευόμενοι,
3277 2035 3425 2092 οὗτοι
3466 2041 3562 2093 καὶ
3593 2040 3792 2109 βλάϐην

2227 2137 2467 2207 εὐχερῶς
2498 2135 2839 2204 ὑφίστανται,
2863 2135 2962 2186 Διὰ
2992 2131 3154 2185 τοῦτο
3178 2131 3460 2200 βασιλικὴν
3495 2131 3617 2184 ὁδὸν
3646 2134 3790 2199 ὀφεί-

2225 2229 2308 2281 λει
2341 2231 2368 2283 6
2395 2226 2682 2298 ἡσυχάζων
2726 2225 2812 2278 ἀεὶ
2861 2225 3100 2296 κρατεῖν.
3153 2219 3232 2294 Τῇ
3271 2224 3380 2293 γὰρ
3429 2222 3699 2292 ὑπερϐολῇ
3732 2227 3788 2274 ὲν

2227 2321 2361 2375 πᾶσι
2433 2318 2631 2381 ὸαδίως
2680 2320 2714 2385 ἡ
2761 2317 2936 2386 οἴησις
2983 2316 3366 2370 ἐπακολουθεῖν
3412 2316 3674 2384 πέφυκεν,
3726 2319 3790 2382 ἢν

2229 2425 2404 2492 πλάνη
2436 2419 2766 2488 διαδέχεται.
2794 2413 3004 2485 Κράτει
3050 2411 3144 2465 τὸν
3183 2410 3500 2478 ἁνασασμὸν
3547 2407 3643 2462 τοῦ
3683 2407 3795 2470 νοε.

2227 2517 2409 2582 ὀλίγον
2470 2509 2716 2579 σφίγγων
2767 2508 2825 2559 ὲν
2866 2506 3140 2576 προσευχῇ
3169 2503 3231 2555 τὸ
3282 2503 3478 2570 στόμα,
3518 2503 3612 2554 καὶ
3632 2500 3692 2552 οὐ
3711 2501 3800 2551 τὸν

2229 2608 2329 2674 τῆς
2362 2603 2534 2675 ῥινὸς,
2580 2600 2655 2662 ὡς
2705 2599 2756 2651 oi.
2799 2596 3054 2665 ἀμαθεῖς,
3083 2595 3173 2648 ἴνα
3219 2593 3294 2664 μὴ
3327 2592 3530 2662 βλαὸῇς
3555 2590 3802 2658 ἐξογκοῦ-

2233 2714 2412 2767 μενος.
2437 2695 2597 2760 Τρεῖς
2625 2692 2682 2745 δὲ
2711 2689 2906 2760 ἀρεταί
2943 2689 3050 2740 είσι
3091 2687 3188 2756 τῆς
3215 2686 3465 2756 ἡσυχίας,
3503 2685 3570 2746 ἃς
3596 2683 3678 2737 δεῖ
3703 2699 3799 2749 φυ·

2231 2787 2446 2840 λάττειν
2479 2782 2741 2856 ἀκριὸᾧς,
2773 2781 2867 2833 καὶ
2911 2777 3032 2832 καθ’
3056 2777 3212 2846 ὥραν
3245 2777 3494 2846 ὲρευνᾷν,
3525 2777 3574 2826 εἰ
3607 2776 3664 2825 ὲν
3702 2774 3798 2824 αὖ·

2231 2883 2350 2943 ταῖς
2377 2881 2463 2932 ἀεὶ
2495 2875 2864 2946 διατρίϐομεν,
2902 2875 3096 2942 μήπως
3144 2871 3250 2923 ὑπὸ
3281 2869 3452 2940 λήθης
3505 2868 3803 2934 κλεπτόμε-

2235 2991 2338 3033 νοι,
2387 2971 2584 3034 ἔξωθεν
2625 2968 2804 3023 αὐτῶν
2845 2965 3224 3036 πορευώμεθα.
3254 2965 3322 3017 Δί
3356 2963 3413 3016 δέ
3449 2963 3588 3015 εἰσιν
3625 2954 3798 3013 αὗται·

2238 3065 2271 3132 ὴ
2313 3061 2629 3128 ἐγκράτεια,
2668 3059 2702 3127 ὴ
2733 3055 2933 3124 σιωπὴ,
2959 3053 3053 3108 καὶ
3079 3055 3113 3124 ἡ
3140 3050 3512 3122 αὑτομεμψία,
3537 3051 3804 3104 τουτέστιν

2235 3157 2270 3222 ὴ
2316 3151 2665 3213 ταπείνωσις.
2703 3147 3055 3219 ιῐεριεκτικαὶ
3082 3146 3192 3216 γάρ
3220 3146 3327 3197 εἰσι
3351 3183 3367 3207 ,
3418 3143 3512 3196 καὶ⁵
3567 3142 3804 3208 ἀλλήλων

561 3234 739 3302 ipsius
778 3232 1059 3285 voluntate
1101 3229 1346 3283 cernitur
1380 3243 1445 3284 ac
1476 3231 1844 3298 cognoscitur,
1879 3233 1952 3286 ita
1981 3243 2041 3286 ut
2069 3233 2133 3285 ad

2240 3244 2592 3310 φυλακτικαὶ,
2617 3243 2676 3308 ἐξ
2700 3234 2776 3294 ὧν
2807 3242 2841 3310 ὴ
2874 3238 3150 3308 προσευχὴ
3180 3237 3423 3289 τίκτεται
3475 3238 3569 3288 καὶ
3592 3234 3806 3297 αὐξάνει

489 3401 491 3403 ι
563 3326 854 3396 imaginem
887 3322 1037 3381 .Elize
1079 3320 1354 3376 Thesbitze
1393 3321 1446 3374 in
1496 3321 1652 3377 nobis
1700 3332 1956 3392 appareat
1994 3326 2035 3378 ³.
2070 3324 2130 3378 ιιι

565 3419 836 3472 nonnullis
863 3417 1083 3486 quidem
1111 3416 1342 3485 spiritus
1375 3413 1608 3477 timoris,
1635 3415 1956 3473 subvertens
1986 3428 2138 3468 mou-

563 3521 646 3564 tes
667 3509 1051 3581 cupiditatum,
1077 3517 1134 3561 et
1157 3515 1450 3561 conterens
1474 3516 1654 3574 petras
1680 3521 1774 3559 seu
1796 3506 1929 3560 dura
1951 3505 2134 3566 corda,

563 3603 908 3672 supervenit;
958 3602 1030 3655 ita
1086 3607 1146 3654 ut
1191 3600 1386 3653 timore
1429 3598 1583 3667 quasi
1630 3598 1799 3652 clavis
1845 3600 2041 3666 ligatur
2085 3607 2141 3652 et

566 3705 778 3749 mortua
813 3694 910 3748 ﬁat
941 3708 1094 3748 caro.
1127 3693 1186 3745 In
1219 3692 1343 3745 aliis
1377 3701 1557 3744 autem
1593 3692 1882 3743 commotio
1911 3703 2004 3743 seu
2033 3688 2143 3743 ala-

563 3787 751 3851 critas,
783 3801 945 3854 quam
973 3794 1029 3839 et
1059 3782 1488 3838 exsultationem
1529 3781 1730 3835 clarius
1772 3777 1962 3834 Patres
1991 3781 2140 3835 dixe-
2190 3781 2194 3785 ’

569 3888 722 3946 runt,
751 3877 982 3933 maxime
1009 3874 1390 3930 immaterialis
1412 3882 1469 3926 et
1491 3872 1867 3928 substantialis
1890 3872 1944 3925 in
1970 3873 2144 3928 visce-

571 3974 722 4027 ribus
751 3969 1058 4025 ostenditur
1084 3982 1101 4022 :
1133 3969 1278 4036 quod
1308 3965 1457 4043 enim
1495 3979 1604 4020 non
1640 3973 1723 4019 est
1755 3965 2058 4020 subsistens
2091 3971 2145 4018 et

567 4063 950 4127 substantiale,
989 4076 1098 4116 non
1143 4059 1376 4114 exsistit.
1405 4057 1560 4128 Apud
1610 4057 1748 4112 alios
1800 4058 2052 4125 denique,
2091 4066 2147 4110 et

572 4156 846 4226 imprimis
877 4153 1020 4223 apud
1053 4152 1290 4207 maxime
1321 4153 1374 4206 in
1405 4152 1651 4204 oratione
1677 4163 2013 4219 progressos,
2044 4163 2145 4200 au-

575 4265 689 4303 ram
729 4249 872 4304 lucis
919 4257 1141 4301 tenuem
1188 4257 1253 4299 ac
1295 4243 1472 4298 lenem
1520 4241 1668 4296 athat
1711 4240 1888 4306 Deus,
1928 4238 2148 4296 Christo

575 4341 854 4397 habitante
887 4340 941 4394 in
978 4339 1163 4404 corde,
1189 4336 1343 4404 juxta
1377 4335 1721 4406 Apostoium,
1753 4344 1807 4388 et
1837 4334 2062 4403 mystice
2092 4331 2146 4386 in

573 4436 766 4504 spiritu
791 4433 1116 4501 refulgente.
1138 4431 1437 4499 Propterea
1461 4431 1676 4485 dicebat
1697 4428 1839 4484 Deus
1862 4428 1926 4481 ad
1950 4426 2145 4492 Etiam,

577 4529 632 4581 in
656 4536 840 4582 monte
861 4523 1042 4580 Horeb
1061 4523 1082 4555 ³
1108 4539 1124 4577 :
1151 4541 1171 4574 ι
1200 4521 1316 4576 Non
1338 4523 1392 4576 in
1412 4524 1774 4578 commotione
1797 4520 2140 4583 Dominum,»
2178 4551 2224 4608 Β

577 4619 790 4675 scilicet
811 4618 867 4672 in
891 4613 1308 4685 particularibus
1337 4612 1575 4668 tironum
1602 4612 1883 4682 operibus,
1909 4612 2004 4666 sed
2039 4628 2057 4662 ι
2092 4612 2148 4666 in

579 4725 712 4766 aura
741 4709 890 4764 tenui
915 4726 934 4759 ι
965 4706 1103 4761 lucis
1125 4721 1269 4770 esse,
1288 4707 1360 4760 ibi
1391 4707 1678 4760 Dominum
1705 4705 2002 4773 perfectam
2028 4717 2151 4758 esse

574 4805 879 4858 orationem
915 4801 1231 4855 ostendens.

2240 3336 2550 3397 διαπαντός.
2603 3333 2888 3405 Διαιρόρως
2936 3330 2993 3384 δὲ
3046 3332 3080 3400 ἡ
3131 3329 3276 3400 ἀρχὴ
3331 3329 3432 3391 τῆς
3485 3327 3704 3396 χάριτος
3749 3327 3804 3374 ἐν

2243 3428 2518 3495 προσευχῇ
2553 3424 2907 3492 ἀναφαίνεται
2951 3423 3030 3484 είς
3063 3437 3239 3482 τινας,
3280 3419 3373 3471 καὶ
3403 3417 3756 3486 πολυτρόπως
3780 3417 3807 3465 6

2247 3519 2512 3589 μερισμὸς
2548 3517 2642 3570 τοῦ
2671 3515 3001 3587 πνεύματος,
3030 3515 3196 3584 φησὶν
3218 3516 3245 3566 6
3301 3511 3641 3572 Ἀπόστολος,
3675 3509 3810 3562 κατὰ

2247 3613 2345 3680 τὴν
2373 3611 2538 3664 αὑτοῦ
2568 3611 2788 3680 θέλησιν
2827 3609 3127 3678 καθορᾶται
3179 3608 3272 3660 καὶ
3302 3605 3650 3672 γινώσκεται,
3676 3603 3810 3654 ὥστε

2247 3704 2389 3756 κατὰ
2437 3703 2527 3755 τὸν
2579 3703 2748 3755 τύπον
2781 3701 2963 3754 Ἦλιοῦ
3004 3701 3098 3754 τοῦ
3133 3699 3414 3760 Θεσ6ίτου,
3461 3698 3556 3748 καὶ
3597 3698 3655 3747 ἐν
3688 3698 3810 3763 ἡμῖν

2249 3795 2516 3861 φαίνεται.
2553 3794 2651 3845 Ἐν
2675 3810 2784 3845 τισι
2823 3797 2919 3860 μὲν
2978 3792 3195 3861 πνεῦμα
3225 3793 3412 3860 φὸὃου,
3457 3790 3673 3842 διαλὺον
3715 3790 3809 3855 ερη

2250 3884 2458 3949 παθῶν,
2492 3884 2586 3938 καὶ
2612 3884 3146 3955 συντρίϐονπέτρας,
3177 3883 3277 3946 τὰς
3306 3882 3545 3953 σκληρὰς
3571 3881 3810 3951 καρδίας.

2251 3977 2493 4048 ἔρχεται,
2519 3975 2660 4030 ὥστε
2692 3978 2800 4031 ἀπὸ
2827 3977 2919 4030 τοῦ
2970 3977 3138 4045 φόδου
3168 3976 3557 4045 καθηλοῦσθαι,
3590 3978 3681 4027 καὶ
3723 3973 3812 4040 τὴν

2252 4070 2430 4139 σάρκα
2461 4069 2665 4140 νεκρὰν
2697 4069 2962 4137 γίνεσθαιο
3011 4071 3069 4122 ὲν
3119 4069 3326 4139 ἑτέροις
3355 4069 3413 4121 δὲ
3470 4069 3808 4135 συσσεισμδς.

2253 4159 2354 4215 εἶτ’
2378 4156 2472 4214 οὖν
2493 4159 2803 4230 ἀγαλλίαμα
2848 4160 2896 4231 (ὃ
2942 4161 3037 4213 καὶ
3077 4161 3354 4231 σκίρτημα
3397 4160 3740 4228 τρανώτερον
3764 4159 3817 4209 οἱ

2254 4249 2496 4320 Πατέρες
2522 4249 2823 4321 εἰρήκασι),
2851 4251 2908 4304 ὲν
2934 4248 3174 4319 πρώτοις
3200 4251 3383 4314 ἇῦλον,
3426 4252 3525 4302 καὶ
3565 4249 3813 4310 οὐσιῶδες

2256 4341 2314 4393 ἐν
2345 4340 2676 4410 σπλάγχνοις
2718 4339 3013 4394 δείκνυται.
3051 4339 3125 4392 Τὸ
3169 4341 3275 4408 γὰρ
3304 4341 3554 4394 ἀνούσιον
3589 4341 3684 4393 xa‘t
3721 4342 3813 4391 ἀν-

2257 4429 2581 4492 υπόστατον,
2622 4428 2715 4481 καὶ
2753 4429 2828 4498 μὴ
2863 4428 2920 4480 ὸν
2961 4429 3128 4482 ἐστίν·
3169 4431 3228 4482 ὲν
3267 4428 3477 4500 ἑτέροις
3516 4430 3612 4495 δὲ,
3641 4430 3815 4482 τελευ-

2255 4521 2403 4571 ταῖον
2451 4518 2624 4590 αὔραν
2659 4518 2866 4588 λεπτὴν
2905 4521 3083 4587 φωτὸς
3115 4521 3422 4591 είρηναίαν,
3445 4523 3504 4573 ὲν
3553 4526 3662 4585 τοῖς
3693 4538 3821 4592 πρε-

2257 4607 2454 4676 κὸψασι
2481 4605 2713 4676 μάλιστα
2757 4608 2816 4659 ὲν
2862 4609 3177 4678 προσευχῇ,
3210 4609 3421 4678 ἐνεργεῖ
3477 4610 3507 4661 6
3539 4610 3692 4671 Θεὸς,
3727 4609 3818 4661 τοῦ

2257 4697 2494 4766 Χριστοῦ
2522 4700 2579 4750 ὲν
2600 4697 3154 4768 καρδίαοίκήσαντος,
3179 4699 3319 4752 κατὰ
3347 4691 3438 4752 τὸν
3479 4700 3817 4765 Ἀπόστολον,

2258 4787 2353 4863 καὶ
2380 4788 2654 4858 μυστικῶς
2687 4788 3118 4857 ἀναφαινομένου
3146 4791 3204 4842 ὲν
3234 4791 3524 4861 πνεύματι.
3551 4792 3650 4844 Διὰ
3669 4791 3823 4844 τοῦτο

542 4908 547 4914 ο
581 4890 767 4954 ἔλεγεν
789 4889 820 4939 6
859 4885 992 4946 Θεὸς
1022 4881 1163 4948 πρὸς
1201 4877 1298 4933 τὸν
1337 4877 1525 4933 Ἠλίαν
1556 4878 1614 4930 ὲν
1654 4877 1773 4948 ὄρει
1805 4877 2033 4947 Χωρὴϐ,
2069 4875 2153 4929 ὅτι
2175 4875 2277 4929 οὐκ
2294 4884 2351 4928 tv
2377 4878 2510 4944 τῷδε
2565 4878 2597 4947 ἢ
2651 4879 2787 4950 τῷδε
2816 4880 3041 4951 Κύριος,
3079 4883 3192 4938 τῶν
3231 4883 3515 4952 ἀρχαρίων
3562 4886 3816 4952 μερικαίς

582 4981 894 5050 ἐνεργείας,
922 4977 1039 5032 ἀλλ’
1066 4979 1124 5030 ὲν
1147 4973 1294 5048 αὔρᾳ
1324 4975 1495 5046 λεπτῇ
1527 4975 1726 5044 φωτὸς,
1751 4976 1916 5028 κάκεῖ
1939 4973 2164 5040 Κύριος,
2202 4973 2264 5026 τὸ
2297 4973 2506 5026 τέλειον
2527 4974 2815 5042 ὑποδείξας
2842 4977 2946 5048 τῆς
2974 4980 3290 5050 προσευχῆς

659 5074 925 5140 ρυωδιὶο.
960 5074 1099 5139 Quid
1127 5074 1292 5131 faciat
1322 5076 1540 5146 aliquis,
1574 5092 1696 5130 cum
1741 5076 2158 5132 transformatur

589 5165 803 5222 daemon
833 5166 888 5220 in
918 5167 1166 5236 angelum
1200 5168 1359 5232 lucis.
1389 5178 1444 5223 et
1472 5168 1748 5224 hominem
1777 5167 2018 5238 decipit?

661 5340 1205 5414 Rerpomio.Propter
1220 5345 1325 5403 hoc
1345 5345 1554 5414 indiget
1578 5346 1739 5402 homo
1758 5349 1928 5403 multa
1951 5349 2162 5406 discre~

2350 5083 2544 5152 Ἐρώτ.
2591 5081 2657 5134 Τί
2702 5081 2920 5146 ποιήσει
2968 5095 3073 5143 τις,
3121 5081 3209 5132 ὅτε
3243 5079 3768 5148 μετασχηματίζεται
3795 5081 3823 5130 6

2262 5175 2469 5245 δαίμων
2525 5175 2604 5236 εἰς
2650 5172 2880 5241 ἄγγελον
2935 5171 3135 5239 φωτὸς,
3177 5171 3270 5223 καὶ
3294 5170 3582 5241 ἀποπλανᾷ
3606 5173 3695 5223 τὸν
3729 5172 3820 5224 ἄν-

2265 5269 2485 5338 θρωπον
2505 5283 2522 5330 ;

2347 5359 2584 5424 Ἀπόκρ.
2630 5354 2729 5407 Διὰ
2756 5352 2915 5407 τοῦτο
2955 5351 3146 5422 χρείαν
3193 5350 3306 5421 ἔχει
3333 5354 3361 5404 6
3391 5351 3672 5421 ἄνθρωπος
3696 5353 3821 5405 πολι

593 5435 755 5500 tione,
782 5443 838 5489 ut
860 5435 1158 5491 discrimen
1183 5439 1310 5492 boni
1339 5453 1403 5493 ac
1433 5439 1560 5494 mali
1591 5447 1870 5509 agnoscat.
1896 5441 1976 5499 Ne
1998 5443 2130 5513 igitu

2261 5447 2358 5516 λῆς
2385 5445 2724 5517 διακρίσεως,
2751 5445 2836 5496 ἵνα
2870 5442 2968 5512 τὴν
3000 5443 3266 5511 διαφορὰν
3293 5441 3385 5494 τοῦ
3417 5441 3585 5495 καλοῦ
3621 5443 3710 5495 καὶ
3732 5443 3823 5494 τοι)

590 5535 642 5579 te
673 5527 782 5580 cito
813 5534 868 5580 et
901 5527 1093 5582 leviter
1133 5532 1327 5583 credas
1367 5532 1779 5598 apparentibus,
1813 5533 1909 5587 sed
1943 5549 2126 5589 reman

2265 5535 2434 5591 κακοῦ
2480 5533 2836 5608 ὲπιγινώσκῃ.
2865 5533 2958 5604 Μὴ
3003 5528 3096 5586 οὖν
3136 5531 3358 5586 σεαυτὸν
3400 5535 3538 5602 ταχὺ
3591 5532 3818 5584 ἐπιδίδου

589 5620 788 5686 gravis,
826 5628 880 5674 et
921 5630 1039 5689 post
1083 5621 1307 5676 multam
1345 5621 1718 5690 probationem
1747 5625 1946 5681 bonum
1977 5641 2157 5693 serva,

592 5715 791 5770 malum
831 5730 960 5771 vero
987 5717 1162 5787 abjice
1187 5733 1202 5770 :
1233 5717 1395 5774 debes
1428 5719 1589 5790 igitur
1617 5723 1848 5791 probare
1873 5737 1928 5780 et
1953 5727 2159 5783 discer-

665 5900 680 5930 ί
713 5897 732 5950 1
762 5897 884 5954 Cor.
921 5914 1020 5954 xit.
1096 5903 1114 5933 ¹
1149 5899 1214 5956 ill
1244 5902 1378 5972 Reg.
1415 5919 1526 5972 XIX,
1561 5907 1645 5961 il.

2263 5629 2374 5691 τοῖς
2411 5626 2754 5696 φαινομένοις
2803 5622 2892 5676 διὰ
2942 5623 3270 5690 κουφότητα,
3300 5620 3430 5673 ἀλλὰ
3478 5622 3604 5690 μένε
3637 5621 3820 5690 βαρὺς,

2265 5720 2359 5770 καὶ
2387 5717 2524 5786 μετὰ
2554 5714 2872 5785 δοκιμασίας
2905 5712 3102 5782 πολλῆς
3137 5712 3330 5780 κάτεχε
3380 5713 3438 5765 τὸ
3468 5712 3647 5766 καλόν.
3677 5713 3746 5764 Τὸ
3768 5712 3819 5763 δὲ

1725 5911 1838 5965 ³111
1871 5911 2000 5984 Reg.
2032 5930 2141 5983 xxx,
2191 5917 2274 5983 Η,
2315 5919 2395 5974 12.
