4122 6322
438 304 574 368 13ί5

1464 309 1880 377 PRAECEPTA
1927 317 2026 378 AD
2064 317 2636 384 HESYCHASTAS.

3536 323 3670 388 1346

423 435 659 506 πονηρὸν
691 435 1014 506 ἀπόρῤιπτε·
1043 433 1276 504 ὀφείλεις
1305 436 1364 491 δὲ
1387 437 1698 508 δοκιμάζειν
1751 439 1844 495 καὶ
1869 441 1983 496 δια-

2095 450 2242 501 nere,
2279 452 2344 491 ac
2390 447 2575 506 postea
2629 434 2874 490 credere.
2925 434 3074 490 Scito
3113 435 3340 506 proinde
3380 438 3668 494 manifesta

423 528 648 598 κρίνειν,
679 527 772 580 καὶ
796 527 918 579 τότε
949 527 1242 581 πιστεύειν.
1284 529 1524 583 Γίνωσκε
1556 529 1733 584 τοίνυν
1778 534 1859 586 ὅτι
1885 550 1987 600 φα-

422 619 554 689 νερά
582 619 688 671 εἱσι
722 619 792 671 τὰ
835 621 1184 688 ἐνεργήματα
1205 620 1302 689 τῆς
1331 621 1572 692 χάριτος,
1617 623 1762 693 ἅπερ
1794 627 1822 676 ὁ
1871 625 1986 678 δαί-

424 727 566 777 μων,
596 711 700 762 κᾶν
733 711 1294 779 μετασχηματίζηται,
1329 716 1629 783 παρασχεῖν
1661 716 1721 768 οὐ
1742 715 1984 770 δύναται.

418 801 496 854 Οὐ
540 800 842 869 πραότητα,
898 800 998 853 οὐκ
1043 801 1363 867 ἐπιείκειαν,
1416 804 1476 857 οὐ
1539 807 1884 871 ταπείνωσιν,
1923 808 1986 860 ού

423 893 578 959 μῖσος
607 890 698 943 τοῦ
735 890 962 959 κόσμου,
991 892 1088 961 οὐχ
1114 892 1426 961 ήδονὰς’καὶ
1455 895 1602 966 πάθη
1622 897 1804 962 παύει,
1842 899 1988 969 ἅπερ

359 1053 367 1058 ἦ
419 983 529 1034 εἰσὶ
569 981 666 1051 τῆς
705 982 927 1052 χάριτος
973 984 1322 1054 ἐνεργήματα
1353 1027 1368 1051 ,
1420 985 1588 1054 τ’ύφος
1642 988 1698 1040 δέ
1763 991 1911 1042 ἐστιν
1949 993 1982 1060 ή

419 1072 626 1124 ἐκείνου
657 1071 926 1141 ἐνέργεια.
959 1077 1053 1126 καὶ
1075 1074 1512 1145 ὑψηλοφροσύνη,
1551 1079 1644 1129 καὶ
1677 1077 1866 1141 δειλία,
1892 1083 1986 1131 καὶ

420 1163 571 1214 πᾶσα
597 1162 787 1214 κακία.
830 1163 925 1214 Ἐκ
970 1163 1069 1231 τῆς
1112 1164 1392 1233 ἐνεργείας
1420 1165 1706 1235 τοιγαροῦν
1757 1167 1984 1221 δύνασαι

420 1251 620 1318 γνῶναι
642 1251 702 1302 τὸ
722 1251 1027 1320 ἐλλαμφθζεν
1049 1253 1162 1320 φῶς
1184 1257 1242 1306 ὲν
1256 1257 1320 1323 τῇ
1337 1254 1478 1325 ψυχῇ
1504 1273 1618 1320 σου,
1638 1255 1830 1329 [εί]τοιῖ
1848 1258 1984 1313 Θεοῦ

420 1342 590 1403 ἐστιν,
624 1339 657 1410 ἢ
693 1340 786 1392 τοῦ
821 1341 1052 1394 Σατανᾶ.
1113 1341 1179 1394 Ἥ
1231 1342 1419 1411 θρίδαξ
1469 1345 1624 1414 ὁμοία
1673 1346 1790 1398 ἐστὶ
1844 1348 1982 1401 κατὰ

417 1433 514 1500 τὴν
565 1431 757 1502 ὅρασιν
785 1433 850 1501 τῇ
880 1433 1110 1502 πικρίδι,
1139 1433 1232 1484 καὶ
1263 1433 1325 1484 τὸ
1363 1435 1504 1498 ὅξος,
1539 1436 1722 1506 ὅμοιον
1755 1437 1833 1508 τῷ
1855 1436 1982 1507 οἴνῳ

418 1522 559 1576 κατὰ
580 1523 679 1593 τὴν
713 1524 872 1590 ἰδέαν,
925 1523 1040 1576 ἀλλ’
1081 1525 1145 1578 ἐκ
1177 1527 1273 1596 τῆς
1327 1525 1567 1594 γεύσεως
1601 1531 1630 1581 ὁ
1659 1529 1864 1600 λάρυγξ
1895 1547 1982 1598 γιη

419 1620 617 1667 νώσκει
648 1617 740 1668 καὶ
788 1616 1054 1686 διακρίνει
1088 1616 1187 1686 τὴν
1225 1619 1459 1672 ἑκάστου
1498 1620 1796 1692 διαφοράνο
1837 1622 1982 1677 οὕτω

419 1703 512 1757 καὶ
545 1705 577 1774 ἠ
601 1704 744 1775 ψυχὴ
766 1707 860 1758 ἐὰν
891 1705 989 1779 ἔχῃ
1011 1707 1303 1776 διάκρισιν,
1337 1710 1398 1760 ὲκ
1431 1709 1529 1778 τῆς
1571 1712 1762 1778 νοερᾶς
1786 1711 1946 1782 αίσοή
1975 1742 1979 1746 -

420 1810 558 1856 cato;
588 1798 845 1862 γινώσκει
888 1803 955 1850 τὰ
985 1797 1079 1849 τοῦ
1108 1797 1262 1864 ἁγίου
1299 1798 1610 1869 Πνεύματος
1643 1801 1976 1872 χαρίσματα,

419 1885 508 1936 καὶ
532 1887 598 1938 τά
625 1885 718 1939 τοῦ
747 1889 958 1942 Σατανᾶ
995 1888 1374 1957 φαντάσματα.

2089 543 2216 584 esse
2265 544 2427 597 opera
2477 528 2688 596 gratiae,
2723 541 2842 595 qua:
2889 527 3121 593 daemon,
3158 527 3408 594 quamvis
3451 529 3669 584 simulet

2089 619 2332 686 praebere
2367 619 2576 686 nequit.
2617 619 2734 672 Non
2788 617 3287 681 mansuetudinem,
3323 633 3428 671 non
3473 621 3670 676 decen-

2088 712 2255 774 tiam,
2301 724 2410 763 non
2458 709 2853 770 humilitatem,
2899 722 3008 760 non
3061 707 3246 760 mundi
3297 709 3509 772 odium,
3556 724 3665 762 non

2089 803 2426 870 voluptatum
2458 811 2514 856 et
2542 800 2800 855 vitiorum
2831 799 3015 868 fugam
3071 809 3345 867 operatur.
3379 813 3500 866 quae
3539 809 3668 852 sunt

2089 892 2278 960 gratia:
2309 905 2494 957 opera.
2531 890 2624 945 sed
2659 889 2908 959 operatio
2953 889 3073 954 ejus
3121 899 3300 941 tumor
3324 897 3442 955 est,
3478 899 3532 942 et
3571 905 3664 942 su-

2089 983 2298 1050 perbia,
2327 991 2380 1035 et
2415 982 2597 1044 timor,
2625 991 2681 1035 et
2715 981 2893 1034 omnis
2927 980 3190 1050 nequitia.
3223 979 3361 1048 Ergo
3390 995 3452 1032 ex
3484 980 3666 1048 operi-

2087 1073 2191 1128 bus
2230 1088 2562 1143 cognoscere
2604 1082 2758 1144 potes
2806 1081 2984 1126 utrum
3030 1071 3294 1139 aﬂ’ulgens
3333 1073 3522 1124 animm
3557 1081 3664 1125 tua:

2088 1163 2180 1219 lux
2226 1165 2314 1218 Dei
2355 1166 2445 1228 sit,
2481 1180 2547 1218 an
2601 1164 2840 1220 Satanae.
2891 1162 3123 1217 Lactuca
3172 1163 3286 1216 visu
3336 1162 3528 1215 similis
3579 1169 3666 1215 est

2087 1255 2378 1320 meconidi,
2411 1264 2466 1309 et
2507 1265 2723 1310 acetum
2773 1265 2996 1322 aspectu
3039 1253 3221 1307 simile
3265 1261 3346 1306 est
3391 1253 3536 1312 vino.
3568 1251 3664 1305 sed

2089 1356 2244 1417 gustu
2287 1347 2532 1415 agnoscit
2571 1357 2760 1414 guttur
2787 1361 2851 1400 ac
2883 1346 3145 1399 discernit
3179 1344 3444 1412 cujusque
3473 1342 3666 1396 discri-

2087 1454 2210 1492 men
2250 1456 2264 1492 :
2299 1443 2376 1493 sic
2408 1448 2464 1493 et
2500 1441 2703 1502 anima,
2740 1438 2788 1493 si
2824 1437 3023 1490 habeat
3067 1436 3468 1496 discretionem,
3504 1431 3662 1487 intel-

2085 1525 2298 1580 lectuali
2330 1541 2493 1582 sensu
2519 1527 2728 1595 judicat
2759 1525 2932 1581 sancti
2970 1521 3205 1594 Spiritus
3237 1527 3564 1578 charismata
3605 1531 3662 1574 et

2089 1617 2304 1674 Satanae
2337 1620 2736 1690 phantasmata.

1801 3894 1858 3903 -—-
1873 3890 2179 3909 “Ma——
2187 3894 2247 3904 ’-
