4102 6344
483 261 609 326 1351

1709 245 2091 309 GREGORII
2132 245 2455 306 ΡΑιΑΜΑῐ

3597 223 3744 291 133.2

485 375 712 437 ταύταις
741 374 808 427 δι’
864 376 1108 447 ἀλλήλων
1153 375 1634 448 συμπλεκομέναις
1697 374 1776 437 είς
1819 373 2054 444 σχοινίον
2086 373 2128 430 Δ
2157 367 2266 422 τῶν
2299 366 2562 436 ”χρῆσιν’
2619 357 2736 415 εἶτα
2798 361 2861 413 ἐκ
2921 357 3022 426 τῆς
3072 355 3307 424 φυσικῆς
3367 363 3642 424 χρησεως
3669 347 3750 405 εὶς

487 465 730 536 ἔντριιον
761 468 856 520 καὶ
895 470 1128 539 μακρὸν,
1183 470 1280 522 καὶ
1337 469 1406 521 τὰ
1457 468 1618 520 λοιπά
1672 466 2052 532 ἐπισπώμενον
2155 461 2505 530 παράχρησιν
2527 455 2818 522 παρέλκει,
2849 452 2947 504 καὶ
2979 452 3316 518 κατάχρησιν
3347 461 3363 476 ο

487 555 866 626 ἁμαρτήματα
888 577 901 622 ;
927 550 1096 611 Αὐται
1131 559 1262 628 γάρ,
1292 553 1470 627 οἶμαι,
1501 557 1560 609 αί
1613 553 1764 624 παρὰ
1791 553 1867 623 τῷ
1894 553 2055 605 Σολο-

496 647 668 715 μῶντι
701 648 1061 717 ἀγαπώμεναι
1080 651 1228 717 τρεῖς
1245 649 1545 718 θυγατέρες
1575 649 1674 717 τῆς
1704 647 1928 714 βδέλλης
1960 645 2058 712 τῆς
2159 644 2255 696 καὶ
2296 642 2482 711 χλιδῆς
2519 637 2810 700 τελευτῶν,
2853 633 3170 689 ἀποκτείνει
3205 647 3272 698 με
3319 629 3594 696 ἄντικρυς

3416 445 3484 495 ἐκ
3545 440 3614 493 δὲ
3650 437 3753 501 τῆς

2159 528 2416 620 συνεχοῦς
2485 543 3044 615 παρακαταχρήσεως
3105 541 3186 600 εἰς
3242 538 3359 603 ἐξιν
3408 528 3757 603 πλησμονῆς

3664 619 3758 685 ιε-

493 713 825 807 φιλαιμάτου
851 713 1196 811 -σαρκδςξῆς
1239 741 1294 793 αί
1325 713 1585 806 νβδάλσεις
1619 713 1900 807 ἐκμυζῶσί
1957 753 2058 804 μου
2161 735 2416 788 απατῶν.
2453 733 2518 785 Ἡ
2548 729 2883 783 σπαταλῶσα
2911 725 3021 794 γὰρ
3051 723 3165 776 εἴτε
3205 722 3345 790 γυνή
3399 721 3577 777 ἐστιν,
3638 713 3759 766 εἴτε

493 828 554 880 τὸ
585 829 814 891 ζωτικὸν
839 829 934 882 καὶ
954 829 1236 900 βιώσιμον.
1265 829 1449 884 Ταῦτα
1490 829 1703 898 ἐγκαλῶ
1753 829 1832 898 τῷ
1876 827 2062 897 σώμα-

495 937 569 983 τι,
602 919 776 973 ταῦτα
801 922 1114 990 κατηγορῶ,
1144 923 1232 976 διὰ
1284 923 1457 976 ταῦτα
1495 923 1595 992 τὴν
1623 922 1842 992 γραφὴν
1895 923 2063 990 ἐγραο

497 1010 686 1081 ψάμην
716 1013 942 1083 ταύτην,
979 1013 1251 1068 διώκουσα
1293 1012 1503 1085 ὕϐρεως
1552 1017 1647 1068 καὶ
1702 1015 1939 1075 ἀδικίας,
1981 1012 2065 1066 ὅτι

498 1100 598 1168 τῆς
628 1103 843 1169 φύσεως
869 1105 1363 1176 διαμηχανωμένης
1388 1107 1452 1160 τὸ
1492 1105 1766 1168 σώζεσθαι
1819 1106 1878 1157 τὸ
1909 1105 2067 1170 γένος

500 1191 680 1260 ήμῶν,
721 1193 814 1245 καὶ
847 1195 1277 1265 παρακιρνὼσης
1301 1196 1492 1266 ἡδονὴν
1531 1199 1597 1267 τῇ
1641 1213 1701 1248 τε
1751 1199 1926 1268 τροφῇ
1975 1197 2072 1250 καὶ

499 1285 565 1354 τῇ
595 1283 652 1350 ἐξ
683 1286 941 1354 ἐπιγονῆς
971 1287 1376 1357 διαδοχῇ,ὅπως
1402 1289 1472 1343 δι’
1508 1290 1676 1358 αὐτῆς
1695 1290 1794 1343 ὅσα
1831 1291 1928 1343 καὶ
1989 1293 2073 1343 δε-

500 1375 690 1436 λέατος
754 1375 1047 1444 ἑλκόμενος
1093 1381 1122 1432 ό
1152 1379 1438 1451 ἄνθρωπος
1480 1375 1587 1434 ἐπί
1621 1399 1681 1434 τε
1721 1383 1822 1452 τὴν
1864 1383 2072 1451 τροφὴν

502 1466 597 1519 καὶ
624 1467 851 1538 θεμιτὴν
883 1469 1070 1538 κοίτην
1099 1471 1381 1538 γυναικὸς,
1413 1475 1508 1526 καὶ
1568 1475 1884 1527 συνίσταται
1943 1472 2074 1538 ζῶν,

505 1561 600 1614 καὶ
634 1560 883 1630 θνήσκων
911 1565 1012 1617 οὐκ
1038 1565 1418 1633 ἐξαπόλλυται,
1446 1569 1554 1620 τῶν
1571 1569 1925 1639 ἀνεγκλήτων
1953 1569 2079 1623 τού-

504 1667 614 1705 των
641 1654 735 1706 καὶ
775 1656 1020 1723 φυσικῶν
1050 1658 1380 1729 εὐαφόρμως
1440 1659 1742 1728 λαϐόμενον
1797 1661 1858 1714 τὸ
1891 1662 2074 1727 σῶμα,

508 1743 699 1816 ὥσπερ
724 1747 888 1800 τινῶν
935 1749 1202 1820 ἀγράφων
1265 1750 1504 1820 θεσμῶν,
1566 1752 1658 1804 ἐπὶ
1709 1752 1829 1804 τίνα
1875 1752 2083 1819 ἡδυπά-

511 1836 665 1889 θειαν
704 1837 805 1891 οὐκ
833 1838 1125 1907 ἐκφέρεται
1153 1859 1167 1905 ;
1192 1841 1351 1903 Τίνος
1377 1841 1432 1894 δὲ
1464 1841 1795 1912 πλησμονῶν
1827 1843 1954 1912 ὅρον
1986 1842 2085 1912 οὐχ

514 1926 912 1997 ὑπερϐάλλεται
939 1948 952 1995 ;
977 1930 1093 1983 Νῦν
1124 1930 1192 1983 τά
1218 1932 1466 2002 πλήσμια
1487 1934 1596 1986 τῶν
1637 1935 1952 2003 ἐδεσμάτων
1974 1937 2090 1986 είσο

520 2017 814 2086 πράττεται
849 2036 862 2050 ³
913 2020 1010 2073 νῦν
1057 2022 1125 2075 τὰ
1176 2023 1370 2094 ἥδιστα
1419 2027 1512 2078 καὶ
1559 2026 1898 2097 δυσπόριστα
1927 2027 2089 2079 πάλιν

518 2113 1033 2180 κατεμφορούμενον
1056 2114 1116 2166 οὐ
1145 2115 1340 2184 φθάνει
1367 2117 1716 2187 κορεσθῆναι⁸
1766 2117 1876 2172 καὶ
1930 2119 2090 2181 αὖθις

519 2199 580 2264 ἐξ
627 2197 881 2271 ὑπαρχῆς
937 2204 1282 2275 λιχνεύεται·
1339 2207 1435 2260 καὶ
1511 2209 1919 2279 δυσαρεστεῖται
1979 2211 2092 2273 τοῖς

523 2293 778 2362 παροῦσι,
812 2294 878 2347 τά
905 2295 962 2349 δέ
988 2297 1196 2350 ἀπόντα
1235 2299 1395 2352 ποθεῖ
1433 2315 1448 2332 ο
1473 2301 1594 2353 οὐδὲ
1640 2302 1800 2354 οἴνων
1858 2303 1971 2364 τοῖς
2011 2304 2094 2353 ἐν-

520 2382 715 2447 δαποῖς
735 2386 1085 2455 εὐφραίνεται
1117 2390 1367 2460 καρδίαν,
1406 2391 1672 2457 ἐξουδενεῖ
1711 2392 1768 2445 δὲ
1816 2394 1892 2456 ὡς
1945 2394 2092 2463 ὕδωρ

523 2475 979 2545 διαπορευόμενον
1004 2480 1095 2533 τὸν
1126 2480 1410 2552 ἐγχώριον.
1456 2485 1548 2536 καὶ
1590 2483 1735 2552 δίψει
1777 2484 1887 2536 τῶν
1933 2485 2092 2537 ἀλλοο

523 2565 714 2619 δαπῶν
742 2567 938 2622 κάεται
971 2586 985 2601 ο
1021 2571 1144 2624 οὐδέ
1173 2573 1562 2642 περιϐλήματα
1609 2576 1677 2627 τά
1708 2575 1846 2640 πρὸς
1888 2574 2098 2637 θάλπος

529 2661 622 2711 καὶ
642 2659 812 2730 ψῦχος
848 2663 1182 2733 συμμέτρως
1205 2665 1398 2734 ἔχοντα
1427 2667 1590 2735 μόνον
1628 2668 1901 2738 ἐπιζητεῖ,
1961 2669 2100 2720 ἀλλά

529 2752 598 2804 τὰ
622 2752 680 2816 ἐξ
711 2752 840 2823 ῦλης
867 2755 966 2808 οὐκ
998 2755 1344 2825 εύπορίστου,
1379 2760 1473 2810 καὶ
1494 2759 1656 2830 τέχνῃ
1681 2761 1908 2830 περιττῇ
1946 2778 2101 2830 περι-

532 2845 708 2912 έργως
732 2846 1162 2916 ἐκπεπονημένα
1215 2849 1310 2902 καὶ
1356 2849 1686 2919 ἁϐρότερον⁶
1752 2852 1842 2903 ἐπὶ
1893 2853 2103 2915 τούτοις

533 2937 929 3005 προσϐιάζεταί
965 2957 1032 3005 με
1067 2940 1516 3010 διυπηρετεῖσθαί
1547 2942 1594 2992 οί
1642 2941 1784 2994 κατὰ
1813 2942 2103 3004 παιδίσκας

535 3029 847 3088 σιτοποιοὺς
874 3029 970 3080 καλ⁸
987 3028 1301 3098 ὀψοποιοὺς,
1326 3032 1420 3084 καὶ
1459 3033 1781 3103 ίστουργούς
1805 3050 1981 3100 τινας,
2005 3035 2102 3088 καὶ

532 3114 806 3168 δουλεύειν
825 3119 1070 3188 αἰσχρῶς
1090 3121 1212 3184 ταῖς
1237 3123 1570 3192 ἀπεράντοις
1622 3124 1950 3194 ἐπιθυμίαις
2009 3124 2108 3177 αύο

534 3205 654 3271 τοῦ,
702 3209 1157 3282 δασμοφοροῦααν
1226 3215 1516 3284 χορηγίαις
1561 3217 1758 3286 χρειῶν
1816 3215 1956 3285 ὐπέρ
2007 3215 2108 3283 τὴν

537 3299 752 3368 χρείαν,
781 3302 881 3373 οὐχ
911 3303 998 3356 ἵνα
1030 3305 1260 3370 δεόντως
1287 3309 1384 3361 καὶ
1429 3311 1513 3371 είς
1555 3309 1619 3362 τὸ
1652 3309 1773 3361 δέον
1829 3307 2105 3379 ἀναλώσῃ,

538 3393 676 3446 ἀλλὰ
713 3395 854 3464 πρὸς
882 3397 1075 3468 ἡδονὴν
1104 3399 1514 3469 ἀσωτευόμενον
1543 3403 2003 3472 παραχρήσηται.

613 3485 748 3541 Τίνα
777 3487 906 3556 γοῦν
922 3490 1099 3543 οίεσθέ
1124 3508 1192 3560 με
1231 3489 1379 3562 ζωὴν
1416 3493 1618 3562 ἕλκειν,
1650 3489 1696 3550 ὧ
1727 3496 1863 3549 Θεοῦ
1896 3495 2112 3565 ἄνθρω-

543 3594 658 3643 ποι,
685 3583 1246 3651 συμπεριφερομένην
1285 3584 1362 3651 τῷ
1401 3583 1544 3638 οὕτω
1600 3583 2112 3652 κακοδαιμονοῦντι,

547 3674 643 3726 καὶ
672 3672 1208 3742 ὑποδρηστεύουσαν,
1239 3673 1273 3743 ἢ
1304 3673 1480 3736 ποίοις
1506 3673 1617 3727 τῶν
1666 3674 1887 3727 ἀτόπων
1935 3673 2114 3745 ἔργων

544 3765 607 3814 οὐ
636 3752 993 3834 προσπταίειν
1038 3762 1331 3833 αἴσχιστα;
1368 3760 1517 3835 Ἀρά
1576 3765 1773 3835 μέτρια
1820 3765 2031 3831 ταῦτα;
2079 3766 2114 3836 ἢ

552 3855 729 3923 μάτην
773 3854 949 3918 ἄλλως
987 3853 1098 3922 ἐγὼ
1141 3855 1472 3910 δυσκολαίνω
1500 3875 1514 3922 ;
1547 3858 1610 3910 Εἰ
1661 3859 1770 3928 γὰρ
1833 3860 2115 3929 ἐφήμερα,

549 3947 644 4000 καὶ
676 3943 750 4001 ὧν
800 3949 904 4000 οὐκ
941 3948 1069 4002 ἄνευ
1100 3948 1417 4002 συνίσταται
1454 3949 1865 4021 εἰσεπράττετο,
1910 3951 2012 4004 οὐκ
2042 3951 2110 4002 ἂν

553 4038 900 4108 ἐσχετλίαζον
933 4054 946 4070 ·
976 4041 1025 4092 εί
1075 4037 1401 4110 περιστολῆν
1443 4039 1544 4108 τῆς
1602 4039 1941 4109 γυμνὼσεως
1999 4039 2116 4112 ἅμα

553 4131 649 4184 καὶ
691 4129 938 4200 φυλακὴν
963 4130 1070 4183 τῶν
1097 4132 1262 4199 ἀέρος
1294 4131 1610 4202 ὑπερϐολῶν
1639 4133 1838 4202 ᾐτεῖτο,
1883 4131 2121 4200 ἄσμενος

554 4223 622 4275 ἃν
655 4224 915 4292 παρεῖχον
947 4237 965 4255 ο
1014 4224 1062 4275 εί
1114 4224 1226 4284 τοῖς
1283 4222 1684 4293 προστυχοῦσιν
1738 4226 2038 4294 ἀπεχρῆτο,
2071 4223 2122 4276 εἰ

559 4315 720 4383 μόνον
750 4317 960 4386 ἀποζῆν
993 4317 1254 4380 ἐδικαίου,
1285 4317 1382 4386 οὐχ
1412 4317 1571 4388 ὓϐριν
1600 4317 1666 4371 ἂν
1691 4319 1752 4370 τδ
1793 4319 2119 4388 συνεκπορί-

2162 829 2332 899 ψυχὴ,
2367 825 2519 890 ζῶσα
2547 823 2828 889 τέθνηκεν.
2870 819 3034 889 Ἐμδς
3065 817 3173 885 γὰρ
3211 815 3467 874 θάνατος.
3503 805 3764 876 λαθημέ-

2165 939 2264 988 νην
2291 919 2402 971 τῶν
2429 917 2645 969 οἰκείων
2678 910 2992 981 ἐνεργειῶν,
3039 908 3373 978 ἀμφιπολεῖν
3414 906 3494 964 είς
3545 902 3766 971 βοσκη-

2171 1012 2437 1083 ματὼδεις
2471 1007 2802 1073 ἀπολαύσεις
2829 1004 2924 1058 τοῦ
2950 1003 3225 1070 σώματος,
3259 1003 3349 1054 ὅτε
3377 997 3500 1050 καθ’
3550 994 3763 1058 ἕτερον

2169 1102 2468 1161 ἀπόστολον
2501 1098 2794 1164 ἐξέλκομαι
2835 1095 2931 1147 καὶ
2961 1090 3290 1160 δελεάζομαι
3340 1087 3448 1141 ὑπὸ
3479 1086 3582 1152 τῆς
3622 1099 3769 1148 σαρ-

2171 1197 2336 1265 κικῆς
2365 1191 2666 1260 ἐπιθυμίας
2703 1205 2718 1219 '
2761 1189 2796 1257 ὴ
2846 1187 2905 1240 δέ
2951 1184 3218 1251 ἐπιθυμία
3270 1177 3648 1233 συλλαϐοῦσα.
3683 1173 3767 1223 τί-

2173 1306 2294 1344 κτει
2320 1283 2685 1356 ἀμαρτίαν·ή
2738 1280 2796 1333 δέ
2845 1277 3093 1346 ἀμαρτία
3133 1269 3563 1329 ἀποτελεσθεῖσα
3618 1267 3769 1317 ἀπο-

2176 1381 2298 1436 κύει
2325 1355 2578 1432 θάνατον.
2613 1372 2748 1425 Ἀπὸ
2767 1370 2940 1441 θηλῆς
2975 1369 3087 1438 γὰρ
3119 1365 3290 1433 αὐτῆς
3339 1363 3398 1414 ἐν
3431 1362 3547 1414 ἔθει
3599 1355 3772 1423 γενό-

2182 1486 2340 1541 μενον
2377 1465 2472 1520 τοῦ
2499 1463 2802 1534 διαχεῖσθαι
2836 1460 2936 1531 μὲν
2988 1459 3129 1527 πρὸς
3155 1458 3216 1509 τδ
3243 1455 3377 1524 1335,-
3396 1450 3770 1523 χαλεπαίνειν

2179 1539 2236 1615 δέ
2274 1560 2410 1631 πρὸς
2441 1557 2503 1611 τὸ
2526 1554 2798 1625 τραχύνον
2835 1553 2936 1620 τὴν
2963 1549 3245 1617 αἴσθησιν,
3279 1549 3394 1606 τοῖς
3449 1543 3509 1607 ἐξ
3563 1539 3771 1610 ἡδονῆς

2182 1657 2277 1710 καὶ
2312 1653 2488 1722 λύπης
2540 1647 2953 1718 ἐνεγυμνάσατο
3001 1642 3252 1696 πάθεσιν.
3325 1635 3611 1690 Ἐντεῦθεν
3670 1632 3770 1684 καὶ

2186 1749 2356 1817 θυμδς
2388 1740 2766 1798 ἐνδυναστεύει
2793 1742 2862 1808 τῇ
2889 1735 3112 1806 καρδία,
3146 1734 3242 1786 καὶ
3264 1729 3428 1803 ἡδονὴ
3453 1727 3532 1796 τῷ
3564 1727 3770 1796 ἥπατι,

2188 1838 2387 1910 ἰσχυρὰ
2442 1837 2541 1906 μέν
2580 1835 2670 1888 διὰ
2716 1831 2816 1900 τῆς
2871 1827 3095 1898 χρονίας
3133 1822 3555 1894 συγγυμνασίας
3612 1818 3770 1883 πάθη

2187 1934 2284 1985 καὶ
2327 1928 2609 2000 κορυφαῖα
2637 1924 2746 1978 τῶν
2771 1922 3004 1984 λοιπῶν,
3043 1920 3139 1973 καὶ
3181 1915 3271 1972 οἷα
3329 1911 3654 1982 συμπείθειν
3705 1909 3769 1958 τδ

2189 2027 2246 2077 ἐν
2274 2023 2401 2091 ἐμοὶ
2429 2019 2803 2087 λογιζόμενον,
2828 2016 2924 2069 καὶ
2962 2015 3120 2080 ἄγειν
3151 2011 3412 2080 ἐπήκοον,
3445 2005 3527 2057 ἐνί
3589 2000 3653 2067 γέ
3687 2014 3769 2064 τῳ

2187 2112 2397 2183 τρόπῳ.
2433 2111 2507 2164 Ἦ
2544 2110 2654 2179 γὰρ
2685 2106 2843 2175 δόλῳ,
2873 2104 2906 2172 ῆ
2939 2103 3030 2174 βίᾳ
3051 2101 3394 2170 ἐφέλκονται.
3429 2095 3495 2146 Ὢ
3534 2091 3771 2146 ποσάκις

2195 2181 2285 2272 μοι
2303 2205 2465 2273 ἡδονὴ
2512 2200 2708 2270 ἔκλεψε
2759 2196 2915 2250 νόονί
2991 2193 3226 2253 ποσάκις
3261 2209 3279 2241 ι
3308 2186 3586 2243 Μανθάνω
3645 2181 3769 2249 μὲν,

2169 2296 2280 2354 -οἷα
2311 2299 2488 2370 μέλλω
2517 2297 2650 2367 δρᾷν
2682 2294 2854 2357 κακὰ,
2889 2292 3060 2361 θυμὸς
3093 2290 3148 2342 δέ
3183 2287 3458 2356 κρείσσων
3481 2280 3592 2332 τῶν
3624 2276 3777 2345 ἐμῶν

2195 2389 2579 2462 βουλευμάτων
2601 2390 2648 2442 ί»
2677 2384 2845 2455 Θυμῷ
2872 2384 2928 2437 δέ
2953 2383 3046 2436 καὶ
3072 2380 3232 2450 ἡδονῇ
3254 2379 3362 2439 πᾶς
3391 2378 3420 2429 ὁ
3448 2371 3556 2426 τῶν
3584 2369 3776 2422 παθῶν

2195 2461 2352 2553 δχλος
2397 2482 2663 2550 ἐφέπεται
2695 2493 2714 2511 ο
2776 2477 2872 2530 καὶ
2931 2474 3216 2545 πειρῶμαι
3266 2469 3364 2540 μὲν
3416 2461 3775 2518 ἐπιλαϐέσθαι

2197 2577 2298 2644 τῆς
2324 2573 2728 2640 ἐπιϐαλλούσης
2783 2587 2874 2638 μοι
2935 2565 3282 2637 μοναρχίαςο
3354 2560 3511 2627 παρὰ
3573 2556 3631 2608 δέ
3677 2553 3777 2620 τῆς

2198 2668 2557 2738 όχλοκρατίας
2621 2664 2828 2734 ταύτης
2868 2661 3243 2730 ἀπείργομαι,
3307 2651 3513 2706 ταυτόν
3559 2665 3614 2701 τι
3678 2645 3775 2698 πάρ

2204 2776 2427 2829 σχουσα,
2452 2760 2527 2820 ὡς
2559 2759 2613 2811 εί
2637 2775 2721 2820 τις
2754 2755 2983 2824 εὐγενὴς
3027 2753 3158 2812 παῖς
3213 2745 3489 2817 ὀρφανικὴ
3535 2741 3780 2808 περιλει-

2204 2852 2338 2921 φθῇ,
2373 2851 2540 2920 κυρία
2583 2849 2681 2919 μὲν
2709 2849 2844 2902 οῦσα
2885 2845 3281 2917 θεραπαινίδων
3349 2837 3587 2900 πολλῶν,
3630 2834 3781 2887 οὐπω

2204 2945 2260 2998 δέ
2299 2945 2487 3014 ἄρχειν
2521 2943 2718 3002 εἰδυῖα,
2762 2939 3180 3008 περιφρονεῖται
3215 2935 3335 3001 μὲν,
3369 2931 3402 2998 ῆ
3463 2931 3560 2981 καὶ
3619 2943 3782 2979 συνα-

2208 3037 2394 3107 θύρειν
2420 3033 2732 3088 διδάσκεται
2769 3047 2785 3062 ο
2821 3028 2919 3100 όψέ
2951 3029 2996 3082 δ’
3016 3028 3338 3095 ἐπιγνοῦσα,
3367 3024 3452 3084 τίς
3475 3018 3611 3076 οὐσα
3636 3019 3780 3078 οἵαις

2214 3127 2634 3198 συμφθείρεται,
2665 3124 2949 3179 ἐπιϐάλλει
2983 3123 3080 3192 μὲν
3105 3119 3530 3176 οἰκοδεσποτεῖν,
3596 3111 3785 3167 κάκείο

2211 3238 2311 3284 νας
2333 3225 2413 3284 εἰς
2447 3221 2701 3289 δουλικὴν
2761 3218 2916 3279 τάξιν
2967 3213 3320 3284 ἐπιστρέφειν
3371 3211 3468 3264 καὶ
3512 3204 3782 3276 σωφρονί-

2213 3312 2328 3376 ζειν
2354 3329 2369 3346 ο
2425 3313 2482 3365 αἱ
2525 3312 2602 3376 δέ,
2663 3309 2834 3364 πάλαι
2889 3309 3190 3376 αὐτονόμου
3251 3307 3348 3358 καὶ
3389 3299 3784 3356 αὐτοδεσπότου

2212 3404 2502 3472 ἀσελγείας
2527 3402 2981 3473 ἀναπλησθεῖσαι,
3015 3393 3442 3466 ἀναισχυντοῦσι
3478 3393 3579 3446 καὶ
3597 3388 3782 3444 ἐπανί-

2215 3513 2461 3560 στανται,
2491 3495 2566 3558 ὡς
2593 3495 2688 3548 καί
2717 3510 2861 3555 τινες
2887 3491 3066 3545 δοῦλοι
3092 3490 3344 3556 λέγονται
3378 3484 3487 3538 τῶν
3508 3481 3784 3536 δεσποτῶν

2215 3589 2516 3659 οἰχομένων
2545 3588 2641 3640 καλ
2688 3584 3094 3655 μελλησάντων,
3114 3581 3270 3634 αὐτοὶ
3303 3579 3412 3631 τῶν
3458 3576 3558 3646 μὲν
3594 3571 3785 3632 οἰκιῶν

2216 3680 2443 3734 ἐκείνων
2480 3676 2765 3740 δεσπόται,
2793 3673 2992 3732 τῶν.δέ
3016 3671 3294 3740 γυναικῶν
3322 3667 3515 3736 ἀνδρες
3569 3665 3792 3718 ἀντικα-

2216 3770 2485 3841 ταστῆναι
2518 3784 2532 3800 °
2574 3762 2695 3821 εἶτα
2728 3767 2824 3820 καὶ
2846 3767 2959 3826 τοῖς
2975 3764 3266 3827 δεσπόταις
3299 3758 3618 3812 ἐπανιοῦσιν
3637 3757 3790 3808 ἀντε-

2221 3864 2488 3928 πεξιέναι.
2524 3863 2619 3915 καὶ
2641 3859 2831 3921 ὅπλοις
2862 3856 3150 3929 κρίνεσθαι
3183 3870 3199 3887 ⁶
3242 3854 3435 3922 ῶσπερ
3480 3851 3579 3903 καὶ
3645 3849 3793 3903 ἄλλοι

2219 3955 2400 4026 χρόνῳ
2451 3953 2701 4023 ὓστερον,
2736 3952 2960 4020 Ῥώμης
2987 3949 3346 4019 ἀποδράντες,
3408 3944 3654 4014 μεγάλας
3695 3941 3796 4007 μά-

2223 4066 2323 4119 χας
2355 4047 2492 4119 πρὸς
2511 4047 2638 4108 τοὺς
2667 4045 3061 4104 ἐπιδιώκοντας
3090 4043 3186 4094 καὶ
3222 4037 3651 4097 ἀναδουλοῦντας
3686 4033 3793 4086 διε-

2227 4145 2555 4215 μαχέσαντο.
2588 4140 2806 4195 Τοιόνδε
2835 4138 2960 4191 τινὰ
2987 4137 3085 4190 καὶ
3117 4137 3237 4188 κατ’
3265 4133 3400 4202 ἐμοῦ
3419 4131 3666 4184 δουλικὸν
3699 4127 3796 4178 πό-

2225 4237 2391 4307 λεμον
2417 4233 2694 4303 ἐπεγείρει
2725 4231 2786 4284 τὸ
2810 4231 2972 4295 φύσει
3007 4227 3200 4282 δοῦλόν
3272 4242 3366 4293 μοι
3420 4225 3610 4292 σῶμα,
3640 4221 3673 4291 ῆ
3704 4219 3801 4272 καὶ

2225 4328 2552 4394 δεινότερον,
2581 4323 2702 4378 καθ’
2729 4325 2813 4376 ὅτι
2840 4321 3068 4376 ἐκείνων
3123 4321 3174 4372 οί
3205 4319 3306 4387 μὲν
3337 4315 3549 4376 ὅπλοις,
3599 4314 3648 4364 εί
3707 4309 3800 4361 καὶ

557 4406 672 4468 ζειν
707 4406 930 4458 τοιαῦτα
956 4407 1205 4474 ἐνόμιζον
1236 4420 1254 4436 ·
1303 4407 1414 4460 οὐδ’
1447 4408 1513 4460 ἂν
1555 4408 1648 4460 ὑπ’
1709 4408 1940 4478 εὐθύνην
1987 4405 2122 4478 ἦγον
2155 4423 2200 4478 ι)
2233 4419 2411 4489 μόγις,
2447 4416 2597 4484 ὅμως
2628 4410 2968 4482 ἐφθάρησαν,
3020 4411 3118 4464 καὶ
3158 4409 3277 4475 ἅμα
3328 4407 3397 4476 τῇ
3436 4402 3651 4470 δουλείᾳ
3704 4399 3801 4451 καὶ

557 4504 653 4550 καὶ
705 4497 879 4565 δίκην,
919 4496 995 4556 ὡς
1049 4497 1144 4548 νῦν
1195 4513 1258 4564 γε
1302 4497 1524 4561 δικαίως
1579 4498 1761 4551 διώκω
1809 4499 2130 4569 βιαζόμενον

559 4589 818 4658 πρόνοιαν
847 4587 1012 4640 αὐτοῦ
1067 4588 1313 4642 τίθεσθαι
1361 4592 1440 4652 είς
1489 4590 1806 4660 ἐπιθυμίαν,
1865 4594 2018 4661 παρὰ
2070 4593 2132 4644 τὸ

572 4682 934 4735 ἀποστολικδν
996 4681 1388 4751 παράγγελμα.
1426 4682 1608 4747 ’Λπαξ
1645 4685 1753 4752 γὰρ
1812 4684 2129 4754 ὑπερδεξίου

561 4773 898 4843 ὁρμητηρίου
939 4773 1039 4840 τῆς
1085 4772 1322 4842 φυσικῆς¹
1369 4771 1668 4842 λαϐόμενον
1714 4776 1990 4845 χρήσεως,
2071 4779 2130 4828 οὐ

568 4867 803 4916 παύεται
867 4863 1112 4916 διεκθέον
1175 4865 1253 4925 εἰς
1308 4866 1495 4917 πᾶσαν
1555 4866 1745 4934 ἡδονὴν
1814 4869 2133 4938 ἐπίρῤητον.

582 4955 843 5024 ’Δτεχνῶς
894 4958 1026 5024 γὰρ,
1083 4956 1110 5007 ὃ
1149 4972 1311 5024 φησιν
1362 4959 1387 5008 ὁ
1437 4957 1577 5018 θεῖος
1626 4957 1836 5017 Παῦλος
1879 4961 2134 5027 περὶτῆς

568 5047 864 5115 ἁμαρτίας,
886 5037 975 5099 ("mf
1015 5047 1141 5099 «Διὰ
1167 5049 1257 5099 τοῦ
1281 5051 1526 5116 γραπτοῦ
1560 5049 1724 5117 νόμου
1751 5050 2046 5118 εἰργάσατο
2079 5053 2138 5101 ἐν

571 5140 696 5205 ἐμοὶ
725 5140 905 5190 πᾶσαν
935 5139 1228 5207 ἐπιθυμίαν
1263 5155 1278 5170 ⁸
1319 5142 1572 5210 ἀφορμὴν
1609 5140 1717 5209 γὰρ
1757 5139 1999 5193 λαϐοῦσα
2053 5140 2139 5192 διὰ

571 5230 670 5296 τῆς
702 5230 924 5298 ἐντολῆς
975 5229 1289 5299 ἐξηπάτησέ
1341 5249 1406 5301 με
1448 5232 1540 5286 καὶ
1589 5233 1875 5285 ἀπέκτεινε
1910 5247 1924 5262 ο
1981 5231 2140 5287 τοῦτο

576 5325 825 5391 καὶπερὶ
863 5324 1008 5390 ἡμᾶς
1045 5327 1468 5391 συμπέπτωκεν.
1510 5342 1527 5373 ι
1573 5324 1851 5392 ’Λφορμὴν
1895 5325 2004 5395 γὰρ
2047 5327 2143 5376 καὶ

575 5414 775 5479 τούμὸν
835 5412 1060 5482 σαρκίον
1113 5415 1347 5482 εὐρηκδς
1404 5416 1496 5466 τὸν
1563 5417 1794 5482 φυσικὸν
1848 5417 2031 5483 νόμον,
2082 5416 2142 5466 τὸ

577 5503 874 5571 τρέφεσθαι
922 5505 1094 5574 δήπου
1143 5506 1238 5556 καὶ
1279 5505 1615 5570 θάλπεσθαι,
1675 5509 1855 5558 πᾶσαν
1906 5510 1964 5559 ἐν
2023 5507 2144 5574 ἐμοὶ

579 5598 980 5663 κατειργάσατο
1012 5597 1327 5668 ἐπιθυμίαν,
1353 5601 1442 5649 καὶ
1471 5598 1560 5648 δια
1607 5597 1700 5648 τοῦ
1773 5599 1978 5651 δεῖσθαι
2038 5600 2144 5650 τῶν

585 5687 920 5744 ἀναγκαίων.
954 5689 1148 5740 ποῶτα
1186 5690 1282 5748 μὲν
1324 5689 1530 5751 ἐξέλκει
1556 5690 1634 5750 εἰς
1669 5689 1764 5744 τὴν
1789 5690 2018 5755 θεμιτὴν
2053 5691 2145 5741 αύ-

2233 4509 2329 4578 τὴν
2360 4508 2508 4575 ζωὴν
2537 4504 2856 4570 ἐξεδύσαντο
2894 4518 2909 4533 ο
2949 4503 3000 4555 οἱ
3037 4501 3094 4553 δὲ
3146 4499 3207 4551 τὸ
3226 4499 3362 4560 τέως
3404 4497 3503 4565 μὲν
3557 4495 3803 4559 ἀντεῖχον

2237 4601 2560 4671 μαχόμενοι,
2621 4598 2726 4658 ἕως
2782 4597 2910 4656 τοὺς
2954 4592 3219 4654 δεσπότας
3280 4588 3470 4657 ἐώρων
3519 4585 3806 4650 σιδηροφο-

2239 4692 2488 4762 ροῦντας,
2532 4690 2626 4743 καὶ
2649 4689 2726 4750 ὼς
2771 4686 2980 4755 ὁμοίοις
3010 4685 3266 4745 ἐπιόντας
3293 4681 3478 4747 σφίσιν
3512 4696 3525 4709 ·
3592 4676 3717 4728 ἐπεὶ
3759 4671 3803 4725 δ’

2237 4784 2438 4836 ἐκεῖνοι
2480 4782 2623 4834 ὅπλα
2653 4780 2753 4849 μὲν
2777 4779 3020 4844 ἔγνωσαν
3047 4774 3406 4833 καταθέσθαι,
3436 4771 3586 4838 ψιλοὶ
3612 4769 3668 4819 δὲ
3699 4768 3801 4834 μά-

2240 4891 2430 4941 στιγας
2463 4874 2628 4941 μόνας
2653 4873 2729 4934 ὡς
2761 4869 2963 4931 δούλοις
3016 4867 3449 4923 ἐπανετείναντο,
3485 4865 3579 4916 καὶ
3624 4859 3800 4918 οὕτως

2239 4966 2574 5033 ἀνέμνησαν,
2617 4963 2761 5020 τίνες
2822 4958 2975 5020 ὄντες
3035 4960 3146 5009 τίσι
3219 4954 3462 5022 τολμῶσι
3517 4949 3804 5020 μάχεσθαι,

2239 5055 2543 5124 τηνικαῦτα
2591 5055 2671 5114 εἰς
2720 5053 2970 5122 ἑαυτοὺςι
3002 5047 3326 5116 ἐπανῆλθον.
3387 5045 3478 5097 καὶ
3516 5044 3614 5110 τὴν
3641 5042 3806 5094 πάλαι

2240 5146 2554 5198 δεσποτείαν
2583 5144 2922 5210 ἐπέγνωσαν.
2968 5139 3132 5192 Τουτὶ
3189 5137 3248 5189 δέ
3286 5135 3487 5202 τούμὸν
3544 5129 3810 5184 οίκετικδν

2245 5238 2342 5290 καὶ
2367 5235 2627 5304 πολέμιον
2656 5234 2826 5286 κακὸν
2869 5229 3099 5299 ἀτρυτόν
3133 5229 3302 5290 ἐστιν,
3354 5222 3806 5286 ἐπανιστάμενον,

2246 5330 2636 5397 ἀφιστάμενον,
2692 5326 2801 5378 οὐδ’
2843 5321 3096 5376 ὁπωσοῦν
3137 5317 3512 5386 δουλούμενον,
3561 5314 3654 5364 καὶ
3716 5311 3810 5361 οὐκ

2246 5424 2355 5492 ἐχω
2384 5421 2628 5488 ποτέρως
2663 5416 3008 5483 περιέσομαι.
3038 5411 3312 5476 Οὔτε-γὰρ
3357 5408 3503 5474 νόμῳ
3553 5403 3810 5469 πολέμου,

2247 5511 2370 5564 οὐτε
2399 5509 2724 5576 δουλοσύνης
2748 5505 2964 5564 δικαίας
2992 5497 3468 5567 καταγωνίσασθαι
3493 5497 3582 5547 οἵα
3629 5509 3688 5544 τε
3737 5496 3812 5543 si-

2252 5605 2334 5672 μὶ,
2366 5601 2479 5654 ἀλλ’
2512 5602 2658 5661 ὅπως
2690 5599 2866 5652 ἂνκα¹ι
2902 5594 3331 5664 μετελεύσωμαι,
3369 5590 3574 5648 πάσαις
3618 5600 3809 5650 παροιο

2256 5695 2404 5755 μίαις
2437 5691 2718 5758 ἐνέχομαι,
2751 5690 2898 5741 λίθον
2926 5687 3148 5753 ἔψουσα,
3169 5684 3304 5750 ἀέρα
3345 5679 3663 5740 τύπτουσα,
3722 5673 3813 5727 Δία

3961 433 3978 462 ι

3951 507 3982 584 Ξ

3955 583 3988 620 ἃς

3959 629 3976 668 ﬁ

3987 5355 4046 6224 ἶ

4047 6171 4052 6224 ί
