4122 6322
450 378 624 493 ’1353

1811 434 2398 504 ΡΒΟΞΟΡΟΡίΕῐᾶἒ.

3586 442 3727 510 1354

493 543 657 598 θίοπα
707 546 1086 613 λευκαίνουσα,
1146 553 1317 622 φλόγα
1375 554 1651 623 ξαίνουσα,
1698 561 1818 613 καθ’
1876 562 2057 630 ὑγρῶν
2087 560 2129 615 Α
2162 580 2368 627 κουσιν,
2406 563 2437 631 ἦ
2470 554 2737 617 ἕλκονται.
2773 562 2881 617 Καί
2908 581 2997 629 μοι
3039 563 3312 631 σκέψασθε
3340 564 3554 635 πρῶτον
3613 558 3727 620 ὦτα

495 639 801 708 γράφουσα,
830 645 889 708 ἐξ
916 644 1101 713 ἄμμου
1138 650 1368 717 σχοινίον
1400 648 1698 707 πλέκουσα.
1764 657 1827 706 Ὢ
1879 658 2056 724 πράγ-

499 749 678 799 ματος.
719 736 947 789 ἀπίστου
990 738 1004 792 ί
1074 738 1258 809 διττῆς
1306 731 1528 811 ἀλογίας
1590 744 1838 810 ἐξουσίαν
1892 749 2059 801 πεπί-

499 842 727 893 στευμαι
760 845 776 860 ·
809 830 906 899 τῆς
949 834 1047 898 μὲν
1076 832 1225 886 ἔνδον
1254 837 1345 889 καὶ
1376 839 1654 908 προσεχῶς
1715 839 2057 908 ὑπεζευγμέ-

497 933 594 986 νης
627 936 735 986 μοι,
786 922 885 990 τῆς
913 923 969 974 δὲ
1000 924 1334 997 πορρωτέρω
1366 928 1459 981 καὶ
1516 929 1768 1000 θύραθεν.
1828 929 1969 984 Ἀλλ’
2025 933 2059 999 ἡ

501 1013 598 1078 μὲν
625 1009 863 1079 ἐξωτέρα
888 1013 1231 1081 δεδούλωται,
1267 1020 1359 1072 καὶ
1389 1021 1588 1088 νόμους
1613 1022 1890 1089 ὑποταγῆς
1918 1024 2056 1090 ἠγά-

497 1120 690 1174 πησεν.
747 1107 910 1161 Οὐδὲν
968 1110 1076 1178 γὰρ
1114 1112 1234 1164 τῶν
1283 1114 1494 1181 ἀλόγων
1561 1114 1659 1184 τὴν
1711 1117 2060 1182 ἁρμόζουσαν

495 1199 800 1268 ὑπηρεσίαν
825 1204 1120 1267 ἀναίνεται,
1148 1206 1282 1259 ἀλλά
1317 1210 1408 1259 καὶ
1453 1207 1580 1274 βοῦς
1631 1210 1793 1276 ζυγὶν
1825 1213 2062 1281 ἐπαυχεο

495 1292 721 1356 νίζεται,
751 1296 846 1348 καὶ
872 1298 1041 1367 πάχος
1078 1299 1182 1366 γῆς
1210 1302 1474 1368 ῥήγνυσιν
1500 1304 1739 1374 ἀρότρῳ,
1768 1307 1863 1358 καὶ
1888 1305 2059 1359 ταῦτα

497 1387 945 1457 προϐεϐλημένος
977 1391 1037 1443 ἐν
1066 1392 1180 1453 τοῖς
1219 1394 1516 1462 κροτάφοις
1546 1396 1798 1463 κεράτιον
1849 1376 2054 1465 ἀκμὰς,

494 1478 568 1540 ὡς
601 1478 767 1542 ἄλλοις
787 1483 993 1551 αἰχμάς
1031 1499 1046 1516 ·
1081 1484 1202 1537 οὐδὲ
1228 1484 1393 1546 ἵππος
1422 1487 1680 1549 ὠκύπους
1712 1490 1811 1559 τὴν
1852 1491 2060 1558 ὑπουρ-

496 1571 622 1634 γίαν
648 1571 1032 1642 διαπέφευγεν,
1078 1577 1216 1631 ἀλλά
1240 1578 1445 1651 καίπερ
1473 1580 1753 1652 ἀγέρωχος
1782 1582 1881 1640 ὢν.
1912 1576 2061 1653 δέχε·

494 1677 583 1715 ται
648 1662 747 1734 μέν
803 1666 996 1737 χαλινὰ
1038 1666 1114 1735 τῷ
1176 1669 1424 1739 στόματι,
1470 1674 1627 1744 φέρει
1678 1666 1735 1727 δὲ
1762 1675 2059 1744 ἀναϐάτην,

499 1754 728 1823 εἰρήνην
750 1756 953 1823 ἄγοντα
995 1759 1087 1812 καὶ
1123 1761 1451 1830 μαχόμενον.
1488 1761 1742 1816 Πείθεται
1792 1765 1885 1816 καὶ
1936 1764 2060 1827 δνος

495 1845 656 1908 φύσει
694 1847 869 1917 νωθὴς
901 1851 995 1902 ἐπὶ
1019 1849 1118 1919 τὴν
1150 1850 1478 1920 ἀχθοφορίαν
1523 1853 1857 1921 καλούμενος
1890 1871 1905 1886 ⁸

495 1935 568 1996 ὡς
602 1935 692 1989 τὸν
718 1936 948 2006 ἔκφορον
975 1939 1140 1993 ἵππον
1171 1941 1401 2010 ἐπέσχον
1438 1940 1515 2010 τῷ
1542 1941 1766 2013 χαλινῷ,
1793 1942 1938 1995 οὕτω
1965 1942 2056 1995 τὸν

494 2026 829 2081 νωθέστατον
850 2026 970 2082 ὄνον
995 2028 1188 2083 ἔπεισα
1222 2032 1494 2101 παιδαρίῳ
1521 2032 1615 2085 καὶ
1655 2034 1873 2102 ῥοπάλῳ
1925 2034 2056 2087 θᾶτ-

493 2128 586 2169 τον
626 2119 976 2187 πορεύεσθαι.
1012 2113 1077 2174 Τί
1097 2120 1238 2187 λέγω
1270 2123 1504 2177 τιθασσά
1549 2126 1710 2179 ταυτὶ
1742 2127 1911 2194 κτήνη
1961 2127 2057 2180 καὶ

496 2204 764 2278 ὑποζύγια
791 2229 805 2277 ;
841 2212 944 2265 οὐκ
969 2212 1192 2282 ἄρκτος,
1225 2215 1284 2267 οὗ
1315 2215 1581 2281 πάρδαλις
1618 2217 1685 2270 τά
1719 2217 1827 2270 τῶν
1852 2217 2056 2287 θηρίων

495 2300 935 2373 ἀμειλικτότερα,
979 2303 1078 2357 οὐκ
1125 2306 1288 2367 αὐτὸς
1341 2306 1537 2373 ἐλέφας
1608 2309 1715 2362 τῶν
1764 2310 2055 2377 γεωλόφων

495 2389 847 2459 ὕπερανέχων
882 2393 958 2460 τῷ
983 2393 1223 2463 μεγέθει,
1279 2395 1340 2447 οὐ
1371 2397 1508 2450 λέων
1531 2399 1559 2450 ὁ
1583 2398 1691 2451 τῶν
1723 2400 2057 2471 ἀγρίωνξβα-

497 2481 699 2547 σιλεὺς,
733 2482 1102 2537 ἀποστατοῦσι
1162 2486 1260 2554 τῆς
1312 2487 1592 2559 ἡμετέρας
1641 2489 1816 2560 ἀρχῆς
1846 2507 1862 2523 ο
1921 2493 2055 2560 ἀγαο

497 2572 642 2625 πῶσι
687 2573 742 2625 δὲ
789 2574 857 2626 δι’
880 2575 1087 2644 ἀγορᾶς
1146 2575 1242 2629 καὶ
1274 2576 1520 2647 θεάτρων
1571 2581 1630 2633 ἐν
1674 2583 1792 2644 ταῖς
1839 2581 2056 2637 πόλεσιν

493 2664 759 2734 ἀγόμενα,
783 2665 875 2716 καὶ
907 2665 1191 2736 διατριϐὴν
1217 2670 1568 2740 παρεχόμενα
1598 2674 1711 2736 τοῖς
1763 2673 2056 2743 θεωμένοις

495 2758 593 2809 σὺν
624 2758 881 2826 ἐκπλήξει
925 2758 1020 2811 καὶ
1059 2757 1299 2830 θαύματι
1327 2776 1344 2793 ο
1412 2761 1532 2816 οὐδὲ
1591 2766 1702 2829 τοῖς
1762 2766 2055 2837 μετεώροις

492 2846 697 2916 ὄρνισιν
760 2849 1070 2919 ἀπέχρησεν
1142 2852 1223 2915 είς
1296 2853 1648 2926 ἀπώρασμόν
1706 2855 1839 2928 ὕψος
1896 2858 2056 2930 ἀέρος

492 2940 821 3009 ἀμέτρητον,
848 2941 1035 3014 ὥσπερ
1061 2944 1180 2998 οὐδὲ
1206 2948 1316 3010 τοῖς
1346 2946 1557 3017 ίχθύσιν
1613 2952 1695 3015 είς
1733 2952 2054 3023 ἀποκρυϐὴν

495 3032 654 3102 βυθὸς
692 3033 966 3104 Θαλάσσης
994 3035 1311 3104 βαθύτατος.
1346 3039 1459 3092 Καὶ
1519 3038 1616 3110 τὴν
1668 3042 1766 3111 μὲν
1813 3042 2051 3114 θηριώδη

493 3127 590 3181 καὶ
623 3127 853 3195 θυραίαν
891 3127 1114 3195 ἀλογίαν
1140 3127 1280 3182 οὕτω
1307 3129 1727 3201 τιθασσεύομεν,
1775 3135 1851 3196 ὡς
1906 3134 2049 3201 ἐξὸν,

492 3221 588 3271 καὶ
625 3219 941 3287 δαμάζομεν
970 3239 980 3250 ·
1007 3219 1108 3286 τὴν
1133 3219 1190 3272 δέ
1221 3221 1488 3283 σύνοικον,
1545 3223 1642 3277 καὶ
1764 3226 2051 3296 προσεχῶς
2077 3208 2121 3266 c

493 3308 809 3378 ἐποχεῖσθαι
860 3310 1189 3376 τετάγμεθα,
1252 3312 1346 3364 καὶ
1391 3311 1534 3366 κατά
1584 3313 1743 3382 λόγον
1805 3319 2049 3385 κοσμεῖν,

492 3401 590 3451 οὐκ
623 3399 816 3470 ἔχομεν
847 3401 959 3463 πῶς
1008 3401 1510 3473 ἀπομειλιξώμεθα,
1561 3406 1656 3459 καὶ
1709 3407 2055 3475 διαπραΰνω-

494 3510 595 3562 μεν
629 3495 763 3558 πως
797 3493 856 3545 rb
886 3494 1170 3560 γστήγςον.
1207 3495 1397 3548 Καίτοι
1426 3497 1609 3567 ἐκείνη
1654 3497 1753 3567 μὲν
1815 3500 2057 3552 ἐκκεκώ-

493 3600 658 3651 φηται
683 3582 991 3650 φύσςιπρδς
1040 3585 1130 3635 τὸν
1158 3584 1312 3650 λόγον
1351 3599 1367 3614 ο
1421 3583 1561 3655 αὕτη
1601 3585 1659 3639 δὲ
1700 3588 1902 3651 ἐπαῖει,
1959 3590 2055 3644 καί

494 3690 608 3735 τως
647 3675 1018 3743 ἐπέστραπται
1048 3691 1061 3705 ο
1096 3675 1230 3728 ἀλλά
1260 3676 1320 3729 τὸ
1364 3677 1650 3746 ἀλόγιστον
1698 3679 1874 3751 πάντη
1936 3683 2056 3733 ἐπι-

498 3765 735 3817 πειθέστι
748 3781 840 3835 ρον
869 3765 946 3833 τῷ
978 3767 1120 3835 λόγῳ
1151 3766 1372 3836 μᾶλλον,
1413 3768 1444 3834 ἢ
1495 3767 1555 3821 rb
1583 3770 1833 3837 πεφυκὸς
1864 3769 2055 3838 λογοῖμ

492 3855 616 3907 σθαί
634 3873 706 3924 πη
727 3859 820 3908 καὶ
843 3856 1198 3926 ρυθμίζεσθαι
1217 3873 1230 3888 °
1252 3856 1474 3912 κάκεῖνο
1504 3861 1604 3930 μὲν
1640 3862 1907 3931 ὑπουργεῖ
1957 3861 2054 3914 καὶ

492 3947 813 3998 συνεκπονεῖ
855 3948 923 4000 τὰ
948 3947 1261 4002 συνοίσοντα
1299 3949 1515 4018 σώματι
1543 3966 1559 3984 ο
1587 3951 1746 4021 σῶμα
1777 3952 1832 4005 δέ
1859 3969 2057 4021 συνερ-

495 4034 591 4101 γὸν
631 4037 752 4105 ἐμοὶ
780 4036 932 4091 δοθὲν
958 4040 1036 4102 είς
1062 4040 1262 4109 ἀρετῆς
1294 4040 1433 4109 ἔργα
1461 4042 1747 4105 κάλλιστα,
1781 4043 1861 4106 εἰς
1907 4043 2056 4098 ἀντί-

494 4125 618 4189 ξουν
650 4128 742 4180 καὶ
770 4128 930 4183 πλέον
961 4129 1326 4201 ἀντιπράττον
1356 4132 1663 4203 ἐλέγχεται,
1712 4138 1806 4190 καὶ
1862 4135 2056 4193 θᾶττον

497 4216 596 4284 ἐμὲ
621 4219 1022 4285 συναλογιστεῖν
1051 4220 1200 4291 αὐτῷ
1228 4222 1652 4292 παραϐιάζεται,
1696 4221 1728 4293 ἢ
1760 4222 1890 4276 αὐτὸ
1935 4224 2056 4292 ἐμοὶ

496 4305 970 4373 συλλογικεύεσθαι
1031 4311 1298 4364 πείθεται.
1354 4314 1466 4366 Καὶ
1526 4312 1587 4367 τὸ
1640 4313 1816 4366 αἴτιον
1842 4313 2055 4384 εἴρηται

494 4395 747 4465 πρόσθεν,
779 4398 862 4451 ὅτι
914 4401 1034 4451 ἐπεὶ
1068 4400 1335 4470 γενομένη
1382 4403 1476 4455 ἐπὶ
1532 4404 1668 4473 τιμῇ
1732 4402 1791 4456 οὐ
1835 4402 2056 4473 ξυνίημι

493 4489 559 4542 τά
588 4490 804 4557 πρῶτα,
839 4491 933 4544 (ire
959 4491 1038 4563 τῷ
1069 4492 1273 4564 νεογνῷ
1323 4494 1535 4564 σαρκίῳ
1588 4495 2049 4566 συννηπιάζουσα,

493 4580 590 4634 εἶτ’
620 4578 713 4635 οὖν
753 4584 1004 4652 σανδάλῳ
1035 4582 1164 4654 ὕλης
1194 4585 1505 4654 χαλδαῖκῶς
1537 4588 1732 4651 εἰπεῖν,
1769 4604 2046 4654 συγκατα-
2078 4559 2125 4615 D

494 4673 661 4738 δῦσα,
709 4675 809 4727 καὶ
880 4675 1180 4747 ὀστρεῶδες
1248 4678 1639 4748 ἀμπισχομένη
1695 4680 2051 4752 περίϐλημα,

497 4766 1031 4836 πλρασυμϐάλλομαι
1071 4770 1164 4821 καὶ
1197 4769 1491 4839 ὁμοιοῦμαι
1513 4773 1630 4832 τοῖς
1683 4771 1906 4841 κτήνεσι
1959 4772 2054 4825 καὶ

495 4857 742 4926 ἀνοήτοις
827 4858 1120 4928 δυνάμεσιν
1152 4876 1167 4891 ·
1215 4860 1312 4930 6ψέ
1370 4860 1426 4912 δέ
1469 4861 1707 4915 συνιέναι
1753 4863 1786 4931 ἡ
1841 4861 2053 4933 ἄφρων,

498 4948 646 5019 καὶὴ
680 4948 837 5019 μωρά
862 4966 990 5002 ποτε
1014 4951 1231 5021 φρονεῖν
1269 4950 1569 5021 ἀρχομένη,
1621 4950 1897 5005 ἐπιϐάλλω
1957 4951 2056 5020 μὲν

502 5038 916 5104 μεταποιεῖσθαι
939 5039 1039 5108 τῆς
1069 5038 1418 5109 καθηκούσης
1454 5040 1782 5110 ἀρχῆς,ηκαὶ
1835 5041 2056 5112 σώματι

497 5129 593 5182 καὶ
620 5127 828 5197 μορίοις
877 5126 1127 5196 σώματος
1167 5127 1310 5181 κατά
1355 5127 1511 5195 λόγον
1562 5126 1897 5193 ἐπιστατεῖν,
1958 5128 2056 5181 καὶ⁸

502 5219 637 5290 πρὸς
665 5218 726 5270 rb
767 5215 977 5287 πρέπον
1035 5216 1248 5285 ἑκάστῳ
1306 5214 1599 5281 ἐπανάγειν
1639 5214 2012 5287 λειτούργημα
2036 5231 2052 5245 ⁸

499 5308 637 5364 αὑτά
694 5309 751 5362 δέ
803 5308 940 5361 ἀλλά
984 5310 1079 5361 καὶ
1131 5307 1499 5378 προλαλοῦντα
1528 5349 1545 5373 ,
1607 5310 1756 5378 ὅμως
1811 5310 2055 5379 ἀτεχνῶς

499 5402 681 5453 ἐκεῖνα
705 5401 887 5469 ἐργοις
914 5400 1266 5469 κεκράγασιν,
1296 5401 1397 5453 ὅσα
1423 5400 1473 5452 οἱ
1502 5385 1715 5453 πολῖται
1756 5401 1850 5454 τοῦ
1901 5402 2058 5470 εὐγε-

446 5532 463 5547 .
501 5489 626 5551 νοῦς
662 5489 952 5559 ἀνθρώπου
998 5490 1141 5545 κατά
1187 5491 1287 5561 τὴν
1336 5491 1696 5561 εὐαγγελικὴν
1739 5491 2057 5562 παραϐολὴν

506 5583 812 5646 στείλαντος
844 5582 1163 5651 πρεσϐείαν,
1201 5583 1407 5651 ἔλεγον,
1437 5582 1511 5634 Οὐ
1543 5581 1769 5651 θέλομέν
1801 5600 1861 5635 σε
1897 5583 2055 5652 βασι-

503 5671 690 5726 λεῦσαι
717 5672 801 5740 ἐφ’
849 5673 1017 5740 ἡμᾶς.
1047 5673 1271 5739 ’Ᾱγουσι
1322 5673 1427 5742 γὰρ
1460 5672 1677 5735 θᾶττον,
1722 5670 1752 5741 ἢ
1808 5673 2052 5741 ἄγονται,

507 5764 599 5815 καὶ
623 5763 1058 5817 ἀντεπισπῶνται
1084 5764 1217 5833 πρὸς
1242 5763 1307 5816 τὰ
1342 5763 1545 5834 συνήθη
1575 5764 1727 5831 σφίσι
1762 5764 1857 5817 καὶ
1903 5766 2053 5835 φίλα,

507 5853 898 5917 ἢὲπισπῶνται
942 5855 1075 5917 πρὸς
1104 5855 1172 5906 τά
1199 5854 1444 5917 βέλτιστα
1480 5874 1492 5886 ·
1531 5857 1620 5911 καὶ
1660 5857 1818 5911 πλέον
1862 5856 2055 5910 ἀνθέλ-

789 5938 1023 5998 l‘nam
1046 5985 1058 5999 .
1098 5940 1213 5998 Gn.
1238 5934 1356 6002 CL.

2161 657 2257 709 καὶ
2284 646 2531 723 ὃμματα,
2567 656 2714 715 ὅπως
2764 654 2832 707 τὰ
2874 655 2973 721 μὲν
3021 657 3123 708 οὐκ
3166 655 3530 724 ἐμπίπλαται.
3584 658 3725 711 κατά

2160 746 2253 798 τὸν
2273 746 2726 815 Ἐκκλησιαστὴν,
2748 745 2841 797 τοῦ
2871 745 3112 809 ἀκούειν,
3145 748 3209 799 τὰ
3227 747 3283 798 δὲ
3304 747 3398 799 τοῦ
3422 750 3575 818 όρᾷν,
3606 764 3680 801 κα
3707 776 3717 787 ο

2163 838 2275 890 θότι
2303 841 2417 899 τοῖς
2451 839 2546 907 μὲν
2576 838 2685 890 οὐδ’
2717 837 3058 905 ἐπιζυγῶσαι
3079 838 3248 908 θύρας
3305 837 3532 903 ἔξεστιν,
3593 841 3729 893 ἀνα-

2164 929 2535 997 πεπταμένοις
2591 930 2727 981 ἀεί·
2795 932 2909 992 τοῖς
2955 930 3012 983 δέ
3069 930 3479 1000 παραπέτασμα
3525 932 3586 984 rb
3621 916 3731 986 τῶν

2163 1020 2449 1091 βλεφάρων
2475 1020 2731 1090 ἐπίθεμα,
2765 1021 2865 1074 καὶ
2893 1022 2925 1091 ἡ
2958 1022 3299 1090 ἀποστροφὴ,
3340 1020 3437 1076 καὶ
3464 1023 3604 1077 κατὰ
3637 1024 3729 1075 τὸν

2163 1112 2337 1182 μέγαν
2376 1110 2496 1165 Ἰὼϐ
2522 1111 2757 1181 διαθήκη
2790 1111 2885 1165 τοῦ
2964 1113 3037 1180 μὴ
3098 1112 3390 1181 καταθρεῖν
3438 1116 3726 1184 περίεργα.

2158 1205 2322 1257 Ἀλλά
2353 1204 2599 1260 τίταῦτα
2628 1208 2766 1274 πρὸς
2797 1207 2896 1277 τὴν
2928 1204 3359 1275 προχειροτάτην
3409 1206 3589 1259 αὐτῶν
3635 1206 3729 1258 καὶ

2166 1296 2396 1368 ἄχρονον
2424 1296 2624 1369 μικροῦ
2665 1300 2831 1369 ῥιπὴν
2860 1301 2954 1353 καὶ
2992 1299 3301 1368 ἀπληστίαν
3339 1298 3732 1367 πολυπράγμο-

2162 1409 2226 1444 να
2251 1410 2264 1457 ;
2296 1386 2427 1444 Εἶτα
2446 1384 2541 1444 καλ
2570 1391 2838 1459 γλῶτταν.
2883 1389 2957 1443 Tb
2978 1391 3349 1460 ἀκατάσχετον
3387 1391 3576 1455 κακὸν,
3636 1391 3728 1443 τὸν

2160 1486 2365 1554 κόσμον
2394 1485 2491 1549 τῆς
2520 1482 2738 1547 ἀδικίας
2763 1483 2905 1538 κατά
2932 1482 3023 1537 τὸν
3054 1478 3379 1551 ἀδελφόθεον
3419 1483 3676 1538 Ἰάκωϐον
3709 1501 3723 1513 ·

2158 1567 2193 1644 ἦ
2230 1593 2292 1643 γε
2324 1576 2418 1629 καὶ
2448 1580 2578 1645 πρὶν
2609 1576 2818 1644 ἐφεῖναι
2841 1576 2934 1628 τὸν
2951 1575 3237 1646 λογισμὸν,
3289 1572 3384 1629 κα⁶ι
3432 1577 3501 1629 τὰ
3532 1572 3729 1630 λεκτέα

2160 1666 2484 1737 ἐπισκῆψαι,
2518 1668 2905 1738 προεξάλλεται
2924 1668 3259 1736 αὐτάγγελος
3296 1669 3598 1741 προπετὴς,
3636 1671 3729 1723 ἐκ-

2161 1761 2550 1828 φερομυθοῦσα
2578 1761 2674 1813 ὅσα
2702 1759 2777 1829 μὴ
2804 1759 2934 1829 χρὴ,
2963 1761 3058 1813 καὶ
3093 1759 3266 1813 ταῦτα
3294 1759 3573 1821 τοσούτοις
3595 1761 3729 1813 ἀπο-

1964 1856 2059 1907 καὶ
2094 1876 2136 1934 Β
2160 1853 2546 1921 ταφρευομένη
2579 1854 2836 1919 φυσικοῖς
2867 1852 3058 1922 ἕρκεσι
3085 1868 3099 1885 θ
3136 1851 3191 1903 τί
3216 1852 3271 1905 δὲ
3326 1855 3354 1906 ὁ
3413 1852 3727 1923 οίσοφάγος,

2160 1943 2189 1996 ό
2221 1942 2489 2012 πανδεχὴς
2517 1945 2736 2008 ἀγωγός
2760 1958 2775 1974 ·
2808 1942 2860 1995 τί
2907 1943 2965 1995 δέ
3017 1945 3050 2012 ἡ
3083 1944 3381 2012 μαινομένη
3410 1944 3504 1997 καὶ
3534 1944 3727 2012 ἐκμαί-

2155 2050 2321 2086 νουσα
2352 2035 2463 2104 ἀφή
2495 2052 2509 2099 ;
2545 2029 2693 2101 ’Δρα
2751 2033 3079 2087 κατακούειν
3110 2028 3220 2085 οἶδε
3276 2033 3437 2101 λόγου
3487 2033 3584 2087 καὶ
3630 2034 3729 2102 τῆς

2156 2124 2396 2190 ἐφέσεως
2425 2123 2671 2177 ἵστασθαι
2703 2141 2720 2189 ς
2750 2124 2964 2192 Καρδία
3000 2122 3057 2175 δέ
3098 2121 3174 2184 τί,
3231 2124 3359 2176 ὅταν
3399 2123 3535 2191 πρὸς
3592 2123 3728 2191 ἄμυο

2156 2232 2251 2269 ναν
2276 2214 2519 2283 καχλάζῃ
2551 2217 2615 2284 τῇ
2658 2213 2804 2277 ζέσει
2846 2214 3272 2281 μαιμάσσουσας
3334 2216 3401 2285 ἢν
3459 2215 3727 2282 θαυμάζω

2155 2305 2273 2365 πῶς
2301 2307 2333 2374 ή
2363 2303 2609 2375 ῥαψῳδία
2650 2305 2884 2374 κυνηδὸν
2933 2304 3276 2358 ὑλακτοῧσαν
3325 2304 3631 2369 ποιεῖ,’ἀλλ’
3665 2303 3728 2360 εὖ

2158 2396 2363 2466 μᾶλλον
2398 2395 2759 2466 βρυχωμένην
2789 2396 3058 2451 λεόντεια.
3104 2395 3230 2448 Ἐπὶ
3264 2394 3399 2450 πᾶσι
3453 2396 3512 2451 τὸ
3559 2397 3729 2467 θυμοο

2154 2486 2348 2539 πλεκές
2373 2485 2475 2554 τῆς
2504 2484 2797 2554 ἐπιθυμίας
2828 2485 3016 2553 μόριον
3081 2486 3192 2538 τίνι
3227 2486 3293 2539 ἂν
3338 2487 3729 2555 προσεικάζω-

2154 2596 2248 2645 το;
2283 2578 2519 2646 Πότερον
2541 2578 2797 2648 ἀθανάτῳ
2819 2578 2976 2648 κακῷ
3012 2582 3077 2649 τῇ
3101 2578 3335 2651 Σκύλλῃ,
3366 2579 3398 2649 ἢ
3432 2582 3496 2649 τῇ
3527 2580 3729 2649 παλιμ-

2155 2671 2280 2738 φυεῖ
2320 2670 2516 2740 ”Υδρᾳ,
2552 2669 2585 2737 ἢ
2621 2669 2700 2741 τῷ
2755 2663 3178 2739 ἐκατογκέφάλῳ
3239 2670 3461 2738 Τυφῶνι
3491 2669 3730 2737 ;Τοσούο

2152 2779 2263 2823 τοις
2302 2761 2548 2831 ὀργάνων
2573 2759 2871 2831 βαράθροις
2896 2761 2990 2815 καὶ
3024 2764 3229 2830 μορίων
3278 2761 3478 2831 χάραξι
3529 2761 3730 2831 τούμὸν

2154 2854 2485 2922 ἐνδιαίτημα
2503 2854 2947 2925 κεχαράδρωται,
2974 2845 3054 2915 οἷς
3080 2852 3360 2906 ἀλλόκοτοι
3404 2853 3500 2907 καὶ
3546 2843 3728 2917 ἄλογοι

2152 2948 2409 3016 δυνάμεις
2465 2945 2540 3008 ὡς
2568 2946 2722 3013 δφεις
2753 2944 3093 2999 παντοδαποὶ
3137 2945 3253 3008 τοῖς
3295 2943 3589 3017 θηριώδεσι
3629 2963 3731 3015 χη-

2155 3040 2351 3106 ραμοῖς
2376 3035 2477 3106 τῆς
2500 3035 2707 3105 Λιϐύης
2735 3034 3248 3106 ἐμπεφωλεύκασιν,
3300 3037 3365 3099 ἇς
3396 3048 3503 3104 περ
3534 3036 3730 3089 τιθασο

2155 3132 2334 3182 σεύειν
2369 3128 2467 3198 μὲν
2496 3128 2588 3180 καὶ
2617 3127 2924 3197 ἐξημεροῦν
2955 3126 3357 3196 ἐπαγγέλλεται
3415 3127 3476 3179 τὸ
3506 3126 3606 3196 τῆς
3654 3130 3732 3179 είι-

2153 3225 2310 3281 κόνος
2343 3220 2562 3289 ἀξίωμα
2595 3220 2701 3272 ’τά
2757 3221 2870 3274 ἄνω
2919 3214 2979 3273 δὲ
3039 3220 3189 3274 κάτω
3241 3217 3728 3287 μετακυλίνδεται⁶

2154 3311 2339 3364 ἐκεῖνα
2370 3311 2480 3377 γάρ
2513 3311 2712 3379 μᾶλλον
2737 3309 3182 3378 συναγριαίνουσι
3210 3311 3303 3362 καὶ
3336 3309 3731 3378 ἀποθηριοῦσι)

2153 3393 2229 3462 ὥς
2269 3399 2339 3454 τὰ
2374 3400 2589 3454 πολλά.
2643 3399 2822 3476 Ὅπερ
2868 3402 2962 3454 καὶ
3016 3403 3174 3470 ὑμεῖς
3236 3401 3571 3468 ὑπιδόμενοι,
3632 3403 3731 3456 καὶ⁴

2156 3491 2352 3545 παθεῖν
2413 3490 2809 3560 φυλαξάμενοι,
2868 3486 2913 3545 ὦ
2965 3493 3247 3562 μακάριοι,
3299 3490 3500 3557 ἔγνωτε
3538 3494 3595 3557 ἐξ
3636 3494 3731 3546 ἀν-

2157 3577 2393 3649 θρώπων
2421 3581 2812 3651 ἀφανισθῆναι,
2859 3581 3068 3652 λόχμας
3116 3581 3508 3649 κατειληφότες
3560 3583 3723 3650 θηρο-

2156 3673 2414 3742 τρόφους,
2465 3673 2559 3725 καὶ⁷
2607 3672 2779 3743 ἄντρα
2803 3672 3101 3742 αὑτόροφα,
3164 3672 3260 3726 καὶ
3323 3672 3423 3742 γῆς
3478 3671 3731 3741 ἀνηλίους

2160 3766 2362 3844 μυχοὺς
2411 3764 2727 3827 ὑποδύντες,
2777 3766 2872 3818 καὶ
2914 3764 2983 3818 δι’
3013 3765 3231 3833 ἐρήμης
3276 3764 3535 3833 ἀοικήτου
3590 3764 3724 3817 πλα-

2155 3854 2374 3924 ζόμενοι
2411 3854 2635 3926 αῖθριοι,
2677 3855 2762 3907 ἵνα
2816 3856 2935 3916 ταῖς
2998 3855 3271 3922 πονηραῖς
3325 3852 3560 3916 είσόδοις
3617 3852 3729 3904 τῶν

2159 3945 2490 4013 σωματικῶν
2518 3944 2955 4013 ἐπεζυγωμένων
3004 3943 3336 4009 αἰσθήσεων,
3381 3944 3441 3995 rb
3478 3941 3576 4012 μέν
3632 3944 3730 4011 τῆς

2154 4034 2351 4101 ἀλόγου
2394 4029 2573 4104 ψυχῆς
2609 4032 3082 4103 ἀποθηριούμενον
3134 4036 3344 4105 ἀτρεμῇ
3400 4036 3672 4105 ἀτροφοῦν
3709 4078 3723 4101 ,

2154 4129 2215 4182 rb
2245 4128 2304 4182 δὲ
2335 4128 2525 4196 νοερὸν
2552 4129 2655 4195 τῆς
2684 4122 2914 4195 λογικῆς
2944 4127 3122 4197 ψυχῆς
3155 4128 3417 4197 σχολάζον
3460 4127 3570 4182 τῶν
3602 4129 3731 4197 περὶ

2154 4221 2222 4272 τὰ
2263 4219 2500 4288 αἰσθητά
2543 4210 2914 4288 τυρϐασμῶν,
2970 4214 3197 4288 ἄσχολον
3249 4220 3561 4293 προσανέχῃ
3618 4217 3732 4283 τοῖς

2156 4309 2286 4379 περὶ
2340 4309 2409 4362 τὰ
2452 4308 2619 4378 νοητά
2667 4300 3041 4379 θεωρήμασιν.
3752 4309 3761 4375 ί

2224 4396 2372 4455 Εἶεν.
2395 4399 2537 4469 Ἐγὼ
2557 4400 2655 4470 μέν
2672 4394 2813 4455 οὕτω
2837 4401 2927 4453 διὰ
2956 4400 3207 4472 βραχέων
3225 4401 3542 4470 παρέδειξα,
3570 4403 3729 4472 ἡλίκα

2154 4492 2215 4545 rb
2263 4492 2597 4561 bnnparszv
2624 4491 2784 4560 σῶμα
2814 4489 2935 4544 κατ’
2963 4485 3097 4561 ἐμοῦ
3129 4493 3472 4547 νεανιεύεται
3500 4510 3514 4524 ·
3547 4494 3606 4545 rb
3647 4495 3726 4557 δὲ,

2153 4566 2373 4648 καίπερ
2406 4580 2633 4633 τοιαῦτα
2685 4579 2987 4650 ἐνυϐρίζειν
3045 4579 3288 4651 ἐναργῶς
3346 4581 3722 4652 ἐλεγχόμενον⁹

2155 4672 2304 4741 ὅμως
2332 4670 2430 4724 οὐκ
2460 4671 2713 4735 ἀνέξεται
2756 4673 2830 4741 μὴ
2864 4672 2985 4741 οὐχὶ
3009 4671 3105 4725 καὶ
3127 4672 3219 4724 νῦν
3255 4672 3526 4741 ἀντερεῖν,
3563 4674 3727 4725 ὁπιῖα
3780 4725 3785 4728 Α

2158 4761 2417 4824 πολλάκις
2464 4761 2713 4831 θρασέως
2772 4760 3292 4832 ἐλευθεροστομοῦν,
3346 4762 3408 4814 οὐ
3458 4763 3727 4827 δουλικῶς

2157 4852 2573 4924 ὑποτονθορίζον
2602 4852 2966 4919 αὐθαδίζεται,
3004 4849 3100 4905 ἀτε
3156 4851 3245 4905 διά
3306 4853 3526 4907 πάντων
3575 4855 3724 4907 ἀντι-

2160 4943 2373 4998 κεῖσθαι
2407 4960 2500 5014 μοι
2519 4943 2876 5008 ἐσπουδακὺς,
2906 4936 2981 5006 ὡς
3013 4942 3206 5012 ἐχθρὸν
3235 4942 3421 5009 φύσει,
3460 4945 3518 4995 ἐν
3546 4942 3729 5012 ἔργοις

2155 5036 2545 5106 ἀντιπρᾶττον,
2577 5037 2635 5088 ἐν
2662 5035 2842 5102 λόγοις
2874 5032 3217 5102 ἀντιλογοῦν,
3247 5034 3341 5087 καὶ
3372 5034 3508 5096 ὅλως
3567 5035 3728 5103 μηδέ-

2158 5145 2290 5183 ποτε
2321 5128 2671 5197 συμϐατικῶς
2708 5127 2807 5181 καὶ
2831 5126 3134 5189 ἐνσπόνδους
3189 5126 3338 5196 ἔχον.
3387 5128 3555 5197 Φήσει
3614 5127 3726 5179 τοί-

2156 5239 2249 5275 νυν
2287 5222 2452 5292 μηδέν
2483 5219 2844 5290 πλημμελεῖν,
2894 5218 3079 5273 ποιοῦν
3110 5218 3222 5283 ῖκαὶ
3267 5218 3496 5288 πάσχον,
3550 5217 3586 5271 ἄ
3629 5216 3726 5269 νῦν

2156 5313 2489 5382 ἐγκαλεῖται,
2525 5312 2617 5364 καὶ
2662 5310 2862 5378 μᾶλλόν
2895 5326 2957 5372 γε
2987 5308 3088 5371 τάς
3115 5308 3241 5377 περὶ
3282 5309 3382 5378 τὴν
3412 5307 3724 5377 ἀπολλυμέ-

2159 5422 2258 5475 νην
2288 5403 2489 5475 βρῶσιν
2539 5400 2818 5472 μοχθηρὰς
2849 5398 3155 5470 ἐργασίας.
3178 5401 3273 5451 καὶ
3313 5397 3409 5468 τὴν
3443 5399 3722 5453 ἄπαυστον

2156 5497 2474 5567 εἴσπραξιν·
2531 5494 2782 5549 σύνθετον
2835 5493 2944 5560 γὰρ
2974 5491 3032 5546 ὃν
3062 5493 3155 5544 καὶ
3209 5490 3331 5561 ῥέον
3384 5488 3472 5543 ἀεὶ
3521 5490 3608 5543 διά
3662 5507 3722 5543 τε

2158 5586 2366 5657 ὀδήλων
2396 5586 2491 5640 καὶ
2536 5583 2831 5656 προφανῶν
2874 5584 3077 5654 πόρων,
3127 5581 3438 5648 ἀναγκαίως
3474 5581 3724 5634 ἀπαιτεῖν

2158 5678 2257 5748 τὴν
2310 5677 2574 5745 ἀνάλογον
2625 5679 2690 5746 τῇ
2747 5674 2979 5729 κενώσει
3041 5672 3563 5742 ἀνταναπλήρωσιν·
3622 5675 3723 5728 οὐκ

2159 5767 2329 5830 ἄλλως
2357 5768 2415 5821 δὲ
2443 5765 2954 5839 διαμεμηχανῆσθαι
2980 5764 3140 5818 τοῦτο
3168 5764 3270 5833 τὴν
3315 5761 3498 5831 φύσιν,
3530 5763 3613 5818 ὅτι
3648 5767 3724 5835 μὴ

2158 5859 2244 5912 διὰ
2280 5859 2462 5912 σιτίων
2492 5860 2585 5911 καὶ
2613 5856 2791 5910 ποτῶν
2814 5873 2829 5887 ⁸
2862 5855 3054 5908 οὔκουν
3076 5853 3228 5906 οὐδὲν
3255 5854 3609 5925 ἁμαρτάνειν,
3641 5857 3723 5910 νό-

3202 5940 3274 6005 43
