4122 6322
476 325 612 388 1275

523 445 971 503 τιιεονηΑΝες
1004 451 1339 507 NICzENUS
1375 453 1997 506 ARCIIIEPISCOPUS.

541 530 778 579 Manilium
806 535 1073 584 Editorum.
1956 538 2048 587 279

471 621 782 679 TIIEQI'BANIS
826 622 1191 680 Aacniceiscort
1241 631 1424 681 Nucem
1460 644 1570 687 oua:
1607 647 1819 682 essum
1871 646 2044 689 orans,

527 713 655 749 nunc
686 701 896 763 primunt
935 719 997 755 ea:
1027 704 1306 757 bibliotheca
1335 706 1569 757 Vaticana
1612 710 1779 759 Graece
1807 714 1852 759 ei
1883 706 2045 759 Latine

523 775 654 824 edim
680 782 733 826 Ι).
761 783 990 830 Consulvo
1016 784 1173 832 Poncc
1193 785 1255 833 de
1282 785 1402 833 Leon
1433 781 1710 844 interprete,
1731 781 1817 845 qui
1836 790 2042 834 annota-

523 846 675 899 tianes
694 852 835 901 etin":
869 853 1061 903 addidi!
1078 864 1122 905 et
1151 855 1314 906 uarias
1331 857 1553 909 lectiones
1580 870 1642 906 ex
1671 856 1873 907 alterius
1903 857 2040 906 codi-

523 924 593 971 ris
615 926 886 988 collatione,
923 943 986 978 ex
1026 928 1254 992 facultate
1270 938 1318 982 cl
1336 930 1678 996 approbatione
1707 931 2039 993 superiorum.

527 1014 703 1069 Nomm,
771 1017 895 1077 apud
944 1018 1249 1067 [Ttanciscum
1279 1019 1606 1081 Zannettum.,
1642 1018 1762 1067 i590
1951 1016 2035 1065 281

528 1098 746 1152 Epistola
779 1100 1098 1149 rlrdirotoriu.
1946 1100 2033 1149 281

524 1178 830 1229 'I‘nsoenasis
853 1198 1195 1232 sternacem-ra:
1229 1184 1411 1232 Nucem
1434 1198 1689 1233 seis-rocaz.
1945 1184 2032 1233 281

529 1262 682 1310 Epist.
722 1265 757 1312 I.
792 1292 849 1302 —-
879 1268 949 1315 Ad
974 1267 1218 1323 Niczenos,
1244 1272 1429 1318 docens
1458 1268 1652 1330 qualem
1675 1281 1790 1318 esse
1810 1274 2039 1330 oporteat

465 1346 634 1382 rerum
661 1339 985 1388 Christianum
1028 1348 1420 1402 contemptorem
1459 1356 1629 1391 rerum
1649 1341 1870 1390 omnium
1908 1354 2036 1402 prte-

461 1412 697 1471 sentitim,
729 1415 830 1457 sive
873 1413 1081 1461 tristium
1125 1417 1231 1463 sive
1280 1416 1639 1476 jucundaruni;
1683 1428 1835 1476 prope
1887 1418 2035 1463 ﬁnem

464 1495 581 1531 vero
617 1487 910 1546 prmcipiens
931 1501 1079 1535 omne
1125 1504 1322 1550 prorsus
1348 1490 1646 1539 consortium
1682 1489 2036 1538 haereticorum

460 1559 749 1619 fugiendum
774 1576 903 1610 esse.
940 1565 1081 1613 Missa
1112 1564 1234 1624 fuit,
1263 1578 1375 1614 cum
1405 1570 1615 1627 primum
1641 1563 1922 1613 declaratus
1957 1571 2036 1611 est

458 1632 605 1691 hujus
640 1635 774 1682 urbis
797 1644 977 1697 pastor.
1946 1636 2037 1684 9‘89

533 1716 688 1765 liena.
718 1720 780 1768 II.
802 1746 861 1756 -—
889 1722 1275 1782 Doctriualis,de
1311 1723 1548 1785 patientia
1574 1730 1627 1771 et
1658 1723 2036 1784 longanimitate

471 1793 532 1843 ad
564 1807 736 1843 omnes
766 1795 1065 1847 Christianos
1116 1802 1199 1861 qui
1221 1806 1281 1847 ab
1316 1814 1377 1850 eo
1403 1800 1750 1862 pascebantur.
1943 1798 2035 1845 299

537 1896 699 1947 Emsr.
743 1899 830 1949 III.
858 1928 914 1941 --
956 1901 1270 1958 Doctriuaiis,
1295 1902 1353 1950 ad
1386 1901 1693 1957 sacerdotes,
1726 1906 1779 1947 et
1809 1898 2036 1959 reliquos

476 1982 657 2022 sant-tre
700 1974 935 2024 Ecclesia:
975 1990 1078 2024 sua)
1121 1975 1361 2033 ciericos;
1388 1976 1676 2030 ostendens,
1711 1980 1947 2035 quantum
1970 1975 2035 2020 sit

461 2048 729 2097 sacerdotii
763 2062 965 2106 munus,
1002 2048 1263 2112 qualisque
1308 2062 1421 2098 esse
1464 2049 1648 2097 debeat
1672 2047 1720 2096 in
1753 2046 2034 2097 sacerdotio

461 2127 780 2174 constitutus.
1936 2124 2030 2174 519

516 2205 702 2255 Onmo
731 2222 824 2268 qua
863 2208 1069 2256 Domino
1103 2215 1272 2257 nostro
1297 2207 1415 2257 Jesu
1450 2208 1645 2260 Christo
1677 2209 1850 2272 gratiae
1874 2221 2034 2270 agun—

459 2287 540 2328 tur
575 2295 664 2342 pru
693 2282 988 2331 iibcratione
1013 2283 1168 2343 pestis
1189 2296 1243 2331 ac
1267 2286 1458 2332 mortis.
1937 2282 2025 2331 551

455 2390 795 2452 NICOLJUS
833 2403 1149 2452 CAB.iSII.A
1195 2405 1864 2457 THESSALONICENSIS
1912 2407 2031 2455 ME-

1043 2486 1446 2538 TROPOLITA.

454 2586 705 2715 “glutino
751 2603 814 2639 ea:
840 2591 1037 2642 Fabric.
1065 2590 1207 2641 Harl.
1253 2588 1551 2642 Bibliozfteca
1585 2598 1774 2651 Grceca,
1812 2602 1846 2644 t.
1888 2594 1942 2651 X,
1977 2607 2026 2654 p.

505 2667 527 2691 ”¹
552 2704 564 2715 .
1936 2670 2026 2715 555

505 2667 564 2716 i‘).
1936 2670 2030 2718 555

520 2772 717 2822 Nicon:
738 2776 981 2825 CADASILA!
1028 2777 1092 2824 de
1132 2776 1298 2826 divino
1318 2775 1484 2826 altaris
1502 2775 1758 2827 sacriﬁcio.
1787 2776 2029 2827 Praecedit

457 2852 684 2903 ﬁentiani
709 2853 935 2915 Herveti,
959 2853 1261 2917 interpretis,
1287 2855 1347 2903 ad
1372 2856 1609 2903 iet-torem
1630 2854 1915 2905 admonitio.
1935 2856 2028 2904 565

516 2984 631 3035 Cap.
658 2984 695 3033 Ι.
734 3010 794 3020 -
817 2981 943 3044 Quid
981 2983 1075 3033 sibi
1114 2982 1293 3033 vuitin
1328 2995 1512 3032 summa
1540 2984 1831 3032 universum
1867 2982 2027 3031 sacri-

456 3060 640 3107 iiclum.
1929 3059 2022 3108 567

515 3126 803 3213 Cae.II..——
833 3162 931 3214 Cur
979 3177 1075 3213 non
1128 3176 1154 3212 a
1200 3163 1442 3227 principio
1499 3164 1645 3215 altari
1701 3162 2025 3227 imponuntur

455 3253 591 3288 sacra
613 3244 757 3291 dona.
1932 3243 2025 3292 δἾὸ

518 3326 628 3373 (tu.
660 3323 742 3373 lli.
780 3349 832 3358 —
863 3324 1000 3383 Quod
1040 3324 1147 3375 haec
1186 3323 1313 3375 dona
1336 3325 1617 3376 oti'eruntur
1649 3331 1876 3389 tanquam
1912 3325 2026 3375 vitae

455 3400 679 3448 humanae
703 3399 951 3461 primitiae.
1931 3404 2024 3453 378

516 3485 630 3531 me.
663 3483 743 3532 IV.
776 3508 835 3517 —
857 3483 954 3535 Cur
976 3490 1369 3535 consentaneum
1388 3491 1445 3536 ut
1471 3487 1584 3537 vita
1602 3486 1830 3535 humanm
1850 3485 2025 3548 primi-

457 3562 538 3607 ti:e
560 3564 732 3608 essent
756 3561 859 3609 bznc
884 3561 1030 3610 dona.
1930 3563 2024 3611 578

513 3668 630 3718 Car.
665 3667 724 3717 V.
757 3693 815 3703 —
848 3669 944 3721 Cur
978 3682 1072 3718 non
1093 3673 1224 3719 totus
1243 3667 1380 3732 panis
1410 3669 1636 3729 offertur,
1662 3669 1750 3719 sed
1782 3682 1894 3733 pars
1911 3681 2024 3730 quin

456 3746 608 3793 scissa
645 3750 720 3792 est
736 3779 749 3792 .
1931 3742 2025 3790 579

520 3853 632 3900 (in.
657 3851 739 3901 VI.
773 3876 835 3887 -—
857 3849 953 3902 Cur
1000 3850 1049 3899 in
1091 3862 1216 3911 pane
1240 3848 1432 3913 efﬁngit
1470 3851 1701 3900 sacerdos
1743 3852 2023 3913 passionem

459 3928 655 3975 Christi.
1932 3925 2025 3976 579

522 4033 635 4082 CAP.
660 4029 766 4080 VII.
792 4056 853 4068 -—
887 4029 1017 4090 Quid
1039 4034 1119 4079 est
1145 4029 1338 4079 Domini
1362 4029 1654 4081 recordatio.
1931 4030 2026 4079 582

519 4140 634 4191 CAP.
659 4139 784 4189 VIII.
806 4163 866 4176 -—
890 4137 963 4189 De
986 4136 1049 4187 iis
1073 4150 1183 4200 quas
1205 4136 1254 4186 in
1276 4151 1405 4200 pane
1429 4139 1572 4190 ﬁunt.
1932 4138 2026 4187 585

521 4247 635 4297 CAP.
670 4246 753 4298 1X.
779 4271 835 4282 -
860 4246 955 4297 Cur
993 4245 1232 4295 Dominus
1252 4245 1346 4294 hoc
1373 4246 1521 4309 jussit
1545 4245 1711 4295 facere
1753 4244 1806 4293 in
1838 4242 1914 4294 sui
1939 4257 2023 4293 re-

461 4348 815 4398 cordationem.
1249 4350 1255 4357 ‘
1932 4342 2026 4393 586

522 4454 638 4504 Car.
666 4453 726 4502 Χ.
757 4477 817 4487 -
839 4449 1072 4509 Quaenam
1112 4453 1222 4509 post
1257 4447 1773 4497 commemorationem
1798 4445 1849 4496 in
1883 4446 2025 4496 obla-

464 4535 598 4581 tione
623 4530 877 4583 dicuntur;
913 4532 967 4572 et
983 4524 1114 4585 quod
1137 4526 1376 4572 donorum
1416 4523 1617 4582 oblatio,
1639 4524 1810 4571 eadem
1836 4529 1888 4572 et
1911 4537 2023 4586 gra-

465 4609 555 4657 tias
575 4608 694 4669 agit,
728 4600 1009 4663 etsupplex
1049 4598 1193 4662 petit.
1248 4608 1263 4657 ς

522 4710 744 4763 ΕΑν.ΧΙ.
777 4735 832 4745 -—
861 4708 959 4759 Cur
1005 4708 1132 4755 dona
1173 4707 1560 4767 cooperiuntur;
1595 4706 1649 4751 et
1697 4702 1760 4751 de
1811 4704 1873 4751 iis
1916 4716 2027 4763 quae

467 4788 714 4837 dicuntur.
1933 4775 2026 4824 590

526 4890 642 4939 Car.
679 4887 780 4937 XII.
808 4912 868 4922 —
899 4885 974 4935 De
1004 4881 1365 4947 gloriﬁcatione
1387 4883 1435 4930 In
1459 4879 1720 4944 principio.
1935 4882 2018 4931 59I

528 4995 639 5040 (ῖλιι.
668 4990 792 5040 XIII.
818 4988 1024 5048 —Quid
1071 4983 1164 5034 sibi
1209 4986 1311 5034 vult
1352 4985 1696 5035 misericordia:
1730 4986 1911 5050 ubique
1937 5000 2029 5048 pe-

469 5068 596 5117 titio.
1936 5063 2030 5112 595

531 5169 642 5218 (ac.
671 5165 791 5215 XIV.
817 5190 860 5200 ι-
897 5165 969 5214 De
992 5163 1420 5212 commendatione
1441 5177 1531 5213 seu
1555 5164 1800 5226 deposito.
1938 5168 2029 5217 598

528 5277 641 5324 (ise.
679 5273 778 5323 XV.
802 5298 862 5308 —
884 5271 955 5319 De
992 5271 1274 5333 autiphonis
1317 5285 1427 5333 quae
1449 5272 1698 5336 dicuntur,
1725 5283 1777 5322 et
1803 5276 2029 5337 precibus

370 5353 375 5359 ’
468 5365 577 5413 quin
599 5349 645 5397 in
672 5350 796 5410 ipsis
823 5347 961 5395 ﬁunt.
1938 5353 2030 5400 599

529 5456 641 5503 CM‘.
668 5451 790 5503 XVI.
813 5477 872 5487 —
896 5450 1193 5509 SignifiCatio
1218 5449 1437 5507 sacrificii
1471 5453 1519 5500 in
1547 5464 1753 5502 summa.
1942 5457 2030 5504 405

528 5556 640 5606 Cu.
678 5555 824 5606 XVII.
850 5579 907 5589 ρ-
935 5553 1284 5631 Interpretatio
1308 5555 1477 5614 primm
1497 5558 1794 5618 antiphonae.
1939 5560 2030 5610 406

530 5659 1000 5711 (ζΑιι,..-χνηι,-
1042 5642 1177 5718 Quid
1225 5652 1499 5718 signiﬁcant
1545 5661 1594 5708 in
1647 5665 1902 5727 principiis
1946 5683 2026 5713 sr-

468 5734 638 5783 criticii
660 5746 767 5796 quae
798 5742 1041 5782 canuntur
1062 5733 1368 5796 prophetica.
1938 5745 2025 5796 407

1842 337 1942 397 ΟΠ
1955 339 2048 397 DO
2081 339 2244 399 BER
2261 341 2368 401 ΗΜ

1933 4598 2025 4646 586
2042 4634 2051 4643 ς

3573 344 3594 407 i
3606 340 3716 407 376

3623 462 3721 512 410

2208 562 2320 610 ttae.
2354 563 2446 613 XX.
2471 590 2531 603 —-
2564 565 2638 615 De
2688 568 2978 617 ostensione
3016 567 3295 631 Evangelii,
3345 574 3399 618 et
3439 569 3503 618 de
3533 542 3720 630 hyTnno

2145 641 2220 682 ter
2243 641 2418 687 sancti.
2503 666 2508 673 -
2762 656 2765 659 π
3621 643 3709 690 sit

2208 737 2323 788 (Σιν.
2353 739 2471 791 XXI.
2498 768 2553 780 -
2575 743 2647 793 De
2670 741 2893 795 oratione
2920 746 2967 793 in
2994 744 3194 808 hymno,
3217 751 3273 796 et
3292 746 3354 796 de
3377 747 3527 797 storis
3550 748 3717 795 accla-

2140 813 2453 869 mationibus.
3620 822 3717 871 lii

2199 917 2312 967 Cu».
2368 920 2512 971 XXII.
2539 948 2596 958 —-
2627 924 2698 973 De
2744 925 2963 973 lectione
3016 926 3382 989 Scripturarum
3423 932 3477 977 et
3522 928 3702 976 ordine

2137 1003 2329 1055 earum,
2367 1002 2419 1044 et
2453 994 2832 1061 significatione.
3616 1000 3710 1047 iis

3610 1103 3707 1151 ιἐι

2196 1202 2497 1257 CamXXIV.
2523 1234 2584 1244 —
2615 1210 2689 1259 De
2734 1209 3106 1261 iutroduetione
3161 1224 3406 1261 sacrorum
3454 1210 3701 1260 donorum

2132 1275 2191 1323 ad
2215 1279 2385 1329 altare.
3608 1284 3705 1332 419

2190 1381 2305 1433 Car.
2331 1386 2473 1437 XXV.
2512 1413 2565 1424 -
2588 1386 2663 1437 De
2691 1389 2916 1449 precibus
2941 1398 3047 1451 post
3089 1393 3417 1453 pretiosorum
3457 1391 3703 1438 donorum

2133 1455 2570 1519 Introductionem,
2592 1470 2643 1510 et
2664 1463 2926 1524 praeceptis
2950 1465 3220 1512 sacerdotis
3240 1467 3298 1512 ad
3319 1464 3571 1527 popqum.
3607 1464 3704 1511 “9

2215 436 2327 506 ἀμ’.
2357 457 2481 511 XIX.
2514 485 2572 495 -
2598 461 2945 521 Interpretatio
2978 461 3141 512 tertia:
3172 462 3468 526 antipbonaz.

2193 1098 2310 1147 Car.
2342 1100 2654 1151 XXIII.—De
2681 1104 3010 1165 petitionibus
3032 1109 3146 1166 post
3171 1104 3513 1168 Evangelium.

2135 1632 2146 1643 .
2193 1559 2308 1609 Cap.
2332 1561 2502 1643 XXVI.
2519 1589 2580 1599 —-
2603 1565 2673 1613 De
2693 1565 3005 1614 confessione
3039 1566 3173 1624 ﬁdei,
3196 1571 3249 1614 et
3267 1567 3331 1615 de
3360 1564 3422 1615 iis
3443 1577 3555 1626 quae
3588 1571 3704 1626 post

2133 1638 2285 1694 ipsam
2333 1638 2561 1686 sacerdos
2606 1641 2833 1693 ﬁdelibus.
2867 1641 3044 1691 suadet
3085 1647 3139 1689 et
3167 1647 3419 1703 precatur,
3444 1647 3497 1689 et
3546 1642 3609 1689 de
3634 1641 3697 1690 iis

2131 1720 2239 1767 quae
2263 1708 2333 1756 illi
2361 1709 2452 1772 ipsi
2474 1715 2799 1775 respondent.
3601 1715 3699 1762 Ανῗὲ

2191 1813 2303 1863 Cn.
2331 1816 2521 1867 XXVII.
2545 1844 2605 1853 —
2631 1821 2700 1867 De
2750 1819 3137 1870 sanctiﬁcatione
3181 1821 3437 1881 donorum,
3493 1825 3550 1871 et
3582 1833 3698 1883 quas

2130 1899 2235 1936 eam
2269 1891 2503 1950 pra-cedit
2524 1891 2791 1953 gratiarum
2815 1897 3026 1944 actione.
3603 1897 3699 1945 426

2189 1993 2304 2045 αλιι.
2361 1997 2922 2050 XXVlli.—Undenam
2963 2005 3319 2050 sacramentum
3383 2001 3592 2072 ﬁrmiter
3642 2006 3699 2049 et

2127 2080 2304 2120 secure
2335 2072 2601 2125 credimus.
3598 2076 3698 2126 4‘26
3730 2094 3738 2101 ·

2186 2152 2302 2202 Cn.
2322 2142 2488 2206 XXIX.
2511 2182 2571 2192 —
2599 2158 2670 2206 De
2695 2157 2754 2207 iis
2785 2159 2833 2207 In
2861 2159 3042 2221 quibus
3083 2159 3243 2208 Latini
3295 2172 3386 2210 nos
3408 2162 3692 2224 reprehen-

2126 2226 2271 2286 dunt,
2299 2236 2349 2276 et
2374 2231 2432 2277 ad
2457 2230 2894 2291 reprehensionem
2922 2236 3196 2295 responsio.
3593 2236 3692 2284 427

2186 2335 2299 2387 CAP.
2328 2336 2472 2388 XXX.
2497 2366 2556 2375 —
2580 2339 2719 2398 Quod
2754 2339 2902 2390 etiam
2948 2344 2996 2390 In
3022 2341 3305 2392 Latinorum
3343 2341 3559 2391 Ecclesia
3592 2355 3691 2391 eo-

2124 2410 2237 2460 dem
2279 2424 2377 2472 quo
2421 2415 2549 2475 apud
2573 2428 2661 2463 nos
2679 2415 2824 2464 modo
2854 2428 3047 2464 sacrum
3071 2415 3354 2465 celebratur
3376 2418 3693 2477 mysterium.

3603 2490 3700 2537 ιδι

2184 2568 2298 2618 Car.
2320 2571 2489 2622 XXXI.
2515 2596 2573 2607 —-
2594 2572 2810 2631 Quanam
2830 2574 2892 2623 de
2912 2587 3055 2623 causa
3093 2576 3322 2625 sacerdos
3353 2573 3410 2621 ad
3447 2574 3689 2622 donorum

2122 2647 2552 2696 sanetiﬁcationem
2576 2661 2672 2695 non
2710 2648 2906 2705 Filium,
2937 2650 3025 2697 sed
3054 2649 3244 2698 Patrem
3269 2647 3495 2699 invocat?
3600 2651 3698 2697 438

2184 2742 2296 2791 Car.
2350 2742 2539 2794 XXXII.
2569 2769 2623 2778 -
2647 2742 2718 2792 De
2762 2743 2998 2793 sacriﬁcio
3022 2747 3151 2807 ipso,
3195 2750 3249 2793 et
3285 2746 3403 2806 quid
3452 2746 3693 2805 estquod

2121 2816 2411 2866 sacriﬁcium
2441 2817 2665 2880 suscipit.
3591 2820 3689 2867 $59

2181 2917 2296 2969 Car.
2321 2917 2537 2969 XXXIII.
2571 2944 2631 2954 —
2656 2918 2730 2968 De
2773 2918 3078 2968 orationibus
3123 2924 3230 2980 post
3273 2918 3583 2974 sacriﬁcium,
3636 2927 3689 2967 et

2119 3006 2342 3054 quanam
2370 2999 2448 3041 est
2479 2995 2656 3049 oratio.
2691 3001 2895 3054 propter
2932 3008 3075 3056 quam
3101 2995 3183 3044 hic
3222 2994 3449 3044 meminit
3486 3003 3689 3044 sancto-

2121 3073 2329 3141 rum,ct
2354 3068 2599 3128 praecipue
2627 3067 2973 3119 Sanctissimze.
3590 3069 3685 3118 ιη

2179 3165 2295 3217 CAP.
2320 3165 2526 3217 XXXIV.
2552 3193 2612 3203 —
2637 3169 2707 3217 μθ
2750 3171 2825 3219 eis
2845 3182 2954 3229 quae
2981 3172 3210 3220 sacerdos
3245 3183 3333 3227 pro
3356 3182 3411 3219 se
3434 3176 3562 3232 orat,
3593 3182 3687 3230 pro

2119 3244 2272 3291 sacris
2295 3242 2457 3301 donis,
2487 3250 2537 3291 et
2557 3243 2619 3291 de
2642 3242 2702 3290 iis
2719 3256 2828 3304 qua
2853 3244 2998 3307 jubet
3023 3247 3195 3293 fideles
3214 3257 3375 3295 orare.
3595 3244 3683 3293 IIS

2179 3350 2291 3397 Cap.
2318 3349 2505 3400 XXXV.
2540 3376 2598 3385 —
2629 3350 2698 3398 De
2742 3354 3010 3401 orationes
3046 3353 3148 3401 Deo
3181 3353 3376 3412 tradita,
3400 3357 3455 3401 et
3479 3352 3689 3401 inclina-

2121 3423 2254 3474 tione.
2276 3427 2505 3486 capitum,
2540 3434 2591 3476 et
2623 3428 2888 3487 gratiarum
2916 3436 3085 3490 postea
3119 3431 3313 3477 actione
3346 3427 3403 3476 ad
3432 3429 3608 3487 Deum,
3635 3435 3691 3476 et

2116 3499 2491 3563 gloriiicalinne.
3595 3503 3689 3555 H7

2179 3605 2294 3656 Car.
2317 3605 2525 3656 XXXVI.
2552 3634 2613 3644 -—
2639 3608 2709 3657 De
2730 3607 2790 3656 iis
2827 3621 2941 3671 quae
2990 3608 3221 3658 sacerdos
3242 3610 3419 3658 clamat
3438 3610 3494 3657 ad
3530 3622 3693 3670 popu-

2116 3680 2239 3735 Ium,
2261 3686 2425 3728 sancta
2447 3681 2687 3732 elevans:
2712 3687 2765 3733 et
2789 3685 2852 3731 de
2874 3684 2936 3732 iis
2971 3696 3084 3744 quae
3117 3683 3188 3731 illi
3217 3681 3430 3733 vicissim
3478 3685 3537 3733 ad
3572 3698 3691 3732 eum

2118 3753 2346 3806 clamant.
3598 3759 3691 3809 H7

2180 3862 2295 3914 Cn.
2319 3863 2552 3915 XXXVII.
2576 3889 2634 3900 —
2668 3864 2794 3923 Quid
2825 3863 3069 3926 signiﬁcat
3093 3878 3218 3927 aqua
3245 3863 3399 3914 caIida
3425 3865 3475 3914 In
3498 3872 3692 3925 myste-

2117 3936 2191 3987 ria
2224 3937 2424 4001 injecta.
3594 3940 3692 3989 ιω

2179 4044 2293 4097 Cap.
2336 4045 2592 4097 XXXVIII.
2617 4045 2917 4106 -Quanam
2972 4046 3166 4096 ratione
3215 4047 3448 4106 mysteria
3493 4044 3691 4107 signiﬁ-

2119 4125 2233 4170 cant
2254 4120 2547 4171 Ecclesiam.
3597 4120 3681 4168 ιδι

2180 4227 2296 4278 Car.
2329 4226 2539 4278 XXXIX.
2561 4252 2622 4264 ——
2643 4224 2718 4275 De
2758 4228 3013 4275 vocatione
3047 4226 3266 4275 ﬁdelium
3295 4226 3356 4274 ad
3378 4228 3686 4275 communio-

2118 4319 2253 4364 nem,
2282 4311 2336 4354 et
2353 4319 2465 4368 quae
2496 4307 2714 4355 ostensls
2743 4308 2889 4356 donis
2912 4305 3084 4369 dicunt
3117 4307 3313 4356 ﬁdeles.
3572 4306 3684 4367 L454

2179 4411 2292 4463 Cn.
2334 4411 2603 4462 XL.—De
2653 4410 2926 4460 sacerdotis
2983 4424 3074 4474 pro
3120 4413 3196 4462 eis
3243 4412 3487 4472 oratione,
3537 4424 3686 4470 quam

2119 4485 2301 4535 eﬂ‘atur
2324 4487 2443 4548 ipsis
2475 4491 2588 4549 post
2606 4485 3021 4537 communionem.
3592 4484 3689 4532 425i

2181 4592 2297 4643 Car.
2334 4592 2452 4642 XLI.
2479 4618 2539 4628 —
2579 4591 2653 4642 De
2695 4591 2966 4655 gratiarum
3006 4593 3204 4642 actione
3245 4597 3298 4641 et
3323 4593 3687 4655 glorificatione

2119 4681 2232 4730 quas
2261 4669 2312 4716 ﬁt
2345 4674 2535 4729 postea.
3594 4668 3689 4716 455

2184 4777 2297 4824 tiae.
2331 4772 2477 4823 XLII.
2510 4798 2570 4807 —
2592 4771 2665 4819 De
2714 4769 2772 4819 iis
2796 4769 2876 4831 qui
2916 4769 3248 4829 dormierunt,
3276 4782 3338 4818 an
3375 4773 3682 4818 sanctifican-

2124 4855 2204 4897 tur
2224 4863 2252 4897 a
2280 4861 2463 4895 mensa:
2496 4846 2656 4906 donis,
2683 4848 2811 4895 sicut
2831 4853 2879 4894 et
2907 4846 2940 4894 ii
2965 4844 3049 4906 qui
3075 4847 3268 4894 vivunt.
3591 4846 3681 4894 453

2184 4954 2296 5003 Cn.
2316 4953 2483 5003 XLIII.
2517 4979 2571 4989 —-
2596 4952 2732 5010 Quod
2770 4952 2940 5000 animae
2961 4952 3068 5013 ejus
3117 4950 3203 5013 qui
3260 4954 3597 5012 communicat,
3639 4956 3687 4999 ﬁl

2126 5027 2463 5092 principaliter
2495 5028 2828 5075 sanctiﬁcatio.
3597 5029 3689 5077 359

2187 5110 2301 5160 Cn.
2327 5109 2486 5160 XLIV.
2515 5134 2573 5145 —
2610 5110 2680 5157 De
2699 5108 2879 5157 Christi
2912 5108 3292 5156 intercessione.
3597 5111 3689 5160 ζῶ

2186 5215 2299 5266 CAP.
2328 5214 2466 5264 XLV.
2492 5215 2708 5275 --Quod
2734 5215 2792 5263 iis
2830 5213 2912 5276 qui
2963 5215 3269 5264 dormierunt
3314 5216 3583 5273 perfectior
3621 5217 3685 5265 sit

2123 5287 2460 5339 sanctiﬁcatio.
3269 5305 3281 5312 -
3595 5291 3687 5337 463

2187 5389 2296 5439 Car.
2322 5387 2484 5439 XLVI.
2509 5414 2563 5423 -—
2591 5387 2841 5447 Quomodo
2891 5387 3064 5436 eadem
3116 5400 3316 5444 semper
3368 5388 3491 5436 duua
3526 5404 3551 5437 a
3580 5390 3684 5437 non

2126 5462 2305 5524 suscipi
2328 5470 2551 5523 possunt.
3597 5465 3687 5509 tos

3600 5567 3687 5613 Γῐῦ

2192 5671 2304 5719 (Ἂν.
2331 5669 2542 5720 XLVIII.
2566 5695 2623 5704 —-
2658 5656 2886 5730 Quisnam
2922 5673 3044 5719 ratio
3080 5677 3284 5734 propter
3305 5684 3449 5733 quam
3490 5678 3687 5719 sanctos

2130 5746 2205 5796 his
2237 5748 2377 5795 donis
2406 5759 2697 5797 veneramur
2727 5753 2778 5794 ot
2802 5747 3022 5796 colimus.
3574 5744 3687 5818 μθ

2184 5566 2298 5616 Cu.
2322 5564 2507 5616 XLVII.
2531 5590 2590 5604 --
2613 5566 2869 5624 Quatenus
2894 5572 3012 5614 sunt
3031 5574 3252 5626 accepta.
