  <div class='ocr_page' id='page_1' title='image "/cluster/home/n/w/nwhite01/storage/ocr_20150623/150/umn.31951002477443u/014.png"; bbox 0 0 3952 6668; ppageno 0'>
   <div class='ocr_carea' id='block_1_1' title="bbox 1235 239 1784 340">
    <p class='ocr_par' dir='ltr' id='par_1_1' title="bbox 1239 265 1784 340">
     <span class='ocr_line' id='line_1_1' title="bbox 1239 265 1766 314; baseline -0.038 9"><span class='ocrx_word' id='word_1_1' title='bbox 1239 305 1248 308; x_wconf 93' lang='grc'><strong><em>“</em></strong></span> <span class='ocrx_word' id='word_1_2' title='bbox 1259 282 1410 314; x_wconf 44' lang='grc' dir='ltr'>’μ’</span> <span class='ocrx_word' id='word_1_3' title='bbox 1651 283 1742 306; x_wconf 63' lang='grc' dir='ltr'>’τέ-»δη</span> <span class='ocrx_word' id='word_1_4' title='bbox 1763 303 1766 306; x_wconf 75' lang='grc'>,</span> 
     </span>
     <span class='ocr_line' id='line_1_2' title="bbox 1265 307 1784 340; baseline -0.033 -4"><span class='ocrx_word' id='word_1_5' title='bbox 1265 309 1474 340; x_wconf 54' lang='grc' dir='ltr'>ἰῖςιςαξὲρνσισινζυ</span> <span class='ocrx_word' id='word_1_6' title='bbox 1657 315 1690 324; x_wconf 65' lang='grc' dir='ltr'>νο..</span> <span class='ocrx_word' id='word_1_7' title='bbox 1701 317 1706 322; x_wconf 82' lang='lat'><strong><em>.</em></strong></span> <span class='ocrx_word' id='word_1_8' title='bbox 1713 315 1726 322; x_wconf 66' lang='grc' dir='ltr'>σο</span> <span class='ocrx_word' id='word_1_9' title='bbox 1739 315 1766 322; x_wconf 60' lang='grc' dir='ltr'>ο..</span> <span class='ocrx_word' id='word_1_10' title='bbox 1773 312 1784 320; x_wconf 68' lang='grc' dir='ltr'>,ι</span> 
     </span>
    </p>
   </div>
   <div class='ocr_carea' id='block_1_2' title="bbox 169 742 1328 771">
    <p class='ocr_par' dir='ltr' id='par_1_2' title="bbox 169 742 1328 771">
     <span class='ocr_line' id='line_1_3' title="bbox 169 742 1328 771; baseline 0.009 -16"><span class='ocrx_word' id='word_1_11' title='bbox 169 742 1328 771; x_wconf 51' lang='grc' dir='ltr'>,Μ</span> 
     </span>
    </p>
   </div>
   <div class='ocr_carea' id='block_1_3' title="bbox 187 797 3440 830">
    <p class='ocr_par' dir='ltr' id='par_1_3' title="bbox 187 797 1533 818">
     <span class='ocr_line' id='line_1_4' title="bbox 187 797 1533 818; baseline 0 -20"><span class='ocrx_word' id='word_1_12' title='bbox 187 797 1479 818; x_wconf 29' lang='lat' dir='ltr'>wn,</span> <span class='ocrx_word' id='word_1_13' title='bbox 1493 797 1505 798; x_wconf 58' lang='lat'><strong><em>,</em></strong></span> <span class='ocrx_word' id='word_1_14' title='bbox 1530 797 1533 798; x_wconf 30' lang='grc' dir='ltr'><em>ν</em></span> 
     </span>
    </p>
   </div>
   <div class='ocr_carea' id='block_1_4' title="bbox 1439 943 2155 993">
    <p class='ocr_par' dir='ltr' id='par_1_4' title="bbox 1439 943 2155 993">
     <span class='ocr_line' id='line_1_5' title="bbox 1439 943 2155 993; baseline -0.004 0"><span class='ocrx_word' id='word_1_15' title='bbox 1439 946 1604 993; x_wconf 68' lang='lat' dir='ltr'><strong>ANNO</strong></span> <span class='ocrx_word' id='word_1_16' title='bbox 1633 945 1841 992; x_wconf 74' lang='lat' dir='ltr'><strong>DOMINI</strong></span> <span class='ocrx_word' id='word_1_17' title='bbox 1885 943 2155 991; x_wconf 73' lang='lat' dir='ltr'><strong>MLXXXIX</strong></span> 
     </span>
    </p>
   </div>
   <div class='ocr_carea' id='block_1_5' title="bbox 743 1069 2856 1320">
    <p class='ocr_par' dir='ltr' id='par_1_5' title="bbox 743 1069 2856 1320">
     <span class='ocr_line' id='line_1_6' title="bbox 743 1069 2856 1320; baseline -0 -1"><span class='ocrx_word' id='word_1_18' title='bbox 743 1069 2856 1320; x_wconf 80' lang='lat' dir='ltr'>B.LANFRANCUS</span> 
     </span>
    </p>
   </div>
   <div class='ocr_carea' id='block_1_6' title="bbox 394 1451 3184 1534">
    <p class='ocr_par' dir='ltr' id='par_1_6' title="bbox 394 1451 3184 1534">
     <span class='ocr_line' id='line_1_7' title="bbox 394 1451 3184 1534; baseline -0.002 -1"><span class='ocrx_word' id='word_1_19' title='bbox 394 1453 1165 1534; x_wconf 81' lang='lat' dir='ltr'>CANTUARIENSIS</span> <span class='ocrx_word' id='word_1_20' title='bbox 1235 1451 2070 1526; x_wconf 78' lang='lat' dir='ltr'>ARCHIEPISCOPUS</span> <span class='ocrx_word' id='word_1_21' title='bbox 2148 1451 2266 1524; x_wconf 90' lang='lat' dir='ltr'>ET</span> <span class='ocrx_word' id='word_1_22' title='bbox 2344 1451 2742 1526; x_wconf 71' lang='lat' dir='ltr'>ANGLI/E</span> <span class='ocrx_word' id='word_1_23' title='bbox 2820 1453 3184 1527; x_wconf 84' lang='lat' dir='ltr'>PBIMAS</span> 
     </span>
    </p>
   </div>
   <div class='ocr_carea' id='block_1_7' title="bbox 1085 1745 2524 1882">
    <p class='ocr_par' dir='ltr' id='par_1_7' title="bbox 1085 1745 2524 1882">
     <span class='ocr_line' id='line_1_8' title="bbox 1085 1745 2524 1882; baseline 0.001 -2"><span class='ocrx_word' id='word_1_24' title='bbox 1085 1745 2524 1882; x_wconf 80' lang='lat' dir='ltr'>PROLEGOMENA.</span> 
     </span>
    </p>
   </div>
   <div class='ocr_carea' id='block_1_8' title="bbox 676 2106 2958 2187">
    <p class='ocr_par' dir='ltr' id='par_1_8' title="bbox 676 2106 2958 2187">
     <span class='ocr_line' id='line_1_9' title="bbox 676 2106 2958 2187; baseline -0.003 -9"><span class='ocrx_word' id='word_1_25' title='bbox 676 2114 1190 2178; x_wconf 77' lang='lat' dir='ltr'>SERENISSIMO</span> <span class='ocrx_word' id='word_1_26' title='bbox 1231 2113 1572 2177; x_wconf 82' lang='lat' dir='ltr'>PRINCIPI</span> <span class='ocrx_word' id='word_1_27' title='bbox 1617 2112 1721 2174; x_wconf 84' lang='lat' dir='ltr'><strong>DE</strong></span> <span class='ocrx_word' id='word_1_28' title='bbox 1763 2115 2045 2187; x_wconf 89' lang='lat' dir='ltr'>CONTY,</span> <span class='ocrx_word' id='word_1_29' title='bbox 2094 2113 2483 2175; x_wconf 83' lang='lat' dir='ltr'>ARMANDO</span> <span class='ocrx_word' id='word_1_30' title='bbox 2539 2106 2958 2172; x_wconf 75' lang='lat' dir='ltr'>BORBONIO.</span> 
     </span>
    </p>
   </div>
   <div class='ocr_carea' id='block_1_9' title="bbox 247 2243 3452 2318">
    <p class='ocr_par' dir='ltr' id='par_1_9' title="bbox 247 2243 3452 2318">
     <span class='ocr_line' id='line_1_10' title="bbox 247 2243 3452 2318; baseline -0.002 -13"><span class='ocrx_word' id='word_1_31' title='bbox 247 2249 658 2305; x_wconf 82' lang='lat' dir='ltr'>Acerbissimus</span> <span class='ocrx_word' id='word_1_32' title='bbox 685 2249 936 2304; x_wconf 89' lang='lat' dir='ltr'>animum</span> <span class='ocrx_word' id='word_1_33' title='bbox 966 2249 1126 2304; x_wconf 90' lang='lat' dir='ltr'>dolor</span> <span class='ocrx_word' id='word_1_34' title='bbox 1152 2249 1490 2311; x_wconf 87' lang='lat' dir='ltr'>lancinabat,</span> <span class='ocrx_word' id='word_1_35' title='bbox 1535 2247 1770 2302; x_wconf 90' lang='lat' dir='ltr'>serenis-</span> <span class='ocrx_word' id='word_1_36' title='bbox 1790 2253 1832 2308; x_wconf 86' lang='lat' dir='ltr'><strong>A</strong></span> <span class='ocrx_word' id='word_1_37' title='bbox 1857 2247 2010 2301; x_wconf 89' lang='lat' dir='ltr'>ribus</span> <span class='ocrx_word' id='word_1_38' title='bbox 2049 2263 2338 2318; x_wconf 85' lang='lat' dir='ltr'>expressas</span> <span class='ocrx_word' id='word_1_39' title='bbox 2365 2251 2424 2300; x_wconf 90' lang='lat' dir='ltr'>et</span> <span class='ocrx_word' id='word_1_40' title='bbox 2447 2246 2504 2299; x_wconf 91' lang='lat' dir='ltr'>in</span> <span class='ocrx_word' id='word_1_41' title='bbox 2535 2261 2759 2300; x_wconf 89' lang='lat' dir='ltr'>omnem</span> <span class='ocrx_word' id='word_1_42' title='bbox 2787 2245 3173 2316; x_wconf 76' lang='lat' dir='ltr'>posteritatem</span> <span class='ocrx_word' id='word_1_43' title='bbox 3205 2243 3452 2299; x_wconf 85' lang='lat' dir='ltr'>transfu-</span> 
     </span>
    </p>
   </div>
   <div class='ocr_carea' id='block_1_10' title="bbox 178 2333 3508 2410">
    <p class='ocr_par' dir='ltr' id='par_1_10' title="bbox 178 2333 3508 2410">
     <span class='ocr_line' id='line_1_11' title="bbox 178 2333 3508 2410; baseline -0.002 -17"><span class='ocrx_word' id='word_1_44' title='bbox 178 2341 326 2394; x_wconf 88' lang='lat' dir='ltr'>sime</span> <span class='ocrx_word' id='word_1_45' title='bbox 355 2338 625 2410; x_wconf 81' lang='lat' dir='ltr'>princeps,</span> <span class='ocrx_word' id='word_1_46' title='bbox 649 2355 778 2392; x_wconf 89' lang='lat' dir='ltr'>cum</span> <span class='ocrx_word' id='word_1_47' title='bbox 801 2338 1046 2392; x_wconf 81' lang='lat' dir='ltr'>viderem</span> <span class='ocrx_word' id='word_1_48' title='bbox 1079 2355 1349 2409; x_wconf 79' lang='lat' dir='ltr'>magnum</span> <span class='ocrx_word' id='word_1_49' title='bbox 1381 2337 1772 2397; x_wconf 79' lang='lat' dir='ltr'>Lanirancum,</span> <span class='ocrx_word' id='word_1_50' title='bbox 1859 2353 1968 2400; x_wconf 86' lang='lat' dir='ltr'>sas,</span> <span class='ocrx_word' id='word_1_51' title='bbox 1997 2352 2124 2390; x_wconf 90' lang='lat' dir='ltr'>cum</span> <span class='ocrx_word' id='word_1_52' title='bbox 2146 2335 2416 2406; x_wconf 79' lang='lat' dir='ltr'>singulari</span> <span class='ocrx_word' id='word_1_53' title='bbox 2437 2333 2810 2390; x_wconf 81' lang='lat' dir='ltr'>admiratione</span> <span class='ocrx_word' id='word_1_54' title='bbox 2832 2333 3104 2388; x_wconf 83' lang='lat' dir='ltr'>memoria</span> <span class='ocrx_word' id='word_1_55' title='bbox 3122 2333 3454 2388; x_wconf 82' lang='lat' dir='ltr'>saeculorum</span> <span class='ocrx_word' id='word_1_56' title='bbox 3497 2391 3508 2400; x_wconf 89' lang='lat'><strong>_</strong></span> 
     </span>
    </p>
   </div>
   <div class='ocr_carea' id='block_1_11' title="bbox 179 2424 2188 2499">
    <p class='ocr_par' dir='ltr' id='par_1_11' title="bbox 179 2424 2188 2499">
     <span class='ocr_line' id='line_1_12' title="bbox 179 2424 2188 2499; baseline -0.003 -16"><span class='ocrx_word' id='word_1_57' title='bbox 179 2427 693 2499; x_wconf 84' lang='lat' dir='ltr'>splendidissimum</span> <span class='ocrx_word' id='word_1_58' title='bbox 739 2427 934 2481; x_wconf 90' lang='lat' dir='ltr'>mundi</span> <span class='ocrx_word' id='word_1_59' title='bbox 974 2428 1216 2493; x_wconf 90' lang='lat' dir='ltr'>oculum,</span> <span class='ocrx_word' id='word_1_60' title='bbox 1259 2429 1370 2480; x_wconf 85' lang='lat' dir='ltr'>situ</span> <span class='ocrx_word' id='word_1_61' title='bbox 1417 2432 1474 2480; x_wconf 88' lang='lat' dir='ltr'>et</span> <span class='ocrx_word' id='word_1_62' title='bbox 1518 2426 1778 2496; x_wconf 83' lang='lat' dir='ltr'>squalore</span> <span class='ocrx_word' id='word_1_63' title='bbox 1859 2424 2188 2478; x_wconf 79' lang='lat' dir='ltr'>intuebitur.</span> 
     </span>
    </p>
   </div>
   <div class='ocr_carea' id='block_1_12' title="bbox 181 2509 3456 2582">
    <p class='ocr_par' dir='ltr' id='par_1_12' title="bbox 181 2509 3456 2582">
     <span class='ocr_line' id='line_1_13' title="bbox 181 2509 3456 2582; baseline -0.002 -12"><span class='ocrx_word' id='word_1_64' title='bbox 181 2515 426 2570; x_wconf 86' lang='lat' dir='ltr'>obsitum</span> <span class='ocrx_word' id='word_1_65' title='bbox 475 2515 720 2582; x_wconf 87' lang='lat' dir='ltr'>sordere,</span> <span class='ocrx_word' id='word_1_66' title='bbox 771 2515 1119 2569; x_wconf 85' lang='lat' dir='ltr'>densissimis</span> <span class='ocrx_word' id='word_1_67' title='bbox 1175 2513 1480 2568; x_wconf 89' lang='lat' dir='ltr'>obductum</span> <span class='ocrx_word' id='word_1_68' title='bbox 1531 2512 1778 2566; x_wconf 82' lang='lat' dir='ltr'>tenebris</span> <span class='ocrx_word' id='word_1_69' title='bbox 1931 2515 2136 2567; x_wconf 86' lang='lat' dir='ltr'>Beatus</span> <span class='ocrx_word' id='word_1_70' title='bbox 2163 2513 2524 2576; x_wconf 86' lang='lat' dir='ltr'>Lanfrancus,</span> <span class='ocrx_word' id='word_1_71' title='bbox 2566 2511 2919 2582; x_wconf 80' lang='lat' dir='ltr'>ingeniorum</span> <span class='ocrx_word' id='word_1_72' title='bbox 2954 2509 3187 2581; x_wconf 71' lang='lat' dir='ltr'>&#39;phmnix</span> <span class='ocrx_word' id='word_1_73' title='bbox 3229 2527 3456 2581; x_wconf 74' lang='lat' dir='ltr'>suaeque</span> 
     </span>
    </p>
   </div>
   <div class='ocr_carea' id='block_1_13' title="bbox 182 2599 3460 2676">
    <p class='ocr_par' dir='ltr' id='par_1_13' title="bbox 182 2599 3460 2676">
     <span class='ocr_line' id='line_1_14' title="bbox 182 2599 3460 2676; baseline -0.002 -18"><span class='ocrx_word' id='word_1_74' title='bbox 182 2609 515 2676; x_wconf 83' lang='lat' dir='ltr'>perpetuum</span> <span class='ocrx_word' id='word_1_75' title='bbox 561 2601 680 2674; x_wconf 87' lang='lat' dir='ltr'>pati</span> <span class='ocrx_word' id='word_1_76' title='bbox 712 2602 1052 2673; x_wconf 87' lang='lat' dir='ltr'>deliquium;</span> <span class='ocrx_word' id='word_1_77' title='bbox 1097 2601 1193 2674; x_wconf 89' lang='lat' dir='ltr'>qui</span> <span class='ocrx_word' id='word_1_78' title='bbox 1239 2618 1368 2655; x_wconf 91' lang='lat' dir='ltr'>cum</span> <span class='ocrx_word' id='word_1_79' title='bbox 1425 2599 1775 2656; x_wconf 82' lang='lat' dir='ltr'>eruditionis.</span> <span class='ocrx_word' id='word_1_80' title='bbox 1859 2603 2038 2655; x_wconf 83' lang='lat' dir='ltr'>aetatis</span> <span class='ocrx_word' id='word_1_81' title='bbox 2064 2601 2502 2666; x_wconf 90' lang='lat' dir='ltr'>miraculum,ad</span> <span class='ocrx_word' id='word_1_82' title='bbox 2519 2600 2576 2654; x_wconf 91' lang='lat' dir='ltr'>id</span> <span class='ocrx_word' id='word_1_83' title='bbox 2596 2601 2862 2654; x_wconf 75' lang='lat' dir='ltr'>doctrinae</span> <span class='ocrx_word' id='word_1_84' title='bbox 2881 2605 2938 2654; x_wconf 91' lang='lat' dir='ltr'>et</span> <span class='ocrx_word' id='word_1_85' title='bbox 2959 2599 3460 2654; x_wconf 84' lang='lat' dir='ltr'>eruditionisvenit</span> 
     </span>
    </p>
   </div>
   <div class='ocr_carea' id='block_1_14' title="bbox 179 2688 3459 2761">
    <p class='ocr_par' dir='ltr' id='par_1_14' title="bbox 179 2688 3459 2761">
     <span class='ocr_line' id='line_1_15' title="bbox 179 2688 3459 2761; baseline -0.002 -14"><span class='ocrx_word' id='word_1_86' title='bbox 179 2698 301 2747; x_wconf 88' lang='lat' dir='ltr'>tum</span> <span class='ocrx_word' id='word_1_87' title='bbox 342 2691 658 2746; x_wconf 79' lang='lat' dir='ltr'>sanctitatis</span> <span class='ocrx_word' id='word_1_88' title='bbox 707 2690 942 2760; x_wconf 86' lang='lat' dir='ltr'>facibus,</span> <span class='ocrx_word' id='word_1_89' title='bbox 971 2691 1052 2746; x_wconf 90' lang='lat' dir='ltr'>sic</span> <span class='ocrx_word' id='word_1_90' title='bbox 1097 2691 1246 2744; x_wconf 89' lang='lat' dir='ltr'>inter</span> <span class='ocrx_word' id='word_1_91' title='bbox 1276 2696 1476 2744; x_wconf 69' lang='lat' dir='ltr'>caetera</span> <span class='ocrx_word' id='word_1_92' title='bbox 1507 2688 1656 2743; x_wconf 89' lang='lat' dir='ltr'>orbis</span> <span class='ocrx_word' id='word_1_93' title='bbox 1689 2689 1777 2742; x_wconf 91' lang='lat' dir='ltr'>lu-</span> <span class='ocrx_word' id='word_1_94' title='bbox 1861 2690 2010 2760; x_wconf 91' lang='lat' dir='ltr'>quod</span> <span class='ocrx_word' id='word_1_95' title='bbox 2047 2691 2337 2761; x_wconf 86' lang='lat' dir='ltr'>superiora</span> <span class='ocrx_word' id='word_1_96' title='bbox 2365 2689 2566 2744; x_wconf 86' lang='lat' dir='ltr'>saecula</span> <span class='ocrx_word' id='word_1_97' title='bbox 2598 2689 2683 2742; x_wconf 89' lang='lat' dir='ltr'>vix</span> <span class='ocrx_word' id='word_1_98' title='bbox 2712 2690 2769 2743; x_wconf 91' lang='lat' dir='ltr'>in</span> <span class='ocrx_word' id='word_1_99' title='bbox 2819 2689 2928 2742; x_wconf 90' lang='lat' dir='ltr'>alio</span> <span class='ocrx_word' id='word_1_100' title='bbox 2959 2689 3239 2753; x_wconf 87' lang='lat' dir='ltr'>viderunt,</span> <span class='ocrx_word' id='word_1_101' title='bbox 3270 2693 3459 2759; x_wconf 89' lang='lat' dir='ltr'>poste-</span> 
     </span>
    </p>
   </div>
   <div class='ocr_carea' id='block_1_15' title="bbox 187 2777 3462 2850">
    <p class='ocr_par' dir='ltr' id='par_1_15' title="bbox 187 2777 3462 2850">
     <span class='ocr_line' id='line_1_16' title="bbox 187 2777 3462 2850; baseline -0.001 -17"><span class='ocrx_word' id='word_1_102' title='bbox 187 2780 340 2834; x_wconf 88' lang='lat' dir='ltr'>mina</span> <span class='ocrx_word' id='word_1_103' title='bbox 363 2779 645 2850; x_wconf 89' lang='lat' dir='ltr'>quondam</span> <span class='ocrx_word' id='word_1_104' title='bbox 675 2779 923 2834; x_wconf 85' lang='lat' dir='ltr'>emicuit.</span> <span class='ocrx_word' id='word_1_105' title='bbox 1862 2779 2012 2832; x_wconf 91' lang='lat' dir='ltr'>riora</span> <span class='ocrx_word' id='word_1_106' title='bbox 2033 2779 2299 2832; x_wconf 88' lang='lat' dir='ltr'>admirari</span> <span class='ocrx_word' id='word_1_107' title='bbox 2333 2778 2509 2848; x_wconf 85' lang='lat' dir='ltr'>magis</span> <span class='ocrx_word' id='word_1_108' title='bbox 2557 2794 2726 2849; x_wconf 88' lang='lat' dir='ltr'>quam</span> <span class='ocrx_word' id='word_1_109' title='bbox 2755 2777 2968 2830; x_wconf 89' lang='lat' dir='ltr'>imitari</span> <span class='ocrx_word' id='word_1_110' title='bbox 3015 2781 3338 2847; x_wconf 90' lang='lat' dir='ltr'>potuerunt.</span> <span class='ocrx_word' id='word_1_111' title='bbox 3374 2777 3462 2831; x_wconf 86' lang='lat' dir='ltr'>Ad</span> 
     </span>
    </p>
   </div>
   <div class='ocr_carea' id='block_1_16' title="bbox 324 2864 3462 2934">
    <p class='ocr_par' dir='ltr' id='par_1_16' title="bbox 324 2864 3462 2934">
     <span class='ocr_line' id='line_1_17' title="bbox 324 2864 3462 2934; baseline -0 -15"><span class='ocrx_word' id='word_1_112' title='bbox 324 2868 515 2933; x_wconf 80' lang='lat' dir='ltr'>Qualis</span> <span class='ocrx_word' id='word_1_113' title='bbox 543 2868 848 2920; x_wconf 76' lang='lat' dir='ltr'>discutiens</span> <span class='ocrx_word' id='word_1_114' title='bbox 875 2868 1156 2934; x_wconf 73' lang='lat' dir='ltr'>fugientia</span> <span class='ocrx_word' id='word_1_115' title='bbox 1201 2867 1423 2934; x_wconf 76' lang='lat' dir='ltr'>Lucifer</span> <span class='ocrx_word' id='word_1_116' title='bbox 1453 2872 1631 2931; x_wconf 80' lang='lat' dir='ltr'>astra,</span> <span class='ocrx_word' id='word_1_117' title='bbox 1864 2883 2012 2932; x_wconf 87' lang='lat' dir='ltr'>eum,</span> <span class='ocrx_word' id='word_1_118' title='bbox 2041 2867 2192 2920; x_wconf 91' lang='lat' dir='ltr'>velut</span> <span class='ocrx_word' id='word_1_119' title='bbox 2219 2866 2289 2920; x_wconf 88' lang='lat' dir='ltr'>ad</span> <span class='ocrx_word' id='word_1_120' title='bbox 2331 2867 2572 2920; x_wconf 89' lang='lat' dir='ltr'>alterum</span> <span class='ocrx_word' id='word_1_121' title='bbox 2623 2865 2999 2930; x_wconf 88' lang='lat' dir='ltr'>Salomonem,</span> <span class='ocrx_word' id='word_1_122' title='bbox 3034 2881 3146 2920; x_wconf 92' lang='lat' dir='ltr'>non</span> <span class='ocrx_word' id='word_1_123' title='bbox 3179 2864 3344 2920; x_wconf 90' lang='lat' dir='ltr'>modo</span> <span class='ocrx_word' id='word_1_124' title='bbox 3391 2864 3462 2918; x_wconf 88' lang='lat' dir='ltr'>ab</span> 
     </span>
    </p>
   </div>
   <div class='ocr_carea' id='block_1_17' title="bbox 331 2952 3464 3024">
    <p class='ocr_par' dir='ltr' id='par_1_17' title="bbox 331 2952 3464 3024">
     <span class='ocr_line' id='line_1_18' title="bbox 331 2952 3464 3024; baseline 0 -17"><span class='ocrx_word' id='word_1_125' title='bbox 331 2956 467 3008; x_wconf 80' lang='lat' dir='ltr'>Cum</span> <span class='ocrx_word' id='word_1_126' title='bbox 497 2969 646 3008; x_wconf 82' lang='lat' dir='ltr'>roseo</span> <span class='ocrx_word' id='word_1_127' title='bbox 677 2958 897 3008; x_wconf 77' lang='lat' dir='ltr'>clarum</span> <span class='ocrx_word' id='word_1_128' title='bbox 926 2955 1174 3022; x_wconf 74' lang='lat' dir='ltr'>provehit</span> <span class='ocrx_word' id='word_1_129' title='bbox 1203 2971 1294 3008; x_wconf 79' lang='lat' dir='ltr'>ore</span> <span class='ocrx_word' id='word_1_130' title='bbox 1323 2956 1469 3008; x_wconf 83' lang='lat' dir='ltr'>diem</span> <span class='ocrx_word' id='word_1_131' title='bbox 1498 2952 1590 3024; x_wconf 82' lang='grc' dir='ltr'>(ι).</span> <span class='ocrx_word' id='word_1_132' title='bbox 1866 2954 2077 3008; x_wconf 87' lang='lat' dir='ltr'>ultimis</span> <span class='ocrx_word' id='word_1_133' title='bbox 2113 2954 2306 3008; x_wconf 75' lang='lat' dir='ltr'>Galliae</span> <span class='ocrx_word' id='word_1_134' title='bbox 2336 2954 2561 3020; x_wconf 81' lang='lat' dir='ltr'>finibus,</span> <span class='ocrx_word' id='word_1_135' title='bbox 2594 2954 2689 3008; x_wconf 88' lang='lat' dir='ltr'>sed</span> <span class='ocrx_word' id='word_1_136' title='bbox 2732 2952 3120 3008; x_wconf 87' lang='lat' dir='ltr'>remotissimis</span> <span class='ocrx_word' id='word_1_137' title='bbox 3151 2953 3320 3007; x_wconf 89' lang='lat' dir='ltr'>etiam</span> <span class='ocrx_word' id='word_1_138' title='bbox 3350 2953 3464 3008; x_wconf 90' lang='lat' dir='ltr'>Eu-</span> 
     </span>
    </p>
   </div>
   <div class='ocr_carea' id='block_1_18' title="bbox 259 3041 3460 3113">
    <p class='ocr_par' dir='ltr' id='par_1_18' title="bbox 259 3041 3460 3113">
     <span class='ocr_line' id='line_1_19' title="bbox 259 3041 3460 3113; baseline -0.001 -15"><span class='ocrx_word' id='word_1_139' title='bbox 259 3043 423 3098; x_wconf 87' lang='lat' dir='ltr'>Nunc</span> <span class='ocrx_word' id='word_1_140' title='bbox 476 3047 686 3109; x_wconf 90' lang='lat' dir='ltr'>autem,</span> <span class='ocrx_word' id='word_1_141' title='bbox 733 3042 920 3096; x_wconf 83' lang='lat' dir='ltr'>divino</span> <span class='ocrx_word' id='word_1_142' title='bbox 968 3043 1198 3096; x_wconf 85' lang='lat' dir='ltr'>afﬂante</span> <span class='ocrx_word' id='word_1_143' title='bbox 1243 3043 1492 3106; x_wconf 90' lang='lat' dir='ltr'>numine,</span> <span class='ocrx_word' id='word_1_144' title='bbox 1540 3043 1782 3112; x_wconf 84' lang='lat' dir='ltr'>querelis</span> <span class='ocrx_word' id='word_1_145' title='bbox 1865 3059 2014 3112; x_wconf 88' lang='lat' dir='ltr'>ropae</span> <span class='ocrx_word' id='word_1_146' title='bbox 2032 3043 2327 3113; x_wconf 79' lang='lat' dir='ltr'>provinciis</span> <span class='ocrx_word' id='word_1_147' title='bbox 2348 3041 2800 3113; x_wconf 84' lang='lat' dir='ltr'>frequentissimo</span> <span class='ocrx_word' id='word_1_148' title='bbox 2815 3059 3089 3096; x_wconf 89' lang='lat' dir='ltr'>concursu</span> <span class='ocrx_word' id='word_1_149' title='bbox 3109 3041 3460 3096; x_wconf 86' lang='lat' dir='ltr'>celeberrimi</span> 
     </span>
    </p>
   </div>
   <div class='ocr_carea' id='block_1_19' title="bbox 190 3130 3467 3202">
    <p class='ocr_par' dir='ltr' id='par_1_19' title="bbox 190 3130 3467 3202">
     <span class='ocr_line' id='line_1_20' title="bbox 190 3130 3467 3202; baseline 0 -16"><span class='ocrx_word' id='word_1_150' title='bbox 190 3132 331 3186; x_wconf 88' lang='lat' dir='ltr'>meis</span> <span class='ocrx_word' id='word_1_151' title='bbox 359 3131 558 3186; x_wconf 88' lang='lat' dir='ltr'>modus</span> <span class='ocrx_word' id='word_1_152' title='bbox 585 3131 912 3202; x_wconf 84' lang='lat' dir='ltr'>imponitur,</span> <span class='ocrx_word' id='word_1_153' title='bbox 948 3131 1102 3198; x_wconf 90' lang='lat' dir='ltr'>dum,</span> <span class='ocrx_word' id='word_1_154' title='bbox 1127 3131 1416 3186; x_wconf 85' lang='lat' dir='ltr'>eliminata</span> <span class='ocrx_word' id='word_1_155' title='bbox 1443 3138 1604 3184; x_wconf 87' lang='lat' dir='ltr'>nocte</span> <span class='ocrx_word' id='word_1_156' title='bbox 1635 3137 1786 3184; x_wconf 89' lang='lat' dir='ltr'>tene-</span> <span class='ocrx_word' id='word_1_157' title='bbox 1867 3131 2074 3202; x_wconf 84' lang='lat' dir='ltr'>quique</span> <span class='ocrx_word' id='word_1_158' title='bbox 2105 3130 2493 3197; x_wconf 83' lang='lat' dir='ltr'>convolabant,</span> <span class='ocrx_word' id='word_1_159' title='bbox 2527 3137 2594 3184; x_wconf 89' lang='lat' dir='ltr'>ut</span> <span class='ocrx_word' id='word_1_160' title='bbox 2645 3131 3054 3202; x_wconf 90' lang='lat' dir='ltr'>amplissimum</span> <span class='ocrx_word' id='word_1_161' title='bbox 3081 3131 3220 3185; x_wconf 90' lang='lat' dir='ltr'>illud</span> <span class='ocrx_word' id='word_1_162' title='bbox 3265 3130 3467 3186; x_wconf 65' lang='lat' dir='ltr'>divinae</span> 
     </span>
    </p>
   </div>
   <div class='ocr_carea' id='block_1_20' title="bbox 189 3219 3467 3292">
    <p class='ocr_par' dir='ltr' id='par_1_20' title="bbox 189 3219 3467 3292">
     <span class='ocr_line' id='line_1_21' title="bbox 189 3219 3467 3292; baseline 0 -18"><span class='ocrx_word' id='word_1_163' title='bbox 189 3220 534 3292; x_wconf 86' lang='lat' dir='ltr'>brarumque</span> <span class='ocrx_word' id='word_1_164' title='bbox 561 3220 793 3290; x_wconf 86' lang='lat' dir='ltr'>expulsa</span> <span class='ocrx_word' id='word_1_165' title='bbox 827 3219 1084 3290; x_wconf 87' lang='lat' dir='ltr'>caligine,</span> <span class='ocrx_word' id='word_1_166' title='bbox 1128 3220 1502 3274; x_wconf 89' lang='lat' dir='ltr'>clarissimum</span> <span class='ocrx_word' id='word_1_167' title='bbox 1541 3221 1598 3272; x_wconf 90' lang='lat' dir='ltr'>in</span> <span class='ocrx_word' id='word_1_168' title='bbox 1636 3219 1786 3274; x_wconf 89' lang='lat' dir='ltr'>Occi-</span> <span class='ocrx_word' id='word_1_169' title='bbox 1867 3221 2156 3292; x_wconf 65' lang='lat' dir='ltr'>sapientiae</span> <span class='ocrx_word' id='word_1_170' title='bbox 2175 3221 2462 3274; x_wconf 84' lang='lat' dir='ltr'>theatrum</span> <span class='ocrx_word' id='word_1_171' title='bbox 2491 3221 2842 3291; x_wconf 87' lang='lat' dir='ltr'>suspicerent</span> <span class='ocrx_word' id='word_1_172' title='bbox 2864 3219 2961 3288; x_wconf 71' lang='lat'>(2).</span> <span class='ocrx_word' id='word_1_173' title='bbox 2983 3221 3232 3275; x_wconf 84' lang='lat' dir='ltr'>Athenas</span> <span class='ocrx_word' id='word_1_174' title='bbox 3252 3221 3309 3274; x_wconf 88' lang='lat' dir='ltr'>in</span> <span class='ocrx_word' id='word_1_175' title='bbox 3334 3221 3467 3274; x_wconf 91' lang='lat' dir='ltr'>Bec-</span> 
     </span>
    </p>
   </div>
   <div class='ocr_carea' id='block_1_21' title="bbox 195 3307 3470 3380">
    <p class='ocr_par' dir='ltr' id='par_1_21' title="bbox 195 3307 3470 3380">
     <span class='ocr_line' id='line_1_22' title="bbox 195 3307 3470 3380; baseline 0 -18"><span class='ocrx_word' id='word_1_176' title='bbox 195 3309 365 3364; x_wconf 88' lang='lat' dir='ltr'>dente</span> <span class='ocrx_word' id='word_1_177' title='bbox 401 3314 596 3363; x_wconf 87' lang='lat' dir='ltr'>nostro</span> <span class='ocrx_word' id='word_1_178' title='bbox 632 3308 788 3362; x_wconf 90' lang='lat' dir='ltr'>sidus</span> <span class='ocrx_word' id='word_1_179' title='bbox 815 3309 1012 3374; x_wconf 90' lang='lat' dir='ltr'>oritur,</span> <span class='ocrx_word' id='word_1_180' title='bbox 1053 3308 1404 3380; x_wconf 87' lang='lat' dir='ltr'>Galliamque</span> <span class='ocrx_word' id='word_1_181' title='bbox 1443 3309 1786 3379; x_wconf 88' lang='lat' dir='ltr'>postliminio</span> <span class='ocrx_word' id='word_1_182' title='bbox 1870 3327 2033 3364; x_wconf 89' lang='lat' dir='ltr'>cense</span> <span class='ocrx_word' id='word_1_183' title='bbox 2061 3308 2374 3363; x_wconf 65' lang='lat' dir='ltr'>coenobium</span> <span class='ocrx_word' id='word_1_184' title='bbox 2394 3309 2703 3373; x_wconf 77' lang='lat' dir='ltr'>transtulit,</span> <span class='ocrx_word' id='word_1_185' title='bbox 2727 3307 3000 3379; x_wconf 79' lang='lat' dir='ltr'>Romanae</span> <span class='ocrx_word' id='word_1_186' title='bbox 3019 3309 3188 3362; x_wconf 90' lang='lat' dir='ltr'>decus</span> <span class='ocrx_word' id='word_1_187' title='bbox 3209 3309 3470 3378; x_wconf 90' lang='lat' dir='ltr'>eloquen-</span> 
     </span>
    </p>
   </div>
   <div class='ocr_carea' id='block_1_22' title="bbox 193 3395 3470 3468">
    <p class='ocr_par' dir='ltr' id='par_1_22' title="bbox 193 3395 3470 3468">
     <span class='ocr_line' id='line_1_23' title="bbox 193 3395 3470 3468; baseline -0.001 -16"><span class='ocrx_word' id='word_1_188' title='bbox 193 3397 414 3462; x_wconf 83' lang='lat' dir='ltr'>invisit,</span> <span class='ocrx_word' id='word_1_189' title='bbox 452 3402 516 3450; x_wconf 88' lang='lat' dir='ltr'>ut</span> <span class='ocrx_word' id='word_1_190' title='bbox 567 3413 822 3451; x_wconf 88' lang='lat' dir='ltr'>errorum</span> <span class='ocrx_word' id='word_1_191' title='bbox 879 3396 1114 3452; x_wconf 86' lang='lat' dir='ltr'>nebulas</span> <span class='ocrx_word' id='word_1_192' title='bbox 1158 3397 1449 3468; x_wconf 87' lang='lat' dir='ltr'>sapientiae</span> <span class='ocrx_word' id='word_1_193' title='bbox 1505 3413 1619 3450; x_wconf 84' lang='lat' dir='ltr'>suae</span> <span class='ocrx_word' id='word_1_194' title='bbox 1665 3397 1788 3449; x_wconf 92' lang='lat' dir='ltr'>luce</span> <span class='ocrx_word' id='word_1_195' title='bbox 1870 3399 1963 3452; x_wconf 65' lang='lat' dir='ltr'>tiae</span> <span class='ocrx_word' id='word_1_196' title='bbox 2007 3397 2066 3450; x_wconf 93' lang='lat' dir='ltr'>in</span> <span class='ocrx_word' id='word_1_197' title='bbox 2101 3397 2342 3450; x_wconf 86' lang='lat' dir='ltr'>Galliam</span> <span class='ocrx_word' id='word_1_198' title='bbox 2391 3397 2673 3463; x_wconf 78' lang='lat' dir='ltr'>evocavit;</span> <span class='ocrx_word' id='word_1_199' title='bbox 2715 3397 2838 3466; x_wconf 91' lang='lat' dir='ltr'>ejus</span> <span class='ocrx_word' id='word_1_200' title='bbox 2874 3395 3058 3461; x_wconf 88' lang='lat' dir='ltr'>ludus,</span> <span class='ocrx_word' id='word_1_201' title='bbox 3091 3396 3195 3450; x_wconf 91' lang='lat' dir='ltr'>toti</span> <span class='ocrx_word' id='word_1_202' title='bbox 3235 3397 3470 3468; x_wconf 62' lang='lat' dir='ltr'>Europae</span> 
     </span>
    </p>
   </div>
   <div class='ocr_carea' id='block_1_23' title="bbox 193 3483 3472 3557">
    <p class='ocr_par' dir='ltr' id='par_1_23' title="bbox 193 3483 3472 3557">
     <span class='ocr_line' id='line_1_24' title="bbox 193 3483 3472 3557; baseline 0 -18"><span class='ocrx_word' id='word_1_203' title='bbox 193 3483 482 3540; x_wconf 87' lang='lat' dir='ltr'>discutiat.</span> <span class='ocrx_word' id='word_1_204' title='bbox 521 3485 588 3538; x_wconf 89' lang='lat' dir='ltr'>Et</span> <span class='ocrx_word' id='word_1_205' title='bbox 613 3501 750 3539; x_wconf 88' lang='lat' dir='ltr'>sane</span> <span class='ocrx_word' id='word_1_206' title='bbox 779 3485 1035 3540; x_wconf 80' lang='lat' dir='ltr'>Ecclesiae</span> <span class='ocrx_word' id='word_1_207' title='bbox 1070 3502 1184 3542; x_wconf 78' lang='lat' dir='ltr'>suae</span> <span class='ocrx_word' id='word_1_208' title='bbox 1214 3503 1510 3557; x_wconf 90' lang='lat' dir='ltr'>supremus</span> <span class='ocrx_word' id='word_1_209' title='bbox 1552 3485 1646 3538; x_wconf 91' lang='lat' dir='ltr'>ille</span> <span class='ocrx_word' id='word_1_210' title='bbox 1678 3486 1792 3538; x_wconf 93' lang='lat' dir='ltr'>Mo-</span> <span class='ocrx_word' id='word_1_211' title='bbox 1875 3485 2098 3540; x_wconf 85' lang='lat' dir='ltr'>ofﬁcina</span> <span class='ocrx_word' id='word_1_212' title='bbox 2129 3485 2433 3555; x_wconf 68' lang='lat' dir='ltr'>sapientiae,</span> <span class='ocrx_word' id='word_1_213' title='bbox 2467 3484 2552 3537; x_wconf 91' lang='lat' dir='ltr'>vel</span> <span class='ocrx_word' id='word_1_214' title='bbox 2583 3499 2759 3554; x_wconf 91' lang='lat' dir='ltr'>equus</span> <span class='ocrx_word' id='word_1_215' title='bbox 2787 3485 3081 3554; x_wconf 87' lang='lat' dir='ltr'>Trojanus,</span> <span class='ocrx_word' id='word_1_216' title='bbox 3118 3501 3185 3539; x_wconf 85' lang='lat' dir='ltr'>ex</span> <span class='ocrx_word' id='word_1_217' title='bbox 3212 3501 3322 3555; x_wconf 90' lang='lat' dir='ltr'>quo</span> <span class='ocrx_word' id='word_1_218' title='bbox 3354 3485 3472 3540; x_wconf 89' lang='lat' dir='ltr'>cla-</span> 
     </span>
    </p>
   </div>
   <div class='ocr_carea' id='block_1_24' title="bbox 195 3560 3472 3645">
    <p class='ocr_par' dir='ltr' id='par_1_24' title="bbox 195 3560 3472 3645">
     <span class='ocr_line' id='line_1_25' title="bbox 195 3560 3472 3645; baseline 0 -17"><span class='ocrx_word' id='word_1_219' title='bbox 195 3575 431 3628; x_wconf 88' lang='lat' dir='ltr'>derator</span> <span class='ocrx_word' id='word_1_220' title='bbox 465 3579 777 3644; x_wconf 84' lang='lat' dir='ltr'>Opportune</span> <span class='ocrx_word' id='word_1_221' title='bbox 819 3574 1120 3637; x_wconf 89' lang='lat' dir='ltr'>consuluit,</span> <span class='ocrx_word' id='word_1_222' title='bbox 1147 3591 1276 3629; x_wconf 88' lang='lat' dir='ltr'>cum</span> <span class='ocrx_word' id='word_1_223' title='bbox 1310 3575 1414 3628; x_wconf 89' lang='lat' dir='ltr'>hac</span> <span class='ocrx_word' id='word_1_224' title='bbox 1457 3578 1791 3645; x_wconf 76' lang='lat' dir='ltr'>tempestate</span> <span class='ocrx_word' id='word_1_225' title='bbox 1814 3560 2084 3629; x_wconf 81' lang='lat' dir='ltr'>Brissimi</span> <span class='ocrx_word' id='word_1_226' title='bbox 2137 3574 2402 3628; x_wconf 85' lang='lat' dir='ltr'>doctrinae</span> <span class='ocrx_word' id='word_1_227' title='bbox 2457 3573 2628 3628; x_wconf 90' lang='lat' dir='ltr'>duces</span> <span class='ocrx_word' id='word_1_228' title='bbox 2679 3573 2736 3626; x_wconf 91' lang='lat' dir='ltr'>in</span> <span class='ocrx_word' id='word_1_229' title='bbox 2773 3573 3106 3628; x_wconf 81' lang='lat' dir='ltr'>Christianae</span> <span class='ocrx_word' id='word_1_230' title='bbox 3157 3573 3472 3644; x_wconf 66' lang='lat' dir='ltr'>reipublica:</span> 
     </span>
    </p>
   </div>
   <div class='ocr_carea' id='block_1_25' title="bbox 200 3661 3472 3732">
    <p class='ocr_par' dir='ltr' id='par_1_25' title="bbox 200 3661 3472 3732">
     <span class='ocr_line' id='line_1_26' title="bbox 200 3661 3472 3732; baseline 0 -18"><span class='ocrx_word' id='word_1_231' title='bbox 200 3661 578 3715; x_wconf 85' lang='lat' dir='ltr'>Lanfrancum</span> <span class='ocrx_word' id='word_1_232' title='bbox 612 3661 771 3732; x_wconf 84' lang='lat' dir='ltr'>quasi</span> <span class='ocrx_word' id='word_1_233' title='bbox 813 3678 880 3716; x_wconf 84' lang='lat' dir='ltr'>ex</span> <span class='ocrx_word' id='word_1_234' title='bbox 919 3661 1210 3717; x_wconf 90' lang='lat' dir='ltr'>oblivionis</span> <span class='ocrx_word' id='word_1_235' title='bbox 1239 3664 1456 3717; x_wconf 89' lang='lat' dir='ltr'>tumulo</span> <span class='ocrx_word' id='word_1_236' title='bbox 1485 3663 1791 3716; x_wconf 88' lang='lat' dir='ltr'>redivivum</span> <span class='ocrx_word' id='word_1_237' title='bbox 1875 3663 2230 3718; x_wconf 89' lang='lat' dir='ltr'>commodum</span> <span class='ocrx_word' id='word_1_238' title='bbox 2271 3667 2327 3715; x_wconf 92' lang='lat' dir='ltr'>et</span> <span class='ocrx_word' id='word_1_239' title='bbox 2369 3667 2761 3716; x_wconf 87' lang='lat' dir='ltr'>ornamentum</span> <span class='ocrx_word' id='word_1_240' title='bbox 2793 3661 3141 3732; x_wconf 88' lang='lat' dir='ltr'>prodierunt.</span> <span class='ocrx_word' id='word_1_241' title='bbox 3175 3663 3252 3716; x_wconf 87' lang='lat' dir='ltr'>Eo</span> <span class='ocrx_word' id='word_1_242' title='bbox 3280 3661 3472 3716; x_wconf 82' lang='lat' dir='ltr'>fulmi-</span> 
     </span>
    </p>
   </div>
   <div class='ocr_carea' id='block_1_26' title="bbox 202 3749 3478 3820">
    <p class='ocr_par' dir='ltr' id='par_1_26' title="bbox 202 3749 3478 3820">
     <span class='ocr_line' id='line_1_27' title="bbox 202 3749 3478 3820; baseline 0.001 -17"><span class='ocrx_word' id='word_1_243' title='bbox 202 3749 482 3815; x_wconf 80' lang='lat' dir='ltr'>excitavit,</span> <span class='ocrx_word' id='word_1_244' title='bbox 527 3756 592 3804; x_wconf 87' lang='lat' dir='ltr'>ut</span> <span class='ocrx_word' id='word_1_245' title='bbox 629 3751 734 3804; x_wconf 87' lang='lat' dir='ltr'>hoc</span> <span class='ocrx_word' id='word_1_246' title='bbox 777 3751 978 3804; x_wconf 83' lang='lat' dir='ltr'>saeculo</span> <span class='ocrx_word' id='word_1_247' title='bbox 1015 3751 1318 3804; x_wconf 87' lang='lat' dir='ltr'>redivivam</span> <span class='ocrx_word' id='word_1_248' title='bbox 1375 3752 1645 3805; x_wconf 83' lang='lat' dir='ltr'>haereseos</span> <span class='ocrx_word' id='word_1_249' title='bbox 1695 3751 1795 3820; x_wconf 80' lang='lat' dir='ltr'>liy~</span> <span class='ocrx_word' id='word_1_250' title='bbox 1876 3759 2046 3806; x_wconf 88' lang='lat' dir='ltr'>nante</span> <span class='ocrx_word' id='word_1_251' title='bbox 2087 3751 2298 3806; x_wconf 87' lang='lat' dir='ltr'>Graecia</span> <span class='ocrx_word' id='word_1_252' title='bbox 2349 3750 2654 3814; x_wconf 85' lang='lat' dir='ltr'>exhorruit,</span> <span class='ocrx_word' id='word_1_253' title='bbox 2715 3750 2879 3804; x_wconf 88' lang='lat' dir='ltr'>Italia</span> <span class='ocrx_word' id='word_1_254' title='bbox 2931 3750 3226 3820; x_wconf 89' lang='lat' dir='ltr'>ingemuit,</span> <span class='ocrx_word' id='word_1_255' title='bbox 3293 3750 3478 3806; x_wconf 84' lang='lat' dir='ltr'>Gallia</span> 
     </span>
    </p>
   </div>
   <div class='ocr_carea' id='block_1_27' title="bbox 203 3837 3478 3912">
    <p class='ocr_par' dir='ltr' id='par_1_27' title="bbox 203 3837 3478 3912">
     <span class='ocr_line' id='line_1_28' title="bbox 203 3837 3478 3912; baseline 0.002 -21"><span class='ocrx_word' id='word_1_256' title='bbox 203 3837 384 3905; x_wconf 85' lang='lat' dir='ltr'>dram,</span> <span class='ocrx_word' id='word_1_257' title='bbox 418 3854 533 3892; x_wconf 91' lang='lat' dir='ltr'>non</span> <span class='ocrx_word' id='word_1_258' title='bbox 562 3854 628 3892; x_wconf 83' lang='lat' dir='ltr'>ex</span> <span class='ocrx_word' id='word_1_259' title='bbox 657 3839 906 3897; x_wconf 73' lang='lat' dir='ltr'>Lernaeo,</span> <span class='ocrx_word' id='word_1_260' title='bbox 937 3839 1035 3892; x_wconf 91' lang='lat' dir='ltr'>sed</span> <span class='ocrx_word' id='word_1_261' title='bbox 1075 3855 1140 3893; x_wconf 85' lang='lat' dir='ltr'>ex</span> <span class='ocrx_word' id='word_1_262' title='bbox 1183 3841 1431 3894; x_wconf 85' lang='lat' dir='ltr'>Lemano</span> <span class='ocrx_word' id='word_1_263' title='bbox 1465 3841 1587 3893; x_wconf 88' lang='lat' dir='ltr'>lacu</span> <span class='ocrx_word' id='word_1_264' title='bbox 1619 3855 1796 3893; x_wconf 89' lang='lat' dir='ltr'>emer-</span> <span class='ocrx_word' id='word_1_265' title='bbox 1878 3839 2263 3910; x_wconf 85' lang='lat' dir='ltr'>triumphavit.</span> <span class='ocrx_word' id='word_1_266' title='bbox 2298 3838 2388 3893; x_wconf 92' lang='lat' dir='ltr'>Sic</span> <span class='ocrx_word' id='word_1_267' title='bbox 2417 3845 2472 3892; x_wconf 90' lang='lat' dir='ltr'>te</span> <span class='ocrx_word' id='word_1_268' title='bbox 2501 3843 2620 3904; x_wconf 89' lang='lat' dir='ltr'>tua,</span> <span class='ocrx_word' id='word_1_269' title='bbox 2655 3838 3012 3893; x_wconf 89' lang='lat' dir='ltr'>serenissime</span> <span class='ocrx_word' id='word_1_270' title='bbox 3041 3841 3316 3912; x_wconf 89' lang='lat' dir='ltr'>princeps,</span> <span class='ocrx_word' id='word_1_271' title='bbox 3352 3857 3478 3896; x_wconf 88' lang='lat' dir='ltr'>eru-</span> 
     </span>
    </p>
   </div>
   <div class='ocr_carea' id='block_1_28' title="bbox 204 3926 3477 4000">
    <p class='ocr_par' dir='ltr' id='par_1_28' title="bbox 204 3926 3477 4000">
     <span class='ocr_line' id='line_1_29' title="bbox 204 3926 3477 4000; baseline 0.002 -21"><span class='ocrx_word' id='word_1_272' title='bbox 204 3942 346 3986; x_wconf 85' lang='lat' dir='ltr'>sam.</span> <span class='ocrx_word' id='word_1_273' title='bbox 375 3926 573 3980; x_wconf 88' lang='lat' dir='ltr'>eodem</span> <span class='ocrx_word' id='word_1_274' title='bbox 601 3943 710 3997; x_wconf 90' lang='lat' dir='ltr'>quo</span> <span class='ocrx_word' id='word_1_275' title='bbox 747 3927 1022 3998; x_wconf 76' lang='lat' dir='ltr'>perfidum</span> <span class='ocrx_word' id='word_1_276' title='bbox 1063 3928 1196 3982; x_wconf 90' lang='lat' dir='ltr'>olim</span> <span class='ocrx_word' id='word_1_277' title='bbox 1235 3927 1638 3998; x_wconf 88' lang='lat' dir='ltr'>Berengarium</span> <span class='ocrx_word' id='word_1_278' title='bbox 1681 3944 1794 3980; x_wconf 84' lang='lat' dir='ltr'>suae</span> <span class='ocrx_word' id='word_1_279' title='bbox 1877 3929 2014 3982; x_wconf 89' lang='lat' dir='ltr'>ditio</span> <span class='ocrx_word' id='word_1_280' title='bbox 2031 3927 2330 3996; x_wconf 84' lang='lat' dir='ltr'>singularis</span> <span class='ocrx_word' id='word_1_281' title='bbox 2345 3927 2448 3980; x_wconf 87' lang='lat' dir='ltr'>toti</span> <span class='ocrx_word' id='word_1_282' title='bbox 2467 3927 2586 3981; x_wconf 89' lang='lat' dir='ltr'>orbi</span> <span class='ocrx_word' id='word_1_283' title='bbox 2609 3927 2989 3998; x_wconf 87' lang='lat' dir='ltr'>spectaculum</span> <span class='ocrx_word' id='word_1_284' title='bbox 3016 3929 3284 3994; x_wconf 83' lang='lat' dir='ltr'>exhibuit,</span> <span class='ocrx_word' id='word_1_285' title='bbox 3307 3935 3477 4000; x_wconf 91' lang='lat' dir='ltr'>atque</span> 
     </span>
    </p>
   </div>
   <div class='ocr_carea' id='block_1_29' title="bbox 205 4014 3479 4086">
    <p class='ocr_par' dir='ltr' id='par_1_29' title="bbox 205 4014 3479 4086">
     <span class='ocr_line' id='line_1_30' title="bbox 205 4014 3479 4086; baseline 0.001 -18"><span class='ocrx_word' id='word_1_286' title='bbox 205 4014 472 4068; x_wconf 72' lang='lat' dir='ltr'>doctrina:</span> <span class='ocrx_word' id='word_1_287' title='bbox 501 4015 613 4068; x_wconf 89' lang='lat' dir='ltr'>telo</span> <span class='ocrx_word' id='word_1_288' title='bbox 639 4015 938 4070; x_wconf 88' lang='lat' dir='ltr'>confodiat.</span> <span class='ocrx_word' id='word_1_289' title='bbox 962 4017 1322 4086; x_wconf 87' lang='lat' dir='ltr'>Pugnaturus</span> <span class='ocrx_word' id='word_1_290' title='bbox 1353 4017 1542 4086; x_wconf 90' lang='lat' dir='ltr'>itaque</span> <span class='ocrx_word' id='word_1_291' title='bbox 1559 4033 1683 4070; x_wconf 90' lang='lat' dir='ltr'>cum</span> <span class='ocrx_word' id='word_1_292' title='bbox 1717 4014 1798 4068; x_wconf 86' lang='lat' dir='ltr'>in-</span> <span class='ocrx_word' id='word_1_293' title='bbox 1879 4017 2128 4070; x_wconf 88' lang='lat' dir='ltr'>omnium</span> <span class='ocrx_word' id='word_1_294' title='bbox 2160 4017 2214 4069; x_wconf 90' lang='lat' dir='ltr'>in</span> <span class='ocrx_word' id='word_1_295' title='bbox 2263 4022 2320 4069; x_wconf 88' lang='lat' dir='ltr'>te</span> <span class='ocrx_word' id='word_1_296' title='bbox 2365 4017 2584 4068; x_wconf 88' lang='lat' dir='ltr'>animos</span> <span class='ocrx_word' id='word_1_297' title='bbox 2639 4017 2937 4084; x_wconf 83' lang='lat' dir='ltr'>oculosque</span> <span class='ocrx_word' id='word_1_298' title='bbox 2993 4017 3284 4071; x_wconf 88' lang='lat' dir='ltr'>convertit.</span> <span class='ocrx_word' id='word_1_299' title='bbox 3341 4017 3479 4082; x_wconf 88' lang='lat' dir='ltr'>Quis</span> 
     </span>
    </p>
   </div>
   <div class='ocr_carea' id='block_1_30' title="bbox 205 4103 3478 4174">
    <p class='ocr_par' dir='ltr' id='par_1_30' title="bbox 205 4103 3478 4174">
     <span class='ocr_line' id='line_1_31' title="bbox 205 4103 3478 4174; baseline 0.001 -18"><span class='ocrx_word' id='word_1_300' title='bbox 205 4103 537 4158; x_wconf 88' lang='lat' dir='ltr'>fensissimis</span> <span class='ocrx_word' id='word_1_301' title='bbox 565 4103 696 4157; x_wconf 83' lang='lat' dir='ltr'>fidei</span> <span class='ocrx_word' id='word_1_302' title='bbox 722 4103 976 4158; x_wconf 89' lang='lat' dir='ltr'>hostibus</span> <span class='ocrx_word' id='word_1_303' title='bbox 1002 4105 1206 4159; x_wconf 88' lang='lat' dir='ltr'>iterum</span> <span class='ocrx_word' id='word_1_304' title='bbox 1235 4106 1293 4158; x_wconf 92' lang='lat' dir='ltr'>in</span> <span class='ocrx_word' id='word_1_305' title='bbox 1319 4121 1545 4158; x_wconf 88' lang='lat' dir='ltr'>arenam</span> <span class='ocrx_word' id='word_1_306' title='bbox 1577 4105 1801 4157; x_wconf 86' lang='lat' dir='ltr'>descen-</span> <span class='ocrx_word' id='word_1_307' title='bbox 1883 4105 2028 4160; x_wconf 91' lang='lat' dir='ltr'>enim</span> <span class='ocrx_word' id='word_1_308' title='bbox 2057 4105 2128 4158; x_wconf 90' lang='lat' dir='ltr'>ad</span> <span class='ocrx_word' id='word_1_309' title='bbox 2149 4111 2433 4174; x_wconf 86' lang='lat' dir='ltr'>stuporem</span> <span class='ocrx_word' id='word_1_310' title='bbox 2467 4120 2642 4174; x_wconf 90' lang='lat' dir='ltr'>usque</span> <span class='ocrx_word' id='word_1_311' title='bbox 2665 4121 2776 4157; x_wconf 93' lang='lat' dir='ltr'>non</span> <span class='ocrx_word' id='word_1_312' title='bbox 2797 4109 2882 4158; x_wconf 90' lang='lat' dir='ltr'>est</span> <span class='ocrx_word' id='word_1_313' title='bbox 2903 4105 3210 4159; x_wconf 88' lang='lat' dir='ltr'>demiratus</span> <span class='ocrx_word' id='word_1_314' title='bbox 3233 4112 3478 4160; x_wconf 88' lang='lat' dir='ltr'>mentem</span> 
     </span>
    </p>
   </div>
   <div class='ocr_carea' id='block_1_31' title="bbox 207 4190 3478 4264">
    <p class='ocr_par' dir='ltr' id='par_1_31' title="bbox 207 4190 3478 4264">
     <span class='ocr_line' id='line_1_32' title="bbox 207 4190 3478 4264; baseline 0 -19"><span class='ocrx_word' id='word_1_315' title='bbox 207 4190 308 4256; x_wconf 82' lang='lat' dir='ltr'>dit,</span> <span class='ocrx_word' id='word_1_316' title='bbox 329 4207 570 4262; x_wconf 90' lang='lat' dir='ltr'>eumque</span> <span class='ocrx_word' id='word_1_317' title='bbox 589 4191 896 4262; x_wconf 85' lang='lat' dir='ltr'>principem</span> <span class='ocrx_word' id='word_1_318' title='bbox 925 4192 996 4246; x_wconf 85' lang='lat' dir='ltr'>ad</span> <span class='ocrx_word' id='word_1_319' title='bbox 1025 4193 1340 4264; x_wconf 84' lang='lat' dir='ltr'>perfugium</span> <span class='ocrx_word' id='word_1_320' title='bbox 1373 4193 1588 4262; x_wconf 83' lang='lat' dir='ltr'>quaerit.</span> <span class='ocrx_word' id='word_1_321' title='bbox 1615 4192 1671 4245; x_wconf 90' lang='lat' dir='ltr'>in</span> <span class='ocrx_word' id='word_1_322' title='bbox 1701 4208 1797 4243; x_wconf 88' lang='lat' dir='ltr'>cu-</span> <span class='ocrx_word' id='word_1_323' title='bbox 1881 4199 2036 4247; x_wconf 87' lang='lat' dir='ltr'>tuam</span> <span class='ocrx_word' id='word_1_324' title='bbox 2067 4193 2310 4262; x_wconf 88' lang='lat' dir='ltr'>quodam</span> <span class='ocrx_word' id='word_1_325' title='bbox 2343 4193 2472 4260; x_wconf 86' lang='lat' dir='ltr'>igne</span> <span class='ocrx_word' id='word_1_326' title='bbox 2493 4193 2793 4258; x_wconf 81' lang='lat' dir='ltr'>volucrem,</span> <span class='ocrx_word' id='word_1_327' title='bbox 2820 4209 2990 4262; x_wconf 90' lang='lat' dir='ltr'>quam</span> <span class='ocrx_word' id='word_1_328' title='bbox 3010 4194 3163 4246; x_wconf 90' lang='lat' dir='ltr'>nulla</span> <span class='ocrx_word' id='word_1_329' title='bbox 3181 4193 3478 4247; x_wconf 78' lang='lat' dir='ltr'>difﬁcultas</span> 
     </span>
    </p>
   </div>
   <div class='ocr_carea' id='block_1_32' title="bbox 202 4279 3480 4351">
    <p class='ocr_par' dir='ltr' id='par_1_32' title="bbox 202 4279 3480 4351">
     <span class='ocr_line' id='line_1_33' title="bbox 202 4279 3480 4351; baseline 0.001 -19"><span class='ocrx_word' id='word_1_330' title='bbox 202 4279 299 4349; x_wconf 85' lang='lat' dir='ltr'>jus</span> <span class='ocrx_word' id='word_1_331' title='bbox 321 4279 450 4332; x_wconf 90' lang='lat' dir='ltr'>sinu</span> <span class='ocrx_word' id='word_1_332' title='bbox 469 4284 528 4332; x_wconf 89' lang='lat' dir='ltr'>et</span> <span class='ocrx_word' id='word_1_333' title='bbox 546 4279 722 4332; x_wconf 88' lang='lat' dir='ltr'>tutela</span> <span class='ocrx_word' id='word_1_334' title='bbox 740 4279 960 4334; x_wconf 87' lang='lat' dir='ltr'>fortiter</span> <span class='ocrx_word' id='word_1_335' title='bbox 982 4279 1267 4346; x_wconf 90' lang='lat' dir='ltr'>dimicare,</span> <span class='ocrx_word' id='word_1_336' title='bbox 1293 4281 1512 4334; x_wconf 88' lang='lat' dir='ltr'>vincere</span> <span class='ocrx_word' id='word_1_337' title='bbox 1535 4279 1793 4348; x_wconf 86' lang='lat' dir='ltr'>gloriose,</span> <span class='ocrx_word' id='word_1_338' title='bbox 1881 4287 2234 4344; x_wconf 88' lang='lat' dir='ltr'>remoretur;</span> <span class='ocrx_word' id='word_1_339' title='bbox 2285 4279 2647 4348; x_wconf 83' lang='lat' dir='ltr'>sagacitatem</span> <span class='ocrx_word' id='word_1_340' title='bbox 2697 4279 2894 4346; x_wconf 88' lang='lat' dir='ltr'>animi,</span> <span class='ocrx_word' id='word_1_341' title='bbox 2935 4280 3024 4332; x_wconf 92' lang='lat' dir='ltr'>cui</span> <span class='ocrx_word' id='word_1_342' title='bbox 3080 4279 3221 4332; x_wconf 88' lang='lat' dir='ltr'>nihil</span> <span class='ocrx_word' id='word_1_343' title='bbox 3267 4281 3480 4351; x_wconf 90' lang='lat' dir='ltr'>imper-</span> 
     </span>
    </p>
   </div>
   <div class='ocr_carea' id='block_1_33' title="bbox 208 4367 3478 4438">
    <p class='ocr_par' dir='ltr' id='par_1_33' title="bbox 208 4367 3478 4438">
     <span class='ocr_line' id='line_1_34' title="bbox 208 4367 3478 4438; baseline 0 -16"><span class='ocrx_word' id='word_1_344' title='bbox 208 4367 495 4438; x_wconf 86' lang='lat' dir='ltr'>quiescere</span> <span class='ocrx_word' id='word_1_345' title='bbox 521 4383 648 4422; x_wconf 90' lang='lat' dir='ltr'>cum</span> <span class='ocrx_word' id='word_1_346' title='bbox 683 4368 888 4422; x_wconf 86' lang='lat' dir='ltr'>ﬁducia</span> <span class='ocrx_word' id='word_1_347' title='bbox 915 4369 1112 4438; x_wconf 63' lang='lat' dir='ltr'>possit,</span> <span class='ocrx_word' id='word_1_348' title='bbox 1146 4369 1450 4423; x_wconf 86' lang='lat' dir='ltr'>Commode</span> <span class='ocrx_word' id='word_1_349' title='bbox 1477 4369 1651 4438; x_wconf 86' lang='lat' dir='ltr'>igitur</span> <span class='ocrx_word' id='word_1_350' title='bbox 1679 4383 1798 4420; x_wconf 88' lang='lat' dir='ltr'>sese</span> <span class='ocrx_word' id='word_1_351' title='bbox 1883 4368 2034 4421; x_wconf 90' lang='lat' dir='ltr'>vium</span> <span class='ocrx_word' id='word_1_352' title='bbox 2055 4367 2349 4438; x_wconf 84' lang='lat' dir='ltr'>objicitur;</span> <span class='ocrx_word' id='word_1_353' title='bbox 2379 4367 2606 4436; x_wconf 88' lang='lat' dir='ltr'>ingenii,</span> <span class='ocrx_word' id='word_1_354' title='bbox 2629 4368 2895 4420; x_wconf 87' lang='lat' dir='ltr'>torrentis</span> <span class='ocrx_word' id='word_1_355' title='bbox 2915 4367 3096 4422; x_wconf 87' lang='lat' dir='ltr'>instar</span> <span class='ocrx_word' id='word_1_356' title='bbox 3123 4369 3478 4436; x_wconf 84' lang='lat' dir='ltr'>exundantis,</span> 
     </span>
    </p>
   </div>
   <div class='ocr_carea' id='block_1_34' title="bbox 209 4455 3483 4528">
    <p class='ocr_par' dir='ltr' id='par_1_34' title="bbox 209 4455 3483 4528">
     <span class='ocr_line' id='line_1_35' title="bbox 209 4455 3483 4528; baseline 0.001 -18"><span class='ocrx_word' id='word_1_357' title='bbox 209 4455 282 4510; x_wconf 83' lang='lat' dir='ltr'>ad</span> <span class='ocrx_word' id='word_1_358' title='bbox 309 4455 612 4527; x_wconf 38' lang='lat' dir='ltr'>telrecipit,</span> <span class='ocrx_word' id='word_1_359' title='bbox 662 4455 720 4510; x_wconf 89' lang='lat' dir='ltr'>in</span> <span class='ocrx_word' id='word_1_360' title='bbox 750 4473 860 4528; x_wconf 88' lang='lat' dir='ltr'>quo</span> <span class='ocrx_word' id='word_1_361' title='bbox 887 4473 1002 4512; x_wconf 91' lang='lat' dir='ltr'>uno</span> <span class='ocrx_word' id='word_1_362' title='bbox 1031 4456 1218 4511; x_wconf 88' lang='lat' dir='ltr'>omnia</span> <span class='ocrx_word' id='word_1_363' title='bbox 1265 4473 1387 4527; x_wconf 90' lang='lat' dir='ltr'>quae</span> <span class='ocrx_word' id='word_1_364' title='bbox 1430 4457 1497 4510; x_wconf 91' lang='lat' dir='ltr'>ad</span> <span class='ocrx_word' id='word_1_365' title='bbox 1529 4456 1800 4510; x_wconf 88' lang='lat' dir='ltr'>securita-</span> <span class='ocrx_word' id='word_1_366' title='bbox 1883 4456 2334 4510; x_wconf 75' lang='lat' dir='ltr'>fcecunditatem?</span> <span class='ocrx_word' id='word_1_367' title='bbox 2365 4457 2742 4524; x_wconf 86' lang='lat' dir='ltr'>Ingenuarum</span> <span class='ocrx_word' id='word_1_368' title='bbox 2781 4456 2986 4508; x_wconf 84' lang='lat' dir='ltr'>artium</span> <span class='ocrx_word' id='word_1_369' title='bbox 3018 4473 3179 4510; x_wconf 90' lang='lat' dir='ltr'>succo</span> <span class='ocrx_word' id='word_1_370' title='bbox 3213 4474 3247 4511; x_wconf 89' lang='lat' dir='ltr'>a</span> <span class='ocrx_word' id='word_1_371' title='bbox 3274 4457 3483 4512; x_wconf 88' lang='lat' dir='ltr'>teneris</span> 
     </span>
    </p>
   </div>
   <div class='ocr_carea' id='block_1_35' title="bbox 207 4534 3486 4615">
    <p class='ocr_par' dir='ltr' id='par_1_35' title="bbox 207 4534 3486 4615">
     <span class='ocr_line' id='line_1_36' title="bbox 207 4534 3486 4615; baseline 0.001 -17"><span class='ocrx_word' id='word_1_372' title='bbox 207 4550 324 4598; x_wconf 87' lang='lat' dir='ltr'>tem</span> <span class='ocrx_word' id='word_1_373' title='bbox 352 4543 696 4606; x_wconf 87' lang='lat' dir='ltr'>certaminis,</span> <span class='ocrx_word' id='word_1_374' title='bbox 725 4561 881 4615; x_wconf 88' lang='lat' dir='ltr'>spem</span> <span class='ocrx_word' id='word_1_375' title='bbox 899 4545 1156 4608; x_wconf 71' lang='lat' dir='ltr'>victoriae,</span> <span class='ocrx_word' id='word_1_376' title='bbox 1186 4545 1566 4598; x_wconf 85' lang='lat' dir='ltr'>celebritatem</span> <span class='ocrx_word' id='word_1_377' title='bbox 1597 4545 1802 4598; x_wconf 87' lang='lat' dir='ltr'>trium-</span> <span class='ocrx_word' id='word_1_378' title='bbox 1884 4545 2121 4598; x_wconf 77' lang='lat' dir='ltr'>feliciter</span> <span class='ocrx_word' id='word_1_379' title='bbox 2146 4534 2444 4607; x_wconf 82' lang='lat' dir='ltr'>enutritus,</span> <span class='ocrx_word' id='word_1_380' title='bbox 2473 4543 2986 4614; x_wconf 86' lang='lat' dir='ltr'>splendidissimum</span> <span class='ocrx_word' id='word_1_381' title='bbox 3015 4545 3276 4600; x_wconf 84' lang='lat' dir='ltr'>Minervae</span> <span class='ocrx_word' id='word_1_382' title='bbox 3301 4563 3486 4600; x_wconf 87' lang='lat' dir='ltr'>sacra-</span> 
     </span>
    </p>
   </div>
   <div class='ocr_carea' id='block_1_36' title="bbox 212 4627 3480 4704">
    <p class='ocr_par' dir='ltr' id='par_1_36' title="bbox 212 4627 3480 4704">
     <span class='ocr_line' id='line_1_37' title="bbox 212 4627 3480 4704; baseline 0.001 -18"><span class='ocrx_word' id='word_1_383' title='bbox 212 4631 311 4704; x_wconf 90' lang='lat' dir='ltr'>phi</span> <span class='ocrx_word' id='word_1_384' title='bbox 334 4627 656 4686; x_wconf 89' lang='lat' dir='ltr'>desiderare</span> <span class='ocrx_word' id='word_1_385' title='bbox 681 4639 888 4702; x_wconf 91' lang='lat' dir='ltr'>posset,</span> <span class='ocrx_word' id='word_1_386' title='bbox 921 4633 1142 4686; x_wconf 88' lang='lat' dir='ltr'>abunde</span> <span class='ocrx_word' id='word_1_387' title='bbox 1162 4639 1489 4704; x_wconf 88' lang='lat' dir='ltr'>reperturus</span> <span class='ocrx_word' id='word_1_388' title='bbox 1515 4639 1618 4685; x_wconf 87' lang='lat' dir='ltr'>est.</span> <span class='ocrx_word' id='word_1_389' title='bbox 1639 4631 1808 4686; x_wconf 89' lang='lat' dir='ltr'>Dabit</span> <span class='ocrx_word' id='word_1_390' title='bbox 1890 4633 2034 4687; x_wconf 89' lang='lat' dir='ltr'>rium</span> <span class='ocrx_word' id='word_1_391' title='bbox 2065 4631 2353 4696; x_wconf 83' lang='lat' dir='ltr'>exstitisti;</span> <span class='ocrx_word' id='word_1_392' title='bbox 2387 4637 2442 4684; x_wconf 91' lang='lat' dir='ltr'>et</span> <span class='ocrx_word' id='word_1_393' title='bbox 2467 4631 2621 4698; x_wconf 89' lang='lat' dir='ltr'>dum,</span> <span class='ocrx_word' id='word_1_394' title='bbox 2656 4633 2872 4686; x_wconf 80' lang='lat' dir='ltr'>Caesare</span> <span class='ocrx_word' id='word_1_395' title='bbox 2903 4634 3103 4702; x_wconf 88' lang='lat' dir='ltr'>major,</span> <span class='ocrx_word' id='word_1_396' title='bbox 3127 4635 3302 4688; x_wconf 84' lang='lat' dir='ltr'>frater</span> <span class='ocrx_word' id='word_1_397' title='bbox 3329 4642 3480 4701; x_wconf 90' lang='lat' dir='ltr'>tuus,</span> 
     </span>
    </p>
   </div>
   <div class='ocr_carea' id='block_1_37' title="bbox 212 4718 3486 4794">
    <p class='ocr_par' dir='ltr' id='par_1_37' title="bbox 212 4718 3486 4794">
     <span class='ocr_line' id='line_1_38' title="bbox 212 4718 3486 4794; baseline 0.002 -22"><span class='ocrx_word' id='word_1_398' title='bbox 212 4719 321 4792; x_wconf 87' lang='lat' dir='ltr'>ipsi</span> <span class='ocrx_word' id='word_1_399' title='bbox 348 4719 492 4788; x_wconf 85' lang='lat' dir='ltr'>regii</span> <span class='ocrx_word' id='word_1_400' title='bbox 508 4718 730 4790; x_wconf 87' lang='lat' dir='ltr'>generis</span> <span class='ocrx_word' id='word_1_401' title='bbox 753 4720 1017 4792; x_wconf 88' lang='lat' dir='ltr'>splendor</span> <span class='ocrx_word' id='word_1_402' title='bbox 1035 4726 1450 4785; x_wconf 85' lang='lat' dir='ltr'>ornamentum,</span> <span class='ocrx_word' id='word_1_403' title='bbox 1478 4720 1656 4790; x_wconf 89' lang='lat' dir='ltr'>pietas</span> <span class='ocrx_word' id='word_1_404' title='bbox 1687 4737 1810 4790; x_wconf 89' lang='lat' dir='ltr'>per-</span> <span class='ocrx_word' id='word_1_405' title='bbox 1891 4721 2148 4794; x_wconf 89' lang='lat' dir='ltr'>princeps</span> <span class='ocrx_word' id='word_1_406' title='bbox 2176 4719 2895 4782; x_wconf 87' lang='lat' dir='ltr'>invictissimus,armorum</span> <span class='ocrx_word' id='word_1_407' title='bbox 2915 4721 3148 4785; x_wconf 83' lang='lat' dir='ltr'>fulmen,</span> <span class='ocrx_word' id='word_1_408' title='bbox 3170 4723 3486 4778; x_wconf 86' lang='lat' dir='ltr'>Germaniae</span> 
     </span>
    </p>
   </div>
   <div class='ocr_carea' id='block_1_38' title="bbox 212 4805 3488 4880">
    <p class='ocr_par' dir='ltr' id='par_1_38' title="bbox 212 4805 3488 4880">
     <span class='ocr_line' id='line_1_39' title="bbox 212 4805 3488 4880; baseline 0.002 -22"><span class='ocrx_word' id='word_1_409' title='bbox 212 4805 457 4876; x_wconf 85' lang='lat' dir='ltr'>fugium,</span> <span class='ocrx_word' id='word_1_410' title='bbox 510 4805 829 4861; x_wconf 88' lang='lat' dir='ltr'>humanitas</span> <span class='ocrx_word' id='word_1_411' title='bbox 864 4808 1132 4876; x_wconf 87' lang='lat' dir='ltr'>favorem,</span> <span class='ocrx_word' id='word_1_412' title='bbox 1179 4809 1418 4864; x_wconf 82' lang='lat' dir='ltr'>eruditio</span> <span class='ocrx_word' id='word_1_413' title='bbox 1465 4811 1806 4880; x_wconf 69' lang='lat' dir='ltr'>praesidium.</span> <span class='ocrx_word' id='word_1_414' title='bbox 1834 4869 1870 4880; x_wconf 46' lang='grc' dir='ltr'><strong>Α</strong></span> <span class='ocrx_word' id='word_1_415' title='bbox 1895 4816 1950 4864; x_wconf 90' lang='lat' dir='ltr'>et</span> <span class='ocrx_word' id='word_1_416' title='bbox 1977 4809 2152 4879; x_wconf 86' lang='lat' dir='ltr'>Bel‘gii</span> <span class='ocrx_word' id='word_1_417' title='bbox 2182 4814 2382 4872; x_wconf 90' lang='lat' dir='ltr'>terror,</span> <span class='ocrx_word' id='word_1_418' title='bbox 2417 4808 2610 4862; x_wconf 68' lang='lat' dir='ltr'>Gallize</span> <span class='ocrx_word' id='word_1_419' title='bbox 2641 4809 2916 4873; x_wconf 85' lang='lat' dir='ltr'>columen,</span> <span class='ocrx_word' id='word_1_420' title='bbox 2960 4809 3153 4864; x_wconf 81' lang='lat' dir='ltr'>Martis</span> <span class='ocrx_word' id='word_1_421' title='bbox 3183 4817 3366 4866; x_wconf 88' lang='lat' dir='ltr'>castra</span> <span class='ocrx_word' id='word_1_422' title='bbox 3399 4830 3488 4866; x_wconf 85' lang='lat' dir='ltr'>se-</span> 
     </span>
    </p>
   </div>
   <div class='ocr_carea' id='block_1_39' title="bbox 159 4869 3492 4987">
    <p class='ocr_par' dir='ltr' id='par_1_39' title="bbox 159 4869 3492 4987">
     <span class='ocr_line' id='line_1_40' title="bbox 159 4869 3492 4987; baseline 0.002 -37"><span class='ocrx_word' id='word_1_423' title='bbox 159 4896 454 4987; x_wconf 50' lang='lat' dir='ltr'>gequitas</span> <span class='ocrx_word' id='word_1_424' title='bbox 481 4895 830 4966; x_wconf 80' lang='lat' dir='ltr'>suffragium,</span> <span class='ocrx_word' id='word_1_425' title='bbox 861 4895 1036 4950; x_wconf 90' lang='lat' dir='ltr'>virtus</span> <span class='ocrx_word' id='word_1_426' title='bbox 1065 4897 1504 4951; x_wconf 85' lang='lat' dir='ltr'>firmamentum.</span> <span class='ocrx_word' id='word_1_427' title='bbox 1829 4869 1872 4928; x_wconf 68' lang='grc' dir='ltr'>Ο</span> <span class='ocrx_word' id='word_1_428' title='bbox 1894 4903 2094 4964; x_wconf 87' lang='lat' dir='ltr'>ctatus,</span> <span class='ocrx_word' id='word_1_429' title='bbox 2123 4898 2237 4950; x_wconf 91' lang='lat' dir='ltr'>imo</span> <span class='ocrx_word' id='word_1_430' title='bbox 2267 4897 2416 4950; x_wconf 87' lang='lat' dir='ltr'>Mars</span> <span class='ocrx_word' id='word_1_431' title='bbox 2445 4897 2606 4961; x_wconf 86' lang='lat' dir='ltr'>alter,</span> <span class='ocrx_word' id='word_1_432' title='bbox 2641 4895 2864 4949; x_wconf 87' lang='lat' dir='ltr'>bellicas</span> <span class='ocrx_word' id='word_1_433' title='bbox 2893 4912 2994 4950; x_wconf 89' lang='lat' dir='ltr'>suo</span> <span class='ocrx_word' id='word_1_434' title='bbox 3023 4913 3152 4951; x_wconf 86' lang='lat' dir='ltr'>ense</span> <span class='ocrx_word' id='word_1_435' title='bbox 3183 4899 3372 4954; x_wconf 87' lang='lat' dir='ltr'>lauros</span> <span class='ocrx_word' id='word_1_436' title='bbox 3399 4901 3492 4956; x_wconf 87' lang='lat' dir='ltr'>de-</span> 
     </span>
    </p>
   </div>
   <div class='ocr_carea' id='block_1_40' title="bbox 103 4983 3493 5056">
    <p class='ocr_par' dir='ltr' id='par_1_40' title="bbox 103 4983 3493 5056">
     <span class='ocr_line' id='line_1_41' title="bbox 103 4983 3493 5056; baseline 0.001 -16"><span class='ocrx_word' id='word_1_437' title='bbox 103 5012 114 5017; x_wconf 64' lang='grc' dir='ltr'><strong><em>ο</em></strong></span> <span class='ocrx_word' id='word_1_438' title='bbox 160 4983 216 5056; x_wconf 56' lang='grc' dir='ltr'><strong>ᾗ</strong></span> <span class='ocrx_word' id='word_1_439' title='bbox 287 4985 406 5040; x_wconf 88' lang='lat' dir='ltr'>Nec</span> <span class='ocrx_word' id='word_1_440' title='bbox 426 5000 560 5038; x_wconf 91' lang='lat' dir='ltr'>vero</span> <span class='ocrx_word' id='word_1_441' title='bbox 591 4999 928 5055; x_wconf 88' lang='lat' dir='ltr'>quemquam</span> <span class='ocrx_word' id='word_1_442' title='bbox 953 5001 1177 5039; x_wconf 90' lang='lat' dir='ltr'>movere</span> <span class='ocrx_word' id='word_1_443' title='bbox 1205 4985 1409 5055; x_wconf 88' lang='lat' dir='ltr'>poterit</span> <span class='ocrx_word' id='word_1_444' title='bbox 1453 4985 1600 5056; x_wconf 89' lang='lat' dir='ltr'>quod</span> <span class='ocrx_word' id='word_1_445' title='bbox 1634 4991 1690 5039; x_wconf 92' lang='lat' dir='ltr'>te</span> <span class='ocrx_word' id='word_1_446' title='bbox 1726 4986 1811 5040; x_wconf 90' lang='lat' dir='ltr'>di-</span> <span class='ocrx_word' id='word_1_447' title='bbox 1896 4987 2076 5052; x_wconf 83' lang='lat' dir='ltr'>metit,</span> <span class='ocrx_word' id='word_1_448' title='bbox 2103 4992 2185 5052; x_wconf 91' lang='lat' dir='ltr'>tu,</span> <span class='ocrx_word' id='word_1_449' title='bbox 2215 4983 2439 5038; x_wconf 87' lang='lat' dir='ltr'>mitiora</span> <span class='ocrx_word' id='word_1_450' title='bbox 2461 4989 2684 5037; x_wconf 87' lang='lat' dir='ltr'>secutus</span> <span class='ocrx_word' id='word_1_451' title='bbox 2701 4983 2954 5040; x_wconf 80' lang='lat' dir='ltr'>Minervae</span> <span class='ocrx_word' id='word_1_452' title='bbox 2975 4990 3174 5050; x_wconf 87' lang='lat' dir='ltr'>castra,</span> <span class='ocrx_word' id='word_1_453' title='bbox 3195 4987 3251 5040; x_wconf 91' lang='lat' dir='ltr'>in</span> <span class='ocrx_word' id='word_1_454' title='bbox 3270 4989 3493 5042; x_wconf 89' lang='lat' dir='ltr'>umbra-</span> 
     </span>
    </p>
   </div>
   <div class='ocr_carea' id='block_1_41' title="bbox 162 5043 3488 5147">
    <p class='ocr_par' dir='ltr' id='par_1_41' title="bbox 162 5043 3488 5147">
     <span class='ocr_line' id='line_1_42' title="bbox 162 5043 3488 5147; baseline 0.002 -23"><span class='ocrx_word' id='word_1_455' title='bbox 162 5043 332 5147; x_wconf 60' lang='lat' dir='ltr'>:vini</span> <span class='ocrx_word' id='word_1_456' title='bbox 388 5073 563 5142; x_wconf 84' lang='lat' dir='ltr'>hujus</span> <span class='ocrx_word' id='word_1_457' title='bbox 601 5070 785 5143; x_wconf 78' lang='lat' dir='ltr'>operis</span> <span class='ocrx_word' id='word_1_458' title='bbox 837 5078 1173 5128; x_wconf 88' lang='lat' dir='ltr'>assertorem</span> <span class='ocrx_word' id='word_1_459' title='bbox 1225 5073 1508 5143; x_wconf 89' lang='lat' dir='ltr'>elegerim,</span> <span class='ocrx_word' id='word_1_460' title='bbox 1551 5074 1598 5127; x_wconf 90' lang='lat' dir='ltr'>si</span> <span class='ocrx_word' id='word_1_461' title='bbox 1651 5075 1814 5128; x_wconf 88' lang='lat' dir='ltr'>modo</span> <span class='ocrx_word' id='word_1_462' title='bbox 1896 5075 2150 5128; x_wconf 88' lang='lat' dir='ltr'>tilisvitae</span> <span class='ocrx_word' id='word_1_463' title='bbox 2169 5073 2370 5127; x_wconf 88' lang='lat' dir='ltr'>studiis</span> <span class='ocrx_word' id='word_1_464' title='bbox 2390 5072 2834 5126; x_wconf 81' lang='lat' dir='ltr'>artiumlaureas</span> <span class='ocrx_word' id='word_1_465' title='bbox 2851 5073 3176 5144; x_wconf 87' lang='lat' dir='ltr'>palmasque</span> <span class='ocrx_word' id='word_1_466' title='bbox 3195 5077 3488 5147; x_wconf 87' lang='lat' dir='ltr'>collegisti.</span> 
     </span>
    </p>
   </div>
   <div class='ocr_carea' id='block_1_42' title="bbox 157 5113 3494 5237">
    <p class='ocr_par' dir='ltr' id='par_1_42' title="bbox 157 5113 3494 5237">
     <span class='ocr_line' id='line_1_43' title="bbox 231 5113 3488 5147; baseline 0 -21"><span class='ocrx_word' id='word_1_467' title='bbox 390 5113 563 5142; x_wconf 48' lang='grc' dir='ltr'>ηυγ...</span> <span class='ocrx_word' id='word_1_468' title='bbox 602 5113 785 5143; x_wconf 57' lang='lat' dir='ltr'>cru...</span> <span class='ocrx_word' id='word_1_469' title='bbox 837 5113 1173 5128; x_wconf 64' lang='grc' dir='ltr'>..νυνηνηω</span> <span class='ocrx_word' id='word_1_470' title='bbox 1226 5113 1508 5143; x_wconf 71' lang='grc' dir='ltr'>ν.νε,υ.....,</span> <span class='ocrx_word' id='word_1_471' title='bbox 1551 5113 1598 5127; x_wconf 67' lang='grc' dir='ltr'>υ.</span> <span class='ocrx_word' id='word_1_472' title='bbox 1652 5113 1813 5128; x_wconf 58' lang='grc' dir='ltr'>...νυν</span> <span class='ocrx_word' id='word_1_473' title='bbox 1901 5113 2010 5128; x_wconf 60' lang='grc' dir='ltr'>ωηο</span> <span class='ocrx_word' id='word_1_474' title='bbox 2035 5113 2150 5127; x_wconf 60' lang='grc' dir='ltr'>,μω</span> <span class='ocrx_word' id='word_1_475' title='bbox 2169 5113 2370 5127; x_wconf 54' lang='grc' dir='ltr'>,Μυκη</span> <span class='ocrx_word' id='word_1_476' title='bbox 2390 5113 2594 5126; x_wconf 84' lang='lat'>...</span> <span class='ocrx_word' id='word_1_477' title='bbox 2618 5113 3176 5144; x_wconf 51' lang='lat' dir='ltr'>.......-...,.........cq..c</span> <span class='ocrx_word' id='word_1_478' title='bbox 3196 5113 3488 5147; x_wconf 61' lang='grc' dir='ltr'>υυηυδωυι,</span> 
     </span>
     <span class='ocr_line' id='line_1_44' title="bbox 157 5113 3494 5237; baseline 0.001 -21"><span class='ocrx_word' id='word_1_479' title='bbox 157 5113 506 5232; x_wconf 57' lang='grc' dir='ltr'>ξὶῡῐειιίεεῐ</span> <span class='ocrx_word' id='word_1_480' title='bbox 530 5177 622 5214; x_wconf 88' lang='lat' dir='ltr'>me</span> <span class='ocrx_word' id='word_1_481' title='bbox 649 5160 946 5216; x_wconf 87' lang='lat' dir='ltr'>Lanfranci</span> <span class='ocrx_word' id='word_1_482' title='bbox 969 5161 1148 5216; x_wconf 89' lang='lat' dir='ltr'>nostri</span> <span class='ocrx_word' id='word_1_483' title='bbox 1189 5162 1442 5228; x_wconf 85' lang='lat' dir='ltr'>virtutes,</span> <span class='ocrx_word' id='word_1_484' title='bbox 1475 5163 1532 5216; x_wconf 90' lang='lat' dir='ltr'>in</span> <span class='ocrx_word' id='word_1_485' title='bbox 1566 5168 1620 5216; x_wconf 89' lang='lat' dir='ltr'>te</span> <span class='ocrx_word' id='word_1_486' title='bbox 1665 5165 1818 5216; x_wconf 84' lang='lat' dir='ltr'>velut</span> <span class='ocrx_word' id='word_1_487' title='bbox 1900 5164 1968 5217; x_wconf 85' lang='lat' dir='ltr'>Et</span> <span class='ocrx_word' id='word_1_488' title='bbox 1996 5163 2188 5233; x_wconf 72' lang='lat' dir='ltr'>primae</span> <span class='ocrx_word' id='word_1_489' title='bbox 2215 5161 2438 5231; x_wconf 88' lang='lat' dir='ltr'>quidem</span> <span class='ocrx_word' id='word_1_490' title='bbox 2470 5161 2578 5214; x_wconf 68' lang='lat' dir='ltr'>illa:</span> <span class='ocrx_word' id='word_1_491' title='bbox 2600 5160 2727 5215; x_wconf 70' lang='lat' dir='ltr'>visae</span> <span class='ocrx_word' id='word_1_492' title='bbox 2756 5166 2890 5214; x_wconf 89' lang='lat' dir='ltr'>sunt</span> <span class='ocrx_word' id='word_1_493' title='bbox 2907 5163 3189 5231; x_wconf 87' lang='lat' dir='ltr'>surgentis</span> <span class='ocrx_word' id='word_1_494' title='bbox 3221 5170 3494 5237; x_wconf 84' lang='lat' dir='ltr'>tanquam</span> 
     </span>
    </p>
   </div>
   <div class='ocr_carea' id='block_1_43' title="bbox 219 5249 3493 5320">
    <p class='ocr_par' dir='ltr' id='par_1_43' title="bbox 219 5249 3493 5320">
     <span class='ocr_line' id='line_1_45' title="bbox 219 5249 3493 5320; baseline 0.002 -18"><span class='ocrx_word' id='word_1_495' title='bbox 219 5249 276 5303; x_wconf 92' lang='lat' dir='ltr'>in</span> <span class='ocrx_word' id='word_1_496' title='bbox 302 5249 643 5304; x_wconf 81' lang='lat' dir='ltr'>nitidissima</span> <span class='ocrx_word' id='word_1_497' title='bbox 683 5249 908 5320; x_wconf 91' lang='lat' dir='ltr'>speculo</span> <span class='ocrx_word' id='word_1_498' title='bbox 935 5250 1265 5316; x_wconf 90' lang='lat' dir='ltr'>relucentes,</span> <span class='ocrx_word' id='word_1_499' title='bbox 1297 5250 1644 5315; x_wconf 87' lang='lat' dir='ltr'>observasse,</span> <span class='ocrx_word' id='word_1_500' title='bbox 1677 5251 1816 5304; x_wconf 91' lang='lat' dir='ltr'>adeo</span> <span class='ocrx_word' id='word_1_501' title='bbox 1899 5251 2110 5320; x_wconf 85' lang='lat' dir='ltr'>ingenii</span> <span class='ocrx_word' id='word_1_502' title='bbox 2139 5249 2306 5315; x_wconf 78' lang='lat' dir='ltr'>faces,</span> <span class='ocrx_word' id='word_1_503' title='bbox 2343 5249 2544 5320; x_wconf 89' lang='lat' dir='ltr'>quibus</span> <span class='ocrx_word' id='word_1_504' title='bbox 2573 5249 2644 5302; x_wconf 88' lang='lat' dir='ltr'>ad</span> <span class='ocrx_word' id='word_1_505' title='bbox 2672 5251 2884 5318; x_wconf 84' lang='lat' dir='ltr'>majora</span> <span class='ocrx_word' id='word_1_506' title='bbox 2914 5251 3224 5320; x_wconf 84' lang='lat' dir='ltr'>praeludens</span> <span class='ocrx_word' id='word_1_507' title='bbox 3252 5255 3493 5308; x_wconf 87' lang='lat' dir='ltr'>eluxisti.</span> 
     </span>
    </p>
   </div>
   <div class='ocr_carea' id='block_1_44' title="bbox 222 5336 3496 5412">
    <p class='ocr_par' dir='ltr' id='par_1_44' title="bbox 222 5336 3496 5412">
     <span class='ocr_line' id='line_1_46' title="bbox 222 5336 3496 5412; baseline 0.001 -20"><span class='ocrx_word' id='word_1_508' title='bbox 222 5343 288 5392; x_wconf 83' lang='lat' dir='ltr'>ut</span> <span class='ocrx_word' id='word_1_509' title='bbox 325 5337 520 5392; x_wconf 85' lang='lat' dir='ltr'>dolere</span> <span class='ocrx_word' id='word_1_510' title='bbox 557 5336 818 5392; x_wconf 79' lang='lat' dir='ltr'>desierim</span> <span class='ocrx_word' id='word_1_511' title='bbox 858 5337 1100 5392; x_wconf 85' lang='lat' dir='ltr'>Galliam</span> <span class='ocrx_word' id='word_1_512' title='bbox 1136 5339 1444 5393; x_wconf 86' lang='lat' dir='ltr'>Lanfranco</span> <span class='ocrx_word' id='word_1_513' title='bbox 1485 5338 1692 5406; x_wconf 87' lang='lat' dir='ltr'>orbari,</span> <span class='ocrx_word' id='word_1_514' title='bbox 1721 5339 1816 5392; x_wconf 88' lang='lat' dir='ltr'>ubi</span> <span class='ocrx_word' id='word_1_515' title='bbox 1898 5339 2164 5393; x_wconf 82' lang='lat' dir='ltr'>Volitavit</span> <span class='ocrx_word' id='word_1_516' title='bbox 2208 5338 2417 5406; x_wconf 82' lang='lat' dir='ltr'>ingenii</span> <span class='ocrx_word' id='word_1_517' title='bbox 2474 5338 2663 5406; x_wconf 84' lang='lat' dir='ltr'>vigore</span> <span class='ocrx_word' id='word_1_518' title='bbox 2725 5337 2935 5408; x_wconf 84' lang='lat' dir='ltr'>inclyta</span> <span class='ocrx_word' id='word_1_519' title='bbox 2988 5356 3088 5408; x_wconf 89' lang='lat' dir='ltr'>per</span> <span class='ocrx_word' id='word_1_520' title='bbox 3135 5342 3496 5412; x_wconf 86' lang='lat' dir='ltr'>antiquorum</span> 
     </span>
    </p>
   </div>
   <div class='ocr_carea' id='block_1_45' title="bbox 224 5425 3498 5498">
    <p class='ocr_par' dir='ltr' id='par_1_45' title="bbox 224 5425 3498 5498">
     <span class='ocr_line' id='line_1_47' title="bbox 224 5425 3498 5498; baseline 0.001 -18"><span class='ocrx_word' id='word_1_521' title='bbox 224 5431 407 5481; x_wconf 86' lang='lat' dir='ltr'>totum</span> <span class='ocrx_word' id='word_1_522' title='bbox 434 5427 495 5480; x_wconf 91' lang='lat' dir='ltr'>in</span> <span class='ocrx_word' id='word_1_523' title='bbox 525 5431 581 5480; x_wconf 92' lang='lat' dir='ltr'>te</span> <span class='ocrx_word' id='word_1_524' title='bbox 628 5441 922 5497; x_wconf 88' lang='lat' dir='ltr'>superesse</span> <span class='ocrx_word' id='word_1_525' title='bbox 961 5427 1331 5492; x_wconf 87' lang='lat' dir='ltr'>adverterem,</span> <span class='ocrx_word' id='word_1_526' title='bbox 1383 5443 1588 5497; x_wconf 88' lang='lat' dir='ltr'>easque</span> <span class='ocrx_word' id='word_1_527' title='bbox 1636 5427 1814 5491; x_wconf 86' lang='lat' dir='ltr'>dotes,</span> <span class='ocrx_word' id='word_1_528' title='bbox 1901 5425 2367 5498; x_wconf 74' lang='lat' dir='ltr'>encyclopzediam</span> <span class='ocrx_word' id='word_1_529' title='bbox 2425 5425 2816 5489; x_wconf 82' lang='lat' dir='ltr'>adolescentia,</span> <span class='ocrx_word' id='word_1_530' title='bbox 2869 5433 2926 5480; x_wconf 87' lang='lat' dir='ltr'>et</span> <span class='ocrx_word' id='word_1_531' title='bbox 2975 5445 3295 5498; x_wconf 88' lang='lat' dir='ltr'>supremum</span> <span class='ocrx_word' id='word_1_532' title='bbox 3343 5429 3498 5484; x_wconf 84' lang='lat' dir='ltr'>brevi</span> 
     </span>
    </p>
   </div>
   <div class='ocr_carea' id='block_1_46' title="bbox 227 5513 3499 5588">
    <p class='ocr_par' dir='ltr' id='par_1_46' title="bbox 227 5513 3499 5588">
     <span class='ocr_line' id='line_1_48' title="bbox 227 5513 3499 5588; baseline 0.002 -20"><span class='ocrx_word' id='word_1_533' title='bbox 227 5529 366 5584; x_wconf 87' lang='lat' dir='ltr'>quas</span> <span class='ocrx_word' id='word_1_534' title='bbox 393 5515 454 5568; x_wconf 92' lang='lat' dir='ltr'>in</span> <span class='ocrx_word' id='word_1_535' title='bbox 505 5530 574 5568; x_wconf 91' lang='lat' dir='ltr'>eo</span> <span class='ocrx_word' id='word_1_536' title='bbox 617 5514 913 5568; x_wconf 82' lang='lat' dir='ltr'>universus</span> <span class='ocrx_word' id='word_1_537' title='bbox 953 5516 1235 5585; x_wconf 86' lang='lat' dir='ltr'>quondam</span> <span class='ocrx_word' id='word_1_538' title='bbox 1273 5514 1424 5568; x_wconf 89' lang='lat' dir='ltr'>orbis</span> <span class='ocrx_word' id='word_1_539' title='bbox 1449 5515 1738 5585; x_wconf 89' lang='lat' dir='ltr'>obstupuit</span> <span class='ocrx_word' id='word_1_540' title='bbox 1767 5520 1822 5568; x_wconf 90' lang='lat' dir='ltr'>et</span> <span class='ocrx_word' id='word_1_541' title='bbox 1904 5515 2264 5568; x_wconf 84' lang='lat' dir='ltr'>scientiarum</span> <span class='ocrx_word' id='word_1_542' title='bbox 2321 5513 2558 5583; x_wconf 87' lang='lat' dir='ltr'>attigisti</span> <span class='ocrx_word' id='word_1_543' title='bbox 2623 5514 2860 5584; x_wconf 90' lang='lat' dir='ltr'>apicem,</span> <span class='ocrx_word' id='word_1_544' title='bbox 2893 5517 3241 5586; x_wconf 84' lang='lat' dir='ltr'>coelestisque</span> <span class='ocrx_word' id='word_1_545' title='bbox 3288 5519 3499 5588; x_wconf 89' lang='lat' dir='ltr'>ingenii</span> 
     </span>
    </p>
   </div>
   <div class='ocr_carea' id='block_1_47' title="bbox 109 5598 3506 5675">
    <p class='ocr_par' dir='ltr' id='par_1_47' title="bbox 109 5598 3506 5675">
     <span class='ocr_line' id='line_1_49' title="bbox 109 5598 3506 5675; baseline 0.002 -19"><span class='ocrx_word' id='word_1_546' title='bbox 109 5607 122 5614; x_wconf 78' lang='grc'><em>’</em></span> <span class='ocrx_word' id='word_1_547' title='bbox 165 5598 418 5675; x_wconf 56' lang='grc' dir='ltr'>ξωιηὶῐ,</span> <span class='ocrx_word' id='word_1_548' title='bbox 447 5601 510 5656; x_wconf 91' lang='lat' dir='ltr'>in</span> <span class='ocrx_word' id='word_1_549' title='bbox 546 5606 603 5656; x_wconf 91' lang='lat' dir='ltr'>te</span> <span class='ocrx_word' id='word_1_550' title='bbox 632 5603 756 5672; x_wconf 88' lang='lat' dir='ltr'>pari</span> <span class='ocrx_word' id='word_1_551' title='bbox 800 5603 1013 5656; x_wconf 90' lang='lat' dir='ltr'>honore</span> <span class='ocrx_word' id='word_1_552' title='bbox 1053 5603 1398 5658; x_wconf 87' lang='lat' dir='ltr'>venerandas</span> <span class='ocrx_word' id='word_1_553' title='bbox 1433 5619 1816 5672; x_wconf 87' lang='lat' dir='ltr'>agnoscerem.</span> <span class='ocrx_word' id='word_1_554' title='bbox 1906 5602 2103 5674; x_wconf 88' lang='lat' dir='ltr'>pennis</span> <span class='ocrx_word' id='word_1_555' title='bbox 2147 5601 2414 5656; x_wconf 80' lang='lat' dir='ltr'>subnixus</span> <span class='ocrx_word' id='word_1_556' title='bbox 2455 5601 2514 5654; x_wconf 90' lang='lat' dir='ltr'>in</span> <span class='ocrx_word' id='word_1_557' title='bbox 2555 5602 2854 5656; x_wconf 88' lang='lat' dir='ltr'>secretiora</span> <span class='ocrx_word' id='word_1_558' title='bbox 2903 5603 3194 5672; x_wconf 62' lang='lat' dir='ltr'>theologia}</span> <span class='ocrx_word' id='word_1_559' title='bbox 3237 5609 3506 5675; x_wconf 78' lang='lat' dir='ltr'>mysteria</span> 
     </span>
    </p>
   </div>
   <div class='ocr_carea' id='block_1_48' title="bbox 168 5672 3508 5766">
    <p class='ocr_par' dir='ltr' id='par_1_48' title="bbox 168 5672 3508 5766">
     <span class='ocr_line' id='line_1_50' title="bbox 168 5672 3508 5766; baseline 0.002 -21"><span class='ocrx_word' id='word_1_560' title='bbox 168 5672 381 5766; x_wconf 58' lang='grc' dir='ltr'>ἕρπεις</span> <span class='ocrx_word' id='word_1_561' title='bbox 401 5690 634 5762; x_wconf 89' lang='lat' dir='ltr'>quidem</span> <span class='ocrx_word' id='word_1_562' title='bbox 661 5707 774 5744; x_wconf 91' lang='lat' dir='ltr'>non</span> <span class='ocrx_word' id='word_1_563' title='bbox 803 5691 944 5746; x_wconf 91' lang='lat' dir='ltr'>meis</span> <span class='ocrx_word' id='word_1_564' title='bbox 977 5692 1353 5758; x_wconf 81' lang='lat' dir='ltr'>lineamentis,</span> <span class='ocrx_word' id='word_1_565' title='bbox 1400 5692 1497 5746; x_wconf 89' lang='lat' dir='ltr'>sed</span> <span class='ocrx_word' id='word_1_566' title='bbox 1531 5693 1640 5746; x_wconf 88' lang='lat' dir='ltr'>tuis</span> <span class='ocrx_word' id='word_1_567' title='bbox 1673 5693 1823 5746; x_wconf 92' lang='lat' dir='ltr'>colo-</span> <span class='ocrx_word' id='word_1_568' title='bbox 1907 5691 2232 5762; x_wconf 86' lang='lat' dir='ltr'>penetrasti.</span> <span class='ocrx_word' id='word_1_569' title='bbox 2277 5691 2540 5754; x_wconf 87' lang='lat' dir='ltr'>Quamvis</span> <span class='ocrx_word' id='word_1_570' title='bbox 2589 5697 2777 5744; x_wconf 85' lang='lat' dir='ltr'>autem</span> <span class='ocrx_word' id='word_1_571' title='bbox 2817 5691 3174 5745; x_wconf 87' lang='lat' dir='ltr'>nobilissimis</span> <span class='ocrx_word' id='word_1_572' title='bbox 3205 5694 3420 5752; x_wconf 88' lang='lat' dir='ltr'>artibus</span> <span class='ocrx_word' id='word_1_573' title='bbox 3449 5705 3508 5752; x_wconf 86' lang='lat' dir='ltr'>et</span> 
     </span>
    </p>
   </div>
   <div class='ocr_carea' id='block_1_49' title="bbox 172 5782 3506 5906">
    <p class='ocr_par' dir='ltr' id='par_1_49' title="bbox 172 5782 3506 5906">
     <span class='ocr_line' id='line_1_51' title="bbox 172 5782 3506 5906; baseline 0.002 -20"><span class='ocrx_word' id='word_1_574' title='bbox 172 5782 214 5838; x_wconf 54' lang='grc' dir='ltr'><strong>ε</strong></span> <span class='ocrx_word' id='word_1_575' title='bbox 294 5834 380 5906; x_wconf 82' lang='grc'>(1)</span> <span class='ocrx_word' id='word_1_576' title='bbox 429 5830 766 5888; x_wconf 80' lang='lat' dir='ltr'>Guillelmus</span> <span class='ocrx_word' id='word_1_577' title='bbox 801 5832 1057 5888; x_wconf 87' lang='lat' dir='ltr'>Malmes.</span> <span class='ocrx_word' id='word_1_578' title='bbox 1107 5832 1206 5889; x_wconf 90' lang='lat' dir='ltr'>lib.</span> <span class='ocrx_word' id='word_1_579' title='bbox 1250 5847 1313 5890; x_wconf 86' lang='lat' dir='ltr'>III</span> <span class='ocrx_word' id='word_1_580' title='bbox 1361 5834 1441 5889; x_wconf 94' lang='lat' dir='ltr'>De</span> <span class='ocrx_word' id='word_1_581' title='bbox 1495 5839 1636 5904; x_wconf 83' lang='lat' dir='ltr'>gest.</span> <span class='ocrx_word' id='word_1_582' title='bbox 1688 5835 1825 5904; x_wconf 82' lang='lat' dir='ltr'>Reg.</span> <span class='ocrx_word' id='word_1_583' title='bbox 1985 5832 2050 5900; x_wconf 73' lang='grc'>(2)</span> <span class='ocrx_word' id='word_1_584' title='bbox 2085 5833 2216 5888; x_wconf 77' lang='lat' dir='ltr'>Milo</span> <span class='ocrx_word' id='word_1_585' title='bbox 2243 5832 2482 5904; x_wconf 88' lang='lat' dir='ltr'>Crispin.</span> <span class='ocrx_word' id='word_1_586' title='bbox 2515 5832 2580 5886; x_wconf 91' lang='lat' dir='ltr'>In</span> <span class='ocrx_word' id='word_1_587' title='bbox 2619 5833 2750 5886; x_wconf 89' lang='lat' dir='ltr'>Vita</span> <span class='ocrx_word' id='word_1_588' title='bbox 2779 5833 2840 5884; x_wconf 88' lang='lat' dir='ltr'>B.</span> <span class='ocrx_word' id='word_1_589' title='bbox 2883 5831 3210 5901; x_wconf 87' lang='lat' dir='ltr'>Lanfranci;</span> <span class='ocrx_word' id='word_1_590' title='bbox 3242 5837 3506 5892; x_wconf 86' lang='lat' dir='ltr'>Malmes-</span> 
     </span>
    </p>
   </div>
   <div class='ocr_carea' id='block_1_50' title="bbox 227 5919 3506 5994">
    <p class='ocr_par' dir='ltr' id='par_1_50' title="bbox 227 5919 3506 5994">
     <span class='ocr_line' id='line_1_52' title="bbox 227 5919 3506 5994; baseline 0.002 -18"><span class='ocrx_word' id='word_1_591' title='bbox 227 5919 568 5994; x_wconf 83' lang='lat' dir='ltr'>Anglorum,</span> <span class='ocrx_word' id='word_1_592' title='bbox 596 5935 771 5991; x_wconf 80' lang='lat' dir='ltr'>agens</span> <span class='ocrx_word' id='word_1_593' title='bbox 797 5920 866 5975; x_wconf 90' lang='lat' dir='ltr'>de</span> <span class='ocrx_word' id='word_1_594' title='bbox 893 5920 1223 5978; x_wconf 83' lang='lat' dir='ltr'>Lanfranco.</span> <span class='ocrx_word' id='word_1_595' title='bbox 1911 5921 2059 5989; x_wconf 89' lang='lat' dir='ltr'>bur.,</span> <span class='ocrx_word' id='word_1_596' title='bbox 2105 5920 2200 5976; x_wconf 88' lang='lat' dir='ltr'>lib.</span> <span class='ocrx_word' id='word_1_597' title='bbox 2244 5939 2263 5975; x_wconf 85' lang='lat'><strong>1</strong></span> <span class='ocrx_word' id='word_1_598' title='bbox 2307 5921 2512 5976; x_wconf 83' lang='lat' dir='ltr'>Pontif.</span> <span class='ocrx_word' id='word_1_599' title='bbox 2545 5921 2872 5990; x_wconf 87' lang='lat' dir='ltr'>Anglorum.</span> <span class='ocrx_word' id='word_1_600' title='bbox 2915 5921 3174 5978; x_wconf 88' lang='lat' dir='ltr'>Chronic.</span> <span class='ocrx_word' id='word_1_601' title='bbox 3212 5925 3506 5984; x_wconf 85' lang='lat' dir='ltr'>Beccense.</span> 
     </span>
    </p>
   </div>
   <div class='ocr_carea' id='block_1_51' title="bbox 467 6019 3256 6086">
    <p class='ocr_par' dir='ltr' id='par_1_51' title="bbox 467 6019 3256 6086">
     <span class='ocr_line' id='line_1_53' title="bbox 467 6019 3256 6086; baseline -0.003 -5"><span class='ocrx_word' id='word_1_602' title='bbox 467 6021 720 6081; x_wconf 59' lang='lat' dir='ltr'>Parnm.</span> <span class='ocrx_word' id='word_1_603' title='bbox 786 6019 902 6081; x_wconf 81' lang='lat' dir='ltr'>GL.</span> <span class='ocrx_word' id='word_1_604' title='bbox 3229 6031 3256 6086; x_wconf 67' lang='grc'><strong>1</strong></span> 
     </span>
    </p>
   </div>
   <div class='ocr_carea' id='block_1_52' title="bbox 1831 6203 2355 6319">
    <p class='ocr_par' dir='ltr' id='par_1_52' title="bbox 1831 6203 2355 6319">
     <span class='ocr_line' id='line_1_54' title="bbox 1831 6203 2355 6319; baseline 0.023 -15"><span class='ocrx_word' id='word_1_605' title='bbox 1831 6203 1880 6304; x_wconf 70' lang='lat' dir='ltr'>i</span> <span class='ocrx_word' id='word_1_606' title='bbox 1910 6205 2355 6319; x_wconf 54' lang='lat'>3333239</span> 
     </span>
    </p>
   </div>
   <div class='ocr_carea' id='block_1_53' title="bbox 2517 47 3952 214">
    <p class='ocr_par' dir='ltr' id='par_1_53' title="bbox 2517 52 3952 214">
     <span class='ocr_line' id='line_1_55' title="bbox 3869 52 3952 66; baseline 0 -8"><span class='ocrx_word' id='word_1_607' title='bbox 3869 52 3952 66; x_wconf 26' lang='lat' dir='ltr'>an</span> 
     </span>
     <span class='ocr_line' id='line_1_56' title="bbox 2517 173 3952 214; baseline -0.003 -10"><span class='ocrx_word' id='word_1_608' title='bbox 2517 173 2872 214; x_wconf 60' lang='lat' dir='ltr'>&#39;W__-—-.</span> <span class='ocrx_word' id='word_1_609' title='bbox 2945 179 2954 182; x_wconf 87' lang='lat'>&#39;</span> <span class='ocrx_word' id='word_1_610' title='bbox 3027 185 3030 188; x_wconf 80' lang='lat'><strong><em>~</em></strong></span> <span class='ocrx_word' id='word_1_611' title='bbox 3323 187 3328 192; x_wconf 69' lang='grc' dir='ltr'><em>ι</em></span> <span class='ocrx_word' id='word_1_612' title='bbox 3939 197 3952 210; x_wconf 57' lang='grc' dir='ltr'><strong>ε</strong></span> 
     </span>
    </p>
   </div>
   <div class='ocr_carea' id='block_1_54' title="bbox 3893 281 3952 1640">
    <p class='ocr_par' dir='ltr' id='par_1_54' title="bbox 3907 285 3952 1636">
     <span class='ocr_line' id='line_1_57' title="bbox 3907 291 3922 310; baseline 0 0"><span class='ocrx_word' id='word_1_613' title='bbox 3907 291 3922 310; x_wconf 92' lang='lat' dir='ltr'>&#39;l</span> 
     </span>
     <span class='ocr_line' id='line_1_58' title="bbox 3909 285 3952 1636; baseline 0 0"><span class='ocrx_word' id='word_1_614' title='bbox 3913 285 3952 1636; x_wconf 56' lang='grc' dir='ltr'><strong>ἳ</strong></span> 
     </span>
    </p>
   </div>
  </div>
