3952 6440
500 371 549 425 11
1147 370 1205 419 Β.
1250 368 1724 428 LANFRANCUS
1765 367 2342 422 CAN'I‘UARIENSlS
2382 370 3024 422 ARClIlEl-‘lS(‘(‘)PlfS.
3675 373 3731 425 1'3

485 489 732 544 scientiis
761 488 1014 543 animum
1051 492 1211 543 tuum
1232 490 1537 560 plurimum
1559 493 1860 558 exornaris,
1889 494 2072 546 minus
2093 493 2315 557 Ataris,
2350 495 2523 547 animi
2554 494 2827 547 modestia.
2871 495 3155 548 retineret.
3191 495 3279 549 Ea
3326 500 3459 549 sunt
3491 511 3609 566 qua
3637 497 3735 567 spi-

487 585 572 633 est
591 584 780 632 tamen
798 579 944 648 quod
967 577 1067 630 tibi
1083 579 1439 634 contulerunt
1453 597 1619 650 quam
1639 582 1902 651 quodate
1917 597 2075 634 orna-

484 673 739 723 mentum
784 671 1120 736 acceperunt
1151 686 1163 733 ;
1215 685 1308 722 eas
1356 669 1631 739 siquidem
1661 669 1800 740 regii
1832 669 1915 723 tui
1943 686 2073 723 san-

481 758 670 829 guinis
711 757 1105 810 communione
1143 757 1386 827 quadam
1443 757 1626 827 regias
1671 759 1865 824 fecisti,
1899 764 1956 811 et
2001 759 2072 811 ad

485 851 652 900 tanta
698 845 988 916 dignitatis
1027 845 1255 899 evexisti
1289 845 1594 916 fastigium,
1626 851 1688 900 ut
1735 847 1878 900 sicut
1919 846 2071 900 omni

482 936 694 988 honore
723 941 780 988 et
806 934 1080 1002 dignitate
1109 935 1292 1004 major
1319 951 1396 1000 es,
1432 935 1508 988 sic
1539 951 1640 988 nec
1671 934 1804 1005 ipsis
1847 935 2072 988 honoris

480 1023 693 1094 aliquid
735 1028 834 1077 aut
868 1021 1204 1076 excellentia
1233 1023 1409 1094 possit
1435 1025 1714 1076 accedere.
1758 1023 2070 1093 Singularis

479 1113 722 1167 eruditio
743 1113 805 1166 B.
837 1111 1134 1166 Lanfranci
1155 1111 1294 1165 nihil
1314 1111 1382 1164 de
1404 1113 1524 1181 ejus
1551 1111 1754 1165 virtute
1777 1116 1833 1165 et
1861 1112 2069 1181 pietate

479 1203 740 1266 detraxit,
765 1201 858 1255 sed
904 1205 1100 1254 mutuo
1130 1199 1386 1254 amicitia
1413 1200 1638 1266 foedere,
1673 1206 1730 1254 et
1757 1200 2068 1254 communis

475 1290 758 1346 societatis
786 1288 1117 1343 commercio
1152 1288 1420 1342 doctrina
1457 1289 1724 1359 pietatem
1755 1291 2064 1360 conjunxit.

474 1382 610 1451 Ejus
651 1380 765 1433 vita
802 1377 1240 1432 clarissimarum
1286 1378 1558 1431 virtutum
1603 1377 1790 1447 imago
1835 1379 2064 1444 exstitit,

470 1485 670 1524 norma
697 1484 940 1534 morum,
973 1466 1235 1521 vitiorum
1264 1483 1516 1520 censura.
1548 1466 1886 1520 Edomandis
1911 1484 2068 1522 erro-

469 1575 600 1613 rum
661 1557 944 1622 monstris,
1005 1555 1352 1626 proterendis
1411 1556 1698 1610 hareseon
1768 1557 2060 1626 portentis,

468 1646 906 1702 exterminandis
934 1645 1081 1698 vitiis
1126 1644 1339 1714 jugiter
1383 1644 1684 1698 insudavit.
1732 1645 2060 1700 Primavum

468 1737 840 1792 Benedictina
870 1733 1233 1788 observantia
1253 1734 1502 1803 vigorem
1528 1734 1586 1787 in
1616 1733 1810 1787 ordine
1841 1740 2062 1788 restau-

2158 587 2374 635 rantem
2403 582 2458 635 in
2498 588 2552 635 te
2582 583 2952 636 Lanfrancum
3003 584 3176 637 oculis
3227 585 3430 639 nostris
3471 584 3732 651 exhibent,

2157 675 2214 724 et
2239 675 2303 723 ut
2333 687 2460 724 eum
2487 670 2586 723 tibi
2617 671 2713 724 uni
2753 671 3008 725 sisterem
3037 689 3071 725 a
3101 690 3187 726 me
3231 680 3563 744 exegerunt,
3605 673 3731 728 insi-

2151 759 2484 827 gnissimum
2541 765 2676 829 puta
2729 760 3071 830 theologum,
3129 762 3521 832 theologorum
3579 763 3732 833 hujus

2154 847 2334 901 atatis
2360 848 2656 918 corypheo,
2689 848 2900 902 ordinis
2925 849 3309 904 restitutorem
3335 850 3732 904 studiosissimo

2154 937 2404 1005 ejusdem
2436 936 2814 1006 propagatori,
2850 937 3160 1009 principem
3183 939 3348 1008 regiae
3379 938 3568 1009 stirpis
3598 939 3736 1009 prin-

2153 1023 2277 1093 cipi.
2307 1025 2467 1078 Haud
2509 1025 2767 1094 equidem
2795 1030 3009 1079 temere
3037 1026 3409 1081 Lanfrancum
3439 1027 3735 1098 principem

2152 1112 2481 1182 nuncupavi,
2518 1131 2545 1164 α
2591 1112 2686 1183 qui
2726 1113 2956 1168 absente
3011 1131 3142 1184 rege
3188 1115 3447 1186 princeps
3503 1121 3639 1182 erat,
3684 1122 3736 1170 et

2150 1206 2338 1254 custos
2378 1201 2612 1271 Anglia,
2645 1202 2905 1272 subjeCtis
2951 1203 3055 1256 sibi
3083 1203 3342 1258 omnibus
3379 1204 3729 1276 principibus,

2153 1294 2209 1343 et
2248 1289 2573 1359 juvantibus
2603 1291 2660 1343 in
2703 1290 2770 1343 iis
2801 1309 2924 1362 qua
2949 1293 3019 1346 ad
3060 1292 3439 1346 defensionem
3471 1299 3528 1346 et
3556 1293 3732 1365 dispo-

2151 1377 2408 1430 sitionem
2459 1379 2544 1431 vel
2588 1395 2782 1448 pacem
2832 1380 2991 1450 regni
3027 1379 3385 1450 pertinebant
3436 1381 3732 1436 secundum

2150 1465 2300 1536 leges
2338 1467 2534 1536 patria
2557 1467 2656 1530 (3l.
2694 1487 2716 1517 ι

2221 1555 2668 1610 Illustrissimum
2702 1572 2835 1626 ergo
2882 1557 3187 1627 principem
3214 1558 3298 1624 (ut
3331 1559 3516 1628 spero)
3542 1573 3608 1611 ea
3633 1574 3736 1628 qua

2097 1664 2112 1673 ε
2148 1641 2372 1696 infimos
2411 1643 2581 1696 etiam
2626 1644 2770 1698 soles
2799 1644 3148 1698 humanitate
3194 1645 3342 1715 apud
3371 1651 3427 1698 te
3457 1645 3730 1710 admittes,

2148 1731 2307 1800 cujus
2319 1731 2686 1786 eruditionem
2699 1732 2837 1786 adeo
2848 1737 3145 1786 veneratus
3159 1733 3565 1787 estAlexander
3576 1750 3731 1805 papa,

468 1827 630 1892 ravit,
664 1832 737 1892 et,
779 1829 843 1879 ut
891 1825 1013 1893 ejus
1037 1823 1275 1892 scriptor
1307 1823 1433 1876 vita
1471 1822 1721 1892 loquitur
1743 1823 1894 1890 (Milo
1937 1823 2059 1877 Cri-
2081 1824 2209 1898 But
2237 1836 2365 1873 eum
2395 1821 2452 1873 in
2481 1820 2782 1890 singularis
2802 1820 3198 1875 benevolentia
3221 1829 3617 1892 argumentum
3637 1823 3735 1876 du-

463 1916 694 1986 spinus),
748 1932 773 1966 ς(
807 1911 1169 1968 coenobialem
1218 1911 1470 1965 ordinem
1511 1911 1606 1981 qui
1648 1911 1942 1981 prolapsus
1988 1912 2059 1965 ad

462 2005 718 2058 laicalem
773 2001 1196 2056 dissolutionem
1239 1999 1439 2065 fuerat,
1495 1999 1565 2053 ad
1608 1999 2058 2070 probatissimam

433 2092 934 2160 .monasteriorum
963 2089 1315 2160 disciplinam
1345 2089 1733 2144 reformavit».
1752 2088 2057 2143 Labentem

461 2182 653 2252 itaque
683 2180 937 2234 ordinem
970 2178 1200 2245 fulcivit,
1233 2183 1550 2249 torpentem
1589 2178 1864 2243 excitavit,
1899 2194 2058 2232 rena-

457 2275 707 2325 scentem
735 2269 888 2334 fovit,
924 2267 1178 2322 adultum
1216 2267 1514 2321 roboravit.
1546 2268 1610 2320 In
1654 2283 1766 2338 qua
1803 2283 1884 2332 re,
1913 2284 2058 2320 sere-

459 2359 689 2413 nissime
718 2358 991 2428 princeps,
1033 2373 1147 2410 non
1194 2355 1510 2410 absimilem
1555 2356 1772 2409 navasti
1801 2372 2049 2426 operam.

458 2450 655 2519 Neque
676 2464 814 2518 opus
843 2451 929 2501 est
954 2463 1020 2500 ea
1039 2445 1292 2516 pluribus
1313 2444 1696 2515 comprobare,
1726 2461 1848 2514 qua
1877 2445 2054 2498 solem

455 2536 643 2607 ipsum
671 2540 872 2590 testem
902 2534 1237 2588 habuerunt.
1275 2534 1406 2604 Ipsi,
1440 2533 1547 2603 ipsi
1573 2549 1769 2586 sumus
1798 2531 1900 2585 tibi
1932 2549 2052 2586 ma-

453 2624 879 2679 nifestissimum
900 2629 1011 2678 tua
1032 2623 1254 2676 virtutis
1273 2626 1722 2687 monumentum,
1749 2625 2052 2691 nostroque

453 2715 746 2768 commodo
803 2712 1016 2783 experti
1071 2728 1180 2782 quo
1229 2711 1403 2765 animi
1455 2710 1638 2764 studio
1691 2709 2051 2764 Benedictino

453 2803 636 2856 ordini
682 2801 1048 2856 instaurando
1093 2799 1464 2862 incumberes,
1515 2816 1624 2870 qua
1667 2798 2054 2853 benevolentia

452 2892 946 2961 congregationem
991 2894 1241 2942 nostram
1279 2887 1744 2958 complectereris,
1792 2903 1904 2957 qua
1934 2903 2054 2940 mu-

451 2980 737 3034 niﬁcentia
764 2977 1068 3043 ornaveris,
1124 2993 1235 3046 qua
1274 2993 1409 3030 cura
1442 2975 1855 3047 propagaveris.
1891 2975 2052 3038 Quod

450 3068 625 3122 trium
637 3067 1109 3122 monasteriorum
1121 3065 1435 3120 accessione
1448 3081 1557 3119 non
1569 3064 1649 3118 ita
1661 3065 1876 3135 pridem
1891 3069 2055 3118 aucta

2143 1908 2270 1978 plici
2321 1909 2489 1979 pallio
2521 1908 2836 1979 insigniret,
2897 1916 2952 1964 et
3001 1910 3069 1964 ab
3123 1912 3245 1981 ejus
3291 1911 3597 1965 tenerrimo
3649 1913 3731 1966 vix

2140 1995 2325 2049 divelli
2349 2001 2635 2066 pateretur
2671 1999 2935 2068 amplexu
2975 1997 3068 2067 (4).
3108 2000 3226 2053 Tuo
3256 1999 3414 2054 illum
3438 1999 3620 2054 favore
3650 2001 3730 2054 di-

2138 2084 2418 2153 gnaberis,
2445 2102 2609 2155 quem
2642 2086 2921 2157 principes
2956 2088 3252 2156 magniﬁce
3275 2095 3630 2159 exceperunt,
3652 2106 3731 2144 re-

2137 2189 2236 2242 ges
2282 2173 2340 2227 in
2369 2174 2581 2228 deliciis
2615 2175 2950 2242 habuerunt,
2987 2177 3250 2246 praesules
3291 2193 3516 2231 summa
3545 2177 3727 2231 obser-

2138 2262 2326 2315 vantia
2375 2263 2686 2328 coluerunt,
2739 2281 2906 2334 quem
2951 2265 3128 2318 anxiis
3175 2265 3316 2319 votis
3356 2266 3575 2335 Anglia,
3617 2266 3725 2321 imo

2137 2355 2289 2404 totus
2318 2350 2466 2404 orbis
2507 2353 2753 2422 expetiit.
2789 2354 2870 2407 En
2899 2353 3110 2406 scilicet
3139 2370 3206 2407 ea
3237 2355 3417 2408 malus
3449 2355 3561 2408 situ
3591 2371 3727 2425 pra-

2135 2439 2303 2508 celsa,
2353 2440 2536 2510 specie
2567 2441 2788 2506 eximia,
2815 2441 3102 2495 fructuum
3128 2441 3385 2496 ubertate
3413 2443 3716 2509 luxurians,

2134 2527 2194 2580 B.
2223 2527 2490 2580 Herluino
2511 2528 2728 2582 coelitus
2748 2529 3133 2583 demonstrata
3149 2529 3250 2596 (5),
3269 2546 3437 2600 quam
3463 2547 3528 2584 ex
3548 2531 3727 2602 opimo

2135 2615 2327 2669 Gallia
2359 2621 2562 2670 nostra
2602 2617 2719 2670 solo
2750 2617 3016 2681 evulsam,
3050 2617 3288 2671 nimium
3307 2618 3499 2687 gloria
3528 2625 3726 2673 nostra

2135 2703 2386 2756 invidens
2411 2703 2742 2758 Guillelmus
2765 2721 2860 2758 rex
2888 2705 2946 2758 in
2978 2705 3198 2774 Anglici
3229 2706 3385 2775 regni
3416 2707 3578 2761 horto
3601 2724 3727 2761 con-

2135 2791 2305 2858 sevit;
2332 2792 2428 2845 sed
2451 2792 2615 2846 hodie
2635 2792 2966 2863 primigenio
2989 2794 3106 2847 solo
3133 2794 3411 2858 restituta,
3438 2795 3727 2864 pristinam

2135 2896 2235 2949 per
2261 2885 2317 2933 te
2353 2881 2755 2934 fecunditatem
2784 2887 3094 2952 recuperat,
3129 2887 3187 2935 et
3213 2882 3272 2936 in
3301 2883 3490 2953 gentis
3523 2889 3727 2938 nostra

2135 2969 2304 3022 decus
2334 2977 2391 3022 et
2411 2971 2852 3024 emolumentum
2882 2971 3231 3036 reviviscens,
3263 2971 3378 3025 suis
3409 2971 3608 3025 melius
3624 2973 3729 3026 ﬁxa

2137 3057 2436 3124 radicibus,
2488 3058 2702 3113 felicius
2755 3058 3027 3129 pubescit,
3076 3059 3342 3114 adolescit
3383 3060 3726 3128 generosius,

450 3159 544 3225 sit,
567 3176 601 3212 δ
627 3164 684 3211 te
708 3158 895 3211 habet.
913 3157 1072 3220 Quod
1095 3157 1310 3220 ﬂoreat,
1338 3159 1501 3209 tuum
1532 3159 1634 3207 est.
1677 3154 1836 3216 Quod
1857 3154 2050 3207 incon-
2068 3151 2111 3210 Ο
2134 3145 2390 3200 funditur
2413 3146 2663 3201 uberius.
2698 3147 3071 3211 Quamobrem
3109 3148 3328 3218 quoties
3359 3148 3730 3202 Lanfrancum

451 3263 616 3300 cussa
643 3249 992 3316 permaneat,
1014 3242 1116 3296 tibi
1137 3243 1320 3296 debet.
1352 3243 1515 3296 Tanti
1534 3242 1790 3296 beneﬁcii
1809 3243 2051 3311 gratiam

451 3335 555 3389 tibi
568 3339 852 3404 acceptam
869 3331 1065 3385 referri
1082 3331 1128 3384 si
1155 3347 1268 3384 non
1289 3328 1662 3401 agnoscimus,
1685 3331 1840 3397 caci;
1863 3332 1909 3384 si
1938 3348 2051 3385 non

451 3424 802 3495 proﬁtemur,
818 3421 986 3475 simul
1008 3419 1478 3489 ingrati.Minime
1504 3436 1632 3473 vero
1651 3419 1738 3472 his
1768 3420 2051 3490 angustio-
2093 3411 2102 3422 ’

449 3512 606 3567 ribus
629 3511 884 3565 cancellis
911 3515 1010 3563 tua
1032 3509 1208 3579 pietas
1238 3507 1516 3562 clauditur
1545 3527 1556 3574 ;
1589 3509 1760 3562 latius
1800 3525 1921 3562 sese
1941 3508 2049 3562 dif-

2132 3235 2445 3289 nominabit
2493 3236 2809 3306 posteritas,
2843 3242 2954 3290 tua
2998 3237 3196 3306 gratia
3245 3237 3586 3290 meminerit.
3620 3238 3732 3292 Nos

2132 3324 2362 3378 interim
2394 3325 2710 3378 immortale
2738 3326 2840 3379 hoc
2865 3326 3061 3394 gratia
3073 3325 3283 3378 donum
3298 3325 3501 3378 animis
3530 3326 3734 3381 nostris

2134 3413 2244 3465 alte
2273 3412 2664 3479 inscribemus,
2717 3430 2826 3484 quo
2872 3413 3209 3466 immortalis
3237 3413 3424 3483 vigeat
3452 3414 3602 3484 apud
3632 3431 3734 3469 nos

2133 3505 2360 3554 tuorum
2392 3500 2792 3554 beneﬁciorum
2821 3500 3110 3554 memoria.
3128 3502 3241 3571 Ego
3262 3517 3390 3555 vero
3413 3502 3587 3555 totius
3610 3518 3737 3556 con-

452 3601 655 3664 fundit,
689 3605 856 3670 atque
895 3599 955 3653 in
983 3613 1278 3652 commune
1319 3597 1494 3650 totius
1537 3596 1792 3650 Ecclesia
1839 3597 2049 3651 bonum
2129 3588 2478 3659 gregationis
2510 3590 2566 3642 S.
2616 3589 2799 3643 Mauri
2828 3588 3054 3643 nomine
3083 3589 3224 3643 illud
3262 3590 3527 3660 polliceor
3565 3593 3736 3661 proﬁ-

453 3689 736 3755 exuberat,
771 3704 894 3758 qua
941 3687 1002 3740 in
1044 3692 1101 3739 te
1149 3685 1473 3757 praesidium
1523 3691 1820 3755 repertura
1865 3691 1950 3739 est
1991 3702 2055 3739 eo

452 3776 734 3849 potentius
760 3793 868 3847 quo
889 3781 945 3829 te
974 3775 1115 3845 regii
1145 3773 1436 3844 sanguinis
1467 3774 1731 3845 splendor
1760 3773 2055 3828 sublimius

457 3867 653 3921 evexit.

526 3956 769 4010 Cateras
798 3955 956 4008 dotes
983 3951 1184 4023 quibus
1215 3952 1278 4005 B.
1305 3951 1680 4005 Lanfrancum
1711 3953 1888 4006 refers
1915 3968 2054 4007 enu-

455 4060 753 4112 merarem,
776 4044 886 4097 nisi
909 4059 1000 4096 me
1020 4042 1134 4108 illa,
1161 4056 1272 4111 qua
1299 4041 1671 4095 Lanfrancum
1693 4057 1915 4111 quoque
1933 4041 2055 4094 imi-

534 4185 601 4256 (3)
635 4185 791 4239 Idem
816 4184 949 4237 Milo
981 4187 1038 4236 et
1065 4181 1466 4252 Malmesburg.
1499 4181 1596 4236 ubi
1618 4198 1809 4252 supra.

525 4274 606 4345 (4)
639 4273 816 4328 Iidem
843 4277 1099 4327 auctores
1129 4272 1264 4326 locis
1291 4270 1497 4325 citatis.

1293 4399 1542 4413 ~—

2140 3682 2392 3731 teoraue.

2212 3696 2264 3731 )I‘
2305 3696 2392 3730 ue.

2212 3696 2592 3810 Seg‘enissima
2616 3762 2727 3812 tua
2751 3756 3068 3812 celsitudini
3098 3758 3479 3816 deditissimus
3501 3759 3739 3814 devotis-

2139 3846 2427 3917 simusque
2465 3851 2672 3899 orator.

2942 3953 3003 4007 F.
3038 3953 3218 4007 LUCAS
3249 3952 3589 4008 DAOHERIUS.

2246 4057 2512 4127 Ejusdem
2543 4057 2991 4128 congregationis
3012 4065 3198 4114 asceta
3210 4059 3624 4114 Benedictinus.

2207 4197 2284 4271 (5)
2328 4198 2611 4254 Gilbertus
2641 4199 2879 4270 Crispin.
2903 4200 2964 4254 in
2991 4200 3120 4254 Vita
3138 4200 3290 4255 beati
3310 4201 3590 4256 Herluini.

2342 4400 3718 4422 Ἥ

1447 4485 1674 4614 AD
1743 4481 2773 4622 LECTOREM.

525 4663 610 4719 Ita
640 4669 744 4729 est,
784 4667 1002 4729 Lector,
1034 4679 1390 4735 nequaquam
1435 4679 1594 4717 mens
1631 4663 1828 4718 fuisset
1856 4664 2046 4734 magni
2064 4667 2112 4726 D
2131 4682 2299 4736 opera
2318 4664 2521 4737 publici
2541 4666 2685 4737 juris
2715 4666 2895 4722 facere
2926 4667 3340 4739 protelaverim,
3379 4673 3436 4723 et
3462 4685 3564 4724 cur
3587 4669 3740 4724 votis
3778 4721 3797 4728 ..

453 4753 748 4807 Lanfranci
765 4753 1171 4824 evulgationem
1186 4752 1435 4821 aggredi,
1458 4752 1666 4805 nedum
1683 4753 2055 4807 adnotationi-

453 4840 556 4895 bus
583 4842 885 4904 illustrare,
903 4840 960 4894 ni
975 4840 1275 4909 jussissent
1304 4839 1668 4909 animumque
1688 4841 2050 4906 addidissent,

454 4945 484 4981 e
510 4946 749 4999 quorum
787 4934 928 4983 nutu
960 4929 1174 4999 pendeo
1199 4931 1370 4993 totus,
1392 4928 1727 4998 superiores,
1754 4945 1969 4983 necnon
1998 4933 2055 4982 et

451 5018 640 5089 plures
666 5018 770 5071 viri
799 5017 966 5082 docti,
989 5033 1118 5071 cum
1140 5016 1339 5083 verbis,
1366 5022 1488 5070 tum
1515 5017 1720 5072 litteris
1745 5019 2052 5089 impensius

451 5107 860 5161 adhortassent.
917 5107 985 5159 Et
1032 5122 1160 5159 vero
1209 5122 1321 5159 sua
1366 5105 1597 5159 inscitia
1644 5123 1754 5160 non
1807 5107 2044 5173 nescius,

448 5195 788 5250 coenobiticis
813 5193 1261 5248 exercitamentis
1291 5195 1605 5248 necessario
1632 5195 2041 5266 interpellatus,

447 5302 511 5339 ac
539 5285 773 5355 proinde
806 5282 1138 5352 interruptis
1171 5283 1372 5336 studiis
1413 5283 1686 5337 duntaxat
1724 5283 2047 5338 incumbere

446 5373 656 5438 valens,
683 5377 800 5426 tam
830 5370 1018 5424 nobile
1046 5387 1184 5440 opus
1215 5371 1404 5440 digne,
1431 5376 1487 5425 et
1514 5389 1614 5442 pro
1642 5389 1829 5426 rerum
1859 5373 2046 5443 gravi-

444 5465 583 5526 tate,
629 5461 690 5514 in
745 5460 928 5514 lucem
976 5458 1228 5530 prodere,
1277 5460 1425 5513 notis
1468 5466 1524 5514 et
1569 5460 2045 5517 observationibus

2135 4756 2531 4809 nonnullorum
2564 4756 2715 4810 ocius
2743 4772 2808 4811 ac
2836 4757 3050 4812 felicius
3069 4758 3260 4811 forsan
3282 4774 3395 4812 non
3424 4759 3741 4828 responde-
3774 4769 3776 4772 '
3809 4789 3821 4797 -

2133 4843 2257 4898 rim.
2294 4845 2368 4898 Ut
2406 4849 2472 4898 ut
2507 4844 2581 4898 sit
2610 4845 2859 4914 tandem,
2892 4846 3040 4916 quod
3080 4845 3226 4900 bono
3264 4847 3451 4900 animo
3499 4847 3741 4914 contuli,
3781 4853 3833 4920 ﬁ;

2135 4933 2279 5002 aqui
2308 4932 2551 5003 bonique
2581 4933 2841 4988 consulas
2866 4934 3052 4988 velim.

2204 5021 2268 5075 In
2299 5021 2402 5074 hac
2431 5037 2596 5091 porro
2631 5021 2874 5076 editione
2911 5023 3046 5093 quid
3075 5023 3503 5093 praestiterimus
3540 5023 3747 5094 paucis
3818 5014 3838 5035 ’⁸

2132 5125 2245 5162 non
2273 5109 2370 5162 abs
2400 5127 2461 5163 re
2493 5110 2602 5164 erit
2622 5111 2860 5181 aperire.
2885 5111 3074 5166 Vitam
3103 5112 3168 5165 B.
3203 5112 3518 5178 Lanfranci,
3554 5111 3748 5182 publi-
3791 5151 3812 5164 .

2131 5214 2253 5251 cam
2302 5215 2336 5251 a
2377 5197 2537 5252 nobis
2582 5199 2639 5252 in
2687 5200 2871 5253 lucem
2917 5200 3199 5264 emissam,
3247 5200 3421 5270 ipsius
3469 5199 3748 5268 operibus

2131 5287 2504 5356 praﬁximus;
2540 5288 2920 5342 multatamen
2949 5293 3146 5342 notatu
3175 5287 3523 5357 dignissima,
3559 5293 3617 5340 et
3647 5305 3749 5342 va-
3797 5327 3806 5355 .-

2130 5375 2330 5429 rietate
2355 5377 2624 5446 jucunda,
2661 5393 2896 5447 quaque
2915 5377 3020 5430 viri
3050 5376 3364 5443 scientiam,
3389 5374 3744 5445 doctrinam,
3797 5413 3824 5444 τ

2129 5463 2416 5534 pietatem,
2464 5465 2798 5535 sapientiam
2829 5463 3274 5534 spectabiliorem
3317 5463 3579 5530 reddunt,
3625 5481 3744 5520 au-
3811 5451 3841 5515 ἶῗ

449 5549 725 5603 adornare
755 5548 879 5619 quis
908 5548 1123 5619 potest?
1153 5549 1233 5603 En
1264 5565 1450 5614 causa,
1490 5555 1555 5605 ut
1595 5551 1756 5618 scias,
1800 5551 2041 5622 benigne
2126 5559 2246 5607 ctor
2291 5554 2714 5624 praetermisisse
2759 5553 2998 5617 videtur,
3056 5567 3157 5606 nos
3213 5567 3314 5622 pro
3346 5551 3622 5623 singulari
3676 5554 3745 5609 in

443 5637 637 5706 lector,
683 5653 784 5692 cur
831 5637 1029 5692 tandiu
1077 5636 1386 5714 beatissimi
1433 5639 1583 5694 illius
1639 5639 2039 5713 archiepiscopi
2119 5643 2538 5698 sanctissimum
2568 5642 2855 5696 doctorem
2883 5639 3195 5708 devotione,
3229 5657 3296 5695 ex
3323 5640 3558 5698 diversis
3579 5659 3742 5714 pra-
