3952 6430
231 394 276 450 l3

1526 369 2087 449 PROLEGOMENA.

3369 392 3433 448 14

222 518 349 589 cipue
373 515 659 572 coaetaneis
678 516 763 570 vel
790 515 1128 587 supparibus
1154 515 1520 588 scriptoribus
1548 533 1616 573 ea
1644 517 1760 573 col-
1779 517 2051 588 Aginulae
2086 516 2484 572 onerabantur.
2518 516 2759 590 Obliqua
2798 517 2978 573 multa
3022 521 3081 573 et
3114 521 3437 572 transversa

226 607 378 678 ligare,
415 605 671 678 notisque
706 610 765 660 et
790 604 1269 661 observationibus
1295 606 1543 662 inserere
1570 623 1765 663 sumus

225 696 447 766 majorem
474 694 536 749 in
561 694 792 749 modum
819 694 1097 750 delectati.
1121 696 1439 766 Adjecimus
1465 695 1552 750 his
1573 694 1768 751 funda-

224 784 366 840 tiones
389 788 441 838 et
454 783 746 854 privilegia
765 784 1236 839 monasteriorum
1257 784 1448 839 Sancti
1471 783 1761 855 Stephani,

218 889 390 928 necnon
430 871 806 927 Sanctissimae
852 872 1142 929 Trinitatis
1180 873 1642 939 Cadomensium;
1677 889 1767 927 eo-

215 979 314 1019 rum
337 962 472 1016 enim
492 965 689 1016 auctor
706 961 816 1016 fuit
840 978 906 1015 ac
927 961 1098 1016 veluti
1125 961 1392 1017 fundator
1405 963 1466 1017 B.
1487 961 1764 1017 Lanfran-

219 1065 323 1116 cus;
359 1050 412 1105 in
449 1064 671 1104 summo
709 1048 1080 1104 versabantur
1111 1048 1432 1104 discrimine
1471 1049 1768 1120 (quemad-

220 1138 404 1192 modum
426 1138 544 1193 suis
566 1138 702 1192 locis
729 1137 1115 1205 indicavimus)
1150 1143 1320 1209 atque
1343 1139 1460 1193 haec
1485 1138 1610 1209 ipsa
1637 1155 1769 1193 exo-

218 1226 412 1297 ptabant
430 1226 581 1281 docti
600 1226 704 1281 viri
724 1226 1009 1297 permulti.
1045 1227 1160 1282 Illae
1188 1227 1431 1282 tandem
1449 1227 1770 1282 adnotatio-

218 1330 295 1375 nes
316 1331 414 1371 non
442 1315 780 1387 spernendis
808 1315 1207 1382 monumentis,
1240 1317 1300 1371 in
1326 1317 1555 1387 pulvere
1577 1322 1634 1371 et
1656 1317 1771 1372 situ

215 1403 535 1471 lactantibus,
556 1404 712 1460 fuere
731 1421 765 1459 a
792 1404 952 1460 nobis
975 1405 1269 1461 decoratae.

269 1493 703 1551 Elucubrationes
730 1494 788 1549 in
815 1495 1090 1566 Epistolas
1110 1496 1174 1550 B.
1193 1496 1372 1563 Pauli,
1392 1500 1622 1567 propter
1646 1511 1775 1567 ope-

219 1580 280 1636 ris
313 1583 654 1653 dignitatem,
696 1584 944 1654 primum
972 1583 1233 1639 obtinent
1257 1585 1475 1653 locum;
1509 1585 1607 1640 SS.
1638 1585 1776 1639 Am-

217 1669 428 1729 brosium
453 1678 514 1729 et
541 1672 920 1743 Augustinum
949 1673 1212 1729 continuo
1240 1674 1436 1741 ferme,
1467 1673 1555 1729 bis
1574 1677 1675 1728 aut
1689 1677 1781 1728 ter

1844 608 2086 674 inerant,
2104 607 2185 663 ita
2212 607 2362 679 quod
2389 608 2524 662 ordo
2564 611 2748 663 textus
2786 607 3164 681 Epistolarum
3202 607 3437 664 minime

1845 701 2182 764 servaretur,
2213 713 2406 752 verum
2435 714 2559 768 quae
2584 713 2651 751 ex
2681 712 2796 753 uno
2823 702 3052 753 auctore
3071 696 3439 768 profereban-

1844 790 1939 841 tur
1966 785 2026 840 in
2054 785 2305 857 qualibet
2330 786 2556 857 pagina,
2585 803 2638 839 v.
2658 803 2698 857 g
2723 826 2737 854 ,
2780 787 2837 841 S.
2855 786 3156 856 Augustini
3176 785 3440 842 continuo

1844 875 2135 945 scripturae
2175 875 2371 930 ordine
2413 875 2654 942 inverso,
2685 874 3159 945 expendebantur.
3209 876 3445 931 Verum-

1850 969 2040 1018 tamen
2064 980 2190 1018 cum
2217 965 2437 1019 nullum
2478 964 2632 1019 aliud
2684 964 2968 1035 exemplar
3014 964 3164 1032 (licet
3208 964 3444 1019 diversis

1849 1052 2196 1107 diversarum
2240 1053 2536 1123 regionum
2588 1052 2719 1107 viris
2772 1053 2968 1120 doctis,
3003 1058 3060 1114 et
3087 1053 3441 1124 antiquariis,

1850 1141 2044 1211 Anglis
2081 1141 2410 1212 praesertim,
2458 1141 2842 1208 Nortmannis,
2884 1147 2941 1196 et
2968 1143 3152 1213 Belgis
3189 1143 3447 1214 scripsis-

1850 1246 1989 1295 sem,
2015 1229 2085 1283 οὶ)
2104 1229 2275 1300 idque
2288 1228 2560 1300 plurimas
2578 1229 2806 1284 Parisiis
2826 1230 3197 1286 Bibliothecas
3217 1231 3449 1287 lustras-

1853 1316 1998 1387 sem)
2015 1317 2362 1389 suppeditari
2387 1318 2681 1389 potuisset,
2714 1334 2938 1374 omnem
2966 1334 3180 1387 curam,
3220 1336 3448 1376 omnem

1852 1405 2123 1473 laborem,
2138 1422 2302 1461 omne
2317 1406 2587 1468 studium,
2607 1422 2832 1461 omnem
2853 1407 3094 1479 denique
3110 1407 3450 1464 industriam

1854 1494 2084 1549 adhibui
2111 1500 2172 1550 ut
2201 1511 2372 1567 quam
2401 1494 2827 1565 castigatissime
2849 1495 3297 1552 Commentarius
3320 1498 3451 1569 iste,

1858 1584 1930 1638 ad
1977 1584 2172 1639 limam
2215 1585 2418 1655 saepius
2449 1588 2507 1639 et
2530 1584 2792 1639 incudem
2819 1585 3090 1640 revocatis
3135 1587 3449 1653 sententiis,

1860 1673 2148 1739 ederetur;
2190 1673 2461 1745 impedire
2508 1672 2876 1728 nihilominus
2904 1672 2961 1728 id
2992 1690 3175 1745 operae
3204 1675 3456 1747 nequivit

211 1761 531 1818 solummodo
553 1762 1067 1833 SS.Hieronymum
1083 1768 1141 1816 et
1152 1762 1483 1833 Gregorium
1511 1763 1779 1832 Magnum
1801 1830 1836 1836 _
1862 1761 1997 1832 quin
2027 1766 2215 1816 errata
2240 1761 2590 1834 irrepserint,
2620 1762 2767 1817 sicut
2795 1761 2925 1817 etin
2949 1764 3274 1834 appendice,
3308 1764 3458 1836 quod

212 1852 258 1906 in
274 1851 509 1908 medium
519 1849 751 1922 profert,
774 1830 1110 1922 praefertque
1124 1868 1240 1906 suae
1268 1830 1559 1906 sententiae
1582 1830 1844 1906 a‘uctor-B
1864 1830 2051 1905 minus
2079 1850 2329 1906 studiose
2356 1830 2763 1922 diligenterque
2788 1830 3179 1923 chalcographi
3211 1830 3345 1908 sese
3363 1854 3460 1910 ha-

208 1942 554 1996 noster.Loca
572 1940 868 1995 citavimus
893 1941 957 1995 B.
985 1940 1305 2011 Augustini,
1322 1945 1525 2012 praeter
1555 1940 1778 2011 paucis-

211 2029 357 2097 sima;
387 2030 569 2086 sancti
598 2046 728 2084 vero
756 2028 1036 2083 Ambrosii
1051 2029 1393 2095 nullatenus,
1413 2029 1620 2101 quippe
1633 2028 1783 2083 inter

211 2119 317 2189 ejus
358 2135 529 2190 opera
578 2134 649 2173 ne
703 2116 932 2172 verbum
995 2117 1223 2188 quidem
1277 2118 1576 2172 citatorum
1632 2135 1668 2171 a
1714 2119 1776 2172 Β.

210 2205 509 2271 Lanfranco,
541 2208 649 2262 etsi
678 2206 890 2261 diutius
935 2206 1290 2277 multumque
1322 2206 1381 2259 in
1409 2206 1521 2260 illis
1548 2205 1780 2259 adiuve-

209 2294 397 2350 niendis
425 2294 908 2361 desudaverimus,
931 2295 1090 2351 licuit
1103 2295 1355 2349 invenire
1374 2313 1388 2363 ;
1411 2295 1509 2349 sed
1538 2294 1778 2348 maxime

215 2383 270 2438 ab
294 2384 535 2456 Epistola
568 2384 641 2438 ad
683 2384 964 2439 Romanos
997 2384 1069 2438 ad
1099 2385 1407 2455 Epistolam
1435 2384 1506 2437 ad
1549 2383 1779 2437 Galatas

212 2488 395 2544 usque;
442 2474 726 2544 siquidem
775 2474 834 2527 in
872 2473 1148 2545 Epistolas
1192 2474 1263 2527 ad
1295 2474 1578 2527 Romanos
1616 2477 1673 2525 et
1709 2472 1780 2525 ad

211 2562 501 2618 Corinthios
543 2562 714 2618 verba
740 2561 844 2617 sub
881 2563 1108 2617 nomine
1144 2563 1210 2616 D.
1253 2561 1533 2615 Ambrosii
1569 2561 1779 2632 produ-

212 2656 302 2717 cta,
328 2652 384 2706 in
412 2652 835 2706 Commentario
861 2652 969 2723 ipsi
988 2667 1283 2723 perperam
1313 2652 1554 2721 ascripto
1586 2667 1781 2705 occur-

210 2755 314 2798 rere
330 2742 601 2803 nonnulla
621 2760 636 2806 ;
668 2741 817 2795 haud
836 2741 1090 2812 equidem
1113 2745 1537 2811 consequenter,
1555 2740 1653 2794 sed
1672 2755 1787 2793 una

212 2834 294 2883 aut
317 2831 492 2885 altera
520 2831 672 2885 linea
699 2830 853 2884 intra
881 2829 1100 2901 paginae
1144 2829 1438 2884 dimidium
1476 2828 1785 2883 identidem

210 2917 482 2991 desumpta
518 2919 759 2983 videtur,
793 2935 1195 2989 nonnunquam
1217 2918 1328 2972 duo
1349 2922 1448 2973 aut
1470 2918 1581 2972 tria
1594 2917 1782 2972 verba.

211 3005 346 3061 Unde
380 3025 592 3079 magna
634 3007 776 3061 mihi
810 3007 1051 3079 suspicio
1094 3013 1181 3062 est
1222 3007 1284 3060 B.
1333 3007 1633 3062 Lanfranci
1673 3023 1787 3061 aevo

207 3094 610 3152 Commentaria
646 3096 829 3150 sancti
870 3095 1153 3150 Ambrosii
1193 3096 1490 3163 exstitisse,
1537 3113 1663 3167 quae
1717 3096 1789 3151 ad

1860 1939 2087 1994 buerint
2099 1984 2110 1996 .

1933 2029 2192 2083 Glossula
2212 2029 2826 2100 quideminterlinearis
2840 2030 2900 2085 in
2915 2031 3264 2102 autographa
3280 2037 3459 2088 exsta-

1863 2118 1977 2185 bat,
2000 2117 2099 2171 sed
2127 2133 2257 2172 cum
2285 2118 2685 2173 obscuritatem
2714 2118 2972 2189 ingerere
2995 2119 3279 2175 videretur
3293 2121 3460 2189 (litte-

1859 2222 1981 2259 ram
2024 2205 2176 2260 enim
2229 2206 2593 2275 grammatice
2633 2207 2894 2277 explanat
2937 2206 3192 2279 subinde)
3224 2208 3462 2280 interje-

1859 2299 2027 2359 ctam,
2075 2293 2345 2348 nimirum
2385 2294 2717 2365 explicatius
2746 2294 2914 2349 verba
2960 2295 3297 2350 enodantem
3339 2296 3461 2367 pla-

1861 2382 1979 2437 cuit
1996 2383 2257 2452 evulgare
2281 2400 2295 2449 ;
2320 2383 2390 2436 ab
2420 2382 2664 2437 auctoris
2688 2388 2879 2437 tamen
2906 2388 2964 2437 et
2991 2389 3195 2449 mente,
3222 2390 3280 2439 et
3293 2400 3464 2439 sensu

1861 2472 2179 2539 verborum,
2214 2488 2326 2526 non
2348 2478 2749 2537 transversum,
2781 2477 2848 2526 ut
2876 2473 3054 2538 aiunt,
3089 2490 3337 2544 unguem
3355 2475 3466 2529 dis-

1862 2561 2020 2617 cessi.
2049 2563 2123 2615 At
2152 2567 2424 2632 quantum
2454 2562 2538 2616 fas
2576 2562 2699 2627 iuit,
2732 2561 3003 2632 potuique
3031 2563 3301 2631 divinare,
3339 2580 3467 2634 ger-

1865 2666 2035 2705 mana
2063 2649 2361 2704 Laufranci
2388 2650 2557 2704 verba
2581 2650 2944 2721 dcscripsi,et
2971 2650 3066 2705 ubi
3098 2651 3315 2707 litteras
3344 2668 3468 2708 sen-

1866 2756 2057 2793 sumve
2082 2739 2358 2810 explicare
2386 2755 2500 2794 non
2536 2739 2800 2805 valerem,
2832 2744 3040 2809 puncta
3068 2740 3323 2811 interjeci
3343 2741 3465 2796 loco

1864 2828 2199 2896 verborum;
2228 2828 2316 2882 vel
2338 2844 2472 2882 sane
2512 2828 2559 2882 si
2599 2828 2823 2899 quando
2865 2827 3188 2883 obscuriora
3217 2834 3467 2886 attexue—

1866 2917 1994 2985 rim,
2026 2917 2086 2971 in
2117 2917 2368 2987 margine
2396 2918 2747 2987 conjecturas
2776 2918 2975 2988 adjeci.

1939 3006 2087 3060 Loca
2131 3005 2330 3059 divinze
2359 3005 2661 3075 Scripturae
2714 3022 2839 3059 cum
2868 3006 3109 3075 vulgatis
3139 3006 3355 3075 Bibliis,
3412 3013 3471 3063 et

1870 3093 2177 3149 sententias
2204 3092 2586 3163 B.Augustini
2621 3108 2747 3147 cum
2781 3092 3025 3149 editione
3052 3095 3468 3166 Antuerpiensi,

205 3191 384 3239 nostra
410 3192 670 3257 tempora
694 3185 1135 3256 haudquaquam
1166 3191 1558 3256 pervenerunt,
1580 3186 1668 3238 vel
1702 3186 1846 3246 la-C
1869 3182 2118 3237 omnium
2158 3179 2610 3251 castigatissima,
2650 3180 2989 3235 contulimus
3021 3200 3032 3235 :
3073 3186 3359 3246 Quantum
3396 3184 3470 3240 ad

205 3277 308 3328 tare
329 3274 557 3330 alicubi.
607 3274 695 3328 Ab
737 3273 842 3328 hac
883 3275 1204 3345 conjectura
1243 3273 1476 3328 minime
1525 3274 1792 3328 abhorret

205 3362 461 3419 Antonius
506 3363 849 3419 Possevinus
892 3363 952 3417 in
998 3367 1288 3434 Apparatu
1322 3380 1480 3418 sacro
1520 3364 1590 3418 de
1635 3363 1790 3418 hisce

203 3448 622 3507 Commentariis
647 3467 822 3522 agens
857 3470 870 3505 :
907 3468 933 3503 ς(
961 3451 1086 3506 Jam
1119 3468 1266 3518 vero,
1287 3450 1791 3523 inquit,Commen-

201 3538 357 3593 tsrios
377 3541 439 3595 in
470 3540 755 3612 Epistolas
783 3540 945 3594 Pauli
972 3556 1086 3594 non
1126 3556 1248 3594 esse
1281 3539 1584 3606 Ambrosii,
1625 3541 1789 3595 hosce

202 3628 284 3697 qui
324 3629 442 3684 dati
479 3635 622 3685 sunt
661 3628 838 3700 prelo,
868 3629 967 3683 sed
1009 3628 1290 3684 interiisse
1332 3645 1662 3700 persuasum
1703 3634 1789 3713 est

199 3714 300 3771 fere
325 3718 676 3776 doctoribus.
712 3737 736 3769 ι

256 3807 565 3877 Agnoveris
599 3807 773 3862 etiam
817 3807 873 3860 in
903 3808 1006 3861 hoc
1045 3806 1240 3861 eodem
1283 3806 1579 3861 Lanfranci
1623 3808 1786 3862 Com-

197 3897 458 3951 mentario
485 3896 766 3968 quasdam
793 3895 1118 3960 sententias,
1129 3911 1252 3966 quae
1268 3895 1548 3950 Ambrosii
1576 3912 1784 3951 nomen

194 3997 296 4051 prae
318 4001 379 4040 se
404 3985 624 4051 ferunt,
656 4001 853 4039 revera
876 4000 1000 4039 esse
1020 3983 1338 4054 Augustini,
1352 3984 1627 4052 videlicet,
1646 4002 1776 4056 pag.

191 4070 302 4139 128,
330 4075 391 4129 in
416 4076 586 4147 Epist
633 4074 706 4128 ad
738 4074 987 4141 Galatas,
1022 4073 1094 4128 ad
1125 4074 1241 4129 haec
1270 4072 1439 4128 verba
1468 4073 1666 4144 capitis
1703 4073 1773 4130 3:

193 4161 446 4218 Hediator
487 4168 702 4229 autem,
735 4167 863 4229 etc.,
913 4166 965 4217 si
990 4164 1166 4217 Filius
1196 4164 1294 4217 Dei
1333 4165 1610 4228 naturali,
1665 4170 1774 4220 etc.

189 4247 315 4304 Item
334 4250 575 4318 ibidem,
601 4257 731 4322 pag:
748 4248 854 4306 129
871 4269 882 4303 :
900 4250 1005 4306 Sed
1029 4253 1299 4305 conclusit
1330 4251 1635 4318 Conclusio,
1671 4256 1776 4306 etc.

191 4334 249 4390 Et
272 4339 343 4392 ad
371 4338 597 4411 caput4
620 4339 874 4410 ejusdem
891 4337 1151 4410 Epistolze
1170 4355 1298 4410 pag.
1328 4337 1423 4395 131
1453 4357 1464 4392 :
1499 4340 1780 4395 Elementa

188 4428 237 4479 id
260 4433 351 4497 est,
382 4430 730 4499 temporibus
749 4430 1053 4493 servitutis,
1083 4433 1187 4481 etc.
1222 4428 1455 4481 Exstant
1482 4428 1597 4483 haec
1628 4430 1777 4501 apud

185 4514 582 4585 Augustinum,
612 4516 711 4570 lib.
745 4515 1119 4587 Expositionis
1148 4515 1407 4587 Epistolas
1433 4516 1505 4570 ad
1527 4517 1778 4589 Galatas,

186 4610 301 4659 ante
327 4607 610 4662 medium.
630 4605 709 4660 Et
735 4605 853 4660 haec
877 4604 1187 4676 objicienda
1215 4605 1711 4676 putavi,quatenus
1729 4607 1776 4660 si

186 4707 283 4761 qua
309 4694 368 4749 id
395 4712 588 4765 genus
618 4693 936 4759 oll‘enderis,
984 4693 1175 4757 lector,
1203 4693 1434 4763 colligas
1463 4710 1530 4748 ea
1564 4694 1778 4765 promi-

185 4796 300 4837 scue
327 4790 387 4839 et
406 4784 726 4840 oscitanter
751 4799 787 4836 a
812 4781 1041 4837 librario
1077 4781 1251 4836 fuisse
1282 4783 1345 4836 B.
1369 4782 1665 4837 Ambrosio
1693 4801 1779 4839 as-

183 4868 407 4939 signata.
443 4872 661 4929 Omnia
685 4876 875 4926 autem
893 4876 1415 4943 percurrere,atq%
1425 4872 1495 4925 ad
1510 4872 1780 4927 amussim

184 4971 452 5028 revocare,
497 4967 561 5016 et
609 4961 762 5016 locus
803 4976 868 5014 ex
912 4966 1153 5032 utroque
1197 4961 1426 5015 doctore
1470 4960 1541 5016 ab
1578 4961 1774 5015 eodem

184 5044 482 5105 Ianfraneo
536 5054 826 5104 mutuatos
877 5049 1147 5114 conferre,
1191 5048 1436 5120 ingentis
1481 5057 1631 5106 esset
1683 5061 1775 5124 (ne

183 5131 346 5194 dicam
382 5140 676 5194 humanas
710 5138 1115 5210 propemodum
1152 5139 1299 5193 vires
1335 5138 1673 5209 excedentis)
1719 5145 1776 5193 et

181 5219 371 5281 laboris
406 5227 661 5283 forsitan
697 5226 875 5282 vacui.
1392 5248 1397 5253 λ

242 5315 477 5373 Caduca
509 5316 657 5372 adeo
686 5321 853 5371 erant
878 5316 1081 5371 litterae
1109 5332 1174 5371 ac
1197 5316 1592 5372 minutissima:
1626 5317 1779 5383 (coae-

180 5406 560 5461 taneatamen
593 5410 652 5460 et
672 5420 789 5460 non
831 5404 1135 5476 ineleganti
1162 5421 1335 5460 manu
1361 5408 1643 5476 exaratis),
1690 5406 1776 5460 uti

180 5490 343 5549 Visum
371 5495 653 5567 fugerent
669 5494 1001 5566 aliquando;
1030 5494 1214 5549 lituris
1232 5495 1464 5566 insuper
1484 5495 1778 5550 Commen-
1812 5554 1813 5559 η

177 5583 347 5638 terius
379 5584 682 5656 plerisque
729 5581 791 5638 in
835 5583 971 5638 locis
1021 5583 1527 5652 contaminabatur,
1560 5583 1779 5639 mendis

180 5684 278 5729 non
314 5672 580 5740 carebat,
618 5672 900 5729 asteriscis
932 5678 990 5728 et
1023 5671 1197 5729 obelis
1243 5673 1600 5730 subobscuris
1627 5690 1778 5729 mar-

1872 3272 1929 3326 S.
1952 3269 2332 3336 Ambrosium,
2363 3269 2615 3325 conferre
2639 3270 2798 3326 licuit
2823 3270 2982 3337 nihil,
3015 3276 3247 3342 propter
3292 3272 3470 3328 ratio-

1871 3377 1970 3415 nes
1994 3359 2254 3430 superius
2279 3358 2498 3413 allatas.

1944 3449 2013 3503 Et
2036 3448 2170 3519 quia
2194 3448 2609 3503 B.Laufraucus
2619 3448 2869 3518 glossula
2891 3465 2995 3504 sua
3013 3449 3281 3505 continuo
3296 3467 3469 3522 prope

1870 3543 2084 3592 textum
2114 3537 2396 3604 emendat,
2437 3553 2540 3591 nos
2569 3552 2637 3591 ea
2661 3537 2731 3592 de
2761 3553 2823 3591 re
2850 3538 3179 3607 glossulam,
3205 3538 3302 3609 ubi
3329 3540 3470 3595 sim-

1871 3627 1996 3698 plex
2019 3625 2128 3681 fuit
2161 3626 2450 3687 correctio,
2489 3624 2878 3693 subticuimus,
2914 3631 2972 3683 et
2991 3627 3292 3697 Vulgatam
3322 3629 3469 3685 hanc

1868 3716 2049 3788 ipsam
2061 3732 2255 3770 sumus
2279 3716 2338 3769 in
2358 3720 2551 3769 nostra
2571 3714 2818 3770 editione
2840 3716 3036 3782 secuti,
3054 3717 3247 3786 paucis
3266 3718 3483 3774 saltem.

1868 3805 2109 3876 exceptis
2135 3821 2259 3875 quae
2287 3803 2604 3858 inconsulto
2628 3803 2929 3875 irrepsere,
2975 3806 3214 3877 exempli
3256 3808 3463 3877 gratia,

1865 3896 2326 3949 holocaustomata
2376 3910 2478 3966 pro
2528 3894 2987 3963 holocautomata,
3019 3896 3270 3966 quamvis
3314 3897 3465 3954 idem

1864 3988 2085 4037 sonent.

1934 4072 2035 4127 lllo
2064 4072 2124 4126 in
2146 4071 2573 4127 Commentario
2605 4072 2744 4126 duas
2780 4071 3133 4143 potissimum
3166 4072 3236 4128 ob
3266 4090 3463 4130 causas

1864 4162 2011 4227 (mea
2047 4161 2346 4229 sententia)
2384 4160 2645 4214 brevitati
2669 4160 2888 4215 studuit
2921 4166 3144 4230 auctor;
3177 4163 3356 4218 altera
3377 4170 3465 4220 est

1863 4249 2127 4320 quoniam
2161 4250 2218 4303 id
2248 4254 2382 4303 tunc
2403 4248 2692 4319 temporis,
2719 4265 2785 4302 ac
2812 4249 2989 4304 multo
3025 4251 3201 4322 prius,
3242 4251 3460 4307 divina-

1860 4355 1989 4392 rum
2059 4354 2248 4392 rerum
2308 4342 2778 4392 commentatores
2835 4354 3053 4393 sacram
3112 4338 3460 4411 Scripturam

1857 4430 2143 4490 λακωνικῶς
2178 4426 2722 4498 interpretabantur;
2753 4427 2931 4483 altera
2960 4444 3108 4494 vero,
3135 4428 3269 4499 quia
3286 4428 3458 4484 studii

1861 4533 2082 4589 parum,
2100 4516 2483 4570 meditationis
2512 4517 2989 4587 quamplurimum
3010 4516 3211 4572 divinis
3241 4517 3301 4572 in
3317 4518 3462 4573 Scri-

1858 4604 2039 4675 pturis
2068 4603 2465 4673 intelligendis,
2492 4619 2598 4658 usu
2634 4602 2807 4674 probe
2836 4604 2921 4657 vir
2947 4604 3041 4659 ille
3070 4604 3268 4660 divinae
3296 4606 3457 4661 theo-

1859 4693 1955 4748 riae
1978 4693 2385 4747 scientissimus
2408 4697 2640 4746 noverat
2669 4692 3086 4748 insumendum.

1932 4784 2078 4837 Loca
2101 4799 2132 4836 e
2170 4781 2323 4836 Petri
2354 4779 2657 4835 Lombardi
2688 4781 3171 4838 lucubrationibus
3207 4785 3267 4840 in
3308 4787 3461 4841 Pau-

1860 4872 1977 4926 lum
2008 4871 2289 4941 descripta
2330 4886 2395 4924 ac
2423 4869 2582 4923 initio
2635 4870 3182 4927 Commentariorum
3220 4891 3256 4928 a
3296 4874 3458 4931 nobis

1861 4964 2091 5022 attexta,
2141 4959 2294 5014 aliud
2342 4975 2480 5030 opus
2520 4958 2581 5012 in
2622 4959 2899 5030 Epistolas
2927 4962 3181 5032 Apostoli
3218 4963 3459 5019 edidisse

1856 5049 2229 5103 Lanfrancum
2257 5048 2556 5119 indigitare
2581 5049 2860 5116 videntur,
2875 5055 3071 5121 utpote
3095 5068 3237 5122 quae,
3256 5058 3459 5124 praeter

1857 5139 1968 5193 duo
1998 5139 2329 5209 posteriora,
2358 5138 2589 5192 minime
2606 5142 2876 5209 prostant
2898 5137 2957 5193 in
2978 5139 3065 5194 his
3095 5143 3457 5196 Commenta-

1863 5227 1982 5281 riis.
2003 5227 2170 5281 Forte
2199 5227 2351 5281 aliud
2380 5227 2665 5297 sepultum
2694 5227 2966 5282 hactenus
2995 5229 3239 5299 pulvere,
3264 5228 3456 5283 blattis

1858 5316 2137 5386 tineisque
2186 5315 2640 5387 depraedantibus
2684 5316 2931 5371 exesum.
2966 5318 3104 5371 Cum
3134 5333 3262 5371 vero
3305 5317 3456 5373 ullus

1858 5403 2227 5460 dubitationis
2256 5421 2394 5459 meae
2423 5411 2668 5459 assertor
2695 5421 2974 5475 nusquam
3006 5410 3280 5473 occurrat,
3306 5407 3457 5478 quod

1858 5492 2211 5565 publicamus
2248 5493 2730 5549 Commentarium
2780 5492 2941 5548 nobis
2996 5493 3225 5548 interim
3282 5495 3456 5551 fuerit

1860 5582 2059 5637 solatio
2069 5622 2081 5637 .

1931 5673 2256 5727 Tractatum
2294 5672 2374 5727 De
2425 5669 2775 5726 eucharistize
2812 5676 3168 5728 sacramento
3201 5674 3462 5745 (repetita
