3952 6374
490 374 559 427 ’15

1183 367 1244 421 Β.
1288 364 1767 420 LANFRANCUS
1806 363 2383 419 CANTUARIENSIS
2421 365 3065 420 ARCHIEPISCOPUS.
3713 370 3772 427 ili

485 494 728 550 editione
754 492 1039 548 multoties
1061 491 1399 561 evulgatum)
1423 490 1635 561 primus
1653 489 1800 544 eruit
1826 490 2143 549 Francis-A
2164 488 2341 543 virum
2381 494 2639 544 sanctum
2680 504 2916 544 summae
2965 490 3318 548 abstinentiae
3362 495 3670 563 addictum,
3706 514 3774 552 ac

489 600 586 638 cus
639 583 878 637 Carreus
929 597 1031 635 seu
1077 579 1415 645 Quadratus,
1450 578 1739 633 Beccensis
1790 578 2085 650 coenobita,

489 670 638 743 quod
693 669 931 741 ipsemet
979 668 1038 722 in
1076 684 1197 735 sua,
1227 682 1395 737 quam
1423 666 1690 720 tractatui
1719 666 2076 736 praeﬁximus,

2172 578 2494 646 monachos,
2555 583 2760 633 sanctae
2814 580 3021 649 regulae
3094 579 3503 650 observatores,
3562 587 3658 657 qui
3713 586 3772 640 in

2169 667 2528 721 resarcienda
2571 667 2866 737 disciplina
2912 669 3221 723 monastica
3261 688 3485 726 omnem
3539 690 3769 744 operam

484 759 894 830 nuncupatoria
921 758 1158 828 epistola
1185 759 1605 810 commonstrat.
1655 755 1764 808 Sed
1794 770 1922 808 vero
1952 770 2078 808 cum
2160 760 2449 819 navarent,
2481 754 2795 809 dedeceret.
2831 758 3105 810 Caeterum
3133 757 3598 831 instaurationem
3639 761 3764 815 vitae

484 850 543 904 in
570 849 668 902 illa
688 847 879 902 Carrei
901 846 1145 901 editione
1170 843 1495 913 Berengarii
1521 842 1922 914 professionem
1940 859 2073 913 pon-

479 938 629 993 tifice
659 935 930 1006 Gregorio
963 934 1063 988 VII
1095 934 1318 997 factam,
1334 937 1392 986 et
1419 932 1674 1002 quaedam
1702 931 2073 1002 praecedentia

480 1029 538 1079 et
582 1022 983 1094 subsequentia
1030 1019 1199 1075 verba
1252 1018 1791 1084 animadvertissem,
1856 1017 1926 1071 ab
1982 1017 2070 1071 his

478 1112 752 1176 videlicet,
801 1112 884 1165 Ad
918 1111 1026 1164 haec
1067 1110 1318 1176 Gregorii
1359 1110 1595 1176 septimi,
1640 1112 1770 1171 etc.,
1814 1107 1885 1160 ad
1925 1106 2066 1160 illa:

479 1203 616 1257 Cum
639 1204 824 1254 autem
847 1201 947 1253 sub
969 1199 1215 1264 Nicolao,
1248 1200 1350 1251 etc.
1385 1196 1605 1266 adjecta
1631 1195 1802 1249 fuisse
1826 1194 1896 1249 ab
1913 1194 2069 1248 evul-

432 1314 437 1317 ι
473 1296 670 1361 gatore
710 1289 879 1343 haece
924 1288 1247 1358 conjectura
1275 1283 1538 1338 movebar
1572 1302 1583 1334 :
1612 1284 1762 1338 haud
1787 1283 1936 1337 enim
1981 1299 2069 1337 me

474 1378 685 1434 latebat
730 1378 794 1432 B.
825 1376 1201 1431 Lanfrancum
1251 1372 1486 1443 epistola
1535 1370 1564 1425 3
1593 1373 1664 1427 ad
1690 1372 2069 1426 Alexandrum

471 1483 676 1539 papam
730 1468 1033 1518 tractatum
1079 1478 1243 1515 suum
1296 1460 1376 1514 De
1419 1476 1650 1531 corpore
1697 1465 1755 1513 et
1798 1460 2071 1529 sanguine

471 1553 696 1610 Domini
725 1558 919 1607 contra
962 1549 1383 1620 Berengarium,
1415 1548 1647 1603 Cadomi
1694 1547 1915 1602 abbatis
1943 1547 2071 1601 fun-

468 1649 696 1715 gentem
711 1640 911 1707 officio,
935 1637 1289 1693 elucubrasse
1303 1637 1613 1708 professum
1633 1655 1645 1704 ;
1668 1635 2071 1706 constabatque

468 1730 801 1802 Gregorium
831 1745 942 1783 non
965 1728 1161 1782 eadem
1187 1730 1542 1797 tempestate,
1570 1741 1764 1779 verum
1803 1725 1928 1795 plus
1954 1724 2058 1778 tri-

2158 842 2437 905 solitarize,
2474 859 2598 913 quae
2637 849 2957 897 asservatur
2994 845 3052 899 in
3106 847 3339 917 collegio
3399 849 3763 904 Benedictino

2154 930 2546 1000 Cantabrigiae,
2579 930 2749 985 aliam
2771 932 3001 986 minime
3028 950 3148 988 esse
3178 951 3213 988 a
3242 936 3511 1003 Decretis,
3543 939 3675 1003 sive,
3698 941 3766 992 ut

2152 1024 2370 1084 vocant,
2403 1019 2781 1086 Caeremoniis,
2812 1021 2977 1075 ﬁdem
3020 1022 3154 1076 facit
3179 1024 3453 1079 Seldenus
3501 1026 3573 1080 ad
3616 1025 3761 1081 Ead-

2152 1108 2293 1162 meri
2320 1108 2629 1162 Historiam
2661 1110 3009 1180 praefatione.

2220 1197 2307 1251 Ad
2328 1197 2596 1267 epistolas
2615 1198 2763 1268 quod
2784 1198 3005 1263 attinet,
3032 1199 3394 1256 adhibuimus
3412 1202 3757 1273 ipsissimum

2151 1286 2464 1357 exemplum
2495 1288 2657 1356 cujus
2686 1287 2949 1341 meminit
2970 1288 3271 1344 cardinalis
3307 1291 3581 1346 Baronius
3637 1294 3755 1347 An-

2152 1375 2264 1429 nal.
2316 1374 2819 1429 ecclesiasticorum
2873 1380 3026 1430 torno
3083 1378 3155 1445 lI,
3213 1379 3283 1432 ad
3344 1396 3555 1435 annum
3612 1377 3756 1437 1070

2151 1461 2396 1530 (illorum
2452 1464 2659 1517 etenim
2716 1464 3017 1519 nonnullas
3065 1465 3137 1520 ad
3176 1483 3395 1523 sacram
3444 1469 3752 1524 Historiam

2152 1556 2487 1621 spectantes,
2512 1552 2722 1607 eisdem
2751 1552 3062 1607 Annalibus
3092 1554 3377 1625 intexuit),
3401 1557 3497 1627 qui
3525 1564 3751 1628 postea-

2154 1654 2323 1708 quam
2343 1640 2640 1695 Lanfranci
2671 1641 2965 1711 epistolam
2996 1643 3310 1699 Alexandro
3341 1646 3392 1700 II
3421 1645 3750 1717 inscriptam

2138 1726 2352 1791 retulit,
2382 1728 2494 1781 ista
2542 1728 2756 1800 profert
2788 1746 2798 1779 :
2835 1748 2860 1780 α
2896 1730 3195 1801 Hucusque
3244 1732 3480 1802 epistola
3512 1734 3584 1787 ad
3624 1735 3750 1788 Ale-

465 1820 570 1875 bus
585 1797 726 1891 post
750 1816 914 1871 annis
940 1816 1111 1870 fuisse
1131 1819 1383 1869 creatum
1406 1816 1552 1880 (cum
1577 1814 1695 1883 jam
1735 1811 1795 1866 in
1818 1797 2415 1869 Cantua-Bxandrum
2446 1816 2789 1887 pontificem,
2840 1834 3007 1888 quam
3049 1819 3235 1889 accepi
3291 1836 3405 1874 una
3451 1837 3578 1875 cum
3625 1822 3751 1877 aliis

463 1908 636 1963 riensi
670 1905 940 1961 cathedra
978 1904 1201 1958 sederet
1226 1901 1589 1972 Lanfrancus)
1622 1918 1687 1955 ac
1716 1901 1949 1971 proinde
1980 1899 2061 1953 di-

461 2003 609 2053 ctam
637 1994 1039 2067 professionem
1051 2009 1152 2048 suo
1170 1991 1358 2046 libello
1378 1991 1625 2045 inserere
1641 1989 1791 2044 haud
1813 1989 2061 2061 potuisse

464 2085 773 2142 videbatur.

529 2174 742 2230 Deinde
770 2172 971 2229 collato
1000 2172 1266 2227 Tractatu
1293 2168 1363 2223 ad
1415 2168 1525 2222 tria
1553 2184 1659 2221 ms.
1688 2165 2058 2220 bibliotheca-

461 2280 590 2319 rum
632 2263 841 2333 Regiae,
880 2260 1172 2315 Beccensis
1228 2262 1286 2313 et
1342 2256 1676 2321 Petavianaa,
1722 2271 1935 2309 necnon
1987 2253 2057 2307 ad

461 2368 655 2408 omnes
685 2368 808 2422 quae
837 2352 1201 2404 occurrerunt
1235 2345 1507 2401 editiones
1553 2361 1680 2399 cum
1717 2342 2058 2414 ejuscemodi

459 2439 822 2514 professionis
849 2455 921 2492 ne
950 2438 1035 2492 vel
1057 2436 1294 2490 minima
1323 2433 1538 2506 syllaba
1565 2434 1864 2503 legeretur,
1879 2432 2058 2502 magis

459 2528 772 2601 augebatur
815 2526 1077 2598 suspicio.
1136 2524 1326 2579 Nihilo
1373 2528 1564 2577 tamen
1610 2521 1791 2575 secius
1844 2520 2058 2573 addita-

459 2623 652 2673 menta
678 2634 800 2671 esse
822 2633 944 2687 quae
970 2613 1303 2685 protulimus
1334 2628 1446 2667 non
1466 2615 1553 2665 est
1566 2626 1667 2664 cur
1688 2610 2052 2673 affirmemus,

457 2705 911 2780 quandoquidem
946 2702 1217 2773 adjecisse
1252 2718 1321 2755 ea
1349 2701 1414 2757 B.
1447 2699 1843 2763 Lanfrancum,
1870 2697 2059 2752 elabo-

457 2813 723 2867 rasseque
751 2800 814 2849 ut
851 2793 1090 2864 amplior
1133 2796 1302 2862 atque
1332 2788 1682 2844 emendatior
1718 2788 1863 2842 foret
1904 2786 2060 2841 libel-

456 2888 565 2953 lus,
587 2901 717 2939 vero
749 2881 1039 2938 simillima
1054 2885 1140 2933 est
1156 2878 1301 2933 ratio
1326 2897 1338 2945 ;
1368 2876 1517 2948 quod
1538 2881 1595 2930 et
1613 2876 1795 2930 solent
1806 2875 2058 2946 plerique

459 2980 734 3041 auctores,
766 2969 1092 3042 saepiuscule
1120 2983 1292 3039 opera
1320 2983 1350 3020 a
1382 2982 1443 3020 se
1491 2965 1641 3019 edita
1666 2963 1769 3018 sub
1794 2963 2058 3019 incudem

456 3079 739 3120 revocare.
782 3061 909 3116 Non
946 3059 1036 3113 hic
1061 3057 1334 3111 immoror
1363 3055 1423 3109 in
1453 3053 1894 3109 commendando
1923 3070 2062 3125 prae-

2142 1901 2211 1956 ab
2250 1903 2427 1957 amico
2461 1905 2927 1975 conjunctissimo
2952 1906 3091 1960 mihi
3130 1908 3433 1964 christiana
3476 1910 3751 1967 charitate

2141 1990 2371 2045 Nicolao
2396 1992 2581 2047 Fabro
2609 1993 2931 2048 Parisiensi.
2969 2014 2993 2047 »
3040 2001 3144 2049 etc.
3178 1997 3419 2051 Fabrum
3449 2015 3515 2053 ex
3542 1998 3749 2054 celebri

2144 2078 2484 2134 bibliotheca
2540 2082 2875 2136 Cottoniana
2919 2082 2978 2137 in
3024 2084 3225 2155 Anglia
3266 2086 3545 2157 accepisse
3584 2089 3746 2143 testis

2142 2167 2280 2222 mihi
2309 2174 2395 2223 est
2414 2169 2564 2223 idem
2588 2170 2682 2241 qui
2704 2187 2874 2241 supra
2890 2172 3163 2251 Seldenus
3188 2174 3307 2228 loco
3335 2174 3524 2229 citato.
3557 2177 3745 2247 Atque

2139 2257 2277 2311 illud
2308 2257 2535 2328 quidem
2565 2261 2948 2331 apographum
2992 2261 3381 2317 liberalissime
3433 2265 3740 2320 communi-

2139 2346 2287 2399 cavit
2332 2346 2688 2401 doctissimus
2742 2348 3103 2416 Sirmondus;
3139 2367 3249 2422 quo
3288 2352 3646 2422 potissimum
3676 2355 3737 2409 in

2140 2437 2336 2488 nostra
2380 2435 2485 2489 hac
2522 2436 2607 2489 usi
2647 2453 2843 2490 sumus
2884 2437 3149 2493 editione.
3189 2440 3487 2511 Suppetias
3519 2459 3741 2513 quoque

2140 2523 2331 2576 attulit
2350 2524 2666 2595 exemplum
2696 2526 3019 2580 earumdem
3043 2527 3359 2583 litterarum
3385 2536 3436 2591 (θ
3467 2536 3747 2586 monaste-

2142 2610 2247 2675 rio,
2283 2612 2341 2665 ni
2370 2612 2551 2679 fallor,
2586 2613 2775 2667 Sancti
2809 2614 3078 2686 Stephani
3108 2617 3495 2687 Cadomensis)
3511 2619 3581 2673 ab
3611 2637 3740 2675 eru-

2140 2701 2419 2755 ditissimo
2450 2704 2663 2757 Joanne
2696 2708 2742 2758 lc
2784 2707 2971 2758 Ρνέυόἰ
3000 2706 3438 2777 Rothomagensi
3473 2709 3742 2765 canonico

2143 2790 2558 2845 transmissum.
2593 2792 2773 2846 Unam
2823 2800 2924 2847 aut
2950 2794 3189 2849 alteram
3241 2812 3307 2849 ex
3342 2796 3473 2850 Vita
3501 2798 3563 2851 B.
3598 2798 3740 2851 Lan-

2144 2877 2322 2931 franci
2357 2884 2413 2932 et
2465 2879 2723 2933 Eadmeri
2767 2880 3015 2935 Historia
3063 2883 3345 2953 excerpsi;
3393 2884 3743 2954 trigesimam

2142 2966 2441 3037 septimam
2493 2969 2674 3038 (cujus
2722 2969 2946 3023 initium
2977 2969 3250 3024 duntaxat
3280 2977 3584 3043 utrumque
3611 2989 3743 3045 apo-

2140 3055 2419 3126 graphum
2450 3056 2792 3127 continebat)
2815 3058 3090 3128 integram
3107 3058 3259 3113 misit
3278 3060 3428 3113 idem
3456 3064 3505 3115 le
3525 3063 3736 3129 Ρνέυόε,

457 3154 631 3209 coniis
679 3152 786 3205 isto
839 3163 1006 3219 opere
1056 3162 1257 3212 aureo;
1310 3144 1446 3199 satis
1490 3145 1638 3198 enim
1678 3160 1958 3215 superque
1988 3142 2616 3213 dquuemadmodum
2644 3161 2746 3198 suo
2777 3145 2899 3199 loco
2943 3145 3351 3200 adnotavimus.
3388 3148 3563 3202 Porro
3593 3165 3741 3203 com-

459 3242 654 3298 eodem
684 3253 856 3309 supra
893 3250 1192 3290 numerum
1216 3232 1500 3287 tradidere
1526 3232 1842 3303 scriptores.
1878 3238 1935 3287 et
1956 3249 2056 3286 nos

455 3330 669 3404 pariter
689 3329 748 3382 in
786 3321 1264 3381 observationibus
1314 3338 1381 3375 ex
1428 3321 1627 3375 iisdem
1669 3322 2058 3375 adnotavimus

456 3413 879 3491 plura.Mendis,
889 3411 1091 3483 quibus
1103 3408 1373 3474 scatebat,
1403 3408 1853 3479 expurgavimus,
1874 3409 2060 3463 distri-

457 3507 795 3575 buimusque
841 3502 901 3555 in
929 3498 1110 3571 capita
1138 3497 1411 3562 libellum,
1445 3502 1498 3551 et
1542 3496 1898 3552 citationibus
1949 3497 2058 3563 (di-

457 3594 664 3652 scussis
694 3592 848 3664 prius
876 3605 1007 3644 cum
1036 3604 1140 3642 ms.
1172 3587 1257 3641 vel
1297 3585 1462 3641 editis
1507 3585 1804 3655 codicibus)
1855 3586 2060 3657 margi-

460 3700 562 3739 nes
599 3678 1012 3736 adomavimus.

532 3770 789 3827 Proxime
818 3768 1131 3837 sequuntur
1151 3764 1377 3819 decreta
1405 3779 1507 3834 pro
1531 3762 1726 3816 ordine
1748 3763 1928 3817 sancti
1960 3764 2060 3817 Be-

461 3859 671 3918 nedicti
697 3858 800 3922 (De
845 3852 1324 3909 annotatiunculis
1368 3851 1441 3905 ad
1484 3851 1815 3906 Cassianum
1846 3851 2055 3905 dictum

465 3956 553 4005 est
580 3948 639 4002 in
668 3939 1148 4001 observationibus
1195 3940 1265 3993 ad
1295 3938 1482 3993 Vitam
1526 3955 1653 4010 pag.
1706 3937 1767 3994 41
1826 3944 1884 3993 et
1928 3937 2060 4008 252)

465 4037 641 4095 semel
668 4035 942 4089 duntaxat
967 4028 1116 4101 typis
1145 4026 1215 4081 ab
1239 4027 1459 4081 erudito
1478 4044 1634 4098 mque
1662 4044 1728 4081 ac
1756 4027 1848 4099 pio
1880 4028 2059 4082 Bene-

467 4126 676 4183 dictino
697 4117 1144 4191 congregationis
1158 4116 1479 4186 Anglicanas
1496 4116 1786 4171 Clemente
1800 4116 2059 4188 Reynero

466 4214 753 4277 mandata,
785 4209 884 4263 sed
913 4206 1064 4262 enim
1105 4205 1520 4259 cbaracteribus
1547 4204 1875 4274 gobliteratis
1900 4222 2058 4260 men-

466 4306 665 4375 disque
719 4297 949 4354 libraria
998 4293 1294 4350 oscitantia
1347 4293 1556 4364 passim
1611 4293 1847 4360 referta;
1913 4310 2055 4364 quae,

2140 3230 2328 3301 plures
2358 3233 2498 3286 alias
2526 3233 2813 3304 scripsisse
2847 3235 3062 3288 litteras
3089 3251 3253 3289 nemo
3283 3237 3379 3306 qui
3402 3253 3514 3290 non
3532 3236 3739 3306 videat;

2142 3320 2349 3391 quippe
2378 3322 2536 3390 cujus
2586 3322 2859 3388 doctrina,
2893 3322 3087 3387 virtus,
3120 3323 3440 3393 prudentia,
3470 3326 3743 3382 sanctitas

2141 3424 2243 3479 per
2268 3409 2585 3463 universam
2636 3427 2778 3480 pene
2825 3410 3104 3481 Europam
3153 3411 3507 3478 insonuerat;
3535 3415 3743 3486 quique

2140 3513 2267 3550 cum
2296 3513 2332 3550 a
2359 3497 2594 3551 summis
2625 3497 3001 3567 pontiﬁcibus,
3045 3503 3166 3552 tum
3198 3498 3266 3552 ab
3296 3500 3587 3572 episcopis,
3617 3508 3741 3559 tum

2140 3585 2311 3639 etiam
2360 3602 2395 3638 a
2440 3585 2805 3656 principibus,
2839 3592 2897 3647 et
2920 3586 3044 3641 aliis
3071 3588 3372 3658 cujuslibet
3402 3591 3740 3647 conditionis

2140 3672 2460 3727 hominibus
2488 3673 2908 3741 consulebatur;
2945 3680 3003 3729 at
3029 3691 3099 3729 ne
3132 3677 3331 3730 saltem
3365 3694 3537 3732 unam
3566 3679 3642 3733 ab
3668 3680 3738 3735 eo

2141 3768 2443 3829 exaratam,
2502 3763 2832 3833 priusquam
2905 3764 3111 3818 infulas
3167 3764 3427 3832 deferret,
3495 3767 3579 3821 fas
3632 3768 3741 3825 fuit

2140 3850 2387 3921 reperire
2416 3868 2429 3904 :
2461 3850 2734 3905 obvolutae
2767 3851 2998 3906 fuerunt
3028 3852 3180 3906 haud
3208 3852 3377 3908 dubie
3404 3855 3508 3909 sub
3532 3857 3734 3926 ruinis,

2140 3938 2274 3992 dum
2305 3939 2527 3993 circiter
2540 3955 2633 3993 an.
2674 3937 2826 4006 16‘24,
2851 3939 3129 3995 ditissima
3149 3941 3247 3996 illa
3274 3948 3443 4014 atque
3474 3944 3627 3999 omni
3653 3963 3742 4001 ve-

2141 4027 2433 4081 neratione
2470 4028 2640 4098 digna
2690 4028 2806 4082 ruit
2856 4028 3144 4083 Beccensis
3191 4028 3539 4085 Bibliotheca
3578 4032 3739 4101 (proh

2141 4115 2334 4170 dolor!
2363 4122 2576 4187 quanta
2611 4117 2887 4188 pernicies
2916 4117 3047 4172 viris
3082 4117 3367 4186 litteratis)
3399 4118 3495 4173 ubi
3525 4120 3740 4175 scilicet

2142 4203 2361 4259 codices
2389 4220 2523 4258 mss.
2560 4221 2695 4259 cura
2724 4210 2781 4259 et
2805 4204 2992 4260 studio
3017 4210 3136 4259 tam
3166 4206 3229 4260 B.
3252 4206 3550 4261 Lanfranci
3563 4223 3737 4277 quam
3843 4244 3851 4252 ο

2142 4293 2200 4348 S.
2235 4293 2487 4347 Anselmi
2509 4293 2820 4348 elucubrati
2865 4299 2923 4349 et
2952 4294 3229 4365 castigati,
3263 4294 3512 4350 studiose
3560 4312 3739 4351 asser-

465 4397 633 4468 prout
667 4388 903 4444 facultas
951 4382 1221 4456 suppetiit
1268 4383 1482 4448 (nullus
1526 4382 1677 4436 enim
1721 4382 1906 4482 Codex
1946 4399 2050 4483 ms.
2073 4380 2432 4483 Dvabantur.

466 4480 748 4550 occurrit),
782 4474 1160 4540 correximus;
1192 4471 1348 4539 colis,
1372 4472 1527 4525 caesis
1552 4475 1611 4525 et
1638 4471 1858 4542 punctis
1886 4472 2057 4543 pluri-

464 4589 561 4629 ma
584 4587 652 4625 ex
683 4571 843 4639 parte
869 4562 1250 4625 distinximus,
1297 4560 1681 4630 nonnullaque
1716 4560 1905 4629 capita
1934 4561 2059 4627 (sua

463 4658 781 4734 prolixitate
808 4650 1231 4725 importuniora)
1275 4648 1333 4703 in
1360 4647 1634 4703 sectiones
1662 4648 1845 4703 varias
1872 4649 2057 4703 divisi-

463 4766 609 4806 mus.
642 4744 955 4809 Enimvero,
989 4745 1054 4795 ut
1078 4739 1260 4794 dicam
1291 4737 1439 4808 quod
1469 4736 1671 4802 sentio,
1718 4739 2056 4808 gravitatem

462 4837 705 4911 stylique
734 4834 1086 4903 majestatem
1116 4829 1178 4882 B.
1224 4826 1624 4897 archiepiscopi
1667 4842 1779 4880 non
1808 4827 2060 4881 referunt

463 4927 671 4997 ubique
698 4922 831 4998 (scio
860 4921 919 4974 in
949 4919 1054 4973 hoc
1080 4916 1358 4972 scribendi
1403 4931 1611 4985 genere
1640 4915 1909 4970 concinna
1937 4932 2057 4970 ver-

459 5018 534 5072 ba
559 5031 673 5069 non
700 5028 821 5067 esse
850 5006 1193 5081 quaerenda);
1223 5021 1291 5059 ea
1325 5010 1555 5076 propter
1598 5004 1850 5075 suspicor
1878 5005 2055 5059 multa

462 5105 601 5162 mihi
621 5104 847 5158 decreta
866 5116 900 5153 a
917 5095 1366 5153 consarcinatore
1385 5097 1650 5163 congesta
1671 5093 1863 5159 fuisse,
1886 5098 1944 5148 et
1970 5110 2053 5148 re-

459 5211 591 5251 vera
641 5192 698 5246 id
754 5188 1138 5245 dlemonstrare
1185 5183 1446 5237 videntur
1490 5199 1631 5253 quae,
1675 5182 1871 5253 capitis
1899 5180 1933 5238 ‘2
1964 5199 2047 5236 se-

455 5285 639 5339 ctione
666 5280 722 5339 2.
755 5295 880 5351 pag.
916 5275 1042 5341 257,
1073 5275 1140 5329 D.
1173 5272 1470 5338 habentur,
1502 5270 1598 5325 ubi
1635 5270 1730 5324 ille
1758 5271 1877 5342 ipse
1905 5270 2044 5325 cita-

453 5380 548 5429 tur
590 5369 937 5426 Lanfrancus
982 5382 994 5417 :

2211 4472 2385 4524 Notas
2414 4475 2464 4524 et
2500 4469 2915 4526 observationes
2947 4470 3327 4542 adjunximus,
3353 4476 3428 4538 et,
3458 4476 3737 4544 quantum

2139 4558 2300 4613 nobis
2319 4559 2605 4629 integrum
2628 4559 2735 4614 fuit
2749 4576 2952 4631 resque
2982 4560 3589 4631 postulavere,vetusta
3610 4578 3735 4616 mo-

2137 4652 2408 4702 numcnta
2426 4648 2696 4702 hactenus
2715 4648 2863 4703 carie
2887 4653 2945 4702 et
2971 4648 3229 4720 squalore
3257 4648 3480 4715 foedata,
3504 4666 3737 4722 susque-

2138 4736 2319 4807 deque
2348 4735 2539 4791 habita
2568 4736 3024 4803 interseruimus;
3051 4754 3173 4807 quae
3192 4754 3355 4808 spero
3371 4737 3734 4809 antiquarum

2140 4842 2331 4879 rerum
2369 4826 2603 4880 curiosis
2631 4825 3073 4896 exploratoribus
3110 4826 3229 4880 fore
3248 4842 3361 4880 non
3390 4826 3727 4897 injucunda:

2138 4915 2363 4970 tametsi
2392 4916 2647 4987 quaedam
2667 4914 2909 4985 benigna
2937 4931 3108 4970 manu
3134 4915 3383 4986 expungi
3413 4914 3483 4969 ab
3507 4915 3589 4970 eis
3608 4931 3734 4987 per-

2138 5009 2287 5075 Opto,
2323 5005 2564 5058 maxime
2593 5020 2734 5074 quae,
2758 5020 2885 5075 pag.
2924 5001 3045 5069 338,
3078 5020 3145 5058 ex
3174 5004 3508 5076 pervetustis
3546 5020 3729 5059 mem-

2134 5092 2325 5147 branis
2348 5093 2646 5147 formulam
2677 5092 3071 5148 denuntiandee
3100 5093 3299 5147 mortis
3329 5093 3574 5148 defuncti
3603 5110 3727 5148 mo-

2134 5182 2299 5236 nachi
2354 5182 2681 5253 produxisse
2731 5199 2821 5236 me
2877 5181 3191 5249 affirmavi;
3250 5181 3527 5252 siquidem
3582 5182 3729 5238 hanc

2128 5271 2307 5342 ipsam
2350 5271 2691 5342 jampridem
2738 5271 2891 5341 prelo
2951 5269 3318 5341 suppositam,
3372 5275 3429 5323 et
3475 5267 3728 5327 Marbodi

1052 5384 1074 5413 ι
1118 5362 1359 5416 Cantent
1407 5359 1712 5413 matutinas
1756 5359 2042 5427 (Decretas
2126 5358 2372 5431 episcopi
2397 5358 2743 5413 Redonensis
2774 5357 3034 5430 operibus
3056 5357 3344 5428 pmﬁxam
3371 5355 3543 5411 fuisse
3565 5356 3728 5413 intel-

449 5458 768 5527 Lanfranci)
793 5454 1008 5511 laudes.
1044 5471 1070 5504 »
1105 5451 1190 5516 Et,
1221 5465 1341 5520 cap.
1366 5448 1420 5513 8,
1451 5452 1630 5514 sect.I,
1663 5446 2042 5518 praescribitur
2121 5448 2249 5502 lexi.

444 5556 511 5608 ut
536 5546 876 5606 cellerarius,
896 5559 1005 5615 quo
1027 5541 1117 5595 die
1144 5556 1264 5593 com
1269 5542 1505 5610 putuum
1522 5536 1799 5591 rationem
1819 5537 2036 5604 reddet,

2194 5539 2389 5608 Neque
2418 5537 2556 5591 mihi
2580 5551 2908 5591 succenseas
2932 5551 3049 5602 oro,
3084 5533 3232 5606 quod
3262 5534 3590 5607 saepiuscule
3617 5536 3727 5593 for-

442 5640 703 5697 fcstivum
732 5634 1033 5709 prandium
1059 5627 1328 5687 fratribus
1357 5626 1655 5695 exhibeat;
1700 5626 1847 5698 quod
1874 5627 2040 5698 plane
2125 5643 2228 5682 san
2266 5642 2355 5680 res
2383 5624 2727 5680 monasticas
2757 5622 3007 5696 qualibet
3042 5623 3176 5679 data
3215 5624 3505 5682 occasione
3531 5624 3727 5684 videar
