3952 6268
245 288 305 345 17

1603 297 2161 357 PROLEGOMENA.

3462 305 3522 364 18

235 413 626 484 congessisse;
658 412 783 468 duae
803 415 1110 484 praesertim
1140 434 1320 473 causae
1348 424 1484 475 sunt
1510 436 1634 492 quae
1663 438 1754 477 me
1773 423 1843 478 ad
1859 426 1910 485 A
1927 430 2025 497 pta
2052 431 2471 500 percurrentem
2491 425 2586 499 qui
2610 442 2723 482 non
2750 428 3053 500 perspiciat
3077 428 3320 485 arbitror
3342 430 3519 486 nemi-

234 501 343 557 hoc
380 502 752 574 impulerunt.
788 503 983 558 Altera
1010 505 1068 559 id
1096 506 1177 561 rei
1207 508 1392 579 exegit
1421 518 1541 580 lper
1576 528 1636 566 se
1663 516 1838 583 patet)

234 595 301 644 ut
326 591 664 662 plerumque
712 591 941 647 easdem
982 598 1418 664 pertractarem;
1461 598 1657 666 altera,
1709 602 1844 672 quia

232 694 426 733 coram
483 684 543 734 et
589 679 813 751 scriptis
857 681 1164 737 identidem
1210 701 1300 738 me
1346 689 1709 743 convenerint
1735 689 1842 745 viri

233 781 346 820 non
375 766 742 822 mediocriter
780 768 1004 835 eruditi,
1043 771 1317 837 nonnihil,
1358 789 1481 845 qum
1520 775 1592 829 ad
1633 777 1843 833 ordinis

226 854 583 910 Benedictini
608 855 1006 927 antiquitatem
1033 874 1099 912 ac
1118 860 1472 930 splendorem
1502 870 1757 935 spectant
1784 867 1843 922 in

226 943 464 998 dubium
478 945 1010 1011 revocantes,varias
1031 946 1438 1019 disputationes
1452 950 1837 1018 instituerunt,

224 1036 367 1103 puta
394 1032 467 1086 de
487 1032 723 1104 antiqua
741 1039 800 1087 et
818 1033 1114 1089 universali
1136 1038 1341 1106 regulae
1362 1039 1417 1092 in
1444 1039 1641 1094 Galliis
1656 1040 1842 1096 obser-

220 1120 470 1186 vatione,
508 1121 582 1175 de
602 1121 915 1192 insignibus
936 1124 1233 1179 sanctitate
1252 1131 1311 1180 et
1324 1126 1557 1183 scientia
1587 1130 1722 1185 viris
1742 1131 1838 1202 qui

217 1209 376 1263 inter
402 1208 629 1264 sodales
654 1211 904 1280 ejusdem
937 1212 1148 1267 ordinis
1168 1215 1351 1269 solent
1380 1219 1690 1285 recenseri;
1722 1219 1841 1290 qui-

220 1296 329 1352 bus
356 1303 425 1352 ut
452 1298 697 1352 facerem
727 1299 885 1366 satis,
922 1317 1048 1354 cum
1083 1302 1525 1373 locupletissima
1557 1323 1717 1378 seges
1747 1325 1836 1362 ex-

215 1392 505 1457 surgeret,
555 1387 777 1457 longius
822 1405 1136 1444 sermonem
1168 1392 1565 1463 porrigendum
1614 1397 1828 1467 putavi.

218 1474 394 1530 Certe
426 1475 653 1546 quidem
684 1476 1013 1547 priusquam
1034 1479 1139 1533 hoc
1164 1496 1303 1551 opus
1324 1482 1470 1537 notis
1499 1489 1556 1538 et
1582 1483 1833 1540 observa-

1921 531 2072 570 nem.

1973 606 2090 660 Nec
2099 606 2327 672 mirum,
2346 605 2561 677 opinor,
2585 606 2734 677 apud
2750 610 2808 659 te
2825 606 3011 673 fuerit,
3030 606 3223 671 lector,
3245 624 3514 679 magnum

1924 693 2467 757 Lanfrancum,adeo
2492 694 2818 765 multiplicis
2828 694 3515 768 litteraturaesummaeque

1924 781 2190 837 doctrinae
2202 783 2536 854 locupletem
2558 782 2629 836 ab
2658 783 2935 838 universis
2965 785 3369 855 propemodum
3384 785 3517 840 scri-

1925 869 2178 940 ptoribus
2203 869 2565 936 celebratum,
2596 871 2934 941 paucissima
2961 873 3050 926 sui
3080 873 3290 943 ingenii
3324 891 3389 928 ac
3414 890 3516 945 pe-

1925 957 2066 1013 ritiae
2096 958 2337 1030 posteris
2365 958 2725 1028 consignasse
2752 967 3141 1023 monumenta,
3172 961 3378 1033 quippe
3421 961 3518 1032 qui

1920 1051 2164 1117 tempus,
2188 1064 2417 1118 operam
2439 1053 2497 1101 et
2523 1047 2770 1102 studium
2794 1047 2852 1102 in
2876 1048 3184 1103 erudienda
3195 1050 3510 1120 juventute,

1919 1134 1977 1189 in
1997 1130 2229 1189 diversis
2246 1134 2567 1190 auctoribus
2586 1135 2972 1207 praelegendis,
2991 1141 3048 1191 et
3074 1138 3356 1208 theologia
3387 1138 3516 1193 edo-

1921 1224 2117 1290 cenda,
2151 1224 2603 1295 confutandaque
2640 1240 2827 1279 coram
2863 1230 2920 1280 et
2957 1226 3180 1297 scriptis
3228 1227 3516 1297 Berenga-

1917 1312 2152 1382 gariana
2180 1312 2400 1379 haeresi,
2424 1317 2725 1383 antequam
2746 1313 3258 1385 archiepiscopatus
3283 1330 3518 1368 munere

1917 1401 2226 1456 donaretur
2255 1420 2267 1455 :
2302 1406 2430 1472 post
2454 1417 2605 1468 vero,
2638 1401 2695 1455 in
2725 1401 3015 1457 subeundo
3034 1402 3308 1473 primatus
3328 1420 3498 1457 onere

1915 1490 2224 1560 ponderoso
2260 1494 2443 1544 totum
2474 1489 2720 1560 seipsum
2749 1490 2984 1545 tradidit
3016 1510 3027 1545 :
3073 1496 3243 1562 atque
3282 1491 3339 1544 in
3369 1490 3503 1546 diri-

216 1562 480 1618 tionibus
519 1565 855 1620 concinnare
897 1569 1249 1637 aggrederer,
1300 1587 1391 1625 me
1426 1574 1617 1643 procul
1662 1574 1831 1629 dubio
1913 1579 2132 1634 mendis
2160 1579 2417 1633 Ecclesiae
2446 1578 2836 1633 controversiis
2861 1584 2917 1633 et
2938 1597 3074 1650 pace
3104 1580 3499 1651 promovenda,

210 1917 501 1973 lebritatis
529 1919 694 1984 viros,
718 1924 775 1974 et
802 1921 1036 1975 scientia
1055 1923 1823 1993 praestantissimos,deletiles
1904 1933 2319 1998 adultaverunt,
2354 1932 2659 1987 immensos
2697 1932 2917 1987 labores
2947 1938 3007 1988 et
3038 1934 3271 1988 sudores
3299 1939 3494 1989 exant—

210 2023 517 2062 censorum
578 2009 842 2080 spongias
880 2008 975 2064 diu
1020 2011 1332 2081 pertulisse.
1377 2014 1584 2085 Ecquid
1614 2016 1821 2072 mirum
1901 2021 2058 2076 lavit.
2090 2023 2172 2077 De
2196 2021 2284 2076 his
2311 2020 2433 2076 fuse
2458 2022 2516 2076 in
2544 2023 2666 2092 ejus
2684 2020 2814 2076 Vita
2842 2026 2899 2076 et
2926 2022 3175 2093 epistolis
3195 2027 3365 2095 atque
3393 2021 3495 2077 ob-

208 2111 368 2165 elgo,
401 2096 451 2150 si
483 2096 628 2151 mihi
657 2097 865 2153 laboris
909 2099 1187 2169 primitias
1215 2101 1537 2157 eventilanti
1566 2104 1673 2159 hoc
1691 2122 1821 2160 eve—
1902 2110 2322 2165 servationibus
2350 2111 2421 2165 ad
2449 2115 2775 2181 utrumque.
2794 2111 2959 2164 Haud
2986 2110 3243 2165 dissimili
3275 2112 3495 2166 ratione

203 2184 326 2238 niat
345 2185 372 2238 ?
402 2185 475 2239 Et
502 2201 640 2240 sane
668 2202 795 2240 cum
826 2187 1079 2242 Christus
1124 2188 1242 2260 ipse
1271 2190 1329 2243 id
1379 2191 1815 2265 haudquaquam
1900 2200 2215 2271 complures
2243 2217 2275 2253 e
2300 2199 2660 2255 Benedictina
2696 2199 2909 2253 familia
2936 2204 3198 2270 spectatae
3226 2199 3493 2255 doctrinae

205 2273 541 2343 praestiterit
568 2280 634 2329 ut
662 2276 913 2331 omnium
940 2276 1080 2332 votis
1107 2278 1497 2349 responderet.
1895 2288 2257 2354 viri,diversis
2276 2287 2539 2343 Ecclesiae
2558 2288 2767 2343 muniis
2785 2289 3076 2360 implicati,
3097 2289 3274 2344 multa
3294 2289 3491 2361 utique

1895 2378 2107 2450 scripta
2154 2376 2484 2432 elucubrare
2531 2377 2923 2449 nequiverunt.
2980 2379 3079 2433 Nm
3124 2383 3207 2445 tu,
3254 2379 3491 2434 candide

1895 2466 2093 2534 lector,
2125 2465 2419 2522 conatibus
2462 2467 2670 2521 nostris
2714 2466 2858 2536 fave,
2888 2467 3031 2522 votis
3060 2466 3398 2539 obsequere;
3433 2473 3491 2523 et

1896 2555 2076 2610 sicubi
2097 2555 2290 2626 magni
2315 2556 2466 2611 illius
2493 2555 2897 2628 archiepiscopi
2926 2557 3407 2611 Commentarium
3428 2557 3488 2612 in

273 2645 497 2701 Verum
515 2646 665 2701 enim
696 2663 825 2702 vero
849 2648 896 2702 si
920 2648 1053 2718 quid
1075 2649 1558 2707 animadversione
1578 2652 1811 2724 dignum
1892 2643 2160 2715 psalmos,
2201 2648 2259 2698 et
2298 2643 2602 2699 Historiam
2635 2644 3085 2712 ecclesiasticam,
3117 2661 3236 2711 seu,
3268 2649 3334 2700 ut
3363 2644 3486 2700 aliis

201 2736 454 2806 prudens
475 2740 536 2790 et
553 2735 809 2791 eruditus
821 2737 997 2792 lector
1011 2738 1810 2806 adverterit,verbislitterisve
1892 2734 2095 2804 Placet
2128 2733 2316 2787 Vitem
2361 2731 2649 2787 Gnillelmi
2700 2733 3119 2805 Conquestoris,
3160 2734 3485 2789 delitescere

201 2826 507 2879 certiorem
537 2841 629 2878 me
666 2825 869 2880 reddat
905 2826 1157 2898 impense
1181 2843 1316 2898 rogo
1341 2847 1354 2897 ;
1384 2830 1544 2900 cujus
1580 2832 1808 2887 monitis
1890 2822 2389 2892 cognoveris,mihi
2410 2821 2615 2876 litteris
2646 2822 2926 2892 significes
2946 2839 3081 2893 rogo
3100 2821 3478 2894 obtestorque.

195 2912 480 2968 submisso
532 2912 864 2986 lubentique
905 2915 1096 2969 animo
1136 2917 1505 2987 acquiescam,
1545 2923 1714 2991 atque
1746 2920 1805 2976 in
1958 2911 2339 2982 Appendicem
2367 2910 2709 2980 subjecimus
2735 2912 2807 2965 ad
2844 2911 3097 2965 ornanda
3123 2911 3479 2982 potissimum

194 3001 445 3055 editione
494 3001 735 3073 repetita
781 3002 847 3071 (si
875 3003 1044 3057 vitam
1074 3004 1292 3059 dederit
1320 3011 1377 3060 et
1405 3007 1585 3062 otium
1612 3007 1806 3064 fecerit
1826 3064 1860 3073 Α
1886 2997 2040 3053 beati
2066 2998 2361 3054 Lanfl‘anCi
2391 3015 2578 3069 Opera,
2619 2998 2678 3054 in
2726 3016 2839 3070 qua
2874 3000 3060 3070 Prima
3094 3000 3280 3053 fl‘Onie
3305 3000 3478 3053 Chro-

194 3090 369 3157 Deus)
415 3064 689 3162 quidquid
732 3064 1120 3162 corrigendum
1165 3095 1457 3162 notaverit,
1500 3064 1862 3153 emendarec
1884 3088 2050 3143 nicon
2101 3089 2375 3144 Beccense
2426 3064 2696 3153 offendes,
2741 3064 2909 3158 quod
2963 3088 3035 3142 ad
3085 3087 3470 3158 integritatem

191 3184 253 3233 et
277 3178 558 3233 calculum
591 3179 858 3234 reducere
903 3197 1013 3236 non
1050 3181 1361 3252 gravabor;
1412 3184 1525 3240 scio
1555 3202 1798 3259 namque
1882 3177 2070 3232 oneris
2092 3177 2218 3231 ideo
2248 3176 2500 3232 conferre
2535 3176 2750 3248 putavi,
2785 3176 2919 3247 quia
2943 3176 3144 3231 beatus
3165 3176 3272 3231 iste
3300 3176 3477 3231 archi-

189 3267 464 3339 scriptum
500 3286 512 3321 :
549 3268 656 3334 Qui
684 3270 800 3323 odit
827 3273 1241 3339 surreptionem,
1290 3274 1403 3327 odit
1441 3277 1792 3343 sapientiam.
1881 3265 2173 3337 episcopus
2207 3282 2323 3320 una
2367 3281 2494 3320 cum
2538 3265 2600 3319 B.
2654 3265 2923 3320 Herluino
2962 3265 3212 3334 ejusdem
3238 3264 3474 3319 coenobii

191 3355 272 3411 De
304 3357 411 3411 hoc
438 3372 652 3427 genere
682 3374 806 3412 esse
836 3359 1008 3412 nolim
1033 3359 1326 3415 hominum
1352 3344 1491 3432 .qui,
1524 3363 1793 3435 quidquid
1878 3359 2191 3409 exstructor
2218 3354 2353 3421 fuit;
2394 3354 2453 3408 in
2486 3369 2664 3425 eoque
2710 3353 2925 3425 Optima
2951 3353 3259 3424 disciplinae
3281 3370 3473 3408 mona-

188 3442 247 3498 in
275 3444 511 3500 buccam
549 3446 785 3514 venerit,
815 3448 899 3501 vel
928 3447 1152 3519 aliquod
1201 3466 1341 3521 opus
1389 3453 1786 3523 compegerint,
1875 3443 2030 3497 sticze
2057 3443 2428 3497 fundamenta
2460 3442 2615 3513 jecit.
2650 3442 2876 3497 Primus
2902 3441 3041 3496 inibi
3088 3442 3307 3497 scholas
3333 3459 3468 3514 ape-

185 3534 567 3605 magis,quam
589 3534 1191 3603 fabrefecerint,statim
1206 3539 1473 3593 extollunt
1490 3545 1547 3594 et
1558 3541 1789 3611 dignum

1909 3532 2007 3599 uit,
2039 3531 2342 3603 discipulos
2374 3530 2645 3601 singulari
2684 3530 2920 3585 scientia
2955 3536 3013 3585 et
3038 3532 3292 3586 doctrina
3319 3536 3467 3586 eate-

185 3621 517 3677 existimant
570 3640 607 3677 a
644 3623 871 3679 nemine
918 3626 1280 3696 reprehendi;
1319 3627 1454 3699 quin
1492 3629 1683 3695 etiam,
1725 3636 1790 3687 ut
1873 3635 1980 3674 nus
2008 3620 2231 3686 imbuit,
2261 3637 2371 3692 quo
2412 3620 2483 3675 ad
2522 3636 2814 3691 supremas
2864 3619 3123 3674 Ecclesiae
3159 3620 3463 3691 dignitates

183 3708 498 3780 approbent
528 3727 722 3765 omnes
751 3716 810 3765 et
838 3713 1154 3777 lecturiant,
1187 3716 1399 3787 seipsos
1427 3721 1731 3773 ostentant,
1872 3710 2045 3763 evecti
2074 3709 2394 3763 universum
2428 3708 2618 3763 orbem
2649 3708 3083 3764 ecclesiasticum
3132 3726 3234 3764 suo
3274 3710 3462 3782 splen-

253 3797 632 3870 Subsequitur
657 3800 921 3871 epistolas
962 3801 1221 3874 peric0pe
1258 3804 1527 3861 orationis
1554 3822 1590 3860 a
1622 3806 1787 3863 beato
1869 3798 2005 3852 dore
2035 3798 2403 3853 illustrarent.
2422 3798 2490 3852 Et
2507 3798 2563 3852 id
2587 3798 2811 3869 quidem
2829 3797 3084 3869 pluribus
3100 3803 3227 3869 post
3244 3799 3461 3853 saeculis

184 3886 496 3941 Lanfranco
521 3887 579 3941 in
609 3888 985 3944 Londoniensi
1014 3891 1246 3946 concilio
1272 3892 1453 3948 dictae.
1481 3895 1787 3967 Hanc,opi-
1867 3886 2257 3958 Perseveravit.
2291 3887 2485 3941 Testes
2513 3892 2647 3941 sunt
2667 3887 2761 3957 qui
2790 3887 2849 3940 in
2881 3886 3140 3940 Beccensi
3169 3887 3455 3941 academia

180 3989 298 4035 nor.
332 3976 853 4031 Malmesburiensis
881 3995 946 4031 ex
974 3978 1126 4033 illius
1163 3979 1409 4035 Historia
1455 3983 1784 4039 ecclesiasti-
1864 3975 2060 4046 pietati
2079 3992 2143 4029 ac
2161 3975 2365 4029 litteris
2384 3991 2612 4047 operam
2632 3976 2854 4041 dedere,
2871 3974 3183 4029 Alexander
3204 3976 3257 4029 ΙΙ
3287 3992 3451 4047 papa;

178 4078 242 4117 ca
272 4065 573 4119 mutuavit.
598 4065 977 4120 Posteriorem
996 4067 1180 4121 locum
1208 4068 1424 4124 obtinet
1452 4069 1672 4127 libellus
1700 4073 1781 4128 De
1864 4063 2269 4136 archiepiscopi
2296 4064 2597 4118 Anselmus
2611 4069 2668 4118 et
2689 4062 3042 4118 Theobaldus
3071 4064 3447 4119 Cantuarien-

175 4151 409 4206 celanda
430 4152 801 4219 confessione,
820 4171 983 4227 quem
1006 4172 1198 4210 verum
1213 4157 1580 4214 illustrissimi
1600 4163 1778 4217 nostri

1909 4171 1968 4218 es,
2023 4153 2380 4209 Guimundus
2426 4154 2744 4207 Aversanus
2783 4157 2840 4206 et
2888 4152 3222 4207 Guillelmus
3248 4154 3453 4208 Rotho-

177 4240 584 4313 archiepiscopi
635 4242 836 4300 fetum.
880 4243 975 4297 ubi
1004 4243 1061 4297 in
1093 4261 1291 4300 manus
1331 4248 1576 4317 primum
1618 4250 1777 4304 deve.
1858 4242 2177 4313 magensis;
2211 4240 2474 4313 episcopi,
2508 4241 2601 4295 Ivo
2632 4241 3020 4308 Carnotensis;
3057 4242 3369 4297 Hernostus
3394 4250 3452 4299 et

172 4328 366 4396 uisset,
405 4330 546 4384 mihi
577 4346 691 4385 non
739 4330 1034 4401 probatum
1077 4333 1256 4388 fatear
1283 4340 1535 4406 oportet;
1569 4338 1835 4411 quippeh
1858 4332 2233 4404 Gundulphus
2255 4330 2574 4397 Rollenses;
2608 4330 2776 4384 Fulco
2790 4330 3139 4385 Belvacensis
3173 4347 3187 4386 :
3221 4331 3450 4386 Richar-

172 4417 471 4473 verborum
497 4435 697 4474 sensus
722 4419 1116 4489 subobscurus,
1142 4423 1438 4494 implicatae
1457 4428 1768 4495 sententiae,
1788 4417 1834 4436 ν
1855 4420 1960 4475 dus
1999 4427 2055 4474 et
2098 4418 2399 4476 Gaufridus
2429 4418 2826 4486 Ebroicenses;
2858 4423 2915 4473 et
2954 4419 3232 4474 Turoldus
3281 4419 3446 4491 Bajo~

173 4507 469 4578 opiniones
519 4514 712 4563 nostro
761 4526 876 4565 evo
919 4527 1030 4565 non
1075 4512 1329 4582 vulgares
1377 4515 1768 4585 apparebant;
1856 4509 2070 4577 censis;
2118 4509 2347 4563 abbates
2394 4525 2459 4562 ex
2507 4506 2950 4579 quampluribus,
3002 4507 3288 4563 Gilbertus
3331 4510 3448 4564 Cri-

167 4596 314 4652 unde
352 4596 714 4652 abhorrebat
758 4597 981 4652 animus
1023 4600 1174 4654 inter
1212 4602 1354 4655 tanti
1389 4602 1490 4656 viri
1519 4620 1691 4674 opera
1713 4605 1772 4660 id
1853 4598 2051 4669 spinus
2077 4596 2724 4663 Westmonasteriensis;
2747 4596 2956 4650 Paulus
2977 4595 3271 4661 S.Albani,
3302 4598 3445 4653 Lan-

163 4702 341 4755 genus
365 4686 622 4757 opusculi
640 4685 1143 4759 adnumerare,qui
1168 4696 1284 4744 tam
1306 4691 1772 4763 laute,eleganter
1852 4686 2077 4742 francus
2105 4703 2279 4757 nepos
2310 4687 2367 4741 S.
2400 4683 2819 4755 Vandregesili;
2863 4684 3100 4738 Michael
3124 4690 3182 4739 et
3208 4686 3445 4741 Vincen-

165 4773 487 4828 etdilucide
511 4774 631 4829 suis
664 4774 725 4828 in
766 4774 891 4829 aliis
940 4777 1160 4848 scriptis
1203 4778 1503 4850 eloquitur.
1557 4782 1763 4837 Verum
1850 4775 1964 4830 tius
2017 4776 2419 4842 Pl‘atellenses;
2452 4773 2726 4844 Rogerius
2755 4778 2813 4827 et
2850 4772 3151 4829 Gallfl‘idus
3194 4775 3445 4830 Gemeti-

165 4862 573 4935 propiusverba
588 4879 718 4917 cum
737 4863 1355 4934 dispexissem,sensum
1377 4869 1764 4925 observassem
1849 4881 2080 4930 censes;
2125 4866 2370 4918 Joannes
2414 4864 2483 4917 de
2526 4862 2757 4917 Βοιιιθία
2801 4865 2858 4915 et
2897 4862 3141 4916 Joannes
3171 4863 3440 4918 Bibe-ldus

391 2432 603 2506 multum
623 2432 791 2506 deliro,
814 2433 856 2506 si
881 2434 1050 2506 cuique
1075 2436 1254 2506 placere
1280 2437 1489 2506 requiro.

454 2493 627 2544 Omnia
652 2496 733 2559 qui
764 2496 917 2559 potuit
941 2493 1028 2545 hac
1046 2493 1152 2546 sine
1178 2499 1287 2548 dote
1307 2493 1416 2548 fdit.

161 4952 661 5022 expendissemque
680 4967 843 5022 aequa
861 4952 1019 5007 lance
1041 4956 1372 5025 sententias,
1401 4972 1513 5013 non
1536 4957 1637 5013 has
1655 4959 1766 5013 sin-

1848 4954 2235 5020 Cerasienses;
2285 4952 2604 5006 Bernardus
2634 4956 2689 5005 et
2724 4949 3021 5017 Robertus,
3069 4958 3437 5021 cognomento

161 5041 382 5110 gulares
410 5044 515 5094 aut
542 5039 759 5095 alienas
784 5056 818 5095 a
844 5046 1171 5097 caeterorum
1202 5045 1608 5117 theologorum,
1650 5047 1762 5102 imo
1845 5044 1913 5097 de
1943 5044 2151 5106 Monte,
2187 5042 2224 5095 S
2277 5040 2582 5107 Michaelis,
2614 5040 2672 5094 in
2701 5039 2948 5111 periculo
2990 5041 3181 5107 maris,
3232 5040 3343 5094 sive
3367 5040 3436 5094 de

161 5143 280 5184 vero
310 5130 366 5184 in
390 5129 620 5184 easdem
641 5145 769 5183 cum
805 5138 1217 5202 suppares,tum
1248 5134 1463 5189 medios
1483 5141 1759 5207 quotquot
1839 5130 2093 5194 Tumba;
2124 5129 2401 5185 Robertus
2423 5133 2469 5184 lc
2496 5129 2669 5183 Tclicr
2695 5128 2748 5181 Ξ.
2785 5127 3015 5189 Ebrulfi,
3040 5128 3179 5182 alias
3206 5128 3432 5182 Uticen-

162 5219 355 5273 revolvi
387 5224 656 5274 auctores
682 5218 919 5289 pedibus
956 5220 1039 5275 ire
1068 5221 1459 5289 animadverti,
1486 5225 1756 5294 quemad-
1818 5221 1934 5289 .sis.
1966 5221 2126 5275 Unde
2156 5219 2426 5290 quidquid
2454 5218 2513 5272 in
2534 5217 2645 5271 illis
2675 5216 3193 5288 virtutis,quidquid
3217 5216 3430 5286 glcrize,

160 5308 378 5362 modum
410 5322 514 5361 suo
536 5306 661 5360 loco
691 5311 970 5361 assertum
1000 5314 1102 5362 est.
1130 5308 1294 5362 Haud
1324 5309 1542 5363 inﬁcior
1565 5316 1754 5365 tamen
1839 5309 2109 5380 quidquid
2143 5308 2307 5362 laude
2333 5307 2486 5378 digni
2528 5311 2614 5360 est
2655 5310 2824 5377 atque
2853 5304 3131 5371 utilitatis,
3161 5303 3433 5377 quidquid

157 5395 488 5464 quibusdam
512 5395 574 5448 in
598 5394 739 5448 locis
763 5411 991 5450 sensum
1013 5395 1354 5464 abstrusum,
1390 5413 1572 5469 neque
1598 5400 1748 5454 facili
1835 5415 1900 5453 ex
1928 5398 2130 5452 iisdem
2164 5396 2417 5451 Ecclesia:
2435 5395 2721 5450 catholicae
2764 5394 3078 5459 accesserit,
3119 5393 3431 5450 Lanfranco

156 5485 369 5555 negotio
416 5501 584 5556 posse
621 5483 901 5555 explicari.
955 5485 1114 5549 Quod
1159 5486 1587 5541 amanuensium
1613 5488 1747 5543 vitio
1830 5488 1984 5542 velut
2016 5486 2161 5558 patri
2191 5492 2247 5540 et
2278 5485 2545 5557 magistro
2591 5483 2943 5537 referendum
2985 5487 3251 5539 asserunt
3298 5484 3433 5539 scri-

156 5579 315 5647 atque
339 5573 585 5630 inscitiae
600 5573 949 5643 vertendum,
974 5579 1174 5630 caetera
1199 5576 1261 5631 B.
1293 5576 1590 5631 Lanfranci
1616 5577 1749 5632 scri-

1838 5582 2027 5648 ptores
2059 5574 2302 5632 universi
2329 5593 2340 5627 :
2367 5575 2516 5646 quod
2545 5577 2601 5627 ct
2628 5570 2765 5627 satis
2793 5570 2978 5626 innuit
3006 5572 3068 5627 B.
3106 5572 3428 5639 Herluinus,

3144 5676 3158 5684 κ
3232 5670 3251 5691 1
