3952 6402
472 373 537 431 19
1447 373 1511 426 Β.
1552 371 1969 429 LANFRANCI
2008 370 2366 428 CANTUAR.
2406 369 2741 425 ARCHIEP.
3666 375 3736 434 20

469 499 605 554 dum
637 498 716 552 sic
742 496 933 551 effusis
959 493 1218 566 precibus
1246 500 1305 550 et
1341 494 1605 566 lacrymis
1634 495 1861 552 beatum
1896 496 2055 552 illum
2073 495 2502 559 ABeecensium
2540 494 2811 550 abbatum
2851 500 3094 566 quatuor
3135 496 3386 568 priorum
3414 499 3557 556 Vitae
3582 501 3734 574 (con-

468 587 651 642 virum
667 602 702 640 a
720 587 836 640 Deo
855 583 1260 656 impetravit,et
1270 600 1371 639 suo
1393 585 1734 640 monasterio
1745 585 2053 657 acquisivit,

2141 585 2289 639 sulto
2316 585 2380 639 B.
2410 584 2664 640 Anselmi
2694 584 2894 651 Vitam,
2926 589 3123 657 utpote
3137 586 3424 643 multoties
3451 605 3729 659 excusam,

469 680 750 748 quatenus
766 671 1056 728 cmnobitxe
1078 672 1352 727 institutis
1371 672 1697 728 monasticis
1717 674 1923 729 instrui
1938 691 2062 746 pos-
2139 674 2648 745 praetermisimus)
2714 674 2948 745 perinde
3015 679 3186 746 atque
3255 675 3407 731 illius
3465 678 3727 736 Chronici

468 769 597 820 sent
628 762 697 818 ab
724 779 789 817 eo
818 763 1000 833 iisque
1031 766 1302 833 perpetuo
1322 761 1788 831 adhaerescerent;
1816 764 2062 835 produnt

468 852 528 907 id
576 852 748 907 etiam
794 851 1090 921 utriusque
1141 851 1274 905 Vita
1309 854 1367 905 et
1402 851 1719 906 Chronicon
1759 853 2056 919 Beccense,

471 957 690 996 necnon
711 944 768 995 et
792 939 995 995 scholis
1023 940 1310 994 doctorem
1329 939 1708 994 Lanfrancum
1726 940 1785 994 in
1813 941 1919 995 hoc
1946 958 2062 995 mo-

468 1030 716 1085 nasterio
761 1028 1070 1100 praefuisse,
1116 1033 1285 1099 atque
1323 1029 1394 1082 ad
1432 1028 1617 1100 ipsum
1653 1046 1766 1084 non
1810 1046 1970 1084 secus
1997 1046 2063 1084 ac

466 1119 785 1173 litterarum
813 1118 1248 1172 instauratorem
1278 1133 1343 1171 ex
1370 1118 1633 1173 universa
1657 1120 2063 1190 propemodum

474 1207 677 1275 Gallia,
710 1206 931 1277 Anglia,
964 1206 1130 1261 Italia
1159 1212 1216 1261 et
1236 1206 1539 1261 Germania
1564 1208 1822 1262 alumnos
1850 1209 2064 1263 conﬂu-

469 1296 634 1351 xisse.
669 1296 745 1350 Ex
769 1295 860 1363 iis,
889 1311 1056 1366 quam
1087 1295 1323 1350 feliciter
1341 1295 1594 1349 societati
1622 1296 1917 1365 religiosae,
1940 1312 2063 1367 qua

467 1385 739 1458 pietatem
770 1400 927 1455 aeque
956 1399 1021 1438 ac
1048 1383 1343 1437 scientiam
1377 1384 1598 1452 excolit,
1640 1388 1697 1438 et
1722 1384 1838 1438 acri
1875 1385 2061 1439 studio

467 1475 539 1529 ad
561 1491 655 1528 eas
684 1471 1070 1543 adipiscendas
1098 1471 1354 1525 animum
1378 1472 1627 1543 appellit,
1654 1488 1744 1527 res
1763 1474 2061 1528 succedere

418 1584 423 1588 ο
468 1563 706 1628 soleant,
737 1561 998 1630 colligere
1028 1563 1148 1627 est;
1183 1559 1462 1614 inhabitat
1491 1561 1641 1615 enim
1686 1566 1808 1617 tum
1836 1562 2058 1633 sapien-

465 1652 549 1707 tia
570 1666 810 1723 quacum
838 1650 1071 1703 veniunt
1095 1649 1307 1719 pariter
1329 1650 1519 1704 omnia
1535 1649 1700 1704 bona.

538 1741 615 1795 Ex
637 1739 839 1794 Codice
858 1753 1170 1810 papyraceo
1193 1738 1532 1793 Chronicum
1550 1738 1701 1793 istud
1739 1745 2059 1812 excerptum

2144 762 2594 818 Commentarius
2617 781 2629 829 ;
2658 763 2833 818 malui
2855 780 3101 834 namque
3116 763 3733 840 integrasedere,quam

2143 852 2298 906 varia
2340 851 2656 923 fragmenta
2701 850 3179 908 observationibus
3206 854 3417 909 nostris
3461 855 3685 912 insuere
3715 876 3730 925 ;

2143 941 2307 995 sicuti
2355 940 2697 1012 jampridem
2745 940 2807 995 in
2848 942 2967 996 suis
3003 942 3075 996 ad
3101 942 3365 1014 epistolas
3393 944 3457 998 B.
3486 945 3739 1000 Anselmi

2144 1029 2602 1085 adnotationibus
2633 1030 2897 1101 praestitit
2915 1031 3159 1085 Joannes
3186 1032 3454 1088 Picardus
3475 1034 3531 1089 S.
3564 1034 3739 1098 Quin-

2141 1119 2248 1173 tini
2279 1119 2628 1174 Belvacensis
2655 1119 2956 1173 canonicus
2986 1120 3281 1190 regularis,
3316 1121 3387 1175 de
3416 1122 3550 1176 viris
3585 1122 3737 1177 litte-

2144 1207 2302 1273 ratis,
2361 1207 2497 1261 dum
2551 1205 2782 1273 viveret,
2826 1210 2884 1260 et
2927 1211 3055 1277 post
3108 1207 3325 1276 funera,
3366 1209 3576 1279 optime
3615 1225 3739 1265 me-

2145 1295 2307 1350 ritus.

2213 1385 2400 1438 Vitam
2460 1384 2518 1439 S.
2563 1383 2864 1454 Augustini
2910 1384 3221 1454 Anglorum
3268 1387 3526 1457 apostoli,
3567 1387 3735 1458 primi

2145 1473 2568 1527 Cantuariensis
2597 1471 2996 1544 archiepiscopi
3019 1479 3075 1527 et
3092 1474 3266 1528 totius
3286 1475 3589 1531 Britanniae
3619 1478 3735 1548 pri-

2146 1562 2331 1626 matis,
2374 1578 2440 1616 ex
2483 1561 2660 1615 ruinis
2701 1562 2980 1631 praedictae
3023 1561 3373 1618 bibliothecae
3423 1570 3482 1618 et
3508 1566 3735 1636 pulvere

2143 1656 2413 1722 ereptam,
2456 1650 2823 1722 publicamus,
2866 1651 3318 1722 quandoquidem
3361 1669 3446 1718 ea,
3486 1653 3559 1708 ad
3599 1671 3732 1726 pro-

2141 1738 2389 1793 bandum
2436 1738 2856 1794 Cantuariensis
2884 1739 3140 1794 Ecclesiae
3160 1740 3464 1810 primatum
3495 1742 3553 1796 in
3584 1743 3732 1799 Ebo-

468 1831 573 1890 est;
595 1827 734 1881 adeo
747 1826 1346 1880 scilicetcontaminate
1367 1828 2064 1899 exaratum,ut,nisiquan-
2078 1832 2124 1892 B
2142 1843 2448 1892 racensem,
2504 1827 2808 1898 saepissime
2854 1827 2998 1882 foret
3024 1828 3417 1898 producenda;
3465 1831 3732 1902 scriptam

467 1922 530 1971 to
552 1915 686 1989 [vix,
711 1916 871 1985 E.P.]
889 1915 1025 1969 dicit
1046 1920 1231 1986 potest
1246 1915 1437 1970 labore
1459 1932 1524 1970 ac
1543 1917 1709 1971 taedio
1727 1917 1838 1987 legi
1862 1917 2063 1971 descri-

467 2005 635 2076 bique
664 2004 929 2076 potuerit.
965 2004 1183 2058 Mendis
1204 2004 1471 2072 scatebat;
1504 2005 1812 2059 dictionum
1836 2012 2058 2060 contra—

470 2094 683 2149 ctiones
711 2092 1019 2165 percrebraa
1044 2098 1102 2147 et
1129 2093 1398 2159 obscurae,
1432 2097 1602 2164 atque
1645 2093 1867 2149 inversa
1893 2094 2063 2149 verba

466 2183 690 2238 inerant
713 2183 905 2255 plura;
940 2198 1049 2252 quo
1079 2180 1289 2236 factum
1310 2186 1395 2235 est
1421 2182 1505 2236 uti
1521 2181 1680 2237 nobis
1703 2182 1913 2254 passim
1939 2183 2062 2237 fue-

467 2273 546 2327 rit
574 2270 913 2342 conjecturis
929 2270 1221 2325 utendum.
1238 2271 1467 2325 Certum
1484 2275 1542 2324 et
1560 2271 1649 2325 sui
1669 2271 1908 2327 similem
1928 2272 2066 2326 scri~

467 2359 638 2414 bendi
667 2360 898 2413 modum
929 2364 1126 2413 auctor
1153 2374 1265 2412 non
1299 2357 1487 2425 habet,
1519 2358 1615 2412 sed
1641 2360 1848 2431 stylum
1880 2365 2065 2415 mutat

469 2448 729 2515 subinde,
765 2448 1079 2520 praesertim
1126 2448 1198 2502 ad
1227 2464 1331 2502 sua
1357 2464 1536 2519 usque
1562 2453 1854 2519 tempora:
1888 2450 2061 2519 (velut

464 2537 787 2608 inspicienti
827 2536 1122 2607 constabit)
1174 2538 1353 2592 multa
1391 2537 1539 2591 enim
1570 2554 1635 2591 ex
1664 2538 1774 2593 BB.
1808 2537 2063 2593 Herluini

468 2630 525 2682 et
549 2626 848 2681 Lanfranci
893 2630 1062 2696 atque
1096 2625 1362 2681 abbatum
1394 2625 1755 2680 Beccensium
1790 2626 1965 2696 gestis
1991 2626 2063 2680 ad

470 2714 703 2770 verbum
729 2715 1099 2778 emendicata,
1128 2715 1321 2786 paucis
1349 2714 1651 2786 aliquando
1680 2715 1872 2769 recisis
1901 2715 2061 2769 addi-

466 2804 623 2870 tisve,
659 2804 937 2876 expilavit.
982 2804 1290 2859 Consilium
1321 2810 1444 2858 erat
1476 2804 1534 2859 id
1565 2804 1828 2859 Chronici
1867 2805 2063 2876 pingui

470 2893 739 2960 Minerva,
781 2898 846 2947 ut
881 2893 1059 2959 aiunt,
1110 2893 1582 2960 consarcinatum,
1634 2898 1691 2947 et
1735 2893 1823 2948 sui
1875 2895 2062 2950 saeculi

469 2982 728 3038 barbarie
767 2983 1124 3054 inquinatum
1164 2982 1494 3054 elegantiori
1523 2983 1668 3054 stylo
1694 2983 2058 3038 concinnare:

469 3087 663 3127 verum
693 3073 762 3126 ab
802 3073 909 3127 hoc
951 3072 1240 3144 proposito
1279 3072 1463 3139 amici,
1505 3072 1607 3126 viri
1648 3071 1972 3140 doctissimi,
2008 3076 2067 3126 et

2144 1922 2332 1971 autem
2363 1915 2432 1970 ab
2461 1916 2791 1971 amanuensi
2829 1917 2892 1970 B.
2942 1917 3253 1972 Lanfranco
3281 1933 3543 1991 compare
3587 1919 3734 1975 indi-

2142 2010 2272 2060 cant
2298 2005 2669 2060 characteres.

2214 2094 2525 2149 Novissime
2570 2094 2863 2165 appendici
2900 2110 3013 2149 non
3056 2093 3318 2166 indignos
3362 2096 3504 2164 luce,
3554 2113 3738 2169 neque

2146 2187 2304 2237 extra
2353 2200 2475 2236 rem
2531 2188 2808 2237 tractatus
2858 2184 2998 2238 duos
3045 2184 3127 2238 De
3175 2184 3527 2241 eucharistize
3555 2203 3739 2242 sacra-

2145 2276 2336 2326 mento
2363 2275 2561 2325 contra
2585 2271 3005 2341 Berengarium,
3036 2270 3301 2326 duximus
3346 2274 3733 2344 apponendos;

2145 2360 2349 2414 horum
2378 2364 2636 2415 auctores
2666 2366 2799 2413 sunt
2827 2361 2990 2429 Hugo
3020 2359 3387 2431 Lingonensis
3419 2362 3732 2434 episcopus,

2147 2454 2203 2504 et
2230 2449 2530 2504 Durandus
2571 2448 2759 2504 Abbas
2791 2450 3180 2516 Troarnensis,
3212 2449 3378 2504 ambo
3415 2449 3565 2505 beati
3595 2452 3739 2507 Lan-

2142 2537 2320 2592 franci
2348 2537 2649 2608 synchroni
2673 2556 2684 2605 ;
2717 2536 2811 2608 qui
2847 2537 3139 2592 fortissimi
3169 2538 3423 2594 Ecclesiae
3449 2540 3737 2596 catholicae

2144 2626 2351 2681 milites
2395 2625 2498 2681 sub
2529 2626 2724 2680 eodem
2769 2625 2961 2680 labaro
2990 2626 3348 2694 dimicarunt,
3381 2628 3533 2683 idem
3561 2628 3739 2684 iniere

2141 2721 2448 2780 certamen,
2498 2715 2758 2770 eumdem
2795 2715 3010 2770 hostem
3050 2716 3301 2787 aggressi
3333 2722 3468 2773 sunt
3497 2722 3556 2773 et
3598 2718 3739 2772 vice-

2142 2809 2294 2860 runt.
2329 2805 2409 2858 De
2434 2805 2672 2875 Hugone
2701 2808 2758 2859 et
2800 2805 3065 2860 Durando
3100 2805 3427 2861 testimonia
3460 2806 3523 2862 in
3550 2807 3737 2864 fronte

2143 2896 2416 2965 cujusque
2457 2893 2639 2965 operis
2690 2894 3048 2965 praefiximus,
3090 2893 3213 2949 vide
3241 2894 3289 2949 si
3317 2894 3492 2950 lubet.
3544 2896 3741 2952 Fuerit

2147 2999 2330 3053 operae
2353 2982 2598 3054 pretium
2626 2984 3019 3038 tantummodo
3046 2984 3189 3038 scire
3215 2985 3420 3050 locum,
3455 2983 3570 3056 qui,
3602 3001 3732 3056 pag.

2151 3070 2271 3137 102,
2302 3072 2368 3126 D.
2400 3072 2480 3126 sic
2508 3072 2726 3142 incipit:
2760 3075 2909 3128 Unus
2923 3076 3111 3142 panis,
3145 3089 3327 3128 unum
3353 3089 3567 3142 corpus,
3603 3078 3733 3141 etc.,

471 3161 827 3232 antiquitatis
875 3166 1155 3215 amatores
1196 3166 1576 3228 removerunt,
1617 3161 1765 3231 quod
1796 3147 2121 3215 historicaC
2143 3170 2363 3215 exstare
2390 3161 2538 3231 apud
2577 3166 2833 3216 sanctum
2851 3162 3059 3217 Bedam
3102 3162 3163 3216 in
3190 3163 3215 3218 1
3245 3161 3497 3217 Corinth.
3539 3179 3591 3229 x,
3626 3162 3736 3217 mi—

467 3250 674 3303 veritas
705 3254 762 3303 et
787 3265 878 3303 res
906 3249 1113 3318 ignotae
1135 3264 1248 3303 non
1274 3254 1625 3313 ornamenta,
1646 3264 1758 3302 non
1787 3248 2064 3303 lenocinia

469 3336 765 3392 verborum
803 3337 864 3391 in
890 3337 1043 3390 hisce
1072 3337 1451 3391 monumentis
1492 3335 1892 3390 desiderarent.
1921 3337 2067 3391 Prae-

470 3431 631 3482 terea
666 3442 792 3480 cum
823 3430 1019 3481 auctor
1048 3425 1141 3479 ille
1169 3425 1416 3480 maxima
1444 3430 1604 3496 parte
1634 3441 1700 3478 ex
1723 3425 2062 3496 chartophy-

471 3515 613 3570 lacio
641 3515 905 3571 Beccensi
932 3519 1240 3582 recenseat,
1273 3531 1442 3569 causa
1480 3519 1566 3569 est
1595 3530 1696 3569 cur
1735 3513 1874 3568 nihil
1907 3530 2064 3585 pror-

473 3621 568 3659 sus
591 3604 1094 3660 immutaverimus.
1131 3605 1365 3658 Brevem
1388 3603 1663 3659 Chronico
1693 3602 2059 3674 appendicem

476 3691 835 3764 subjecimus,
868 3710 978 3764 quo
1025 3697 1148 3747 tota
1188 3692 1429 3747 coenobii
1476 3691 1767 3747 Beccensis
1796 3690 2062 3746 abbatum

473 3783 648 3838 series
668 3783 864 3838 lectori
894 3782 1269 3837 exhiberetur.

540 3872 760 3929 Additae
787 3877 938 3940 sunt,
966 3871 1292 3928 eorumdem
1312 3870 1619 3926 amicorum
1648 3870 2060 3937 adhortatione,

1027 4197 1441 4328 VITA
1541 4194 2065 4325 ΒΕΑΤί

2146 3249 2296 3303 nime
2326 3266 2456 3303 vero
2484 3249 2633 3321 apud
2672 3251 2739 3304 D.
2768 3250 3151 3320 Augustinum
3181 3268 3195 3317 ;
3234 3251 3463 3304 tametsi
3499 3267 3624 3320 quae
3652 3267 3739 3305 se-

2147 3342 2394 3408 quuntur
2420 3337 2590 3391 verba
2609 3338 2860 3408 proxime
2880 3342 3008 3408 post
3035 3338 3315 3404 eumdem,
3344 3339 3550 3405 locum,
3578 3339 3742 3394 nimi-

2147 3442 2271 3481 rum
2298 3426 2368 3480 ab
2396 3426 2464 3480 iis
2487 3444 2498 3479 :
2533 3425 2736 3495 Siquis
2758 3428 3186 3481 manducauerit
3212 3443 3277 3480 ea:
3295 3427 3391 3481 hoc
3413 3442 3578 3495 pane,
3601 3432 3737 3493 etc.,

2147 3519 2390 3569 tractatu
2419 3513 2489 3570 26
2518 3515 2772 3585 ejusdem
2813 3514 3112 3586 Augustini
3140 3514 3199 3569 in
3228 3516 3520 3582 Joannem,
3549 3515 3739 3587 legere

2146 3608 2246 3658 est.
2280 3603 2397 3658 Hoc
2436 3608 2629 3658 nostro
2673 3603 3049 3674 qualicunque
3090 3602 3280 3659 labore
3306 3604 3512 3671 fruere,
3546 3605 3741 3660 Chris-

2144 3692 2298 3747 tiane
2326 3693 2523 3761 lector,
2552 3699 2609 3747 et
2636 3693 2759 3747 vale
2792 3691 2850 3747 in
2890 3692 3146 3759 Domino,
3183 3694 3273 3749 cui
3320 3695 3425 3749 soli
3470 3695 3652 3750 honor
3682 3698 3743 3750 et

2144 3781 2327 3851 gloria
2356 3780 2417 3836 in
2432 3784 2727 3836 aeternum.
2753 3782 2956 3835 Amen.

2163 4192 3167 4324 LANFRANCI

1463 4424 2059 4489 ARCHIEPISCOPI
2103 4425 2740 4487 CANTUABIENSIS

791 4591 1082 4657 Auctore
1150 4589 1757 4667 MILONE-CRISPINO,
1831 4587 2167 4653 monacho
2236 4593 2305 4651 et
2368 4592 2645 4653 cantore
2701 4587 3045 4663 Beccensi,
3110 4586 3409 4669 subpari.

1350 4758 1638 4827 (MARILLo,
1669 4756 1807 4814 Acta
1834 4754 1928 4813 SS.
1970 4756 2098 4812 0rd.
2129 4753 2185 4810 S.
2218 4758 2301 4823 B.,
2333 4770 2458 4810 saec.
2490 4755 2587 4821 VI,
2623 4770 2754 4826 pars
2783 4751 2877 4825 II.)

1478 4988 2277 5062 OBSERVATIONES
2326 4987 2786 5062 PBZEVIfE.

557 5143 605 5196 1.
638 5143 771 5198 Milo
794 5142 1100 5196 monachus
1118 5145 1175 5195 et
1203 5145 1398 5196 cantor
1418 5139 2067 5206 Beccensismonasterii,
2088 5145 2137 5204 D
2156 5145 2333 5206 rente,
2368 5155 2495 5194 cum
2512 5137 2766 5210 pluribus
2783 5137 2908 5192 aliis
2934 5136 3141 5192 audivi.
3166 5156 3189 5189 ι
3216 5137 3408 5202 Porro,
3427 5133 3533 5189 etsi
3560 5135 3749 5206 ipsum

485 5251 551 5288 ex
564 5230 1125 5302 nobiliCrispinorum
1142 5230 1355 5283 familia
1367 5229 1618 5295 ortus,de
1633 5230 1809 5300 quain
1822 5229 2073 5284 observa-

486 5322 733 5378 tionibus
763 5321 832 5375 ad
855 5320 1006 5374 beati
1028 5319 1284 5375 Herluini
1302 5319 1487 5373 Vitam
1510 5319 1743 5389 egimus,
1763 5318 1912 5373 beati
1933 5319 2075 5373 Lan-

485 5412 663 5466 franci
691 5411 878 5464 Vitam
908 5410 1110 5464 litteris
1140 5408 1444 5462 mandavit.
1474 5409 1606 5479 Ejus
1632 5413 1854 5463 aetatem
1875 5425 1939 5461 ex
1968 5408 2073 5460 hac

487 5501 609 5572 ipsa
635 5500 759 5553 Vita
778 5498 1112 5569 colligimus,
1138 5497 1233 5551 ubi
1268 5498 1447 5569 capite
1481 5498 1802 5569 14,loquens
1829 5498 1896 5551 de
1924 5496 2071 5550 beati

489 5588 785 5646 Lanfranci
818 5588 1071 5653 diacono,
1103 5587 1200 5659 qui
1230 5604 1263 5641 ει
1291 5588 1541 5643 daemone
1570 5592 1826 5659 arreptus
1866 5587 2068 5651 fuerat,

489 5681 569 5735 sic
596 5678 766 5734 habet
793 5696 840 5733 ς(
870 5677 1004 5746 Hoc,
1038 5677 1201 5734 beato
1223 5678 1486 5734 Anselmo
1515 5676 1908 5749 archiprazsule
1936 5676 2074 5730 refc-

2155 5234 2285 5284 ante
2337 5227 2633 5284 Lanfranci
2683 5227 2900 5282 obitum
2927 5227 2985 5281 in
3015 5227 3151 5281 vivis
3178 5225 3351 5280 fuisse
3380 5241 3494 5278 non
3521 5223 3745 5280 dubite-

2155 5334 2301 5385 mus,
2333 5318 2635 5372 verisimile
2668 5321 2858 5371 tamen
2896 5322 2980 5371 est
2999 5315 3068 5370 ab
3097 5333 3162 5370 eo
3193 5315 3566 5369 Lanfrancum
3594 5330 3745 5370 nun-

2157 5423 2326 5477 quam
2353 5407 2532 5460 visum
2557 5406 2746 5473 fuisse,
2773 5405 2922 5476 quod
2946 5421 3011 5459 ex
3033 5406 3152 5473 ejus
3181 5404 3411 5474 prologo
3442 5408 3615 5473 patet,
3649 5406 3747 5460 ubi

2156 5495 2235 5549 ait
2263 5511 2323 5548 se
2355 5511 2421 5548 ea
2450 5512 2571 5566 quae
2601 5500 2930 5549 narraturus
2962 5498 3048 5547 est
3089 5510 3153 5546 ex
3197 5492 3449 5547 Herluini
3491 5492 3619 5548 Vita
3649 5510 3748 5549 ex-

2154 5585 2444 5655 cerpsisse,
2481 5589 2580 5640 aut
2607 5590 2757 5639 certe
2805 5600 2869 5637 ex
2914 5582 2985 5636 iis
3032 5598 3155 5653 quae
3197 5601 3218 5634 α
3269 5599 3303 5636 a
3338 5582 3747 5638 venerabilibus

2155 5691 2220 5741 ac
2261 5675 2549 5731 veracibus
2578 5674 2711 5730 viris
2755 5673 3047 5741 audierat;
3114 5691 3139 5725 »
3182 5677 3240 5727 et
3293 5674 3458 5745 paulo
3508 5672 3747 5730 inferius
