3952 6312
201 334 261 391 ‘21
1331 334 1519 389 VITA.
1561 365 1631 374 —
1671 333 1974 389 OBSERV.
2019 335 2345 390 PREVL’E.

3407 333 3478 390 22

201 456 494 527 subjungit
524 473 536 509 :
566 473 592 508 α
623 456 695 510 Et
731 457 801 510 de
828 456 915 511 his
942 457 1168 528 quidem
1190 472 1302 510 non
1333 455 1523 510 omnia
1567 471 1690 526 quae
1715 454 2004 515 di-Alans
2047 473 2198 523 cura,
2234 472 2360 510 cum
2419 455 2722 511 maximam
2761 456 3150 512 auctoritatem
3192 457 3478 529 sapientiae

202 544 377 599 cenda
402 544 593 599 forent
611 544 811 600 audire
836 545 1013 616 potui.
1053 565 1075 597 ι
1110 545 1274 600 Haud
1305 543 1540 599 dubium
1574 543 1728 614 quin,
1755 543 1802 598 si

202 634 505 705 aliquando
529 634 614 688 illi
633 634 939 705 ipsummet
964 634 1343 690 Lanfrancum
1366 633 1563 688 audire
1605 638 1704 688 aut
1731 633 1804 686 vi-

203 723 328 778 dere
347 723 558 778 fuisset
575 723 793 790 datum,
821 723 879 777 id
904 724 974 778 ad
1004 723 1443 794 comparandam
1468 739 1583 777 suae
1610 738 1804 776 narra-

202 811 331 866 tioni
359 811 759 867 auctoritatem
780 829 893 866 non
921 812 1253 868 reticuisset.

267 900 321 957 2.
362 902 550 957 Multa
586 907 720 956 sunt
757 919 879 972 quae
916 901 1214 956 Lanfranci
1260 902 1462 956 merita
1494 903 1802 974 plurimum

206 991 627 1056 commendant,
676 996 800 1044 tum
849 991 909 1045 in
949 1007 1068 1045 rem
1135 992 1521 1062 monasticam,
1563 997 1686 1046 tum
1740 993 1801 1046 in

203 1079 562 1140 litterariam,
594 1083 715 1133 tum
747 1079 917 1133 etiam
943 1080 1002 1133 in
1032 1080 1334 1134 Ecclesiam
1388 1081 1789 1138 universalem.

201 1170 271 1225 Ut
285 1186 321 1222 a
336 1169 509 1224 rebus
524 1169 853 1224 monasticis
872 1185 1162 1223 sumamus
1192 1169 1477 1224 exordium
1488 1210 1501 1237 ,
1525 1171 1798 1225 Beccense

200 1259 420 1329 insigne
451 1258 878 1324 monasterium,
907 1258 954 1312 si
1009 1274 1122 1311 non
1144 1258 1196 1312 ei
1223 1257 1661 1327 institutionem,
1691 1261 1802 1314 sal-

201 1352 313 1402 tem
351 1348 776 1402 incrementum
804 1350 860 1400 et
889 1345 1254 1401 stabilitatem
1285 1346 1466 1401 debet.
1485 1348 1673 1402 Alium
1704 1349 1804 1402 hu-

195 1437 285 1507 jus
316 1437 401 1491 rei
437 1441 645 1491 testem
670 1429 937 1490 adbibere
966 1452 1190 1490 necesse
1207 1453 1316 1490 non
1339 1441 1424 1490 est
1445 1442 1648 1508 praeter
1668 1438 1804 1492 Her-

197 1526 414 1580 luinum
443 1527 656 1596 ipsum,
689 1525 788 1595 qui
808 1524 1093 1579 asserebat
1119 1542 1179 1578 se
1199 1541 1234 1578 a
1261 1526 1376 1579 Deo
1405 1526 1599 1580 multis
1628 1527 1805 1598 lacry-

197 1615 300 1669 mis
328 1615 654 1686 postulasse
687 1619 744 1668 et
771 1614 1102 1685 impetrasse
1161 1615 1555 1680 Lanfrancum,
1589 1621 1653 1670 ut
1681 1633 1803 1670 mo-

196 1705 520 1758 nasterium
547 1720 731 1768 suum,
765 1704 833 1757 ad
867 1704 1012 1774 quod
1064 1709 1214 1757 recte
1242 1704 1648 1759 instituendum
1694 1705 1801 1759 im-

1885 545 2100 617 pariter
2127 563 2190 600 ac
2221 545 2538 600 sanctitatis
2588 546 2958 618 praerogativa
2985 547 3348 620 comparavit,
3388 564 3477 601 se-

1885 635 2182 689 curitatem
2212 651 2323 690 non
2354 652 2586 705 parvam
2617 636 2840 706 optimae
2870 636 3232 690 sollicitudini
3251 636 3482 708 promit-

1885 729 2024 779 tere.
2052 725 2243 794 Ipsum
2272 724 2367 794 pia
2395 724 2635 794 quadam
2660 724 2925 779 violentia
2955 725 3284 780 monasterii
3307 725 3481 780 Cado—

1884 812 2091 866 mensis
2139 812 2402 866 abbatem
2450 813 2665 879 statuit,
2697 830 2811 867 non
2867 815 3055 868 minus
3110 815 3480 868 reluctantem

1885 901 2247 971 subjectionis
2298 918 2490 955 amore
2549 917 2717 972 quam
2775 903 2990 956 altioris
3017 904 3227 973 gradus
3251 903 3475 956 timore.

1883 990 2074 1044 Multis
2117 990 2320 1044 deinde
2363 991 2826 1060 possessionibus,
2858 991 2994 1045 item
3023 996 3274 1062 argento,
3319 1008 3477 1058 auro,

1881 1078 2224 1150 diversisque
2255 1079 2600 1133 ornamentis
2631 1080 3036 1134 monasterium
3063 1081 3212 1135 idem
3241 1081 3480 1152 locuple-

1878 1168 2036 1234 tavit,
2065 1187 2087 1218 ι
2121 1171 2225 1221 etc.

1957 1255 2008 1313 3.
2058 1257 2422 1322 Lanfrancus,
2481 1256 2550 1310 ad
2600 1257 3064 1312 Cantuariensem
3104 1259 3447 1330 archiepisco
3471 1289 3485 1300 -

1885 1352 2080 1416 patum
2104 1349 2416 1415 promotus,
2466 1347 2685 1415 majora
2703 1346 2857 1400 dedit
2884 1347 2942 1400 in
2965 1365 3084 1402 rem
3113 1348 3480 1402 monasticam

1885 1434 2273 1506 propensionis
2303 1451 2418 1488 suae
2447 1441 2801 1504 argumenta.
2835 1438 2991 1490 Tunc
3048 1437 3252 1508 quippe
3281 1454 3480 1491 mona-

1886 1525 2024 1590 chis,
2045 1524 2354 1594 praecipuas
2395 1524 2689 1593 Anglicani
2719 1525 2880 1596 regni
2902 1526 3163 1580 ecclesias
3194 1527 3482 1581 cathedra-

1885 1614 1966 1666 les
1991 1612 2412 1684 occupantibus,
2444 1612 2768 1667 invidebant
2787 1614 2993 1681 clerici,
3030 1615 3283 1686 nihilque
3313 1615 3480 1668 omit-

1885 1701 2095 1766 tebant,
2145 1718 2475 1772 quacunque
2533 1702 2664 1755 data
2714 1704 3024 1770 occasione,
3079 1710 3144 1758 ut
3183 1721 3277 1759 eos
3306 1704 3374 1758 ab
3410 1704 3481 1758 iis

196 1810 394 1865 parem
426 1810 553 1847 sese
582 1792 847 1847 censebat
887 1793 971 1846 vir
1007 1798 1252 1858 sanctus,
1314 1794 1436 1863 ejus
1481 1795 1711 1848 consilio
1749 1800 1865 1870 etB
1886 1790 2131 1844 ecclesiis
2162 1789 2544 1856 exturbarent,
2575 1791 2935 1845 immemores
2965 1793 3109 1846 hanc
3163 1793 3334 1847 fuisse
3363 1793 3479 1863 pri-

192 1899 366 1953 opera
393 1884 850 1937 conﬁrmaretur.
904 1900 931 1934 «
992 1882 1288 1947 Multoties,
1349 1882 1638 1952 inquiebat
1684 1883 1798 1949 ille,

191 1971 578 2026 Lanfrancum
604 1971 788 2042 ipsum
820 1971 1128 2042 alloquens,
1165 1987 1267 2042 per
1295 1987 1528 2040 magnos
1556 1971 1804 2044 gemitus

194 2061 374 2114 Deum
405 2060 626 2130 rogavi,
658 2059 958 2113 uberrimis
982 2060 1245 2132 lacrymis
1265 2060 1462 2114 divinae
1497 2061 1803 2131 supplicavi

194 2149 597 2203 misericordia;
626 2153 691 2202 ut
721 2149 893 2202 talem
924 2148 1061 2201 mihi
1090 2149 1272 2202 virum
1303 2154 1612 2218 praestaret,
1642 2150 1802 2219 cujus

194 2238 428 2293 consilio
453 2243 512 2292 et
538 2237 748 2292 auxilio
777 2238 960 2292 locum
988 2237 1160 2292 istum
1189 2238 1569 2305 emendarem,
1602 2243 1659 2291 et
1680 2255 1802 2308 quae

198 2329 310 2382 Deo
343 2331 538 2381 essent
567 2326 777 2397 placita
824 2326 1224 2380 monachorum
1273 2326 1467 2380 usibus
1516 2327 1801 2381 instaura-

196 2433 340 2472 rem.
381 2416 453 2470 Et
515 2414 761 2485 quando,
820 2414 996 2468 frater
1042 2414 1370 2480 Lanfrance,
1403 2414 1513 2469 huc
1542 2420 1598 2469 te
1654 2416 1804 2471 Deus

196 2504 449 2567 adduxit,
469 2519 668 2575 preces
689 2502 1024 2556 humilitatis
1040 2519 1179 2557 meae
1209 2503 1499 2558 exauditas
1520 2505 1750 2559 credidi.
1772 2523 1800 2559 ι)

194 2593 263 2647 Et
291 2609 355 2647 re
387 2591 620 2663 quidem
649 2607 783 2646 vera
815 2591 1071 2645 Herluini
1100 2608 1257 2662 spem
1284 2608 1398 2646 non
1419 2591 1618 2646 fefellit
1645 2609 1806 2648 even-

193 2686 282 2736 tus
307 2701 321 2748 ;
352 2697 491 2736 nam
507 2680 684 2752 ipsius
701 2680 1001 2735 Lanfranci
1023 2691 1194 2752 opera
1211 2681 1372 2735 Becci
1399 2682 1802 2737 monasterium

195 2787 259 2824 ex
277 2769 619 2824 tenuissimo
649 2768 1076 2824 celeberrimum
1107 2785 1341 2824 numero
1370 2770 1794 2837 monachorum,

190 2861 407 2932 pietate
436 2865 497 2914 et
523 2859 778 2914 doctrina
810 2859 1132 2926 illustrium,
1185 2865 1352 2931 atque
1381 2861 1552 2915 etiam
1581 2866 1800 2932 tempo-

192 2949 401 3004 ralium
431 2948 712 3003 bonorum
747 2948 1037 3002 afﬂuentia
1087 2947 1297 3015 evasit;
1340 2950 1488 3019 quod
1515 2966 1579 3003 ex
1610 2949 1799 3004 subse-

190 3038 421 3108 quentis
445 3036 589 3090 Vitze
619 3041 881 3091 contextu
910 3037 1110 3090 melius
1166 3036 1396 3108 patebit.
1431 3038 1574 3101 Quid
1607 3039 1675 3092 de
1701 3040 1802 3093 Ca-

1886 1896 2036 1933 mam
2074 1879 2395 1949 Anglicanas
2447 1879 2704 1934 Ecclesiae
2725 1881 3079 1951 disciplinam
3109 1881 3178 1935 ab
3205 1882 3325 1952 ipso
3349 1898 3480 1936 san-

1884 1973 1972 2022 cto
1993 1968 2330 2038 Augustino,
2362 1968 2460 2037 qui
2490 1985 2616 2022 cum
2674 1969 2837 2022 sociis
2892 1970 3010 2024 suis
3068 1971 3276 2024 ordinis
3306 1971 3484 2025 nostri

1885 2057 2173 2111 monachis
2201 2057 2569 2126 Anglicanam
2598 2063 2824 2127 gentem
2856 2059 2927 2112 ad
2955 2060 3119 2113 ﬁdem
3153 2060 3481 2125 adduxerat,

1884 2145 2221 2199 institutam.
2255 2145 2586 2216 Opportuna
2613 2145 2730 2198 visa
2757 2145 2864 2199 fuit
2918 2147 3133 2200 clericis
3174 2148 3386 2202 occasio
3424 2148 3482 2202 in

1885 2239 2044 2288 tanta
2093 2249 2284 2287 rerum
2341 2233 2653 2287 mutatione
2699 2234 3073 2304 persuadendi
3103 2252 3242 2289 novo
3271 2237 3392 2307 regi
3420 2241 3486 2290 ut

1885 2321 2114 2376 clericos
2143 2321 2430 2375 monachis
2471 2321 2528 2375 in
2560 2321 2808 2376 ecclesiis
2839 2322 3255 2377 cathedralibus
3284 2324 3486 2378 substi-

1885 2415 2089 2464 tueret.
2115 2410 2185 2464 Et
2208 2410 2432 2481 quidem
2450 2427 2553 2464 sua
2580 2427 2674 2464 eos
2695 2427 2808 2466 non
2829 2410 3117 2467 fefellisset
3139 2412 3346 2482 opinio,
3378 2412 3486 2466 nisi

1885 2499 2233 2554 Lanfrancus
2262 2515 2456 2553 eorum
2508 2499 2800 2554 conatibus
2856 2500 2990 2554 totis
3019 2499 3228 2554 viribus
3253 2501 3487 2556 restitis-

1885 2593 1988 2643 set.
2012 2587 2346 2643 Guillelmus
2369 2588 2574 2660 quippe
2588 2605 2685 2642 rex
2701 2589 3007 2660 episcopos,
3039 2606 3178 2660 quos
3204 2589 3264 2644 in
3284 2591 3489 2661 Anglia

1885 2678 1954 2732 de
1971 2694 2111 2731 novo
2129 2677 2514 2744 constituerat,
2551 2694 2744 2731 omnes
2764 2695 2909 2749 pene
2929 2696 2994 2733 ex
3023 2679 3266 2733 clericali
3289 2680 3485 2735 ordine

1884 2767 2151 2836 elegerat,
2169 2766 2264 2836 qui
2280 2766 2516 2836 proinde
2533 2767 2862 2821 clericorum
2894 2767 3185 2822 conatibus
3203 2768 3482 2836 favebant,

1883 2860 1982 2910 aut
2011 2871 2146 2909 sane
2169 2871 2282 2908 non
2303 2855 2545 2909 multum
2574 2855 3034 2923 adversabantur,
3061 2857 3210 2911 unde
3238 2874 3328 2912 res
3350 2857 3485 2929 ipsis

1883 2944 2022 2997 adeo
2043 2943 2361 2997 indubitata
2389 2943 2700 3007 videbatur,
2741 2965 2762 2994 ι
2798 2951 2863 2997 ut
2891 2946 3248 3000 Valchelinus
3279 2947 3486 3017 episco-

1883 3049 1986 3104 pus
2009 3031 2434 3096 Wintoniensis,
2474 3052 2496 3082 ι
2534 3033 2718 3102 inquit
2738 3033 3064 3099 Eadmcrus,
3101 3033 3200 3087 lib.
3235 3052 3269 3100 ι,
3317 3052 3342 3085 (ί
3364 3037 3484 3105 jam

191 3126 452 3180 domensi
482 3131 727 3196 utroque
753 3125 1096 3180 monasterio
1128 3125 1516 3196 proferamus?
1559 3143 1802 3198 quorum
1821 3127 1864 3186 C
1884 3121 2184 3174 adnutatos
2212 3135 2354 3190 pene
2385 3119 2761 3190 quadraginta
2806 3120 3054 3187 clericos,
3087 3121 3482 3177 canonicorum

193 3216 440 3269 alterum
471 3215 530 3268 in
562 3215 833 3268 honorem
857 3214 1035 3267 sancti
1065 3215 1332 3285 Stephani
1363 3232 1462 3285 pro
1491 3216 1797 3282 monachis,

189 3304 440 3358 alterum
470 3303 531 3356 in
560 3307 831 3356 honorem
877 3308 1079 3356 sanctae
1139 3303 1431 3357 Trinitatis
1469 3321 1570 3375 pro
1595 3305 1801 3359 sancti-

192 3391 560 3456 monialibus,
611 3409 645 3446 a
675 3391 973 3445 Guillelmo
1028 3391 1168 3446 duce
1223 3392 1472 3446 construi
1517 3399 1574 3447 et
1619 3394 1800 3448 dotari

185 3481 513 3553 procuravit
542 3480 907 3535 Lanfrancus.
942 3481 1080 3535 Cum
1113 3481 1261 3534 enim
1283 3481 1604 3550 illegitimas
1634 3483 1801 3552 hujus

183 3570 458 3642 principis
487 3569 714 3640 nuptias
745 3569 1055 3640 approbare
1111 3569 1407 3634 renuisset,
1456 3561 1699 3624 obtinuit
1736 3576 1801 3625 ut

190 3675 283 3713 res
311 3658 384 3712 ad
417 3657 738 3711 Romanum
780 3657 1098 3728 pontiﬁcem
1143 3658 1474 3718 deferretur,
1504 3658 1798 3729 dispensa-

184 3746 361 3801 tionis
417 3744 739 3799 obtinendae
787 3745 988 3815 gratia,
1036 3763 1204 3816 quam
1261 3747 1374 3814 ille,
1406 3753 1608 3818 agente
1658 3749 1800 3802 Lan-

187 3834 382 3889 franco
407 3834 655 3888 Villelmi
681 3833 854 3904 ipsius
883 3835 1086 3905 legato,
1117 3853 1184 3889 ea
1228 3836 1547 3890 conditione
1579 3853 1802 3891 conces-

189 3925 282 3989 sit,
301 3930 366 3978 ut
389 3924 503 3978 duo
536 3923 879 3977 monasteria
921 3923 976 3976 in
1006 3923 1209 3994 piaculi
1265 3925 1633 3996 expiationem
1666 3943 1800 3980 con-

189 4013 484 4068 derentur.
519 4013 744 4067 Perstat
765 4012 1085 4067 etiamnunc
1116 4019 1418 4084 utrumque
1469 4013 1571 4068 sub
1604 4015 1800 4070 ordine

190 4109 408 4166 nostro,
443 4102 513 4155 de
563 4100 767 4171 quibus
828 4101 948 4154 fuse
1004 4107 1184 4170 agunt
1211 4102 1481 4155 Acherius
1510 4108 1701 4156 noster
1737 4103 1795 4157 in

189 4192 342 4246 notis
365 4190 437 4244 ad
459 4189 759 4244 Lanfranci
787 4189 994 4254 Vitam,
1024 4195 1080 4243 et
1105 4191 1347 4244 Arturus
1375 4191 1712 4246 Monsterius
1738 4192 1796 4246 in

189 4279 463 4334 Neustria
499 4278 626 4349 pia;
657 4295 723 4331 ex
747 4278 836 4331 his
864 4278 1269 4333 monasterium
1293 4281 1481 4333 Sancti
1528 4280 1794 4350 Stephani

187 4370 441 4423 virorum
495 4371 702 4420 nostrae
756 4367 1174 4437 congregationi
1219 4368 1406 4421 Sancti
1458 4369 1641 4423 Mauri
1677 4371 1792 4439 jam

1884 3226 2040 3264 more
2091 3214 2327 3263 tonsura
2381 3224 2446 3262 ac
2493 3214 2644 3262 veste
2698 3209 2989 3264 redimitos
3047 3209 3298 3275 haberet,
3343 3229 3482 3283 quos

1885 3299 2080 3369 ejectis
2129 3298 2420 3352 monachis
2474 3298 2771 3351 Wentanae
2809 3297 3050 3352 ecclesiae
3088 3299 3178 3353 cui
3216 3301 3481 3371 przeside-

1883 3386 1980 3442 bat
2005 3404 2132 3441 mox
2161 3387 2582 3440 intromitteret.
2618 3405 2645 3439 »
2672 3387 2834 3441 Solus
2859 3393 3153 3458 supererat
3179 3405 3481 3445 consensus

1882 3475 2179 3531 Lanfranci
2244 3475 2598 3541 obtinendus,
2643 3492 2810 3546 quem
2870 3476 3079 3547 absque
3129 3479 3356 3548 negotio
3421 3495 3481 3532 se

1881 3565 2316 3635 impetraturum
2355 3563 2707 3618 autumabat.
2735 3565 2810 3618 At
2852 3581 2941 3618 res
2971 3565 3135 3635 longe
3167 3566 3332 3620 aliter
3361 3584 3480 3621 eve-

1881 3655 1983 3721 nit,
2043 3659 2106 3707 ut
2154 3654 2514 3724 prosequitur
2550 3653 2860 3707 Eadmcrus
2895 3672 2908 3719 ;
2955 3671 2978 3705 (‹
3020 3671 3150 3707 nam
3189 3654 3286 3709 ubi
3328 3657 3476 3727 quod

1883 3745 2175 3815 episcopus
2213 3743 2509 3797 moliretur
2569 3741 2836 3796 insonuit'
2858 3742 3088 3797 auribus
3146 3745 3288 3813 ejus,
3329 3745 3478 3800 illico

1883 3833 2097 3887 facinus
2127 3831 2435 3899 exhorruit,
2468 3848 2571 3884 nec
2600 3848 2678 3898 se,
2711 3832 2845 3885 dum
2875 3831 3101 3897 viveret,
3126 3838 3190 3885 ut
3219 3834 3477 3888 eﬂectum

1883 3921 2162 3992 quomodo
2212 3919 2342 3973 talis
2392 3916 2695 3972 voluntatis
2753 3919 3032 3972 obtineret
3069 3935 3477 3974 consensurum

1881 4009 2142 4064 asseruit.
2172 4030 2195 4057 ιι
2231 4008 2414 4062 Multo
2436 4008 2662 4078 gravior
2680 4007 2856 4061 fuitin
2881 4008 3182 4062 monachos
3210 4010 3476 4081 procella,

1880 4116 2006 4154 cum
2037 4099 2105 4152 de
2144 4097 2448 4169 primatiali
2496 4096 2811 4151 Cantuarize
2853 4097 3097 4151 Ecclesia
3125 4104 3310 4152 actum
3348 4099 3473 4167 fuit,

1878 4189 2224 4260 proindeque
2263 4185 2464 4255 majori
2503 4186 2572 4238 ad
2612 4201 2736 4239 eam
2799 4185 3105 4240 sedandam
3161 4189 3478 4243 constantia

1879 4295 2018 4348 opus
2043 4276 2242 4330 habuit
2269 4275 2642 4341 Lanfrancus;
2672 4274 2768 4327 sed
2801 4291 2927 4328 eum
2946 4291 3048 4329 nec
3075 4275 3224 4345 regis
3238 4278 3476 4332 auctori-

1877 4373 1983 4432 tas,
2045 4383 2148 4420 nec
2212 4364 2450 4418 aliorum
2505 4363 2817 4434 principum
2879 4381 3182 4419 consensus
3221 4382 3471 4436 unquam

186 4458 258 4513 ab
289 4458 510 4528 aliquot
538 4456 701 4510 annis
728 4436 1053 4525 adjunctum
1074 4455 1196 4509 fuit.
1230 4457 1309 4510 De
1337 4457 1495 4526 cujus
1523 4436 1860 4512 monaste-D
1880 4456 2155 4509 adducere
2184 4457 2491 4525 potuerunt
2519 4458 2584 4506 ut
2613 4453 3015 4507 monachorum
3064 4471 3128 4508 ex
3185 4471 3248 4508 ea
3289 4455 3472 4509 Eccle-

184 4546 257 4600 rii
289 4545 614 4600 conditione
635 4549 691 4598 et
719 4545 788 4597 de
808 4545 1139 4611 Lanfranco,
1175 4562 1340 4615 quem
1383 4549 1432 4598 ei
1455 4546 1787 4602 Guillelmus

185 4635 293 4690 loci
322 4635 595 4689 fundator
621 4633 868 4704 primum
898 4632 1156 4686 abbatem
1187 4634 1453 4704 praefecit,
1502 4635 1580 4688 sic
1608 4635 1792 4705 loqui-

184 4730 281 4778 tur
311 4725 514 4778 Petrus
539 4720 921 4787 Pictaviensis,
979 4725 1174 4775 auctor
1225 4721 1474 4792 aequalis,
1517 4721 1575 4774 in
1613 4722 1789 4792 ipsius

185 4811 476 4867 Guillelmi
499 4810 686 4865 Gestis
715 4828 726 4862 :
765 4828 791 4861 α
824 4809 1437 4880 Lanfrancum,inquit,
1467 4811 1784 4880 quemdam,

184 4902 252 4956 de
281 4918 394 4973 quo
417 4901 575 4954 venit
604 4899 665 4952 in
695 4898 874 4964 litem,
906 4899 1105 4969 plusne
1139 4899 1214 4952 sit
1253 4899 1487 4952 meritus
1528 4916 1788 4954 reveren-

184 4990 322 5043 tiam
354 4994 529 5059 atque
565 4987 807 5058 gloriam
836 4986 1183 5041 saecularium
1211 5003 1274 5040 ac
1302 4987 1615 5042 divinarum
1645 4988 1790 5042 litte-

183 5096 371 5135 rarum
402 5077 681 5148 singulari
704 5075 1005 5148 peritia,an
1025 5076 1238 5130 ordinis
1257 5075 1568 5130 monachici
1589 5077 1787 5147 singu-

183 5167 286 5222 lari
331 5166 710 5232 observantia,
767 5165 968 5220 intima
1019 5165 1402 5220 familiaritate
1456 5165 1786 5220 Guillelmus

180 5257 413 5324 colebat,
442 5261 509 5312 ut
540 5260 767 5327 patrem
808 5271 1099 5321 venerans,
1143 5272 1341 5310 verens
1373 5259 1438 5309 ut
1478 5260 1786 5327 praecepto-

179 5363 316 5414 rem,
347 5347 594 5417 diligens
614 5349 681 5399 ut
700 5360 1035 5414 germanum
1075 5349 1173 5398 aut
1193 5345 1425 5415 prolem.
1460 5344 1547 5398 Illi
1569 5346 1786 5398 consul-

177 5441 233 5489 ta
260 5437 468 5491 animae
497 5451 637 5501 suae,
669 5433 753 5486 illi
782 5432 1065 5504 speculam
1099 5433 1420 5504 quamdam,
1455 5433 1604 5487 unde
1634 5433 1785 5487 ordi-

173 5525 336 5581 nibus
365 5522 766 5580 ecclesiasticis
794 5539 896 5594 per
941 5538 1164 5577 omnem
1219 5523 1622 5576 Normanniam
1653 5539 1785 5594 pro-

171 5615 501 5686 spiceretur,
529 5611 836 5669 commisit.
869 5611 1061 5667 Potuit
1099 5627 1340 5683 namque
1369 5611 1472 5667 viri
1492 5611 1621 5666 talis
1641 5611 1780 5684 vigi-

1871 4552 1953 4606 sia
1973 4550 2282 4622 expulsioni
2305 4549 2675 4616 consentiret;
2707 4569 2727 4600 α
2755 4549 2889 4617 imo,
2923 4550 3107 4620 inquit
3136 4551 3464 4619 Eadmcrus,

1874 4668 1942 4704 ne
1982 4656 2109 4721 post
2163 4648 2376 4702 obitum
2429 4663 2594 4701 suum
2643 4647 2821 4714 ﬁeret,
2865 4648 3013 4718 quod
3061 4666 3119 4702 se
3170 4649 3470 4720 superstite

1871 4749 2082 4802 sciebat
2100 4764 2198 4819 per
2218 4745 2485 4801 auxilium
2524 4745 2626 4800 Dei
2654 4762 3007 4816 nequaquam
3040 4747 3466 4816 perficiendum,

1871 4847 2124 4901 nesciens
2171 4845 2367 4898 mortis
2409 4861 2522 4898 suae
2561 4843 2709 4897 diem
2747 4844 2833 4898 vel
2865 4847 3078 4911 horam,
3116 4845 3230 4916 egit
3259 4848 3469 4916 sagaci-

1870 4949 1987 4998 tate
2025 4948 2081 4996 et
2115 4941 2393 4996 industria
2431 4958 2541 5012 qua
2578 4940 2842 5012 pollebat,
2881 4947 2946 4995 ut
2977 4943 3311 4997 auctoritate
3353 4945 3466 4998 Ro-

1871 5057 2051 5095 manas
2098 5046 2155 5094 et
2217 5039 2534 5111 apostolicae
2562 5038 2727 5106 sedis,
2760 5040 3162 5094 monachorum
3190 5040 3464 5095 habitatio

1868 5139 1925 5193 in
1976 5138 2172 5192 eadem
2227 5136 2460 5191 ecclesia
2505 5137 2952 5206 confirmaretur,
3009 5143 3065 5192 et
3117 5137 3458 5204 inconvulsa,

1868 5238 2000 5292 dum
2027 5236 2290 5290 saeculum
2310 5234 2557 5301 duraret,
2582 5234 2641 5288 in
2670 5240 3002 5306 perpetuum
3031 5233 3396 5289 stabiliretur.
3433 5253 3459 5288 ι)

1868 5336 2060 5389 Exstat
2088 5351 2154 5387 ea
2182 5333 2251 5387 de
2280 5349 2340 5386 re
2370 5331 2676 5387 Alexandri
2705 5333 2756 5387 II
2785 5349 2943 5403 papae
2980 5332 3266 5385 decretum
3314 5332 3464 5387 inter

1867 5433 2006 5486 alias
2071 5432 2238 5501 hujus
2299 5431 2576 5501 pontificis
2643 5431 2926 5501 epistolas,
2970 5430 3117 5500 quod
3157 5431 3462 5487 Eadmerus

1867 5523 2074 5594 aliique
2099 5525 2354 5574 auctores
2382 5519 2662 5591 integrum
2690 5519 2804 5573 suis
2831 5519 3051 5590 scriptis
3080 5519 3439 5577 inseruerunt

1869 5611 2076 5667 Exinde
2118 5609 2509 5666 Benedictinus
2545 5608 2679 5664 ordo
2717 5608 2775 5664 in
2805 5608 3196 5666 Cantuariensi
3225 5611 3460 5683 aliisque
