3952 6396
487 332 558 393 23

1480 335 1544 389 B.
1587 332 2001 389 LANFRANCI
2039 331 2399 388 CANTUAR.
2439 327 2777 384 ARCHIEP.

3697 330 3769 387 24

491 456 921 529 quamplurimis
944 457 1158 528 Anglia
1186 457 1346 530 regni
1383 454 1631 512 ecclesiis
1675 455 2152 515 cathedralibusA
2177 458 2281 507 ret.
2316 450 2529 522 Viginti
2569 449 2816 522 quinque
2853 453 3111 507 maneria
3150 470 3177 506 υ
3219 471 3284 508 ex
3319 455 3389 509 iis
3438 458 3779 509 enumerant

490 546 866 619 perseveravit
899 562 1079 616 usque
1123 546 1195 599 ad
1262 547 1535 617 ejuratam
1574 551 1827 616 tempore
1867 544 2093 598 Henrici

492 636 624 690 VIII
662 634 993 689 catholicam
1033 635 1222 689 ﬁdem.
1265 634 1411 699 Quid
1471 638 1740 705 praterea
1804 632 2091 687 monachis

493 723 821 797 prastiterit
855 722 1217 789 Lanfrancus,
1263 740 1328 777 ex
1368 723 1560 777 eodem
1620 722 1894 789 Eadmero
1948 721 2095 775 aliis-

497 829 605 884 que
643 810 966 866 auctoribus
1006 812 1376 882 repetendum
1428 815 1543 876 est;
1586 826 1764 881 pauca
1799 828 1866 862 ex
1903 809 2096 863 multis

491 901 585 955 hic
612 899 859 954 delibare
897 900 1158 953 sufﬁciat.
1202 900 1600 954 Monachorum
1634 898 1876 952 ecclesia
1915 896 2093 951 sancti

494 988 801 1044 Salvatoris
839 988 1004 1041 domo
1041 987 1215 1041 veteri
1253 988 1553 1048 destructa,
1618 1004 1643 1037 «
1703 985 1842 1038 alias
1894 986 2094 1038 decore

491 1093 558 1131 ac
593 1075 982 1147 magnitudine
1020 1076 1261 1129 multum
1319 1079 1649 1145 prastantes
1709 1074 2018 1138 aediﬁcavit,
2065 1092 2090 1125 ι

491 1165 679 1236 inquit
710 1165 1049 1231 Eadmerus;
1083 1163 1366 1217 abbatiam
1391 1162 1581 1217 Sancti
1615 1162 1837 1229 Albani,
1873 1185 1893 1211 «ι
1926 1177 2095 1233 quam

496 1254 650 1309 intus
679 1258 736 1307 et
761 1258 915 1307 extra
946 1253 1017 1306 ad
1046 1252 1287 1306 nihilum
1341 1252 1457 1305 fere
1494 1251 1832 1317 devolutam,
1874 1251 1994 1321 ipse
2032 1255 2098 1303 ut

503 1359 683 1408 suam,
712 1342 975 1397 instituto
1005 1341 1056 1395 ei
1079 1341 1240 1395 bona
1268 1340 1553 1395 memoriae
1594 1341 1769 1394 Paulo
1802 1339 2019 1405 abbate,
2061 1356 2096 1394 a

493 1431 875 1485 fundamentis
904 1430 1283 1497 readificavit,
1317 1434 1373 1484 et
1391 1429 1544 1483 intus
1569 1446 1776 1500 magna
1802 1429 2089 1499 religione,

494 1519 632 1573 foris
655 1520 961 1573 multarum
984 1535 1173 1572 rerum
1205 1517 1506 1571 donatione
1553 1516 1724 1583 auxit,
1756 1516 2088 1581 honestavit,

495 1608 712 1663 ditavit.
740 1628 765 1661 »
802 1608 910 1662 Per
938 1606 1281 1662 Gundulfum
1310 1607 1666 1671 monachum,
1701 1622 1869 1676 quem
1883 1606 2095 1677 episco-

2174 542 2446 596 Rodulfus
2482 542 2550 595 de
2589 542 2800 608 Diceto,
2843 547 2901 596 et
2927 543 3223 598 Matthaus
3271 545 3520 600 Parisius
3560 546 3631 599 ad
3669 562 3776 599 an-

2174 648 2309 686 num
2356 628 2517 686 1039.
2575 630 2799 693 Quanta
2831 647 2961 684 vero
3013 632 3186 686 animi
3226 634 3540 689 constantia
3593 634 3778 688 Odoni

2176 719 2464 790 Bajocensi
2510 719 2791 790 episcopo,
2834 720 3055 774 uterino
3094 722 3346 791 ejusdem
3403 722 3554 792 regis
3590 722 3774 786 fratri,

2178 808 2433 862 Ecclesia
2460 807 2881 862 Cantuariensis
2923 809 3051 878 jura
3076 810 3306 863 violanti
3329 810 3620 877 restiterit,
3650 827 3780 865 nar-

2175 901 2303 949 rant
2350 896 2676 961 Eadmerus,
2723 895 2817 949 lib.
2879 911 2897 949 I
2943 898 3247 964 Novorum,
3294 903 3352 952 et
3391 899 3532 953 Vita
3579 904 3781 952 auctor

2176 1002 2296 1055 cap.
2315 983 2369 1041 9.
2388 985 2518 1038 Hac
2540 1001 2669 1038 vero
2688 985 2875 1038 omnia
2896 986 2944 1038 ei
2960 991 3174 1040 tantam
3195 987 3584 1041 auctoritatem
3604 988 3778 1042 etiam

2176 1073 2325 1145 apud
2382 1090 2572 1143 regem
2616 1073 2795 1144 ipsam
2853 1074 3235 1140 conciliarant,
3277 1081 3360 1141 ut,
3395 1093 3523 1130 cum
3550 1077 3777 1131 Willel-

2176 1178 2303 1216 mus
2335 1162 2393 1216 in
2415 1162 2766 1216 Normannia
2814 1168 3152 1230 versaretur,
3185 1164 3528 1218 Lanfrancus
3563 1184 3585 1213 α
3623 1164 3779 1236 prin-

2176 1267 2305 1321 ceps
2336 1257 2393 1305 et
2420 1255 2606 1305 custos
2642 1251 2859 1321 Anglia
2881 1258 3045 1318 esset,
3077 1252 3342 1322 subjectis
3372 1253 3477 1307 sibi
3507 1253 3778 1324 principi-

2174 1339 2298 1402 bus,
2333 1358 2360 1393 »
2385 1345 2526 1394 teste
2558 1340 2699 1395 Vita
2737 1345 2983 1419 auctore,
3017 1358 3135 1412 cap.
3188 1343 3271 1399 15.
3321 1343 3628 1396 Eadmerus
3648 1342 3780 1396 aliis

2176 1428 2357 1483 verbis
2386 1429 2533 1482 idem
2565 1429 2792 1483 omnino
2817 1431 3038 1495 astruit,
3083 1432 3440 1485 asserendo‘u
3475 1431 3543 1485 ad
3570 1436 3778 1485 nutum

2176 1503 2469 1569 Lanfranci
2493 1516 2666 1570 totius
2715 1517 2869 1587 regni
2902 1517 3169 1571 intuitum
3219 1524 3516 1589 spectasse.
3553 1538 3578 1570 »
3611 1517 3777 1581 Quod

2176 1610 2302 1675 post
2329 1607 2452 1676 ejus
2481 1612 2718 1659 mortem
2740 1606 3093 1676 potissimum
3124 1607 3344 1660 enituit.
3369 1608 3512 1661 Nam
3538 1606 3777 1661 Guillel-

494 1713 632 1767 pum
655 1695 970 1750 Roﬂ‘ensem
1002 1694 1269 1759 instituit,
1301 1711 1329 1746 ι
1354 1698 1632 1748 vetustam
1663 1694 1950 1747 ecclesiam
1977 1694 2095 1764 epi-
2179 1710 2303 1747 mus
2331 1694 2525 1751 Rufus.
2562 1694 2656 1764 qui
2669 1695 2785 1763 jam
2807 1694 2955 1765 patri
2975 1710 3077 1747 suo
3108 1699 3466 1759 successerat,
3505 1715 3527 1745 ι
3562 1694 3779 1748 confes-

496 1790 758 1857 scopatus
779 1801 904 1839 cum
945 1782 1157 1837 fabrica
1186 1783 1478 1853 adjacente
1532 1781 1822 1847 subvertit,
1861 1787 1918 1835 et
1947 1798 2088 1835 nova
2106 1768 2150 1824 Β
2171 1781 2277 1835 tim
2305 1802 2330 1831 δ)
2356 1782 2539 1852 inquit
2559 1783 2867 1837 Eadmerus
2887 1783 3079 1836 «foras
3099 1782 3389 1853 expressit,
3411 1783 3560 1852 quod
3590 1783 3704 1846 illo,
3748 1804 3770 1828 ιι

500 1891 735 1946 quaque
765 1872 1215 1929 extruxit.........
1250 1871 1438 1925 sedem
1483 1870 1851 1941 episcopalem
1905 1886 2095 1924 mona-

501 1963 644 2017 chici
670 1961 882 2017 ordinis
920 1961 1074 2015 cultu
1124 1959 1389 2025 instituit,
1431 1974 1495 2012 ac
1522 1959 1790 2028 delegatis
1814 1960 1998 2024 terris,
2041 1962 2097 2013 et

502 2050 628 2104 aliis
668 2066 790 2120 qua
828 2047 1222 2104 sustentationi
1251 2048 1364 2101 illic
1392 2046 1751 2101 servientium
1791 2048 1905 2101 Deo
1944 2064 2097 2102 com-

499 2138 785 2211 petebant,
820 2137 1046 2191 divitem
1077 2137 1144 2191 de
1175 2153 1440 2208 paupere,
1464 2135 1757 2189 sublimem
1780 2136 1848 2189 de
1874 2135 2093 2203 humili,

2175 1869 2506 1935 Lanfranco,
2543 1889 2568 1924 (ι
2592 1870 2873 1924 confotum
2895 1870 3108 1924 habuit.
3139 1870 3295 1924 Fecit
3317 1886 3449 1940 ergo
3472 1870 3776 1924 Ecclesiam

2179 1958 2382 2012 Christi
2410 1960 2680 2026 venalem,
2719 1978 2741 2010 ι
2776 1965 2881 2013 etc.
2916 1959 3077 2013 Unde
3124 1957 3325 2012 merito
3355 1958 3424 2011 de
3460 1956 3777 2012 Lanfranco

2178 2047 2370 2118 paucis
2424 2047 2605 2101 verbis
2656 2063 2780 2101 cum
2841 2047 3034 2102 eodem
3074 2047 3347 2100 Eadmero
3401 2046 3506 2100 dici
3548 2050 3773 2117 potest:

2185 2153 2209 2186 «
2234 2136 2486 2190 Breviter
2503 2137 2626 2191 dico
2656 2137 2835 2207 ipsum
2867 2152 3063 2190 revera
3099 2152 3366 2207 magnum
3396 2140 3453 2189 et
3479 2136 3779 2207 insupera-

501 2228 649 2282 sicut
672 2228 732 2280 in
760 2226 1020 2298 prasenti
1049 2225 1309 2289 habetur,
1342 2225 1540 2279 effecit.
1574 2244 1600 2278 »
1635 2226 1763 2279 Hac
1792 2226 2101 2279 Eadmerus
2180 2224 2348 2278 bilem
2374 2226 2629 2279 Ecclesia
2681 2225 2888 2279 Christi
2922 2225 3291 2290 defensorem,
3330 2228 3388 2278 et
3416 2224 3568 2295 pium
3599 2223 3780 2278 totius

504 2320 561 2369 et
586 2315 904 2369 Willelmus
932 2314 1469 2369 Malmesburiensis.
1513 2315 1629 2368 Nec
1658 2314 1845 2368 minus
1870 2331 1997 2367 eum
2029 2314 2099 2367 de
2180 2314 2393 2383 Anglia
2424 2314 2752 2385 principem,
2779 2330 2862 2379 ac,
2916 2313 2976 2367 in
3008 2319 3280 2385 quantum
3329 2313 3436 2367 sibi
3464 2313 3638 2376 licuit,
3679 2313 3781 2367 bo-

510 2409 772 2459 accurata
806 2404 1082 2474 regularis
1121 2403 1427 2474 disciplina
1474 2402 1860 2456 observatione
1900 2402 2101 2457 sollici-
2181 2418 2314 2456 num
2346 2408 2627 2473 pastorem
2658 2402 2872 2457 cunctis
2898 2402 2955 2455 in
2986 2419 3054 2456 ea
3071 2401 3669 2468 consistentibus,dum
3697 2402 3782 2455 vi-

507 2498 631 2547 tum
655 2493 841 2557 fuisse,
855 2508 1023 2563 quam
1048 2492 1116 2546 de
1129 2492 1427 2563 Splendore
1447 2496 1547 2544 aut
1573 2490 1943 2561 amplitudine
1969 2491 2099 2545 adi-
2181 2490 2281 2553 xit.
2306 2491 2496 2546 fuisse.
2527 2510 2549 2542 ι
2580 2492 2826 2545 Noverat
2852 2492 2908 2545 id
2938 2492 3250 2546 Alexander
3278 2492 3329 2546 ΙΙ
3362 2507 3617 2546 summus
3629 2507 3741 2561 pon
3763 2519 3780 2531 -

503 2581 756 2636 ﬁciorum
783 2579 1026 2652 probant
1047 2581 1311 2651 praclara
1340 2580 1436 2633 illa
1463 2584 1694 2645 statuta,
1717 2596 1838 2650 qua
1868 2596 1968 2649 pro
1985 2595 2101 2632 mo-
2179 2579 2334 2645 tifex,
2362 2580 2458 2650 qui
2484 2580 2635 2650 apud
2663 2581 2920 2634 eumdem
2950 2585 3255 2647 auctorem,
3287 2580 3663 2634 Lanfrancum
3683 2595 3781 2633 vo-

503 2670 696 2724 nachis
725 2670 919 2736 edidit,
953 2686 988 2722 a
1016 2673 1208 2723 nostro
1235 2669 1477 2722 Acherio
1507 2668 1674 2721 edita.
1699 2668 1949 2738 Denique
1982 2667 2098 2721 sin-
2182 2673 2272 2722 cat
2300 2691 2322 2715 α
2351 2669 2572 2722 Patrem
2598 2669 2791 2740 patria
2810 2670 3150 2740 Anglicana;
3181 2690 3201 2717 ι
3230 2674 3287 2723 et
3302 2669 3353 2723 ei
3370 2685 3563 2723 revera
3591 2672 3781 2738 pasto-

504 2774 691 2813 cerum
718 2761 837 2829 ejus
867 2758 924 2811 in
972 2757 1340 2811 monasticam
1374 2756 1543 2810 vitam
1575 2772 1823 2810 amorem
1858 2760 2101 2810 testatur
2182 2755 2327 2809 rales
2356 2756 2556 2826 virgas,
2585 2762 2752 2826 prout
2770 2756 2875 2827 ipsi
2894 2757 3195 2822 videretur,
3219 2756 3619 2828 dispensandas
3649 2772 3784 2810 con-

503 2848 601 2903 illa
630 2848 864 2919 epistola
893 2863 1061 2917 quam
1094 2846 1164 2899 ad
1196 2844 1573 2899 Alexandrum
1603 2860 1804 2915 papam
1853 2845 2093 2915 scripsit,
2177 2843 2504 2898 tradiderat.
2529 2845 2998 2917 Chronographus
3025 2851 3216 2899 noster
3260 2832 3582 2909 Saxonicus,
3618 2846 3736 2898 Nor
3756 2875 3779 2884 -

504 2941 568 2991 ut
595 2937 664 2991 ab
696 2936 938 2991 ecclesia
952 2933 1372 2988 Cantuariensis
1396 2932 1669 3003 regimine
1694 2932 2094 2987 absolveretur.
2180 2933 2402 2987 mannis
2431 2933 2560 2987 licet
2592 2934 2847 2998 infestus,
2883 2935 3254 2988 Lanfrancum
3286 2935 3481 2989 laudat
3506 2951 3535 2986 α
3581 2934 3640 2987 in
3670 2933 3778 2987 Ec-

505 3043 532 3078 α
566 3026 741 3096 Rogo,
773 3024 974 3095 inquit,
1002 3028 1279 3093 quatenus
1303 3026 1531 3093 propter
1560 3022 1735 3075 Deum
1767 3027 1824 3075 et
1851 3022 2096 3075 animam
2118 3080 2157 3096 Π
2180 3022 2348 3075 clesia
2383 3023 2688 3089 doctorem,
2720 3024 2880 3093 cujus
2910 3023 3095 3077 studio
3126 3029 3184 3077 et
3212 3024 3370 3094 prius
3400 3022 3456 3076 in
3485 3022 3685 3086 Gallia,
3719 3027 3783 3076 et

502 3119 767 3178 vestram,
800 3118 866 3166 ut
926 3111 1070 3165 sicut
1117 3116 1319 3176 vestra,
1367 3110 1455 3164 cui
1506 3111 1809 3164 contradici
1855 3111 1936 3165 fas
1984 3080 2535 3181 noncpostmodum
2564 3112 2623 3165 in
2648 3113 2869 3183 Anglia,
2901 3112 3065 3166 multi
3110 3113 3179 3166 ad
3235 3112 3486 3166 divinum
3541 3110 3782 3166 animati

504 3201 630 3266 fuit,
661 3216 753 3253 me
786 3199 1119 3252 auctoritate
1137 3197 1427 3267 alligastis,
1452 3198 1530 3251 sic
1547 3214 1768 3269 quoque
1782 3199 2094 3269 alligatum,
2181 3204 2313 3252 sunt
2335 3199 2684 3270 obsequium.
2721 3220 2745 3252 »

502 3289 742 3360 abrupto
773 3304 875 3358 per
900 3286 1153 3341 eamdem
1185 3286 1576 3340 auctoritatem
1603 3286 1773 3357 hujus
1797 3288 2101 3341 necessita-
2257 3289 2305 3340 5.
2350 3286 2471 3341 Non
2535 3289 2698 3341 factis
2760 3289 2939 3342 solum
3000 3289 3096 3343 sed
3154 3288 3323 3343 etiam
3382 3287 3498 3342 suis
3555 3286 3782 3369 scriptis

500 3379 576 3432 tis
603 3377 841 3443 vinculo,
866 3375 1187 3441 absolvatis,
1209 3375 1492 3446 vitamque
1524 3374 1903 3441 canobialem,
1931 3393 2101 3446 quam
2183 3375 2527 3430 Lanfrancus
2579 3377 2878 3431 Ecclesiam
2934 3378 3261 3432 catholicam
3301 3375 3618 3440 illustravit,
3654 3393 3781 3447 qua

502 3483 616 3539 pra
683 3464 941 3520 omnibus
980 3464 1168 3535 diligo,
1227 3463 1517 3535 repetendi
1564 3464 1844 3519 licentiam
1911 3481 2101 3519 conce-
2185 3463 2234 3517 ei
2273 3464 2421 3516 inter
2458 3465 2858 3519 ecclesiasticos
2892 3470 3147 3520 auctores
3201 3466 3384 3519 locum
3425 3470 3774 3519 meruerunt.

501 3555 670 3620 datis,
717 3572 743 3607 ι
786 3571 907 3624 qua
945 3552 1135 3608 omnia
1172 3552 1412 3624 probant
1447 3553 1678 3607 titulum
1713 3574 1734 3600 ι
1769 3553 1953 3606 Patris
1976 3570 2098 3607 mo-
2182 3551 2316 3621 Ejus
2348 3569 2516 3622 opera
2543 3553 2750 3620 omnia,
2793 3571 2915 3625 qua
2944 3554 3182 3608 inveniri
3228 3560 3549 3625 potuerant,
3592 3553 3776 3624 primo

503 3643 813 3697 nachorum
869 3661 889 3693 ν
947 3641 1076 3710 jure
1140 3640 1340 3694 merito
1406 3641 1716 3694 Lanfranco
1774 3658 2097 3695 concessum
2181 3639 2238 3693 in
2276 3656 2449 3694 unum
2504 3643 2735 3696 collecta
2788 3643 2962 3697 edidit
3005 3649 3198 3697 noster
3250 3644 3428 3697 Lucas
3476 3641 3771 3709 Acherius,

497 3731 691 3786 fuisse.
2182 3746 2420 3800 quorum
2485 3731 2575 3783 hic
2623 3738 2709 3785 est
2773 3733 3059 3803 catalogus
3101 3751 3111 3784 :
3148 3754 3167 3781 ι
3217 3731 3669 3786 Commentarius
3715 3732 3778 3787 in

572 3819 626 3875 4.
662 3819 896 3873 Mutatis
932 3817 991 3873 in
1028 3818 1231 3888 Anglia
1268 3817 1452 3884 rebus,
1495 3835 1634 3890 opus
1686 3831 1810 3873 erat
1846 3820 1962 3873 viro
2002 3821 2097 3891 qui
2179 3818 2456 3888 Epistolas
2484 3818 2635 3874 beati
2676 3820 2856 3876 Pauli.
2897 3821 3144 3876 Libellus
3174 3821 3244 3875 de
3298 3838 3529 3892 corpore
3557 3828 3614 3875 et
3641 3837 3775 3875 san-

500 3895 760 3965 Ecclesia
813 3907 1041 3978 negotia
1075 3907 1157 3961 ita
1196 3906 1586 3962 moderaretur
1612 3912 1676 3962 ut
1701 3924 1804 3961 nec
1843 3909 2097 3963 ecclesia-
2176 3907 2346 3977 guine
2376 3908 2601 3962 Domini
2621 3915 2817 3963 contra
2845 3910 3244 3981 Berengarium
3288 3909 3777 3966 Annotatiuncula

500 3999 640 4053 stica
676 3996 972 4068 disciplina
1006 3996 1095 4050 his
1143 3995 1481 4050 tumultibus
1522 3998 1805 4067 jacturam
1843 3998 2093 4068 aliquam
2176 3996 2233 4049 in
2264 3996 2561 4050 nonnullas
2606 3998 2838 4051 Joannis
2880 3998 3133 4053 Cassiani
3164 3998 3488 4054 collationes
3515 3999 3770 4053 Patrum.

499 4087 821 4152 sustineret,
880 4102 981 4139 nec
1039 4083 1415 4139 Ecclesiarum
1469 4086 1602 4155 jura
1656 4086 2001 4140 violarentur
2059 4104 2095 4141 a
2174 4085 2411 4140 Decreta
2448 4102 2546 4156 pro
2568 4086 2762 4140 ordine
2799 4087 2978 4141 sancti
3032 4088 3335 4142 Benedicti.
3367 4087 3533 4143 Liber
3569 4087 3775 4158 episto-

497 4174 817 4230 victoribus.
848 4173 1083 4243 Utrique
1106 4173 1333 4243 egregie
1354 4172 1595 4243 providit
1626 4174 1990 4240 Lanfrancus,
2025 4193 2092 4230 ea
2173 4173 2374 4228 larum.
2408 4174 2675 4246 Pericope
2705 4176 2973 4230 orationis
3012 4193 3180 4247 quam
3213 4176 3410 4231 habuit
3435 4176 3494 4230 in
3534 4176 3770 4232 concilio

497 4265 556 4319 in
595 4280 655 4317 re
693 4262 1026 4317 auctoritate
1064 4278 1176 4331 qua
1211 4260 1457 4332 pollebat
1478 4261 1539 4315 in
1568 4278 1759 4332 regem
1786 4264 2091 4334 prudenter
2171 4262 2483 4332 Anglicano
2505 4282 2517 4330 ;
2543 4270 2601 4317 et
2626 4263 2847 4318 libellus
2869 4265 2949 4318 De
2974 4265 3321 4319 confessione
3342 4265 3591 4319 celanda.
3630 4285 3651 4315 ι
3686 4266 3766 4320 Ex

495 4362 678 4418 utens,
711 4352 873 4421 cujus
903 4366 937 4404 a
964 4349 1208 4404 consiliis
1237 4355 1377 4404 erat.
1395 4348 2091 4414 Etenim,utnotatAdam
2138 4351 2261 4409 .his
2308 4352 2744 4406 commentarius
2796 4352 2853 4406 in
2897 4353 3055 4407 Pauli
3105 4353 3368 4423 epistolas
3413 4353 3482 4407 ab
3524 4354 3764 4409 Acherio

497 4439 835 4503 Bremensis,
858 4437 954 4492 lib.
988 4456 1055 4505 ιν,
1082 4438 1342 4492 Historia
1373 4438 1776 4507 ecclesiastica,
1808 4457 1928 4511 cap.
1951 4456 2043 4494 x1v
2067 4460 2078 4496 :
2104 4430 2451 4510 Dvulgatus,
2500 4457 2611 4494 non
2641 4449 2725 4495 est
2771 4440 3022 4495 sincerus
3058 4442 3355 4495 Lanfranci
3383 4443 3562 4509 fetus;
3603 4442 3762 4497 illum

498 4549 522 4581 ι
546 4529 864 4583 Willelmus
894 4527 1198 4580 Bastardus
1214 4526 1414 4580 ablatis
1434 4528 1711 4582 scandalis
1739 4545 1864 4583 eum
1886 4546 2088 4600 posue-

495 4622 587 4672 rat
612 4616 867 4671 Eeclesia
897 4616 1203 4682 doctorem,
1240 4616 1401 4686 cujus
1439 4616 1623 4671 studio
1652 4619 1813 4671 multi
1847 4618 1916 4672 ad
1946 4619 2087 4673 divi-

496 4723 631 4761 num
688 4705 923 4759 animati
977 4710 1111 4758 sunt
1162 4703 1512 4774 obsequium.
1554 4724 1577 4755 ι
1622 4706 1764 4760 Hinc
1798 4724 1923 4761 cum
1962 4708 2087 4779 pius

493 4796 729 4849 antistes
758 4794 1118 4848 conciliorum
1149 4809 1313 4847 usum
1340 4793 1399 4846 in
1428 4794 1630 4864 Anglia
1658 4812 1690 4848 a
1714 4796 1906 4850 multis
1936 4802 2086 4851 retro

495 4884 658 4938 annis
687 4882 1024 4937 obsolevisse
1052 4881 1557 4943 animadvertisset.
1587 4886 1799 4939 curavit
1845 4890 1909 4939 ut
1937 4886 2088 4940 dein-

494 4990 623 5044 ceps
646 4972 970 5043 frequenter
992 4970 1367 5038 haberentur;
1402 4972 1549 5041 quod
1578 4978 1635 5026 et
1661 4974 1867 5028 factum
1900 4981 2002 5041 est,
2033 4981 2089 5029 et

491 5062 673 5116 multa
698 5062 756 5114 in
779 5060 849 5113 iis
866 5059 935 5113 ad
959 5058 1307 5129 disciplinam
1330 5065 1479 5113 recte
1518 5063 1848 5116 servandam
1874 5069 2085 5117 statuta

491 5156 642 5205 sunt.
666 5150 823 5204 Bona
862 5164 989 5201 vero
1016 5147 1368 5217 temporalia,
1410 5165 1534 5218 qua
1563 5152 1806 5205 ecclesia
1840 5168 1954 5206 sua
1976 5151 2085 5205 bel-

488 5239 671 5293 lorum
719 5244 975 5306 tempore
1018 5240 1180 5305 rapta
1207 5235 1447 5301 fuerant,
1480 5239 1702 5293 restitui
1742 5240 2079 5310 procuravit,

487 5327 557 5381 ad
584 5327 640 5379 id
663 5325 1024 5380 Guillelmum
1047 5339 1233 5392 regem
1254 5325 1555 5394 prudentia
1573 5344 1675 5382 sua
1700 5349 1720 5379 ε
1747 5329 2074 5399 perducens,

484 5413 671 5483 inquit
716 5411 1047 5475 Eadmerus,
1080 5417 1143 5465 ut
1190 5413 1551 5481 quamplures
1597 5420 1777 5469 terras
1833 5417 2078 5470 ecclesia

485 5499 925 5565 Cautuariensis,
959 5499 1190 5554 diversis
1230 5500 1411 5554 causis
1467 5519 1532 5555 ac
1578 5504 1854 5558 violentiis
1894 5505 2076 5558 homi-

2172 4534 2361 4583 autem
2393 4529 2596 4600 ipsum,
2620 4530 2716 4601 qui
2750 4529 2818 4583 ab
2840 4547 2905 4583 eo
2933 4531 3173 4600 scriptus
3219 4535 3322 4594 est,
3349 4529 3619 4584 habemus
3648 4547 3764 4602 pra

2172 4618 2449 4683 manibus,
2511 4635 2697 4689 quem,
2765 4619 2812 4673 si
2869 4618 3170 4689 aliquando
3219 4624 3537 4689 opportuna
3595 4619 3767 4674 fuerit

2170 4707 2400 4771 occasio,
2437 4707 2495 4760 in
2522 4707 2701 4761 lucem
2738 4709 3105 4778 proferemus.
3150 4707 3355 4761 Verum
3402 4713 3608 4778 prater
3647 4708 3767 4763 hac

2169 4812 2338 4867 opera
2357 4796 2561 4850 dicitur
2577 4797 2746 4850 etiam
2770 4796 3010 4850 edidisse
3029 4796 3507 4850 Commentarium
3537 4797 3594 4850 in
3621 4798 3767 4867 psal-

2169 4901 2291 4939 mos
2355 4884 2671 4950 Davidicos,
2722 4890 2778 4937 et
2838 4884 3131 4938 historiam
3188 4885 3638 4953 ecclesiasticam;
3663 4872 3765 4942 sed

2170 4979 2433 5028 neutrum
2500 4974 2772 5028 hactenus
2829 4974 3077 5044 reperire
3134 4973 3309 5029 licuit.
3371 4976 3536 5030 Certe
3612 4977 3767 5046 quod

2168 5063 2514 5117 Lanfrancus
2586 5062 2877 5116 historiam
2953 5063 3041 5117 sui
3112 5064 3382 5135 temporis
3455 5064 3762 5136 scripserit,

2167 5156 2322 5204 extra
2347 5151 2579 5205 dubium
2638 5151 2858 5205 videtur
2907 5168 3065 5218 esse;
3128 5153 3289 5223 cujus
3340 5153 3423 5207 rei
3465 5153 3625 5207 testis
3678 5161 3769 5209 est

2166 5238 2478 5293 Eadmerus
2508 5238 2648 5293 libro
2673 5254 2693 5293 I
2724 5240 3023 5305 Novorum,
3059 5240 3155 5295 ubi
3209 5241 3278 5295 de
3326 5241 3636 5294 Lanfranco
3684 5242 3767 5297 sic

2161 5328 2456 5399 loquitur:
2499 5347 2521 5377 α
2578 5316 2822 5398 Ipsemet
2873 5329 2941 5382 de
2986 5329 3153 5383 rebus
3204 5328 3592 5383 ecclesiasticis
3638 5347 3764 5400 qua

2161 5434 2263 5471 suo
2313 5422 2563 5487 tempore
2602 5424 2762 5486 gesta
2804 5424 2952 5483 sunt,
2988 5417 3342 5472 veracissimo
3392 5421 3449 5470 et
3503 5433 3764 5488 compen-

2161 5504 2476 5559 diosissimo
2519 5506 2733 5560 calamo
2781 5506 3017 5577 scripsit.
3059 5525 3081 5557 ι
3136 5506 3252 5558 Hoc
3297 5521 3455 5575 opus,
3508 5511 3573 5560 ut
3622 5506 3761 5561 mihi

484 5606 619 5643 num
641 5589 872 5649 ablatas.
904 5607 1002 5660 pro
1031 5589 1416 5662 redemptione
1449 5592 1648 5647 anima
1681 5610 1794 5648 sua
1822 5594 2080 5649 rcstitue—
2158 5594 2394 5661 videtur,
2429 5595 2621 5649 laudat
2650 5596 2966 5651 Willelmus
3003 5592 3517 5650 Malmesburiensis
3544 5595 3685 5649 libro
3716 5611 3756 5661 ι,
