  <div class='ocr_page' id='page_1' title='image "/cluster/home/n/w/nwhite01/storage/ocr_20150623/150/umn.31951002477443u/022.png"; bbox 0 0 3952 6378; ppageno 0'>
   <div class='ocr_carea' id='block_1_1' title="bbox 223 334 3503 406">
    <p class='ocr_par' dir='ltr' id='par_1_1' title="bbox 223 334 3503 406">
     <span class='ocr_line' id='line_1_1' title="bbox 223 334 3503 406; baseline -0.003 -1"><span class='ocrx_word' id='word_1_1' title='bbox 223 350 294 405; x_wconf 76' lang='grc' dir='ltr'>⁶ὶ5</span> <span class='ocrx_word' id='word_1_2' title='bbox 1317 350 1506 406; x_wconf 82' lang='lat' dir='ltr'>VITA.</span> <span class='ocrx_word' id='word_1_3' title='bbox 1550 379 1614 391; x_wconf 93' lang='lat'><strong>—</strong></span> <span class='ocrx_word' id='word_1_4' title='bbox 1653 350 1958 405; x_wconf 85' lang='lat' dir='ltr'>OBSERV.</span> <span class='ocrx_word' id='word_1_5' title='bbox 2004 348 2331 404; x_wconf 67' lang='lat' dir='ltr'>PRAEVIIE.</span> <span class='ocrx_word' id='word_1_6' title='bbox 3431 334 3503 394; x_wconf 78' lang='lat'>‘26</span> 
     </span>
    </p>
   </div>
   <div class='ocr_carea' id='block_1_2' title="bbox 222 465 3505 546">
    <p class='ocr_par' dir='ltr' id='par_1_2' title="bbox 222 465 3505 546">
     <span class='ocr_line' id='line_1_2' title="bbox 222 465 3505 546; baseline -0.004 -16"><span class='ocrx_word' id='word_1_7' title='bbox 222 475 304 530; x_wconf 92' lang='lat' dir='ltr'>De</span> <span class='ocrx_word' id='word_1_8' title='bbox 332 475 692 546; x_wconf 86' lang='lat' dir='ltr'>pontiﬁcibus</span> <span class='ocrx_word' id='word_1_9' title='bbox 714 475 1042 546; x_wconf 80' lang='lat' dir='ltr'>Anglorum,</span> <span class='ocrx_word' id='word_1_10' title='bbox 1065 472 1161 527; x_wconf 91' lang='lat' dir='ltr'>ubi</span> <span class='ocrx_word' id='word_1_11' title='bbox 1183 472 1253 528; x_wconf 91' lang='lat' dir='ltr'>de</span> <span class='ocrx_word' id='word_1_12' title='bbox 1273 474 1649 528; x_wconf 81' lang='lat' dir='ltr'>controversia</span> <span class='ocrx_word' id='word_1_13' title='bbox 1676 475 1826 529; x_wconf 90' lang='lat' dir='ltr'>inter</span> <span class='ocrx_word' id='word_1_14' title='bbox 1842 475 1895 534; x_wconf 90' lang='lat' dir='ltr'><strong>A</strong></span> <span class='ocrx_word' id='word_1_15' title='bbox 1912 474 2230 528; x_wconf 88' lang='lat' dir='ltr'>Willelmus</span> <span class='ocrx_word' id='word_1_16' title='bbox 2258 473 2788 540; x_wconf 91' lang='lat' dir='ltr'>Malmesburiensis,</span> <span class='ocrx_word' id='word_1_17' title='bbox 2820 471 2963 528; x_wconf 89' lang='lat' dir='ltr'>libro</span> <span class='ocrx_word' id='word_1_18' title='bbox 2993 488 3010 525; x_wconf 85' lang='grc'>1</span> <span class='ocrx_word' id='word_1_19' title='bbox 3038 470 3119 523; x_wconf 91' lang='lat' dir='ltr'>De</span> <span class='ocrx_word' id='word_1_20' title='bbox 3155 465 3328 538; x_wconf 80' lang='lat' dir='ltr'>gestis</span> <span class='ocrx_word' id='word_1_21' title='bbox 3364 478 3505 534; x_wconf 87' lang='lat' dir='ltr'>pon-</span> 
     </span>
    </p>
   </div>
   <div class='ocr_carea' id='block_1_3' title="bbox 223 563 1832 634">
    <p class='ocr_par' dir='ltr' id='par_1_3' title="bbox 223 563 1832 634">
     <span class='ocr_line' id='line_1_3' title="bbox 223 563 1832 634; baseline 0.001 -18"><span class='ocrx_word' id='word_1_22' title='bbox 223 564 406 634; x_wconf 89' lang='lat' dir='ltr'>ipsum</span> <span class='ocrx_word' id='word_1_23' title='bbox 439 563 816 619; x_wconf 86' lang='lat' dir='ltr'>Lanfrancum</span> <span class='ocrx_word' id='word_1_24' title='bbox 844 571 900 618; x_wconf 91' lang='lat' dir='ltr'>et</span> <span class='ocrx_word' id='word_1_25' title='bbox 920 564 1191 618; x_wconf 86' lang='lat' dir='ltr'>Thomam</span> <span class='ocrx_word' id='word_1_26' title='bbox 1225 563 1628 618; x_wconf 86' lang='lat' dir='ltr'>Eboracensem</span> <span class='ocrx_word' id='word_1_27' title='bbox 1648 565 1832 618; x_wconf 81' lang='lat' dir='ltr'>archi-</span> 
     </span>
    </p>
   </div>
   <div class='ocr_carea' id='block_1_4' title="bbox 229 652 1833 722">
    <p class='ocr_par' dir='ltr' id='par_1_4' title="bbox 229 652 1833 722">
     <span class='ocr_line' id='line_1_4' title="bbox 229 652 1833 722; baseline 0.001 -18"><span class='ocrx_word' id='word_1_28' title='bbox 229 652 551 722; x_wconf 86' lang='lat' dir='ltr'>episcopum</span> <span class='ocrx_word' id='word_1_29' title='bbox 579 657 772 706; x_wconf 86' lang='lat' dir='ltr'>exorta</span> <span class='ocrx_word' id='word_1_30' title='bbox 801 669 990 721; x_wconf 83' lang='lat' dir='ltr'>agens,</span> <span class='ocrx_word' id='word_1_31' title='bbox 1016 668 1132 706; x_wconf 89' lang='lat' dir='ltr'>rem</span> <span class='ocrx_word' id='word_1_32' title='bbox 1158 667 1278 705; x_wconf 90' lang='lat' dir='ltr'>esse</span> <span class='ocrx_word' id='word_1_33' title='bbox 1299 668 1363 705; x_wconf 88' lang='lat' dir='ltr'>ex</span> <span class='ocrx_word' id='word_1_34' title='bbox 1389 652 1833 706; x_wconf 89' lang='lat' dir='ltr'>Lanfranciscri-</span> 
     </span>
    </p>
   </div>
   <div class='ocr_carea' id='block_1_5' title="bbox 227 739 1832 811">
    <p class='ocr_par' dir='ltr' id='par_1_5' title="bbox 227 739 1832 811">
     <span class='ocr_line' id='line_1_5' title="bbox 227 739 1832 811; baseline 0.001 -19"><span class='ocrx_word' id='word_1_35' title='bbox 227 741 336 811; x_wconf 90' lang='lat' dir='ltr'>ptis</span> <span class='ocrx_word' id='word_1_36' title='bbox 360 741 724 811; x_wconf 82' lang='lat' dir='ltr'>repetendam</span> <span class='ocrx_word' id='word_1_37' title='bbox 783 741 874 794; x_wconf 90' lang='lat' dir='ltr'>his</span> <span class='ocrx_word' id='word_1_38' title='bbox 919 739 1099 793; x_wconf 81' lang='lat' dir='ltr'>verbis</span> <span class='ocrx_word' id='word_1_39' title='bbox 1142 747 1334 794; x_wconf 91' lang='lat' dir='ltr'>monet</span> <span class='ocrx_word' id='word_1_40' title='bbox 1366 759 1377 792; x_wconf 94' lang='lat'><strong>:</strong></span> <span class='ocrx_word' id='word_1_41' title='bbox 1417 760 1442 790; x_wconf 77' lang='grc' dir='ltr'>(ι</span> <span class='ocrx_word' id='word_1_42' title='bbox 1475 742 1598 811; x_wconf 88' lang='lat' dir='ltr'>Ipse</span> <span class='ocrx_word' id='word_1_43' title='bbox 1629 741 1832 796; x_wconf 89' lang='lat' dir='ltr'>melius</span> 
     </span>
    </p>
   </div>
   <div class='ocr_carea' id='block_1_6' title="bbox 227 829 1833 899">
    <p class='ocr_par' dir='ltr' id='par_1_6' title="bbox 227 829 1833 899">
     <span class='ocr_line' id='line_1_6' title="bbox 227 829 1833 899; baseline 0.002 -19"><span class='ocrx_word' id='word_1_44' title='bbox 227 829 435 898; x_wconf 87' lang='lat' dir='ltr'>scripto</span> <span class='ocrx_word' id='word_1_45' title='bbox 465 846 570 883; x_wconf 91' lang='lat' dir='ltr'>suo</span> <span class='ocrx_word' id='word_1_46' title='bbox 597 829 908 882; x_wconf 90' lang='lat' dir='ltr'>insinuabit</span> <span class='ocrx_word' id='word_1_47' title='bbox 963 829 1110 899; x_wconf 91' lang='lat' dir='ltr'>quod</span> <span class='ocrx_word' id='word_1_48' title='bbox 1144 829 1212 881; x_wconf 90' lang='lat' dir='ltr'>de</span> <span class='ocrx_word' id='word_1_49' title='bbox 1244 829 1595 882; x_wconf 84' lang='lat' dir='ltr'>ordinatione</span> <span class='ocrx_word' id='word_1_50' title='bbox 1620 846 1740 896; x_wconf 89' lang='lat' dir='ltr'>sua,</span> <span class='ocrx_word' id='word_1_51' title='bbox 1775 835 1833 884; x_wconf 89' lang='lat' dir='ltr'>et</span> 
     </span>
    </p>
   </div>
   <div class='ocr_carea' id='block_1_7' title="bbox 230 917 1831 971">
    <p class='ocr_par' dir='ltr' id='par_1_7' title="bbox 230 917 1831 971">
     <span class='ocr_line' id='line_1_7' title="bbox 230 917 1831 971; baseline -0.001 0"><span class='ocrx_word' id='word_1_52' title='bbox 230 917 608 971; x_wconf 82' lang='lat' dir='ltr'>controversia</span> <span class='ocrx_word' id='word_1_53' title='bbox 637 917 786 971; x_wconf 89' lang='lat' dir='ltr'>inter</span> <span class='ocrx_word' id='word_1_54' title='bbox 814 935 874 971; x_wconf 92' lang='lat' dir='ltr'>se</span> <span class='ocrx_word' id='word_1_55' title='bbox 892 923 948 971; x_wconf 92' lang='lat' dir='ltr'>et</span> <span class='ocrx_word' id='word_1_56' title='bbox 969 917 1374 971; x_wconf 89' lang='lat' dir='ltr'>Eboracensem</span> <span class='ocrx_word' id='word_1_57' title='bbox 1396 917 1667 971; x_wconf 85' lang='lat' dir='ltr'>Thomam</span> <span class='ocrx_word' id='word_1_58' title='bbox 1683 934 1831 970; x_wconf 90' lang='lat' dir='ltr'>com-</span> 
     </span>
    </p>
   </div>
   <div class='ocr_carea' id='block_1_8' title="bbox 226 1005 1831 1076">
    <p class='ocr_par' dir='ltr' id='par_1_8' title="bbox 226 1005 1831 1076">
     <span class='ocr_line' id='line_1_8' title="bbox 226 1005 1831 1076; baseline 0 -18"><span class='ocrx_word' id='word_1_59' title='bbox 226 1011 379 1058; x_wconf 86' lang='lat' dir='ltr'>mota</span> <span class='ocrx_word' id='word_1_60' title='bbox 409 1012 465 1058; x_wconf 91' lang='lat' dir='ltr'>et</span> <span class='ocrx_word' id='word_1_61' title='bbox 498 1007 712 1070; x_wconf 87' lang='lat' dir='ltr'>sedata,</span> <span class='ocrx_word' id='word_1_62' title='bbox 733 1007 813 1058; x_wconf 88' lang='lat' dir='ltr'>ita</span> <span class='ocrx_word' id='word_1_63' title='bbox 843 1006 1066 1076; x_wconf 91' lang='lat' dir='ltr'>scripsit</span> <span class='ocrx_word' id='word_1_64' title='bbox 1095 1025 1106 1059; x_wconf 94' lang='lat'><strong>:</strong></span> <span class='ocrx_word' id='word_1_65' title='bbox 1141 1005 1302 1059; x_wconf 90' lang='lat' dir='ltr'>Anno</span> <span class='ocrx_word' id='word_1_66' title='bbox 1319 1005 1618 1060; x_wconf 68' lang='lat' dir='ltr'>Dominicaa</span> <span class='ocrx_word' id='word_1_67' title='bbox 1645 1008 1831 1061; x_wconf 87' lang='lat' dir='ltr'>Incar-</span> 
     </span>
    </p>
   </div>
   <div class='ocr_carea' id='block_1_9' title="bbox 224 1092 1832 1153">
    <p class='ocr_par' dir='ltr' id='par_1_9' title="bbox 224 1092 1832 1153">
     <span class='ocr_line' id='line_1_9' title="bbox 224 1092 1832 1153; baseline 0.001 -7"><span class='ocrx_word' id='word_1_68' title='bbox 224 1093 468 1147; x_wconf 85' lang='lat' dir='ltr'>nationis</span> <span class='ocrx_word' id='word_1_69' title='bbox 522 1092 658 1149; x_wconf 82' lang='lat'><strong>1070</strong></span> <span class='ocrx_word' id='word_1_70' title='bbox 712 1094 960 1153; x_wconf 80' lang='lat' dir='ltr'>intravit.</span> <span class='ocrx_word' id='word_1_71' title='bbox 996 1113 1020 1144; x_wconf 85' lang='lat'><strong>»</strong></span> <span class='ocrx_word' id='word_1_72' title='bbox 1054 1099 1159 1150; x_wconf 88' lang='lat' dir='ltr'>etc.</span> <span class='ocrx_word' id='word_1_73' title='bbox 1193 1095 1366 1150; x_wconf 91' lang='lat' dir='ltr'>Porro</span> <span class='ocrx_word' id='word_1_74' title='bbox 1427 1098 1574 1151; x_wconf 91' lang='lat' dir='ltr'>inter</span> <span class='ocrx_word' id='word_1_75' title='bbox 1630 1101 1832 1150; x_wconf 74' lang='lat' dir='ltr'>caetera</span> 
     </span>
    </p>
   </div>
   <div class='ocr_carea' id='block_1_10' title="bbox 224 1181 1826 1256">
    <p class='ocr_par' dir='ltr' id='par_1_10' title="bbox 224 1181 1826 1256">
     <span class='ocr_line' id='line_1_10' title="bbox 224 1181 1826 1256; baseline 0.004 -23"><span class='ocrx_word' id='word_1_76' title='bbox 224 1181 343 1249; x_wconf 89' lang='lat' dir='ltr'>ejus</span> <span class='ocrx_word' id='word_1_77' title='bbox 359 1198 535 1252; x_wconf 89' lang='lat' dir='ltr'>opera</span> <span class='ocrx_word' id='word_1_78' title='bbox 556 1182 865 1252; x_wconf 91' lang='lat' dir='ltr'>principem</span> <span class='ocrx_word' id='word_1_79' title='bbox 886 1183 1066 1238; x_wconf 91' lang='lat' dir='ltr'>locum</span> <span class='ocrx_word' id='word_1_80' title='bbox 1084 1183 1244 1238; x_wconf 87' lang='lat' dir='ltr'>facile</span> <span class='ocrx_word' id='word_1_81' title='bbox 1255 1184 1470 1239; x_wconf 88' lang='lat' dir='ltr'>obtinet</span> <span class='ocrx_word' id='word_1_82' title='bbox 1487 1184 1628 1239; x_wconf 88' lang='lat' dir='ltr'>liber</span> <span class='ocrx_word' id='word_1_83' title='bbox 1641 1201 1826 1256; x_wconf 89' lang='lat' dir='ltr'>quem,</span> 
     </span>
    </p>
   </div>
   <div class='ocr_carea' id='block_1_11' title="bbox 229 1271 1830 1344">
    <p class='ocr_par' dir='ltr' id='par_1_11' title="bbox 229 1271 1830 1344">
     <span class='ocr_line' id='line_1_11' title="bbox 229 1271 1830 1344; baseline 0.002 -21"><span class='ocrx_word' id='word_1_84' title='bbox 229 1286 356 1324; x_wconf 91' lang='lat' dir='ltr'>cum</span> <span class='ocrx_word' id='word_1_85' title='bbox 385 1271 573 1325; x_wconf 91' lang='lat' dir='ltr'>adhuc</span> <span class='ocrx_word' id='word_1_86' title='bbox 600 1271 756 1342; x_wconf 91' lang='lat' dir='ltr'>prior</span> <span class='ocrx_word' id='word_1_87' title='bbox 784 1277 930 1326; x_wconf 88' lang='lat' dir='ltr'>esset</span> <span class='ocrx_word' id='word_1_88' title='bbox 954 1273 1130 1328; x_wconf 92' lang='lat' dir='ltr'>Becci.</span> <span class='ocrx_word' id='word_1_89' title='bbox 1168 1292 1194 1323; x_wconf 77' lang='grc' dir='ltr'><strong>α</strong></span> <span class='ocrx_word' id='word_1_90' title='bbox 1229 1273 1309 1327; x_wconf 91' lang='lat' dir='ltr'>De</span> <span class='ocrx_word' id='word_1_91' title='bbox 1353 1290 1583 1344; x_wconf 90' lang='lat' dir='ltr'>corpore</span> <span class='ocrx_word' id='word_1_92' title='bbox 1613 1279 1670 1326; x_wconf 94' lang='lat' dir='ltr'>et</span> <span class='ocrx_word' id='word_1_93' title='bbox 1698 1290 1830 1327; x_wconf 90' lang='lat' dir='ltr'>san-</span> 
     </span>
    </p>
   </div>
   <div class='ocr_carea' id='block_1_12' title="bbox 224 1360 1833 1432">
    <p class='ocr_par' dir='ltr' id='par_1_12' title="bbox 224 1360 1833 1432">
     <span class='ocr_line' id='line_1_12' title="bbox 224 1360 1833 1432; baseline 0.002 -20"><span class='ocrx_word' id='word_1_94' title='bbox 224 1360 395 1427; x_wconf 85' lang='lat' dir='ltr'>guine</span> <span class='ocrx_word' id='word_1_95' title='bbox 421 1361 646 1414; x_wconf 91' lang='lat' dir='ltr'>Domini</span> <span class='ocrx_word' id='word_1_96' title='bbox 679 1381 706 1411; x_wconf 80' lang='grc'>»</span> <span class='ocrx_word' id='word_1_97' title='bbox 739 1361 914 1414; x_wconf 87' lang='lat' dir='ltr'>edidit</span> <span class='ocrx_word' id='word_1_98' title='bbox 942 1361 1204 1415; x_wconf 83' lang='lat' dir='ltr'>adversus</span> <span class='ocrx_word' id='word_1_99' title='bbox 1235 1362 1635 1432; x_wconf 90' lang='lat' dir='ltr'>Berengarium</span> <span class='ocrx_word' id='word_1_100' title='bbox 1661 1363 1833 1416; x_wconf 68' lang='lat' dir='ltr'>haere-</span> 
     </span>
    </p>
   </div>
   <div class='ocr_carea' id='block_1_13' title="bbox 225 1448 1831 1519">
    <p class='ocr_par' dir='ltr' id='par_1_13' title="bbox 225 1448 1831 1519">
     <span class='ocr_line' id='line_1_13' title="bbox 225 1448 1831 1519; baseline 0.002 -18"><span class='ocrx_word' id='word_1_101' title='bbox 225 1448 529 1501; x_wconf 89' lang='lat' dir='ltr'>siarcham.</span> <span class='ocrx_word' id='word_1_102' title='bbox 564 1450 726 1503; x_wconf 90' lang='lat' dir='ltr'>Hunc</span> <span class='ocrx_word' id='word_1_103' title='bbox 755 1449 978 1519; x_wconf 89' lang='lat' dir='ltr'>quidem</span> <span class='ocrx_word' id='word_1_104' title='bbox 994 1451 1112 1519; x_wconf 88' lang='lat' dir='ltr'>jam</span> <span class='ocrx_word' id='word_1_105' title='bbox 1143 1452 1316 1504; x_wconf 89' lang='lat' dir='ltr'>semel</span> <span class='ocrx_word' id='word_1_106' title='bbox 1337 1459 1394 1506; x_wconf 91' lang='lat' dir='ltr'>et</span> <span class='ocrx_word' id='word_1_107' title='bbox 1423 1451 1628 1505; x_wconf 85' lang='lat' dir='ltr'>iterum</span> <span class='ocrx_word' id='word_1_108' title='bbox 1648 1451 1831 1504; x_wconf 84' lang='lat' dir='ltr'>verbis</span> 
     </span>
    </p>
   </div>
   <div class='ocr_carea' id='block_1_14' title="bbox 225 1537 1829 1610">
    <p class='ocr_par' dir='ltr' id='par_1_14' title="bbox 225 1537 1829 1610">
     <span class='ocr_line' id='line_1_14' title="bbox 225 1537 1829 1610; baseline 0.003 -22"><span class='ocrx_word' id='word_1_109' title='bbox 225 1537 636 1602; x_wconf 83' lang='lat' dir='ltr'>confutaverat,</span> <span class='ocrx_word' id='word_1_110' title='bbox 667 1538 915 1608; x_wconf 89' lang='lat' dir='ltr'>primum</span> <span class='ocrx_word' id='word_1_111' title='bbox 964 1539 1174 1592; x_wconf 83' lang='lat' dir='ltr'>scilicet</span> <span class='ocrx_word' id='word_1_112' title='bbox 1202 1540 1259 1592; x_wconf 86' lang='lat' dir='ltr'>in</span> <span class='ocrx_word' id='word_1_113' title='bbox 1317 1540 1568 1594; x_wconf 88' lang='lat' dir='ltr'>Romana</span> <span class='ocrx_word' id='word_1_114' title='bbox 1617 1539 1829 1610; x_wconf 87' lang='lat' dir='ltr'>synodo</span> 
     </span>
    </p>
   </div>
   <div class='ocr_carea' id='block_1_15' title="bbox 223 1627 1828 1696">
    <p class='ocr_par' dir='ltr' id='par_1_15' title="bbox 223 1627 1828 1696">
     <span class='ocr_line' id='line_1_15' title="bbox 223 1627 1828 1696; baseline 0.002 -19"><span class='ocrx_word' id='word_1_115' title='bbox 223 1632 504 1694; x_wconf 80' lang='lat' dir='ltr'>przesente</span> <span class='ocrx_word' id='word_1_116' title='bbox 539 1641 758 1678; x_wconf 91' lang='lat' dir='ltr'>summo</span> <span class='ocrx_word' id='word_1_117' title='bbox 788 1627 1050 1696; x_wconf 82' lang='lat' dir='ltr'>pontiﬁce</span> <span class='ocrx_word' id='word_1_118' title='bbox 1089 1628 1296 1693; x_wconf 90' lang='lat' dir='ltr'>Leone,</span> <span class='ocrx_word' id='word_1_119' title='bbox 1331 1634 1388 1681; x_wconf 89' lang='lat' dir='ltr'>et</span> <span class='ocrx_word' id='word_1_120' title='bbox 1418 1628 1624 1682; x_wconf 90' lang='lat' dir='ltr'>iterum</span> <span class='ocrx_word' id='word_1_121' title='bbox 1657 1629 1715 1680; x_wconf 94' lang='lat' dir='ltr'>in</span> <span class='ocrx_word' id='word_1_122' title='bbox 1744 1628 1828 1681; x_wconf 89' lang='lat' dir='ltr'>al-</span> 
     </span>
    </p>
   </div>
   <div class='ocr_carea' id='block_1_16' title="bbox 223 1714 1824 1785">
    <p class='ocr_par' dir='ltr' id='par_1_16' title="bbox 223 1714 1824 1785">
     <span class='ocr_line' id='line_1_16' title="bbox 223 1714 1824 1785; baseline 0.002 -19"><span class='ocrx_word' id='word_1_123' title='bbox 223 1721 344 1767; x_wconf 88' lang='lat' dir='ltr'>tera</span> <span class='ocrx_word' id='word_1_124' title='bbox 375 1714 594 1784; x_wconf 78' lang='lat' dir='ltr'>synodo</span> <span class='ocrx_word' id='word_1_125' title='bbox 624 1729 752 1767; x_wconf 86' lang='lat' dir='ltr'>cxm</span> <span class='ocrx_word' id='word_1_126' title='bbox 786 1715 1193 1785; x_wconf 90' lang='lat' dir='ltr'>episcoporum,</span> <span class='ocrx_word' id='word_1_127' title='bbox 1242 1732 1433 1770; x_wconf 88' lang='lat' dir='ltr'>coram</span> <span class='ocrx_word' id='word_1_128' title='bbox 1489 1717 1722 1770; x_wconf 90' lang='lat' dir='ltr'>Nicolao</span> <span class='ocrx_word' id='word_1_129' title='bbox 1753 1717 1824 1781; x_wconf 91' lang='lat' dir='ltr'>II,</span> 
     </span>
    </p>
   </div>
   <div class='ocr_carea' id='block_1_17' title="bbox 1915 552 3500 632">
    <p class='ocr_par' dir='ltr' id='par_1_17' title="bbox 1915 552 3500 632">
     <span class='ocr_line' id='line_1_17' title="bbox 1915 552 3500 632; baseline -0.009 -16"><span class='ocrx_word' id='word_1_130' title='bbox 1915 562 2130 616; x_wconf 84' lang='lat' dir='ltr'>titicum</span> <span class='ocrx_word' id='word_1_131' title='bbox 2164 563 2494 632; x_wconf 86' lang='lat' dir='ltr'>Anglorum,</span> <span class='ocrx_word' id='word_1_132' title='bbox 2527 563 2620 618; x_wconf 91' lang='lat' dir='ltr'>ubi</span> <span class='ocrx_word' id='word_1_133' title='bbox 2651 565 2719 618; x_wconf 93' lang='lat' dir='ltr'>de</span> <span class='ocrx_word' id='word_1_134' title='bbox 2767 563 3077 617; x_wconf 89' lang='lat' dir='ltr'>Lanfranco</span> <span class='ocrx_word' id='word_1_135' title='bbox 3107 556 3186 610; x_wconf 92' lang='lat' dir='ltr'>sic</span> <span class='ocrx_word' id='word_1_136' title='bbox 3211 552 3460 624; x_wconf 86' lang='lat' dir='ltr'>loquitur</span> <span class='ocrx_word' id='word_1_137' title='bbox 3489 567 3500 602; x_wconf 89' lang='lat'>:</span> 
     </span>
    </p>
   </div>
   <div class='ocr_carea' id='block_1_18' title="bbox 1918 641 3506 723">
    <p class='ocr_par' dir='ltr' id='par_1_18' title="bbox 1918 641 3506 723">
     <span class='ocr_line' id='line_1_18' title="bbox 1918 641 3506 723; baseline -0.004 -19"><span class='ocrx_word' id='word_1_138' title='bbox 1918 669 1942 702; x_wconf 71' lang='grc' dir='ltr'>(ι</span> <span class='ocrx_word' id='word_1_139' title='bbox 1970 651 2312 705; x_wconf 84' lang='lat' dir='ltr'>Litteratura</span> <span class='ocrx_word' id='word_1_140' title='bbox 2343 653 2679 723; x_wconf 86' lang='lat' dir='ltr'>perinsignis</span> <span class='ocrx_word' id='word_1_141' title='bbox 2702 651 2959 706; x_wconf 85' lang='lat' dir='ltr'>liberales</span> <span class='ocrx_word' id='word_1_142' title='bbox 3005 651 3173 709; x_wconf 87' lang='lat' dir='ltr'>artes,</span> <span class='ocrx_word' id='word_1_143' title='bbox 3210 659 3332 714; x_wconf 86' lang='lat' dir='ltr'>quae</span> <span class='ocrx_word' id='word_1_144' title='bbox 3355 641 3506 711; x_wconf 83' lang='lat' dir='ltr'>jam-</span> 
     </span>
    </p>
   </div>
   <div class='ocr_carea' id='block_1_19' title="bbox 1915 727 3506 808">
    <p class='ocr_par' dir='ltr' id='par_1_19' title="bbox 1915 727 3506 808">
     <span class='ocr_line' id='line_1_19' title="bbox 1915 727 3506 808; baseline -0.008 -15"><span class='ocrx_word' id='word_1_145' title='bbox 1915 733 2124 794; x_wconf 80' lang='lat' dir='ltr'>dudum</span> <span class='ocrx_word' id='word_1_146' title='bbox 2147 741 2500 808; x_wconf 89' lang='lat' dir='ltr'>sorduerant,</span> <span class='ocrx_word' id='word_1_147' title='bbox 2529 759 2560 796; x_wconf 91' lang='lat' dir='ltr'>e</span> <span class='ocrx_word' id='word_1_148' title='bbox 2585 741 2742 796; x_wconf 89' lang='lat' dir='ltr'>Latio</span> <span class='ocrx_word' id='word_1_149' title='bbox 2763 741 2820 794; x_wconf 93' lang='lat' dir='ltr'>in</span> <span class='ocrx_word' id='word_1_150' title='bbox 2838 739 3050 794; x_wconf 89' lang='lat' dir='ltr'>Gallias</span> <span class='ocrx_word' id='word_1_151' title='bbox 3064 749 3266 789; x_wconf 89' lang='lat' dir='ltr'>vocans</span> <span class='ocrx_word' id='word_1_152' title='bbox 3295 727 3506 784; x_wconf 89' lang='lat' dir='ltr'>acumi-</span> 
     </span>
    </p>
   </div>
   <div class='ocr_carea' id='block_1_20' title="bbox 1911 818 3509 900">
    <p class='ocr_par' dir='ltr' id='par_1_20' title="bbox 1911 818 3509 900">
     <span class='ocr_line' id='line_1_20' title="bbox 1911 818 3509 900; baseline -0.008 -18"><span class='ocrx_word' id='word_1_153' title='bbox 1911 845 1983 883; x_wconf 89' lang='lat' dir='ltr'>ne</span> <span class='ocrx_word' id='word_1_154' title='bbox 2011 846 2112 883; x_wconf 89' lang='lat' dir='ltr'>suo</span> <span class='ocrx_word' id='word_1_155' title='bbox 2142 830 2404 900; x_wconf 89' lang='lat' dir='ltr'>expolivit</span> <span class='ocrx_word' id='word_1_156' title='bbox 2550 831 2730 885; x_wconf 87' lang='lat' dir='ltr'>Exivit</span> <span class='ocrx_word' id='word_1_157' title='bbox 2759 830 2908 883; x_wconf 85' lang='lat' dir='ltr'>fama</span> <span class='ocrx_word' id='word_1_158' title='bbox 2939 829 3060 898; x_wconf 88' lang='lat' dir='ltr'>ejus</span> <span class='ocrx_word' id='word_1_159' title='bbox 3103 818 3509 877; x_wconf 90' lang='lat' dir='ltr'>remotissimas</span> 
     </span>
    </p>
   </div>
   <div class='ocr_carea' id='block_1_21' title="bbox 1912 905 3508 989">
    <p class='ocr_par' dir='ltr' id='par_1_21' title="bbox 1912 905 3508 989">
     <span class='ocr_line' id='line_1_21' title="bbox 1912 905 3508 989; baseline -0.008 -19"><span class='ocrx_word' id='word_1_160' title='bbox 1912 918 2233 971; x_wconf 86' lang='lat' dir='ltr'>Latinitatis</span> <span class='ocrx_word' id='word_1_161' title='bbox 2252 919 2464 989; x_wconf 85' lang='lat' dir='ltr'>plagas,</span> <span class='ocrx_word' id='word_1_162' title='bbox 2498 925 2730 989; x_wconf 89' lang='lat' dir='ltr'>eratque</span> <span class='ocrx_word' id='word_1_163' title='bbox 2765 919 3002 972; x_wconf 87' lang='lat' dir='ltr'>Beccum</span> <span class='ocrx_word' id='word_1_164' title='bbox 3034 925 3302 982; x_wconf 85' lang='lat' dir='ltr'>magnum</span> <span class='ocrx_word' id='word_1_165' title='bbox 3333 911 3391 961; x_wconf 87' lang='lat' dir='ltr'>et</span> <span class='ocrx_word' id='word_1_166' title='bbox 3425 905 3508 959; x_wconf 87' lang='lat' dir='ltr'>fa-</span> 
     </span>
    </p>
   </div>
   <div class='ocr_carea' id='block_1_22' title="bbox 1912 996 3509 1079">
    <p class='ocr_par' dir='ltr' id='par_1_22' title="bbox 1912 996 3509 1079">
     <span class='ocr_line' id='line_1_22' title="bbox 1912 996 3509 1079; baseline -0.008 -20"><span class='ocrx_word' id='word_1_167' title='bbox 1912 1022 2132 1060; x_wconf 91' lang='lat' dir='ltr'>mosum</span> <span class='ocrx_word' id='word_1_168' title='bbox 2157 1007 2487 1062; x_wconf 68' lang='lat' dir='ltr'>litteraturae</span> <span class='ocrx_word' id='word_1_169' title='bbox 2514 1007 2894 1079; x_wconf 87' lang='lat' dir='ltr'>gymnasium.</span> <span class='ocrx_word' id='word_1_170' title='bbox 2930 1023 2965 1062; x_wconf 30' lang='lat'>»,</span> <span class='ocrx_word' id='word_1_171' title='bbox 2988 1005 3143 1058; x_wconf 88' lang='lat' dir='ltr'>Inter</span> <span class='ocrx_word' id='word_1_172' title='bbox 3177 996 3509 1053; x_wconf 89' lang='lat' dir='ltr'>celebriores</span> 
     </span>
    </p>
   </div>
   <div class='ocr_carea' id='block_1_23' title="bbox 1912 1084 3503 1166">
    <p class='ocr_par' dir='ltr' id='par_1_23' title="bbox 1912 1084 3503 1166">
     <span class='ocr_line' id='line_1_23' title="bbox 1912 1084 3503 1166; baseline -0.007 -18"><span class='ocrx_word' id='word_1_173' title='bbox 1912 1095 2204 1149; x_wconf 91' lang='lat' dir='ltr'>Lanfranci</span> <span class='ocrx_word' id='word_1_174' title='bbox 2267 1096 2570 1166; x_wconf 88' lang='lat' dir='ltr'>discipulos</span> <span class='ocrx_word' id='word_1_175' title='bbox 2633 1099 2996 1150; x_wconf 88' lang='lat' dir='ltr'>recensentur</span> <span class='ocrx_word' id='word_1_176' title='bbox 3062 1087 3375 1145; x_wconf 83' lang='lat' dir='ltr'>Alexander</span> <span class='ocrx_word' id='word_1_177' title='bbox 3431 1084 3503 1147; x_wconf 88' lang='lat' dir='ltr'>II,</span> 
     </span>
    </p>
   </div>
   <div class='ocr_carea' id='block_1_24' title="bbox 1912 1177 3512 1254">
    <p class='ocr_par' dir='ltr' id='par_1_24' title="bbox 1912 1177 3512 1254">
     <span class='ocr_line' id='line_1_24' title="bbox 1912 1177 3512 1254; baseline -0.005 -17"><span class='ocrx_word' id='word_1_178' title='bbox 1912 1200 2167 1238; x_wconf 92' lang='lat' dir='ltr'>summus</span> <span class='ocrx_word' id='word_1_179' title='bbox 2227 1185 2492 1254; x_wconf 86' lang='lat' dir='ltr'>pontifex,</span> <span class='ocrx_word' id='word_1_180' title='bbox 2529 1184 2903 1239; x_wconf 89' lang='lat' dir='ltr'>Guilmundus</span> <span class='ocrx_word' id='word_1_181' title='bbox 2949 1183 3265 1236; x_wconf 86' lang='lat' dir='ltr'>Aversanus</span> <span class='ocrx_word' id='word_1_182' title='bbox 3316 1177 3512 1245; x_wconf 81' lang='lat' dir='ltr'>postea</span> 
     </span>
    </p>
   </div>
   <div class='ocr_carea' id='block_1_25' title="bbox 1913 1263 3510 1344">
    <p class='ocr_par' dir='ltr' id='par_1_25' title="bbox 1913 1263 3510 1344">
     <span class='ocr_line' id='line_1_25' title="bbox 1913 1263 3510 1344; baseline -0.007 -19"><span class='ocrx_word' id='word_1_183' title='bbox 1913 1273 2380 1344; x_wconf 84' lang='lat' dir='ltr'>archiepiscopus,</span> <span class='ocrx_word' id='word_1_184' title='bbox 2443 1273 2777 1327; x_wconf 89' lang='lat' dir='ltr'>Guillelmus</span> <span class='ocrx_word' id='word_1_185' title='bbox 2832 1265 3320 1337; x_wconf 88' lang='lat' dir='ltr'>Rothomagensis,</span> <span class='ocrx_word' id='word_1_186' title='bbox 3366 1263 3510 1316; x_wconf 81' lang='lat' dir='ltr'>Her-</span> 
     </span>
    </p>
   </div>
   <div class='ocr_carea' id='block_1_26' title="bbox 1912 1349 3509 1432">
    <p class='ocr_par' dir='ltr' id='par_1_26' title="bbox 1912 1349 3509 1432">
     <span class='ocr_line' id='line_1_26' title="bbox 1912 1349 3509 1432; baseline -0.008 -18"><span class='ocrx_word' id='word_1_187' title='bbox 1912 1367 2108 1415; x_wconf 90' lang='lat' dir='ltr'>nostus</span> <span class='ocrx_word' id='word_1_188' title='bbox 2141 1367 2199 1414; x_wconf 91' lang='lat' dir='ltr'>et</span> <span class='ocrx_word' id='word_1_189' title='bbox 2236 1362 2552 1416; x_wconf 86' lang='lat' dir='ltr'>Gundulfus</span> <span class='ocrx_word' id='word_1_190' title='bbox 2583 1360 2826 1432; x_wconf 90' lang='lat' dir='ltr'>episcopi</span> <span class='ocrx_word' id='word_1_191' title='bbox 2864 1359 3168 1420; x_wconf 77' lang='lat' dir='ltr'>Rolfenses,</span> <span class='ocrx_word' id='word_1_192' title='bbox 3189 1354 3356 1408; x_wconf 90' lang='lat' dir='ltr'>Fulco</span> <span class='ocrx_word' id='word_1_193' title='bbox 3385 1349 3509 1404; x_wconf 89' lang='lat' dir='ltr'>Bel-</span> 
     </span>
    </p>
   </div>
   <div class='ocr_carea' id='block_1_27' title="bbox 1912 1438 3507 1516">
    <p class='ocr_par' dir='ltr' id='par_1_27' title="bbox 1912 1438 3507 1516">
     <span class='ocr_line' id='line_1_27' title="bbox 1912 1438 3507 1516; baseline -0.006 -15"><span class='ocrx_word' id='word_1_194' title='bbox 1912 1451 2180 1516; x_wconf 89' lang='lat' dir='ltr'>vacensis,</span> <span class='ocrx_word' id='word_1_195' title='bbox 2206 1451 2298 1505; x_wconf 89' lang='lat' dir='ltr'>Ivo</span> <span class='ocrx_word' id='word_1_196' title='bbox 2319 1451 2698 1516; x_wconf 89' lang='lat' dir='ltr'>Carnotensis,</span> <span class='ocrx_word' id='word_1_197' title='bbox 2731 1455 2796 1504; x_wconf 93' lang='lat' dir='ltr'>ut</span> <span class='ocrx_word' id='word_1_198' title='bbox 2815 1449 2975 1503; x_wconf 89' lang='lat' dir='ltr'>testis</span> <span class='ocrx_word' id='word_1_199' title='bbox 2997 1452 3083 1501; x_wconf 89' lang='lat' dir='ltr'>est</span> <span class='ocrx_word' id='word_1_200' title='bbox 3122 1443 3401 1498; x_wconf 86' lang='lat' dir='ltr'>Robertus</span> <span class='ocrx_word' id='word_1_201' title='bbox 3437 1438 3507 1492; x_wconf 91' lang='lat' dir='ltr'>de</span> 
     </span>
    </p>
   </div>
   <div class='ocr_carea' id='block_1_28' title="bbox 1911 1527 3508 1610">
    <p class='ocr_par' dir='ltr' id='par_1_28' title="bbox 1911 1527 3508 1610">
     <span class='ocr_line' id='line_1_28' title="bbox 1911 1527 3508 1610; baseline -0.008 -18"><span class='ocrx_word' id='word_1_202' title='bbox 1911 1539 2120 1602; x_wconf 89' lang='lat' dir='ltr'>Monte,</span> <span class='ocrx_word' id='word_1_203' title='bbox 2153 1539 2359 1610; x_wconf 91' lang='lat' dir='ltr'>aliique</span> <span class='ocrx_word' id='word_1_204' title='bbox 2380 1557 2549 1610; x_wconf 89' lang='lat' dir='ltr'>quam</span> <span class='ocrx_word' id='word_1_205' title='bbox 2576 1538 2823 1610; x_wconf 90' lang='lat' dir='ltr'>plurimi,</span> <span class='ocrx_word' id='word_1_206' title='bbox 2857 1537 2952 1608; x_wconf 89' lang='lat' dir='ltr'>qui</span> <span class='ocrx_word' id='word_1_207' title='bbox 2983 1535 3050 1588; x_wconf 92' lang='lat' dir='ltr'>ad</span> <span class='ocrx_word' id='word_1_208' title='bbox 3098 1531 3303 1586; x_wconf 88' lang='lat' dir='ltr'>infulas</span> <span class='ocrx_word' id='word_1_209' title='bbox 3326 1527 3508 1582; x_wconf 89' lang='lat' dir='ltr'>varia-</span> 
     </span>
    </p>
   </div>
   <div class='ocr_carea' id='block_1_29' title="bbox 1911 1615 3507 1698">
    <p class='ocr_par' dir='ltr' id='par_1_29' title="bbox 1911 1615 3507 1698">
     <span class='ocr_line' id='line_1_29' title="bbox 1911 1615 3507 1698; baseline -0.009 -17"><span class='ocrx_word' id='word_1_210' title='bbox 1911 1644 2035 1681; x_wconf 85' lang='lat' dir='ltr'>rum</span> <span class='ocrx_word' id='word_1_211' title='bbox 2063 1628 2433 1682; x_wconf 90' lang='lat' dir='ltr'>Ecclesiarum</span> <span class='ocrx_word' id='word_1_212' title='bbox 2463 1628 2609 1698; x_wconf 89' lang='lat' dir='ltr'>rapti</span> <span class='ocrx_word' id='word_1_213' title='bbox 2640 1633 2788 1681; x_wconf 91' lang='lat' dir='ltr'>sunt.</span> <span class='ocrx_word' id='word_1_214' title='bbox 2843 1626 3080 1679; x_wconf 90' lang='lat' dir='ltr'>Sanctus</span> <span class='ocrx_word' id='word_1_215' title='bbox 3136 1636 3264 1673; x_wconf 91' lang='lat' dir='ltr'>vero</span> <span class='ocrx_word' id='word_1_216' title='bbox 3308 1615 3507 1670; x_wconf 86' lang='lat' dir='ltr'>Ansel-</span> 
     </span>
    </p>
   </div>
   <div class='ocr_carea' id='block_1_30' title="bbox 1911 1702 3504 1782">
    <p class='ocr_par' dir='ltr' id='par_1_30' title="bbox 1911 1702 3504 1782">
     <span class='ocr_line' id='line_1_30' title="bbox 1911 1702 3504 1782; baseline -0.008 -14"><span class='ocrx_word' id='word_1_217' title='bbox 1911 1733 2036 1769; x_wconf 90' lang='lat' dir='ltr'>mus</span> <span class='ocrx_word' id='word_1_218' title='bbox 2065 1717 2142 1770; x_wconf 92' lang='lat' dir='ltr'>ita</span> <span class='ocrx_word' id='word_1_219' title='bbox 2194 1717 2493 1770; x_wconf 85' lang='lat' dir='ltr'>Lanfranci</span> <span class='ocrx_word' id='word_1_220' title='bbox 2536 1715 2908 1770; x_wconf 76' lang='lat' dir='ltr'>eruditionem</span> <span class='ocrx_word' id='word_1_221' title='bbox 2939 1707 3297 1782; x_wconf 88' lang='lat' dir='ltr'>suspiciebat,</span> <span class='ocrx_word' id='word_1_222' title='bbox 3337 1709 3401 1758; x_wconf 93' lang='lat' dir='ltr'>ut</span> <span class='ocrx_word' id='word_1_223' title='bbox 3437 1702 3504 1756; x_wconf 92' lang='lat' dir='ltr'>ad</span> 
     </span>
    </p>
   </div>
   <div class='ocr_carea' id='block_1_31' title="bbox 222 1787 3509 1876">
    <p class='ocr_par' dir='ltr' id='par_1_31' title="bbox 222 1787 3509 1876">
     <span class='ocr_line' id='line_1_31' title="bbox 222 1787 3509 1876; baseline -0.004 -18"><span class='ocrx_word' id='word_1_224' title='bbox 222 1804 320 1859; x_wconf 91' lang='lat' dir='ltr'>ubi</span> <span class='ocrx_word' id='word_1_225' title='bbox 349 1805 746 1875; x_wconf 88' lang='lat' dir='ltr'>Berengarius,</span> <span class='ocrx_word' id='word_1_226' title='bbox 796 1806 1055 1876; x_wconf 88' lang='lat' dir='ltr'>abjurata</span> <span class='ocrx_word' id='word_1_227' title='bbox 1113 1807 1328 1872; x_wconf 77' lang='lat' dir='ltr'>haeresi,</span> <span class='ocrx_word' id='word_1_228' title='bbox 1378 1808 1662 1862; x_wconf 83' lang='lat' dir='ltr'>catholicae</span> <span class='ocrx_word' id='word_1_229' title='bbox 1700 1807 1831 1861; x_wconf 84' lang='lat' dir='ltr'>fidei</span> <span class='ocrx_word' id='word_1_230' title='bbox 1852 1787 2043 1858; x_wconf 91' lang='lat' dir='ltr'>Beum</span> <span class='ocrx_word' id='word_1_231' title='bbox 2070 1823 2096 1857; x_wconf 70' lang='grc' dir='ltr'>ι</span> <span class='ocrx_word' id='word_1_232' title='bbox 2128 1805 2506 1875; x_wconf 85' lang='lat' dir='ltr'>Monologium</span> <span class='ocrx_word' id='word_1_233' title='bbox 2545 1824 2567 1856; x_wconf 73' lang='grc' dir='ltr'><strong>ι</strong></span> <span class='ocrx_word' id='word_1_234' title='bbox 2603 1822 2636 1858; x_wconf 95' lang='lat' dir='ltr'>a</span> <span class='ocrx_word' id='word_1_235' title='bbox 2659 1821 2720 1858; x_wconf 90' lang='lat' dir='ltr'>se</span> <span class='ocrx_word' id='word_1_236' title='bbox 2741 1804 2954 1858; x_wconf 79' lang='lat' dir='ltr'>editum</span> <span class='ocrx_word' id='word_1_237' title='bbox 2982 1794 3363 1853; x_wconf 88' lang='lat' dir='ltr'>transmiserit</span> <span class='ocrx_word' id='word_1_238' title='bbox 3389 1793 3509 1862; x_wconf 91' lang='lat' dir='ltr'>ejus</span> 
     </span>
    </p>
   </div>
   <div class='ocr_carea' id='block_1_32' title="bbox 221 1893 1827 1964">
    <p class='ocr_par' dir='ltr' id='par_1_32' title="bbox 221 1893 1827 1964">
     <span class='ocr_line' id='line_1_32' title="bbox 221 1893 1827 1964; baseline 0.001 -17"><span class='ocrx_word' id='word_1_239' title='bbox 221 1893 531 1947; x_wconf 85' lang='lat' dir='ltr'>formulam</span> <span class='ocrx_word' id='word_1_240' title='bbox 561 1894 748 1964; x_wconf 89' lang='lat' dir='ltr'>palam</span> <span class='ocrx_word' id='word_1_241' title='bbox 778 1895 1009 1964; x_wconf 87' lang='lat' dir='ltr'>legerat,</span> <span class='ocrx_word' id='word_1_242' title='bbox 1042 1900 1096 1948; x_wconf 92' lang='lat' dir='ltr'>et</span> <span class='ocrx_word' id='word_1_243' title='bbox 1127 1896 1177 1948; x_wconf 93' lang='lat' dir='ltr'>ei</span> <span class='ocrx_word' id='word_1_244' title='bbox 1208 1912 1329 1949; x_wconf 90' lang='lat' dir='ltr'>sese</span> <span class='ocrx_word' id='word_1_245' title='bbox 1355 1896 1572 1950; x_wconf 87' lang='lat' dir='ltr'>sincero</span> <span class='ocrx_word' id='word_1_246' title='bbox 1617 1897 1827 1961; x_wconf 91' lang='lat' dir='ltr'>animo,</span> 
     </span>
    </p>
   </div>
   <div class='ocr_carea' id='block_1_33' title="bbox 225 1982 1833 2055">
    <p class='ocr_par' dir='ltr' id='par_1_33' title="bbox 225 1982 1833 2055">
     <span class='ocr_line' id='line_1_33' title="bbox 225 1982 1833 2055; baseline 0.002 -21"><span class='ocrx_word' id='word_1_247' title='bbox 225 1982 480 2035; x_wconf 89' lang='lat' dir='ltr'>adhibito</span> <span class='ocrx_word' id='word_1_248' title='bbox 508 1982 678 2035; x_wconf 90' lang='lat' dir='ltr'>etiam</span> <span class='ocrx_word' id='word_1_249' title='bbox 700 1983 1089 2052; x_wconf 83' lang='lat' dir='ltr'>jurejurando,</span> <span class='ocrx_word' id='word_1_250' title='bbox 1116 1984 1400 2038; x_wconf 69' lang='lat' dir='ltr'>adhaerere</span> <span class='ocrx_word' id='word_1_251' title='bbox 1421 1985 1703 2055; x_wconf 90' lang='lat' dir='ltr'>professus</span> <span class='ocrx_word' id='word_1_252' title='bbox 1720 1985 1833 2038; x_wconf 87' lang='lat' dir='ltr'>fue-</span> 
     </span>
    </p>
   </div>
   <div class='ocr_carea' id='block_1_34' title="bbox 221 2070 1833 2142">
    <p class='ocr_par' dir='ltr' id='par_1_34' title="bbox 221 2070 1833 2142">
     <span class='ocr_line' id='line_1_34' title="bbox 221 2070 1833 2142; baseline 0.002 -18"><span class='ocrx_word' id='word_1_253' title='bbox 221 2076 336 2134; x_wconf 85' lang='lat' dir='ltr'>rat,</span> <span class='ocrx_word' id='word_1_254' title='bbox 366 2070 527 2124; x_wconf 89' lang='lat' dir='ltr'>libris</span> <span class='ocrx_word' id='word_1_255' title='bbox 558 2071 674 2124; x_wconf 88' lang='lat' dir='ltr'>suis</span> <span class='ocrx_word' id='word_1_256' title='bbox 702 2071 761 2124; x_wconf 90' lang='lat' dir='ltr'>in</span> <span class='ocrx_word' id='word_1_257' title='bbox 810 2071 994 2141; x_wconf 88' lang='lat' dir='ltr'>ignem</span> <span class='ocrx_word' id='word_1_258' title='bbox 1051 2073 1311 2142; x_wconf 86' lang='lat' dir='ltr'>projectis</span> <span class='ocrx_word' id='word_1_259' title='bbox 1357 2090 1542 2126; x_wconf 90' lang='lat' dir='ltr'>coram</span> <span class='ocrx_word' id='word_1_260' title='bbox 1573 2073 1833 2127; x_wconf 90' lang='lat' dir='ltr'>universa</span> 
     </span>
    </p>
   </div>
   <div class='ocr_carea' id='block_1_35' title="bbox 219 2159 1832 2230">
    <p class='ocr_par' dir='ltr' id='par_1_35' title="bbox 219 2159 1832 2230">
     <span class='ocr_line' id='line_1_35' title="bbox 219 2159 1832 2230; baseline 0.001 -17"><span class='ocrx_word' id='word_1_261' title='bbox 219 2159 476 2230; x_wconf 75' lang='lat' dir='ltr'>synodo;</span> <span class='ocrx_word' id='word_1_262' title='bbox 512 2159 680 2228; x_wconf 91' lang='lat' dir='ltr'>paulo</span> <span class='ocrx_word' id='word_1_263' title='bbox 706 2164 832 2229; x_wconf 93' lang='lat' dir='ltr'>post</span> <span class='ocrx_word' id='word_1_264' title='bbox 861 2166 1048 2213; x_wconf 89' lang='lat' dir='ltr'>tamen</span> <span class='ocrx_word' id='word_1_265' title='bbox 1067 2161 1135 2213; x_wconf 90' lang='lat' dir='ltr'>ad</span> <span class='ocrx_word' id='word_1_266' title='bbox 1162 2161 1431 2214; x_wconf 90' lang='lat' dir='ltr'>vomitum</span> <span class='ocrx_word' id='word_1_267' title='bbox 1458 2178 1621 2215; x_wconf 91' lang='lat' dir='ltr'>suum</span> <span class='ocrx_word' id='word_1_268' title='bbox 1651 2178 1832 2215; x_wconf 88' lang='lat' dir='ltr'>rever-</span> 
     </span>
    </p>
   </div>
   <div class='ocr_carea' id='block_1_36' title="bbox 221 2248 1834 2320">
    <p class='ocr_par' dir='ltr' id='par_1_36' title="bbox 221 2248 1834 2320">
     <span class='ocr_line' id='line_1_36' title="bbox 221 2248 1834 2320; baseline 0.004 -21"><span class='ocrx_word' id='word_1_269' title='bbox 221 2262 335 2311; x_wconf 89' lang='lat' dir='ltr'>sus,</span> <span class='ocrx_word' id='word_1_270' title='bbox 366 2267 389 2296; x_wconf 78' lang='grc' dir='ltr'>ι</span> <span class='ocrx_word' id='word_1_271' title='bbox 421 2248 762 2317; x_wconf 86' lang='lat' dir='ltr'>pravitatem</span> <span class='ocrx_word' id='word_1_272' title='bbox 793 2264 972 2310; x_wconf 91' lang='lat' dir='ltr'>suam,</span> <span class='ocrx_word' id='word_1_273' title='bbox 1009 2268 1036 2300; x_wconf 80' lang='lat'><strong>»</strong></span> <span class='ocrx_word' id='word_1_274' title='bbox 1064 2249 1248 2320; x_wconf 90' lang='lat' dir='ltr'>inquit</span> <span class='ocrx_word' id='word_1_275' title='bbox 1274 2250 1666 2314; x_wconf 73' lang='lat' dir='ltr'>Lanfrancus,c</span> <span class='ocrx_word' id='word_1_276' title='bbox 1686 2251 1834 2306; x_wconf 87' lang='lat' dir='ltr'>clan-</span> 
     </span>
    </p>
   </div>
   <div class='ocr_carea' id='block_1_37' title="bbox 219 2335 1830 2408">
    <p class='ocr_par' dir='ltr' id='par_1_37' title="bbox 219 2335 1830 2408">
     <span class='ocr_line' id='line_1_37' title="bbox 219 2335 1830 2408; baseline 0.003 -20"><span class='ocrx_word' id='word_1_277' title='bbox 219 2335 459 2389; x_wconf 88' lang='lat' dir='ltr'>destinis</span> <span class='ocrx_word' id='word_1_278' title='bbox 486 2336 967 2406; x_wconf 89' lang='lat' dir='ltr'>disputationibus</span> <span class='ocrx_word' id='word_1_279' title='bbox 993 2338 1140 2407; x_wconf 90' lang='lat' dir='ltr'>apud</span> <span class='ocrx_word' id='word_1_280' title='bbox 1172 2337 1463 2408; x_wconf 89' lang='lat' dir='ltr'>imperitos</span> <span class='ocrx_word' id='word_1_281' title='bbox 1494 2339 1642 2392; x_wconf 92' lang='lat' dir='ltr'>tueri</span> <span class='ocrx_word' id='word_1_282' title='bbox 1680 2357 1705 2390; x_wconf 90' lang='lat'><strong>»</strong></span> <span class='ocrx_word' id='word_1_283' title='bbox 1737 2355 1830 2393; x_wconf 92' lang='lat' dir='ltr'>co-</span> 
     </span>
    </p>
   </div>
   <div class='ocr_carea' id='block_1_38' title="bbox 220 2423 1827 2496">
    <p class='ocr_par' dir='ltr' id='par_1_38' title="bbox 220 2423 1827 2496">
     <span class='ocr_line' id='line_1_38' title="bbox 220 2423 1827 2496; baseline 0.002 -19"><span class='ocrx_word' id='word_1_284' title='bbox 220 2423 484 2478; x_wconf 88' lang='lat' dir='ltr'>nabatur.</span> <span class='ocrx_word' id='word_1_285' title='bbox 521 2424 630 2478; x_wconf 89' lang='lat' dir='ltr'>Sed</span> <span class='ocrx_word' id='word_1_286' title='bbox 656 2424 956 2496; x_wconf 92' lang='lat' dir='ltr'>idimpune</span> <span class='ocrx_word' id='word_1_287' title='bbox 976 2442 1087 2479; x_wconf 93' lang='lat' dir='ltr'>non</span> <span class='ocrx_word' id='word_1_288' title='bbox 1108 2426 1267 2492; x_wconf 90' lang='lat' dir='ltr'>tulit;</span> <span class='ocrx_word' id='word_1_289' title='bbox 1300 2443 1430 2480; x_wconf 91' lang='lat' dir='ltr'>nam</span> <span class='ocrx_word' id='word_1_290' title='bbox 1463 2428 1827 2491; x_wconf 79' lang='lat' dir='ltr'>LanfranCus,</span> 
     </span>
    </p>
   </div>
   <div class='ocr_carea' id='block_1_39' title="bbox 220 2513 1828 2580">
    <p class='ocr_par' dir='ltr' id='par_1_39' title="bbox 220 2513 1828 2580">
     <span class='ocr_line' id='line_1_39' title="bbox 220 2513 1828 2580; baseline 0.002 -14"><span class='ocrx_word' id='word_1_291' title='bbox 220 2519 284 2567; x_wconf 90' lang='lat' dir='ltr'>ut</span> <span class='ocrx_word' id='word_1_292' title='bbox 311 2517 564 2566; x_wconf 86' lang='lat' dir='ltr'>testatur</span> <span class='ocrx_word' id='word_1_293' title='bbox 594 2513 890 2574; x_wconf 91' lang='lat' dir='ltr'>Baronius,</span> <span class='ocrx_word' id='word_1_294' title='bbox 915 2513 986 2568; x_wconf 92' lang='lat' dir='ltr'>ad</span> <span class='ocrx_word' id='word_1_295' title='bbox 1008 2531 1218 2568; x_wconf 89' lang='lat' dir='ltr'>annum</span> <span class='ocrx_word' id='word_1_296' title='bbox 1275 2513 1430 2580; x_wconf 83' lang='lat'>1059,</span> <span class='ocrx_word' id='word_1_297' title='bbox 1456 2515 1601 2569; x_wconf 91' lang='lat' dir='ltr'>libro</span> <span class='ocrx_word' id='word_1_298' title='bbox 1630 2517 1828 2570; x_wconf 90' lang='lat' dir='ltr'>adver-</span> 
     </span>
    </p>
   </div>
   <div class='ocr_carea' id='block_1_40' title="bbox 223 2603 1829 2674">
    <p class='ocr_par' dir='ltr' id='par_1_40' title="bbox 223 2603 1829 2674">
     <span class='ocr_line' id='line_1_40' title="bbox 223 2603 1829 2674; baseline 0.002 -20"><span class='ocrx_word' id='word_1_299' title='bbox 223 2617 316 2656; x_wconf 88' lang='lat' dir='ltr'>sus</span> <span class='ocrx_word' id='word_1_300' title='bbox 346 2617 481 2655; x_wconf 90' lang='lat' dir='ltr'>eum</span> <span class='ocrx_word' id='word_1_301' title='bbox 513 2617 579 2654; x_wconf 89' lang='lat' dir='ltr'>ac</span> <span class='ocrx_word' id='word_1_302' title='bbox 607 2603 730 2672; x_wconf 89' lang='lat' dir='ltr'>ejus</span> <span class='ocrx_word' id='word_1_303' title='bbox 769 2618 987 2656; x_wconf 89' lang='lat' dir='ltr'>errores</span> <span class='ocrx_word' id='word_1_304' title='bbox 1036 2603 1206 2667; x_wconf 90' lang='lat' dir='ltr'>edito,</span> <span class='ocrx_word' id='word_1_305' title='bbox 1246 2621 1272 2655; x_wconf 73' lang='grc' dir='ltr'><strong><em>ι</em></strong></span> <span class='ocrx_word' id='word_1_306' title='bbox 1302 2604 1620 2674; x_wconf 89' lang='lat' dir='ltr'>arrogantis</span> <span class='ocrx_word' id='word_1_307' title='bbox 1649 2605 1829 2658; x_wconf 83' lang='lat' dir='ltr'>haere-</span> 
     </span>
    </p>
   </div>
   <div class='ocr_carea' id='block_1_41' title="bbox 223 2690 1832 2751">
    <p class='ocr_par' dir='ltr' id='par_1_41' title="bbox 223 2690 1832 2751">
     <span class='ocr_line' id='line_1_41' title="bbox 223 2690 1832 2751; baseline 0.002 -8"><span class='ocrx_word' id='word_1_308' title='bbox 223 2690 460 2744; x_wconf 62' lang='lat' dir='ltr'>siarchas</span> <span class='ocrx_word' id='word_1_309' title='bbox 476 2690 693 2744; x_wconf 89' lang='lat' dir='ltr'>retudit</span> <span class='ocrx_word' id='word_1_310' title='bbox 715 2690 1030 2747; x_wconf 86' lang='lat' dir='ltr'>audaciam.</span> <span class='ocrx_word' id='word_1_311' title='bbox 1058 2691 1264 2744; x_wconf 80' lang='lat' dir='ltr'>refellit</span> <span class='ocrx_word' id='word_1_312' title='bbox 1310 2708 1546 2751; x_wconf 87' lang='lat' dir='ltr'>errores,</span> <span class='ocrx_word' id='word_1_313' title='bbox 1578 2692 1832 2746; x_wconf 91' lang='lat' dir='ltr'>dissolvit</span> 
     </span>
    </p>
   </div>
   <div class='ocr_carea' id='block_1_42' title="bbox 221 2777 1831 2849">
    <p class='ocr_par' dir='ltr' id='par_1_42' title="bbox 221 2777 1831 2849">
     <span class='ocr_line' id='line_1_42' title="bbox 221 2777 1831 2849; baseline 0.002 -18"><span class='ocrx_word' id='word_1_314' title='bbox 221 2778 494 2844; x_wconf 83' lang='lat' dir='ltr'>fallacias,</span> <span class='ocrx_word' id='word_1_315' title='bbox 521 2777 902 2849; x_wconf 88' lang='lat' dir='ltr'>blasphemias</span> <span class='ocrx_word' id='word_1_316' title='bbox 950 2779 1258 2849; x_wconf 88' lang='lat' dir='ltr'>redarguit,</span> <span class='ocrx_word' id='word_1_317' title='bbox 1291 2787 1620 2834; x_wconf 91' lang='lat' dir='ltr'>convertens</span> <span class='ocrx_word' id='word_1_318' title='bbox 1649 2797 1744 2834; x_wconf 90' lang='lat' dir='ltr'>eas</span> <span class='ocrx_word' id='word_1_319' title='bbox 1773 2781 1831 2834; x_wconf 90' lang='lat' dir='ltr'>in</span> 
     </span>
    </p>
   </div>
   <div class='ocr_carea' id='block_1_43' title="bbox 226 2866 1834 2938">
    <p class='ocr_par' dir='ltr' id='par_1_43' title="bbox 226 2866 1834 2938">
     <span class='ocr_line' id='line_1_43' title="bbox 226 2866 1834 2938; baseline 0.001 -17"><span class='ocrx_word' id='word_1_320' title='bbox 226 2873 395 2938; x_wconf 88' lang='lat' dir='ltr'>caput</span> <span class='ocrx_word' id='word_1_321' title='bbox 425 2866 627 2938; x_wconf 89' lang='lat' dir='ltr'>ipsius,</span> <span class='ocrx_word' id='word_1_322' title='bbox 657 2886 682 2918; x_wconf 84' lang='lat'><strong>»</strong></span> <span class='ocrx_word' id='word_1_323' title='bbox 715 2871 820 2921; x_wconf 89' lang='lat' dir='ltr'>etc.</span> <span class='ocrx_word' id='word_1_324' title='bbox 855 2868 1016 2921; x_wconf 92' lang='lat' dir='ltr'>Hunc</span> <span class='ocrx_word' id='word_1_325' title='bbox 1062 2868 1266 2922; x_wconf 85' lang='lat' dir='ltr'>librum</span> <span class='ocrx_word' id='word_1_326' title='bbox 1311 2870 1553 2922; x_wconf 89' lang='lat' dir='ltr'>Joannes</span> <span class='ocrx_word' id='word_1_327' title='bbox 1579 2870 1834 2923; x_wconf 91' lang='lat' dir='ltr'>Bromto-</span> 
     </span>
    </p>
   </div>
   <div class='ocr_carea' id='block_1_44' title="bbox 223 2955 1834 3028">
    <p class='ocr_par' dir='ltr' id='par_1_44' title="bbox 223 2955 1834 3028">
     <span class='ocr_line' id='line_1_44' title="bbox 223 2955 1834 3028; baseline 0.002 -19"><span class='ocrx_word' id='word_1_328' title='bbox 223 2972 331 3010; x_wconf 91' lang='lat' dir='ltr'>nus</span> <span class='ocrx_word' id='word_1_329' title='bbox 361 2955 540 3008; x_wconf 91' lang='lat' dir='ltr'>abbas</span> <span class='ocrx_word' id='word_1_330' title='bbox 552 2955 896 3010; x_wconf 87' lang='lat' dir='ltr'>Jornalensis</span> <span class='ocrx_word' id='word_1_331' title='bbox 917 2956 974 3009; x_wconf 92' lang='lat' dir='ltr'>in</span> <span class='ocrx_word' id='word_1_332' title='bbox 986 2957 1262 3010; x_wconf 89' lang='lat' dir='ltr'>Chronico</span> <span class='ocrx_word' id='word_1_333' title='bbox 1293 2958 1540 3028; x_wconf 90' lang='lat' dir='ltr'>appellat</span> <span class='ocrx_word' id='word_1_334' title='bbox 1569 2978 1590 3009; x_wconf 69' lang='grc' dir='ltr'>α</span> <span class='ocrx_word' id='word_1_335' title='bbox 1616 2959 1834 3012; x_wconf 86' lang='lat' dir='ltr'>Tonan-</span> 
     </span>
    </p>
   </div>
   <div class='ocr_carea' id='block_1_45' title="bbox 1913 1885 3510 1964">
    <p class='ocr_par' dir='ltr' id='par_1_45' title="bbox 1913 1885 3510 1964">
     <span class='ocr_line' id='line_1_45' title="bbox 1913 1885 3510 1964; baseline -0.008 -19"><span class='ocrx_word' id='word_1_336' title='bbox 1913 1909 2160 1946; x_wconf 64' lang='lat' dir='ltr'>censura:</span> <span class='ocrx_word' id='word_1_337' title='bbox 2189 1893 2614 1964; x_wconf 89' lang='lat' dir='ltr'>subjiciendum,</span> <span class='ocrx_word' id='word_1_338' title='bbox 2639 1893 2753 1946; x_wconf 88' lang='lat' dir='ltr'>imo</span> <span class='ocrx_word' id='word_1_339' title='bbox 2774 1897 2831 1944; x_wconf 92' lang='lat' dir='ltr'>et</span> <span class='ocrx_word' id='word_1_340' title='bbox 2856 1891 3228 1944; x_wconf 84' lang='lat' dir='ltr'>Lantrancum</span> <span class='ocrx_word' id='word_1_341' title='bbox 3251 1885 3510 1954; x_wconf 88' lang='lat' dir='ltr'>precatus</span> 
     </span>
    </p>
   </div>
   <div class='ocr_carea' id='block_1_46' title="bbox 1913 1967 3510 2052">
    <p class='ocr_par' dir='ltr' id='par_1_46' title="bbox 1913 1967 3510 2052">
     <span class='ocr_line' id='line_1_46' title="bbox 1913 1967 3510 2052; baseline -0.009 -18"><span class='ocrx_word' id='word_1_342' title='bbox 1913 1987 2016 2045; x_wconf 90' lang='lat' dir='ltr'>est,</span> <span class='ocrx_word' id='word_1_343' title='bbox 2037 1985 2099 2034; x_wconf 92' lang='lat' dir='ltr'>ut</span> <span class='ocrx_word' id='word_1_344' title='bbox 2114 1998 2502 2052; x_wconf 89' lang='lat' dir='ltr'>quemcunque</span> <span class='ocrx_word' id='word_1_345' title='bbox 2517 1981 2743 2036; x_wconf 90' lang='lat' dir='ltr'>titulum</span> <span class='ocrx_word' id='word_1_346' title='bbox 2765 1979 3052 2032; x_wconf 92' lang='lat' dir='ltr'>meliorem</span> <span class='ocrx_word' id='word_1_347' title='bbox 3061 1973 3360 2046; x_wconf 90' lang='lat' dir='ltr'>judicaret,</span> <span class='ocrx_word' id='word_1_348' title='bbox 3381 1967 3510 2022; x_wconf 91' lang='lat' dir='ltr'>huic</span> 
     </span>
    </p>
   </div>
   <div class='ocr_carea' id='block_1_47' title="bbox 1914 2057 3504 2139">
    <p class='ocr_par' dir='ltr' id='par_1_47' title="bbox 1914 2057 3504 2139">
     <span class='ocr_line' id='line_1_47' title="bbox 1914 2057 3504 2139; baseline -0.008 -19"><span class='ocrx_word' id='word_1_349' title='bbox 1914 2067 2057 2122; x_wconf 91' lang='lat' dir='ltr'>libro</span> <span class='ocrx_word' id='word_1_350' title='bbox 2084 2069 2417 2139; x_wconf 85' lang='lat' dir='ltr'>imponeret.</span> <span class='ocrx_word' id='word_1_351' title='bbox 2458 2090 2479 2119; x_wconf 76' lang='grc' dir='ltr'><strong><em>ι</em></strong></span> <span class='ocrx_word' id='word_1_352' title='bbox 2520 2070 2654 2132; x_wconf 88' lang='lat' dir='ltr'>Hoc,</span> <span class='ocrx_word' id='word_1_353' title='bbox 2703 2087 2729 2121; x_wconf 82' lang='grc'><strong>»</strong></span> <span class='ocrx_word' id='word_1_354' title='bbox 2758 2065 2944 2137; x_wconf 89' lang='lat' dir='ltr'>inquit</span> <span class='ocrx_word' id='word_1_355' title='bbox 2970 2062 3288 2119; x_wconf 77' lang='lat' dir='ltr'>Anselmus,</span> <span class='ocrx_word' id='word_1_356' title='bbox 3328 2057 3423 2111; x_wconf 92' lang='lat' dir='ltr'>lib.</span> <span class='ocrx_word' id='word_1_357' title='bbox 3466 2069 3504 2119; x_wconf 78' lang='grc' dir='ltr'>ι,</span> 
     </span>
    </p>
   </div>
   <div class='ocr_carea' id='block_1_48' title="bbox 1915 2145 3510 2227">
    <p class='ocr_par' dir='ltr' id='par_1_48' title="bbox 1915 2145 3510 2227">
     <span class='ocr_line' id='line_1_48' title="bbox 1915 2145 3510 2227; baseline -0.01 -17"><span class='ocrx_word' id='word_1_358' title='bbox 1915 2157 2077 2227; x_wconf 92' lang='lat' dir='ltr'>epist.</span> <span class='ocrx_word' id='word_1_359' title='bbox 2113 2158 2200 2216; x_wconf 87' lang='lat'>63.</span> <span class='ocrx_word' id='word_1_360' title='bbox 2236 2175 2262 2210; x_wconf 75' lang='grc' dir='ltr'>(ι</span> <span class='ocrx_word' id='word_1_361' title='bbox 2295 2174 2421 2211; x_wconf 89' lang='lat' dir='ltr'>cum</span> <span class='ocrx_word' id='word_1_362' title='bbox 2449 2155 2877 2227; x_wconf 89' lang='lat' dir='ltr'>importunitate</span> <span class='ocrx_word' id='word_1_363' title='bbox 2907 2169 2940 2206; x_wconf 92' lang='lat' dir='ltr'>a</span> <span class='ocrx_word' id='word_1_364' title='bbox 2961 2156 3146 2204; x_wconf 89' lang='lat' dir='ltr'>vestra</span> <span class='ocrx_word' id='word_1_365' title='bbox 3175 2145 3510 2201; x_wconf 89' lang='lat' dir='ltr'>auctoritate</span> 
     </span>
    </p>
   </div>
   <div class='ocr_carea' id='block_1_49' title="bbox 1913 2237 3511 2315">
    <p class='ocr_par' dir='ltr' id='par_1_49' title="bbox 1913 2237 3511 2315">
     <span class='ocr_line' id='line_1_49' title="bbox 1913 2237 3511 2315; baseline -0.01 -15"><span class='ocrx_word' id='word_1_366' title='bbox 1913 2263 2027 2300; x_wconf 92' lang='lat' dir='ltr'>non</span> <span class='ocrx_word' id='word_1_367' title='bbox 2056 2246 2308 2300; x_wconf 90' lang='lat' dir='ltr'>desinam</span> <span class='ocrx_word' id='word_1_368' title='bbox 2335 2245 2576 2315; x_wconf 85' lang='lat' dir='ltr'>exigere,</span> <span class='ocrx_word' id='word_1_369' title='bbox 2609 2247 2888 2314; x_wconf 85' lang='lat' dir='ltr'>quatenus</span> <span class='ocrx_word' id='word_1_370' title='bbox 2917 2241 2987 2293; x_wconf 92' lang='lat' dir='ltr'>de</span> <span class='ocrx_word' id='word_1_371' title='bbox 3026 2237 3223 2291; x_wconf 91' lang='lat' dir='ltr'>eodem</span> <span class='ocrx_word' id='word_1_372' title='bbox 3277 2248 3511 2304; x_wconf 90' lang='lat' dir='ltr'>opuscu-</span> 
     </span>
    </p>
   </div>
   <div class='ocr_carea' id='block_1_50' title="bbox 1913 2321 3506 2405">
    <p class='ocr_par' dir='ltr' id='par_1_50' title="bbox 1913 2321 3506 2405">
     <span class='ocr_line' id='line_1_50' title="bbox 1913 2321 3506 2405; baseline -0.01 -17"><span class='ocrx_word' id='word_1_373' title='bbox 1913 2335 2045 2391; x_wconf 91' lang='lat' dir='ltr'>lo...</span> <span class='ocrx_word' id='word_1_374' title='bbox 2078 2335 2210 2405; x_wconf 92' lang='lat' dir='ltr'>quid</span> <span class='ocrx_word' id='word_1_375' title='bbox 2242 2334 2362 2388; x_wconf 87' lang='lat' dir='ltr'>ﬁeri</span> <span class='ocrx_word' id='word_1_376' title='bbox 2389 2333 2593 2387; x_wconf 91' lang='lat' dir='ltr'>debeat</span> <span class='ocrx_word' id='word_1_377' title='bbox 2644 2335 2830 2386; x_wconf 88' lang='lat' dir='ltr'>vestra</span> <span class='ocrx_word' id='word_1_378' title='bbox 2880 2329 3143 2382; x_wconf 90' lang='lat' dir='ltr'>decernat</span> <span class='ocrx_word' id='word_1_379' title='bbox 3181 2321 3506 2377; x_wconf 84' lang='lat' dir='ltr'>auctoritas.</span> 
     </span>
    </p>
   </div>
   <div class='ocr_carea' id='block_1_51' title="bbox 1911 2408 3511 2490">
    <p class='ocr_par' dir='ltr' id='par_1_51' title="bbox 1911 2408 3511 2490">
     <span class='ocr_line' id='line_1_51' title="bbox 1911 2408 3511 2490; baseline -0.009 -14"><span class='ocrx_word' id='word_1_380' title='bbox 1911 2423 2160 2477; x_wconf 90' lang='lat' dir='ltr'>Titulum</span> <span class='ocrx_word' id='word_1_381' title='bbox 2181 2428 2370 2477; x_wconf 87' lang='lat' dir='ltr'>autem</span> <span class='ocrx_word' id='word_1_382' title='bbox 2401 2423 2619 2476; x_wconf 90' lang='lat' dir='ltr'>nullum</span> <span class='ocrx_word' id='word_1_383' title='bbox 2669 2421 2750 2474; x_wconf 88' lang='lat' dir='ltr'>illi</span> <span class='ocrx_word' id='word_1_384' title='bbox 2797 2415 3092 2490; x_wconf 72' lang='lat' dir='ltr'>praeposui,</span> <span class='ocrx_word' id='word_1_385' title='bbox 3127 2412 3333 2484; x_wconf 90' lang='lat' dir='ltr'>quippe</span> <span class='ocrx_word' id='word_1_386' title='bbox 3363 2408 3511 2480; x_wconf 91' lang='lat' dir='ltr'>quod</span> 
     </span>
    </p>
   </div>
   <div class='ocr_carea' id='block_1_52' title="bbox 1913 2500 3510 2582">
    <p class='ocr_par' dir='ltr' id='par_1_52' title="bbox 1913 2500 3510 2582">
     <span class='ocr_line' id='line_1_52' title="bbox 1913 2500 3510 2582; baseline -0.009 -17"><span class='ocrx_word' id='word_1_387' title='bbox 1913 2527 2268 2582; x_wconf 89' lang='lat' dir='ltr'>nequaquam</span> <span class='ocrx_word' id='word_1_388' title='bbox 2295 2511 2437 2565; x_wconf 94' lang='lat' dir='ltr'>tanti</span> <span class='ocrx_word' id='word_1_389' title='bbox 2485 2509 2796 2564; x_wconf 83' lang='lat' dir='ltr'>existimavi</span> <span class='ocrx_word' id='word_1_390' title='bbox 2839 2512 2905 2562; x_wconf 93' lang='lat' dir='ltr'>ut</span> <span class='ocrx_word' id='word_1_391' title='bbox 2957 2504 3096 2559; x_wconf 89' lang='lat' dir='ltr'>illud</span> <span class='ocrx_word' id='word_1_392' title='bbox 3143 2518 3244 2556; x_wconf 91' lang='lat' dir='ltr'>suo</span> <span class='ocrx_word' id='word_1_393' title='bbox 3282 2500 3510 2554; x_wconf 89' lang='lat' dir='ltr'>nomine</span> 
     </span>
    </p>
   </div>
   <div class='ocr_carea' id='block_1_53' title="bbox 1912 2584 3508 2671">
    <p class='ocr_par' dir='ltr' id='par_1_53' title="bbox 1912 2584 3508 2671">
     <span class='ocr_line' id='line_1_53' title="bbox 1912 2584 3508 2671; baseline -0.011 -15"><span class='ocrx_word' id='word_1_394' title='bbox 1912 2601 2194 2671; x_wconf 88' lang='lat' dir='ltr'>dignarer.</span> <span class='ocrx_word' id='word_1_395' title='bbox 2225 2601 2281 2655; x_wconf 90' lang='lat' dir='ltr'>Si</span> <span class='ocrx_word' id='word_1_396' title='bbox 2307 2599 2485 2670; x_wconf 86' lang='lat' dir='ltr'>igitur</span> <span class='ocrx_word' id='word_1_397' title='bbox 2506 2603 2690 2654; x_wconf 87' lang='lat' dir='ltr'>vestro</span> <span class='ocrx_word' id='word_1_398' title='bbox 2738 2595 2946 2652; x_wconf 90' lang='lat' dir='ltr'>sederit</span> <span class='ocrx_word' id='word_1_399' title='bbox 2994 2590 3226 2646; x_wconf 89' lang='lat' dir='ltr'>arbitrio</span> <span class='ocrx_word' id='word_1_400' title='bbox 3265 2592 3329 2642; x_wconf 91' lang='lat' dir='ltr'>ut</span> <span class='ocrx_word' id='word_1_401' title='bbox 3359 2584 3508 2657; x_wconf 90' lang='lat' dir='ltr'>quod</span> 
     </span>
    </p>
   </div>
   <div class='ocr_carea' id='block_1_54' title="bbox 1911 2673 3512 2760">
    <p class='ocr_par' dir='ltr' id='par_1_54' title="bbox 1911 2673 3512 2760">
     <span class='ocr_line' id='line_1_54' title="bbox 1911 2673 3512 2760; baseline -0.01 -17"><span class='ocrx_word' id='word_1_402' title='bbox 1911 2689 2109 2760; x_wconf 91' lang='lat' dir='ltr'>scripsi</span> <span class='ocrx_word' id='word_1_403' title='bbox 2137 2688 2475 2760; x_wconf 88' lang='lat' dir='ltr'>scripserim,</span> <span class='ocrx_word' id='word_1_404' title='bbox 2500 2705 2533 2741; x_wconf 92' lang='lat' dir='ltr'>a</span> <span class='ocrx_word' id='word_1_405' title='bbox 2561 2704 2669 2758; x_wconf 91' lang='lat' dir='ltr'>quo</span> <span class='ocrx_word' id='word_1_406' title='bbox 2699 2684 2927 2740; x_wconf 88' lang='lat' dir='ltr'>habebit</span> <span class='ocrx_word' id='word_1_407' title='bbox 2961 2681 3306 2741; x_wconf 84' lang='lat' dir='ltr'>ﬁrmitatem,</span> <span class='ocrx_word' id='word_1_408' title='bbox 3349 2673 3420 2729; x_wconf 88' lang='lat' dir='ltr'>ab</span> <span class='ocrx_word' id='word_1_409' title='bbox 3448 2689 3512 2728; x_wconf 91' lang='lat' dir='ltr'>eo</span> 
     </span>
    </p>
   </div>
   <div class='ocr_carea' id='block_1_55' title="bbox 1912 2763 3512 2843">
    <p class='ocr_par' dir='ltr' id='par_1_55' title="bbox 1912 2763 3512 2843">
     <span class='ocr_line' id='line_1_55' title="bbox 1912 2763 3512 2843; baseline -0.009 -12"><span class='ocrx_word' id='word_1_410' title='bbox 1912 2777 2118 2832; x_wconf 88' lang='lat' dir='ltr'>habeat</span> <span class='ocrx_word' id='word_1_411' title='bbox 2146 2784 2202 2831; x_wconf 91' lang='lat' dir='ltr'>et</span> <span class='ocrx_word' id='word_1_412' title='bbox 2218 2793 2442 2831; x_wconf 89' lang='lat' dir='ltr'>nomen.</span> <span class='ocrx_word' id='word_1_413' title='bbox 2471 2794 2497 2829; x_wconf 66' lang='grc' dir='ltr'><strong>ι</strong></span> <span class='ocrx_word' id='word_1_414' title='bbox 2531 2775 2677 2831; x_wconf 90' lang='lat' dir='ltr'>Eum</span> <span class='ocrx_word' id='word_1_415' title='bbox 2707 2790 2836 2828; x_wconf 87' lang='lat' dir='ltr'>vero</span> <span class='ocrx_word' id='word_1_416' title='bbox 2865 2788 3030 2843; x_wconf 90' lang='lat' dir='ltr'>quem</span> <span class='ocrx_word' id='word_1_417' title='bbox 3057 2770 3242 2822; x_wconf 90' lang='lat' dir='ltr'>vivum</span> <span class='ocrx_word' id='word_1_418' title='bbox 3269 2764 3414 2819; x_wconf 88' lang='lat' dir='ltr'>tanti</span> <span class='ocrx_word' id='word_1_419' title='bbox 3436 2763 3512 2817; x_wconf 86' lang='lat' dir='ltr'>fe-</span> 
     </span>
    </p>
   </div>
   <div class='ocr_carea' id='block_1_56' title="bbox 1913 2851 3513 2936">
    <p class='ocr_par' dir='ltr' id='par_1_56' title="bbox 1913 2851 3513 2936">
     <span class='ocr_line' id='line_1_56' title="bbox 1913 2851 3513 2936; baseline -0.01 -16"><span class='ocrx_word' id='word_1_420' title='bbox 1913 2872 2086 2930; x_wconf 91' lang='lat' dir='ltr'>cerat,</span> <span class='ocrx_word' id='word_1_421' title='bbox 2117 2872 2245 2936; x_wconf 90' lang='lat' dir='ltr'>post</span> <span class='ocrx_word' id='word_1_422' title='bbox 2274 2871 2513 2920; x_wconf 90' lang='lat' dir='ltr'>mortem</span> <span class='ocrx_word' id='word_1_423' title='bbox 2544 2864 2811 2918; x_wconf 90' lang='lat' dir='ltr'>adversus</span> <span class='ocrx_word' id='word_1_424' title='bbox 2839 2859 3162 2916; x_wconf 70' lang='lat' dir='ltr'>haereticum</span> <span class='ocrx_word' id='word_1_425' title='bbox 3209 2851 3513 2909; x_wconf 89' lang='lat' dir='ltr'>calumnia-</span> 
     </span>
    </p>
   </div>
   <div class='ocr_carea' id='block_1_57' title="bbox 1913 2939 3512 3025">
    <p class='ocr_par' dir='ltr' id='par_1_57' title="bbox 1913 2939 3512 3025">
     <span class='ocr_line' id='line_1_57' title="bbox 1913 2939 3512 3025; baseline -0.01 -16"><span class='ocrx_word' id='word_1_426' title='bbox 1913 2960 2092 3009; x_wconf 88' lang='lat' dir='ltr'>torem</span> <span class='ocrx_word' id='word_1_427' title='bbox 2142 2955 2362 3025; x_wconf 83' lang='lat' dir='ltr'>egregie</span> <span class='ocrx_word' id='word_1_428' title='bbox 2405 2951 2796 3024; x_wconf 88' lang='lat' dir='ltr'>propugnavit.</span> <span class='ocrx_word' id='word_1_429' title='bbox 2851 2951 2995 3004; x_wconf 89' lang='lat' dir='ltr'>Nam</span> <span class='ocrx_word' id='word_1_430' title='bbox 3028 2943 3374 3001; x_wconf 79' lang='lat' dir='ltr'>Roscelinus,</span> <span class='ocrx_word' id='word_1_431' title='bbox 3415 2939 3512 3010; x_wconf 90' lang='lat' dir='ltr'>qui</span> 
     </span>
    </p>
   </div>
   <div class='ocr_carea' id='block_1_58' title="bbox 223 3035 3512 3120">
    <p class='ocr_par' dir='ltr' id='par_1_58' title="bbox 223 3035 3512 3120">
     <span class='ocr_line' id='line_1_58' title="bbox 223 3035 3512 3120; baseline -0.005 -23"><span class='ocrx_word' id='word_1_432' title='bbox 223 3049 338 3097; x_wconf 78' lang='lat' dir='ltr'>tem</span> <span class='ocrx_word' id='word_1_433' title='bbox 379 3043 613 3108; x_wconf 90' lang='lat' dir='ltr'>librum,</span> <span class='ocrx_word' id='word_1_434' title='bbox 655 3064 677 3094; x_wconf 70' lang='grc' dir='ltr'><strong><em>ι</em></strong></span> <span class='ocrx_word' id='word_1_435' title='bbox 710 3060 875 3114; x_wconf 90' lang='lat' dir='ltr'>quem</span> <span class='ocrx_word' id='word_1_436' title='bbox 907 3043 975 3097; x_wconf 91' lang='lat' dir='ltr'>ab</span> <span class='ocrx_word' id='word_1_437' title='bbox 1017 3044 1136 3115; x_wconf 91' lang='lat' dir='ltr'>ipso</span> <span class='ocrx_word' id='word_1_438' title='bbox 1168 3045 1473 3100; x_wconf 80' lang='lat' dir='ltr'>Lanfranco</span> <span class='ocrx_word' id='word_1_439' title='bbox 1507 3066 1533 3098; x_wconf 82' lang='lat'><strong>«</strong></span> <span class='ocrx_word' id='word_1_440' title='bbox 1559 3046 1834 3102; x_wconf 88' lang='lat' dir='ltr'>Scintilla-</span> <span class='ocrx_word' id='word_1_441' title='bbox 1855 3049 2030 3120; x_wconf 75' lang='lat' dir='ltr'>ctres</span> <span class='ocrx_word' id='word_1_442' title='bbox 2063 3060 2332 3113; x_wconf 80' lang='lat' dir='ltr'>personas</span> <span class='ocrx_word' id='word_1_443' title='bbox 2363 3041 2728 3096; x_wconf 74' lang='lat' dir='ltr'>sanctissimae</span> <span class='ocrx_word' id='word_1_444' title='bbox 2747 3035 3036 3092; x_wconf 89' lang='lat' dir='ltr'>Trinitatis</span> <span class='ocrx_word' id='word_1_445' title='bbox 3058 3041 3170 3087; x_wconf 88' lang='lat' dir='ltr'>tres</span> <span class='ocrx_word' id='word_1_446' title='bbox 3195 3043 3512 3120; x_wconf 29' lang='lat' dir='ltr'>resesse-eo</span> 
     </span>
    </p>
   </div>
   <div class='ocr_carea' id='block_1_59' title="bbox 227 3130 1363 3186">
    <p class='ocr_par' dir='ltr' id='par_1_59' title="bbox 227 3130 1363 3186">
     <span class='ocr_line' id='line_1_59' title="bbox 227 3130 1363 3186; baseline 0.001 -1"><span class='ocrx_word' id='word_1_447' title='bbox 227 3147 354 3185; x_wconf 85' lang='lat' dir='ltr'>rum</span> <span class='ocrx_word' id='word_1_448' title='bbox 392 3151 416 3181; x_wconf 70' lang='grc' dir='ltr'><strong><em>ι</em></strong></span> <span class='ocrx_word' id='word_1_449' title='bbox 455 3131 633 3184; x_wconf 88' lang='lat' dir='ltr'>fuisse</span> <span class='ocrx_word' id='word_1_450' title='bbox 666 3150 686 3180; x_wconf 77' lang='grc' dir='ltr'>ι</span> <span class='ocrx_word' id='word_1_451' title='bbox 712 3130 1057 3184; x_wconf 88' lang='lat' dir='ltr'>intitulatum</span> <span class='ocrx_word' id='word_1_452' title='bbox 1093 3153 1118 3186; x_wconf 78' lang='lat'><strong>»</strong></span> <span class='ocrx_word' id='word_1_453' title='bbox 1150 3133 1363 3186; x_wconf 88' lang='lat' dir='ltr'>scribit.</span> 
     </span>
    </p>
   </div>
   <div class='ocr_carea' id='block_1_60' title="bbox 296 3220 1830 3293">
    <p class='ocr_par' dir='ltr' id='par_1_60' title="bbox 296 3220 1830 3293">
     <span class='ocr_line' id='line_1_60' title="bbox 296 3220 1830 3293; baseline 0.002 -20"><span class='ocrx_word' id='word_1_454' title='bbox 296 3220 347 3273; x_wconf 89' lang='grc'>6.</span> <span class='ocrx_word' id='word_1_455' title='bbox 382 3221 582 3274; x_wconf 59' lang='lat' dir='ltr'>Tantae</span> <span class='ocrx_word' id='word_1_456' title='bbox 601 3220 868 3273; x_wconf 81' lang='lat' dir='ltr'>doctrinae</span> <span class='ocrx_word' id='word_1_457' title='bbox 887 3221 1034 3274; x_wconf 88' lang='lat' dir='ltr'>fama</span> <span class='ocrx_word' id='word_1_458' title='bbox 1061 3237 1160 3292; x_wconf 87' lang='lat' dir='ltr'>per</span> <span class='ocrx_word' id='word_1_459' title='bbox 1189 3227 1367 3275; x_wconf 87' lang='lat' dir='ltr'>totam</span> <span class='ocrx_word' id='word_1_460' title='bbox 1398 3223 1677 3292; x_wconf 89' lang='lat' dir='ltr'>Europam</span> <span class='ocrx_word' id='word_1_461' title='bbox 1700 3239 1830 3293; x_wconf 90' lang='lat' dir='ltr'>per-</span> 
     </span>
    </p>
   </div>
   <div class='ocr_carea' id='block_1_61' title="bbox 225 3307 1828 3380">
    <p class='ocr_par' dir='ltr' id='par_1_61' title="bbox 225 3307 1828 3380">
     <span class='ocr_line' id='line_1_61' title="bbox 225 3307 1828 3380; baseline 0.003 -20"><span class='ocrx_word' id='word_1_462' title='bbox 225 3323 430 3376; x_wconf 87' lang='lat' dir='ltr'>agrans</span> <span class='ocrx_word' id='word_1_463' title='bbox 485 3307 760 3378; x_wconf 91' lang='lat' dir='ltr'>plurimos</span> <span class='ocrx_word' id='word_1_464' title='bbox 791 3307 1092 3378; x_wconf 90' lang='lat' dir='ltr'>discipulos</span> <span class='ocrx_word' id='word_1_465' title='bbox 1148 3309 1460 3364; x_wconf 87' lang='lat' dir='ltr'>Lanfranco</span> <span class='ocrx_word' id='word_1_466' title='bbox 1515 3311 1828 3380; x_wconf 89' lang='lat' dir='ltr'>acquisivit,</span> 
     </span>
    </p>
   </div>
   <div class='ocr_carea' id='block_1_62' title="bbox 226 3397 1833 3468">
    <p class='ocr_par' dir='ltr' id='par_1_62' title="bbox 226 3397 1833 3468">
     <span class='ocr_line' id='line_1_62' title="bbox 226 3397 1833 3468; baseline 0.002 -19"><span class='ocrx_word' id='word_1_467' title='bbox 226 3397 472 3467; x_wconf 88' lang='lat' dir='ltr'>hincque</span> <span class='ocrx_word' id='word_1_468' title='bbox 502 3397 778 3450; x_wconf 89' lang='lat' dir='ltr'>Beccense</span> <span class='ocrx_word' id='word_1_469' title='bbox 823 3397 1158 3463; x_wconf 69' lang='lat' dir='ltr'>caznobium,</span> <span class='ocrx_word' id='word_1_470' title='bbox 1193 3399 1339 3468; x_wconf 89' lang='lat' dir='ltr'>quod</span> <span class='ocrx_word' id='word_1_471' title='bbox 1371 3399 1634 3468; x_wconf 86' lang='lat' dir='ltr'>exiguum</span> <span class='ocrx_word' id='word_1_472' title='bbox 1665 3405 1833 3454; x_wconf 89' lang='lat' dir='ltr'>antea</span> 
     </span>
    </p>
   </div>
   <div class='ocr_carea' id='block_1_63' title="bbox 225 3469 1833 3555">
    <p class='ocr_par' dir='ltr' id='par_1_63' title="bbox 225 3469 1833 3555">
     <span class='ocr_line' id='line_1_63' title="bbox 225 3469 1833 3555; baseline 0.002 -19"><span class='ocrx_word' id='word_1_473' title='bbox 225 3489 347 3536; x_wconf 85' lang='lat' dir='ltr'>erat</span> <span class='ocrx_word' id='word_1_474' title='bbox 373 3490 433 3536; x_wconf 91' lang='lat' dir='ltr'>et</span> <span class='ocrx_word' id='word_1_475' title='bbox 462 3483 552 3536; x_wconf 85' lang='lat' dir='ltr'>vix</span> <span class='ocrx_word' id='word_1_476' title='bbox 584 3487 800 3547; x_wconf 91' lang='lat' dir='ltr'>notum,</span> <span class='ocrx_word' id='word_1_477' title='bbox 860 3482 1011 3536; x_wconf 91' lang='lat' dir='ltr'>brevi</span> <span class='ocrx_word' id='word_1_478' title='bbox 1051 3484 1252 3554; x_wconf 89' lang='lat' dir='ltr'>amplis</span> <span class='ocrx_word' id='word_1_479' title='bbox 1291 3469 1736 3555; x_wconf 87' lang='lat' dir='ltr'>possessionibus</span> <span class='ocrx_word' id='word_1_480' title='bbox 1776 3491 1833 3540; x_wconf 88' lang='lat' dir='ltr'>et</span> 
     </span>
    </p>
   </div>
   <div class='ocr_carea' id='block_1_64' title="bbox 224 3571 1832 3630">
    <p class='ocr_par' dir='ltr' id='par_1_64' title="bbox 224 3571 1832 3630">
     <span class='ocr_line' id='line_1_64' title="bbox 224 3571 1832 3630; baseline 0.003 -6"><span class='ocrx_word' id='word_1_481' title='bbox 224 3572 634 3626; x_wconf 84' lang='lat' dir='ltr'>monachorum</span> <span class='ocrx_word' id='word_1_482' title='bbox 659 3587 896 3625; x_wconf 87' lang='lat' dir='ltr'>numero</span> <span class='ocrx_word' id='word_1_483' title='bbox 928 3571 1143 3626; x_wconf 91' lang='lat' dir='ltr'>celebre</span> <span class='ocrx_word' id='word_1_484' title='bbox 1177 3573 1368 3627; x_wconf 89' lang='lat' dir='ltr'>evasit.</span> <span class='ocrx_word' id='word_1_485' title='bbox 1403 3575 1522 3628; x_wconf 91' lang='lat' dir='ltr'>Imo</span> <span class='ocrx_word' id='word_1_486' title='bbox 1553 3576 1832 3630; x_wconf 87' lang='lat' dir='ltr'>Norman-</span> 
     </span>
    </p>
   </div>
   <div class='ocr_carea' id='block_1_65' title="bbox 224 3660 1828 3732">
    <p class='ocr_par' dir='ltr' id='par_1_65' title="bbox 224 3660 1828 3732">
     <span class='ocr_line' id='line_1_65' title="bbox 224 3660 1828 3732; baseline 0.003 -19"><span class='ocrx_word' id='word_1_487' title='bbox 224 3660 332 3724; x_wconf 92' lang='lat' dir='ltr'>nia,</span> <span class='ocrx_word' id='word_1_488' title='bbox 369 3677 496 3730; x_wconf 60' lang='lat' dir='ltr'>quae</span> <span class='ocrx_word' id='word_1_489' title='bbox 537 3661 647 3713; x_wconf 90' lang='lat' dir='ltr'>huc</span> <span class='ocrx_word' id='word_1_490' title='bbox 678 3677 857 3730; x_wconf 90' lang='lat' dir='ltr'>usque</span> <span class='ocrx_word' id='word_1_491' title='bbox 904 3660 1220 3716; x_wconf 89' lang='lat' dir='ltr'>litterarum</span> <span class='ocrx_word' id='word_1_492' title='bbox 1263 3679 1460 3732; x_wconf 86' lang='lat' dir='ltr'>expers</span> <span class='ocrx_word' id='word_1_493' title='bbox 1499 3662 1828 3728; x_wconf 89' lang='lat' dir='ltr'>habebatur,</span> 
     </span>
    </p>
   </div>
   <div class='ocr_carea' id='block_1_66' title="bbox 223 3747 1832 3822">
    <p class='ocr_par' dir='ltr' id='par_1_66' title="bbox 223 3747 1832 3822">
     <span class='ocr_line' id='line_1_66' title="bbox 223 3747 1832 3822; baseline 0.002 -19"><span class='ocrx_word' id='word_1_494' title='bbox 223 3749 534 3803; x_wconf 88' lang='lat' dir='ltr'>Lanfranco</span> <span class='ocrx_word' id='word_1_495' title='bbox 566 3747 840 3818; x_wconf 89' lang='lat' dir='ltr'>magistro</span> <span class='ocrx_word' id='word_1_496' title='bbox 870 3749 950 3802; x_wconf 88' lang='lat' dir='ltr'>ita</span> <span class='ocrx_word' id='word_1_497' title='bbox 974 3750 1207 3819; x_wconf 86' lang='lat' dir='ltr'>profecit</span> <span class='ocrx_word' id='word_1_498' title='bbox 1231 3756 1294 3804; x_wconf 91' lang='lat' dir='ltr'>ut</span> <span class='ocrx_word' id='word_1_499' title='bbox 1324 3757 1518 3822; x_wconf 87' lang='lat' dir='ltr'>postea</span> <span class='ocrx_word' id='word_1_500' title='bbox 1546 3752 1680 3806; x_wconf 89' lang='lat' dir='ltr'>viris</span> <span class='ocrx_word' id='word_1_501' title='bbox 1701 3769 1832 3807; x_wconf 91' lang='lat' dir='ltr'>eru-</span> 
     </span>
    </p>
   </div>
   <div class='ocr_carea' id='block_1_67' title="bbox 224 3837 1832 3897">
    <p class='ocr_par' dir='ltr' id='par_1_67' title="bbox 224 3837 1832 3897">
     <span class='ocr_line' id='line_1_67' title="bbox 224 3837 1832 3897; baseline 0.004 -7"><span class='ocrx_word' id='word_1_502' title='bbox 224 3837 436 3891; x_wconf 87' lang='lat' dir='ltr'>ditione</span> <span class='ocrx_word' id='word_1_503' title='bbox 458 3842 518 3890; x_wconf 88' lang='lat' dir='ltr'>et</span> <span class='ocrx_word' id='word_1_504' title='bbox 555 3837 812 3890; x_wconf 89' lang='lat' dir='ltr'>doctrina</span> <span class='ocrx_word' id='word_1_505' title='bbox 866 3838 1081 3892; x_wconf 83' lang='lat' dir='ltr'>eximiis</span> <span class='ocrx_word' id='word_1_506' title='bbox 1122 3838 1506 3894; x_wconf 87' lang='lat' dir='ltr'>abundaverit.</span> <span class='ocrx_word' id='word_1_507' title='bbox 1549 3841 1627 3894; x_wconf 93' lang='lat' dir='ltr'>Ea</span> <span class='ocrx_word' id='word_1_508' title='bbox 1665 3842 1733 3894; x_wconf 94' lang='lat' dir='ltr'>de</span> <span class='ocrx_word' id='word_1_509' title='bbox 1772 3859 1832 3897; x_wconf 90' lang='lat' dir='ltr'>re</span> 
     </span>
    </p>
   </div>
   <div class='ocr_carea' id='block_1_68' title="bbox 226 3925 1830 3991">
    <p class='ocr_par' dir='ltr' id='par_1_68' title="bbox 226 3925 1830 3991">
     <span class='ocr_line' id='line_1_68' title="bbox 226 3925 1830 3991; baseline 0.002 -12"><span class='ocrx_word' id='word_1_510' title='bbox 226 3926 543 3980; x_wconf 87' lang='lat' dir='ltr'>audiendus</span> <span class='ocrx_word' id='word_1_511' title='bbox 565 3925 867 3980; x_wconf 90' lang='lat' dir='ltr'>Ordericus</span> <span class='ocrx_word' id='word_1_512' title='bbox 892 3927 1110 3991; x_wconf 83' lang='lat' dir='ltr'>Vitalis,</span> <span class='ocrx_word' id='word_1_513' title='bbox 1127 3927 1267 3982; x_wconf 88' lang='lat' dir='ltr'>libro</span> <span class='ocrx_word' id='word_1_514' title='bbox 1299 3943 1354 3982; x_wconf 86' lang='lat' dir='ltr'>Iv</span> <span class='ocrx_word' id='word_1_515' title='bbox 1384 3929 1644 3983; x_wconf 70' lang='lat' dir='ltr'>Historia}</span> <span class='ocrx_word' id='word_1_516' title='bbox 1659 3931 1830 3984; x_wconf 91' lang='lat' dir='ltr'>eccle-</span> 
     </span>
    </p>
   </div>
   <div class='ocr_carea' id='block_1_69' title="bbox 227 4013 1830 4081">
    <p class='ocr_par' dir='ltr' id='par_1_69' title="bbox 227 4013 1830 4081">
     <span class='ocr_line' id='line_1_69' title="bbox 227 4013 1830 4081; baseline 0.003 -15"><span class='ocrx_word' id='word_1_517' title='bbox 227 4014 488 4081; x_wconf 69' lang='lat' dir='ltr'>siasticae,</span> <span class='ocrx_word' id='word_1_518' title='bbox 519 4013 615 4068; x_wconf 91' lang='lat' dir='ltr'>ubi</span> <span class='ocrx_word' id='word_1_519' title='bbox 645 4014 714 4068; x_wconf 93' lang='lat' dir='ltr'>de</span> <span class='ocrx_word' id='word_1_520' title='bbox 743 4013 1053 4068; x_wconf 86' lang='lat' dir='ltr'>Lanfranco</span> <span class='ocrx_word' id='word_1_521' title='bbox 1084 4016 1199 4070; x_wconf 61' lang='lat' dir='ltr'>haec</span> <span class='ocrx_word' id='word_1_522' title='bbox 1229 4015 1398 4070; x_wconf 89' lang='lat' dir='ltr'>habet</span> <span class='ocrx_word' id='word_1_523' title='bbox 1432 4035 1444 4070; x_wconf 90' lang='lat'><strong>:</strong></span> <span class='ocrx_word' id='word_1_524' title='bbox 1475 4036 1500 4069; x_wconf 77' lang='grc' dir='ltr'>ς(</span> <span class='ocrx_word' id='word_1_525' title='bbox 1535 4017 1830 4071; x_wconf 85' lang='lat' dir='ltr'>Coenobio-</span> 
     </span>
    </p>
   </div>
   <div class='ocr_carea' id='block_1_70' title="bbox 229 4103 1832 4178">
    <p class='ocr_par' dir='ltr' id='par_1_70' title="bbox 229 4103 1832 4178">
     <span class='ocr_line' id='line_1_70' title="bbox 229 4103 1832 4178; baseline 0.003 -22"><span class='ocrx_word' id='word_1_526' title='bbox 229 4103 344 4157; x_wconf 87' lang='lat' dir='ltr'>lum</span> <span class='ocrx_word' id='word_1_527' title='bbox 380 4105 658 4158; x_wconf 90' lang='lat' dir='ltr'>Beccense</span> <span class='ocrx_word' id='word_1_528' title='bbox 689 4103 748 4157; x_wconf 91' lang='lat' dir='ltr'>in</span> <span class='ocrx_word' id='word_1_529' title='bbox 777 4104 1124 4158; x_wconf 89' lang='lat' dir='ltr'>Normannia</span> <span class='ocrx_word' id='word_1_530' title='bbox 1153 4105 1255 4159; x_wconf 92' lang='lat' dir='ltr'>loci</span> <span class='ocrx_word' id='word_1_531' title='bbox 1289 4105 1400 4160; x_wconf 93' lang='lat' dir='ltr'>situ</span> <span class='ocrx_word' id='word_1_532' title='bbox 1423 4111 1480 4159; x_wconf 91' lang='lat' dir='ltr'>et</span> <span class='ocrx_word' id='word_1_533' title='bbox 1501 4111 1832 4178; x_wconf 80' lang='lat' dir='ltr'>paupertate</span> 
     </span>
    </p>
   </div>
   <div class='ocr_carea' id='block_1_71' title="bbox 1913 3117 3513 3201">
    <p class='ocr_par' dir='ltr' id='par_1_71' title="bbox 1913 3117 3513 3201">
     <span class='ocr_line' id='line_1_71' title="bbox 1913 3117 3513 3201; baseline -0.011 -15"><span class='ocrx_word' id='word_1_534' title='bbox 1913 3131 2079 3186; x_wconf 92' lang='lat' dir='ltr'>modo</span> <span class='ocrx_word' id='word_1_535' title='bbox 2111 3131 2256 3201; x_wconf 90' lang='lat' dir='ltr'>quod</span> <span class='ocrx_word' id='word_1_536' title='bbox 2291 3136 2410 3184; x_wconf 89' lang='lat' dir='ltr'>tres</span> <span class='ocrx_word' id='word_1_537' title='bbox 2435 3128 2617 3198; x_wconf 90' lang='lat' dir='ltr'>angeli</span> <span class='ocrx_word' id='word_1_538' title='bbox 2639 3133 2755 3182; x_wconf 90' lang='lat' dir='ltr'>tres</span> <span class='ocrx_word' id='word_1_539' title='bbox 2781 3143 2871 3180; x_wconf 90' lang='lat' dir='ltr'>res</span> <span class='ocrx_word' id='word_1_540' title='bbox 2918 3127 3050 3178; x_wconf 90' lang='lat' dir='ltr'>sunt</span> <span class='ocrx_word' id='word_1_541' title='bbox 3095 3118 3400 3180; x_wconf 89' lang='lat' dir='ltr'>asserebat,</span> <span class='ocrx_word' id='word_1_542' title='bbox 3432 3117 3513 3170; x_wconf 91' lang='lat' dir='ltr'>ita</span> 
     </span>
    </p>
   </div>
   <div class='ocr_carea' id='block_1_72' title="bbox 1913 3208 3513 3284">
    <p class='ocr_par' dir='ltr' id='par_1_72' title="bbox 1913 3208 3513 3284">
     <span class='ocr_line' id='line_1_72' title="bbox 1913 3208 3513 3284; baseline -0.009 -10"><span class='ocrx_word' id='word_1_543' title='bbox 1913 3227 2104 3274; x_wconf 87' lang='lat' dir='ltr'>tamen</span> <span class='ocrx_word' id='word_1_544' title='bbox 2134 3226 2198 3274; x_wconf 89' lang='lat' dir='ltr'>ut</span> <span class='ocrx_word' id='word_1_545' title='bbox 2217 3237 2330 3274; x_wconf 85' lang='lat' dir='ltr'>una</span> <span class='ocrx_word' id='word_1_546' title='bbox 2361 3224 2508 3273; x_wconf 89' lang='lat' dir='ltr'>esset</span> <span class='ocrx_word' id='word_1_547' title='bbox 2535 3219 2594 3272; x_wconf 91' lang='lat' dir='ltr'>in</span> <span class='ocrx_word' id='word_1_548' title='bbox 2625 3217 2712 3270; x_wconf 88' lang='lat' dir='ltr'>his</span> <span class='ocrx_word' id='word_1_549' title='bbox 2758 3215 2937 3270; x_wconf 89' lang='lat' dir='ltr'>tribus</span> <span class='ocrx_word' id='word_1_550' title='bbox 2967 3212 3221 3284; x_wconf 88' lang='lat' dir='ltr'>personis</span> <span class='ocrx_word' id='word_1_551' title='bbox 3258 3208 3513 3262; x_wconf 79' lang='lat' dir='ltr'>voluntas</span> 
     </span>
    </p>
   </div>
   <div class='ocr_carea' id='block_1_73' title="bbox 1913 3297 3512 3380">
    <p class='ocr_par' dir='ltr' id='par_1_73' title="bbox 1913 3297 3512 3380">
     <span class='ocr_line' id='line_1_73' title="bbox 1913 3297 3512 3380; baseline -0.009 -18"><span class='ocrx_word' id='word_1_552' title='bbox 1913 3315 2012 3364; x_wconf 88' lang='lat' dir='ltr'>aut</span> <span class='ocrx_word' id='word_1_553' title='bbox 2032 3313 2296 3380; x_wconf 85' lang='lat' dir='ltr'>potestas,</span> <span class='ocrx_word' id='word_1_554' title='bbox 2331 3325 2395 3362; x_wconf 93' lang='lat' dir='ltr'>eo</span> <span class='ocrx_word' id='word_1_555' title='bbox 2421 3306 2782 3378; x_wconf 73' lang='lat' dir='ltr'>impudentiae</span> <span class='ocrx_word' id='word_1_556' title='bbox 2819 3305 3121 3358; x_wconf 90' lang='lat' dir='ltr'>devenerat</span> <span class='ocrx_word' id='word_1_557' title='bbox 3147 3305 3210 3354; x_wconf 92' lang='lat' dir='ltr'>ut</span> <span class='ocrx_word' id='word_1_558' title='bbox 3236 3297 3512 3353; x_wconf 85' lang='lat' dir='ltr'>Lanfran-</span> 
     </span>
    </p>
   </div>
   <div class='ocr_carea' id='block_1_74' title="bbox 1914 3392 3511 3464">
    <p class='ocr_par' dir='ltr' id='par_1_74' title="bbox 1914 3392 3511 3464">
     <span class='ocr_line' id='line_1_74' title="bbox 1914 3392 3511 3464; baseline -0.009 -11"><span class='ocrx_word' id='word_1_559' title='bbox 1914 3415 2040 3452; x_wconf 91' lang='lat' dir='ltr'>cum</span> <span class='ocrx_word' id='word_1_560' title='bbox 2063 3404 2120 3452; x_wconf 91' lang='lat' dir='ltr'>et</span> <span class='ocrx_word' id='word_1_561' title='bbox 2142 3398 2470 3452; x_wconf 90' lang='lat' dir='ltr'>Anselmum</span> <span class='ocrx_word' id='word_1_562' title='bbox 2499 3397 2585 3450; x_wconf 92' lang='lat' dir='ltr'>sui</span> <span class='ocrx_word' id='word_1_563' title='bbox 2606 3394 2885 3464; x_wconf 88' lang='lat' dir='ltr'>dogmatis</span> <span class='ocrx_word' id='word_1_564' title='bbox 2913 3392 3162 3446; x_wconf 88' lang='lat' dir='ltr'>fautores</span> <span class='ocrx_word' id='word_1_565' title='bbox 3192 3404 3314 3442; x_wconf 90' lang='lat' dir='ltr'>esse</span> <span class='ocrx_word' id='word_1_566' title='bbox 3352 3401 3511 3439; x_wconf 90' lang='lat' dir='ltr'>men-</span> 
     </span>
    </p>
   </div>
   <div class='ocr_carea' id='block_1_75' title="bbox 1913 3475 3510 3540">
    <p class='ocr_par' dir='ltr' id='par_1_75' title="bbox 1913 3475 3510 3540">
     <span class='ocr_line' id='line_1_75' title="bbox 1913 3475 3510 3540; baseline -0.009 1"><span class='ocrx_word' id='word_1_567' title='bbox 1913 3487 2134 3540; x_wconf 85' lang='lat' dir='ltr'>tiretur.</span> <span class='ocrx_word' id='word_1_568' title='bbox 2159 3488 2234 3540; x_wconf 88' lang='lat' dir='ltr'>At</span> <span class='ocrx_word' id='word_1_569' title='bbox 2258 3484 2504 3540; x_wconf 64' lang='lat' dir='ltr'>haeretici</span> <span class='ocrx_word' id='word_1_570' title='bbox 2525 3483 2838 3538; x_wconf 88' lang='lat' dir='ltr'>calumnias</span> <span class='ocrx_word' id='word_1_571' title='bbox 2868 3481 3089 3535; x_wconf 85' lang='lat' dir='ltr'>fortiter</span> <span class='ocrx_word' id='word_1_572' title='bbox 3104 3475 3366 3532; x_wconf 86' lang='lat' dir='ltr'>retutavit</span> <span class='ocrx_word' id='word_1_573' title='bbox 3393 3475 3510 3528; x_wconf 82' lang='lat' dir='ltr'>An-</span> 
     </span>
    </p>
   </div>
   <div class='ocr_carea' id='block_1_76' title="bbox 1914 3561 3508 3645">
    <p class='ocr_par' dir='ltr' id='par_1_76' title="bbox 1914 3561 3508 3645">
     <span class='ocr_line' id='line_1_76' title="bbox 1914 3561 3508 3645; baseline -0.009 -16"><span class='ocrx_word' id='word_1_574' title='bbox 1914 3576 2143 3639; x_wconf 90' lang='lat' dir='ltr'>selmus,</span> <span class='ocrx_word' id='word_1_575' title='bbox 2173 3581 2238 3629; x_wconf 90' lang='lat' dir='ltr'>ut</span> <span class='ocrx_word' id='word_1_576' title='bbox 2263 3579 2420 3645; x_wconf 87' lang='lat' dir='ltr'>patet</span> <span class='ocrx_word' id='word_1_577' title='bbox 2447 3589 2512 3627; x_wconf 89' lang='lat' dir='ltr'>ex</span> <span class='ocrx_word' id='word_1_578' title='bbox 2542 3574 2664 3642; x_wconf 91' lang='lat' dir='ltr'>ejus</span> <span class='ocrx_word' id='word_1_579' title='bbox 2702 3571 2943 3641; x_wconf 90' lang='lat' dir='ltr'>epistola</span> <span class='ocrx_word' id='word_1_580' title='bbox 2966 3569 3036 3623; x_wconf 93' lang='lat' dir='ltr'>ad</span> <span class='ocrx_word' id='word_1_581' title='bbox 3057 3568 3359 3622; x_wconf 88' lang='lat' dir='ltr'>Fulconem</span> <span class='ocrx_word' id='word_1_582' title='bbox 3382 3561 3508 3617; x_wconf 86' lang='lat' dir='ltr'>Bel-</span> 
     </span>
    </p>
   </div>
   <div class='ocr_carea' id='block_1_77' title="bbox 1914 3650 3509 3734">
    <p class='ocr_par' dir='ltr' id='par_1_77' title="bbox 1914 3650 3509 3734">
     <span class='ocr_line' id='line_1_77' title="bbox 1914 3650 3509 3734; baseline -0.009 -16"><span class='ocrx_word' id='word_1_583' title='bbox 1914 3681 2208 3718; x_wconf 80' lang='lat' dir='ltr'>vacensem</span> <span class='ocrx_word' id='word_1_584' title='bbox 2233 3664 2554 3734; x_wconf 88' lang='lat' dir='ltr'>episc0pum</span> <span class='ocrx_word' id='word_1_585' title='bbox 2604 3660 2833 3730; x_wconf 89' lang='lat' dir='ltr'>scripta,</span> <span class='ocrx_word' id='word_1_586' title='bbox 2857 3675 2981 3729; x_wconf 59' lang='lat' dir='ltr'>quas</span> <span class='ocrx_word' id='word_1_587' title='bbox 3017 3662 3103 3711; x_wconf 91' lang='lat' dir='ltr'>est</span> <span class='ocrx_word' id='word_1_588' title='bbox 3121 3653 3248 3710; x_wconf 92' lang='lat' dir='ltr'>libri</span> <span class='ocrx_word' id='word_1_589' title='bbox 3277 3650 3509 3734; x_wconf 87' lang='lat' dir='ltr'>secundi</span> 
     </span>
    </p>
   </div>
   <div class='ocr_carea' id='block_1_78' title="bbox 1913 3738 3511 3816">
    <p class='ocr_par' dir='ltr' id='par_1_78' title="bbox 1913 3738 3511 3816">
     <span class='ocr_line' id='line_1_78' title="bbox 1913 3738 3511 3816; baseline -0.009 -10"><span class='ocrx_word' id='word_1_590' title='bbox 1913 3766 2027 3816; x_wconf 77' lang='lat' dir='ltr'>XLI,</span> <span class='ocrx_word' id='word_1_591' title='bbox 2059 3751 2152 3806; x_wconf 89' lang='lat' dir='ltr'>ubi</span> <span class='ocrx_word' id='word_1_592' title='bbox 2182 3768 2310 3806; x_wconf 90' lang='lat' dir='ltr'>eum</span> <span class='ocrx_word' id='word_1_593' title='bbox 2344 3755 2538 3804; x_wconf 90' lang='lat' dir='ltr'>monet</span> <span class='ocrx_word' id='word_1_594' title='bbox 2567 3755 2628 3803; x_wconf 89' lang='lat' dir='ltr'>ut</span> <span class='ocrx_word' id='word_1_595' title='bbox 2648 3748 2946 3803; x_wconf 90' lang='lat' dir='ltr'>Lanfranci</span> <span class='ocrx_word' id='word_1_596' title='bbox 2978 3763 3042 3800; x_wconf 91' lang='lat' dir='ltr'>ac</span> <span class='ocrx_word' id='word_1_597' title='bbox 3100 3743 3188 3798; x_wconf 92' lang='lat' dir='ltr'>sui</span> <span class='ocrx_word' id='word_1_598' title='bbox 3234 3738 3511 3796; x_wconf 88' lang='lat' dir='ltr'>defensio-</span> 
     </span>
    </p>
   </div>
   <div class='ocr_carea' id='block_1_79' title="bbox 1914 3829 3511 3910">
    <p class='ocr_par' dir='ltr' id='par_1_79' title="bbox 1914 3829 3511 3910">
     <span class='ocr_line' id='line_1_79' title="bbox 1914 3829 3511 3910; baseline -0.008 -16"><span class='ocrx_word' id='word_1_599' title='bbox 1914 3857 2045 3894; x_wconf 89' lang='lat' dir='ltr'>nem</span> <span class='ocrx_word' id='word_1_600' title='bbox 2065 3840 2335 3910; x_wconf 90' lang='lat' dir='ltr'>suscipiat</span> <span class='ocrx_word' id='word_1_601' title='bbox 2370 3839 2427 3893; x_wconf 91' lang='lat' dir='ltr'>in</span> <span class='ocrx_word' id='word_1_602' title='bbox 2458 3838 2692 3893; x_wconf 90' lang='lat' dir='ltr'>concilio</span> <span class='ocrx_word' id='word_1_603' title='bbox 2723 3837 2872 3908; x_wconf 93' lang='lat' dir='ltr'>quod</span> <span class='ocrx_word' id='word_1_604' title='bbox 2902 3853 2968 3890; x_wconf 91' lang='lat' dir='ltr'>ea</span> <span class='ocrx_word' id='word_1_605' title='bbox 2999 3835 3068 3888; x_wconf 91' lang='lat' dir='ltr'>de</span> <span class='ocrx_word' id='word_1_606' title='bbox 3092 3850 3152 3886; x_wconf 90' lang='lat' dir='ltr'>re</span> <span class='ocrx_word' id='word_1_607' title='bbox 3183 3849 3217 3884; x_wconf 86' lang='lat' dir='ltr'>a</span> <span class='ocrx_word' id='word_1_608' title='bbox 3236 3829 3511 3884; x_wconf 86' lang='lat' dir='ltr'>Rainaldo</span> 
     </span>
    </p>
   </div>
   <div class='ocr_carea' id='block_1_80' title="bbox 1913 3917 3510 3998">
    <p class='ocr_par' dir='ltr' id='par_1_80' title="bbox 1913 3917 3510 3998">
     <span class='ocr_line' id='line_1_80' title="bbox 1913 3917 3510 3998; baseline -0.009 -15"><span class='ocrx_word' id='word_1_609' title='bbox 1913 3929 2218 3983; x_wconf 88' lang='lat' dir='ltr'>Remorum</span> <span class='ocrx_word' id='word_1_610' title='bbox 2266 3927 2684 3998; x_wconf 77' lang='lat' dir='ltr'>archiepiSCOpo</span> <span class='ocrx_word' id='word_1_611' title='bbox 2747 3924 2996 3996; x_wconf 85' lang='lat' dir='ltr'>proxime</span> <span class='ocrx_word' id='word_1_612' title='bbox 3055 3917 3510 3990; x_wconf 86' lang='lat' dir='ltr'>congregandum</span> 
     </span>
    </p>
   </div>
   <div class='ocr_carea' id='block_1_81' title="bbox 1913 4006 3512 4079">
    <p class='ocr_par' dir='ltr' id='par_1_81' title="bbox 1913 4006 3512 4079">
     <span class='ocr_line' id='line_1_81' title="bbox 1913 4006 3512 4079; baseline -0.008 -8"><span class='ocrx_word' id='word_1_613' title='bbox 1913 4023 2054 4072; x_wconf 90' lang='lat' dir='ltr'>erat.</span> <span class='ocrx_word' id='word_1_614' title='bbox 2083 4019 2171 4072; x_wconf 90' lang='lat' dir='ltr'>Ita</span> <span class='ocrx_word' id='word_1_615' title='bbox 2197 4033 2327 4070; x_wconf 91' lang='lat' dir='ltr'>vero</span> <span class='ocrx_word' id='word_1_616' title='bbox 2345 4016 2414 4070; x_wconf 92' lang='lat' dir='ltr'>de</span> <span class='ocrx_word' id='word_1_617' title='bbox 2443 4015 2740 4070; x_wconf 87' lang='lat' dir='ltr'>Lanfranci</span> <span class='ocrx_word' id='word_1_618' title='bbox 2769 4012 3024 4067; x_wconf 86' lang='lat' dir='ltr'>doctrina</span> <span class='ocrx_word' id='word_1_619' title='bbox 3048 4008 3328 4079; x_wconf 90' lang='lat' dir='ltr'>loquitur:</span> <span class='ocrx_word' id='word_1_620' title='bbox 3352 4023 3381 4058; x_wconf 75' lang='grc' dir='ltr'><strong>α</strong></span> <span class='ocrx_word' id='word_1_621' title='bbox 3410 4006 3512 4059; x_wconf 80' lang='lat' dir='ltr'>Ar-</span> 
     </span>
    </p>
   </div>
   <div class='ocr_carea' id='block_1_82' title="bbox 1914 4093 3511 4177">
    <p class='ocr_par' dir='ltr' id='par_1_82' title="bbox 1914 4093 3511 4177">
     <span class='ocr_line' id='line_1_82' title="bbox 1914 4093 3511 4177; baseline -0.008 -17"><span class='ocrx_word' id='word_1_622' title='bbox 1914 4106 2328 4177; x_wconf 86' lang='lat' dir='ltr'>chiepiscopum</span> <span class='ocrx_word' id='word_1_623' title='bbox 2361 4104 2588 4175; x_wconf 89' lang='lat' dir='ltr'>quidem</span> <span class='ocrx_word' id='word_1_624' title='bbox 2617 4103 2992 4158; x_wconf 86' lang='lat' dir='ltr'>Lanfrancum</span> <span class='ocrx_word' id='word_1_625' title='bbox 3027 4099 3142 4152; x_wconf 88' lang='lat' dir='ltr'>vita</span> <span class='ocrx_word' id='word_1_626' title='bbox 3169 4099 3295 4168; x_wconf 88' lang='lat' dir='ltr'>ejus</span> <span class='ocrx_word' id='word_1_627' title='bbox 3317 4093 3511 4149; x_wconf 91' lang='lat' dir='ltr'>multis</span> 
     </span>
    </p>
   </div>
   <div class='ocr_carea' id='block_1_83' title="bbox 230 4186 3513 4265">
    <p class='ocr_par' dir='ltr' id='par_1_83' title="bbox 230 4186 3513 4265">
     <span class='ocr_line' id='line_1_83' title="bbox 230 4186 3513 4265; baseline -0.002 -22"><span class='ocrx_word' id='word_1_628' title='bbox 230 4190 420 4261; x_wconf 83' lang='lat' dir='ltr'>elegit,</span> <span class='ocrx_word' id='word_1_629' title='bbox 445 4191 594 4261; x_wconf 89' lang='lat' dir='ltr'>quod</span> <span class='ocrx_word' id='word_1_630' title='bbox 623 4189 922 4261; x_wconf 89' lang='lat' dir='ltr'>prudentia</span> <span class='ocrx_word' id='word_1_631' title='bbox 941 4191 1117 4262; x_wconf 87' lang='lat' dir='ltr'>ipsius</span> <span class='ocrx_word' id='word_1_632' title='bbox 1137 4191 1676 4264; x_wconf 89' lang='lat' dir='ltr'>vigilantissimaque</span> <span class='ocrx_word' id='word_1_633' title='bbox 1697 4210 1833 4248; x_wconf 90' lang='lat' dir='ltr'>cura</span> <span class='ocrx_word' id='word_1_634' title='bbox 1916 4194 2192 4265; x_wconf 90' lang='lat' dir='ltr'>religiosis</span> <span class='ocrx_word' id='word_1_635' title='bbox 2211 4201 2268 4248; x_wconf 91' lang='lat' dir='ltr'>et</span> <span class='ocrx_word' id='word_1_636' title='bbox 2296 4191 2642 4264; x_wconf 88' lang='lat' dir='ltr'>sapientibus</span> <span class='ocrx_word' id='word_1_637' title='bbox 2662 4190 2792 4244; x_wconf 88' lang='lat' dir='ltr'>viris</span> <span class='ocrx_word' id='word_1_638' title='bbox 2821 4195 2973 4256; x_wconf 90' lang='lat' dir='ltr'>nota,</span> <span class='ocrx_word' id='word_1_639' title='bbox 2997 4187 3129 4259; x_wconf 88' lang='lat' dir='ltr'>quia</span> <span class='ocrx_word' id='word_1_640' title='bbox 3159 4186 3228 4240; x_wconf 91' lang='lat' dir='ltr'>de</span> <span class='ocrx_word' id='word_1_641' title='bbox 3265 4202 3330 4239; x_wconf 92' lang='lat' dir='ltr'>eo</span> <span class='ocrx_word' id='word_1_642' title='bbox 3361 4199 3513 4238; x_wconf 88' lang='lat' dir='ltr'>nun-</span> 
     </span>
    </p>
   </div>
   <div class='ocr_carea' id='block_1_84' title="bbox 231 4272 3512 4354">
    <p class='ocr_par' dir='ltr' id='par_1_84' title="bbox 231 4272 3512 4354">
     <span class='ocr_line' id='line_1_84' title="bbox 231 4272 3512 4354; baseline -0.002 -22"><span class='ocrx_word' id='word_1_643' title='bbox 231 4279 613 4350; x_wconf 89' lang='lat' dir='ltr'>locupletavit.</span> <span class='ocrx_word' id='word_1_644' title='bbox 648 4283 706 4332; x_wconf 90' lang='lat' dir='ltr'>et</span> <span class='ocrx_word' id='word_1_645' title='bbox 727 4279 785 4333; x_wconf 91' lang='lat' dir='ltr'>in</span> <span class='ocrx_word' id='word_1_646' title='bbox 817 4284 1026 4333; x_wconf 91' lang='lat' dir='ltr'>statum</span> <span class='ocrx_word' id='word_1_647' title='bbox 1057 4280 1423 4350; x_wconf 86' lang='lat' dir='ltr'>pulcherrimi</span> <span class='ocrx_word' id='word_1_648' title='bbox 1469 4281 1681 4336; x_wconf 90' lang='lat' dir='ltr'>ordinis</span> <span class='ocrx_word' id='word_1_649' title='bbox 1711 4298 1835 4353; x_wconf 90' lang='lat' dir='ltr'>pro-</span> <span class='ocrx_word' id='word_1_650' title='bbox 1916 4299 2082 4354; x_wconf 90' lang='lat' dir='ltr'>quam</span> <span class='ocrx_word' id='word_1_651' title='bbox 2114 4282 2328 4353; x_wconf 87' lang='lat' dir='ltr'>aliquid</span> <span class='ocrx_word' id='word_1_652' title='bbox 2357 4281 2468 4335; x_wconf 90' lang='lat' dir='ltr'>tale</span> <span class='ocrx_word' id='word_1_653' title='bbox 2488 4279 2695 4347; x_wconf 91' lang='lat' dir='ltr'>sonuit,</span> <span class='ocrx_word' id='word_1_654' title='bbox 2729 4279 2798 4333; x_wconf 85' lang='lat' dir='ltr'>ab</span> <span class='ocrx_word' id='word_1_655' title='bbox 2854 4280 2960 4333; x_wconf 91' lang='lat' dir='ltr'>hoc</span> <span class='ocrx_word' id='word_1_656' title='bbox 2989 4276 3221 4330; x_wconf 90' lang='lat' dir='ltr'>crimine</span> <span class='ocrx_word' id='word_1_657' title='bbox 3253 4272 3390 4328; x_wconf 90' lang='lat' dir='ltr'>satis</span> <span class='ocrx_word' id='word_1_658' title='bbox 3418 4289 3512 4326; x_wconf 87' lang='lat' dir='ltr'>ex-</span> 
     </span>
    </p>
   </div>
   <div class='ocr_carea' id='block_1_85' title="bbox 229 4362 3512 4441">
    <p class='ocr_par' dir='ltr' id='par_1_85' title="bbox 229 4362 3512 4441">
     <span class='ocr_line' id='line_1_85' title="bbox 229 4362 3512 4441; baseline -0.001 -23"><span class='ocrx_word' id='word_1_659' title='bbox 229 4369 466 4422; x_wconf 83' lang='lat' dir='ltr'>vexit....</span> <span class='ocrx_word' id='word_1_660' title='bbox 498 4371 705 4423; x_wconf 71' lang='lat' dir='ltr'>Coactu</span> <span class='ocrx_word' id='word_1_661' title='bbox 736 4367 1064 4422; x_wconf 88' lang='lat' dir='ltr'>obedientiae</span> <span class='ocrx_word' id='word_1_662' title='bbox 1089 4369 1158 4422; x_wconf 90' lang='lat' dir='ltr'>de</span> <span class='ocrx_word' id='word_1_663' title='bbox 1187 4370 1472 4424; x_wconf 90' lang='lat' dir='ltr'>claustrali</span> <span class='ocrx_word' id='word_1_664' title='bbox 1494 4370 1681 4440; x_wconf 90' lang='lat' dir='ltr'>quiete</span> <span class='ocrx_word' id='word_1_665' title='bbox 1709 4387 1897 4441; x_wconf 50' lang='lat' dir='ltr'>pro-ﬂ</span> <span class='ocrx_word' id='word_1_666' title='bbox 1916 4375 2094 4436; x_wconf 89' lang='lat' dir='ltr'>cusat,</span> <span class='ocrx_word' id='word_1_667' title='bbox 2121 4391 2149 4423; x_wconf 82' lang='lat'><strong>»</strong></span> <span class='ocrx_word' id='word_1_668' title='bbox 2173 4376 2278 4424; x_wconf 89' lang='lat' dir='ltr'>etc.</span> <span class='ocrx_word' id='word_1_669' title='bbox 2312 4371 2428 4424; x_wconf 85' lang='lat' dir='ltr'>Nec</span> <span class='ocrx_word' id='word_1_670' title='bbox 2454 4369 2660 4423; x_wconf 89' lang='lat' dir='ltr'>mirum</span> <span class='ocrx_word' id='word_1_671' title='bbox 2691 4374 2777 4422; x_wconf 87' lang='lat' dir='ltr'>est</span> <span class='ocrx_word' id='word_1_672' title='bbox 2803 4368 2860 4422; x_wconf 91' lang='lat' dir='ltr'>id</span> <span class='ocrx_word' id='word_1_673' title='bbox 2907 4365 3216 4422; x_wconf 88' lang='lat' dir='ltr'>Lanfranco</span> <span class='ocrx_word' id='word_1_674' title='bbox 3251 4362 3512 4420; x_wconf 89' lang='lat' dir='ltr'>defuncto</span> 
     </span>
    </p>
   </div>
   <div class='ocr_carea' id='block_1_86' title="bbox 229 4421 3506 4530">
    <p class='ocr_par' dir='ltr' id='par_1_86' title="bbox 229 4421 3506 4530">
     <span class='ocr_line' id='line_1_86' title="bbox 229 4421 3506 4530; baseline -0.002 -20"><span class='ocrx_word' id='word_1_675' title='bbox 229 4421 446 4510; x_wconf 85' lang='lat' dir='ltr'>tractus</span> <span class='ocrx_word' id='word_1_676' title='bbox 474 4421 747 4525; x_wconf 84' lang='lat' dir='ltr'>magister</span> <span class='ocrx_word' id='word_1_677' title='bbox 777 4457 1064 4527; x_wconf 83' lang='lat' dir='ltr'>processit,</span> <span class='ocrx_word' id='word_1_678' title='bbox 1093 4474 1203 4527; x_wconf 90' lang='lat' dir='ltr'>quo</span> <span class='ocrx_word' id='word_1_679' title='bbox 1229 4459 1462 4512; x_wconf 89' lang='lat' dir='ltr'>docente</span> <span class='ocrx_word' id='word_1_680' title='bbox 1493 4421 2219 4530; x_wconf 57' lang='lat' dir='ltr'>philosophi-Dimpaetum</span> <span class='ocrx_word' id='word_1_681' title='bbox 2246 4458 2418 4512; x_wconf 88' lang='lat' dir='ltr'>fuisse</span> <span class='ocrx_word' id='word_1_682' title='bbox 2449 4457 2596 4528; x_wconf 93' lang='lat' dir='ltr'>quod</span> <span class='ocrx_word' id='word_1_683' title='bbox 2622 4456 2728 4527; x_wconf 88' lang='lat' dir='ltr'>ipsi</span> <span class='ocrx_word' id='word_1_684' title='bbox 2756 4456 2938 4510; x_wconf 90' lang='lat' dir='ltr'>adhuc</span> <span class='ocrx_word' id='word_1_685' title='bbox 2959 4455 3019 4508; x_wconf 91' lang='lat' dir='ltr'>in</span> <span class='ocrx_word' id='word_1_686' title='bbox 3043 4453 3179 4507; x_wconf 81' lang='lat' dir='ltr'>vivis</span> <span class='ocrx_word' id='word_1_687' title='bbox 3206 4450 3394 4522; x_wconf 88' lang='lat' dir='ltr'>agenti</span> <span class='ocrx_word' id='word_1_688' title='bbox 3423 4449 3506 4502; x_wconf 83' lang='lat' dir='ltr'>fa-</span> 
     </span>
    </p>
   </div>
   <div class='ocr_carea' id='block_1_87' title="bbox 227 4537 3518 4613">
    <p class='ocr_par' dir='ltr' id='par_1_87' title="bbox 227 4537 3518 4613">
     <span class='ocr_line' id='line_1_87' title="bbox 227 4537 3518 4613; baseline -0.002 -15"><span class='ocrx_word' id='word_1_689' title='bbox 227 4561 420 4598; x_wconf 87' lang='lat' dir='ltr'>carum</span> <span class='ocrx_word' id='word_1_690' title='bbox 450 4561 518 4599; x_wconf 91' lang='lat' dir='ltr'>ac</span> <span class='ocrx_word' id='word_1_691' title='bbox 548 4544 864 4598; x_wconf 86' lang='lat' dir='ltr'>divinarum</span> <span class='ocrx_word' id='word_1_692' title='bbox 907 4545 1222 4599; x_wconf 88' lang='lat' dir='ltr'>litterarum</span> <span class='ocrx_word' id='word_1_693' title='bbox 1244 4546 1580 4601; x_wconf 92' lang='lat' dir='ltr'>bibliotheca</span> <span class='ocrx_word' id='word_1_694' title='bbox 1605 4547 1829 4603; x_wconf 77' lang='lat' dir='ltr'>eﬂ&#39;ulsit.</span> <span class='ocrx_word' id='word_1_695' title='bbox 1915 4554 2067 4601; x_wconf 89' lang='lat' dir='ltr'>ctum</span> <span class='ocrx_word' id='word_1_696' title='bbox 2095 4548 2298 4600; x_wconf 90' lang='lat' dir='ltr'>fuerat.</span> <span class='ocrx_word' id='word_1_697' title='bbox 2325 4545 2592 4600; x_wconf 86' lang='lat' dir='ltr'>Nonnulli</span> <span class='ocrx_word' id='word_1_698' title='bbox 2621 4544 2790 4610; x_wconf 90' lang='lat' dir='ltr'>enim,</span> <span class='ocrx_word' id='word_1_699' title='bbox 2825 4543 3010 4597; x_wconf 91' lang='lat' dir='ltr'>nescio</span> <span class='ocrx_word' id='word_1_700' title='bbox 3043 4559 3152 4613; x_wconf 90' lang='lat' dir='ltr'>quo</span> <span class='ocrx_word' id='word_1_701' title='bbox 3181 4539 3383 4612; x_wconf 90' lang='lat' dir='ltr'>spiritu</span> <span class='ocrx_word' id='word_1_702' title='bbox 3413 4537 3518 4592; x_wconf 86' lang='lat' dir='ltr'>du-</span> 
     </span>
    </p>
   </div>
   <div class='ocr_carea' id='block_1_88' title="bbox 227 4631 3508 4706">
    <p class='ocr_par' dir='ltr' id='par_1_88' title="bbox 227 4631 3508 4706">
     <span class='ocr_line' id='line_1_88' title="bbox 227 4631 3508 4706; baseline -0.002 -20"><span class='ocrx_word' id='word_1_703' title='bbox 227 4634 289 4687; x_wconf 92' lang='lat' dir='ltr'>In</span> <span class='ocrx_word' id='word_1_704' title='bbox 319 4640 564 4704; x_wconf 90' lang='lat' dir='ltr'>utraque</span> <span class='ocrx_word' id='word_1_705' title='bbox 583 4633 759 4686; x_wconf 90' lang='lat' dir='ltr'>nodos</span> <span class='ocrx_word' id='word_1_706' title='bbox 781 4633 1152 4703; x_wconf 77' lang='lat' dir='ltr'>quaestionum</span> <span class='ocrx_word' id='word_1_707' title='bbox 1171 4635 1384 4689; x_wconf 85' lang='lat' dir='ltr'>solvere</span> <span class='ocrx_word' id='word_1_708' title='bbox 1410 4636 1831 4706; x_wconf 89' lang='lat' dir='ltr'>potentissimus</span> <span class='ocrx_word' id='word_1_709' title='bbox 1913 4634 2004 4690; x_wconf 90' lang='lat' dir='ltr'>cti.</span> <span class='ocrx_word' id='word_1_710' title='bbox 2037 4651 2162 4689; x_wconf 90' lang='lat' dir='ltr'>eum</span> <span class='ocrx_word' id='word_1_711' title='bbox 2219 4634 2365 4704; x_wconf 89' lang='lat' dir='ltr'>apud</span> <span class='ocrx_word' id='word_1_712' title='bbox 2396 4635 2710 4688; x_wconf 89' lang='lat' dir='ltr'>Romanum</span> <span class='ocrx_word' id='word_1_713' title='bbox 2741 4632 3059 4704; x_wconf 87' lang='lat' dir='ltr'>pontiﬁcem</span> <span class='ocrx_word' id='word_1_714' title='bbox 3091 4631 3508 4690; x_wconf 89' lang='lat' dir='ltr'>accusaverant,</span> 
     </span>
    </p>
   </div>
   <div class='ocr_carea' id='block_1_89' title="bbox 225 4715 3509 4794">
    <p class='ocr_par' dir='ltr' id='par_1_89' title="bbox 225 4715 3509 4794">
     <span class='ocr_line' id='line_1_89' title="bbox 225 4715 3509 4794; baseline -0.002 -19"><span class='ocrx_word' id='word_1_715' title='bbox 225 4728 366 4776; x_wconf 91' lang='lat' dir='ltr'>erat.</span> <span class='ocrx_word' id='word_1_716' title='bbox 397 4723 517 4776; x_wconf 86' lang='lat' dir='ltr'>Hoc</span> <span class='ocrx_word' id='word_1_717' title='bbox 548 4721 821 4792; x_wconf 89' lang='lat' dir='ltr'>magistro</span> <span class='ocrx_word' id='word_1_718' title='bbox 877 4723 1138 4792; x_wconf 89' lang='lat' dir='ltr'>primitus</span> <span class='ocrx_word' id='word_1_719' title='bbox 1192 4724 1507 4778; x_wconf 90' lang='lat' dir='ltr'>Normanni</span> <span class='ocrx_word' id='word_1_720' title='bbox 1547 4725 1827 4778; x_wconf 84' lang='lat' dir='ltr'>litterato-</span> <span class='ocrx_word' id='word_1_721' title='bbox 1913 4722 2073 4794; x_wconf 89' lang='lat' dir='ltr'>quasi</span> <span class='ocrx_word' id='word_1_722' title='bbox 2094 4722 2416 4792; x_wconf 88' lang='lat' dir='ltr'>Berengarii</span> <span class='ocrx_word' id='word_1_723' title='bbox 2433 4721 2714 4776; x_wconf 90' lang='lat' dir='ltr'>erroribus</span> <span class='ocrx_word' id='word_1_724' title='bbox 2730 4721 3146 4784; x_wconf 84' lang='lat' dir='ltr'>faveret.Quam</span> <span class='ocrx_word' id='word_1_725' title='bbox 3168 4715 3509 4772; x_wconf 90' lang='lat' dir='ltr'>calumniam</span> 
     </span>
    </p>
   </div>
   <div class='ocr_carea' id='block_1_90' title="bbox 224 4810 1823 4881">
    <p class='ocr_par' dir='ltr' id='par_1_90' title="bbox 224 4810 1823 4881">
     <span class='ocr_line' id='line_1_90' title="bbox 224 4810 1823 4881; baseline 0.002 -18"><span class='ocrx_word' id='word_1_726' title='bbox 224 4810 363 4864; x_wconf 88' lang='lat' dir='ltr'>riam</span> <span class='ocrx_word' id='word_1_727' title='bbox 397 4817 579 4864; x_wconf 88' lang='lat' dir='ltr'>artem</span> <span class='ocrx_word' id='word_1_728' title='bbox 614 4811 951 4881; x_wconf 84' lang='lat' dir='ltr'>perscrutati</span> <span class='ocrx_word' id='word_1_729' title='bbox 979 4817 1128 4877; x_wconf 91' lang='lat' dir='ltr'>sunt,</span> <span class='ocrx_word' id='word_1_730' title='bbox 1172 4817 1228 4866; x_wconf 92' lang='lat' dir='ltr'>et</span> <span class='ocrx_word' id='word_1_731' title='bbox 1247 4813 1316 4866; x_wconf 91' lang='lat' dir='ltr'>de</span> <span class='ocrx_word' id='word_1_732' title='bbox 1344 4813 1532 4866; x_wconf 90' lang='lat' dir='ltr'>schola</span> <span class='ocrx_word' id='word_1_733' title='bbox 1562 4813 1823 4866; x_wconf 84' lang='lat' dir='ltr'>Beccensi</span> 
     </span>
    </p>
   </div>
   <div class='ocr_carea' id='block_1_91' title="bbox 223 4897 1826 4972">
    <p class='ocr_par' dir='ltr' id='par_1_91' title="bbox 223 4897 1826 4972">
     <span class='ocr_line' id='line_1_91' title="bbox 223 4897 1826 4972; baseline 0.002 -21"><span class='ocrx_word' id='word_1_734' title='bbox 223 4899 551 4970; x_wconf 89' lang='lat' dir='ltr'>eloquentes</span> <span class='ocrx_word' id='word_1_735' title='bbox 598 4897 657 4951; x_wconf 93' lang='lat' dir='ltr'>in</span> <span class='ocrx_word' id='word_1_736' title='bbox 705 4897 907 4951; x_wconf 90' lang='lat' dir='ltr'>divinis</span> <span class='ocrx_word' id='word_1_737' title='bbox 933 4906 989 4951; x_wconf 92' lang='lat' dir='ltr'>et</span> <span class='ocrx_word' id='word_1_738' title='bbox 1017 4899 1374 4954; x_wconf 74' lang='lat' dir='ltr'>saecularibus</span> <span class='ocrx_word' id='word_1_739' title='bbox 1403 4901 1664 4972; x_wconf 71' lang='lat' dir='ltr'>sophistae</span> <span class='ocrx_word' id='word_1_740' title='bbox 1702 4917 1826 4972; x_wconf 86' lang='lat' dir='ltr'>pro-</span> 
     </span>
    </p>
   </div>
   <div class='ocr_carea' id='block_1_92' title="bbox 225 4987 1828 5060">
    <p class='ocr_par' dir='ltr' id='par_1_92' title="bbox 225 4987 1828 5060">
     <span class='ocr_line' id='line_1_92' title="bbox 225 4987 1828 5060; baseline 0.002 -20"><span class='ocrx_word' id='word_1_741' title='bbox 225 4992 530 5041; x_wconf 88' lang='lat' dir='ltr'>cesserunt.</span> <span class='ocrx_word' id='word_1_742' title='bbox 550 4988 698 5041; x_wconf 84' lang='lat' dir='ltr'>Nam</span> <span class='ocrx_word' id='word_1_743' title='bbox 729 4993 899 5040; x_wconf 90' lang='lat' dir='ltr'>antea</span> <span class='ocrx_word' id='word_1_744' title='bbox 926 4987 1031 5041; x_wconf 91' lang='lat' dir='ltr'>sub</span> <span class='ocrx_word' id='word_1_745' title='bbox 1061 4993 1313 5060; x_wconf 89' lang='lat' dir='ltr'>tempore</span> <span class='ocrx_word' id='word_1_746' title='bbox 1342 5005 1437 5043; x_wconf 86' lang='lat' dir='ltr'>sex</span> <span class='ocrx_word' id='word_1_747' title='bbox 1457 4989 1660 5044; x_wconf 90' lang='lat' dir='ltr'>ducum</span> <span class='ocrx_word' id='word_1_748' title='bbox 1683 4990 1828 5044; x_wconf 81' lang='lat' dir='ltr'>Neu-</span> 
     </span>
    </p>
   </div>
   <div class='ocr_carea' id='block_1_93' title="bbox 228 5075 1828 5141">
    <p class='ocr_par' dir='ltr' id='par_1_93' title="bbox 228 5075 1828 5141">
     <span class='ocr_line' id='line_1_93' title="bbox 228 5075 1828 5141; baseline 0.003 -14"><span class='ocrx_word' id='word_1_749' title='bbox 228 5075 393 5141; x_wconf 69' lang='lat' dir='ltr'>striae,</span> <span class='ocrx_word' id='word_1_750' title='bbox 426 5075 514 5128; x_wconf 86' lang='lat' dir='ltr'>vix</span> <span class='ocrx_word' id='word_1_751' title='bbox 545 5075 698 5129; x_wconf 91' lang='lat' dir='ltr'>ullus</span> <span class='ocrx_word' id='word_1_752' title='bbox 749 5075 1206 5128; x_wconf 89' lang='lat' dir='ltr'>Normannorum</span> <span class='ocrx_word' id='word_1_753' title='bbox 1263 5075 1587 5131; x_wconf 90' lang='lat' dir='ltr'>liberalibus</span> <span class='ocrx_word' id='word_1_754' title='bbox 1625 5077 1828 5131; x_wconf 92' lang='lat' dir='ltr'>studiis</span> 
     </span>
    </p>
   </div>
   <div class='ocr_carea' id='block_1_94' title="bbox 228 5163 1830 5236">
    <p class='ocr_par' dir='ltr' id='par_1_94' title="bbox 228 5163 1830 5236">
     <span class='ocr_line' id='line_1_94' title="bbox 228 5163 1830 5236; baseline 0.001 -19"><span class='ocrx_word' id='word_1_755' title='bbox 228 5165 474 5229; x_wconf 78' lang='lat' dir='ltr'>adhaesit,</span> <span class='ocrx_word' id='word_1_756' title='bbox 532 5180 638 5217; x_wconf 87' lang='lat' dir='ltr'>nec</span> <span class='ocrx_word' id='word_1_757' title='bbox 694 5163 888 5216; x_wconf 90' lang='lat' dir='ltr'>doctor</span> <span class='ocrx_word' id='word_1_758' title='bbox 936 5163 1339 5229; x_wconf 88' lang='lat' dir='ltr'>inveniebatur,</span> <span class='ocrx_word' id='word_1_759' title='bbox 1367 5165 1542 5220; x_wconf 89' lang='lat' dir='ltr'>donec</span> <span class='ocrx_word' id='word_1_760' title='bbox 1579 5166 1830 5236; x_wconf 89' lang='lat' dir='ltr'>provisor</span> 
     </span>
    </p>
   </div>
   <div class='ocr_carea' id='block_1_95' title="bbox 228 5251 1824 5326">
    <p class='ocr_par' dir='ltr' id='par_1_95' title="bbox 228 5251 1824 5326">
     <span class='ocr_line' id='line_1_95' title="bbox 228 5251 1824 5326; baseline 0.003 -22"><span class='ocrx_word' id='word_1_761' title='bbox 228 5255 475 5308; x_wconf 88' lang='lat' dir='ltr'>omnium</span> <span class='ocrx_word' id='word_1_762' title='bbox 497 5253 650 5307; x_wconf 92' lang='lat' dir='ltr'>Deus</span> <span class='ocrx_word' id='word_1_763' title='bbox 666 5251 1060 5306; x_wconf 89' lang='lat' dir='ltr'>Normannicis</span> <span class='ocrx_word' id='word_1_764' title='bbox 1075 5253 1187 5306; x_wconf 90' lang='lat' dir='ltr'>oris</span> <span class='ocrx_word' id='word_1_765' title='bbox 1201 5253 1569 5308; x_wconf 78' lang='lat' dir='ltr'>Lanfrancum</span> <span class='ocrx_word' id='word_1_766' title='bbox 1589 5256 1824 5326; x_wconf 90' lang='lat' dir='ltr'>appulit.</span> 
     </span>
    </p>
   </div>
   <div class='ocr_carea' id='block_1_96' title="bbox 228 5339 1823 5415">
    <p class='ocr_par' dir='ltr' id='par_1_96' title="bbox 228 5339 1823 5415">
     <span class='ocr_line' id='line_1_96' title="bbox 228 5339 1823 5415; baseline 0.002 -21"><span class='ocrx_word' id='word_1_767' title='bbox 228 5340 394 5396; x_wconf 81' lang='lat' dir='ltr'>Fama</span> <span class='ocrx_word' id='word_1_768' title='bbox 417 5340 640 5413; x_wconf 65' lang='lat' dir='ltr'>peritiae</span> <span class='ocrx_word' id='word_1_769' title='bbox 661 5339 812 5393; x_wconf 90' lang='lat' dir='ltr'>illius</span> <span class='ocrx_word' id='word_1_770' title='bbox 830 5339 888 5392; x_wconf 93' lang='lat' dir='ltr'>in</span> <span class='ocrx_word' id='word_1_771' title='bbox 906 5344 1024 5394; x_wconf 90' lang='lat' dir='ltr'>tota</span> <span class='ocrx_word' id='word_1_772' title='bbox 1048 5341 1287 5394; x_wconf 89' lang='lat' dir='ltr'>ubertim</span> <span class='ocrx_word' id='word_1_773' title='bbox 1315 5343 1559 5396; x_wconf 89' lang='lat' dir='ltr'>innotuit</span> <span class='ocrx_word' id='word_1_774' title='bbox 1585 5344 1823 5415; x_wconf 84' lang='lat' dir='ltr'>Europa,</span> 
     </span>
    </p>
   </div>
   <div class='ocr_carea' id='block_1_97' title="bbox 227 5427 1827 5499">
    <p class='ocr_par' dir='ltr' id='par_1_97' title="bbox 227 5427 1827 5499">
     <span class='ocr_line' id='line_1_97' title="bbox 227 5427 1827 5499; baseline 0.002 -15"><span class='ocrx_word' id='word_1_775' title='bbox 227 5431 366 5485; x_wconf 90' lang='lat' dir='ltr'>unde</span> <span class='ocrx_word' id='word_1_776' title='bbox 404 5431 476 5485; x_wconf 91' lang='lat' dir='ltr'>ad</span> <span class='ocrx_word' id='word_1_777' title='bbox 544 5427 940 5499; x_wconf 86' lang='lat' dir='ltr'>magisterium</span> <span class='ocrx_word' id='word_1_778' title='bbox 979 5430 1098 5499; x_wconf 87' lang='lat' dir='ltr'>ejus</span> <span class='ocrx_word' id='word_1_779' title='bbox 1138 5429 1300 5484; x_wconf 90' lang='lat' dir='ltr'>multi</span> <span class='ocrx_word' id='word_1_780' title='bbox 1337 5437 1719 5486; x_wconf 83' lang='lat' dir='ltr'>convenerunt</span> <span class='ocrx_word' id='word_1_781' title='bbox 1757 5433 1827 5487; x_wconf 90' lang='lat' dir='ltr'>de</span> 
     </span>
    </p>
   </div>
   <div class='ocr_carea' id='block_1_98' title="bbox 225 5519 1826 5585">
    <p class='ocr_par' dir='ltr' id='par_1_98' title="bbox 225 5519 1826 5585">
     <span class='ocr_line' id='line_1_98' title="bbox 225 5519 1826 5585; baseline 0.002 -13"><span class='ocrx_word' id='word_1_782' title='bbox 225 5519 476 5585; x_wconf 83' lang='lat' dir='ltr'>Francia,</span> <span class='ocrx_word' id='word_1_783' title='bbox 510 5519 582 5572; x_wconf 92' lang='lat' dir='ltr'>de</span> <span class='ocrx_word' id='word_1_784' title='bbox 613 5519 932 5583; x_wconf 90' lang='lat' dir='ltr'>Wasconia,</span> <span class='ocrx_word' id='word_1_785' title='bbox 967 5519 1036 5572; x_wconf 91' lang='lat' dir='ltr'>de</span> <span class='ocrx_word' id='word_1_786' title='bbox 1068 5519 1376 5585; x_wconf 86' lang='lat' dir='ltr'>Britannia,</span> <span class='ocrx_word' id='word_1_787' title='bbox 1415 5536 1630 5575; x_wconf 90' lang='lat' dir='ltr'>necnon</span> <span class='ocrx_word' id='word_1_788' title='bbox 1660 5522 1826 5576; x_wconf 89' lang='lat' dir='ltr'>Flan-</span> 
     </span>
    </p>
   </div>
   <div class='ocr_carea' id='block_1_99' title="bbox 225 5605 1829 5680">
    <p class='ocr_par' dir='ltr' id='par_1_99' title="bbox 225 5605 1829 5680">
     <span class='ocr_line' id='line_1_99' title="bbox 225 5605 1829 5680; baseline 0.003 -20"><span class='ocrx_word' id='word_1_789' title='bbox 225 5607 357 5660; x_wconf 89' lang='lat' dir='ltr'>dria.</span> <span class='ocrx_word' id='word_1_790' title='bbox 372 5627 393 5656; x_wconf 72' lang='grc'>1</span> <span class='ocrx_word' id='word_1_791' title='bbox 424 5605 796 5662; x_wconf 86' lang='lat' dir='ltr'>Paucioribus</span> <span class='ocrx_word' id='word_1_792' title='bbox 823 5606 1006 5663; x_wconf 85' lang='lat' dir='ltr'>verbis</span> <span class='ocrx_word' id='word_1_793' title='bbox 1025 5608 1139 5662; x_wconf 79' lang='lat' dir='ltr'>haec</span> <span class='ocrx_word' id='word_1_794' title='bbox 1161 5608 1353 5662; x_wconf 87' lang='lat' dir='ltr'>eadem</span> <span class='ocrx_word' id='word_1_795' title='bbox 1373 5608 1562 5663; x_wconf 89' lang='lat' dir='ltr'>omnia</span> <span class='ocrx_word' id='word_1_796' title='bbox 1575 5611 1829 5680; x_wconf 86' lang='lat' dir='ltr'>exposuit</span> 
     </span>
    </p>
   </div>
   <div class='ocr_carea' id='block_1_100' title="bbox 1909 4806 3508 4881">
    <p class='ocr_par' dir='ltr' id='par_1_100' title="bbox 1909 4806 3508 4881">
     <span class='ocr_line' id='line_1_100' title="bbox 1909 4806 3508 4881; baseline -0.005 -16"><span class='ocrx_word' id='word_1_797' title='bbox 1909 4811 2066 4865; x_wconf 91' lang='lat' dir='ltr'>brevi</span> <span class='ocrx_word' id='word_1_798' title='bbox 2096 4827 2209 4864; x_wconf 93' lang='lat' dir='ltr'>non</span> <span class='ocrx_word' id='word_1_799' title='bbox 2238 4811 2419 4864; x_wconf 89' lang='lat' dir='ltr'>solum</span> <span class='ocrx_word' id='word_1_800' title='bbox 2465 4810 2709 4881; x_wconf 88' lang='lat' dir='ltr'>scriptis,</span> <span class='ocrx_word' id='word_1_801' title='bbox 2743 4810 2841 4864; x_wconf 89' lang='lat' dir='ltr'>sed</span> <span class='ocrx_word' id='word_1_802' title='bbox 2893 4808 3062 4862; x_wconf 90' lang='lat' dir='ltr'>etiam</span> <span class='ocrx_word' id='word_1_803' title='bbox 3103 4806 3284 4862; x_wconf 88' lang='lat' dir='ltr'>verbis</span> <span class='ocrx_word' id='word_1_804' title='bbox 3319 4820 3508 4860; x_wconf 87' lang='lat' dir='ltr'>coram</span> 
     </span>
    </p>
   </div>
   <div class='ocr_carea' id='block_1_101' title="bbox 1907 4893 3510 4969">
    <p class='ocr_par' dir='ltr' id='par_1_101' title="bbox 1907 4893 3510 4969">
     <span class='ocr_line' id='line_1_101' title="bbox 1907 4893 3510 4969; baseline -0.004 -16"><span class='ocrx_word' id='word_1_805' title='bbox 1907 4899 2123 4953; x_wconf 86' lang='lat' dir='ltr'>duobus</span> <span class='ocrx_word' id='word_1_806' title='bbox 2153 4898 2506 4969; x_wconf 83' lang='lat' dir='ltr'>pontiﬁcibus</span> <span class='ocrx_word' id='word_1_807' title='bbox 2527 4905 2584 4952; x_wconf 90' lang='lat' dir='ltr'>et</span> <span class='ocrx_word' id='word_1_808' title='bbox 2611 4898 2887 4952; x_wconf 86' lang='lat' dir='ltr'>universis</span> <span class='ocrx_word' id='word_1_809' title='bbox 2913 4897 3162 4968; x_wconf 90' lang='lat' dir='ltr'>synodis,</span> <span class='ocrx_word' id='word_1_810' title='bbox 3195 4903 3260 4951; x_wconf 92' lang='lat' dir='ltr'>ut</span> <span class='ocrx_word' id='word_1_811' title='bbox 3281 4897 3400 4966; x_wconf 90' lang='lat' dir='ltr'>jam</span> <span class='ocrx_word' id='word_1_812' title='bbox 3421 4893 3510 4946; x_wconf 88' lang='lat' dir='ltr'>di-</span> 
     </span>
    </p>
   </div>
   <div class='ocr_carea' id='block_1_102' title="bbox 1909 4985 3511 5058">
    <p class='ocr_par' dir='ltr' id='par_1_102' title="bbox 1909 4985 3511 5058">
     <span class='ocr_line' id='line_1_102' title="bbox 1909 4985 3511 5058; baseline -0.003 -17"><span class='ocrx_word' id='word_1_813' title='bbox 1909 4987 2113 5053; x_wconf 89' lang='lat' dir='ltr'>ximus,</span> <span class='ocrx_word' id='word_1_814' title='bbox 2141 4986 2365 5058; x_wconf 89' lang='lat' dir='ltr'>penitus</span> <span class='ocrx_word' id='word_1_815' title='bbox 2394 5003 2427 5040; x_wconf 90' lang='lat' dir='ltr'>a</span> <span class='ocrx_word' id='word_1_816' title='bbox 2457 5003 2516 5040; x_wconf 93' lang='lat' dir='ltr'>se</span> <span class='ocrx_word' id='word_1_817' title='bbox 2545 4986 2817 5053; x_wconf 84' lang='lat' dir='ltr'>removit;</span> <span class='ocrx_word' id='word_1_818' title='bbox 2873 4985 3060 5057; x_wconf 91' lang='lat' dir='ltr'>sicque</span> <span class='ocrx_word' id='word_1_819' title='bbox 3087 5007 3107 5038; x_wconf 70' lang='grc'><strong>(</strong></span> <span class='ocrx_word' id='word_1_820' title='bbox 3143 4985 3298 5056; x_wconf 91' lang='lat' dir='ltr'>pravi</span> <span class='ocrx_word' id='word_1_821' title='bbox 3327 4998 3511 5036; x_wconf 88' lang='lat' dir='ltr'>rumo-</span> 
     </span>
    </p>
   </div>
   <div class='ocr_carea' id='block_1_103' title="bbox 1909 5075 3511 5147">
    <p class='ocr_par' dir='ltr' id='par_1_103' title="bbox 1909 5075 3511 5147">
     <span class='ocr_line' id='line_1_103' title="bbox 1909 5075 3511 5147; baseline -0.002 -19"><span class='ocrx_word' id='word_1_822' title='bbox 1909 5075 2006 5142; x_wconf 89' lang='lat' dir='ltr'>ris,</span> <span class='ocrx_word' id='word_1_823' title='bbox 2043 5094 2068 5127; x_wconf 73' lang='lat' dir='ltr'>n</span> <span class='ocrx_word' id='word_1_824' title='bbox 2102 5082 2166 5130; x_wconf 92' lang='lat' dir='ltr'>ut</span> <span class='ocrx_word' id='word_1_825' title='bbox 2193 5077 2433 5147; x_wconf 89' lang='lat' dir='ltr'>ipsemet</span> <span class='ocrx_word' id='word_1_826' title='bbox 2460 5076 2708 5147; x_wconf 88' lang='lat' dir='ltr'>loquitur</span> <span class='ocrx_word' id='word_1_827' title='bbox 2732 5075 2791 5130; x_wconf 92' lang='lat' dir='ltr'>in</span> <span class='ocrx_word' id='word_1_828' title='bbox 2819 5075 3005 5129; x_wconf 90' lang='lat' dir='ltr'>libello</span> <span class='ocrx_word' id='word_1_829' title='bbox 3027 5081 3223 5130; x_wconf 90' lang='lat' dir='ltr'>contra</span> <span class='ocrx_word' id='word_1_830' title='bbox 3237 5075 3511 5142; x_wconf 89' lang='lat' dir='ltr'>Berenga-</span> 
     </span>
    </p>
   </div>
   <div class='ocr_carea' id='block_1_104' title="bbox 1910 5161 3509 5235">
    <p class='ocr_par' dir='ltr' id='par_1_104' title="bbox 1910 5161 3509 5235">
     <span class='ocr_line' id='line_1_104' title="bbox 1910 5161 3509 5235; baseline -0.003 -18"><span class='ocrx_word' id='word_1_831' title='bbox 1910 5164 2058 5218; x_wconf 91' lang='lat' dir='ltr'>rium</span> <span class='ocrx_word' id='word_1_832' title='bbox 2107 5181 2277 5235; x_wconf 90' lang='lat' dir='ltr'>supra</span> <span class='ocrx_word' id='word_1_833' title='bbox 2323 5165 2570 5231; x_wconf 89' lang='lat' dir='ltr'>laudato,</span> <span class='ocrx_word' id='word_1_834' title='bbox 2607 5184 2632 5217; x_wconf 89' lang='lat'>«</span> <span class='ocrx_word' id='word_1_835' title='bbox 2658 5177 2693 5218; x_wconf 86' lang='lat' dir='ltr'>&#39;a</span> <span class='ocrx_word' id='word_1_836' title='bbox 2739 5182 2800 5219; x_wconf 92' lang='lat' dir='ltr'>se</span> <span class='ocrx_word' id='word_1_837' title='bbox 2829 5165 3106 5220; x_wconf 89' lang='lat' dir='ltr'>maculam</span> <span class='ocrx_word' id='word_1_838' title='bbox 3148 5183 3173 5214; x_wconf 87' lang='lat'>»</span> <span class='ocrx_word' id='word_1_839' title='bbox 3225 5161 3509 5222; x_wconf 87' lang='lat' dir='ltr'>abstersit,</span> 
     </span>
    </p>
   </div>
   <div class='ocr_carea' id='block_1_105' title="bbox 1915 5249 3512 5325">
    <p class='ocr_par' dir='ltr' id='par_1_105' title="bbox 1915 5249 3512 5325">
     <span class='ocr_line' id='line_1_105' title="bbox 1915 5249 3512 5325; baseline -0.001 -21"><span class='ocrx_word' id='word_1_840' title='bbox 1915 5271 1940 5304; x_wconf 88' lang='lat'>«</span> <span class='ocrx_word' id='word_1_841' title='bbox 1973 5253 2140 5306; x_wconf 79' lang='lat' dir='ltr'>fidem</span> <span class='ocrx_word' id='word_1_842' title='bbox 2157 5269 2318 5307; x_wconf 90' lang='lat' dir='ltr'>suam</span> <span class='ocrx_word' id='word_1_843' title='bbox 2354 5273 2380 5306; x_wconf 82' lang='lat'>»</span> <span class='ocrx_word' id='word_1_844' title='bbox 2411 5254 2702 5324; x_wconf 91' lang='lat' dir='ltr'>exposuit;</span> <span class='ocrx_word' id='word_1_845' title='bbox 2735 5259 2904 5325; x_wconf 88' lang='lat' dir='ltr'>atque</span> <span class='ocrx_word' id='word_1_846' title='bbox 2934 5253 3081 5324; x_wconf 89' lang='lat' dir='ltr'>quod</span> <span class='ocrx_word' id='word_1_847' title='bbox 3110 5251 3248 5305; x_wconf 88' lang='lat' dir='ltr'>dixit</span> <span class='ocrx_word' id='word_1_848' title='bbox 3279 5269 3304 5303; x_wconf 73' lang='grc' dir='ltr'>α</span> <span class='ocrx_word' id='word_1_849' title='bbox 3335 5249 3512 5304; x_wconf 91' lang='lat' dir='ltr'>omni-</span> 
     </span>
    </p>
   </div>
   <div class='ocr_carea' id='block_1_106' title="bbox 1911 5339 3511 5414">
    <p class='ocr_par' dir='ltr' id='par_1_106' title="bbox 1911 5339 3511 5414">
     <span class='ocr_line' id='line_1_106' title="bbox 1911 5339 3511 5414; baseline 0 -21"><span class='ocrx_word' id='word_1_850' title='bbox 1911 5341 2015 5394; x_wconf 92' lang='lat' dir='ltr'>bus</span> <span class='ocrx_word' id='word_1_851' title='bbox 2045 5342 2276 5413; x_wconf 89' lang='lat' dir='ltr'>placuit,</span> <span class='ocrx_word' id='word_1_852' title='bbox 2301 5343 2441 5396; x_wconf 92' lang='lat' dir='ltr'>nulli</span> <span class='ocrx_word' id='word_1_853' title='bbox 2472 5343 2776 5414; x_wconf 90' lang='lat' dir='ltr'>displicuit.</span> <span class='ocrx_word' id='word_1_854' title='bbox 2807 5362 2828 5393; x_wconf 67' lang='lat'>»</span> <span class='ocrx_word' id='word_1_855' title='bbox 2860 5343 3127 5411; x_wconf 83' lang='lat' dir='ltr'>Magnum</span> <span class='ocrx_word' id='word_1_856' title='bbox 3158 5339 3397 5411; x_wconf 91' lang='lat' dir='ltr'>denique</span> <span class='ocrx_word' id='word_1_857' title='bbox 3425 5356 3511 5393; x_wconf 92' lang='lat' dir='ltr'>ar-</span> 
     </span>
    </p>
   </div>
   <div class='ocr_carea' id='block_1_107' title="bbox 1912 5429 3512 5501">
    <p class='ocr_par' dir='ltr' id='par_1_107' title="bbox 1912 5429 3512 5501">
     <span class='ocr_line' id='line_1_107' title="bbox 1912 5429 3512 5501; baseline 0 -17"><span class='ocrx_word' id='word_1_858' title='bbox 1912 5436 2247 5501; x_wconf 89' lang='lat' dir='ltr'>gumentum</span> <span class='ocrx_word' id='word_1_859' title='bbox 2283 5436 2370 5486; x_wconf 90' lang='lat' dir='ltr'>est</span> <span class='ocrx_word' id='word_1_860' title='bbox 2387 5432 2686 5486; x_wconf 87' lang='lat' dir='ltr'>Lanfranci</span> <span class='ocrx_word' id='word_1_861' title='bbox 2735 5431 3019 5496; x_wconf 72' lang='lat' dir='ltr'>doctrinae,</span> <span class='ocrx_word' id='word_1_862' title='bbox 3043 5429 3190 5500; x_wconf 89' lang='lat' dir='ltr'>quod</span> <span class='ocrx_word' id='word_1_863' title='bbox 3219 5434 3344 5501; x_wconf 87' lang='lat' dir='ltr'>post</span> <span class='ocrx_word' id='word_1_864' title='bbox 3390 5431 3512 5501; x_wconf 92' lang='lat' dir='ltr'>ejus</span> 
     </span>
    </p>
   </div>
   <div class='ocr_carea' id='block_1_108' title="bbox 1911 5518 3509 5592">
    <p class='ocr_par' dir='ltr' id='par_1_108' title="bbox 1911 5518 3509 5592">
     <span class='ocr_line' id='line_1_108' title="bbox 1911 5518 3509 5592; baseline -0.001 -19"><span class='ocrx_word' id='word_1_865' title='bbox 1911 5526 2151 5575; x_wconf 90' lang='lat' dir='ltr'>mortem</span> <span class='ocrx_word' id='word_1_866' title='bbox 2175 5521 2418 5592; x_wconf 91' lang='lat' dir='ltr'>episcopi</span> <span class='ocrx_word' id='word_1_867' title='bbox 2432 5521 2746 5591; x_wconf 86' lang='lat' dir='ltr'>Anglicani,</span> <span class='ocrx_word' id='word_1_868' title='bbox 2761 5519 2929 5573; x_wconf 89' lang='lat' dir='ltr'>simul</span> <span class='ocrx_word' id='word_1_869' title='bbox 2946 5518 3006 5572; x_wconf 90' lang='lat' dir='ltr'>in</span> <span class='ocrx_word' id='word_1_870' title='bbox 3021 5535 3196 5573; x_wconf 88' lang='lat' dir='ltr'>unum</span> <span class='ocrx_word' id='word_1_871' title='bbox 3217 5519 3275 5573; x_wconf 93' lang='lat' dir='ltr'>in</span> <span class='ocrx_word' id='word_1_872' title='bbox 3296 5519 3509 5590; x_wconf 82' lang='lat' dir='ltr'>synodo</span> 
     </span>
    </p>
   </div>
   <div class='ocr_carea' id='block_1_109' title="bbox 1911 5606 3504 5680">
    <p class='ocr_par' dir='ltr' id='par_1_109' title="bbox 1911 5606 3504 5680">
     <span class='ocr_line' id='line_1_109' title="bbox 1911 5606 3504 5680; baseline -0.002 -17"><span class='ocrx_word' id='word_1_873' title='bbox 1911 5609 2163 5677; x_wconf 90' lang='lat' dir='ltr'>adunati,</span> <span class='ocrx_word' id='word_1_874' title='bbox 2189 5627 2318 5665; x_wconf 87' lang='lat' dir='ltr'>eum</span> <span class='ocrx_word' id='word_1_875' title='bbox 2351 5630 2373 5662; x_wconf 72' lang='grc' dir='ltr'><strong>ε</strong></span> <span class='ocrx_word' id='word_1_876' title='bbox 2404 5610 2734 5680; x_wconf 85' lang='lat' dir='ltr'>Magistrum</span> <span class='ocrx_word' id='word_1_877' title='bbox 2766 5627 2792 5659; x_wconf 75' lang='grc' dir='ltr'>ι)</span> <span class='ocrx_word' id='word_1_878' title='bbox 2829 5623 2996 5663; x_wconf 91' lang='lat' dir='ltr'>suum</span> <span class='ocrx_word' id='word_1_879' title='bbox 3040 5606 3504 5680; x_wconf 89' lang='lat' dir='ltr'>nuncupaverint.</span> 
     </span>
    </p>
   </div>
  </div>
