3952 6356
461 311 532 369 27
1411 315 1469 371 B.
1516 316 1929 371 LANFRANCI
1970 309 2334 372 CANTUAR.
2369 312 2706 368 ARCHIEP.
3651 308 3721 365 ‘18

531 439 580 495 7.
601 441 872 511 Superest
883 445 948 495 ut
962 441 1313 513 inquiramus
1330 457 1439 513 quo
1458 457 1626 508 anno,
1659 457 1836 513 quove
1859 442 2118 502 menseA
2135 456 2225 494 res
2246 439 2379 493 data
2415 453 2585 508 opera
2614 437 2799 491 Vitam
2831 436 3010 492 sancti
3057 437 3357 494 Lanfranci
3384 435 3733 508 scripserint,

463 535 522 586 et
545 546 659 601 qua
682 529 910 584 tandem
941 530 1033 584 die
1089 531 1435 587 Lanfrancus
1480 548 1511 585 e
1538 531 1675 586 vivis
1723 532 2053 599 excesserit;

2139 528 2354 584 caeteris
2385 544 2452 582 ea
2471 527 2540 582 de
2567 543 2629 581 re
2657 542 2722 580 ex
2747 527 3038 581 occasione
3076 526 3430 583 solummodo
3461 524 3741 596 loquenti-

464 617 583 673 hac
602 617 753 671 enim
774 618 965 672 omnia
981 617 1042 671 in
1061 618 1493 673 controversiam
1521 624 1834 674 vertuntur.
1849 619 2056 673 Verum
2137 616 2260 672 bus.

467 706 517 761 si
539 706 900 777 antiquorum
931 707 1269 778 scriptorum
1289 707 1610 762 testimonio
1635 713 1784 762 stare
1820 709 2056 764 volueri-

463 796 771 863 mus,nulla
786 797 890 850 erit
905 796 973 850 de
989 812 1136 850 anno
1146 796 1462 863 difﬁcultas;
1480 796 1560 850 illi
1572 797 1720 851 enim
1740 802 2061 854 constanter

461 885 753 940 afﬁrth
777 885 1150 940 Lanfrancum
1179 901 1326 940 anno
1346 883 1485 942 1089
1505 903 1534 939 e
1562 886 1696 940 vivis
1721 888 2052 943 excessisse:

463 973 545 1029 sic
559 972 771 1028 habent
801 975 1043 1046 Symeon
1060 974 1469 1039 Dunelmensis,
1501 976 1744 1029 Joannes
1787 977 2058 1032 Bromton

462 1061 522 1117 in
568 1061 862 1128 Chronico,
896 1061 1193 1117 0rdericus
1241 1062 1459 1128 Vitalis,
1491 1062 1586 1115 lib.
1635 1078 1730 1117 vm
1777 1064 2053 1133 Historiae,

469 1150 786 1206 Chronicon
807 1149 1086 1204 Beccense
1113 1151 1184 1204 ab
1203 1151 1440 1205 Acherio
1469 1151 1702 1219 editum,
1723 1153 1859 1207 item
1881 1154 2056 1208 Chro-

467 1239 634 1294 nicon
664 1239 1043 1306 Mailrosense,
1060 1245 1118 1294 et
1144 1239 1241 1294 alii
1266 1240 1471 1312 passim
1517 1247 1772 1296 auctores
1800 1243 2058 1298 Historiae

465 1328 805 1399 Anglicana,
831 1329 1031 1399 quibus
1057 1329 1275 1400 praeivit
1286 1330 1556 1400 Ingulfus,
1580 1331 1907 1398 Lanfranco,
1924 1333 2058 1386 dum

465 1417 692 1484 viveret,
725 1417 976 1472 amicitia
1020 1419 1371 1489 conjunctus,
1421 1424 1487 1473 ut
1521 1419 1758 1490 ipsemet
1812 1421 1870 1474 in
1918 1439 2059 1476 nova

2207 709 2260 761 8.
2291 706 2465 760 Porro
2494 704 2599 759 etsi
2653 705 2811 759 nulla
2858 704 3219 760 veneratione
3248 702 3471 776 publica
3525 702 3744 757 colatur

2141 795 2410 850 memoria
2446 793 2598 848 beati
2625 793 2940 860 Lanfranci,
2975 795 3095 863 ejus
3124 799 3316 848 tamen
3366 808 3572 847 nomen
3610 807 3743 846 cum

2145 902 2171 937 «
2200 883 2378 938 sancti
2422 903 2443 934 ι
2478 883 2642 936 titulo
2669 883 2728 936 in
2757 882 2998 952 vulgatis
3023 882 3438 954 Martyrologiis
3466 881 3744 936 insertum

2142 979 2242 1039 est,
2261 978 2325 1027 ut
2353 973 2412 1025 in
2432 971 2834 1042 Martyrologio
2861 971 3224 1025 Benedictino
3240 970 3468 1025 Arnoldi
3497 969 3741 1035 Wionis,

2141 1067 2198 1117 et
2226 1062 2286 1116 in
2308 1062 2574 1131 Catalogo
2601 1059 2851 1131 generali
2872 1064 3194 1114 sanctorum
3216 1059 3457 1131 Philippi
3473 1058 3741 1114 Ferrarii.

2141 1152 2304 1220 Hugo
2335 1149 2655 1216 Menardus,
2691 1149 2986 1203 Eduardus
3026 1148 3262 1203 Maihew
3305 1153 3363 1202 et
3406 1148 3504 1202 alii
3531 1147 3745 1219 passim

2145 1259 2172 1294 (ι
2195 1240 2420 1294 beatum
2455 1259 2479 1291 »
2513 1238 2799 1309 appellant
2832 1258 2854 1290 ί
2885 1255 3119 1293 summa
3157 1237 3474 1292 sanctitatis
3527 1241 3585 1291 et
3638 1237 3743 1291 do-

2142 1332 2353 1385 ctrinae.
2383 1348 2407 1382 »
2442 1329 2647 1384 Iisdem
2677 1328 2856 1382 titulis
2885 1333 3053 1381 antea
3075 1328 3316 1382 donatus
3358 1326 3547 1380 fuerat
3566 1341 3600 1379 a
3623 1325 3747 1380 Tri-

2141 1420 2372 1484 themio,
2404 1418 2669 1483 Lelando,
2725 1416 3054 1487 Capgravio,
3094 1416 3242 1486 quod
3285 1415 3620 1485 jamdudum
3646 1429 3748 1473 ve:

469 1507 594 1577 ejus
616 1506 874 1560 Historia
906 1507 1139 1578 integra
1168 1507 1412 1562 editione
1424 1513 1742 1563 attestatur.
1775 1509 1955 1580 Major
1976 1516 2060 1564 est
2142 1508 2411 1562 tustiores
2432 1507 2732 1577 scriptores
2756 1506 3026 1559 fecerant.
3042 1505 3132 1559 Sic
3153 1504 3359 1575 quippe
3386 1503 3455 1556 de
3483 1519 3548 1557 eo
3566 1501 3748 1573 loqui-

465 1594 618 1650 circa
644 1611 894 1649 mensem
922 1595 1241 1650 difﬁcultas.
1273 1597 1417 1651 Nam
1452 1613 1644 1652 omnes
1671 1597 1847 1652 ferme
1873 1615 2061 1653 recen-
2140 1601 2234 1650 tur
2279 1594 3000 1651 Guillelmus'Pictaviensis
3028 1593 3085 1648 in
3115 1593 3257 1646 libro
3277 1593 3358 1647 De
3383 1591 3558 1662 gestis
3587 1589 3748 1646 Guil-

462 1683 635 1738 tiores
654 1684 904 1738 historici
919 1701 987 1738 ea
1004 1685 1062 1738 in
1076 1680 1186 1739 rea
1205 1703 1265 1740 se
1292 1686 1530 1741 invicem
1559 1688 2058 1744 dissentiunt.Mat—
2142 1684 2292 1738 lelmi
2330 1684 2487 1738 ducis
2529 1703 2540 1737 :
2575 1702 2596 1734 ι
2623 1682 2710 1736 Illi
2739 1683 2994 1736 consulta
3048 1681 3248 1735 anima
3279 1697 3412 1745 sua,
3449 1698 3476 1731 ι)
3513 1678 3741 1734 Guillel-

469 1773 651 1828 thaus
680 1774 1296 1829 Westmonasteriensis
1326 1793 1454 1830 eum
1493 1777 1583 1830 die
1636 1777 1666 1832 9
1713 1778 1838 1832 Kal.
1878 1779 2266 1856 April.Bmus
2299 1773 2429 1838 dux,
2467 1789 2492 1824 α
2528 1771 2612 1826 illi
2642 1771 2927 1842 speculam
2981 1769 3305 1840 quamdam,
3354 1768 3507 1822 unde
3537 1767 3749 1822 ordini-

470 1861 674 1916 obiisse
712 1868 1014 1929 memorat;
1043 1863 1338 1919 Matthaus
1390 1865 1671 1920 Parkerus
1700 1867 1791 1920 die
1817 1866 1854 1920 4
1881 1867 2053 1932 Junii,

468 1950 672 2006 Petrus
702 1951 994 2022 Equilinus
1025 1953 1055 2007 5
1087 1954 1231 2008 Non.
1263 1954 1414 2020 Julii,
1447 1955 1664 2010 Balaus
1685 1956 1714 2010 5
1746 1957 1868 2010 Kal.
1901 1957 2055 2023 Julii,

465 2040 747 2094 Arnoldus
776 2041 964 2106 Wion,
998 2042 1159 2112 Hugo
1189 2043 1486 2098 Menardus
1503 2043 1709 2114 aliique
1724 2046 2062 2100 recentiores

467 2128 719 2201 plerique
745 2131 915 2183 tertia
929 2130 1020 2184 die
1038 2131 1191 2185 Julii.
1217 2132 1317 2185 His
1331 2137 1521 2186 tamen
1544 2133 1801 2188 omnibus
1821 2135 2062 2204 praeferi-

467 2234 595 2273 mus
621 2217 1001 2289 antiquiorum
1022 2219 1237 2290 Anglia
1265 2221 1601 2292 scriptorum
1641 2224 2056 2288 auctoritatem,

471 2307 567 2378 qui
594 2308 968 2362 Lanfrancum
998 2325 1191 2363 mense
1219 2310 1365 2364 Maio
1386 2310 1591 2365 obiisse
1619 2328 1732 2366 una
1766 2328 1894 2366 voce
1915 2313 2062 2366 afﬁr-

471 2399 647 2448 mant.
679 2396 754 2448 At
773 2411 884 2465 quo
940 2396 1111 2466 hujus
1157 2398 1368 2452 mensis
1393 2399 1483 2452 die
1527 2399 1583 2452 id.
1614 2400 1929 2469 contigerit,
1971 2401 2063 2455 hic

468 2486 623 2537 totus
649 2489 733 2536 est
758 2483 1102 2539 difﬁcultatis
1143 2486 1345 2555 nodus,
1369 2503 1557 2556 quem,
1591 2493 1655 2542 ut
1677 2505 1868 2542 verum
1887 2489 2062 2544 fatea-

469 2587 618 2638 mur,
652 2588 817 2626 nemo
845 2573 1007 2628 facile
1037 2575 1214 2630 solvet
1242 2575 1311 2630 ob
1346 2576 1580 2630 nimiam
1618 2577 1943 2648 opinionum
1975 2578 2062 2632 di-

470 2662 864 2732 screpantiam.
899 2663 989 2718 Sic
1017 2664 1224 2735 quippe
1252 2680 1317 2718 ea
1366 2665 1434 2719 de
1489 2683 1550 2720 re
1571 2667 1815 2737 Symeon
1852 2669 2061 2722 Dunel-

471 2751 715 2805 mensis:
755 2774 777 2800 ι
809 2755 971 2807 Anno
1026 2753 1170 2810 1089
1224 2755 1365 2808 feria
1393 2772 1443 2821 v,
1500 2773 1554 2810 1x
1579 2757 1703 2810 Kal.
1734 2757 1886 2811 Junii
1925 2757 2062 2811 obiit

470 2840 834 2896 Lanfrancus.
871 2861 896 2894 »
925 2843 1078 2896 Idem
1112 2843 1408 2914 ipsissimis
1435 2845 1618 2900 verbis
1669 2852 1932 2901 asserunt
1957 2847 2064 2901 Ro-

467 2930 660 3001 gerius
689 2931 1021 2986 Hovedenus
1052 2933 1108 2986 in
1166 2939 1324 3004 parte
1371 2935 1546 3005 priori
1581 2937 1904 3001 Annalium,
1941 2937 2062 2990 Flo-

470 3018 688 3073 rentius
715 3020 1125 3091 Wigorniensis
1153 3023 1212 3076 in
1252 3022 1540 3078 Chronico.
1575 3025 1645 3078 Et
1665 3025 1890 3095 quidem
1916 3031 2060 3080 nota

2142 1863 2247 1917 bus
2277 1859 2666 1916 ecclesiasticis
2686 1876 2786 1931 per
2815 1875 3036 1913 omnem
3060 1857 3467 1911 Normanniam
3493 1856 3748 1911 consule-

2143 1956 2248 2016 ret,
2273 1950 2586 2014 commisit;
2617 1947 2802 2020 potuit
2820 1964 3021 2018 nempe
3044 1946 3152 2000 viri
3170 1945 3301 1999 talis
3321 1945 3561 2014 vigilans
3584 1961 3742 2012 cura,

2142 2057 2270 2094 cum
2316 2039 2620 2094 maximam
2676 2037 3067 2091 auctoritatem
3122 2033 3408 2105 sapientia
3431 2037 3643 2104 pariter
3678 2050 3749 2100 ac

2141 2129 2455 2184 sanctitatis
2475 2127 2842 2198 praerogativa
2861 2123 3221 2196 comparavit,
3244 2121 3602 2177 securitatem
3628 2138 3746 2178 non

2143 2225 2368 2288 parvam
2391 2216 2754 2270 sollicitudini
2777 2213 3124 2285 promittere.
3163 2230 3189 2263 »
3224 2211 3293 2266 Et
3314 2210 3598 2265 Osbernus
3626 2226 3748 2264 mo-

2143 2307 2356 2360 nachus
2384 2305 2443 2358 in
2465 2304 2701 2375 epistola
2730 2303 2800 2356 ad
2826 2306 3082 2356 sanctum
3103 2300 3431 2354 Anselmum
3461 2317 3472 2351 :
3505 2317 3527 2348 ‹‹
3560 2299 3746 2352 Recu-

2145 2410 2408 2464 peremus
2435 2392 2493 2446 in
2548 2398 2605 2446 te
2655 2391 2801 2462 quod
2830 2390 2888 2444 in
2929 2394 3152 2444 mortuo
3192 2387 3544 2442 sanctissimo
3573 2387 3745 2441 Patre

2145 2484 2261 2537 Lan
2270 2483 2460 2536 franco
2475 2481 2877 2552 perdidimus.»
2898 2479 3092 2533 Exstat
3109 2477 3258 2531 inter
3269 2476 3534 2548 epistolas
3563 2475 3746 2529 sancti

2144 2571 2395 2626 Anselmi
2441 2570 2583 2624 libro
2603 2585 2686 2635 In,
2716 2585 2873 2623 num.
2893 2566 2945 2632 5,
2976 2566 3143 2621 edita.
3179 2565 3397 2620 Asserit
3423 2564 3746 2618 Willelmus

2147 2659 2662 2715 Malmesburiensis
2690 2658 2788 2711 lib.
2819 2674 2839 2709 1
2883 2657 2964 2710 De
3022 2654 3381 2726 pontiﬁcibus
3405 2653 3742 2724 Anglorum,

2146 2756 2400 2804 sanctum
2425 2750 2781 2803 Dunstanum
2802 2744 3112 2800 Lanfranco
3126 2760 3347 2814 semper
3357 2743 3748 2812 aifuisse,quo-

2142 2839 2250 2893 ties
2272 2839 2340 2892 de
2358 2836 2582 2892 tuendis
2597 2834 2855 2889 Ecclesia
2881 2851 2994 2888 sua
3011 2833 3234 2903 juribus
3264 2836 3543 2902 ageretur,
3589 2831 3742 2900 quod

2149 2927 2322 2981 etiam
2353 2925 2524 2980 refert
2543 2923 2826 2979 Osbernus
2855 2922 2915 2976 in
2943 2921 3076 2975 Vita
3105 2921 3284 2975 sancti
3313 2919 3608 2986 Dunstani,
3651 2935 3742 2974 su-

2143 3015 2350 3086 periori
2370 3014 2569 3068 saculo
2595 3012 2765 3067 edita.
2793 3029 2819 3062 «
2848 3011 2992 3074 Quin
3020 3009 3191 3064 etiam
3224 3028 3249 3061 »
3283 3009 3646 3075 Lanfrancus,
3679 3012 3747 3062 ut

468 3106 590 3162 ista
611 3108 1013 3179 chronologica
1064 3111 1273 3181 optime
1302 3113 1451 3166 inter
1495 3129 1555 3166 se
1584 3113 1892 3181 coharent;
1935 3104 2291 3174 namCidf‘m
2339 3103 2656 3157 Willelmus
2693 3101 2968 3165 Observata
3005 3117 3030 3152 α
3075 3098 3375 3169 quemdam
3426 3113 3634 3166 3?ng
3687 3102 3748 3150 et

472 3194 776 3251 anno—1089
794 3197 911 3251 dies
938 3199 1226 3253 Dominica
1246 3206 1367 3254 erat
1404 3202 1522 3256 dies
1544 3200 1614 3257 20
1634 3203 1756 3270 Mai,
1795 3203 2064 3258 existente

470 3284 662 3338 littera
681 3285 1014 3340 Dominicali
1035 3287 1101 3353 G,
1135 3305 1199 3341 ac
1213 3289 1449 3358 proinde
1477 3291 1616 3344 feria
1645 3309 1696 3357 v,
1729 3308 1970 3362 sequens
2007 3293 2063 3345 in

471 3374 621 3428 diem
650 3373 719 3430 24
742 3375 909 3445 hujus
940 3376 1148 3431 mensis
1178 3377 1476 3444 incidebat,
1498 3396 1665 3450 quam
1695 3380 1787 3433 isti
1809 3387 2065 3435 auctores

473 3464 782 3534 assignant.
817 3465 1024 3520 Verum
1046 3467 1342 3522 Gervasius
1375 3468 1814 3524 Dorobernensis
1839 3471 1897 3523 in
1927 3470 2066 3524 actis

468 3553 793 3624 pontiﬁcum
807 3555 1294 3610 Cantuariensium
1312 3557 1423 3611 alia
1435 3559 1523 3612 die
1538 3558 1834 3612 Lanfranci
1853 3558 2067 3613 obitum

468 3641 726 3712 assignat
745 3642 831 3697 his
864 3643 1046 3698 verbis
1080 3662 1090 3697 :
1131 3663 1156 3697 (ι
1187 3645 1339 3700 Obiit
1359 3662 1506 3700 anno
1529 3646 1946 3718 patria'rchatus
1976 3647 2064 3701 sui

472 3743 584 3795 xxx,
615 3747 646 3781 ν
678 3730 802 3784 Kal.
831 3731 1002 3798 Junii,
1033 3732 1175 3786 feria
1199 3749 1240 3787 II
1268 3740 1395 3805 post
1433 3740 1654 3789 octavas
1684 3735 2059 3800 Pentecostes,

464 3819 612 3873 hora
639 3819 750 3874 diei
778 3820 982 3892 prima.
1021 3841 1043 3872 ι
1070 3822 1437 3878 Consentiunt
1457 3824 1586 3878 Milo
1609 3824 1751 3879 Vita
1780 3824 2065 3894 sequentis

468 3913 684 3976 auctor,
716 3911 958 3966 Joannes
988 3911 1326 3966 Bromtonus
1355 3913 1412 3966 in
1437 3913 1731 3979 Chronico,
1757 3919 1814 3966 et
1839 3913 2064 3966 Tabula

470 3999 715 4053 ecclesia
735 4001 1177 4060 Cantuariensis.
1199 4002 1694 4057 Conveniuntitem
1714 4002 1842 4056 huic
1853 4002 2063 4056 calculo

2147 3191 2462 3246 cunctantis
2482 3191 2606 3244 vita
2635 3195 2950 3260 pertasum,
2983 3187 3042 3240 in
3070 3186 3280 3241 visione
3305 3202 3417 3255 qua
3462 3184 3748 3237 videretur

2147 3298 2275 3336 cum
2306 3297 2371 3334 eo
2396 3280 2604 3333 luctam
2625 3278 2868 3342 inivisse,
2903 3276 3112 3347 eripuit
3138 3273 3464 3338 discrimini,
3496 3272 3749 3328 restituit

2147 3370 2304 3424 bona
2334 3367 2658 3432 valetudini,
2685 3386 2710 3419 »
2737 3367 2885 3438 quod
2915 3365 3259 3420 occasionem
3287 3362 3534 3434 prabere
3563 3362 3745 3433 potuit

2147 3457 2452 3519 nonnullis,
2495 3455 2736 3510 maxime
2792 3455 3000 3519 Wioni,
3051 3454 3429 3509 Lanfrancum
3457 3452 3747 3507 miraculis

2149 3546 2520 3601 clarissimum
2540 3543 2866 3615 pradicare.
2903 3543 3158 3613 Denique
3187 3543 3247 3596 in
3276 3541 3444 3596 variis
3493 3541 3739 3596 auctori-

2149 3637 2273 3701 bus,
2305 3653 2330 3686 ι(
2358 3633 2514 3688 bona
2543 3651 2572 3682 υ
2603 3637 2702 3686 aut
2739 3650 2764 3684 ς(
2789 3633 2897 3702 pia
2925 3631 3210 3685 memoria
3238 3630 3321 3684 vir
3350 3648 3376 3682 ›>
3410 3630 3620 3700 passim
3643 3646 3746 3700 ap-

2148 3723 2408 3794 pellatur.
2445 3721 2578 3784 Qua
2611 3737 2746 3774 sane
2775 3719 2965 3774 omnia
2990 3718 3233 3790 probant
3260 3717 3409 3790 quod
3429 3717 3747 3772 Willelmus

2149 3811 2291 3866 libro
2315 3825 2379 3864 III
2400 3811 2481 3864 De
2498 3809 2672 3879 gestis
2701 3810 2918 3879 Regum
2949 3808 3259 3878 Anglorum
3297 3807 3355 3860 in
3393 3806 3572 3861 nostri
3603 3807 3747 3860 Lan-

2146 3899 2323 3954 franci
2344 3899 2613 3953 honorem
2641 3898 2894 3968 protulit,
2927 3913 3057 3951 eum
3089 3895 3295 3966 quippe
3353 3911 3476 3950 esse
3510 3914 3532 3946 ί
3562 3895 3744 3950 virum

2145 3987 2389 4058 antiquis
2417 3987 2651 4041 scientia
2670 3992 2728 4040 et
2754 3985 3023 4056 religione
3052 3984 3512 4055 comparandum,
3545 3983 3615 4036 de
3631 3999 3742 4053 quo

469 4087 592 4141 aliae
620 4093 766 4142 nota,
787 4089 1226 4160 Chronologica’
1245 4108 1372 4146 cum
1398 4108 1463 4146 eo
1475 4108 1622 4145 anno
1643 4092 1760 4144 dies
1778 4091 2063 4145 paschatis
2145 4077 2292 4132 serio
2305 4076 2412 4130 dici
2429 4080 2614 4147 potest
2644 4093 2658 4128 :
2696 4076 3083 4130 Tartiusccwlo
3107 4076 3294 4127 cecidit
3315 4073 3577 4160 Gatoi(5'),
3601 4072 3742 4127 adeo

469 4175 730 4230 inciderit
759 4177 816 4231 in
843 4178 990 4234 diem
1022 4159 1263 4251 primam
1311 4181 1538 4252 Aprilis,
1591 4196 1656 4234 ac
1693 4180 1818 4233 ideo
1855 4179 2060 4233 festum
2145 4164 2384 4218 οοθιθείίδ
2423 4178 2589 4252 sapor
2619 4167 2811 4252 Ρίῗβξυδ
2836 4162 2960 4252 ξθιῖῑξδ
2987 4166 3044 4215 et
3097 4160 3347 4252 Pf‘laffm
3377 4159 3663 4252 ίξξῖθοθΓειδς
3692 4180 3732 4252 _'

466 4264 824 4320 Pentecostes
853 4267 944 4321 die
969 4245 1041 4323 20
1066 4269 1216 4334 Maii,
1237 4245 1551 4323 celebratus
1601 4268 1789 4334 fuerit,
1828 4269 1947 4337 ejus
1976 4285 2062 4322 oc-
2143 4253 2314 4306 Plura
2327 4252 2395 4305 de
2416 4253 2534 4321 eius
2558 4249 2818 4304 Ῑειυάίδυδ
2836 4248 3117 4304 habentur
3135 4249 3206 4337 in,
3223 4247 3367 4301 libro
3380 4247 3597 4337 dif?er
3615 4245 3737 4300 Obi‘

467 4358 598 4408 tava
616 4354 706 4410 die
723 4354 790 4412 27
805 4357 1056 4427 ejusdem
1081 4357 1308 4424 mensis,
1323 4362 1380 4411 et
1403 4357 1636 4428 proinde
1655 4373 1895 4428 sequens
1920 4357 2060 4410 feria
2076 4399 2123 4457 D
2141 4339 2637 4457 tufliulff‘etidefliie
2657 4336 3214 4457 Οθαῐξωᾶΐίθξὶδίδιλυῗί
3235 4335 3740 4457 Ρῖεεεξῐῖδίίιξτὶιῇὃ

468 4456 507 4496 η
522 4459 646 4515 qua;
665 4461 700 4498 ε,
719 4424 984 4500 Gel-933m
1007 4446 1345 4516 assignatur,
1365 4424 1485 4499 dies
1506 4450 1628 4500 erat
1643 4424 1775 4499 Maii
1791 4444 1879 4499 23,
1903 4446 2060 4499 Hanc
2079 4424 2123 4457 υ
2142 4430 2496 4484 solemnitate
2507 4427 3082 4499 ejusanniversarium
3096 4425 3298 4480 debeat
3311 4424 3734 4486 celebrari.Adi,

465 4513 805 4588 sententiam
836 4513 1149 4606 amplexu;
1169 4541 1255 4589 est
1299 4536 1542 4588 Joannes
1586 4533 1926 4605 Capgravius
1965 4535 2059 4606 qui

2146 4519 2188 4573 si
2215 4520 2313 4585 vis,
2363 4517 2576 4588 Anglia
2631 4533 2801 4571 sacra
2846 4520 2982 4570 tom.
3013 4516 3057 4581 Ι,
3091 4514 3186 4569 ubi
3215 4514 3454 4568 habetur
3480 4530 3608 4584 pag.
3646 4513 3732 4568 55.

467 4627 790 4678 sanctorum
829 4601 1042 4696 Anglia
1081 4625 1238 4679 Vitas
1276 4623 1621 4695 conscripsit,
1767 4629 1894 4694 post
1929 4601 2056 4677 eum
2141 4607 2601 4696 DeniquePUIlus
2621 4606 2796 4696 ﬁrme
2815 4603 3445 4696 hiStoriarquPFOf'
3472 4601 3742 4696 Lanfmfl'

469 4712 762 4767 Eduardus
793 4691 1026 4770 Mailiew
1057 4715 1116 4768 in
1139 4713 1423 4785 Trophais
1452 4691 2055 4784 Anglo-Ben—edictinis.
2140 4713 2266 4750 cum
2295 4695 2486 4750 multis
2513 4693 2773 4785 laudibus
2790 4710 2903 4748 non
2932 4691 3241 4785 exarnavit-
3263 4691 3378 4785 Sed
3401 4693 3521 4761 iam
3560 4691 3744 4762 profe~

469 4802 570 4856 Cui
592 4803 803 4859 calculo
820 4821 921 4858 nos
938 4820 1161 4876 quoque
1176 4781 1602 4869 adhal'ebimus,
1625 4803 1799 4857 donec
1819 4803 2058 4857 certiora
2140 4785 2323 4876 Ῑξίέηάεξ
2343 4789 2428 4839 est
2456 4785 2576 4876 el“?
2595 4783 2744 4876 νίίεξε
2760 4781 3045 4876 -Ψλδωιδδ
3074 4781 3526 4876 ΑοβθνίοΡίξείνο
3641 4795 3741 4834 θο-

468 4907 569 4963 pro
599 4893 773 4964 priori
793 4867 1464 4964 aﬁ‘erantui'argumenta.
1507 4867 1597 4945 Ad
1621 4892 1676 4945 id
1707 4909 1809 4946 nos
1831 4892 2058 4963 potissi-

2146 4874 2262 4928 dice
2292 4872 2575 4938 Beccensi,
2609 4871 2803 4925 multis
2823 4869 3032 4941 passim
3055 4868 3464 4941 praetermissis,
3500 4867 3732 4935 editam,

467 4996 624 5036 mum
650 4987 837 5037 movet
851 4983 998 5054 quod
1011 4984 1180 5053 hujus
1198 4982 1520 5054 posterioris
1545 4983 1836 5037 sententia
1864 4988 2056 5038 aucto-

2146 4961 2450 5033 integritati
2478 4977 2592 5016 sua
2619 4958 2984 5014 restituimus.

538 5124 634 5196 (5")
663 5126 859 5182 JUVEN.
883 5128 1003 5184 Sal.
1026 5125 1082 5192 2,
1113 5123 1201 5182 40.
