3952 6380
1859 372 2046 427 VITA.

3403 371 3472 430 30

1320 736 1362 796 Ι
1410 739 1767 813 INCIPIT
1833 739 2364 831 PROLOGUS

977 944 1054 1004 IN
1102 943 1347 1005 VITAM
1390 941 1655 1004 MAGNI
1698 943 1800 1002 ET
1845 943 2208 1004 GLORIOSI
2252 944 2702 1004 LANFltANGI

1301 1118 1846 1166 CANTUARIENSIUM
1887 1119 2372 1165 ARCHIEPISCOPI.

274 1340 552 1404 Quoniam
591 1358 625 1395 a
668 1341 924 1412 pluribus
969 1342 1240 1413 quaeritur
1286 1341 1415 1396 Vita
1457 1341 2149 1403 venerabilisAhonorem
2168 1341 2271 1397 Dei
2289 1347 2347 1396 et
2365 1341 2674 1398 utilitatem
2695 1341 3033 1412 legentium;
3070 1345 3240 1410 atque
3276 1343 3341 1393 ut
3371 1354 3474 1392 no-

209 1429 500 1483 Lanfranci
539 1429 982 1485 Dorobernensis
1035 1431 1462 1502 archipraesulis,
1511 1449 1613 1486 nec
1641 1431 1799 1486 inve-

209 1519 374 1584 nitur,
407 1518 559 1573 volui
608 1519 677 1572 de
722 1535 788 1572 eo
840 1519 1049 1590 aliquid
1093 1519 1335 1575 scribere
1378 1537 1480 1592 pro
1517 1521 1795 1575 tenuitate

208 1607 412 1678 ingenii
442 1607 576 1674 mei,
617 1624 686 1661 ne
716 1609 946 1662 omnino
967 1609 1111 1663 tanti
1139 1609 1244 1663 viri
1272 1609 1542 1663 memoria
1572 1609 1796 1663 silentio

206 1695 474 1750 deleatur.
499 1696 652 1766 Opus
672 1696 968 1768 siquidem,
1003 1702 1066 1751 ut
1085 1697 1222 1751 mihi
1249 1697 1487 1764 videtur,
1521 1699 1797 1752 hactenus

205 1786 625 1852 intermissum;
658 1801 822 1840 rarus
851 1785 1055 1858 quippe
1084 1786 1153 1839 de
1181 1803 1246 1840 eo
1269 1787 1479 1857 aliquid
1510 1786 1797 1858 scripsisse

206 1873 506 1944 reperitur.
534 1871 774 1943 Propter
802 1873 951 1942 quod
981 1873 1038 1927 in
1067 1873 1196 1928 Vita
1225 1873 1376 1928 beati
1401 1875 1585 1928 Patris
1616 1875 1798 1930 nostri

205 1961 459 2016 Herluini
481 1962 539 2028 (ί)
565 1960 897 2015 venerabilis
925 1962 1416 2016 Westmonasterii
1437 1962 1607 2016 abbas
1625 1962 1800 2018 Gisle-

203 2050 415 2114 bertus,
452 2051 618 2121 quasi
658 2066 723 2102 ex
788 2049 1077 2104 occasione
1132 2050 1374 2105 inseruit
1417 2056 1689 2122 quantum
1728 2052 1799 2106 ad

203 2139 497 2195 historiam
518 2138 802 2209 pertinere
814 2138 992 2193 visum
1009 2139 1131 2205 fuit;
1157 2157 1279 2211 quae
1299 2139 1497 2194 exinde
1511 2145 1794 2208 mutuans,

203 2233 256 2283 et
275 2229 334 2282 in
361 2228 513 2282 hanc
535 2227 919 2281 narrationem
938 2228 1300 2297 transferens,
1331 2227 1511 2299 adjeci
1541 2227 1800 2300 quaelibet

206 2317 455 2372 invenire
469 2316 649 2388 potui,
672 2315 786 2370 sive
809 2333 932 2388 quae
947 2333 981 2370 a
1001 2317 1407 2372 venerabilibus
1426 2335 1491 2372 ac
1510 2318 1799 2372 veracibus

204 2406 332 2460 viris
346 2405 560 2460 audivi.
578 2405 697 2460 Hoc
723 2394 914 2460 autem
933 2405 1056 2460 ideo
1079 2406 1260 2461 facere
1280 2407 1489 2473 studui,
1515 2412 1579 2460 ut
1603 2409 1800 2478 (quan-

203 2501 318 2550 tum
365 2495 426 2548 in
458 2511 554 2548 me
583 2493 712 2563 fuit)
743 2510 857 2548 non
894 2495 1096 2550 lateret
1125 2495 1221 2566 qui
1250 2495 1374 2550 aliis
1406 2496 1806 2567 proponendus

201 2583 268 2638 ad
305 2582 652 2638 imitandum
689 2581 854 2650 foret,
898 2583 995 2636 sed
1034 2588 1201 2638 notus
1239 2583 1500 2638 omnibus
1537 2585 1700 2638 ﬁeret
1735 2584 1806 2638 ad

1148 2761 1510 2837 INCIPIT
1563 2761 1816 2838 VITA.

717 2968 952 3024 CAPUT
979 2966 1284 3023 PRIMUM.

269 3062 317 3112 1.
347 3058 484 3113 Fuit
515 3057 747 3129 quidam
767 3057 853 3112 vir
873 3073 1128 3128 magnus,
1160 3055 1323 3112 Italia
1352 3060 1510 3111 ortus
1545 3055 1802 3127 (’),quem

195 3147 479 3202 Latinitas
507 3146 568 3201 in
595 3146 892 3217 antiquum
925 3145 1170 3200 scientiae
1206 3151 1416 3200 statum
1447 3144 1516 3198 ab
1545 3162 1609 3200 eo
1635 3146 1801 3201 resti-

197 3241 320 3292 tuta
348 3241 497 3302 tota,
535 3252 864 3307 supremum
894 3234 1092 3290 debito
1119 3251 1248 3289 cum
1277 3250 1468 3288 amore
1499 3239 1556 3289 et
1590 3235 1802 3289 honore

197 3326 455 3397 agnoscit
484 3325 844 3396 magistrum,
869 3323 1094 3378 nomine
1113 3324 1480 3378 Lanfrancus.
1515 3325 1644 3394 Ipsa
1671 3340 1802 3394 quo-

196 3431 301 3485 que
314 3415 374 3468 in
395 3413 790 3468 liberabilibus
801 3412 1001 3468 studiis
1014 3413 1280 3483 magistra
1298 3413 1556 3484 gentium
1571 3413 1804 3479 Graecia,

194 3503 511 3575 discipulos
548 3502 699 3556 illius
730 3503 974 3556 libenter
1013 3501 1279 3557 audiebat
1304 3507 1361 3556 et
1399 3501 1802 3557 admirabatur.

195 3593 296 3647 Hic
323 3592 509 3663 Papia
533 3591 756 3646 civitate
783 3591 1054 3646 oriundus
1081 3591 1188 3646 fuit
1217 3590 1303 3662 (³).
1338 3592 1607 3646 Parentes
1636 3591 1806 3656 illius,

197 3681 450 3751 ejusdem
484 3679 645 3735 urbis
669 3680 834 3741 cives.
859 3686 929 3745 ιι
963 3679 1154 3750 magni
1185 3685 1241 3734 et
1270 3679 1625 3734 honorabiles
1647 3681 1813 3734 habe-

194 3770 407 3825 bantur
433 3771 588 3824 inter
619 3785 750 3824 suos
787 3769 1056 3824 concives.
1092 3770 1258 3837 Nam,
1304 3775 1368 3824 ut
1411 3770 1612 3836 fertur,
1644 3775 1806 3840 pater

194 3861 316 3930 ejus
353 3860 430 3914 de
469 3858 668 3914 ordine
706 3858 935 3914 illorum
973 3859 1070 3929 qui
1105 3860 1236 3930 jura
1272 3863 1329 3914 et
1377 3859 1530 3929 leges
1565 3858 1806 3913 civitatis

194 3947 568 4004 asservabant
593 3947 701 4001 fuit
740 3946 832 4017 (6).
863 3948 1226 4014 Lanfrancus,
1260 3947 1320 4002 in
1349 3947 1615 4020 primaeva
1638 3952 1805 4002 aetate

195 4044 358 4108 patre
411 4036 668 4102 orbatus,
724 4052 852 4090 cum
882 4036 934 4090 ei
963 4037 1021 4091 in
1062 4037 1335 4092 honorem
1381 4042 1440 4092 et
1471 4037 1806 4107 dignitatem

195 4126 503 4181 succedere
535 4123 782 4191 deberet,
816 4124 1012 4179 relicta
1049 4125 1292 4192 civitate,
1323 4142 1518 4180 amore
1555 4125 1807 4180 discendi

196 4215 267 4270 ad
295 4215 494 4270 studia
519 4214 841 4268 litterarum
869 4214 1144 4284 perrexit;
1176 4213 1274 4270 ubi
1294 4215 1538 4286 plurimo
1555 4219 1810 4287 tempore

1877 1431 2078 1498 verint,
2115 1430 2208 1502 qui
2246 1430 2387 1486 scire
2416 1429 2632 1496 volunt,
2661 1430 2787 1501 quis
2815 1430 2899 1484 vel
2919 1430 3067 1484 unde
3092 1428 3280 1494 fuerit,
3305 1441 3474 1498 quam

1878 1520 2096 1574 vivendi
2138 1519 2552 1574 institutionem
2596 1507 2876 1585 habuerit,
2911 1518 3188 1591 quomodo
3232 1516 3304 1570 ad
3343 1514 3476 1568 reli-

1876 1595 2122 1680 gionem,
2159 1626 2225 1663 ac
2251 1609 2454 1663 deinde
2481 1608 2552 1663 ad
2573 1607 2960 1669 abbatiam.~et
2986 1611 3181 1678 postea
3201 1606 3272 1660 ad
3300 1603 3480 1659 archi-

1879 1699 2259 1770 episcopatum
2285 1698 2515 1764 venerit,
2544 1713 2642 1752 seu
2671 1697 2914 1768 qualiter
2933 1697 3002 1751 de
3021 1697 3125 1751 hac
3138 1696 3261 1750 luce
3275 1694 3480 1764 migra-

1878 1787 2042 1842 verit.
2093 1789 2159 1842 Et
2189 1787 2259 1841 de
2313 1786 2400 1841 his
2438 1787 2666 1858 quidem
2704 1802 2818 1839 non
2855 1785 3045 1840 omnia
3083 1801 3205 1856 quae
3243 1782 3480 1838 dicenda

1880 1875 2063 1930 forent
2100 1875 2296 1931 audire
2325 1875 2502 1946 potui.
2533 1877 2649 1929 Nec
2671 1874 2966 1946 quisquam
2998 1873 3135 1927 mihi
3154 1887 3482 1927 succensere

1881 1964 2047 2019 debet
2071 1965 2220 2036 quod
2257 1964 2552 2036 imperitus
2590 1980 2851 2019 sermone
2893 1968 2951 2018 et
2977 1962 3211 2018 scientia
3239 1960 3477 2032 aggredi

1883 2054 2179 2108 materiam
2229 2058 2347 2107 tam
2397 2053 2626 2123 dignam
2659 2069 2830 2108 ausus
2878 2052 3099 2118 fuerim,
3135 2051 3267 2122 quia
3296 2050 3482 2122 potius

1879 2142 2010 2196 duxi
2035 2142 2426 2214 quoquomodo
2456 2141 2699 2196 dicerem
2731 2158 2898 2212 quam
2914 2139 3295 2204 nullus.Quod
3314 2138 3362 2192 si
3392 2138 3482 2194 cui

1880 2230 2164 2286 rusticitas
2213 2231 2344 2302 styli
2389 2235 2446 2285 et
2483 2230 2728 2284 incultus
2771 2246 2956 2284 sermo
3005 2227 3372 2299 displicuerit,
3419 2232 3477 2280 et

1882 2320 2134 2376 ornatius
2162 2319 2360 2373 eadem
2398 2319 2580 2373 dicere
2620 2318 2874 2385 voluerit,
2890 2333 3190 2390 precorne,
3212 2316 3483 2371 mutando

1885 2409 2072 2475 verba,
2087 2408 2250 2462 tollat
2270 2407 2351 2462 rei
2377 2413 2550 2479 gestae
2579 2407 2941 2474 sententiam,
2975 2406 3084 2462 nisi
3105 2407 3249 2462 forte
3269 2405 3483 2478 aliquid

1885 2498 2070 2553 inesse
2101 2496 2377 2568 repererit
2405 2496 2684 2552 falsitatis.

1884 2766 1966 2839 B.
2031 2763 2547 2839 LAFRANCI.

1817 2969 1864 3029 B
1885 2970 1944 3024 in
1972 2967 2377 3022 Normanniam
2398 2965 2668 3040 pervenit,
2689 2970 2747 3020 et
2766 2965 2825 3020 in
2846 2964 3236 3020 Abrincatensi
3253 2967 3490 3033 (Avran-

1884 3055 2018 3126 ches)
2051 3055 2270 3111 civitate
2293 3057 2637 3121 demoratus,
2654 3070 2754 3125 per
2772 3053 2998 3124 aliquod
3021 3058 3243 3124 tempus
3263 3053 3479 3113 docuit.

1885 3145 2257 3201 Considerans
2304 3163 2433 3200 vero
2490 3142 2898 3200 scientissimus
2923 3142 3007 3196 vir
3061 3142 3210 3213 quod
3259 3147 3488 3214 captare

1886 3235 2207 3289 mortalium
2237 3251 2436 3290 auram
2464 3235 2684 3288 vanitas
2715 3237 2818 3298 est,
2853 3237 2911 3286 et
2949 3231 3084 3303 quia
3121 3231 3192 3286 ad
3221 3249 3334 3287 non
3363 3249 3485 3288 esse

1885 3323 2128 3378 tendunt
2157 3324 2362 3390 omnia,
2399 3329 2602 3395 praeter
2631 3338 2760 3377 eum
2791 3320 2886 3392 qui
2928 3321 3060 3374 fecit
3102 3321 3363 3377 universa
3393 3323 3490 3394 qui

1888 3429 2112 3484 semper
2139 3418 2244 3480 est,
2270 3417 2326 3468 et
2354 3413 2450 3484 qui
2475 3412 2526 3467 ei
2554 3410 2874 3475 intendunt,
2893 3410 2965 3464 ad
2979 3409 3346 3466 obtinendum
3370 3412 3491 3482 ejus

1890 3518 2139 3557 amorem
2164 3501 2418 3557 animum
2455 3500 2728 3556 convertit
2757 3504 2816 3554 et
2833 3499 3106 3554 studium.
3137 3499 3299 3564 Quod
3317 3500 3492 3571 igitur

1891 3591 1950 3645 in
1997 3590 2202 3646 litteris
2232 3591 2530 3662 perfectius
2579 3589 2795 3644 invenit
2832 3589 3030 3643 salutis
3070 3588 3389 3662 consilium,
3435 3595 3494 3646 et

1893 3680 2151 3752 placendi
2179 3681 2314 3745 Deo,
2349 3680 2601 3751 arripere
2631 3679 2848 3746 statuit,
2881 3683 2947 3733 ut
2973 3678 3182 3733 relictis
3207 3678 3488 3747 omnibus,

1886 3769 2143 3824 abdicato
2171 3769 2340 3824 etiam
2367 3769 2456 3825 sui
2483 3769 2662 3840 ipsius
2680 3769 2830 3840 jure,
2857 3767 3016 3823 illum
3039 3772 3372 3839 sequeretur
3396 3767 3495 3840 qui

1886 3858 2028 3914 dixit
2050 3879 2064 3912 :
2085 3859 2149 3915 Si
2160 3861 2283 3928 quis
2298 3863 2418 3912 vult
2433 3863 2549 3928 post
2560 3875 2644 3912 me
2655 3859 2864 3924 venire,
2882 3860 3104 3926 abneget
3121 3859 3491 3926 semetipsum,

1886 3953 1936 4002 et
1951 3949 2108 4001 tollat
2135 3961 2351 4001 crucem
2371 3963 2553 4012 suam,
2577 3952 2626 4001 et
2643 3951 2908 4016 sequatur
2924 3962 3010 3999 me
3027 3944 3486 4017 (Matth.xv1,24).

1887 4036 1958 4091 Et
1998 4033 2132 4106 quia
2159 4039 2371 4106 quanto
2415 4051 2653 4106 magnus
2689 4035 2893 4100 fuerat,
2922 4038 3080 4088 tanto
3110 4031 3343 4106 optabat
3369 4032 3492 4088 ﬁeri

1887 4122 2174 4189 humilior,
2195 4123 2381 4179 locum
2403 4124 2559 4179 adire
2571 4123 2799 4178 nolebat
2821 4123 2914 4178 ubi
2930 4123 3165 4178 litterati
3182 4121 3494 4197 [versaren-

1891 4217 2003 4268 tur.
2013 4211 2280 4283 ED.PAT.]
2290 4251 2302 4275 ,
2311 4212 2407 4283 qui
2427 4229 2557 4267 eum
2570 4213 2772 4267 honori
2783 4229 2848 4268 ac
2861 4212 3188 4268 reverentiae
3200 4213 3492 4272 haberent.

197 4305 550 4368 demoratus,
570 4302 724 4357 omni
739 4302 977 4357 scientia
996 4303 1250 4359 saeculari
1274 4304 1518 4376 perfecte
1534 4303 1802 4371 imbutus,
1826 4291 1869 4352 Ο
1959 4300 2013 4359 2.
2031 4303 2256 4356 Interea
2275 4317 2401 4356 cum
2422 4302 2506 4357 ire
2527 4302 3137 4373 velletRothomagum,
3167 4302 3277 4357 iter
3291 4301 3496 4374 agebat

198 4393 386 4449 rediit.
414 4392 634 4448 Deinde
655 4391 843 4463 patria
853 4409 1129 4463 egressus,
1150 4397 1208 4448 et
1217 4393 1386 4464 Alpes
1401 4397 1806 4464 transgressus,

198 4481 256 4536 in
295 4480 518 4536 Gallias
547 4481 702 4535 venit
729 4484 982 4553 tempore
1009 4482 1236 4538 Henrici
1263 4481 1412 4554 regis
1442 4482 1808 4550 Francorum,

200 4577 256 4626 et
290 4569 528 4642 gloriosi
557 4569 716 4624 ducis
744 4571 1200 4627 Normannorum
1230 4572 1536 4640 Guillelmi,
1569 4572 1664 4644 qui
1691 4573 1809 4627 An-

196 4661 374 4732 gliam
404 4659 514 4714 sibi
543 4659 719 4714 armis
736 4658 980 4731 subegit.
998 4660 1072 4715 Et
1090 4661 1477 4732 pertransiens
1491 4661 1806 4728 Franciam,

200 4747 574 4820 quamplures
601 4748 796 4818 magni
814 4748 1058 4803 nominis
1069 4749 1350 4804 scholares
1369 4765 1556 4804 secum
1576 4749 1808 4816 habens,

273 4889 352 4962 (6)
375 4890 666 4962 Robertus
690 4889 762 4962 de
785 4889 976 4944 Monte
998 4890 1058 4945 in
1088 4891 1363 4946 Chronico
1382 4907 1488 4945 ms.
1511 4891 1629 4946 haac
1643 4890 1812 4946 habet

199 4963 272 5017 ad
315 4960 542 5019 annum
568 4960 715 5019 1042
754 4979 766 5014 :
806 4963 1157 5029 Lavi/“rancus
1193 4965 1256 5017 de
1282 4967 1602 5017 senatorum
1632 4965 1812 5032 Papiae

201 5037 381 5089 nobili
407 5051 606 5103 genere
631 5039 819 5095 natus,
855 5035 919 5086 in
938 5039 1133 5102 septem
1159 5035 1484 5089 liberalibus
1499 5035 1812 5103 disciplinis

201 5107 551 5161 mirabiliter
575 5107 850 5160 eruditus.

277 5178 350 5244 (Ἰ)
383 5178 540 5233 Risla
559 5174 1167 5248 Normanniaiﬂuvius,
1182 5175 1297 5248 iqui
1323 5191 1497 5248 prope
1519 5176 1572 5230 S.
1599 5175 1811 5231 Ebrulﬁ

201 5250 616 5304 monasterium
647 5253 837 5318 ortum
855 5245 1042 5318 habet.
1075 5245 1237 5302 Undé
1263 5245 1539 5318 conjicere
1559 5253 1644 5302 est
1664 5249 1812 5302 Lan-

202 5318 461 5375 francum
491 5337 526 5374 a
549 5317 866 5374 latronibus
892 5317 1192 5375 spoliatum
1220 5318 1393 5373 fuisse
1419 5318 1479 5372 in
1510 5318 1658 5373 Silva
1688 5319 1812 5374 Uti-

203 5392 378 5456 censi,
410 5393 580 5461 vulgo
623 5394 681 5446 la
725 5392 869 5458 forét
910 5389 1162 5461 d’Ouche,
1206 5406 1329 5460 quae.
1386 5389 1651 5461 praedicto
1698 5407 1814 5445 mo-

200 5464 454 5518 nasterio
492 5460 643 5517 Utici
688 5475 896 5532 nomen
925 5460 1097 5526 dedit,
1135 5477 1246 5532 qua
1287 5460 1693 5516 transeundum
1729 5466 1814 5516 est

201 5533 389 5588 eundo
412 5532 675 5589 Abrincis
696 5531 1130 5602 Rothomagum.

276 5603 354 5672 (8)
397 5606 574 5662 Paulo
626 5603 805 5674 aliter
825 5619 943 5674 rem
978 5607 1171 5674 narrat
1193 5603 1651 5674 chronographus
1679 5605 1810 5661 Bec-

199 5677 384 5734 censis
403 5678 476 5734 ad
497 5692 719 5734 annum
743 5671 907 5742 1041,
932 5673 1027 5731 ubi
1046 5674 1218 5732 refert
1236 5671 1482 5732 latrones
1501 5671 1812 5735 Lanfranco

1891 4389 2164 4446 inclinata
2171 4392 2294 4462 jam
2308 4391 2399 4446 die
2413 4407 2516 4463 per
2534 4390 2732 4447 silvam
2749 4392 2901 4448 ultra
2915 4392 3146 4448 ﬂuvium
3163 4389 3490 4464 Rislam(7);

1891 4479 2089 4535 incidit
2117 4479 2179 4550 (‘)
2206 4480 2266 4535 in
2295 4480 2545 4536 latrones
2575 4481 2670 4550 (8),
2709 4482 2824 4552 qui,
2868 4487 3071 4537 cuncta
3105 4498 3227 4554 quae
3255 4481 3498 4537 habebat

1891 4569 2166 4635 tollentes,
2205 4569 2393 4640 ligatis
2412 4587 2448 4625 a
2468 4574 2628 4642 tergo
2653 4570 2936 4641 manibus,
2967 4576 3023 4626 et
3049 4571 3274 4643 caputio
3303 4586 3494 4644 cappae

1893 4662 2025 4712 ante
2061 4659 2252 4713 oculos
2289 4659 2537 4726 admoto,
2580 4659 2940 4716 abduxerunt
2981 4661 3144 4716 illum
3191 4661 3262 4716 de
3297 4660 3407 4727 via,
3438 4666 3497 4717 et

1893 4748 2044 4803 inter
2089 4749 2372 4804 condensa
2406 4749 2583 4805 saltus
2623 4750 2835 4804 fruteta
2881 4749 3236 4806 dimiserunt.
3269 4749 3496 4808 Talibus

1893 4889 2332 4966 omnia_praete_r
2379 4895 2626 4966 veterem
2666 4892 3019 4966 chlamydem
3060 4891 3377 4949 abstulisse.
3417 4895 3498 4966 Ac

1891 4961 2013 5036 ipse
2035 4960 2230 5036 volens
2255 4962 2334 5016 eis
2377 4967 2434 5016 et
2455 4964 2833 5036 Achlamgydem
2851 4960 3190 5036 'dimittere,
3243 4964 3494 5036 exemplo

1893 5032 2269 5115 Libertiniude
2301 5049 2410 5115 quo
2426 5032 2743 5115 Gregorius
2771 5036 3009 5115 Magnus
3037 5035 3132 5115 lib.
3184 5050 3204 5090 ι
3248 5032 3489 5115 Βξειιοὲε,

1895 5122 1945 5160 c.
1967 5103 2116 5179 2,_ut
2141 5103 2267 5179 sibi,
2298 5103 2444 5160 sicut
2480 5103 2766 5162 Libertino
2803 5103 3133 5179 contigerat,
3171 5107 3362 5162 omnia
3389 5103 3494 5179 mi-

1894 5176 2084 5248 raculo
2106 5175 2558 5245 restituerentur,
2590 5195 2720 5234 cum
2743 5183 2898 5234 recta
2931 5175 3047 5234 non
3075 5184 3222 5234 esset
3244 5179 3364 5248 ejus
3402 5177 3495 5233 ἰησ-

1894 5247 2094 5321 tentio,
2141 5248 2488 5321 contrarium
2532 5250 2744 5318 evenit;
2787 5252 3037 5306 latrones
3067 5247 3283 5321 quippei
3305 5249 3493 5320 ipsum

1897 5319 2138 5393 nudumA
2157 5319 2348 5393 arbori
2393 5321 2492 5375 uni
2543 5321 2864 5393 alligarunt,
2901 5328 2960 5376 et
2986 5319 3296 5393 scholarem
3324 5319 3494 5376 suum

1895 5389 2077 5465 alteri.
2114 5389 2204 5444 Sic
2231 5391 2462 5465 relictus
2485 5393 2600 5448 Deo
2629 5389 2888 5465 promisit
2902 5409 2962 5448 se
2991 5389 3180 5465 omnia
3205 5393 3496 5465 mundana

1896 5460 2279 5534 dimissurum,
2321 5462 2368 5516 si
2405 5462 2549 5518 liber
2603 5460 2880 5530 e'vaderet,
2912 5462 3216 5534 statimque
3257 5463 3493 5522 vinculis

1892 5533 2014 5604 ejus
2046 5532 2311 5590 divinitus
2325 5535 2543 5602 solutis,
2567 5536 2815 5591 sodalem
2837 5551 3002 5591 suum
3023 5532 3205 5603 solvit,
3221 5541 3279 5591 et
3301 5542 3493 5593 votum

1893 5621 2060 5661 suum
2087 5606 2237 5680 apud
2258 5607 2496 5664 Beccum
2521 5607 2776 5679 explevit.
