3952 6386
207 329 266 382 33
1700 325 1884 380 VITA.

3391 330 3462 386 3t

206 461 508 525 pergerent,
541 455 724 510 socius
755 457 930 510 viator
971 455 1184 508 audivit,
1213 471 1399 510 vocem
1430 457 1558 519 cati,
1591 461 1647 508 et
1676 470 1786 507 cm.-
1804 454 1853 510 Α
1877 448 2193 518 prorumpit
2225 466 2234 499 :
2277 467 2297 496 α
2340 449 2459 501 lleu
2493 449 2625 503 mihi
2661 452 2748 506 cui
2779 453 2892 507 tale
2921 453 3188 508 damnum
3221 456 3468 510 minatur

205 542 278 612 pit
306 544 500 597 mirari
549 549 606 598 et
650 543 1076 615 circumspicere
1126 543 1221 596 ubi
1270 550 1413 598 esset
1447 551 1602 598 catus
1631 543 1792 612 cujus

205 620 455 686 audiebat
485 649 679 686 vocem
706 651 718 697 ;
754 634 981 687 tandem
1011 632 1253 685 advertit
1280 633 1611 703 magistrum
1642 633 1791 686 Lan-

206 717 440 772 francum
471 720 633 773 illum
657 728 784 790 post
813 737 872 774 se
891 720 1126 790 ligatum
1156 719 1320 785 ferre,
1343 725 1401 773 et
1418 720 1496 773 ait
1523 719 1603 773 illi
1636 737 1647 772 :
1679 721 1791 773 Do-

205 807 357 868 mine,
390 808 526 878 quid
557 808 783 878 portas?
813 808 1122 879 Respondit
1156 827 1166 861 :
1198 809 1385 862 Mures
1412 813 1470 862 et
1499 809 1606 862 rati
1631 809 1790 862 valde

205 895 347 949 nobis
374 903 509 950 sunt
536 897 744 960 infesti,
798 902 855 951 et
895 897 1099 950 idcirco
1130 914 1278 951 nunc
1306 898 1475 952 alfero
1504 905 1690 952 catum
1719 898 1788 951 ad

203 985 672 1054 comprimendum
703 985 950 1039 furorem
975 986 1220 1038 illorum.
1255 987 1391 1040 Ecce
1416 987 1484 1040 ad
1519 991 1786 1056 quantam

205 1073 577 1128 humilitatem
606 1079 800 1128 tantus
823 1075 909 1127 vir
938 1091 1036 1144 pro
1063 1075 1178 1128 Deo
1205 1091 1324 1128 sese
1347 1075 1677 1129 submittere
1698 1091 1790 1128 cu-

201 1163 358 1226 ravit;
390 1168 451 1216 et
498 1163 630 1233 quia
658 1163 900 1217 multum
941 1179 999 1216 se
1050 1163 1384 1229 humiliavit,
1436 1165 1584 1218 Deus
1626 1164 1784 1217 illum

199 1251 431 1304 exaltare
461 1251 522 1304 in
555 1252 818 1321 praesenti
845 1269 958 1305 non
989 1253 1224 1307 distulit.

255 1339 307 1392 6.
335 1339 552 1393 Verum
584 1341 789 1394 fratres
818 1341 912 1411 qui
951 1343 1067 1411 jam
1118 1342 1349 1395 adunati
1380 1347 1542 1396 erant
1579 1343 1636 1396 in
1665 1342 1787 1413 ipso

197 1427 322 1490 loco,
354 1443 473 1480 non
503 1427 744 1481 multum
780 1428 1015 1482 litterati
1043 1445 1145 1482 nec
1175 1429 1475 1482 admodum
1517 1430 1786 1500 religione

190 1515 442 1568 instructi
470 1514 842 1572 habebantur.
876 1516 1122 1570 Cernens
1169 1517 1512 1571 Lanfrancus
1543 1518 1782 1572 fratrum

191 1602 468 1668 inertiam,
500 1619 719 1656 morum
744 1603 1098 1673 pravitatem,
1135 1605 1346 1658 ordinis
1375 1607 1780 1676 transgressio-

190 1707 327 1756 nem,
361 1697 640 1744 contuens
668 1691 888 1761 aliquos
919 1692 1088 1746 etiam
1113 1693 1219 1747 sibi
1249 1694 1516 1759 invidere,
1551 1696 1646 1765 qui
1673 1695 1780 1749 sibi

188 1752 512 1832 metuebant
540 1795 666 1832 eum
697 1752 1110 1849 praeﬁciendum
1145 1781 1282 1847 fore,
1320 1752 1616 1852 ignorabat
1645 1785 1776 1854 quid
1795 1752 1841 1811 B

187 1873 387 1937 ageret,
426 1883 539 1937 quo
571 1884 628 1921 se
656 1868 1003 1925 transferret.
1037 1870 1303 1924 Taedebat
1326 1887 1451 1925 eum
1485 1889 1782 1927 conversa-

184 1956 343 2009 tionis
357 1956 702 2024 inhonestze,
720 1956 972 2010 inhiabat
999 1959 1262 2012 ardenter
1279 1960 1349 2013 ad
1376 1961 1638 2015 solitarize
1660 1963 1779 2016 dul-

183 2045 428 2098 cedinem
464 2043 607 2098 vitai.
633 2044 910 2099 Simulata
939 2045 1112 2115 igitur
1125 2049 1393 2102 stomachi
1428 2050 1775 2118 inﬁrmitate,

182 2133 558 2187 Fulcrannum
574 2133 936 2186 hortulanum
959 2136 1177 2204 rogavit
1197 2142 1262 2189 ut
1281 2137 1332 2189 ei
1353 2137 1603 2207 quotidie
1624 2139 1782 2193 affer-

185 2228 262 2275 ret
288 2221 514 2274 radices
547 2222 919 2290 quorumdam
949 2223 1307 2284 carduorum.
1333 2242 1476 2295 quas
1501 2226 1605 2279 sibi
1635 2243 1783 2281 asse-

185 2309 332 2363 rebat
371 2310 584 2362 aﬂ'erre
631 2309 928 2364 solutionis
971 2312 1300 2366 remedium.
1333 2315 1450 2367 Hoc
1480 2320 1666 2368 autem
1698 2317 1782 2369 fa-

182 2398 350 2451 ciebat
410 2405 482 2451 ut
520 2413 724 2467 Corpus
779 2415 943 2452 suum
998 2401 1371 2456 assuefaceret
1416 2403 1517 2456 tali
1573 2405 1776 2470 edulio,

184 2487 326 2556 quali
358 2486 551 2539 vivere
578 2485 911 2556 disponebat
930 2487 986 2541 in
1013 2505 1200 2543 eremo
1225 2490 1306 2555 ιθ).
1343 2491 1482 2545 Cum
1505 2508 1637 2561 ergo
1660 2494 1779 2562 jam

183 2571 424 2624 animum
464 2574 524 2623 et
564 2586 766 2640 corpus
799 2579 1138 2641 praepararet
1165 2574 1235 2627 ad
1274 2574 1464 2644 fugam
1495 2581 1780 2632 nocturnae

182 2659 512 2730 elapsionis,
566 2659 773 2712 domno
803 2660 1074 2715 Herluino
1104 2661 1289 2716 abbati
1319 2664 1459 2717 nihil
1489 2665 1557 2718 de
1586 2666 1689 2719 hac
1720 2683 1780 2720 re

180 2747 507 2818 suspicanti,
533 2747 672 2800 dum
701 2747 759 2801 in
783 2748 926 2802 lecto
958 2749 1288 2820 quiesceret,
1315 2753 1552 2822 egregiae
1577 2754 1779 2808 indolis

182 2837 334 2907 Hugo
365 2853 538 2907 puer,
561 2836 658 2906 qui
678 2837 1003 2906 nuperrime
1023 2837 1256 2905 obierat,
1286 2841 1345 2894 in
1374 2847 1524 2895 veste
1545 2843 1782 2896 candida

181 2926 440 2997 apparuit
461 2925 640 2991 (filius
664 2925 911 2978 Haldrici
938 2927 1006 2979 de
1033 2927 1394 2995 Sauvarvilla,
1434 2947 1605 3001 nepos
1638 2933 1786 3002 ejus-

180 3015 299 3068 dem
317 3013 591 3081 abbatis).
609 3014 784 3083 Cujus
813 3022 1043 3084 aspectu
1075 3016 1132 3070 in
1164 3017 1317 3071 nullo
1339 3019 1616 3084 turbatus,
1639 3037 1789 3074 ama-

181 3104 365 3158 biliter
391 3103 474 3155 sic
499 3119 632 3156 eum
657 3102 831 3156 abbas
862 3103 1066 3157 affatur
1096 3123 1106 3156 :
1142 3124 1167 3157 α
1197 3105 1340 3168 Quid
1367 3113 1470 3169 est,
1503 3108 1614 3161 fili?
1644 3110 1790 3172 Quo-

182 3193 344 3245 modo
358 3199 419 3246 te
450 3190 668 3244 habes?
690 3210 718 3244 ιν
749 3192 819 3245 Et
849 3208 989 3262 puer
1016 3193 1277 3247 alacriter
1302 3212 1314 3247 :
1351 3212 1375 3247 α
1410 3196 1523 3264 Ego
1546 3213 1654 3263 me,
1686 3197 1785 3264 ait,

185 3279 324 3335 bone
375 3282 573 3345 Pater,
625 3279 768 3333 bene
811 3279 1006 3340 habeo.
1051 3283 1185 3351 quia
1212 3299 1312 3352 per
1341 3283 1442 3336 Dei
1471 3284 1788 3340 misericor-

186 3369 354 3434 diam,
399 3376 458 3423 et
501 3374 659 3422 tuam
700 3369 1178 3436 intercessionem,
1236 3371 1507 3426 liberatus
1544 3391 1669 3428 sum
1718 3376 1788 3429 ab

188 3459 338 3512 omni
355 3463 672 3511 tormento.
703 3457 808 3512 Sed
843 3458 988 3512 Deus
1019 3459 1173 3513 misit
1191 3477 1281 3513 me
1307 3461 1376 3514 ad
1407 3467 1482 3526 te,
1514 3468 1579 3516 ut
1606 3463 1788 3517 dicam

183 3547 280 3600 tibi
312 3547 471 3618 quia,
508 3548 556 3600 si
581 3547 685 3602 tibi
714 3564 825 3602 non
861 3551 1224 3619 prospexeris,
1259 3551 1587 3621 magistrum
1640 3555 1787 3608 Lan-

186 3635 441 3690 francum
466 3636 541 3689 ad
562 3637 878 3706 proximum
897 3654 1006 3691 non
1022 3638 1270 3692 habebis.
1301 3657 1327 3692 »
1344 3639 1526 3695 Abbas
1555 3641 1790 3698 admira-

187 3731 275 3778 tus
310 3746 325 3779 :
349 3744 377 3777 ε
414 3725 732 3790 Quomodo,
749 3727 1082 3796 inquit,ﬁli?
1116 3746 1141 3778 ν
1167 3729 1316 3782 Puer
1342 3729 1411 3783 ad
1440 3729 1556 3784 haec
1581 3749 1626 3783 τι
1646 3731 1789 3795 Quia

186 3814 502 3874 solitariam
527 3813 696 3867 vitam
727 3814 1024 3880 desiderat,
1052 3822 1109 3870 et
1135 3817 1204 3870 de
1230 3820 1572 3873 monasterio
1599 3821 1790 3890 egredi

188 3902 484 3966 deliberat,
516 3902 784 3973 quoniam
816 3920 1000 3958 mores
1035 3905 1272 3960 fratrum
1307 3912 1362 3960 et
1390 3908 1503 3962 vita
1541 3908 1646 3963 sibi
1678 3927 1791 3964 non

187 3991 415 4060 placent
439 3990 585 4044 Vide
604 4007 739 4060 ergo
769 3991 902 4062 quid
933 3992 1120 4058 facias,
1144 3995 1275 4064 quia
1303 3995 1403 4049 tibi
1429 4013 1542 4051 non
1572 3999 1795 4069 expedit

187 4088 250 4134 ut
285 4086 343 4135 te
385 4080 634 4134 deserat.
679 4099 696 4130 ι
744 4080 844 4134 His
889 4081 1050 4135 dictis
1096 4099 1237 4153 puer
1281 4084 1574 4156 disparuit.
1607 4087 1792 4142 Abbas

189 4169 470 4223 attonitus
513 4167 575 4221 in
621 4167 709 4221 his
756 4184 879 4238 quae
917 4169 1191 4236 audierat,
1222 4171 1501 4242 reliquum
1525 4175 1702 4229 noctis
1732 4176 1790 4229 in

187 4258 395 4328 vigiliis
417 4262 475 4310 et
504 4256 852 4312 orationibus
879 4257 1134 4312 insomne
1171 4262 1406 4330 peregit.
1439 4262 1668 4317 Summo
1697 4281 1793 4319 au-

191 4351 305 4400 tem
331 4361 524 4411 mane,
559 4343 650 4414 (‘0)
676 4361 805 4398 mox
828 4349 846 4408 (
863 4343 912 4401 Il
928 4353 941 4407 )
973 4351 1038 4399 ut
1065 4347 1206 4401 hora
1231 4349 1494 4419 loquendi
1523 4367 1583 4404 se
1613 4352 1785 4418 dedit,
1806 4342 1856 4401 D

193 4434 577 4493 Lanfrancum
644 4433 894 4500 adscivit,
953 4451 1141 4489 secum
1199 4436 1562 4506 singulariter
1600 4441 1794 4495 sedere

192 4523 362 4590 fecit;
427 4540 527 4577 cor
559 4521 776 4576 abbatis
813 4523 1014 4577 intimo
1057 4525 1249 4579 dolore
1289 4526 1623 4592 concutitur,
1691 4543 1794 4581 vox

194 4612 345 4667 intra
376 4613 571 4666 fauces
603 4611 902 4682 premitur,
951 4613 1211 4684 lacrymae
1251 4620 1609 4685 erumpentes
1637 4615 1794 4669 dolo-

193 4717 312 4754 rem
342 4700 534 4754 cordis
555 4699 836 4769 aperiunt.
865 4699 1207 4755 Lanfrancus
1238 4703 1342 4756 hoc
1373 4703 1564 4756 videns
1593 4702 1653 4756 in
1680 4709 1797 4757 ter-

195 4805 317 4843 ram
346 4788 734 4862 prosternitur
759 4806 771 4855 ;
801 4804 902 4842 cur
929 4787 1099 4844 abbas
1129 4790 1207 4844 sic
1236 4792 1418 4862 plorat
1457 4791 1661 4862 aperiri
1691 4791 1796 4846 sibi

196 4879 531 4950 sappliciter
568 4881 848 4948 precatur.
894 4877 1141 4931 Tandem
1182 4879 1353 4934 abbas
1400 4879 1459 4934 in
1489 4881 1608 4934 haec
1632 4880 1800 4934 verba

235 5019 242 5079 ί
271 5019 380 5089 (ί1)
431 5020 566 5074 Post
613 5017 1108 5092 primamiscilicet
1146 5027 1202 5074 et
1229 5037 1418 5092 preces
1462 5023 1522 5075 in
1555 5022 1797 5092 capitulo

197 5093 487 5164 recitatas,
525 5097 659 5145 ante
686 5090 837 5164 enim
867 5090 1021 5164 istud
1057 5090 1281 5162 tempus
1310 5090 1794 5164 silentiuquuod

199 5161 258 5233 in
297 5162 508 5233 regulae
555 5179 678 5232 cap.
737 5160 806 5216 42
836 5161 1096 5233 strictius
1135 5160 1530 5232 praescribitur,
1583 5160 1798 5218 solvere

201 5232 414 5305 absque
441 5234 601 5303 gravi
631 5232 967 5305 necessitate
989 5250 1101 5288 non
1127 5234 1272 5288 licet.

272 5303 383 5376 (Ω)
423 5308 580 5359 lianc
613 5303 910 5374 epistolam
953 5321 1018 5358 ex
1055 5323 1142 5359 ms
1206 5305 1470 5376 Beccensi
1496 5305 1799 5376 vulgarunt

198 5373 483 5431 Iohannes
513 5373 804 5438 l’icardus,
831 5381 888 5428 et
908 5381 1098 5430 noster
1119 5375 1344 5430 Gabriel
1364 5373 1720 5432 Gerberonus
1739 5377 1798 5431 in

199 5447 457 5520 notisad
509 5447 813 5520 epistolam
840 5444 923 5520 -41
959 5446 1055 5520 lib.
1103 5461 1144 5500 11
1190 5446 1338 5520 beati
1383 5448 1652 5503 Anselmi.
1708 5449 1792 5502 Ad

198 5517 563 5591 Willelmum'
582 5517 811 5591 scripsit
838 5517 1181 5591 Lanfrancus
1192 5589 1199 5591 Α
1211 5519 1523 5591 epistolam,
1557 5536 1695 5591 quae,
1709 5524 1795 5574 est

197 5586 268 5645 48
299 5591 565 5647 editionis
585 5586 936 5647 Aclierianw.
969 5589 1119 5645 Obiit
1156 5586 1305 5645 circa
1337 5586 1705 5649 annum1109
1725 5606 1792 5646 ex

1873 537 2060 590 Deus?
2090 537 2183 590 Vae
2204 537 2337 590 mihi
2371 537 2466 607 qui
2497 555 2684 592 meum
2710 542 3003 596 consilium
3030 543 3468 614 perdidi,meum

1874 614 2214 695 adjutorium
2247 625 2446 679 amisi!
2481 626 2767 682 Multoties
2813 646 2915 699 per
2946 647 3179 701 magnos
3216 631 3462 702 gemitus

1873 715 2050 768 Deum
2082 714 2292 784 rogavi,
2318 713 2618 769 uberrimis
2647 717 2911 788 lacrymis
2940 719 3142 774 divinae
3168 719 3472 791 supplicavi

1874 808 1934 867 4
1963 801 2376 867 misericordiae,
2428 807 2492 856 ut
2529 804 2700 858 talem
2745 806 2883 860 mihi
2930 807 3109 862 virum
3157 813 3467 879 praestaret,

1872 893 2033 960 cujus
2063 891 2294 944 consilio
2337 897 2393 944 et
2421 892 2628 946 auxilio
2668 894 2851 948 locum
2883 895 3056 949 istum
3087 897 3467 964 emendarem,

1872 985 1930 1032 et
1966 997 2087 1049 quae
2116 981 2230 1033 Deo
2275 986 2464 1034 essent
2488 980 2693 1051 placita
2722 985 3125 1038 monachorum
3157 984 3351 1039 usibus
3379 986 3469 1039 in-

1871 1069 2322 1124 staurarem.-Et
2373 1070 2612 1138 quando,
2666 1071 2842 1124 frater
2887 1073 3213 1139 Lanfrance,
3263 1075 3372 1128 huc
3410 1080 3468 1129 te

1868 1157 2018 1210 Deus
2069 1157 2318 1222 adduxit,
2376 1174 2566 1228 preces
2615 1159 2949 1214 humilitatis
2995 1178 3131 1217 meze
3177 1163 3467 1218 exauditas

1867 1245 2096 1298 credidi.
2127 1245 2242 1314 Ego
2267 1245 2324 1298 in
2346 1250 2402 1298 te
2414 1263 2554 1300 onus
2575 1264 2759 1301 meum
2783 1249 3091 1304 transferre
3121 1251 3461 1320 cogitabam;

1871 1350 1973 1404 ego
2001 1339 2057 1388 te
2087 1334 2259 1388 totius
2289 1335 2474 1388 oneris
2496 1335 2606 1388 mei
2627 1337 2903 1390 sarcinam
2923 1344 3257 1408 supportare
3277 1357 3464 1411 spera-

1869 1421 2016 1476 bam.
2053 1424 2214 1477 Nunc
2265 1428 2454 1476 autem
2487 1423 2673 1478 nescio
2703 1441 2814 1495 qua
2841 1426 2910 1479 de
2939 1443 3106 1480 causa
3135 1428 3263 1481 hinc
3285 1428 3464 1484 disce-

1865 1511 2017 1576 dere,
2061 1529 2150 1564 me
2203 1511 2414 1577 relicto,
2470 1512 2702 1582 satagis,
2746 1519 2804 1567 et
2841 1514 2911 1567 ad
2956 1515 3176 1570 deserta
3232 1533 3464 1588 pergere

1865 1600 2042 1670 cupis.
2101 1621 2122 1651 δ
2171 1601 2526 1659 Lanfrancus
2568 1602 2888 1672 intelligens
2929 1605 3273 1660 voluntatem
3303 1622 3464 1660 suam

1861 1689 2159 1755 detectam,
2191 1695 2247 1743 et
2273 1690 2620 1760 propositum
2652 1690 2834 1745 cordis
2863 1692 2970 1758 sui,
3004 1693 3153 1763 quod
3181 1695 3460 1748 occultum

1860 1777 2114 1848 putabat,
2168 1779 2455 1832 evidenter
2509 1779 2884 1850 propalatum,
2946 1780 3164 1836 abbatis
3228 1783 3463 1852 pedibus

1864 1866 2014 1919 illico
2046 1866 2376 1934 advolvitur,
2410 1871 2467 1920 et
2495 1868 2738 1938 qualiter
2767 1868 2869 1922 sibi
2893 1869 3273 1924 innotuissent
3302 1871 3458 1938 talia,

1863 1953 2154 2008 humiliter
2181 1954 2512 2010 sciscitatur.
2563 1957 2719 2010 Tunc
2765 1957 2816 2010 ei
2863 1955 3033 2011 abbas
3080 1958 3286 2012 blanda
3332 1975 3462 2013 voce

1863 2043 2131 2096 visionem
2162 2043 2403 2114 aperuit,
2431 2049 2488 2098 et
2513 2044 2646 2114 quid
2673 2043 2777 2098 sibi
2811 2045 3076 2100 divinitus
3101 2064 3202 2117 per
3225 2063 3463 2118 puerum

1864 2132 2169 2184 revelatum
2211 2131 2302 2193 sit,
2355 2132 2501 2185 sicut
2529 2133 2787 2202 superius
2815 2134 3139 2200 reteximus,
3171 2153 3272 2206 per
3308 2137 3460 2189 ordi-

1866 2236 1996 2272 nem
2027 2220 2338 2290 explicavit.
2368 2220 2713 2275 Lanfrancus
2745 2221 3055 2276 mirabilius
3081 2223 3233 2277 dictu
3266 2223 3460 2279 obstu-

1867 2308 2136 2377 pefactus,
2164 2313 2221 2361 et
2245 2307 2344 2361 Dei
2375 2309 2618 2378 gratiam
2650 2309 2708 2362 in
2739 2309 2940 2364 abbate
2961 2311 3321 2366 vehementer
3351 2313 3461 2367 ad-

1864 2396 2120 2462 miratus,
2173 2397 2330 2450 liumi
2379 2403 2715 2467 prostratus,
2747 2414 2848 2468 per
2875 2399 3276 2454 confessionem
3309 2401 3464 2456 Patri

1863 2484 2120 2554 protinus
2179 2485 2451 2555 quidquid
2506 2486 2566 2539 in
2617 2487 2906 2540 voluntate
2955 2487 3248 2555 habuerat,
3295 2491 3462 2544 corde

1863 2579 2231 2643 compunctus
2263 2574 2537 2644 exposuit,
2565 2575 3006 2646 pcenitentiaque
3035 2582 3262 2647 accepta
3285 2583 3343 2632 et
3371 2578 3466 2632 ab-

1864 2661 2141 2716 solutione
2168 2663 2490 2733 impetrata,
2510 2664 2812 2734 spopondit
2843 2681 2903 2718 se
2944 2681 3234 2736 nunquam
3251 2666 3321 2720 ab
3341 2667 3462 2737 ipso

1862 2750 2258 2815 discessurum,
2283 2753 2516 2822 ejusque
2536 2753 2828 2822 praeceptis
2841 2769 2942 2823 per
2963 2755 3153 2807 omnia
3177 2755 3462 2828 obtempe-

1868 2844 2144 2893 raturum.
2180 2839 2366 2893 Abbas
2415 2840 2672 2909 ingentes
2709 2841 3081 2912 omnipotenti
3109 2843 3224 2897 Deo
3250 2845 3463 2914 gratias

1871 2928 2142 2995 referens,
2177 2945 2343 2998 quam
2376 2929 2540 2982 citius
2578 2929 2778 2999 potuit,
2820 2931 3190 2985 Lanfrancum
3220 2933 3463 3002 priorem

1870 3017 2180 3081 constituit,
2218 3022 2271 3069 et
2303 3017 2574 3086 quidquid
2621 3017 2818 3070 ditioni
2849 3019 3177 3072 monasterii
3207 3020 3465 3090 subjace—

1869 3104 1983 3170 bat,
2013 3105 2251 3158 interius
2283 3110 2339 3158 et
2359 3104 2602 3158 exterius
2619 3105 2795 3176 ipsius
2816 3122 2964 3161 cura;
2984 3107 3281 3161 commisit.
3313 3109 3465 3173 Quos

1871 3195 1950 3248 ita
1977 3193 2270 3248 unanimes
2299 3193 2498 3247 tribuit
2525 3209 2645 3247 esse
2675 3193 2862 3247 divina
2887 3196 3178 3265 protectio,
3211 3202 3275 3250 ut
3310 3197 3465 3252 nulla

1871 3299 2119 3353 unquam
2174 3282 2322 3336 inter
2359 3299 2453 3336 eos
2483 3287 2607 3336 orta
2637 3282 2808 3336 fuerit
2831 3283 3196 3338 dissensionis
3223 3286 3460 3340 occasio.

1872 3372 2030 3425 Hanc
2062 3370 2326 3424 visionem
2350 3371 2697 3424 Lanfrancus
2712 3388 2815 3424 nec
2832 3371 3022 3425 volens
3042 3373 3466 3444 propalare,nec

1870 3459 2098 3512 omnino
2144 3459 2421 3513 occultare
2463 3459 2548 3525 μί)
2581 3459 2848 3513 indicavit
2882 3459 3035 3513 illam
3079 3461 3300 3514 cuidam
3337 3479 3468 3517 mo-

1869 3547 2067 3614 nacho,
2096 3548 2321 3601 nomine
2346 3547 2649 3613 Willelmo,
2676 3563 2840 3618 quem
2869 3548 2987 3618 ipse
3003 3565 3036 3602 a
3057 3566 3232 3619 puero
3257 3552 3470 3606 nutrie-

1871 3642 1962 3690 rat
1992 3642 2049 3690 et
2077 3637 2362 3702 docuerat,
2388 3636 2807 3706 plurimumque
2855 3636 3099 3702 amabat,
3141 3639 3466 3711 praecipiens

1871 3741 1943 3778 ne
1965 3725 2053 3778 eui
2080 3725 2311 3791 diceret,
2328 3725 2576 3795 quandiu
2597 3725 2716 3794 ipse
2741 3725 2798 3778 in
2818 3741 3048 3796 corpore
3071 3726 3465 3792 viveret.Quod

1872 3813 1966 3867 ille
1996 3814 2240 3868 servavit
2284 3830 2463 3884 usque
2501 3812 2571 3866 ad
2612 3814 2868 3867 ultimam
2911 3821 3279 3873 senectutem.
3334 3818 3470 3871 Post

1875 3908 2113 3957 mortem
2139 3919 2268 3957 vero
2289 3902 2608 3968 Lanfranci,
2626 3919 2752 3956 cum
2774 3903 2896 3972 jam
2915 3904 3072 3956 nulla
3093 3903 3469 3974 prohibitione

1873 3996 2190 4062 urgeretur,
2220 3990 2444 4060 scripsit
2473 4007 2592 4044 rem
2624 3990 2770 4044 sicut
2797 3991 3074 4056 audierat,
3108 3997 3165 4044 et
3183 3991 3373 4046 abbati
3402 4009 3468 4047 ac

1875 4079 2162 4134 monachis
2190 4079 2349 4133 Becci
2379 4079 2646 4149 scriptam
2677 4079 2803 4149 (12),
2838 4084 3004 4149 prout
3033 4095 3204 4150 supra
3231 4080 3470 4150 digessi-

1876 4186 2020 4235 mus,
2068 4168 2288 4222 direxit.
2324 4168 2460 4222 Fuit'
2494 4167 2644 4221 idem
2691 4167 3001 4222 Willelmus
3031 4167 3203 4224 abbas
3246 4170 3471 4224 Corme-

1875 4257 2068 4312 liensis
2096 4255 2347 4311 casnobii.

2485 4344 2718 4400 CAPUT
2746 4345 2847 4398 III.

1948 4435 2001 4488 7.
2036 4434 2118 4488 Ad
2148 4433 2596 4488 administranda
2625 4449 2847 4504 quoque
2873 4433 3046 4488 totius
3075 4436 3270 4506 patriae
3294 4452 3469 4507 nego-

1877 4525 1958 4578 tia
1979 4523 2068 4592 (¹²)
2102 4539 2356 4578 summus
2383 4522 2453 4576 ab
2477 4523 2598 4593 ipso
2636 4523 3115 4577 Nortmannorum
3156 4525 3296 4580 duce
3325 4527 3472 4582 Wil-
3499 4564 3501 4567 ι

1878 4613 2044 4666 lelmo
2073 4611 2424 4666 consiliarius
2453 4611 2780 4665 assumitur.
2809 4611 2983 4681 Cujus
3011 4614 3207 4682 gratiae
3238 4614 3472 4670 nimiam

1880 4700 2380 4771 perturbationem,
2405 4717 2526 4770 quae
2556 4705 2788 4769 repente
2814 4699 3000 4767 irruit,
3021 4700 3305 4772 insperato
3324 4705 3472 4758 Deus

1879 4807 2076 4844 sereno
2122 4788 2440 4844 laetiﬁcavit.
2494 4787 2877 4852 Quorumdam
2909 4787 3058 4842 enim
3099 4792 3472 4847 accusationi-

1878 4879 1983 4934 bus
2011 4879 2322 4933 delatorum
2354 4878 2465 4932 dux
2493 4878 2551 4931 in
2572 4894 2700 4932 eum
2728 4876 3089 4933 vehementer
3111 4881 3468 4949 amaricatus,

1881 5021 2145 5076 Orderico
2177 5019 2360 5085 Vitali,
2393 5019 2470 5073 lib
2521 5034 2582 5084 11,
2625 5020 2720 5090 qui
2751 5036 2878 5074 eum
2905 5020 3055 5074 inter
3091 5023 3238 5076 viros
3271 5024 3471 5076 sancti-

1879 5099 1996 5147 tate
2026 5098 2082 5146 et
2105 5093 2360 5146 doctrina
2387 5092 2692 5163 praecipuos
2720 5097 2993 5155 recenset,
3025 5092 3104 5146 sic
3123 5093 3271 5147 enim
3296 5094 3476 5163 loqui-

1877 5170 1973 5218 tur
1997 5182 2008 5216 :
2043 5165 2108 5217 In
2130 5166 2226 5218 illo
2249 5169 2481 5231 tempore
2505 5167 2893 5230 migrauerunt
2903 5168 3091 5232 plures
3113 5167 3400 5217 sanctitate
3421 5169 3472 5217 et

1878 5237 2154 5303 sapientia
2193 5236 2464 5302 prwcipui
2499 5237 2740 5288 doctores
2762 5236 3152 5294 Ecclesiarum,
3178 5236 3468 5289 Anselmus

1877 5309 2080 5360 scilicet
2131 5307 2564 5374 archiepiscopus
2618 5307 3076 5360 Cantuariorum.
3139 5305 3468 5360 Guiltetmus

1879 5379 2316 5445 archiepiscopus
2345 5377 2880 5444 Rothomagensium,
2917 5377 3350 5442 venerabitrsquc
3376 5393 3471 5433 cat-

1880 5450 2172 5502 nobiorum
2192 5454 2439 5512 rectores,
2475 5449 2629 5516 Hugo
2653 5449 2817 5502 abbas
2839 5447 3240 5513 Utuniacensis,
3274 5446 3474 5504 Gerva-

1873 5522 1990 5574 sius
2020 5519 2382 5576 Rhcdonensis
2411 5523 2459 5573 et
2489 5519 2818 5575 Guittetmus
2851 5518 3251 5590 Cormetiensis.
