3952 6396
471 342 536 398 35

1447 335 1505 386 Β.
1552 329 1966 387 LANFRANCI
2007 324 2366 380 CANTUAR.
2410 323 2748 378 ARCHIEP.

3664 324 3737 378 36

465 463 699 520 mandat
724 466 789 518 ut
826 459 1170 516 monasterio
1201 457 1545 523 exturbatur,
1594 455 1777 528 patria
1809 453 2123 510 discedatA
2145 469 2294 506 niam
2329 452 2568 522 petierat
2593 450 2684 522 (¹⁴)
2717 464 2884 503 causa
2930 447 3218 517 cujusdam
3263 447 3470 513 clerici,
3504 446 3740 501 nomine

464 555 827 612 Lanfrancus.
851 552 967 606 Nec
987 554 1174 604 motus
1203 547 1376 602 animi
1404 545 1490 601 sui
1513 546 1617 600 hac
1637 544 1846 598 indicta
1865 543 2062 598 sedare

465 643 676 707 valens,
705 638 994 695 mandavit
1015 637 1161 708 juris
1189 635 1516 690 monasterii
1545 635 1754 692 villam.
1778 649 1901 704 qua:
1931 634 2063 687 Par-

465 748 565 788 cus
589 731 814 795 dicitur,
840 727 1086 782 ﬂammis
1109 725 1306 780 excidi.
1332 726 1571 778 Paretur
1597 730 1713 777 tam
1743 722 1925 776 eﬁ'erae
1938 722 2062 792 jus-

467 820 630 875 sioni.
660 820 738 874 Eo
763 816 1104 878 discedente,
1141 813 1236 884 qui
1265 829 1432 866 omne
1480 810 1752 881 gaudium
1793 809 2062 864 fratribus

471 913 594 964 erat
610 913 669 963 et
697 903 1024 968 consolatio,
1053 903 1214 957 dolor
1233 902 1382 955 altus
1406 905 1676 954 remanet.
1703 899 1848 962 Quia
1867 899 2065 953 melior

471 1011 583 1051 non
612 994 943 1058 habebatur,
969 991 1144 1062 tripes
1160 1005 1338 1061 equus
1357 994 1556 1059 quarto
1584 987 1724 1059 pede
1751 987 1955 1054 inutili,
1981 987 2061 1040 illi

471 1084 762 1148 tribuitur,
797 1088 854 1136 et
884 1095 1031 1135 unus
1075 1079 1335 1132 famulus.
1388 1077 1608 1131 Instant
1637 1075 1829 1146 itaque
1860 1075 2062 1129 fratres

469 1172 728 1237 orationi,
776 1173 938 1241 juxta
984 1167 1121 1221 illud
1158 1165 1414 1220 Ieremia
1460 1183 1471 1218 :
1506 1165 1900 1218 Praestolantes
1933 1181 2063 1218 cum

473 1259 694 1316 silentio
732 1259 978 1313 salutare
1021 1254 1248 1310 Domini
1281 1255 1500 1321 (Thren.
1533 1267 1610 1316 In,
1643 1252 1755 1316 26).
1801 1253 2064 1307 Protinus

472 1365 587 1420 qua
614 1349 710 1402 ille
733 1344 1056 1401 discedebat
1091 1343 1221 1397 duci
1263 1341 1457 1396 obvius
1484 1341 1724 1396 venienti
1761 1342 2064 1412 appropin-

471 1452 669 1509 quans,
701 1451 846 1506 equo
884 1450 986 1505 per
1021 1431 1270 1500 singulos
1315 1446 1512 1501 passus
1541 1435 1709 1500 caput
1747 1430 1818 1484 ad
1853 1436 2064 1484 terram

471 1525 861 1588 submittente,
887 1521 1180 1576 dominum
1202 1520 1414 1574 salutat
1438 1538 1451 1584 ;
1483 1519 1816 1573 innocentiae
1837 1519 2063 1589 quidem

471 1615 745 1678 conscius,
793 1611 842 1666 si
890 1611 1043 1664 locus
1090 1608 1311 1663 dicendi
1357 1608 1604 1674 daretur,
1637 1623 1752 1662 non
1778 1607 2068 1662 difﬁdebat

473 1702 811 1758 causae.Dux
841 1699 1022 1771 primo
1053 1697 1265 1752 vultum
1295 1696 1514 1758 avertit,
1546 1696 1641 1750 sed
1662 1697 1850 1750 divina
1865 1702 2067 1766 agente

2144 539 2487 609 Berengarii,
2517 539 2612 610 qui
2635 539 2704 593 de
2731 543 3080 593 sacramento
3103 536 3296 592 altaris
3312 537 3480 591 aliter
3498 537 3739 607 dogma-

2143 629 2351 684 tizabat
2372 645 2542 698 quam
2580 628 2823 683 Ecclesia
2863 633 3033 682 tenet.
3065 635 3130 693 ὅ
3163 627 3254 697 (ίδ)
3301 625 3534 681 Dicebat
3579 625 3740 679 enim

2145 735 2344 790 panem
2366 723 2424 772 et
2442 717 2630 772 vinum
2653 723 2779 788 post
2793 715 3287 782 consecrationem,
3319 719 3744 769 sacramentum

2143 813 2386 872 tantum,
2420 823 2533 860 non
2580 811 2768 861 autem
2803 823 2923 860 esse
2954 822 3148 860 verum
3190 803 3398 858 Christi
3439 820 3642 874 corpus
3679 807 3747 857 et

2144 896 2496 966 sanguinem.
2527 896 2639 949 Iste
2671 895 2902 949 clericus
2927 894 3242 949 Lanfranco
3273 893 3434 964 quasi
3474 892 3747 947 familiari

2145 1001 2246 1039 suo
2276 985 2359 1053 (η’)
2388 984 2607 1038 litteras
2635 983 2748 1052 (l4)
2778 975 3229 1038 miserat-errore
3264 982 3385 1053 ipso
3419 998 3740 1053 respersas;

2145 1090 2240 1127 eas
2270 1073 2366 1144 qui
2397 1074 2656 1142 legerunt
2697 1071 3072 1126 Lanfrancum
3118 1071 3257 1126 talia
3283 1071 3494 1126 sentire
3523 1071 3745 1142 opinati

2145 1169 2296 1229 sunt,
2329 1166 2384 1215 et
2412 1162 2625 1216 socium
2654 1161 2860 1216 erroris
2875 1161 3321 1215 diﬁ‘amaverunt.
3353 1162 3424 1216 At
3447 1166 3568 1214 tum
3595 1161 3748 1214 forte

2145 1250 2598 1304 Lantrancus'ad
2642 1249 2847 1304 Urbem
2879 1250 3158 1320 profectus
3187 1254 3329 1314 erat,
3377 1249 3749 1320 pontiﬁcante

2146 1345 2280 1394 tunc
2300 1340 2491 1394 sedem
2523 1339 2670 1392 beati
2697 1339 2850 1393 Petri
2873 1339 3058 1394 Leone
3081 1337 3196 1408 (15)
3214 1343 3408 1392 octavo
3423 1338 3742 1409 (").Amici,

2148 1428 2243 1500 qui
2263 1427 2556 1482 infamiam
2575 1427 2680 1482 sibi
2702 1428 3003 1482 conﬂatam
3021 1427 3342 1495 audierunt,
3359 1428 3577 1482 litteras
3591 1427 3751 1499 ipsas

2147 1522 2275 1588 post
2301 1533 2430 1570 eum
2459 1516 2736 1570 miserunt
2763 1516 3022 1582 Romam;
3051 1515 3241 1586 ibique
3271 1515 3642 1586 suspicionem
3672 1516 3752 1569 de

2147 1606 2460 1660 Lanfranco
2511 1604 2845 1675 quibusdam
2881 1610 3244 1675 pepererunt.
3284 1605 3438 1676 Papa
3466 1605 3752 1674 Berenga-

2149 1694 2296 1748 rium
2327 1693 2397 1746 ad
2438 1693 2584 1747 diem
2637 1692 2864 1747 vocavit.
2896 1693 3107 1747 Verum
3155 1693 3251 1746 ille
3293 1693 3500 1747 timens
3528 1693 3748 1760 venire,

473 1789 793 1854 clementia,
808 1763 938 1842 mox
959 1785 1278 1840 miserando
1294 1783 1555 1854 respexit,
1584 1789 1641 1838 et
1666 1789 1807 1839 nutu
1837 1763 2131 1839 benevo-B
2149 1782 2368 1836 distulit
2391 1801 2403 1848 ;
2433 1782 2530 1836 sed
2557 1782 2906 1852 responsales
2935 1798 3038 1852 pro
3063 1798 3124 1835 se
3151 1782 3291 1835 duos
3311 1781 3540 1836 clericos
3567 1781 3747 1847 misit,

473 1878 662 1934 lentiae
688 1877 904 1932 aditum
933 1873 1198 1945 loquendi
1223 1872 1494 1927 concedit.
1539 1873 1694 1926 Tunc
1724 1873 2067 1928 Lanfrancus
2150 1872 2246 1941 qui
2275 1877 2404 1925 ante
2434 1887 2638 1942 papam
2658 1871 2962 1935 venientes,
2991 1873 3047 1924 et
3066 1870 3124 1924 in
3148 1886 3376 1924 causam
3400 1869 3750 1936 deﬁcientes,

473 1967 696 2023 decenti
717 1967 844 2036 joco
875 1965 956 2019 ait
987 1983 999 2016 :
1029 1963 1148 2018 Tuo
1179 1963 1342 2033 jussu
1380 1962 1667 2033 provincia
1712 1966 1814 2017 tua
1842 1963 2066 2017 discedo
2149 1960 2432 2030 reprobati
2460 1965 2518 2014 et
2536 1960 2687 2030 capti
2713 1964 2864 2014 sunt.
2892 1960 3236 2014 Lanfrancus
3255 1961 3446 2030 jussus
3472 1960 3749 2025 surrexit,

472 2056 663 2128 pedes,
709 2055 814 2108 hoc
857 2052 1042 2107 inutili
1084 2057 1385 2122 occupatus
1435 2052 1832 2122 quadrupede;
1879 2053 1964 2105 vel
2003 2056 2068 2105 ut
2148 2049 2305 2119 pravi
2327 2049 2572 2104 rumoris
2599 2066 2633 2102 a
2672 2065 2733 2102 se
2762 2049 3040 2103 maculam
3072 2048 3353 2113 abstersit,
3384 2049 3555 2102 ﬁdem
3583 2065 3756 2102 suam

469 2143 710 2214 jussioni
726 2149 836 2198 tua
853 2157 1050 2212 parere
1070 2140 1370 2211 queam,da
1381 2140 1519 2193 mihi
1535 2156 1740 2210 equum
1758 2140 2070 2197 meliorem.
2152 2137 2425 2208 exposuit,
2454 2135 2760 2207 expositam
2779 2137 2902 2207 plus
2930 2136 3104 2190 sacris
3127 2135 3553 2190 auctoritatibus
3572 2152 3750 2206 quam

474 2234 579 2289 Cui
607 2233 718 2287 dux
743 2229 1082 2286 subridendo
1109 2247 1120 2282 :
1147 2228 1515 2298 Quis,inquit,
1537 2228 1607 2283 ab
1627 2229 1836 2283 offenso
1859 2230 2067 2300 judice,
2152 2227 2500 2296 argumentis
2529 2225 2800 2296 probavit.
2837 2226 2997 2289 Quod
3026 2219 3166 2279 dixit
3191 2231 3250 2279 et
3277 2225 3533 2295 probavit
3563 2226 3755 2279 omni-

471 2321 675 2376 infecto
723 2319 864 2373 illati
905 2318 1160 2372 criminis
1211 2317 1456 2388 negotio,
1508 2335 1745 2372 munera
1769 2317 2069 2389 exposcit?
2154 2315 2257 2370 bus
2286 2315 2515 2385 placuit,
2549 2315 2686 2368 nulli
2735 2314 3038 2384 displicuit.
3081 2313 3160 2386 (‘3;
3187 2314 3316 2368 Haec
3346 2315 3542 2368 eadem
3571 2315 3630 2367 in
3657 2331 3753 2384 sy-

472 2409 724 2466 Tandem
753 2407 1158 2461 disertissimus
1205 2411 1397 2460 orator
1431 2407 1592 2476 petiit
1621 2407 1985 2472 audientiam,
2015 2413 2072 2461 et
2154 2404 2299 2458 nodo
2328 2403 2667 2458 Vercellensi
2693 2407 2936 2457 retracta
2962 2408 3113 2467 sunt,
3145 2408 3203 2457 et
3227 2403 3508 2457 sententia
3538 2404 3759 2457 Beren-

475 2499 594 2554 Deo
623 2496 729 2551 sibi
751 2511 914 2566 opem
942 2494 1403 2549 subministrante
1433 2511 1658 2549 causam
1689 2495 2070 2562 exorsus,bre-

472 2585 526 2638 vi
552 2585 624 2638 ad
653 2590 910 2655 optatum
933 2585 1098 2638 ﬁnem
1117 2583 1416 2654 peroravit.
1440 2584 1503 2637 In
1524 2583 1926 2654 amplissimam
1938 2601 2070 2654 gra-

475 2673 617 2727 tiam
663 2673 813 2727 illico
843 2679 1118 2744 receptus,
1141 2673 1344 2743 accipit
1372 2671 1706 2743 promissum
1734 2674 1881 2742 quod
1919 2674 2074 2728 nulla

475 2761 739 2832 deinceps
757 2761 1112 2838 accusatione
1127 2760 1341 2815 subiret
1361 2760 1638 2831 purgandi
1663 2761 2071 2832 praajudicium.

479 2849 800 2904 Gratissimi
822 2865 951 2902 mox
971 2848 1278 2903 succedunt
1296 2849 1584 2918 amplexus
1603 2854 1658 2902 et
1681 2849 2072 2904 oscula.Multo

475 2939 646 2993 etiam
677 2955 803 2992 cum
827 2943 1133 3008 augmento
1157 2937 1504 2991 restituenda
1521 2937 1930 3007 promittuntur
1949 2955 2070 3010 quae

476 3027 587 3081 dux
617 3027 944 3098 nuperrime
971 3025 1252 3080 devastari
1269 3027 1538 3097 jusserat.
1575 3027 1917 3095 Alacerrime
1944 3029 2070 3098 qui-

2151 2493 2296 2563 garii
2321 2493 2512 2547 audita
2536 2498 2593 2546 et
2619 2492 2944 2564 reprobata;
2974 2493 3114 2547 fides
3138 2510 3268 2547 vero
3299 2493 3760 2563 Ecclesiae,quam

2157 2583 2499 2638 Lanfrancus
2542 2581 2771 2636 tenebat
2810 2587 2866 2636 et
2896 2580 3202 2647 astruebat,
3236 2581 3505 2652 exposita,
3538 2586 3596 2634 et
3617 2597 3756 2635 con-

2157 2671 2576 2725 cordiomnium
2594 2687 2824 2724 assensu
2837 2671 3166 2724 conﬁrmata
3193 2672 3439 2736 est.Qum
3470 2673 3761 2726 sententia

2155 2777 2268 2814 non
2287 2760 2483 2829 effugit
2497 2761 2664 2829 hujus
2679 2759 2882 2813 Leonis
2897 2775 3053 2830 papae
3063 2761 3725 2815 successoremVictorem
3739 2803 3753 2815 .

2158 2849 2246 2920 ('9)
2276 2849 2528 2918 Denique
2558 2847 2616 2901 in
2653 2848 2886 2902 concilio
2922 2849 3234 2902 Turonensi
3265 2849 3400 2917 (16),
3455 2849 3544 2903 cui
3573 2849 3757 2920 ipsius

2152 2938 2392 2992 Victoris
2436 2936 2739 2990 interfuere
2777 2941 2945 3006 atque
2973 2936 3244 3007 praefuere
3280 2937 3469 3007 legati,
3504 2939 3636 2992 data
3664 2946 3756 2994 est

2153 3025 2260 3097 ipsi
2279 3025 2620 3095 Berengario
2637 3025 2788 3096 optio
2804 3025 3134 3079 defendendi
3148 3030 3363 3098 partem
3389 3042 3752 3097 suam;quam

471 3115 601 3170 dam
633 3131 988 3186 praecurrens
1045 3115 1270 3170 nuntiat
1326 3114 1594 3168 fratribus
1646 3115 1806 3169 illum
1859 3117 2062 3170 redire.
2084 3120 2127 3180 C
2150 3132 2276 3170 cum
2298 3114 2702 3169 defendendam
2733 3114 3018 3185 suscipere
3050 3131 3161 3168 non
3182 3115 3432 3180 auderet,
3462 3115 3752 3172 confessus

474 3204 909 3258 Commutantur
927 3205 1205 3274 lacrymae,
1225 3209 1492 3274 personat
1508 3219 1619 3257 non
1642 3205 1835 3271 semel,
1857 3205 1953 3259 sed
1972 3222 2071 3276 per

476 3296 658 3346 totum
686 3293 833 3346 diem
862 3291 1072 3362 ubique
1101 3292 1267 3346 corde
1291 3297 1348 3345 et
1377 3308 1472 3345 ore
1501 3309 1535 3344 a
1562 3293 1774 3347 cunctis
1812 3293 1966 3363 pium
2006 3297 2070 3348 Te

475 3383 651 3435 Deum
684 3381 1002 3434 laudamus.
1045 3379 1231 3433 Abbas
1258 3379 1558 3450 inopinata:
1597 3381 1677 3435 rei
1713 3381 1880 3434 ﬁdem
1915 3383 2070 3436 adhi-

473 3468 607 3523 bere
635 3485 747 3523 non
774 3473 996 3539 poterat
1011 3474 1240 3538 propter
1266 3468 1548 3522 feritatem
1569 3485 1738 3539 quam
1763 3469 1820 3522 in
1841 3469 2067 3525 domino

475 3557 704 3623 sciebat,
761 3557 938 3612 donec
981 3556 1330 3611 desideratus
1377 3557 1618 3610 advenit.
1669 3559 2070 3614 Accumulatur

472 3646 763 3718 gaudium,
798 3646 932 3716 quia
977 3645 1339 3700 incensorum
1384 3646 1449 3700 ﬁt
1493 3645 1715 3716 integra
1743 3647 2062 3715 restitutio;

472 3740 755 3789 terrarum
797 3750 1019 3806 quoque
1062 3733 1244 3788 eidem
1292 3733 1538 3788 ecclesia:
1575 3751 1964 3790 concessarum
1996 3735 2066 3790 ab

475 3823 674 3879 eodem
705 3822 932 3878 domino
971 3821 1257 3877 obtinetur
1284 3824 1654 3878 conﬁrmatio.

541 3915 596 3968 8.
613 3913 698 3977 (⁸³)
717 3913 898 3984 Hujus
919 3918 1037 3973 tam
1062 3911 1385 3982 improvidae
1403 3912 1675 3983 jussionis
1703 3928 1928 3967 causam
1956 3912 2068 3984 (13)

473 4003 653 4069 aiunt,
683 4003 832 4074 quod
855 4002 1006 4057 idem
1031 4001 1376 4056 Lanfrancus
1418 4001 1835 4056 contradicebat
1856 4003 2067 4074 nuptiis

473 4091 602 4145 ﬁliae
625 4091 846 4145 comitis
875 4090 1170 4158 Flandrise,
1217 4106 1389 4161 quam
1426 4090 1545 4162 ipse
1573 4091 1677 4145 sibi
1705 4091 1818 4145 dux
1844 4092 2067 4162 copula-

473 4184 631 4233 verat
654 4178 710 4233 in
743 4179 1124 4246 matrimonio,
1167 4179 1300 4250 quia
1329 4180 1586 4252 proxima
1613 4179 1797 4234 carnis
1833 4196 2066 4235 consan-

467 4267 743 4338 guinitate
754 4267 1282 4339 jungebatur.Unde
1302 4268 1635 4322 auctoritate
1652 4267 1890 4323 Romani
1907 4286 2065 4342 papae

2152 3209 2238 3259 est
2265 3221 2451 3260 coram
2483 3203 2741 3258 omnibus
2769 3219 3125 3258 communem
3157 3204 3410 3259 Ecclesiae
3439 3204 3607 3258 ﬁdem
3633 3224 3645 3272 ;
3692 3212 3756 3261 et

2145 3293 2355 3365 juravit
2383 3291 2452 3346 ab
2473 3293 2570 3345 illa
2588 3292 2728 3345 hora
2753 3308 2813 3344 se
2838 3291 2918 3345 ita
2945 3293 3309 3359 crediturum,
3337 3293 3483 3347 sicut
3502 3293 3755 3350 Ecclesia

2149 3386 2323 3437 tenet.
2358 3380 2516 3444 Quod
2531 3380 2919 3450 juramentum
2947 3386 3354 3452 transgressus,
3379 3382 3751 3438 nihilominus

2149 3470 2395 3540 primum
2424 3469 2628 3538 dogma
2669 3469 2725 3522 in
2755 3470 2958 3540 populo
2979 3487 3243 3541 spargere
3272 3487 3385 3524 non
3412 3471 3618 3524 omisit.
3655 3472 3747 3541 (³ο)

2151 3559 2310 3624 Quod
2322 3575 2449 3613 cum
2471 3558 2724 3613 audisset
2753 3559 3017 3614 Nicolaus
3046 3560 3562 3625 secundus,vocavit
3589 3577 3744 3629 eum;

2151 3649 2246 3719 qui
2262 3648 2497 3702 Romam
2518 3649 2828 3715 veniens,et
2842 3665 3022 3702 causae
3047 3665 3162 3703 suae
3175 3648 3455 3715 difﬁdens,
3480 3655 3537 3703 et
3556 3655 3749 3720 patro-

2149 3739 2295 3792 cinio
2324 3754 2518 3791 eorum
2547 3753 2686 3808 quos
2725 3736 2831 3791 sibi
2879 3737 3145 3808 impensis
3170 3737 3454 3792 beneﬁciis
3483 3739 3748 3795 concilia-

2146 3831 2318 3892 verat,
2350 3841 2549 3897 parum
2579 3826 2883 3893 conﬁdens,
2917 3843 3044 3880 cum
3074 3842 3187 3880 non
3207 3827 3441 3882 auderet
3460 3844 3620 3882 suam
3648 3828 3749 3883 de-

2146 3915 2364 3969 fensare
2391 3914 2750 3981 sententiam,
2784 3915 3086 3985 postulavit
3113 3915 3405 3970 Nicolaum
3433 3917 3747 3973 secundum

2149 4005 2383 4075 ejusque
2408 4003 2725 4068 concilium,
2755 4009 3031 4074 quatenus
3061 4004 3247 4070 ﬁdem,
3272 4021 3441 4074 quam
3472 4005 3631 4059 illum
3660 4011 3748 4061 te-

2147 4109 2282 4147 nere
2312 4091 2549 4157 volebat,
2573 4091 2755 4146 verbis
2775 4092 2882 4146 sibi
2904 4098 3224 4162 exponeret,
3240 4093 3446 4164 scripto
3464 4095 3741 4150 ﬁrmaret.

2147 4182 2343 4252 Itaque
2356 4180 2590 4252 jubente
2612 4197 2775 4252 papa,
2799 4181 2936 4234 ﬁdes
2953 4180 3135 4236 verbis
3161 4182 3428 4252 exposita,
3438 4189 3494 4236 et
3509 4183 3741 4254 scripta,

2147 4269 2464 4324 etomnium
2490 4285 2722 4323 assensu
2747 4269 3100 4334 conﬁrmata,
3121 4269 3330 4323 tradita
3349 4275 3435 4324 est
3462 4270 3744 4340 Berengap

468 4361 590 4412 tota
616 4357 881 4412 Neustria
917 4356 1102 4412 fuerat
1136 4356 1210 4411 ab
1253 4356 1434 4412 ofﬁcio
1465 4357 1903 4413 Christianitatis
1941 4376 2058 4414 sus-
2078 4356 2128 4415 D
2145 4359 2229 4414 rio
2250 4359 2320 4413 ad
2337 4359 2656 4429 legendum.
2680 4358 2925 4429 Accepit,
2950 4358 3104 4428 legit,
3127 4359 3214 4430 (9‘)
3232 4363 3289 4412 et
3313 4375 3437 4413 eam
3457 4376 3518 4414 se
3543 4364 3744 4416 tenere

468 4461 647 4516 pensa
697 4451 756 4500 et
805 4443 1126 4500 interdicta.
1187 4445 1542 4517 Quapropter
1582 4446 1928 4502 Lanfrancus
1953 4449 2053 4503 ite-

469 4549 596 4588 rum
627 4534 944 4590 Romanum
971 4550 1174 4606 papam
1205 4533 1377 4602 adiit;
1415 4535 1536 4606 jam
1574 4535 1725 4590 enim
1753 4542 1918 4591 antea
1948 4536 2060 4592 Ro-

546 4674 655 4746 (13)
692 4675 877 4730 Aliam
906 4691 1130 4730 causam
1177 4675 1346 4746 hujus
1384 4676 1466 4731 rei
1507 4683 1702 4734 narrat
1739 4679 2061 4734 Willelmus

468 4746 998 4821 Malmesburiensis,
1025 4763 1191 4820 quam
1209 4748 1330 4818 ejus
1352 4747 1533 4803 verbis
1562 4766 1836 4821 exponere
1853 4751 2012 4821 juvat
2043 4769 2055 4804 :

466 4819 780 4890 Lanfranco
833 4820 985 4887 apud
1026 4819 1249 4873 Beccum
1306 4819 1655 4890 monacham,
1682 4838 1808 4875 cum
1855 4819 2058 4890 ubique

466 4889 734 4943 scholare:
763 4892 977 4958 inﬂatis
1021 4891 1199 4944 buccis
1227 4890 1570 4946 dialecticam
1598 4898 1900 4957 ructarent,
1927 4889 2078 4947 Herm

464 4961 644 5028 fastus
664 4963 789 5028 jam
831 4962 1092 5016 Willelmi
1131 4964 1366 5027 comitis,
1411 4966 1594 5030 postea
1631 4966 1793 5030 regis,
1823 4967 2057 5032 capella-

463 5047 588 5097 nus,
622 5032 696 5085 ad
725 5033 1001 5098 famosum
1045 5037 1422 5099 gymnasium,
1457 5047 1664 5100 magna
1703 5036 1977 5088 sociorum
2005 5041 2056 5090 et

459 5118 725 5171 equorum
750 5118 952 5170 pompa
977 5105 1246 5170 pervenit.
1287 5104 1441 5157 Tunc
1465 5105 1816 5171 Lanfrancus
1845 5121 1912 5158 ea:
1936 5109 2056 5173 pri-

459 5189 553 5228 ma
582 5175 936 5228 collocatione
964 5175 1284 5239 intelligens
1303 5190 1472 5242 quam
1496 5189 1664 5244 prope
1692 5176 1838 5230 nihil
1869 5179 2049 5243 sciret,

460 5245 844 5299 abecedarium
899 5247 1008 5313 ipsi
1038 5245 1430 5312 expediendum
1467 5249 1737 5314 apposuit,
1785 5247 2052 5314 ferociam

457 5315 700 5370 hominis
727 5318 920 5370 italica
967 5317 1168 5382 facetia
1217 5317 1479 5370 illudens.
1533 5319 1646 5384 Quo
1676 5320 1724 5370 is
1763 5319 1946 5371 iratus
1971 5335 2052 5372 co-

457 5388 648 5459 mitem
679 5389 944 5459 pere/lecti
975 5385 1036 5456 [i.
1065 5402 1114 5440 e.
1133 5401 1236 5454 per
1250 5390 1500 5441 comitem
1529 5391 1698 5455 effecit
1727 5387 1825 5442 En.
1849 5389 2049 5459 Pyra]

455 5461 518 5509 ut
538 5456 888 5523 Lanfrancus
919 5459 1075 5512 Becco
1115 5459 1372 5526 omnique
1420 5459 1780 5514 Normannia
1810 5456 2050 5514 summo;

455 5531 696 5580 veretur.
718 5527 842 5593 Sed,
871 5533 976 5582 etc.

2139 4448 2368 4519 juravit,
2399 4464 2681 4518 manuque
2703 4447 2931 4518 propria
2959 4446 3303 4518 subscripsit.
3325 4448 3446 4512 Quo
3474 4448 3617 4502 facto
3640 4465 3743 4519 ga-

2143 4538 2294 4592 visus
2324 4542 2411 4591 est
2440 4553 2604 4608 papa,
2638 4541 2695 4591 et
2722 4535 2885 4591 multi
2917 4534 3028 4602 alii,
3075 4536 3144 4589 de
3184 4536 3304 4605 ejus
3337 4536 3652 4592 reversione
3678 4544 3744 4593 et

2144 4679 2317 4734 refert
2358 4683 2550 4750 noster
2586 4677 2859 4750 Acherius
2896 4676 2959 4750 in
2991 4677 3107 4731 suis
3136 4678 3304 4750 notis.
3345 4679 3474 4732 Haec
3501 4678 3631 4750 ipsa,
3649 4686 3743 4735 est

2144 4766 2267 4820 quae
2313 4767 2346 4803 a
2385 4749 2603 4820 clerico,
2629 4749 2872 4820 quodam
2926 4748 3192 4820 Remensi
3230 4749 3467 4803 Romam
3519 4748 3744 4820 perlata

2141 4818 2535 4892 Lanfrancum
2558 4818 3112 4892 _de_Berenga_r_iana
3164 4819 3362 4873 haeresi
3411 4818 3738 4892 suspectum

2138 4908 2360 4947 summo
2383 4889 2632 4962 pontiﬁci
2658 4889 2833 4962 Leoni
2859 4889 3198 4962 reddiderat,
3242 4907 3414 4961 quam
3460 4889 3738 4961 suspicio-

2136 4979 2266 5017 nem
2297 4959 2521 5034 penitus
2562 4960 2621 5013 in
2662 4960 2889 5034 synodo
2917 4959 3173 5034 Romana
3203 4977 3237 5034 a
3258 4959 3322 5015 se
3352 4959 3577 5034 amovit:
3603 4963 3738 5018 Haec

2135 5030 2316 5088 refert
2336 5031 2682 5102 Lanfrancus
2710 5031 2828 5101 ipse
2875 5030 2935 5085 in
2979 5031 3119 5086 libro
3157 5033 3422 5086 adversus
3455 5033 3737 5102 Berenga-

2135 5105 2305 5171 rium,
2336 5101 2434 5157 ubi
2463 5108 2520 5174 et
2545 5101 2742 5174 eadem
2774 5118 2897 5174 quae
2924 5102 3016 5157 hic
3043 5103 3112 5157 de
3149 5104 3362 5174 synodo
3386 5101 3733 5159 Vercellensi

2135 5176 2416 5240 dicuntur,
2448 5172 2627 5228 fusius
2647 5173 2891 5243 exponit.

2210 5246 2316 5313 (15)
2340 5246 2393 5300 Is
2417 5250 2504 5298 est
2532 5245 2588 5298 S.
2621 5244 2733 5298 Leo
2762 5245 2924 5315 IX,a
2957 5244 3154 5298 Milone
3182 5245 3363 5299 dictus
3392 5245 3540 5309 VIII,
3577 5247 3732 5315 quod

2133 5316 2389 5370 nonnulli
2410 5316 2674 5381 Leonem,
2703 5316 2800 5385 qui
2827 5314 2898 5368 ab
2928 5315 3133 5370 Ottone
3161 5315 3500 5386 imperatore
3529 5314 3732 5373 contra

2132 5388 2409 5442 Joannem
2437 5387 2539 5440 XII
2571 5392 2792 5458 creatus
2827 5386 2952 5454 fuit,
2984 5387 3304 5441 censuerint
3339 5403 3368 5440 e
3397 5386 3728 5458 pontiﬁcum

2131 5458 2402 5528 Catalogo
2431 5457 2882 5528 expungendum.

2200 5525 2308 5596 (16)
2330 5525 2474 5583 Huic
2497 5525 2806 5585 Turonensi
2828 5528 3062 5584 concilio
3083 5528 3327 5583 adfuisse
3347 5528 3725 5586 Lanfrancum

523 5595 645 5670 (14)
671 5596 979 5669 Epistolam
1021 5598 1165 5653 hanc
1208 5599 1533 5672 Berengarii
1563 5601 1636 5656 ad
1666 5600 2039 5656 Lanfrancum
2123 5595 2403 5656 testistest
2429 5600 2728 5656 Ordericus
2754 5600 2974 5669 Vitalis,
3007 5600 3100 5656 lib.
3133 5617 3190 5656 iv
3220 5601 3497 5656 Historiae.
