3952 6400
197 347 247 400 3,
1729 329 1910 391 vlTA.

3390 339 3459 397 38

191 469 550 533 conversione,
585 467 680 538 qui
710 471 879 520 antea
906 463 1169 518 dolebant
1197 465 1266 518 de
1305 467 1425 535 ejus
1455 464 1761 519 aversione.
1784 465 2077 530 Aoperam
2110 475 2267 513 suam
2295 459 2606 531 expendere
2631 460 2884 519 desistat.
2919 480 2943 514 »
2976 464 3090 518 Nec
3118 465 3293 519 multo
3321 471 3448 536 post

194 561 356 630 Hujus
401 556 742 612 sacramenti
790 555 1092 624 sacrilegus
1129 559 1528 624 transgressor,
1571 558 1767 608 contra

192 648 461 720 praefatam
500 646 799 719 synodum,
840 649 1034 698 contra.
1089 644 1420 698 catholicam
1471 643 1765 698 veritatem

193 737 538 807 omniumque
585 733 1087 790 ecclesiasticorum
1143 732 1432 786 doctorum
1482 733 1651 785 ﬁdem
1682 729 1762 802 (9’)

190 827 443 897 scriptum
484 829 681 895 postea
717 821 984 876 condidit.
1031 820 1134 875 Cui
1163 821 1504 876 Lanfrancus
1534 837 1764 892 respon-

191 915 331 979 dens,
359 913 464 968 sub
493 912 723 966 nomine
763 910 1027 981 epistolae,
1060 908 1148 972 (’3)
1173 909 1424 964 libellum
1453 911 1765 980 elegantem

189 1001 506 1072 composuit,
543 999 817 1054 catholica
843 997 1073 1052 veritate
1102 998 1424 1064 subnixum,
1467 1003 1524 1052 et
1553 1005 1768 1053 sancto-

188 1106 301 1144 rum
312 1090 546 1144 Patrum
559 1088 693 1143 undi
702 1105 810 1160 que
822 1087 1248 1142 auctoritatibus
1261 1087 1620 1142 corroboratu
1627 1105 1678 1141 m
1688 1088 1765 1153 ,in

189 1196 286 1250 quo
304 1179 668 1233 inveniuntur
696 1179 808 1231 ista
838 1193 960 1247 quae
991 1177 1252 1231 diximus.
1294 1177 1394 1231 His
1421 1177 1570 1231 enim
1592 1177 1766 1247 gestis

188 1269 520 1322 Lanfrancus
545 1266 817 1332 interfuit,
851 1265 946 1337 qui
975 1283 1143 1344 causa
1185 1267 1353 1336 hujus
1391 1267 1506 1320 litis
1531 1267 1766 1321 Romam

185 1361 423 1422 venerat,
451 1362 511 1411 et
530 1362 594 1410 ut
614 1360 810 1427 ageret
828 1372 927 1427 pro
957 1355 1097 1409 duce
1123 1357 1534 1410 Normanorum
1551 1361 1608 1410 et
1629 1372 1766 1410 uxo-

185 1462 237 1500 re
254 1448 371 1516 ejus
401 1446 552 1516 apud
572 1445 961 1516 apostolicum,
993 1461 1095 1515 pro
1112 1462 1224 1516 qua
1242 1461 1322 1510 re,
1347 1445 1492 1499 sicut
1505 1443 1763 1510 diximus,

185 1535 308 1588 illuc
333 1539 678 1605 perrexerat.
714 1533 894 1604 Igitur
920 1533 1138 1588 locutus
1175 1549 1301 1587 cum
1333 1549 1479 1604 papa
1517 1530 1767 1600 Nicolao,

183 1623 421 1677 ostendit
449 1622 583 1693 quia
609 1623 728 1692 ejus
756 1622 1033 1676 sententia
1061 1622 1186 1676 illos
1213 1627 1436 1676 tantum
1483 1621 1770 1692 gravabat,

183 1712 267 1782 qui
298 1728 396 1766 eos
428 1727 532 1766 nec
561 1712 985 1782 conjunxerant,
1017 1726 1120 1764 nec
1172 1727 1433 1782 separare
1477 1715 1768 1781 poterant;

1848 549 2181 619 presbyterii
2218 565 2351 620 pars
2381 549 2611 603 dextera
2638 551 2866 618 corruit,
2903 552 2959 606 in
3000 569 3108 623 qua
3139 554 3444 609 oratorium

1848 644 1987 703 erat,
2022 642 2079 691 et
2103 639 2280 692 altare
2323 639 2501 693 sancti
2535 639 2840 694 Benedicti.
2885 641 3122 695 Anxiato
3146 659 3315 713 super
3345 643 3449 698 hoc

1847 731 1904 780 et
1951 727 2192 781 multum
2236 728 2567 781 conturbato
2618 727 2807 782 abbati
2857 746 2994 784 suus
3043 730 3103 784 in
3147 731 3300 785 omni
3341 747 3446 786 sua

1847 815 2192 869 desolatione
2240 817 2559 870 consolator
2610 818 2858 883 accessit,
2903 818 3199 874 obsecrans
3245 825 3329 888 ut,
3361 821 3448 876 vel

1849 919 1997 958 nunc
2025 904 2402 975 acquiescens,
2447 906 2665 975 majora
2690 907 2984 962 inchoaret
3009 909 3261 964 aediﬁcia.
3295 911 3444 965 Tan-

1849 992 1976 1046 dem
2002 992 2197 1058 victus,
2247 1009 2406 1064 spem
2453 994 2512 1046 in
2563 994 2678 1048 Deo
2708 995 3080 1051 certissimam
3119 1015 3349 1070 gerens,
3391 1005 3449 1055 et

1847 1081 2154 1152 plurimum
2195 1082 2253 1135 in
2301 1082 2605 1136 consiliarii
2653 1083 2740 1137 sui
2795 1101 2922 1155 ope
2949 1087 3254 1155 conﬁdens,
3288 1089 3450 1160 cujus

1849 1186 2019 1240 opera
2045 1169 2150 1224 sibi
2180 1169 2326 1223 bona
2359 1169 2549 1224 omnia
2589 1172 3010 1242 proveniebant,
3049 1175 3108 1228 in
3151 1176 3451 1232 salubriori

1849 1259 2089 1313 multum
2124 1264 2180 1312 et
2211 1259 2646 1313 convenientiori
2673 1260 2792 1314 loco
2833 1277 2977 1316 nova
3005 1262 3305 1332 inchoavit,
3335 1282 3452 1320 mo-

1850 1347 2159 1401 nasterium
2189 1353 2245 1401 et
2293 1347 2559 1413 ofﬁcinas,
2601 1364 2739 1419 opus
2770 1350 3104 1419 pergrande,
3141 1352 3290 1422 quod
3329 1369 3444 1408 non

1849 1452 1938 1490 res
1960 1435 2216 1506 propriae,
2244 1452 2366 1506 quae
2390 1436 2572 1490 adhuc
2601 1441 2762 1490 erant
2804 1438 3153 1508 permodicae,
3186 1439 3283 1494 sed
3309 1440 3448 1496 ﬁdes

1855 1524 1914 1578 in
1957 1525 2137 1578 Deum
2165 1525 2347 1591 ﬁrma,
2381 1531 2436 1578 et
2463 1541 2590 1596 spes
2617 1531 2787 1592 certa,
2821 1525 3080 1581 universa
3109 1529 3447 1584 conferendo

1855 1613 2241 1668 accumulavit.
2285 1614 2629 1668 Lanfrancus
2686 1631 2907 1685 quoque
2950 1615 3179 1670 licentia
3230 1616 3449 1672 abbatis

1856 1702 1942 1756 sui
1966 1701 2049 1771 (³⁷)
2080 1702 2284 1756 iterum
2335 1703 2583 1756 scholam
2627 1703 2828 1770 tenuit,
2867 1709 2924 1758 et
2952 1720 3019 1758 ea
3065 1721 3187 1776 quae
3222 1722 3256 1760 a
3295 1706 3453 1761 scho-

180 1780 300 1854 nam
333 1801 454 1854 dux
497 1780 745 1871 puellam
794 1814 963 1870 quam
992 1780 1283 1869 acceperat
1311 1799 1463 1853 nullo
1483 1780 1654 1870 pacto
1682 1780 1832 1854 di-B
1854 1792 2064 1846 lasticis
2091 1791 2401 1862 accipiebat
2428 1790 2617 1845 abbati
2665 1792 3004 1860 conferebat,
3038 1792 3208 1849 abbas
3257 1811 3453 1867 opera-

181 1890 400 1944 mittere
422 1889 605 1943 vellet.
639 1888 756 1942 Hoc
783 1887 1015 1942 audiens
1035 1892 1092 1941 et
1113 1903 1302 1941 verum
1325 1904 1447 1942 esse
1477 1889 1772 1943 advertens

180 1995 430 2032 summus
460 1977 729 2048 pontifex,
771 1975 1182 2047 dispensatione
1208 1975 1421 2045 habita,
1449 1977 1771 2046 conjugium

178 2065 465 2130 concessit,
491 2081 560 2119 eo
578 2070 768 2119 tamen
799 2064 963 2118 modo
988 2069 1264 2134 quatenus
1284 2065 1394 2118 dux
1415 2069 1472 2119 et
1495 2081 1632 2119 uxor
1652 2067 1770 2135 ejus

178 2151 279 2205 duo
327 2148 681 2204 monasteria
725 2152 1132 2213 construerent,
1166 2149 1226 2201 in
1267 2148 1468 2219 quibus
1519 2149 1770 2220 singulas

179 2239 642 2310 congregationes
671 2238 918 2292 virorum
942 2253 1006 2291 ac
1032 2236 1332 2290 mulierum
1367 2237 1766 2304 coadunarent,

179 2330 265 2398 qui
293 2327 370 2382 ibi
410 2326 521 2381 sub
551 2342 754 2381 norma
798 2331 1002 2380 sanctae
1043 2325 1328 2395 religionis
1363 2325 1452 2380 die
1491 2331 1770 2397 noctuque

178 2417 283 2471 Deo
320 2415 698 2479 deservirent,
723 2419 780 2468 et
810 2430 910 2486 pro
935 2414 1114 2468 salute
1142 2430 1336 2468 eorum
1368 2414 1765 2485 supplicarent.

177 2504 277 2572 (17)
298 2504 502 2559 Paruit
530 2504 642 2557 dux
673 2503 992 2574 apostolicae
1025 2502 1441 2574 dispensationi,
1464 2507 1521 2557 et
1537 2503 1772 2557 adiﬁca-

179 2599 368 2647 verunt
400 2593 518 2646 duo
543 2591 890 2646 monasteria
917 2591 976 2645 in
1005 2591 1212 2662 praedio
1241 2590 1327 2653 (³4)
1358 2591 1506 2662 quod
1531 2591 1772 2662 antiqui-

176 2688 255 2736 tas
272 2681 596 2736 Cadomum
617 2678 1000 2750 nuncupabat.
1024 2679 1108 2744 (")
1123 2680 1246 2733 Dux
1267 2696 1441 2734 unum
1470 2681 1774 2734 monacho-

176 2787 292 2825 rum
338 2771 396 2824 in
433 2769 670 2823 nomine
711 2769 891 2823 sancti
919 2768 1186 2839 Stephani
1217 2768 1685 2838 protomartyris;
1719 2773 1776 2822 et

175 2873 308 2912 uxor
336 2858 463 2927 ejus
480 2855 566 2928 (³⁸)
584 2857 824 2910 alterum
854 2855 1362 2910 sanctimonialium
1393 2856 1452 2910 in
1474 2856 1700 2910 nomine
1721 2861 1778 2910 et

175 2946 382 3000 honore
424 2949 637 2998 sanctae
665 2943 991 3010 Trinitatis;
1024 2943 1226 3015 quibus
1262 2949 1486 2998 tantum
1512 2945 1580 2998 de
1610 2945 1776 2999 rebus

1853 1881 1952 1935 riis
1975 1880 2164 1934 dabat.

1921 1966 2011 2024 10.
2071 1969 2204 2023 Post
2251 1967 2480 2023 triennii
2537 1970 2990 2040 completionem,
3043 1972 3163 2026 sola
3210 1972 3450 2028 necdum

1852 2057 2129 2128 completa
2177 2057 2424 2124 basilica,
2485 2059 2818 2114 venerabilis
2871 2060 3216 2115 Lanfrancus
3281 2062 3448 2133 cmpti

1853 2145 2036 2216 operis
2073 2146 2382 2213 institutor,
2411 2152 2528 2201 tam
2555 2149 2712 2202 ducis
2741 2149 3100 2204 Normanniae
3131 2166 3304 2221 quam
3338 2151 3448 2221 pri-

1853 2239 2068 2288 matum
2096 2235 2501 2306 supplicatione
2521 2236 2770 2290 coenobio
2791 2237 3143 2303 Cadomensi,
3169 2239 3318 2308 quod
3337 2238 3450 2292 dux

1851 2324 2079 2379 hortatu
2101 2341 2255 2396 papae
2277 2325 2490 2379 Nicolai
2511 2325 2901 2390 mdiﬁcaverat,
2927 2325 3098 2380 abbas
3120 2328 3444 2398 praeﬁcitur.

1852 2413 1958 2476 Qui
1989 2413 2058 2466 de
2089 2414 2426 2467 monasterio
2458 2413 2616 2468 Becci
2639 2415 2710 2468 ad
2735 2415 2840 2468 hoc
2866 2431 3006 2486 Opus
3036 2415 3244 2481 exiens,
3268 2432 3449 2470 unum

1852 2501 2011 2556 duxit
2046 2518 2254 2567 secum,
2303 2502 2399 2572 qui
2445 2519 2628 2574 nuper
2670 2503 2925 2557 habitum
2962 2509 3305 2575 susceperat,
3352 2504 3449 2558 sed

1854 2591 2256 2662 professionem
2301 2591 2551 2648 nondum
2598 2592 2824 2658 fecerat,
2868 2591 3094 2646 nomine
3123 2591 3448 2662 Radulfum,

1857 2679 1950 2750 qui
1979 2685 2176 2750 postea
2214 2681 2273 2734 in
2301 2697 2366 2736 eo
2395 2682 2515 2734 loco
2541 2681 2673 2735 fecit
2701 2680 3106 2750 professionem
3131 2700 3143 2748 ;
3177 2687 3234 2735 et
3263 2697 3453 2752 proce-

1855 2768 2022 2823 dente
2058 2774 2332 2840 tempore,
2361 2769 2610 2832 eiusdem
2633 2769 2875 2825 ecclesiae
2911 2769 3271 2824 Cadomensis
3299 2770 3456 2842 prior

1858 2858 2088 2925 exstitit,
2121 2858 2191 2912 ad
2241 2859 2503 2912 ultimum
2538 2858 2708 2912 abbas
2750 2859 2819 2912 de
2871 2858 3024 2912 Bello
3052 2857 3155 2928 (18)
3203 2858 3359 2912 obiit.
3388 2859 3455 2914 In

1857 2945 2096 2999 adventu
2129 2946 2423 2999 Lanfranci
2462 2962 2589 2998 mox
2623 2945 2693 2998 ad
2730 2945 2916 3014 ipsum
2945 2945 3132 2998 locum
3165 2945 3353 3000 venire
3383 2945 3455 3000 ad

177 3040 230 3089 et
269 3033 555 3090 reditibus
603 3032 720 3087 suis
771 3033 1146 3099 contulerunt,
1180 3036 1452 3102 quantum
1497 3031 1778 3088 sufﬁceret
1856 3034 2274 3088 conversionem
2304 3038 2594 3105 cmperunt
2621 3032 2834 3086 nobiles
2863 3032 2986 3098 viri,
3025 3037 3082 3086 et
3119 3033 3316 3103 optimi
3348 3033 3456 3087 cle-

174 3123 378 3178 ibidem
415 3120 806 3176 habitantibus
828 3126 886 3175 et
905 3121 975 3174 ad
1003 3121 1211 3175 victum
1233 3125 1289 3174 et
1309 3121 1596 3175 vestitum.
1790 3135 1834 3193 ο
1856 3122 1977 3188 rici,
2009 3123 2157 3175 inter
2175 3138 2314 3191 quos
2340 3121 2445 3175 fuit
2478 3120 2737 3190 egregius
2773 3126 2828 3174 et
2867 3120 3200 3174 venerabilis
3228 3121 3452 3176 Willel-

805 3210 1037 3265 CAPUT
1065 3210 1158 3265 IV.
1857 3227 1983 3264 mus
2007 3207 2117 3281 (19)
2137 3209 2352 3264 Rabodi
2388 3211 2554 3276 ﬁlius,
2591 3210 2685 3280 qui
2716 3215 2844 3280 post
2874 3210 3244 3264 Lanfrancum
3273 3210 3455 3265 Cado-

257 3301 310 3357 9.
337 3301 452 3354 Per
469 3299 624 3354 idem
651 3304 877 3369 tempus
897 3304 1177 3353 crescente
1190 3299 1452 3353 Beccensi
1479 3314 1778 3369 congrega-
1858 3299 2038 3353 mensi
2077 3298 2332 3353 Ecclesiae
2366 3299 2603 3370 praefuit,
2653 3304 2711 3352 et
2744 3303 2940 3368 postea
2988 3299 3456 3370 Rothomagensis

174 3389 344 3448 tione,
371 3390 432 3442 in
465 3405 534 3443 eo
563 3388 685 3442 loco
707 3387 942 3458 contigit
968 3387 1106 3442 illud
1127 3387 1338 3442 dictum
1359 3404 1393 3441 a
1421 3388 1657 3442 Domino
1678 3404 1777 3458 per
1856 3388 2306 3458 archiepiscopus
2327 3387 2556 3441 exstitit.
2580 3389 2692 3442 Iste
2712 3386 3029 3441 Willelmus
3049 3403 3177 3441 cum
3198 3387 3456 3443 habitum

173 3477 380 3531 Isaiam
409 3476 749 3548 prophetam
777 3494 788 3528 :
837 3463 1125 3543 Angustus
1161 3478 1306 3530 mihi
1338 3483 1412 3531 est
1455 3479 1601 3531 locus
1628 3496 1642 3540 ;
1686 3479 1775 3544 fac
1857 3476 2143 3546 religionis
2182 3476 2412 3530 Cadomi
2444 3476 2798 3546 suscepisset,
2833 3475 3037 3530 missus
3070 3482 3156 3530 est
3194 3477 3452 3544 Beccum,

173 3570 420 3634 spatium
451 3571 517 3618 ut
550 3566 861 3618 z'nhabz‘tem
903 3565 1060 3632 (1εαὶ.
1100 3578 1248 3630 xmx,
1287 3564 1396 3619 20>.
1442 3565 1774 3634 Spatiositas
1857 3571 1919 3620 ut
1964 3565 2217 3618 ordinem
2264 3564 2342 3618 ibi
2380 3564 2714 3626 addisceret,
2749 3564 2882 3634 quia
2933 3563 3152 3618 novella
3182 3565 3457 3635 plantatio

174 3654 322 3708 enim
353 3654 658 3708 domorum
687 3669 858 3722 parva
887 3652 1305 3707 multitudinem
1335 3653 1641 3707 adunatam
1666 3653 1776 3707 fra-
1855 3652 2029 3724 ipsius
2049 3654 2153 3708 loci
2184 3653 2432 3708 nondum
2457 3658 2679 3724 poterat
2706 3652 2846 3706 alios
2875 3653 3118 3723 perfecte
3147 3653 3450 3709 instruere.

171 3750 323 3796 trum
339 3744 466 3813 jam
491 3757 692 3811 capere
719 3757 833 3795 non
861 3739 1108 3807 valebat;
1142 3741 1239 3795 sed
1267 3741 1408 3795 situs
1429 3741 1534 3796 loci
1559 3742 1774 3796 incolu-
1856 3743 1969 3796 Iste
1991 3743 2078 3795 vir
2112 3743 2401 3812 generosis
2447 3741 2728 3796 natalibus
2778 3748 2953 3808 ortus,
3000 3741 3253 3813 simplex,
3296 3741 3460 3797 bonis

173 3831 358 3886 mitati
386 3830 719 3900 degentium
746 3829 1060 3884 contrarius
1082 3829 1371 3885 existebat.
1393 3832 1590 3901 Itaque
1616 3847 1777 3886 vene-
1855 3830 2106 3884 moribus
2134 3836 2384 3897 ornatus,
2418 3830 2712 3900 religiosus
2738 3847 2750 3879 :
2785 3846 2916 3884 cum
2941 3830 3295 3900 aliquantum
3318 3837 3461 3885 tem-

173 3919 370 3973 rabilis
399 3919 749 3973 Lanfrancus
777 3923 1030 3972 sanctum
1072 3919 1298 3973 Patrem
1345 3919 1680 3974 Herluinum
1709 3921 1778 3975 de
1860 3918 2010 3990 poris
2053 3917 2129 3972 ibi
2169 3919 2324 3990 prius
2362 3920 2452 3990 [f.,
2499 3917 2678 3991 prior]
2727 3918 3059 3983 claustralis,
3110 3925 3236 3989 post
3285 3919 3457 3974 abbas

176 4007 413 4078 majoris
452 4007 786 4060 monasterii
831 4006 1196 4061 adiﬁcatione
1226 4008 1560 4078 compellare
1592 4010 1774 4080 ccepit.
1860 4008 2259 4079 transegisset;
2298 4008 2428 4062 inde
2473 4013 2798 4079 assumptus
2829 4006 2936 4078 (³⁸),
2987 4012 3344 4062 consecratus
3374 4012 3462 4063 est

175 4095 342 4149 Tanti
397 4095 587 4166 operis
639 4095 817 4150 solam
871 4095 1302 4151 commotionem
1356 4097 1450 4151 ille
1501 4097 1772 4164 extimuit,
1861 4098 2310 4168 archiepiscopus
2356 4096 2854 4166 Rothomagensis;
2906 4095 2966 4149 in
3015 4112 3126 4167 quo
3173 4097 3293 4152 loco
3338 4113 3463 4169 per-

177 4184 360 4238 :etatis
395 4183 519 4252 jam
559 4181 868 4237 deﬁcientis
901 4183 1112 4238 viribus
1149 4183 1454 4255 plurimum
1497 4185 1776 4242 difﬁdens.
1861 4187 2093 4257 longum
2137 4191 2359 4256 tempus
2399 4185 2552 4252 vixit,
2588 4191 2645 4239 et
2685 4184 2744 4238 in
2782 4183 2931 4238 bona
2977 4189 3267 4240 senectute
3309 4184 3461 4241 diem

177 4271 526 4338 Confortari,
557 4270 866 4338 adhortari,
913 4287 977 4325 ac
1004 4289 1148 4343 saepe
1195 4272 1253 4326 id
1279 4273 1465 4344 ipsum
1501 4274 1777 4346 ingerere,
1860 4275 2122 4329 ultimum
2142 4275 2362 4329 clausit.
2382 4275 2447 4329 In
2466 4273 2560 4328 illo
2583 4273 2917 4329 Cadomensi
2933 4273 3182 4328 coenobio
3203 4279 3458 4346 tempore

178 4361 274 4431 qui
298 4365 556 4432 ceperat
581 4376 695 4415 non
722 4359 1035 4427 omittebat,
1076 4361 1264 4416 dicens
1292 4362 1478 4417 locum
1507 4381 1780 4435 aquosum
1797 4363 2180 4462 DLanfranci,
2228 4369 2285 4417 et
2335 4379 2530 4417 eorum
2572 4362 2686 4434 qui,
2736 4363 2998 4417 saeculum
3055 4363 3457 4434 relinquentes,

177 4465 288 4505 non
316 4465 448 4506 esse
489 4454 684 4520 aptum
720 4447 1054 4503 habitationi
1099 4450 1521 4505 monachorum.
1566 4447 2230 4508 Abbate"monasticam
2255 4451 2426 4506 vitam
2458 4451 2561 4506 sub
2609 4469 2674 4506 eo
2711 4453 3094 4522 arripuerunt,
3124 4453 3293 4524 coepit
3333 4451 3462 4508 reli-

177 4539 510 4594 nullatenus
545 4537 952 4609 acquiescente,
985 4537 1165 4592 fertur
1197 4538 1407 4594 dixisse
1434 4540 1782 4597 Lanfrancus
1859 4540 1952 4611 gio
1979 4558 2204 4612 magna,
2228 4557 2350 4612 quae
2379 4540 2649 4611 perdurat
2665 4557 2843 4611 usque
2874 4539 3062 4595 hodie.
3097 4542 3321 4596 Interea
3349 4541 3463 4598 dux

177 4628 527 4697 quibusdam
551 4625 832 4680 nobilibus
859 4625 1008 4693 viris,
1031 4643 1159 4681 cum
1184 4626 1384 4698 quibus
1409 4629 1778 4700 loquebatur:

180 4737 200 4766 ι
227 4717 491 4770 Domnus
517 4714 691 4769 abbas
709 4715 992 4769 consumit
1015 4719 1238 4787 tempus
1259 4720 1317 4770 et
1343 4717 1592 4772 laborem
1618 4735 1782 4774 suum

173 4803 234 4859 in
259 4805 369 4861 hoc
388 4821 606 4877 aquoso
632 4804 772 4869 loco,
787 4819 891 4858 nec
921 4805 1038 4859 vult
1057 4804 1196 4859 mihi
1225 4805 1469 4874 credere,
1489 4806 1786 4862 utdesinat

174 4892 245 4946 ab
274 4895 387 4949 isto
420 4910 608 4966 opere,
639 4899 696 4947 et
721 4893 952 4964 incipiat
975 4893 1127 4948 aliud
1156 4910 1295 4966 opus
1323 4895 1380 4949 in
1409 4897 1618 4950 saniori
1637 4897 1778 4954 loco.

171 4980 324 5036 Deus
353 4982 718 5052 omnipotens
733 4987 799 5046 θ
819 4981 916 5036 det
938 4981 1018 5035 illi
1036 4982 1150 5036 tale
1164 4983 1629 5053 impedimentum
1652 5002 1784 5057 qua-

171 5074 342 5126 tenus
393 5086 488 5124 me
527 5069 728 5124 audiat
765 5073 934 5140 atque
971 5069 1030 5123 in
1058 5075 1177 5124 tam
1225 5071 1625 5143 incompetenti
1662 5074 1782 5128 loco

245 5211 293 5268 (1
305 5210 356 5280 7)
387 5213 469 5266 De
498 5210 722 5266 duobus
741 5210 867 5264 istis
887 5211 1242 5266 monasteriis
1273 5212 1504 5267 Cadomi
1530 5213 1782 5270 excitatis

171 5283 394 5356 egimus
420 5283 640 5356 praeviis
670 5281 1174 5356 observationibus.

247 5353 362 5417 (18)
399 5353 736 5426 Ccenobium
762 5353 834 5426 de
861 5353 1036 5419 Bello,
1071 5354 1234 5426 vulgo
1262 5355 1518 5426 ῌᾳιαίιιθ,
1547 5354 1607 5408 in
1645 5371 1782 5426 agro

170 5423 527 5480 Sussexiensi
551 5425 608 5498 in
620 5423 836 5498 Anglia
851 5425 1160 5498 construxit
1183 5424 1516 5498 Guillelmus
1535 5423 1787 5498 conquae~

168 5502 298 5568 star
325 5513 473 5552 anno
503 5495 650 5554 4067
685 5493 751 5568 in
780 5509 846 5548 eo
881 5493 1003 5566 ipso
1038 5496 1158 5550 loco
1206 5495 1322 5568 ubi,
1354 5496 1546 5568 praelia
1593 5493 1788 5552 contra

166 5565 482 5624 Heraldum
535 5567 700 5639 regni
722 5565 1065 5639 invaserem
1078 5565 1394 5639 com‘misso,
1426 5568 1611 5639 ipsum
1625 5568 1786 5639 ,vice-

165 5643 276 5708 rat,
318 5639 471 5714 quod
488 5637 621 5696 ideo
641 5637 865 5694 Bellum
883 5637 1115 5694 vocavit.
1133 5639 1267 5710 Ejus
1285 5637 1525 5696 historia
1546 5638 1787 5698 habetur

1862 4629 2317 4684 Normannorum
2337 4628 2654 4682 Willelmus
2673 4627 3080 4683 hereditarium
3101 4628 3207 4683 sibi
3225 4646 3464 4701 regnum

1862 4717 2076 4788 Angliae
2110 4716 2438 4788 pervadens,
2473 4716 2545 4770 ad
2592 4732 2714 4788 quae
2763 4717 2937 4771 voluit
2959 4718 3093 4787 jura
3137 4717 3413 4789 disposuit
3445 4739 3458 4788 ;

1865 4805 2065 4859 deinde
2093 4804 2166 4859 ad
2197 4804 2606 4859 meliorandum
2646 4803 2904 4859 Ecclesiae
2946 4809 3180 4875 statum,
3211 4806 3464 4862 animum

1863 4894 2124 4949 intendit.
2187 4894 2366 4964 Igitur
2433 4892 2735 4948 Alexandri
2801 4893 3129 4948 universalis
3204 4894 3462 4951 Ecclesiae

1864 4982 2070 5037 summi
2086 4982 2384 5053 pontiﬁcis,
2405 4981 2509 5036 viri
2523 4983 2636 5036 vita
2656 4986 2712 5035 et
2733 4981 2967 5036 scientia
2987 4982 3459 5052 excellentissimi,

1863 5071 2116 5127 consulto
2137 5077 2191 5125 et
2208 5077 2426 5142 rogatu,
2453 5071 2705 5126 omnium
2727 5087 2948 5143 quoque
2969 5071 3191 5143 Anglici
3222 5077 3278 5127 et
3296 5072 3463 5128 Nort-

1864 5214 1922 5268 in
1947 5218 2100 5284 toimo
2130 5215 2154 5268 Ι
2185 5214 2476 5268 Monastici
2507 5212 2820 5284 Anglicani.
2846 5211 3112 5284 pag._3lO

1937 5283 2038 5349 (l9)
2064 5284 2381 5339 Willelmus
2401 5281 2667 5339 successit
2693 5281 3028 5349 anno—1079,
3062 5281 3262 5338 Joanni
3284 5281 3464 5337 archi-

1867 5355 2127 5426 episcopo
2174 5356 2637 5437 ORothomagensi,
2686 5373 2856 5428 quam
2903 5356 3098 5437 sedem
3137 5353 3465 5434 ad.annum

1871 5424 2008 5481 1110
2033 5430 2232 5481 tenult.
2270 5428 2402 5481 Eius
2430 5429 2627 5481 laudes
2656 5431 3014 5481 prosequitur
3043 5423 3343 5480 Orderlcus
3378 5425 3466 5481 Vi-

1871 5424 2008 5508 lIlO
2033 5424 2232 5508 tenuit.
2270 5428 2402 5499 Ejus
2430 5424 2627 5483 laudes
2641 5424 3014 5554 prosequitur
3043 5424 3343 5480 Ordericus
3378 5425 3466 5481 Vi-

1867 5497 2118 5578 talishb.
2142 5515 2211 5578 vi
2227 5499 2298 5578 ad
2327 5516 2552 5578 annum
2571 5497 2639 5555 10
2676 5499 2859 5578 9;‘cu1
2881 5497 3004 5578 “alii
3032 5499 3290 5578 auctores
3328 5514 3466 5578 cgn-

1867 5569 2136 5642 sentiunt.
2169 5569 2457 5628 Ratbodus
2504 5572 2625 5642 ejus
2671 5572 2833 5641 pater
2874 5566 2983 5623 fuit
3027 5566 3321 5641 episcopus
3360 5569 3464 5624 Sa.-

1866 5640 2095 5712 giensis.
