3952 6392
477 295 546 355 39

1459 287 1522 341 B.
1565 290 1978 350 LANFRANCI
2021 295 2378 352 CANTUAR.
2423 297 2756 351 ARCHIEP.

3681 300 3752 355 40

473 421 718 478 mannici
737 417 958 490 imperii
975 415 1678 488 magnatumlibentissimo
1694 434 1947 486 assensu,
1973 438 2066 476 rex
2085 429 2125 482 Λ
2149 423 2328 477 mensi
2358 423 2515 478 illum
2532 422 2781 494 praefecit
2811 420 3066 475 invitum.
3094 421 3174 475 Ea
3200 426 3537 494 tempestate
3557 423 3755 477 civitas

470 511 804 575 Willelmus,
851 507 998 579 quod
1036 506 1390 578 potissimum
1421 507 1712 576 solumque
1741 510 2068 580 acceptabat

471 600 787 665 consilium,
804 598 1087 651 doctorem
1101 611 1270 666 supra
1287 601 1676 664 memoratum,
1692 596 2064 653 Lanfrancum

472 690 699 753 scilicet,
733 687 803 741 ad
841 687 945 740 hoc
970 685 1140 755 elegit
1169 685 1456 754 negotium
1483 684 1920 756 suscipiendum.

1112 773 1344 827 CAPUT
1363 773 1429 825 V.

544 865 631 922 lli.
679 863 841 920 Libet
891 879 1038 916 nunc
1084 863 1243 932 quasi
1300 861 1369 915 ab
1428 861 1538 914 alio
1582 861 1806 915 exordio
1864 863 2065 916 seriem

471 961 674 1009 nostrae
694 951 1030 1008 narrationis
1059 950 1321 1020 dirigere,
1347 955 1404 1003 et
1420 950 1673 1019 quaedam
1695 950 1902 1004 omissa
1923 951 2067 1005 inse-

468 1060 593 1097 rere
623 1043 752 1109 (20),
776 1047 832 1094 et
860 1041 939 1094 sic
967 1045 1168 1093 cuncta
1204 1039 1274 1091 de
1306 1038 1502 1091 eodem
1539 1037 1867 1105 Lanfranco,
1900 1044 2066 1110 prout

469 1131 796 1203 poterimus,
855 1127 1133 1199 prosequi.
1185 1127 1288 1179 Hic
1339 1126 1513 1196 igitur
1549 1125 1717 1179 homo
1767 1127 2059 1196 religione,

470 1220 746 1291 sapientia
763 1217 914 1271 omni
935 1232 1047 1269 avo
1069 1213 1468 1280 memorabilis,
1491 1213 1665 1268 nobili
1687 1221 1843 1268 ortus
1868 1232 2064 1286 paren-

467 1309 598 1373 tela,
633 1307 702 1360 ab
722 1305 885 1360 annis
914 1302 1220 1375 puerilibus
1250 1303 1504 1357 eruditus
1519 1310 1605 1356 est
1623 1303 1678 1356 in
1701 1305 1902 1358 scholis
1923 1305 2061 1358 libe-

466 1397 671 1451 ralium
700 1395 910 1448 artium
933 1400 990 1448 et
1016 1394 1206 1462 legum
1236 1391 1588 1445 sacularium
1611 1391 1682 1445 ad
1707 1409 1820 1447 sua
1847 1409 2062 1447 morem

466 1485 682 1557 patria.
716 1483 1051 1537 Adolescens
1077 1486 1266 1534 orator
1299 1485 1589 1534 veteranos
1616 1481 1973 1535 adversantes
2003 1481 2062 1535 in

470 1574 784 1630 actionibus
821 1587 1116 1626 causarum
1172 1570 1493 1640 frequenter
1542 1569 1753 1634 revicit,
1813 1575 2062 1623 torrente

469 1663 742 1718 facundiae
772 1666 1027 1715 accurate
1069 1658 1326 1712 dicendo.
1361 1657 1455 1727 με)
1494 1659 1557 1711 In
1594 1657 1716 1728 ipsa
1749 1664 1911 1712 atate
1940 1674 2063 1712 sen-

2149 512 2498 582 Rothomaga
2526 513 2754 566 viduata
2782 516 2868 564 est
2897 516 3090 564 sancto
3119 527 3184 565 ac
3211 512 3516 566 venerabili
3567 513 3754 566 archi-

2147 602 2382 671 prasule
2420 601 2675 656 Maurilio
2709 601 2814 668 :92)
2853 619 2862 652 :
2902 606 3036 653 tunc
3064 601 3245 655 clerus
3281 602 3463 655 omnis
3494 611 3552 655 et
3579 619 3756 673 popu-

2146 689 2234 742 lus
2265 690 2586 760 congregati
2608 689 2868 742 volebant
2898 687 3352 744 substituendum
3377 690 3581 760 eligere
3612 691 3757 744 Lan-

2147 778 2399 831 francum
2437 777 2542 844 ‘23)
2571 797 2583 844 ;
2634 793 2829 831 verum
2861 782 2979 830 toto
3010 779 3305 831 conamine
3334 779 3430 832 ille
3463 779 3576 832 tale
3609 795 3754 833 onus

2147 866 2430 919 devitabat
2459 866 2666 930 subire,
2713 867 3003 920 humiliter
3034 866 3212 936 magis
3242 867 3471 937 cupiens
3524 867 3755 922 subesse

2148 970 2314 1023 quam
2337 970 2592 1024 praesse.
2626 955 2770 1007 Nam
2801 953 3082 1007 abbatiam
3107 955 3537 1021 Cadomensem,
3573 973 3747 1026 quam

2145 1041 2352 1096 invitus
2380 1050 2720 1113 susceperat,
2752 1041 2991 1096 libenter
3011 1041 3339 1107 dimisisset,
3363 1044 3409 1097 si
3440 1051 3596 1098 extra
3634 1045 3758 1098 ani-

2146 1147 2250 1183 ma
2299 1131 2582 1184 lasionem
2626 1147 2854 1200 gravem
2904 1131 3086 1184 fecere
3128 1131 3416 1185 valuisset.
3450 1133 3611 1196 Quod
3653 1150 3754 1186 rex

2145 1219 2458 1284 advertens,
2503 1218 2584 1289 (3‘)
2635 1219 2873 1289 providit
2925 1218 3230 1288 subrogare
3284 1221 3556 1275 Joannem
3613 1220 3748 1291 (24),

2145 1322 2312 1377 quem
2324 1306 2770 1361 Abricatensium
2791 1307 3161 1362 constituerat
3184 1308 3504 1378 pontiﬁcem
3529 1327 3541 1375 ;
3567 1309 3664 1362 sed
3687 1314 3756 1362 ut

2144 1393 2248 1448 hoc
2279 1396 2546 1449 canonice
2601 1397 2778 1461 ﬁeret,
2824 1396 3106 1449 licentiam
3148 1397 3374 1467 petendi
3411 1397 3597 1466 gratia
3635 1398 3750 1451 Ro-

2143 1499 2295 1536 mam
2321 1484 2528 1537 direxit
2555 1484 2812 1538 eumdem
2865 1483 3122 1538 abbatem
3165 1485 3571 1540 Cadomensem
3600 1486 3747 1540 Lan-

2143 1572 2395 1626 francum
2423 1592 2435 1640 ;
2471 1573 2566 1643 qui
2594 1589 2735 1626 onus
2755 1574 2985 1643 hujusce
3013 1573 3310 1643 legationis
3336 1574 3599 1628 alacriter
3621 1591 3750 1645 per-
3785 1571 3800 1584 Χ

2143 1660 2348 1727 ferens,
2396 1661 2541 1714 sicut
2594 1661 2850 1714 Ecclesiis
2884 1661 3145 1732 cupiebat
3194 1679 3315 1715 esse
3353 1663 3671 1716 consultum
3715 1680 3752 1716 a

467 1755 675 1808 tentias
700 1754 1027 1823 depromere
1048 1750 1251 1820 sapuit,
1276 1765 1414 1819 quas
1448 1753 1738 1818 gratanter
1750 1747 2061 1818 jurisperiti
2079 1741 2123 1798 Β
2145 1766 2290 1820 papa
2303 1749 2618 1802 Alexandro
2634 1750 2980 1820 impetravit;
3003 1766 3224 1803 sacrum
3248 1757 3468 1821 qudque
3489 1750 3746 1822 pallium,

469 1849 570 1898 aut
593 1843 810 1913 judices
838 1841 923 1894 vel
953 1845 1219 1910 pratores
1250 1838 1489 1891 civitatis
1535 1837 1914 1907 acceptabant.
1953 1838 2064 1891 Me-

467 1931 633 1985 minit
656 1932 854 1984 horum
882 1928 1073 1998 Papia.
1104 1931 1178 1980 At
1207 1943 1333 1980 cum
1354 1926 1414 1979 in
1435 1926 1626 1979 exsilio
1651 1926 2064 1996 philosophare-

465 2023 578 2085 tur,
609 2017 864 2072 accendit
900 2016 1155 2069 animum
1187 2015 1310 2084 ejus
1338 2013 1554 2066 divinus
1596 2013 1760 2082 ignis,
1793 2019 1850 2066 et
1879 2012 2061 2066 illuxit

467 2108 620 2160 cordi
668 2107 790 2177 ejus
838 2121 997 2158 amor
1030 2119 1170 2157 vera
1216 2101 1528 2172 sapientia.
1565 2101 2061 2154 Animadvertebat

464 2196 611 2250 enim
635 2194 782 2264 quod
809 2192 1003 2250 mundi
1030 2192 1198 2260 hujus
1214 2189 1554 2261 prosperitas
1575 2196 1632 2242 et
1643 2191 1824 2259 gloria
1844 2190 2058 2244 vanitas

466 2290 571 2338 est.
619 2282 930 2353 Repentino
979 2280 1168 2350 itaque
1207 2279 1379 2332 animi
1431 2284 1586 2332 motu
1639 2296 1697 2331 se
1752 2278 2055 2347 abnegans,

466 2373 787 2441 mundoque
812 2369 1159 2432 renuntians,
1193 2367 1434 2437 sumpsit
1461 2367 1620 2420 Becci
1650 2366 1904 2419 habitum
1936 2365 2061 2418 reli-

463 2460 666 2532 gionis,
700 2465 757 2512 et
800 2457 1133 2527 regulariter
1163 2457 1347 2508 vivere
1389 2455 1571 2525 coepit.
1619 2454 1910 2508 Studiosus
1953 2453 2059 2507 fuit

465 2549 614 2602 idem
642 2545 938 2608 canobita,
964 2543 1112 2597 verbi
1139 2542 1326 2612 gladio
1344 2543 1619 2613 perimere
1640 2546 1838 2606 sectas,
1857 2541 1902 2594 si
1918 2558 2056 2611 quas

466 2636 797 2690 advertisset
827 2633 1154 2687 catholicam
1194 2631 1394 2684 ladere
1424 2631 1609 2683 ﬁdem.
1649 2631 1802 2683 Idem
1835 2645 2056 2700 quoque

467 2726 711 2795 optimus
738 2721 1084 2794 plenitudine
1112 2719 1422 2781 charitatis,
1465 2718 1796 2772 resuscitare
1843 2723 2056 2786 satage-

466 2812 581 2878 bat,
617 2829 718 2884 per
742 2811 871 2864 ﬁdei
897 2808 1310 2870 rectitudinem,
1344 2808 1401 2860 in
1428 2806 1622 2860 haresi
1652 2811 1921 2859 mortuos.
1957 2806 2056 2858 Sa-

465 2902 682 2972 pientes
713 2905 770 2954 et
798 2898 1042 2967 religiosi
1073 2896 1362 2967 pontiﬁces
1385 2894 1821 2965 metropolitani,
1842 2909 2056 2946 necnon

2144 1854 2271 1891 cum
2312 1838 2537 1891 licentia
2563 1838 2730 1908 hujus
2760 1839 3148 1908 promotionis,
3183 1839 3497 1910 deportavit
3533 1859 3545 1907 ;
3595 1840 3750 1893 unde

2145 1934 2201 1980 et
2229 1926 2335 1996 ipsi
2360 1926 2463 1980 toti
2495 1927 2771 1981 Neustria
2799 1927 3068 1996 gaudium
3101 1927 3224 1981 fuit.

2763 2016 2996 2068 CAPUT
3029 2015 3121 2070 VI.

2219 2100 2284 2157 1'2
2299 2147 2309 2158 .
2324 2103 2456 2156 Post
2475 2103 2590 2157 hac
2607 2110 2877 2156 venerunt
2896 2104 2964 2156 ad
2983 2120 3172 2173 regem
3190 2103 3246 2156 in
3261 2103 3522 2173 Angliam
3537 2107 3652 2158 tres
3669 2105 3750 2158 le-

2137 2191 2256 2259 gati
2266 2191 2452 2256 simul,
2472 2192 2859 2245 Erminfredus
2879 2192 3232 2246 Sedunorum
3251 2193 3542 2264 episcopus
3556 2199 3613 2246 et
3628 2193 3746 2247 duo

2139 2279 2324 2332 clerici
2354 2279 2686 2346 cardinales,
2715 2280 2868 2333 missi
2895 2281 2963 2333 ad
2991 2281 3319 2350 petitionem
3345 2281 3518 2351 ipsius
3541 2299 3574 2334 a
3594 2298 3744 2352 papa

2141 2367 2472 2432 Alexandro,
2507 2368 2601 2437 qui
2644 2384 2794 2432 eum,
2829 2368 2886 2421 in
2917 2370 3130 2422 Pascha
3158 2386 3421 2422 coronam
3452 2371 3608 2439 regni
3641 2387 3743 2424 ca-

2140 2455 2240 2525 piti
2271 2457 2389 2525 ejus
2417 2456 2867 2526 imponentes,in
2898 2474 3088 2526 regem
3118 2458 3414 2526 Anglicum
3445 2459 3746 2512 conﬁrma-

2139 2550 2356 2597 verunt.
2411 2544 2491 2614 (3’)
2535 2546 2887 2615 Congregata
2935 2552 3020 2599 est
3063 2563 3195 2613 ergo
3241 2547 3492 2616 synodus
3532 2563 3746 2616 magna

2137 2631 2516 2686 Windresoris
2532 2633 2608 2702 [αι
2619 2677 2627 2685 .
2639 2673 2651 2698 ,
2662 2633 3177 2706 Windreford];(25)
3191 2635 3250 2688 in
3263 2653 3390 2705 qua,
3404 2635 3744 2706 praesidente

2139 2736 2288 2788 rege,
2320 2720 2389 2773 ab
2419 2721 2551 2790 ipsis
2597 2721 2795 2790 legatis
2841 2723 3042 2792 dejecti
3073 2730 3206 2776 sunt
3234 2724 3461 2793 quidam
3492 2725 3742 2796 episcopi

2138 2807 2352 2877 indigni
2381 2809 2723 2879 episcopatu,
2773 2817 3001 2880 propter
3051 2811 3220 2864 vitam
3265 2812 3624 2866 criminosam
3679 2820 3742 2868 et

2140 2895 2421 2949 inscitiam
2450 2914 2596 2951 cura
2628 2899 2942 2968 pastoralis.
2977 2897 3134 2952 Inter
3161 2916 3299 2970 quos
3329 2900 3417 2968 (³³)
3458 2901 3739 2970 deposue-

466 2995 522 3045 et
545 2990 794 3052 abbates,
821 2990 1171 3041 tremuerunt
1189 2983 1522 3054 sapientiam
1545 2981 1858 3040 Lanfranci.
1887 2988 2057 3051 atque
2087 3050 2117 3058 ᾗ
2141 2990 2274 3037 runt
2303 2985 2636 3056 Stigandum
2661 3003 2788 3040 cum
2810 2988 3169 3042 anathemate
3187 2988 3570 3058 reprobatum,
3598 2991 3743 3044 mul-

463 3078 885 3148 religiositatem
916 3080 974 3128 et
1014 3073 1424 3134 auctoritatem,
1479 3073 1596 3141 ejus
1627 3077 1684 3125 et
1729 3070 2058 3125 correctioni
2078 3050 2208 3128 Ctis
2237 3074 2564 3127 criminibus
2595 3075 3050 3145 coinquinatum;
3082 3075 3176 3145 qui
3209 3091 3336 3128 cum
3373 3075 3590 3130 duobus
3620 3077 3736 3147 epi-

463 3183 523 3220 se
551 3165 713 3219 subdi
741 3164 916 3234 gavisi
945 3168 1096 3216 sunt.
1121 3163 1310 3230 Ipsum
1342 3177 1562 3230 quoque
1594 3159 1849 3213 Ecclesia
1869 3159 2057 3228 plures
2140 3162 2340 3232 scopiis
2372 3163 2602 3216 infanda
2633 3163 2939 3216 ambitione
2969 3163 3431 3217 Cantuariensem
3458 3165 3740 3236 archiepi-

461 3253 782 3324 pontiﬁcem
837 3252 923 3304 vel
967 3249 1226 3302 abbatem
1268 3249 1376 3302 sibi
1425 3247 1732 3301 incredibili
1777 3246 2052 3313 desiderio
2134 3258 2422 3320 scopatum
2444 3250 2742 3303 invaserat.
2762 3250 3087 3304 Substitutis
3106 3252 3293 3321 itaque
3311 3251 3566 3306 inlocum
3584 3253 3738 3323 deje-

462 3342 764 3412 petierunt.
799 3338 894 3408 (3°)
942 3339 1138 3401 Roma,
1175 3341 1345 3408 caput
1393 3336 1562 3400 orbis,
1603 3335 1922 3388 sollicitavit
1950 3334 2049 3402 (21)

462 3446 590 3483 eum
622 3428 893 3498 epistolis,
937 3431 1165 3496 precatu
1195 3431 1396 3478 conata
1425 3441 1552 3477 eum
1596 3425 1839 3477 retinere
1882 3429 1938 3476 et
1979 3423 2048 3476 vi.

462 3519 680 3588 Quippe
700 3521 1074 3586 cognoverant
1096 3531 1222 3567 eum
1245 3513 1646 3584 peritissimum
1665 3513 1898 3565 honesta
1911 3528 2056 3581 quae-

460 3607 614 3671 libet,
637 3611 694 3659 et
712 3621 904 3658 eorum
927 3603 1209 3657 contraria
1229 3617 1546 3666 secernere;
1564 3599 2050 3669 diligentissimum

461 3695 661 3765 cuique
687 3710 790 3747 sua
819 3692 1127 3745 retribuere
1155 3688 1548 3761 perpendiculo
1568 3687 2048 3754 rationabilitatis;

459 3781 940 3854 promptissimum
966 3780 1144 3833 ardua
1167 3779 1418 3848 duraque
1439 3777 1720 3847 suscipere
1742 3792 1809 3829 ac
1836 3775 2052 3845 perpeti

457 3887 628 3926 causa
645 3871 759 3924 veri
779 3869 930 3923 boni.
956 3869 1346 3938 Cognoverant
1370 3865 1540 3918 etiam
1561 3865 1703 3918 hanc
1724 3865 1845 3934 ejus
1861 3864 2050 3929 vitam,

456 3978 579 4032 qua
607 3960 807 4013 merito
851 3957 1074 4011 dicatur
1101 3955 1356 4026 quadam
1402 3959 1450 4018 ιτ
1485 3953 1856 4007 directissima
1886 3959 2054 4022 atque

457 4049 740 4102 tutissima
771 4048 841 4100 ad
881 4045 1146 4117 perennis
1201 4044 1326 4097 vita
1372 4048 1594 4112 portum
1639 4042 1748 4095 via.
1798 4041 1897 4095 Ille
1929 4057 2054 4095 vero

457 4136 627 4190 nimis
653 4135 829 4188 altum
851 4135 959 4188 sibi
988 4133 1146 4188 duxit
1163 4133 1288 4187 aliis
1309 4147 1565 4202 praesse,
1595 4131 1846 4183 inﬁmam
1875 4135 2056 4183 extre-

457 4225 713 4278 mitatem
742 4223 908 4276 corde
937 4227 994 4275 et
1041 4222 1240 4275 aﬁ‘ectu
1283 4237 1394 4274 non
1431 4220 1714 4273 deserens.
1765 4218 2054 4272 Gloriosus

2137 3343 2355 3390 ctorum
2377 3338 2592 3391 idoneis
2623 3339 2950 3402 rectoribis,
2973 3339 3243 3392 remansit
3260 3357 3433 3394 vacua
3453 3341 3737 3395 Dorober-
3839 3345 3843 3347 ’

2137 3425 2328 3477 nensis
2356 3425 2640 3491 cathedra,
2674 3426 2732 3478 in
2763 3442 2873 3495 qua
2912 3427 3186 3495 pretiosus
3216 3427 3421 3481 Christi
3451 3429 3739 3484 confessor

2135 3512 2484 3580 Augustinus
2535 3512 2794 3566 omnibus
2834 3515 3056 3584 prafuit
3104 3515 3405 3570 Britanniae
3434 3517 3732 3588 episcopis.

2137 3599 2418 3669 Cogitanti
2437 3618 2565 3654 vero
2586 3601 2703 3671 regi
2734 3601 2802 3654 de
2830 3602 2935 3656 hac
2962 3619 3024 3655 re
3045 3608 3103 3655 et
3130 3620 3386 3672 proceres
3416 3605 3574 3674 regni
3603 3622 3737 3659 con-

2136 3689 2360 3754 sulenti,
2385 3690 2910 3744 convenientissima
2932 3691 3060 3753 ﬁne,
3079 3691 3136 3744 in
3165 3691 3473 3745 Lanfranco
3501 3693 3734 3762 quievit,

2137 3780 2414 3845 quatenus
2443 3776 2788 3831 uberrimum
2823 3779 3101 3832 luminare
3134 3779 3194 3831 in
3237 3780 3340 3832 hac
3365 3796 3491 3833 arce
3520 3781 3736 3834 elatum

2135 3863 2370 3918 nebulas
2414 3865 2661 3936 undique
2702 3866 3040 3936 pravitatum
3089 3872 3146 3920 et
3174 3867 3441 3937 caligines
3472 3869 3736 3936 dilueret,

2135 3952 2502 4006 saluberrimo
2533 3953 2748 4023 fulgore
2778 3961 2976 4008 cuncta
3014 3955 3338 4009 honestans.
3381 3956 3740 4027 Quapropter

2136 4041 2290 4094 misit
2310 4041 2602 4111 pradictos
2622 4042 2834 4111 legatos
2858 4043 2916 4096 in
2938 4044 3343 4097 Normanniam
3363 4045 3434 4097 ad
3463 4045 3567 4098 hoc
3592 4061 3736 4115 opus

2135 4131 2560 4200 perﬁciendum.
2594 4131 2734 4184 Cum
2762 4130 2934 4200 igitur
2964 4132 3304 4185 Sedunensis
3334 4131 3624 4202 episcopus
3651 4133 3739 4187 in-

2137 4220 2336 4272 vitaret
2364 4235 2492 4272 eum
2521 4219 2591 4273 ad
2639 4219 2890 4289 regimen
2933 4219 3269 4290 pontiﬁcale,
3303 4220 3642 4274 denuntians
3673 4222 3735 4276 in

455 4313 566 4367 dux
617 4312 1071 4366 Normannorum
1108 4309 1445 4374 Willelmus,
1506 4307 1653 4360 hunc
1701 4306 2046 4376 pracordiali
2065 4315 2112 4372 D
2131 4307 2363 4362 concilio
2385 4307 2771 4377 episcoporum
2783 4313 2840 4361 et
2859 4307 3497 4362 abbatumNormannia
3511 4309 3736 4378 petitio-

459 4400 678 4456 colebat
711 4398 1128 4464 familiaritate;
1181 4401 1523 4467 quapropter
1568 4394 1818 4448 canobio
1872 4394 2054 4448 Cado-

542 4541 648 4610 (20)
675 4542 797 4596 Huc
824 4556 1002 4611 usque
1021 4540 1138 4594 fere
1162 4542 1346 4592 totum
1367 4552 1432 4590 ex
1455 4536 1584 4590 Vita
1611 4535 1762 4590 beati
1793 4536 2051 4591 Herluini

458 4614 821 4683 desumptum
856 4618 959 4666 est.
1169 4681 1178 4683 _
1277 4678 1289 4683 _
1418 4678 1440 4683 _
1547 4678 1565 4683 Α
1699 4627 1730 4683 _‘

538 4678 807 4750 (2|)Vide
834 4699 902 4736 ea
921 4683 990 4736 de
1008 4697 1070 4734 re
1094 4678 1388 4751 epistolam
1417 4678 1714 4751 Lanfranci
1735 4678 2058 4751 adAlexanf

461 4748 987 4824 drum’pontiﬁcem,
1013 4748 1167 4824 num.
1189 4749 1280 4811 14,
1298 4749 1463 4815 infra,
1489 4754 1545 4801 et
1563 4749 1737 4818 ipsius
1758 4748 2056 4824 Alexandri

462 4820 755 4896 epistolam
795 4824 864 4877 ad
925 4822 1284 4896 Guillelmum
1312 4891 1322 4896 _
1340 4827 1793 4896 ponquastorem
1842 4820 2055 4896 Anglia

458 4889 668 4966 regem,
701 4912 825 4966 qua
857 4900 944 4947 est
960 4894 1148 4966 hujus
1172 4891 1448 4966 pontificis
1490 4890 1706 4966 decima
1739 4890 1885 4959 apud
1919 4889 2057 4942 Lab-

457 4959 645 5033 beum,
676 4959 814 5020 tom.
842 4965 918 5018 IX
943 4959 1470 5033 Conciliorum,col.
1503 4961 1530 5013 1
1551 4960 1664 5033 I23.

535 5030 646 5107 (22)
679 5037 804 5090 Mau
813 5035 938 5107 rilii_
953 5034 1206 5107 Elogium
1223 5031 1614 5107 ‘dediinusnad
1626 5047 1865 5107 annum
1897 5030 2052 5107 1067.

543 5101 648 5175 (23')
674 5109 827 5162 Idem
852 5105 1020 5159 refert
1040 5101 1338 5158 Ordericus
1363 5101 1583 5165 Vitalis,
1602 5101 1697 5156 lib.
1722 5115 1774 5154 1v
1800 5102 2057 5156 Historia

461 5178 864 5234 ecclesiastica.

510 5251 649 5322 2(24)
681 5251 734 5304 Is
765 5251 1010 5304 Joannes
1049 5251 1135 5322 est
1165 5249 1361 5322 auctor
1385 5241 1560 5322 libelli
1584 5241 1668 5322 de
1697 5242 1896 5322 divinis
1941 5244 2057 5322 ofﬁ-

460 5313 576 5385 ciis,
626 5337 789 5392 quem
834 5325 957 5372 tum
997 5316 1288 5386 episcopus
1332 5313 1751 5368 Abrincatensis
1797 5315 2054 5368 Maurilio

460 5390 896 5438 Rothomagensi
922 5387 1282 5438 nuncupavit.
1316 5386 1568 5438 Quatuor
1597 5385 1667 5438 ad
1713 5385 1896 5438 ipsum
1935 5386 2046 5438 eni-

458 5386 897 5462 Rothoinagensi
922 5387 1282 5456 nuncupavit.
1316 5386 1568 5448 Quatuor
1597 5386 1667 5438 ad
1713 5386 1896 5454 ipsum
1935 5386 2046 5455 epi-

461 5462 632 5515 stolas
655 5461 906 5538 _scrips_it
954 5454 1578 5538 Lanfrafncus,_qua"ab
1621 5456 1856 5538 Ac'herio
1887 5457 2049 5538 editae

457 5537 608 5588 sunt.
653 5532 734 5585 De
759 5526 956 5585 eodem
994 5529 1114 5599 agit
1150 5527 1460 5599 Ordericus
1480 5526 1574 5580 lib.
1609 5543 1656 5580 ν.
1689 5527 1950 5599 Historia
1977 5527 2049 5582 ad

455 5619 668 5661 annum
699 5599 857 5670 1079,
890 5617 1000 5674 quo
1029 5597 1184 5656 obiit.
1216 5598 1356 5653 Vide
1390 5597 1467 5654 ibi
1499 5599 1618 5669 ejus
1663 5598 2039 5670 epitaphium.

2135 4412 2265 4450 nem
2293 4395 2460 4465 regis,
2492 4397 2770 4466 simulque
2796 4397 3143 4450 voluntatem
3183 4414 3364 4462 suam,
3397 4402 3455 4450 et
3483 4397 3732 4467 reliquo-

2217 4536 2322 4604 (25)
2359 4537 2616 4608 Synodus
2644 4537 2701 4590 in
2731 4553 2842 4605 qua
2871 4538 3123 4608 deposito
3163 4538 3431 4608 Stigando
3479 4539 3730 4594 Cantua-

2137 4608 2308 4662 riensi
2339 4608 2674 4662 substitutus
2703 4613 2787 4660 est
2811 4609 3173 4671 Lanfrancus,
3209 4609 3504 4663 Winlonia
3535 4609 3732 4665 habita

2139 4685 2240 4742 est,
2275 4695 2421 4750 anno
2451 4677 2610 4743 1070,
2658 4679 2739 4750 in,
2767 4681 2972 4732 octavis
3011 4680 3251 4744 Pascha,
3285 4697 3350 4733 ac
3378 4681 3543 4750 paulo
3578 4687 3728 4750 post,

2138 4750 2275 4802 feria
2303 4748 2512 4802 scilicet
2539 4749 2782 4802 secunda
2813 4757 2939 4819 post
2967 4752 3349 4815 Pentecosten,
3379 4748 3541 4820 "apud
3575 4748 3733 4806 Win-

2139 4821 2458 4873 dleshorum
2482 4839 2494 4886 ;
2518 4820 2852 4891 Guillelmus
2870 4821 3269 4874 Eboracensem
3290 4820 3733 4891 archiepiscopa-

2137 4896 2260 4943 tum
2281 4891 2506 4962 Thoma
2531 4889 2801 4956 contulit;
2836 4908 2958 4960 quae
2988 4893 3194 4958 omnia,
3229 4892 3388 4962 quasi
3425 4889 3732 4961 ili—synodo

2140 4961 2621 5014 Windleshorensi
2659 4962 2826 5015 simul
2855 4961 3500 5032 contigissent,ienarrat
3533 4969 3735 5019 auctor

2139 5040 2363 5098 noster;
2414 5033 2518 5103 sed,
2551 5032 2824 5100 Roget-ius
2871 5034 3202 5087 Hovedenus
3247 5033 3304 5086 in
3351 5039 3509 5103 parte
3553 5033 3734 5102 priori

2136 5103 2458 5174 Annalium,
2491 5102 2630 5155 duas
2678 5103 2780 5156 has
2815 5105 3056 5174 synodos
3091 5102 3403 5174 distinguit.
3449 5105 3734 5161 Caeterum

2139 5173 2390 5243 quamvis
2409 5174 2702 5242 Anglicani
2731 5173 2985 5228 auctores
3008 5173 3343 5244 Stigandum
3360 5191 3471 5227 non
3498 5175 3732 5230 omnino

2139 5251 2418 5316 excusent,
2456 5261 2590 5316 eum
2617 5251 2807 5298 tamen
2841 5251 2897 5298 et
2923 5246 3060 5299 alios
3097 5247 3389 5316 episcopos
3414 5251 3471 5298 et
3499 5245 3733 5301 abbates

2137 5314 2206 5368 ob
2230 5316 2286 5368 id
2314 5315 2664 5385 potissimum
2687 5331 2720 5368 a
2743 5316 3038 5370 Guillelmo
3058 5314 3189 5386 rege
3219 5314 3540 5370 exturbatos
3556 5315 3732 5386 fuisse

2135 5385 2403 5450 scribunt,
2437 5391 2501 5458 ut
2527 5387 2854 5458 Normanni,
2892 5387 3091 5458 quibus
3130 5385 3232 5440 ille
3270 5388 3447 5456 magis
3492 5385 3721 5453 ﬁdebat,

2132 5473 2325 5528 eorum
2357 5457 2584 5510 sedibus
2613 5457 3122 5527 potirentur.Quod
3135 5458 3431 5528 scriptores
3451 5459 3732 5513 Norman-

2130 5527 2295 5653 plcida
2313 5527 2611 5653 Gtuillelmo
2643 5535 2795 5582 recta
2817 5529 3128 5585 intentione
3157 5527 3362 5584 factum
3395 5528 3562 5583 fuisse
3591 5545 3730 5588 con-

2188 5614 2226 5653 n
2268 5615 2343 5653 un
2376 5639 2387 5653 .

2128 5604 2387 5654 tendunt.
