3952 6408
204 378 252 433 il
1730 373 1916 428 VITA.

3392 377 3460 434 42

204 519 317 558 rum
345 501 501 556 sedis
521 497 836 570 apostolicae
856 497 1191 568 legatorum,
1223 503 1280 553 et
1300 498 1460 570 quasi
1485 501 1846 569 praecepto-A
1867 497 1967 551 dos
1997 497 2367 568 quaestionum
2411 498 2470 551 in
2513 502 2752 570 utraque
2796 493 3010 556 solvere
3045 502 3453 572 potentissimo.

205 609 314 646 rum
343 586 986 661 superhacpraalatione,
1005 592 1202 640 sancta
1221 587 1324 654 ira,
1350 592 1543 642 sancta
1555 586 1788 640 tristitia

204 678 674 750 sicperturbatum
701 675 872 729 fuisse
896 681 1290 746 compererunt
1308 682 1372 730 ut
1399 676 1624 730 omnino
1654 691 1787 728 con-

205 769 565 822 tradicturum
587 770 852 836 putarent
879 765 1132 819 inducias
1153 765 1222 819 ad
1253 764 1673 820 deliberandum
1689 780 1786 834 pe-

203 857 792 925 tentem.Perspectum
809 870 1050 924 namque
1065 853 1149 906 vel
1170 853 1549 908 indubitatum
1559 851 1788 907 tenebat

199 946 353 1000 simul
370 946 454 999 ire
475 960 591 998 non
611 959 774 1014 posse
795 941 1083 1012 negotium
1107 942 1516 1013 archipraasulis
1537 947 1592 996 et
1608 941 1786 996 otium

196 1033 460 1088 monachi.
478 1033 562 1087 Ad
578 1033 684 1086 hoc
694 1031 782 1086 sui
800 1036 1128 1102 provectum
1149 1031 1313 1086 solito
1342 1030 1684 1103 despiciebat
1698 1033 1784 1083 at-

195 1141 291 1194 que
302 1120 617 1176 extimebat
630 1119 1090 1175 onerosissimum
1110 1119 1574 1189 gubernaculum.
1591 1120 1787 1174 Preca-

193 1211 484 1280 turregina
501 1226 626 1264 cum
650 1209 786 1271 ﬁlio,
804 1207 966 1278 jubet
986 1207 1159 1264 abbas
1175 1207 1788 1275 Herluinus,licetinvi-

194 1308 292 1366 tus,
316 1300 406 1354 cui
425 1306 703 1368 tanquam
733 1297 956 1351 Christo
978 1297 1204 1351 obedire
1233 1297 1432 1351 solitus
1465 1302 1618 1365 erat;
1652 1297 1784 1350 hor-

194 1397 377 1446 tantur
407 1389 586 1442 etiam
613 1385 863 1440 studiose
892 1386 962 1439 ad
995 1385 1100 1440 hoc
1128 1385 1344 1440 collecti
1375 1385 1636 1455 majores,
1655 1401 1786 1440 nam

194 1479 325 1532 hanc
335 1481 639 1547 urgentem
651 1474 900 1545 undique
911 1473 1230 1527 violentiam
1243 1473 1789 1529 dictaveratmanda—

192 1573 303 1622 tum
345 1566 520 1635 regis,
555 1564 786 1618 scientis
824 1562 1255 1616 obstinationem
1286 1561 1634 1622 dilectissimi
1679 1560 1786 1616 sibi

191 1655 386 1720 Patris,
422 1670 554 1710 cum
584 1653 656 1707 ad
687 1652 892 1706 altiora
918 1651 1272 1705 invitaretur.
1306 1651 1432 1705 Non
1469 1651 1666 1705 abnuit
1691 1651 1787 1704 ille

1867 586 2061 640 Fidem
2091 586 2310 658 scriptis
2337 603 2558 648 merear
2582 588 2818 656 nullam,
2849 589 2959 644 nisi
2986 607 3108 662 quae
3139 590 3318 645 scribo
3349 591 3460 646 Eu-

1869 691 2017 746 ropa:
2047 676 2286 732 latitudo
2315 681 2550 738 asserat.
2584 677 2780 750 Neque
2803 679 2956 732 sileri
2987 684 3125 751 puto
3151 680 3220 734 de
3249 679 3462 734 eisdem

1870 763 1928 818 in
1965 764 2154 820 Africa
2198 765 2284 819 vel
2328 765 2486 823 Asia.
2525 766 2651 840 Ipse
2692 783 2825 821 vero
2868 767 3214 823 Lanfrancus
3256 767 3462 824 idcirco

1868 853 2185 924 pontiﬁcale
2215 871 2354 910 onus
2385 854 2775 925 subterfugere
2793 857 3074 926 gestiebat
3093 857 3226 928 quia
3247 858 3466 930 sapien-

1867 942 1950 998 tia
1967 944 2165 1013 plenus
2179 943 2519 1013 praavidebat
2529 943 2677 1014 quod
2699 945 2874 1006 otium
2899 938 3229 1002 monachilis
3252 942 3464 1001 ordinis

1866 1031 2014 1086 inter
2050 1032 2478 1103 occupationum
2537 1033 2937 1105 episcopalium
2980 1024 3465 1106 frequentissimos

1866 1121 2143 1176 tumultus
2180 1137 2538 1192 nequaquam
2581 1138 2647 1178 ex
2676 1122 2896 1194 integro
2923 1123 3119 1179 haberi
3145 1130 3332 1196 potest
3354 1124 3465 1197 (³⁸).

1866 1210 2099 1264 Terreat
2147 1211 2462 1280 exemplum
2503 1210 2655 1272 istud
2709 1211 3004 1268 damnatos
3061 1230 3189 1270 cum
3236 1209 3466 1274 Simone

1866 1300 2029 1369 Mago
2067 1299 2185 1354 zelo
2225 1299 2492 1370 principis
2521 1300 2937 1371 apostolorum;
2980 1299 3109 1356 hinc
3146 1299 3466 1373 intelligant

1867 1386 2234 1459 perditissimi
2274 1387 2581 1449 amentiam
2625 1404 2786 1443 suam
2837 1406 2848 1441 :
2901 1389 3227 1456 muneribus
3269 1394 3466 1456 emunt

1867 1474 2202 1547 ineptissimi
2233 1475 2380 1546 quod
2426 1475 2733 1531 secundum
2777 1475 2956 1530 Deum
2996 1473 3245 1542 oblatum
3271 1479 3467 1532 tremit

1867 1565 2018 1631 talis,
2051 1565 2316 1636 pecunias
2345 1565 2606 1630 offerunt,
2638 1565 2883 1635 majores
2929 1564 3284 1635 promittunt,
3317 1583 3467 1621 nunc

1870 1670 1970 1724 per
1988 1671 2066 1719 se,
2089 1669 2238 1708 nunc
2255 1669 2358 1724 per
2377 1653 2607 1719 amicos,
2624 1647 2826 1724 quibus
2847 1651 3187 1722 dignitatum
3198 1655 3463 1724 culmina,

188 1743 456 1815 praecipiti
486 1741 789 1808 sententia,
823 1746 886 1795 ut
917 1757 1083 1795 omne
1113 1741 1321 1796 factum
1353 1757 1417 1794 ac
1439 1741 1651 1794 dictum
1667 1740 1788 1810 ejus
1812 1809 1853 1818 n
1872 1741 1920 1795 si
1941 1742 2012 1795 ad
2030 1741 2635 1812 hujusmodihonorem
2655 1740 2946 1813 pervenire
2955 1743 3264 1818 potuerint,
3281 1761 3472 1818 repro-

186 1809 540 1888 discretionis
565 1847 770 1886 norma
785 1829 1080 1900 dirigebat.
1097 1829 1487 1885 Obedientiam
1509 1809 1789 1882 oil‘endere
1807 1809 1859 1870 Β
1871 1809 2125 1884 mittunt.
2656 1809 2675 1813 ’
2955 1809 2978 1815 ἡ
3156 1809 3160 1828 θ

189 1926 361 1986 cavet,
385 1920 559 1976 simul
587 1925 645 1973 et
671 1923 858 1973 tantos
889 1917 985 1988 qui
1000 1923 1218 1989 rogant,
1240 1918 1446 1984 favent,
1467 1917 1786 1971 hortantur.

192 2011 420 2066 Maestus
448 2025 586 2078 ergo
623 2013 782 2061 trans
820 2023 974 2060 mare
1007 2013 1329 2061 excusatum
1377 2023 1437 2060 se
1466 2006 1638 2072 vadit,
1670 2022 1791 2076 spe-

188 2115 314 2153 rans
337 2097 765 2168 jucunditatem
795 2095 856 2149 in
903 2095 1238 2150 reversione.
1274 2096 1398 2149 Non
1441 2095 1593 2148 enim
1641 2093 1792 2148 aesti-

189 2206 334 2244 mare
364 2187 558 2259 potuit
589 2186 672 2239 vir
698 2184 1020 2255 singularis,
1054 2184 1235 2238 forma
1273 2185 1529 2255 perfectae
1560 2183 1790 2238 humili-

190 2279 334 2344 tatis,
370 2277 615 2331 invitum
655 2291 714 2328 se
743 2274 816 2328 ad
844 2273 1383 2345 archiepiscopatum
1408 2273 1578 2327 trahi.
1611 2274 1791 2326 Caete-

185 2385 304 2422 rum
321 2367 532 2421 divinas
558 2363 910 2434 dispositioni
937 2379 1046 2433 quo
1071 2362 1301 2418 consilio
1333 2362 1519 2416 resisti
1551 2361 1790 2432 poterit?

188 2457 295 2510 Rex
315 2471 448 2510 cum
468 2453 678 2524 gaudio
698 2458 870 2522 atque
885 2468 1011 2505 cum
1033 2451 1206 2521 digna
1233 2451 1548 2506 reverentia
1580 2449 1792 2520 recepit

188 2545 524 2600 Christiana:
555 2541 849 2610 religionis
891 2539 1225 2609 adjutorem,
1259 2539 1462 2593 devicit
1505 2539 1792 2593 reluctan-

189 2641 314 2699 tem,
363 2630 786 2687 excusationem
817 2629 1048 2699 pulchre
1098 2645 1354 2699 pugnans
1392 2627 1708 2694 humilitate
1737 2632 1795 2682 et

191 2725 504 2793 majestate.
540 2719 895 2774 Advocantur
939 2717 1101 2771 hilari
1123 2717 1431 2788 festivoque
1455 2717 1617 2786 jussu
1647 2717 1794 2772 Can-

191 2810 491 2866 tuariensis
549 2807 808 2862 Ecclesiae
857 2806 1149 2877 primores,
1215 2813 1273 2860 et
1325 2806 1504 2860 multa
1550 2805 1795 2876 dignitas

1942 1919 2031 1974 14.
2057 1918 2251 1974 Victus
2292 1917 2468 1990 igitur
2503 1918 2860 1983 .Lanfrancus
2889 1920 3248 1991 Cadomensis
3296 1922 3470 1980 abbas

1872 2012 1990 2061 tam
2015 2006 2117 2061 Dei
2145 2006 2431 2060 voluntate
2461 1999 2629 2076 quam
2646 2006 2794 2060 circa
2824 2024 2884 2060 se
2905 2000 3274 2094 intelligebat‘,
3299 2029 3470 2094 quam

1875 2096 2044 2150 etiam
2098 2094 2402 2167 apostolica
2457 2094 2830 2160 auctoritate,
2878 2101 2935 2150 et
2974 2097 3165 2163 domni
3213 2091 3470 2166 Herluini

1875 2183 2264 2255 praeceptione,
2289 2188 2344 2235 et
2372 2181 2708 2254 optimatum
2729 2183 3090 2244 Normanniae
3122 2203 3372 2255 assensu,
3391 2189 3472 2246 ita

1875 2272 2169 2344 multiplici
2208 2269 2426 2326 ratione
2559 2267 2822 2341 Angliam
2878 2272 3212 2343 traducitur,
3257 2282 3313 2331 et
3349 2269 3473 2350 quae

1873 2361 2184 2416 insularum
2210 2359 2720 2414 transmarinarum
2750 2361 3057 2432 primatum
3089 2362 3305 2420 obtinet
3325 2357 3474 2422 Can-

1873 2448 2175 2504 tuariensis
2201 2448 2460 2528 Ecclesiae
2490 2441 2739 2532 suscepit
2765 2451 3148 2520 praesulatum.
3178 2453 3286 2520 Qui
3314 2461 3474 2530 tanto

1874 2539 2086 2592 honore
2107 2537 2459 2602 sublimatus,
2480 2537 2788 2592 multarum
2805 2535 3175 2610 amplitudine
3195 2535 3477 2612 terrarum

1875 2628 2106 2693 ditatus,
2141 2643 2279 2681 auro
2309 2620 2656 2698 argentoque
2693 2615 3088 2698 locupletatUS,
3129 2619 3243 2684 non
3278 2621 3478 2698 imme-

1876 2733 1999 2770 mor
2025 2714 2197 2769 divini
2245 2715 2395 2768 illius
2432 2713 2684 2768 mandati
2717 2733 2728 2768 :
2764 2715 2992 2780 Honora
3022 2721 3241 2788 patrem
3276 2726 3477 2788 etma-

1876 2810 2020 2859 trem
2051 2805 2243 2872 (Exod.
2287 2820 2379 2868 xx,
2409 2802 2522 2872 12),
2573 2803 2911 2858 omnimodis
2945 2783 3221 2877 benignus
3252 2815 3308 2864 et
3329 2783 3477 2867 'libe-

201 2901 353 2970 regni
383 2897 770 2953 ecclesiastica
799 2901 858 2950 et
883 2895 1187 2950 saecularis.
1877 2894 2011 2948 ralis
2030 2891 2242 2970 exstitit
2261 2891 2409 2946 circa
2423 2897 2648 2962 patrem
2687 2909 2851 2946 suum
2881 2891 3230 2964 spiritualem
3249 2889 3476 2954 Herlui-

265 2989 348 3046 13.
393 2989 565 3042 Hunc
592 2986 768 3055 igitur
796 3001 890 3038 rex
921 2984 1123 3038 intima
1161 2999 1384 3054 semper
1417 2982 1590 3037 coluit
1632 2982 1798 3036 fami-
1879 2999 2015 3036 num
2055 2980 2335 3044 abbatem,
2379 2985 2436 3033 et
2466 2985 2706 3034 matrem
2757 2981 3058 3036 Ecclesiam
3100 2985 3476 3057 Beccensem;

193 3079 458 3142 liaritate,
501 3082 627 3130 tum
656 3090 757 3145 pro
786 3073 1055 3134 eminenti
1083 3073 1435 3127 saecularium
1477 3088 1542 3126 ac
1589 3071 1800 3126 divina-
1817 3123 1861 3185 Ο
1881 3073 2042 3141 cujus
2071 3070 2140 3126 ad
2163 3086 2257 3123 eas
2277 3074 2466 3140 partes
2494 3068 2935 3148 transmigratio,
2967 3088 3176 3141 paucos
3197 3061 3334 3129 ante
3354 3075 3475 3132 dies

295 3184 302 3185 ,
344 3167 668 3185 ue.i_ﬂ-n-___
705 3162 900 3185 _-_:A:-
955 3169 1072 3185 ιη...
1107 3178 1203 3185 ..-λ
1246 3160 1553 3185 “humida:
1592 3161 1798 3185 ....,J:...:..
1886 3175 2049 3185 "nam
2106 3157 2235 3185 ἐνυΙΛ
2295 3155 2555 3185 ..ιιι-,ωηιξη
2593 3155 2804 3185 ..Ληεκηι
2867 3157 3169 3185 ..Αηηηηιᾼιε
3204 3157 3466 3185 n-_1__:__‘_

193 3182 314 3222 rum
343 3167 674 3220 litterarum
705 3162 926 3233 peritia,
955 3169 1076 3218 tum
1107 3178 1207 3232 pro
1246 3160 1557 3214 monachici
1588 3161 1800 3216 ordinis

191 3254 465 3325 singulari
497 3251 872 3318 observantia,
903 3250 1234 3321 impendens
1266 3251 1316 3303 ei
1344 3250 1715 3304 reverentiam
1745 3255 1802 3304 et
1881 3246 2070 3314 abbati
2089 3234 2188 3316 per
2203 3245 2381 3300 visum
2399 3250 2625 3300 ostensa
2645 3252 2730 3300 est
2753 3234 2865 3314 hoc
2881 3247 3312 3307 modo.Videbat
3327 3255 3476 3326 quod

190 3346 426 3415 gloriam
454 3363 467 3411 ;
505 3358 781 3398 venerans
804 3346 869 3394 ut
897 3346 1133 3410 patrem,
1178 3356 1373 3393 verens
1401 3345 1466 3394 ut
1492 3344 1798 3410 praecepto-
1880 3335 1939 3392 in
1968 3335 2208 3405 virgulto
2239 3351 2339 3390 suo
2371 3333 2630 3388 arborem
2668 3334 2880 3389 malum
2909 3335 3168 3407 habebat,
3207 3341 3366 3411 cujus
3388 3360 3476 3414 ra-

191 3451 328 3500 ram,
384 3432 633 3502 diligens
670 3435 734 3485 ut
766 3429 940 3483 ﬁlium
981 3429 1067 3482 vel
1104 3428 1357 3482 fratrem.
1401 3428 1489 3482 Illi
1543 3427 1798 3482 consulta
1881 3441 2102 3502 morum
2126 3423 2447 3496 spatiositas
2477 3424 2657 3478 multa
2684 3429 2806 3477 erat
2835 3430 2890 3478 et
2935 3441 3143 3497 magna
3189 3423 3475 3488 fructuum

191 3525 392 3578 animae
419 3539 560 3583 suae,
579 3520 660 3574 illi
679 3518 962 3590 speculam
991 3518 1313 3588 quamdam,
1338 3517 1487 3570 unde
1507 3515 1796 3570 ordinibus
1879 3513 2137 3580 ubertas;
2190 3528 2485 3606 pomorum
2528 3528 2748 3583 quoque
2787 3512 3000 3606 species
3045 3515 3386 3606 delectabilis
3417 3528 3476 3578 et

191 3611 588 3667 ecclesiasticis
632 3609 830 3678 regula
856 3607 1074 3661 vivendi
1119 3623 1219 3677 per
1247 3622 1473 3660 omnem
1515 3606 1795 3658 Norman-
1877 3619 2045 3674 sapor
2089 3601 2351 3673 optimus.
2377 3589 2541 3662 illanc
2576 3618 2671 3655 rex
2693 3575 2993 3672 praidictus
3021 3603 3092 3658 ab
3122 3577 3322 3680 abbate
3349 3628 3475 3684 pos-

189 3703 340 3758 niam
370 3707 432 3756 et
457 3699 726 3768 Angliam
775 3695 1208 3767 prospiceretur,
1238 3693 1535 3748 commisit.
1581 3693 1639 3748 Si
1670 3693 1796 3764 quis
1875 3691 2053 3758 cebat,
2100 3691 2289 3745 volens
2339 3706 2466 3744 eam
2512 3689 2582 3744 ad
2631 3691 2908 3761 quoddam
2957 3710 3122 3748 suum
3164 3698 3472 3778 virgultum

191 3804 317 3842 vero
346 3784 642 3840 admirans
672 3779 876 3851 quaerit
907 3796 1006 3834 cur
1032 3784 1223 3834 tantus
1257 3779 1336 3832 vir
1368 3783 1661 3848 tantopere
1705 3793 1796 3830 vo-
1877 3781 2202 3846 transferre,
2224 3779 2535 3857 reluctante
2555 3778 2757 3838 abbate
2777 3785 2834 3834 et
2852 3782 3001 3851 quod
3023 3800 3090 3838 ea
3108 3785 3229 3841 sola
3255 3796 3473 3854 susten-

190 3877 297 3932 luit
332 3874 626 3928 declinare
652 3869 898 3924 oﬂicium
928 3867 1262 3939 episc0pale,
1297 3867 1383 3920 vel
1420 3882 1594 3936 quare
1624 3865 1796 3920 abbas
1875 3876 2094 3925 taretur
2121 3873 2473 3941 opponente;
2524 3867 2658 3940 quia
2694 3869 2956 3924 dominus
3003 3879 3142 3942 erat,
3189 3865 3372 3950 evicit,
3412 3885 3473 3937 et

190 3964 398 4018 invitus
424 3962 532 4015 hoc
551 3960 604 4013 ei
625 3955 1002 4030 praecipiebat,
1017 3955 1262 4026 primum
1284 3953 1564 4008 deabbate
1578 3953 1796 4008 noverit
1875 3959 2133 4019 arborem
2181 3957 2511 4028 asportavit.
2546 3957 2756 4012 Verum
2797 3959 3012 4024 radices
3042 3963 3266 4031 penitus
3303 3969 3468 4032 avelli

192 4054 338 4126 quod
368 4064 737 4122 nequaquam
764 4045 1060 4101 invidendo
1083 4046 1205 4114 ejus
1236 4043 1575 4115 promotioni
1594 4043 1699 4096 hoc
1715 4040 1794 4096 fa-
1873 4067 1986 4108 non
2015 4052 2321 4120 potuerunt
2345 4067 2358 4116 ;
2392 4064 2459 4102 ex
2488 4047 2688 4118 quibus
2709 4035 3052 4124 ipulliulantes
3082 4051 3308 4125 virgulae
3329 4073 3468 4114 con-

189 4144 391 4210 ciebat,
413 4141 624 4213 quippe
653 4153 780 4192 cum
810 4136 934 4205 ejus
957 4139 1017 4187 et
1032 4133 1301 4187 honorem
1323 4137 1380 4186 et
1397 4130 1791 4185 exaltationem
1873 4138 2058 4194 festim
2091 4139 2148 4192 in
2185 4137 2412 4192 arbores
2457 4153 2694 4206 magnas
2736 4145 3116 4196 excreverunt.
3169 4131 3303 4204 Post
3342 4164 3469 4218 par.

186 4248 301 4303 prie
315 4227 542 4285 caeteris
561 4226 868 4280 aﬂ‘ectaret.
895 4219 1256 4292 Prmcipiebat
1273 4237 1405 4290 ergo
1435 4219 1516 4272 illi
1547 4219 1678 4290 quia
1703 4235 1794 4274 νο·
1873 4245 2003 4284 vum
2035 4227 2276 4298 denique
2318 4225 2421 4281 sub
2460 4241 2526 4280 eo
2556 4225 2676 4290 visu
2708 4225 3085 4298 intervallum,
3122 4241 3467 4295 memoratus

187 4315 594 4383 [unmﬁQDei
606 4317 877 4376 etsanctae
890 4309 1142 4368 Ecclesiae
1156 4309 1413 4378 electioni
1430 4325 1557 4362 eum
1572 4308 1790 4364 vocanti
1871 4333 1966 4370 rex
2013 4317 2082 4370 de
2121 4315 2337 4370 arboris
2377 4314 2554 4385 ipsius
2592 4313 2768 4370 nimia
2807 4305 3238 4376 fructiﬁcatione
3275 4303 3466 4382 coram

187 4400 1193 4470 contradicerenonaudebamnvitus
1207 4397 1638 4500 autemjubebat
1658 4415 1792 4498 quo:
1806 4405 1968 4500 Dillo
1992 4404 2302 4482 gaudebat;
2338 4409 2394 4457 et
2436 4404 2530 4459 ille
2568 4420 2628 4459 se
2673 4421 2739 4460 ex
2781 4421 2848 4460 ea
2894 4406 3211 4465 laetissimas
3261 4413 3466 4472 habere

187 4500 344 4557 n'mm
356 4495 653 4569 aegerrime
671 4490 887 4548 ferebat
899 4489 1042 4544 tanti
1067 4506 1131 4544 ac
1159 4495 1276 4542 tam
1296 4487 1602 4542 dulcissimi
1622 4487 1789 4542 amici
1806 4487 1858 4500 ’⁸⁷
1872 4493 2208 4566 propagines
2236 4493 2605 4564 adgaudendo
2636 4494 3028 4567 respondebat.
3065 4499 3415 4560 Invitabatur
3432 4523 3467 4566 a

188 4605 382 4646 Carere
402 4583 703 4650 οοηθοηίον
729 4581 826 4652 (Illi
844 4579 1161 4638 Camobium
1179 4578 1338 4633 Becci
1360 4577 1680 4650 nuperrime
1700 4577 1788 4631 in-
1870 4600 2003 4655 rege
2029 4589 2094 4638 ut
2119 4583 2304 4654 ipsum
2333 4583 2619 4638 translatae
2647 4582 2863 4638 arboris
2906 4577 3318 4647 incrementum
3358 4593 3469 4652 iret

186 4685 436 4750 coeptum
458 4675 573 4730 situ
606 4678 663 4727 et
685 4675 1018 4744 paupertate
1047 4668 1389 4723 horrendum
1418 4667 1604 4738 elegit,
1640 4667 1790 4738 quod
1870 4672 2078 4739 videre;
2094 4671 2195 4725 sed
2213 4671 2399 4725 nescio
2421 4687 2543 4742 quae
2563 4687 2734 4732 causa
2749 4671 3092 4743 impediebat
3105 4694 3176 4731 ne
3196 4679 3321 4738 iret.
3338 4683 3467 4740 nec

187 4755 1725 4838 prudentiailliusvigilantissimaquecuralocupletavit
1739 4760 1796 4811 et
1877 4760 2086 4826 omnia,
2133 4759 2277 4815 sicut
2323 4758 2460 4814 visio
2505 4751 2756 4829 digessit,
2804 4777 2992 4818 rerum
3040 4755 3270 4824 eventus
3300 4772 3469 4844 expli-

187 4857 242 4912 in
270 4863 490 4914 statum
515 4849 767 4924 provexit
781 4846 1145 4920 pulcherrimi
1167 4845 1396 4910 ordinis,
1419 4845 1553 4910 dum
1574 4848 1796 4916 regeret
1874 4850 2007 4916 cuit,
2037 4853 2240 4920 praeter
2270 4864 2436 4919 quam
2469 4849 2618 4918 quod
2646 4865 2774 4902 vere
2812 4849 2912 4912 ivit
2937 4855 2994 4907 et
3015 4847 3183 4924 quod]
3211 4859 3470 4918 audierat

186 4945 492 5016 collegium
543 4941 854 4995 fraternum
887 4937 1010 5007 [ah
1053 4935 1316 5006 fratrum]
1357 4950 1550 4988 severa
1575 4949 1640 4987 ac
1669 4933 1794 4988 miti
1873 4938 2029 4991 vidit.
2075 4937 2398 5007 Virgultum
2437 4936 2654 4990 abbatis
2708 4943 2830 4992 erat
2871 4940 3163 4999 Beccensis
3203 4947 3466 5013 Ecclesia.

185 5033 510 5107 disciplina,
542 5034 798 5084 sanctum
826 5025 993 5080 etiam
1026 5023 1284 5078 abbatem
1326 5023 1527 5077 humili
1573 5027 1630 5077 et
1665 5022 1792 5077 utili
1875 5027 2032 5098 cujus
2061 5026 2229 5080 arbor
2258 5025 2518 5090 maxima,
2551 5026 2644 5079 ille
2681 5026 2893 5094 doctor,
2942 5046 3055 5085 non
3102 5035 3282 5092 solum
3319 5055 3462 5104 eam,

185 5125 445 5179 consilio.
501 5119 722 5176 Etenim
764 5133 894 5172 cum
937 5113 1236 5186 ingloriam
1283 5112 1522 5184 propria:
1567 5117 1792 5166 tantum
1874 5132 2069 5171 verum
2123 5115 2264 5170 alias
2317 5132 2510 5169 omnes
2550 5131 2652 5186 per
2688 5116 2928 5188 patriam
2972 5137 3073 5176 suo
3121 5125 3371 5197 exemplo
3413 5131 3470 5181 et

187 5210 893 5280 mortiﬁcationisoperam
907 5205 1053 5258 idem
1067 5201 1786 5270 Lanfrancusdesideraret,
1875 5205 2128 5260 doctrina
2175 5204 2530 5259 sustentabat
2575 5205 2866 5262 Ecclesias.
2915 5208 3040 5277 Qui,
3079 5209 3148 5264 ob
3183 5213 3470 5282 religionis

185 5321 317 5358 cum
347 5301 535 5358 adhuc
563 5297 724 5354 Becci
751 5299 919 5361 esset,
948 5291 1319 5364 deprehendit
1345 5307 1474 5346 eum
1500 5296 1670 5362 atque
1692 5307 1794 5363 pu-
1875 5310 2045 5348 sacrae
2079 5292 2494 5347 institutionem
2525 5294 2862 5349 tradendam
2904 5298 3118 5367 Anglis,
3143 5315 3176 5351 a
3204 5301 3470 5369 praedicto

184 5392 415 5448 blicavit
455 5388 870 5462 cogitationum
912 5383 1194 5454 inspector
1236 5381 1406 5445 Deus,
1451 5385 1516 5434 ut
1565 5380 1795 5436 lucerna
1875 5400 2006 5454 rege
2036 5399 2136 5454 per
2173 5381 2433 5436 abbatem
2462 5398 2647 5450 suum,
2681 5384 2771 5438 cui
2803 5385 2905 5437 soli
2934 5390 3202 5456 tanquam
3235 5389 3351 5445 Deo
3378 5409 3474 5464 pa-

182 5500 313 5538 sese
340 5481 611 5552 colligens
642 5478 700 5532 in
731 5474 932 5528 vallem
963 5471 1372 5527 diffunderetur
1410 5487 1511 5540 per
1554 5470 1789 5525 excelsa.
1876 5472 2052 5539 rebat,
2079 5473 2149 5526 ad
2177 5472 2559 5528 transmarina
2586 5473 2828 5544 migrare
2851 5474 3186 5544 postulatus,
3229 5480 3474 5539 multum

181 5573 414 5628 Eﬂulsit
442 5587 508 5625 eo
556 5566 853 5638 magistro,
900 5559 1226 5616 obedientize
1283 5565 1497 5625 coactu,
1546 5559 1797 5630 philoso-
1878 5561 2106 5628 invitus,
2169 5561 2322 5616 salva
2365 5561 2681 5616 obedientia
2726 5565 2896 5631 atque
2941 5561 3011 5616 ab
3055 5563 3230 5622 invito
3273 5569 3476 5628 abbate

181 5663 486 5733 phicarum
517 5676 584 5714 ac
614 5656 938 5711 divinarum
955 5652 1276 5707 litterarum
1307 5649 1658 5718 bibliotheca,
1704 5666 1800 5713 no.
1877 5651 2091 5722 jussus,
2111 5651 2318 5723 paruit.
2353 5651 2513 5707 Unde
2544 5648 2791 5704 scribens
2804 5666 2964 5723 papae
2990 5653 3328 5725 Alexandro,
3351 5667 3480 5731 post

480 5761 755 5819 PATROL.
786 5751 899 5814 CL.
3208 5759 3245 5817 2

1883 3175 2053 3230 quam
2105 3157 2236 3236 inde
2294 3143 2556 3227 allegatio
2593 3143 2825 3236 veniret,
2867 3157 3174 3234 venerabili
3202 3157 3476 3221 Herluino
3582 3174 3585 3180 ‘
