3952 6444
499 415 526 471 4
537 416 566 471 3

1225 414 1289 466 B.
1330 413 1744 469 LANFRANCI
1785 412 2364 470 CANTUARIENSIS
2402 413 2976 468 ARCHIEPISCOPI.

3697 415 3759 471 44

497 535 893 592 salutationem
940 534 1062 589 ait:
1105 553 1128 585 ι
1177 535 1319 590 Cum
1357 538 1426 592 de
1473 539 1736 593 Beccensi
1780 543 2150 609 congrega-A
2257 538 2335 594 l7.
2374 540 2455 593 De
2496 538 2776 592 radicibus
2805 538 2954 592 illius
3004 554 3220 609 magna;
3257 540 3492 608 arboris,
3545 559 3665 614 quae
3707 543 3757 598 in

496 625 714 680 tione...
747 643 774 676 ι)
811 625 1027 678 Caetera
1067 624 1314 678 continet
1344 627 1582 698 epistola
1617 626 1648 683 2
1676 629 1737 681 B.
1772 629 2088 681 Lanfranci.

567 713 652 770 15.
687 714 788 767 His
816 713 998 768 verbis
1028 713 1242 768 adverti
1265 720 1451 784 potest
1473 732 1642 786 quam
1663 716 1870 770 invitus
1900 722 2090 787 pasto-

2174 628 2338 681 horto
2367 645 2468 681 suo
2498 633 2902 691 remanserant,
2927 631 2991 680 ut
3011 644 3110 697 per
3128 630 3409 684 somnium
3438 647 3601 686 suum
3623 632 3759 687 vide-

2173 721 2280 782 rat,
2313 715 2450 770 vidit
2476 721 2674 787 postea
2709 716 3098 786 praedicandus
3133 717 3218 770 vir
3245 719 3548 774 Herluinus
3581 722 3758 792 pullu-

491 802 669 856 ralem
725 818 916 856 curam
961 807 1301 872 susceperat,
1345 808 1402 856 et
1447 820 1616 874 quam
1669 804 1909 858 libenter
1963 822 2086 858 eam
2169 804 2352 858 lantes
2388 805 2659 875 quasdam
2690 805 2932 874 virgulas
2961 805 3020 858 in
3048 805 3275 860 arbores
3320 824 3552 878 magnas
3586 826 3759 865 excre-

488 890 812 957 dimisisset,
833 891 880 944 si
896 891 1200 944 concedere
1229 908 1375 962 papa
1391 893 1672 946 voluisset.
1695 894 1838 946 Nam
1853 893 2086 948 timebat
2171 893 2329 960 visse,
2361 894 2566 947 multos
2593 893 2854 947 videlicet
2882 893 2952 946 ad
2983 910 3190 963 magna
3232 895 3505 950 bonorum
3529 914 3754 969 operum

485 995 652 1034 suum
696 979 992 1046 defectum,
1025 996 1127 1033 nec
1157 980 1339 1034 adhuc
1384 981 1455 1034 ad
1494 986 1685 1035 votum
1731 982 1995 1036 cernebat
2023 983 2082 1036 in
2165 981 2511 1036 incrementa
2526 983 2791 1053 perillius
2813 981 3225 1037 institutionem
3246 985 3755 1041 accessisse.Arbor

484 1069 591 1124 sibi
641 1070 954 1125 commissis
1005 1070 1336 1140 profectum.
1391 1069 1479 1139 (35)
1523 1070 1733 1124 Verum
1778 1071 1899 1140 ejus
1939 1070 2078 1124 inibi

483 1164 727 1230 quantus
745 1165 939 1230 postea
950 1158 1468 1224 exstiteritfructus,
1485 1159 1755 1212 latissime
1776 1163 2076 1212 attestatur

477 1248 776 1302 innovatus
827 1264 1232 1319 usquequaque
1281 1247 1653 1302 institutionis
1690 1247 2074 1301 ecclesiasticae

476 1341 674 1392 status.
692 1336 779 1410 (³⁸)
803 1336 1144 1392 Οωηοῦἰειιίε
1175 1337 1330 1401 ordo,
1351 1335 1446 1406 qui
1477 1335 1706 1388 omnino
1727 1335 1797 1388 ad
1817 1336 2072 1389 laicalem

470 1427 767 1497 prolapsus
784 1426 969 1480 fuerat
987 1424 1431 1491 dissolutionem,
1451 1424 1522 1477 ad
1544 1423 2071 1494 probatissimorum

470 1515 810 1568 reformatur
838 1513 1191 1584 disciplinam
1222 1512 1712 1566 monasteriorum.
1744 1512 1942 1567 Clerici
1967 1512 2070 1567 sub

472 1602 783 1656 canonicali
812 1607 1143 1656 coercentur
1168 1601 1385 1671 regula.
1414 1601 1682 1673 Populus,
1707 1602 1918 1656 rituum
1948 1601 2072 1655 bar-

468 1690 737 1764 barorum
783 1690 1084 1745 interdicta
1129 1691 1393 1756 vanitate,
1428 1690 1501 1744 ad
1547 1695 1760 1745 rectam
1806 1689 2070 1745 credendi

466 1783 637 1851 atque
661 1779 881 1835 vivendi
900 1780 1141 1834 formam
1173 1779 1449 1834 eruditur.

1066 1867 1308 1924 CAPUT
1336 1869 1458 1922 VII.

537 1958 623 2015 16.
656 1959 814 2012 Hanc
838 1958 1125 2013 fructuum
1157 1959 1272 2013 Deo
1302 1957 1764 2011 suavissimorum
1816 1955 2065 2025 fragran-

459 2047 617 2114 tiam,
651 2049 812 2118 cujus
841 2063 906 2100 ex
935 2046 1106 2100 odore
1136 2046 1336 2100 domus
1364 2046 1467 2099 Dei
1488 2061 1589 2116 per
1613 2044 1804 2098 orbem
1829 2045 2063 2114 impleta

457 2142 561 2204 est,
591 2152 763 2207 quam
791 2141 851 2190 et
877 2136 998 2206 ipse
1021 2133 1192 2188 abbas
1221 2134 1423 2188 absens
1436 2133 1845 2203 jucundissime
1877 2148 2063 2186 sense-

456 2231 565 2291 rat,
599 2237 796 2296 postea
814 2241 1059 2296 praesens
1086 2228 1298 2295 quanto
1318 2222 1554 2277 vicinius
1585 2227 1743 2276 tanto
1758 2221 2060 2292 jucundius

456 2314 652 2379 sensit,
685 2313 969 2384 profectus
999 2313 1071 2367 ad
1100 2329 1230 2366 eum
1270 2311 1329 2364 in
1379 2310 1663 2381 Angliam.
1699 2311 1951 2380 Cumque
1988 2309 2059 2362 ad

454 2401 938 2472 archiepiscopum
967 2400 1332 2471 pervenisset,
1367 2405 1432 2463 9
1477 2416 1598 2469 quae
1621 2405 1757 2453 tunc
1786 2399 1935 2452 inter
1965 2414 2059 2452 eos

453 2488 824 2544 submittendi
844 2503 968 2542 sese
993 2487 1065 2540 ad
1083 2486 1320 2541 invicem
1339 2487 1433 2558 pia
1453 2487 1735 2540 contentio
1752 2486 1776 2538 ?
1793 2486 2057 2539 Summus

451 2578 705 2640 antistes,
742 2581 799 2631 et
817 2575 878 2630 in
909 2575 1170 2629 Ecclesiis
1193 2574 1591 2629 transmarinis
1618 2574 1766 2628 vices
1795 2573 2057 2644 apostoli-

449 2683 544 2721 cas
569 2682 794 2736 gerens,
820 2663 1192 2719 submittebat
1212 2681 1271 2718 se
1297 2681 1400 2718 suo
1427 2664 1711 2735 quondam
1751 2663 1960 2726 abbati,
1993 2668 2057 2717 ut

2161 1071 2434 1124 fructibus
2463 1071 2652 1141 opima
2678 1071 2785 1125 fuit
2811 1070 3144 1126 venerabilis
3164 1073 3484 1138 Anselmus,
3501 1075 3752 1131 ECclesiae

2156 1160 2528 1229 Augustensis
2557 1159 2808 1225 clericus,
2844 1160 2940 1230 qui
2971 1161 3338 1216 Lanfrancum
3365 1163 3435 1216 ad
3457 1166 3753 1218 monacha-

2154 1253 2276 1300 tum
2307 1248 2655 1314 subsecutus,
2691 1254 2814 1318 post
2833 1265 2960 1302 eum
2987 1249 3156 1319 prior,
3179 1255 3305 1320 post
3333 1251 3593 1306 abbatem
3616 1254 3751 1308 Her-

2154 1336 2373 1389 luinum
2395 1335 2565 1390 abbas
2587 1335 2901 1400 Becci,dein
2913 1337 3365 1408 archiepiscopus
3381 1339 3750 1394 Cantuarien-

2153 1424 2231 1478 sis
2268 1429 2395 1495 post
2424 1425 2682 1478 eumdem
2710 1425 3084 1479 Lanfrancum
3117 1426 3263 1492 fuit;
3309 1427 3378 1480 de
3412 1444 3520 1498 quo
3551 1434 3749 1482 cuncta

2152 1515 2372 1582 majora
2381 1513 2612 1568 fuerunt
2636 1530 2804 1584 quam
2826 1519 3020 1567 nostra
3039 1515 3292 1569 oratione
3305 1516 3501 1569 referri
3523 1522 3746 1587 queant.

2153 1601 2397 1656 Arbores
2427 1603 2712 1657 fructuum
2731 1602 3004 1657 bonorum
3021 1604 3373 1672 jucunditate
3397 1605 3748 1660 delectabiles

2152 1691 2382 1745 fuerunt
2419 1691 2503 1760 (38)
2564 1691 2735 1745 abbas
2792 1692 3411 1747 Westmonasteriensis
3467 1694 3745 1749 Gilbertus

2153 1779 2446 1850 Crispinus
2473 1779 2597 1851 (26),
2626 1779 2713 1849 (39)
2746 1779 2917 1834 abbas
2963 1781 3358 1836 Cormeliensis
3404 1782 3740 1848 Willelmus,

2083 1849 2236 1940 B(4°)
2271 1849 2545 1922 Henricus
2595 1868 2850 1922 Ecclesia
2887 1870 3307 1923 Cantuariensis
3350 1870 3594 1924 decanus
3622 1870 3740 1939 (“);

2147 1956 2459 2012 Hernostus
2491 1957 2765 2010 Roflensis
2787 1957 3042 2011 Ecclesiae
3064 1958 3377 2029 episcopus,
3409 1962 3465 2012 et
3482 1959 3576 2029 qui
3596 1959 3647 2012 ei
3666 1960 3738 2013 ad

2143 2043 2294 2098 idem
2316 2045 2565 2099 ofﬁcium
2585 2047 2851 2100 successit
2878 2045 3107 2111 ibidem,
3132 2045 3217 2113 (θ)
3250 2046 3334 2099 vir
3361 2063 3584 2100 morum
3613 2063 3742 2101 san-

2143 2134 2334 2188 ctitate
2353 2133 2657 2188 admodum
2681 2134 3019 2188 reverendus
3050 2134 3390 2190 Gundulfus.
3413 2134 3503 2205 (‘3)
3538 2135 3628 2202 Hi,
3647 2137 3743 2204 ju-

2141 2227 2306 2276 vante
2335 2222 2436 2276 Dei
2464 2223 2668 2292 gratia,
2717 2223 2774 2276 in
2813 2223 3073 2276 Beccensi
3116 2223 3348 2276 ecclesia
3391 2240 3425 2276 a
3474 2224 3742 2295 magistro

2141 2309 2454 2363 Lanfranco
2469 2310 2670 2375 edocti,
2685 2317 2740 2362 et
2753 2325 2786 2363 a
2797 2314 2988 2363 sancto
3004 2311 3172 2364 Patre
3191 2311 3465 2365 Herluino
3477 2311 3534 2365 in
3551 2318 3743 2367 sancta

2140 2398 2412 2468 religione
2438 2398 2716 2464 instructi,
2745 2399 2806 2452 in
2837 2399 3096 2453 Ecclesiis
3123 2400 3249 2455 aliis
3281 2406 3478 2472 postea
3507 2401 3744 2456 honora-

2139 2487 2280 2542 biles
2308 2489 2506 2542 Patres
2531 2493 2666 2542 sunt
2689 2487 2951 2542 instituti.

2733 2577 2967 2632 CAPUT
2993 2576 3146 2632 VIII.

2215 2664 2298 2721 18.
2341 2667 2498 2720 Nova
2545 2666 2784 2720 necdum
2837 2671 3056 2720 sacrata
3097 2671 3220 2720 erat
3274 2667 3508 2723 ecclesia
3555 2669 3733 2738 Becci,

449 2754 594 2808 alius
620 2753 800 2825 quivis
827 2753 1164 2820 monachus;
1199 2753 1476 2807 secundus
1505 2752 1714 2822 ubique
1739 2751 1809 2804 ab
1840 2768 1927 2816 eo,
1958 2751 2055 2805 ubi
2138 2769 2306 2823 quam
2324 2755 2394 2808 ab
2415 2754 2534 2824 ipso
2558 2755 2715 2824 cujus
2744 2769 2867 2807 eam
2898 2754 3132 2808 consilio
3160 2754 3445 2810 inchoavit
3463 2763 3518 2811 et
3532 2758 3739 2812 auxilio

448 2843 520 2896 ad
543 2842 842 2896 missarum
873 2840 1149 2895 solemnia
1176 2841 1493 2908 residendo,
1527 2847 1585 2895 et
1613 2857 1844 2894 manum
1883 2839 2051 2905 illius,
2137 2843 2548 2897 consummavit
2568 2842 2924 2913 exspectabat
2952 2844 3283 2910 consecrari,
3325 2844 3605 2900 instanter
3632 2847 3739 2901 hoc

447 2947 576 2985 cum
605 2931 820 3002 aliquid
853 2929 922 2983 ab
954 2946 1020 2984 eo
1067 2929 1394 3000 accipiebat,
1436 2930 1548 2983 nisi
1596 2929 1804 2999 raptim
1848 2929 1942 2982 ille
1972 2945 2055 2982 re-
2135 2949 2170 2985 a
2196 2933 2311 2986 Deo
2337 2948 2670 3002 exposcens;
2700 2933 2859 3000 cujus
2884 2931 3158 3001 petitioni,
3193 2932 3289 3002 qui
3317 2934 3388 2986 ad
3409 2939 3610 2988 caetera
3625 2935 3736 2990 sibi

447 3020 728 3085 traxisset,
755 3019 1078 3072 osculando.
1104 3019 1190 3073 Illi
1213 3020 1374 3073 sedes
1394 3018 1752 3083 eminentior,
1788 3034 1852 3070 ac
1875 3018 1948 3070 im
1956 3034 2053 3087 pe-
2135 3020 2408 3090 benignus
2420 3019 2712 3073 exstiterat
2723 3021 3151 3090 Deus,optatum
3166 3021 3438 3076 concessit
3453 3023 3735 3092 effectum,

446 3109 612 3163 randi
655 3109 748 3176 jus
795 3124 961 3161 omne
998 3107 1380 3173 tribuebatur;
1420 3106 1667 3162 donabat
1713 3105 2050 3160 famulorum
2074 3161 2113 3180 η
2135 3110 2447 3180 adimplens
2468 3127 2568 3180 per
2588 3109 2776 3163 omnia
2796 3125 2964 3180 super
2984 3111 3087 3163 hac
3114 3127 3175 3163 re
3196 3110 3346 3164 illius
3369 3111 3732 3168 desiderium.

451 3196 902 3266 delinquentium
931 3201 1142 3262 reatus,
1175 3213 1239 3250 ac
1264 3201 1466 3250 caetera
1502 3197 1562 3248 in
1587 3196 1753 3248 domo
1787 3211 1886 3265 pro
1914 3195 2053 3248 velle
2071 3195 2115 3220 υ
2136 3199 2357 3252 Interea
2386 3197 2597 3268 paratis
2623 3197 2882 3251 omnibus
2923 3214 3046 3267 quae
3075 3198 3390 3252 necessaria
3424 3207 3588 3254 erant
3614 3202 3736 3256 usi-

444 3284 702 3340 faciebat.
757 3284 982 3339 Domini
1040 3301 1249 3338 nomen
1294 3285 1457 3350 alius,
1505 3285 1600 3337 ille
1656 3284 2052 3338 auctoritatem
2134 3285 2237 3339 bus
2262 3286 2658 3352 habitantium,
2690 3291 2818 3356 post
2836 3284 3214 3352 refectionem,
3251 3286 3444 3356 vigilia
3465 3287 3734 3344 Omnium

443 3373 695 3444 gerebat.
745 3375 968 3437 Quanto
1025 3372 1183 3427 curia
1233 3389 1336 3427 sua
1391 3372 1773 3442 frequentior,
1839 3377 2050 3441 quanto
2136 3375 2487 3440 Sanctorum,
2533 3374 2737 3428 fratres
2791 3372 3171 3443 relinquentes
3216 3380 3462 3429 veterem
3515 3375 3736 3431 habita,

444 3462 744 3532 utriusque
771 3462 983 3516 ordinis
998 3477 1367 3533 personarum
1394 3462 1571 3515 totius
1591 3460 1750 3530 regni
1774 3460 2050 3513 excellen-
2132 3462 2631 3528 tionem,ordinata
2646 3462 3290 3533 processione,canentes
3310 3465 3731 3534 responsorium

443 3551 589 3606 tium
627 3558 929 3606 conventus
977 3550 1147 3604 ﬁebat
1199 3549 1581 3615 numerosior,
1637 3553 1795 3603 tanto
1847 3548 2048 3618 majori
2135 3549 2174 3604 0
2197 3553 2347 3604 beata
2384 3552 2650 3615 Trinitas,
2683 3555 2957 3604 venerunt
2985 3550 3044 3603 in
3066 3566 3265 3605 novam
3289 3552 3616 3620 ecclesiam;
3648 3553 3735 3608 in-

446 3656 634 3695 coram
685 3639 946 3694 omnibus
992 3639 1155 3693 illum
1214 3637 1669 3708 archiepiscopus
1718 3635 2050 3707 praeferebat
2129 3644 2345 3693 trantes
2360 3639 2688 3693 novasaedes
2709 3639 2972 3708 deinceps
3000 3638 3328 3704 habitaturi,
3357 3639 3548 3711 ibique
3579 3642 3733 3697 festi-

446 3727 732 3800 obsequio.
783 3729 1022 3783 Multum
1072 3726 1426 3781 mirabantur
1477 3725 1744 3791 universi,
1806 3725 2047 3778 maxime
2127 3728 2356 3782 vitatem
2378 3727 2641 3781 Omnium
2656 3728 2985 3782 Sanctorum
3001 3744 3128 3782 cum
3144 3729 3352 3798 gaudio
3364 3735 3421 3784 et
3437 3730 3733 3787 alacritate

445 3817 634 3889 Angli,
667 3817 1150 3888 archiepiscopum
1180 3814 1646 3870 Cantuariensem
1675 3813 1754 3867 sic
1791 3812 2047 3866 submitti
2129 3817 2382 3870 omnium
2416 3815 2853 3870 celebraverunt.
2901 3816 2963 3870 In
3015 3816 3323 3871 crastinum
3376 3818 3511 3872 dum
3556 3820 3732 3876 missa

447 3907 549 3974 ulli
580 3907 924 3961 mortalium.
956 3905 1144 3959 Abbas
1177 3921 1303 3958 vero
1331 3920 1499 3974 quam
1531 3901 1769 3956 debebat
1785 3901 2046 3972 dignitati
2127 3910 2470 3970 cantaretur,
2500 3909 2728 3959 sanctus
2758 3905 2926 3958 Pater
2966 3905 3257 3959 collectam
3303 3907 3726 3964 multitudinem

447 4001 621 4051 tantae
646 3994 1076 4051 submissionem
1110 3993 1420 4047 conabatur
1448 3991 1748 4058 exsolvere,
1791 3991 1889 4044 sed
1919 3990 2048 4044 nul-
2129 4009 2440 4063 pauperum
2464 3993 2523 4046 in
2551 4010 2720 4047 novas
2748 3993 3000 4047 officinas
3025 3994 3196 4064 jussit
3223 3995 3432 4062 induci,
3466 4001 3524 4050 et
3551 3996 3732 4053 abun-

448 4085 671 4140 latenus
691 4083 1140 4155 permittebatur.
1159 4083 1296 4136 Ecce
1316 4081 1449 4153 quid
1467 4081 1526 4134 in
1540 4080 1648 4134 hac
1674 4080 1788 4134 vita
1808 4079 2048 4134 servien-
2129 4080 2458 4135 dantissime
2485 4081 2606 4135 cibo
2645 4087 2703 4136 et
2727 4087 2861 4153 potu
2890 4083 3063 4137 reﬁci.
3097 4083 3308 4146 Quarto
3347 4083 3548 4139 deinde
3575 4102 3728 4142 anno

448 4173 600 4228 tibus
624 4172 729 4227 sibi
760 4171 1185 4244 opulentissima
1212 4171 1315 4226 Dei
1351 4185 1553 4224 manus
1595 4167 1878 4222 retribuit.
1915 4168 2042 4235 Qui,
2128 4169 2382 4224 dedicata
2423 4175 2509 4224 est
2540 4171 2774 4224 ecclesia
2813 4187 2940 4225 cum
2986 4187 3193 4242 magna
3232 4171 3430 4241 gloria,
3462 4179 3520 4227 et
3547 4190 3582 4227 a
3612 4191 3728 4246 quo

448 4261 776 4334 pauperiem
833 4261 1040 4316 Christi
1077 4275 1386 4326 assumens,
1419 4257 1498 4329 (³⁷)
1535 4258 1671 4312 olim
1699 4257 2045 4328 contemptui
2126 4259 2295 4313 Pater
2313 4259 2685 4313 desiderabat.
2710 4260 2854 4314 Nam
2881 4276 2981 4331 pro
2995 4259 3331 4331 quibusdam
3352 4261 3729 4332 negotiistam

447 4351 518 4406 ab
549 4350 826 4406 universis
853 4356 911 4406 et
935 4349 1142 4404 derisui
1169 4348 1520 4416 habebatur;
1564 4347 1736 4402 habet
1773 4363 1922 4402 nunc
1949 4347 2045 4417 qui
2125 4347 2482 4403 saecularibus
2511 4365 2679 4420 quam
2709 4349 3113 4412 ecclesiasticis,
3159 4349 3413 4420 gentium
3445 4356 3729 4410 transma-

443 4455 661 4495 morem
687 4439 793 4494 sibi
833 4445 996 4510 gerat
1039 4439 1342 4511 primatem
1386 4437 1563 4492 totius
1607 4436 1768 4507 regni
1799 4435 2036 4506 Angliaa,
2059 4471 2110 4530 Β
2127 4437 2379 4492 rinarum
2395 4453 2540 4508 saepe
2559 4443 2902 4492 memoratus
2922 4436 3166 4508 pontifex
3183 4454 3436 4494 summus
3451 4440 3730 4498 Lanfran-

444 4545 573 4586 cum
602 4529 862 4585 omnibus
889 4529 997 4584 sibi
1025 4528 1339 4583 commissis
1387 4525 1729 4597 pontiﬁcem.
1768 4524 2038 4578 Eamdem
2060 4524 2102 4530 _
2125 4543 2221 4581 cus
2242 4527 2312 4580 ad
2331 4526 2543 4580 curiam
2561 4526 2988 4582 eminentissimi
3008 4525 3155 4596 regis
3175 4528 3486 4598 Anglorum
3507 4529 3704 4586 Willel

441 4619 807 4690 benignitatis
819 4618 920 4673 Dei
933 4618 1105 4672 vicem
1130 4623 1187 4672 et
1205 4617 1299 4670 ille
1319 4619 1629 4686 acceperat,
1649 4612 2039 4685 quiabnegans
2121 4615 2217 4681 mi,
2238 4616 2297 4670 in
2318 4615 2664 4670 Normannia
2682 4621 2817 4671 tunc
2837 4615 3255 4682 commorantis,
3279 4617 3726 4689 veniens,primo

442 4708 807 4780 semetipsum
837 4707 963 4774 sibi,
987 4708 1083 4778 qui
1115 4707 1248 4760 olim
1288 4721 1390 4776 pro
1432 4705 1548 4758 Deo
1594 4703 1909 4757 libertatem
1950 4703 2038 4758 sui
2120 4704 2354 4759 accessit
2379 4705 2450 4758 ad
2471 4705 2657 4776 ipsum
2682 4703 3120 4772 monasterium;
3155 4709 3213 4758 et
3241 4721 3353 4776 qua
3392 4723 3505 4761 non
3531 4709 3728 4778 potuit

441 4799 770 4864 tradiderat,
812 4796 964 4851 videt
991 4811 1142 4851 nunc
1178 4794 1249 4849 ad
1294 4793 1530 4864 vestigia
1567 4809 1667 4847 sua
1698 4793 1931 4860 advolvi,
1973 4797 2037 4847 ut
2116 4793 2316 4864 majori
2346 4793 2604 4848 decentia
2629 4809 2662 4847 a
2685 4792 2952 4847 fratribus
2991 4797 3078 4847 est
3104 4798 3430 4865 susceptus;
3460 4795 3580 4867 ipse
3605 4812 3725 4867 qua

439 4904 553 4943 non
608 4886 790 4941 dicam
832 4886 1154 4940 consulares
1194 4883 1424 4949 multos,
1467 4882 1581 4937 imo
1622 4886 1680 4935 et
1724 4882 2034 4937 maximum
2115 4899 2228 4937 non
2251 4885 2435 4954 potuit
2479 4881 2682 4952 majori
2710 4881 3046 4948 humilitate,
3097 4897 3224 4936 cum
3267 4883 3348 4938 eis
3389 4900 3450 4939 se
3491 4885 3721 4955 habuit,

437 4983 622 5033 totum
654 4975 759 5030 sibi
788 4975 999 5029 accline
1027 4990 1283 5044 regnum.

514 5081 624 5152 (‘26)
642 5082 798 5137 Alios
815 5081 1112 5137 Lanfranci
1142 5079 1443 5152 discipulos
1471 5079 1530 5132 in
1552 5077 2030 5152 observationibus

436 5149 656 5227 praeviis
683 5154 1074 5227 indicavimus.
1116 5153 1198 5206 De
1225 5149 1536 5227 Gisleberto
1567 5149 2025 5227 multandiximus

432 5220 503 5304 ad
525 5227 713 5304 Vitam
811 5224 1086 5304 Herluini,
1104 5239 1271 5304 quam
1290 5221 1638 5304 ille’scripsit;
1661 5221 1728 5304 de
1739 5220 2022 5304 Willelmo

430 5298 490 5352 in
511 5299 659 5352 notis
680 5298 748 5352 ad
766 5313 888 5364 cap.
922 5295 958 5352 ‘2
976 5291 1141 5364 hujus
1163 5295 1319 5348 Vitae.
1354 5291 1626 5364 Henricus
1656 5291 2024 5364 Cantuarien-

429 5370 510 5423 sis
534 5369 788 5423 Ecclesia
808 5362 1065 5422 decanus
1081 5366 1147 5432 is,
1180 5371 1244 5420 ut
1278 5365 1515 5430 videtur,
1546 5363 1654 5416 fuit
1682 5362 1752 5415 ad
1769 5378 1934 5432 quem
1959 5363 2014 5416 S.

425 5441 725 5514 Anselmus
747 5438 1129 5514 s_cripsi_t_du_as
1151 5437 1441 5514 epistolas,
1477 5451 1590 5514 una
1619 5439 1703 5514 est
1729 5433 1748 5488 1
1761 5432 1880 5514 lib.
1906 5448 2014 5514 Lrv,

423 5504 997 5570 altera‘llibrixﬂmbi
1029 5504 1279 5580 ejusdem
1307 5504 1729 5580 Cantuariensis
1759 5504 2016 5580 Ecclesiae

417 5583 576 5654 prior
591 5588 835 5636 vocatur.
867 5581 946 5654 De
974 5574 1210 5654 Ernosto
1233 5581 1350 5654 agit
1361 5579 1707 5654 Lanfrancus
1729 5575 1891 5654 epist.
1920 5574 2008 5654 48,

2108 4973 2271 5041 juxta
2286 4971 2433 5042 quod
2447 4970 2716 5042 scriptum
2733 4975 2819 5026 est
2841 4989 2852 5024 :
2879 4973 3094 5040 Quanto
3118 4987 3354 5040 magnus
3375 4990 3446 5040 es,
3467 4975 3722 5032 humilia

2113 5078 2275 5152 epist.
2307 5077 2377 5132 46
2425 5077 2663 5152 scripsit.
2697 5078 3001 5152 Ordinatus
3039 5084 3126 5134 est
3152 5085 3345 5152 autem,
3369 5096 3516 5135 anno
3549 5078 3716 5152 1077,

2110 5151 2505 5222 destructaque
2517 5149 2781 5222 Hoﬂ'ensi,
2798 5157 3075 5206 vetustate
3094 5168 3236 5222 pene
3248 5151 3513 5222 collapsa,
3529 5149 3718 5208 eccle-l

2107 5221 2208 5286 sia,
2243 5237 2455 5292 novami
2471 5220 2781 5287 aedificavit,
2814 5222 2874 5276 in
2906 5239 3019 5292 qua
3065 5220 3357 5292 sexaginta
3393 5220 3716 5281 monachos

2107 5241 2208 5286 818,
2243 5241 2440 5273 novam
2471 5241 2781 5287 molucam,
2814 5241 2874 5276 1n
2943 5241 3019 5277 ua
3065 5241 3357 5292 sexaginta
3397 5241 3716 5281 monacnos

2103 5291 2387 5345 adunavit.
2410 5291 2548 5373 Haec.
2562 5296 2619 5346 et
2637 5292 2748 5373 alia
2778 5241 3041 5373 Gungulﬁ
3063 5295 3330 5365 praeclare
3348 5299 3507 5373 gesta
3528 5295 3719 5373 refert

2104 5379 2418 5436 anonymus
2447 5364 2622 5436 ipsius
2652 5364 2792 5436 Vitae
2821 5364 3096 5436 scriptori;
3134 5382 3299 5435 quem
3320 5365 3613 5436 Acherius
3642 5367 3714 5422 in

2101 5434 2247 5487 notis
2283 5434 2354 5487 ad
2384 5451 2502 5505 cap.
2551 5435 2621 5490 13
2651 5435 2819 5505 hujus
2847 5434 2987 5490 Vitae
3035 5434 3332 5490 Lanfranci
3372 5435 3548 5489 edidit
3575 5446 3716 5505 post

2102 5505 2407 5578 Sedlenum
2431 5507 2490 5559 in
2520 5507 2668 5560 notis
2697 5508 2768 5560 ad
2797 5509 3154 5574 Eadmerum,
3189 5508 3286 5578 qui
3304 5506 3530 5578 quidem
3553 5505 3715 5562 Ead-

2097 5593 2283 5630 merus
2313 5577 2507 5631 eadem
2529 5584 2742 5632 narrat.
2766 5579 2896 5634 Vita
2917 5580 3137 5649 integra
3155 5577 3422 5634 Gundulﬁ
3445 5578 3595 5635 edita
3615 5587 3714 5635 est

415 5646 677 5709 editionis
687 5653 1031 5719 Acherianae,
1051 5646 1317 5707 GundulIi
1333 5649 1688 5720 sanctitatem
1707 5646 2012 5720 praedicant
2094 5653 2247 5720 tomo
2277 5649 2328 5705 ΙΙ
2351 5650 2565 5720 Anglia;
2597 5666 2786 5705 sacrae.

412 5730 669 5786 auctores
696 5724 883 5804 coaevi,
904 5717 1124 5783 videtur
1154 5724 1203 5780 is
1232 5737 1355 5780 esse
1384 5720 1451 5776 ad
1475 5735 1640 5792 quem
1660 5717 2006 5775 Lanfrancus
