3952 6448
198 453 251 507 45

1884 440 2000 495 .TA.
2243 453 2249 460 '
3355 447 3424 504 46

195 584 232 631 (ε
252 581 302 630 in
327 575 579 629 omnibus
611 573 797 638 (Ecclz'.
833 584 917 634 ιιι,
951 568 1055 637 ΞΟ).
1084 567 1209 638 (Est
1252 570 1442 620 autem
1473 563 1745 618 Beccense
1763 562 1891 622 Aet
1918 565 2034 619 Deo
2065 564 2366 623 miserante
2393 570 2464 624 ad
2491 570 2642 626 diem
2667 571 2988 643 plenissime
3016 572 3315 628 convaluit.
3342 574 3432 629 Fi-

193 663 560 720 monasterium
585 660 736 714 inter
755 660 895 713 duos
919 666 1141 710 montes
1171 655 1362 720 situm,
1381 670 1550 724 super
1569 653 1751 706 rivum
1833 653 1989 707 nitur
2015 656 2214 724 majori
2244 674 2413 727 quam
2436 665 2618 732 capta
2644 662 2828 716 fuerat
2841 662 3194 732 jucunditate
3221 663 3427 734 solem-

194 756 272 825 qui
296 755 492 807 Beccus
515 749 739 812 dicitur,
764 765 799 801 a
840 764 949 818 quo
989 753 1046 800 et
1073 761 1278 799 nomen
1325 744 1577 814 accepit.)
1611 743 1753 796 Cum
1835 743 2001 797 nitas.
2033 744 2220 799 Tertio
2245 746 2336 800 die
2363 749 2579 804 saculis
2600 751 2998 806 memorandus
3021 753 3142 822 jam
3171 768 3317 823 sape
3346 752 3431 806 fa-

193 860 300 912 ergo
313 842 551 894 venisset
570 839 641 892 ad
666 838 995 891 descensum
1017 835 1242 901 montis,
1257 834 1353 904 qui
1369 833 1475 904 ipsi
1505 832 1754 887 coenobio
1835 835 1928 884 tus
1956 832 2392 889 Cantuariorum
2426 837 2875 910 archiepiscopus
2903 839 2972 893 ab
3025 839 3300 894 universis
3329 839 3437 894 fra-

193 933 387 996 eminet,
407 929 492 1001 (4‘)
515 929 695 982 fertur
709 926 982 980 annulum
1009 925 1080 978 de
1107 924 1282 994 digito
1310 922 1632 989 extraxisse;
1655 936 1758 974 nec
1836 920 2017 974 tribus
2048 923 2217 976 eundi
2249 924 2570 980 missionem
2600 929 2869 999 poposcit.
2903 929 3040 992 Quis
3067 933 3290 984 tantum
3311 935 3434 984 tan-

192 1025 353 1090 postea
369 1014 623 1087 quandiu
647 1014 805 1068 Becci
826 1017 1078 1066 moratus
1110 1019 1212 1078 est,
1236 1011 1346 1065 nisi
1365 1011 1435 1064 ad
1456 1009 1757 1064 missarum
1838 1014 1909 1062 ta
1939 1009 2088 1064 inter
2109 1027 2204 1065 eos
2226 1011 2590 1083 benignitatis
2636 1017 2819 1071 virum
2865 1018 3218 1072 recedentem
3275 1019 3437 1073 siccis

193 1106 456 1170 solemnia,
489 1102 875 1172 resumpsisse.
898 1101 984 1155 Ad
1008 1099 1225 1154 abbatis
1247 1101 1363 1170 jam
1395 1099 1550 1153 senio
1579 1099 1761 1152 incur—
1843 1098 2017 1151 oculis
2038 1099 2530 1171 aspicere'potuit?
2560 1104 2770 1158 Omnes
2789 1122 3024 1176 erupere
3041 1107 3101 1160 in
3127 1107 3434 1179 lacrymas;

192 1195 284 1248 vati
315 1194 566 1247 osculum
628 1190 898 1245 accedens
939 1195 1056 1242 tam
1095 1179 1330 1259 magnus
1397 1187 1650 1253 antistes,
1690 1186 1762 1240 ad
1845 1188 2063 1256 parvuli
2092 1204 2205 1242 non
2235 1189 2497 1245 valebant
2519 1193 2816 1247 consolari.
2850 1195 3119 1250 Consulto
3135 1197 3442 1251 maturavit

193 1283 337 1354 pedes
363 1283 488 1352 ejus
536 1280 753 1334 advolvi
799 1285 1031 1332 conatus
1075 1283 1194 1332 est:
1238 1294 1431 1331 verum
1462 1277 1558 1330 illo
1597 1291 1766 1330 econ-
1846 1273 2177 1340 discessum,
2211 1281 2490 1345 quatenus
2517 1295 2550 1332 a
2575 1280 2712 1334 ﬂetu
2740 1297 2800 1334 se
2818 1281 3190 1348 continerent,
3217 1284 3444 1354 velpost

191 1379 269 1426 tra
288 1371 338 1424 id
381 1371 568 1441 ipsum
600 1373 858 1434 conante,
884 1368 1050 1436 longo
1100 1366 1324 1437 utrique
1366 1366 1486 1435 [al.,
1545 1365 1763 1435 utique]
1847 1363 1969 1432 ejus
2011 1363 2338 1418 discessum.
2371 1366 2719 1422 Venerabilis
2764 1370 3068 1424 Herluinus
3113 1387 3242 1425 eum
3269 1388 3442 1442 supra

190 1459 495 1522 luctamine,
515 1458 650 1511 dum
671 1457 814 1510 alter
838 1457 1076 1510 alterum
1115 1459 1412 1520 sustentat,
1447 1459 1650 1508 neuter
1677 1470 1766 1506 ex-
1847 1466 2041 1505 omnes
2070 1452 2336 1506 mortales
2363 1469 2580 1521 amans,
2634 1459 2691 1508 et
2719 1452 2789 1509 ab
2819 1473 2885 1510 eo
2915 1463 3156 1522 amatus,
3198 1475 3298 1529 per
3334 1459 3445 1514 duo

189 1548 338 1620 plevit
355 1547 504 1618 quod
531 1545 841 1615 satagebat.
873 1545 1008 1598 Post
1053 1544 1260 1598 multos
1307 1543 1516 1612 diuque
1545 1547 1766 1613 optatos
1849 1539 2112 1593 milliaria
2139 1539 2517 1596 discedentem
2563 1549 2893 1613 prosecutus
2941 1550 3026 1600 est
3071 1546 3335 1613 amicum,
3376 1547 3445 1601 ad

188 1637 482 1707 amplexus,
516 1634 602 1704 (45)
633 1650 762 1687 cum
800 1632 1065 1686 fratribus
1117 1632 1177 1685 in
1204 1632 1446 1686 claustro
1495 1631 1641 1685 sedit
1676 1647 1768 1684 ar-
1851 1644 1982 1681 suos
2010 1627 2158 1696 visus
2178 1644 2469 1699 nunquam
2495 1629 2553 1684 in
2581 1631 2686 1684 hac
2714 1631 2826 1685 vita
2851 1632 3092 1687 ulterius
3110 1635 3446 1690 rediturum.

188 1721 852 1795 chiepiscOpus,utquivis
870 1721 1012 1774 alius
1035 1721 1304 1791 ipsorum,
1313 1721 1564 1792 juvenes,
1583 1735 1765 1785 senes,
1851 1716 1996 1769 Nam
2026 1722 2157 1770 ante
2187 1717 2296 1771 diei
2325 1718 2502 1788 ipsius
2532 1719 2899 1775 dedicationis
2926 1738 3172 1777 annuam
3228 1724 3450 1778 revolu-

187 1822 342 1884 atque
371 1813 636 1875 infantes,
670 1825 1129 1880 unumquemque
1168 1808 1494 1877 singillatim
1534 1808 1831 1884 compel-_
1850 1804 2064 1858 tionem
2089 1804 2238 1858 diem
2263 1805 2466 1862 clausit
2497 1813 2828 1863 extremum.
2873 1810 3007 1873 Quae
3035 1811 3219 1865 cordis
3248 1812 3452 1866 amari-

185 1874 313 1968 lans,
337 1907 393 1955 et
405 1903 573 1969 juxta
599 1874 1054 1968 uniuscujusque
1070 1874 1396 1966 qualitatem
1432 1895 1623 1950 debita
1655 1874 1770 1960 ἧς)
1788 1874 2022 1947 Btudo!
2052 1894 2178 1964 quis
2206 1895 2372 1949 ﬂetus
2396 1895 2454 1949 in
2483 1895 2606 1966 ipso
2653 1897 2854 1952 ultimo
2903 1899 3024 1953 vale
3069 1904 3128 1954 et
3155 1900 3352 1955 ultimo
3381 1900 3451 1955 ab

186 1989 581 2046 confortatione
601 1988 924 2041 adhortans.
960 1986 1096 2050 Quis
1124 2001 1386 2039 enarrare
1430 1985 1786 2039 sufﬁcienter.
1850 1981 2086 2036 invicem
2105 1982 2383 2039 discessu!

186 2087 342 2150 queat
371 2082 642 2148 quantam
685 2074 1062 2142 humilitatem
1109 2079 1164 2127 et
1223 2073 1626 2143 benignitatem
1658 2090 1774 2127 om-

186 2167 338 2221 nibus
368 2160 868 2220 condeScendendo
898 2162 1226 2216 exhibebat?
1256 2163 1338 2215 Ad
1371 2179 1622 2216 mensam
1647 2162 1775 2215 dex-

182 2265 416 2310 trorsum
456 2258 517 2308 et
555 2253 940 2307 sinistrorsum
973 2252 1176 2305 fratres
1202 2267 1328 2304 cum
1361 2251 1778 2322 archiepiscopo

186 2345 368 2398 sedere
427 2359 494 2396 ac
548 2341 834 2395 communi
879 2341 1070 2406 calice,
1103 2340 1337 2394 scutella
1383 2356 1516 2404 una,
1539 2357 1663 2394 cum
1715 2356 1780 2393 eo

184 2438 456 2502 coguntur
471 2446 698 2484 sumere
727 2428 932 2482 cibum.
961 2430 1077 2482 Nec
1107 2428 1226 2482 sola
1254 2428 1621 2482 aediﬁcatione
1641 2429 1782 2482 sola-

183 2522 259 2576 tia
270 2518 542 2574 fratribus
564 2517 856 2587 impendit,
872 2517 969 2570 sed
990 2521 1148 2570 tanto
1166 2516 1386 2587 hospite
1405 2516 1576 2585 digna
1591 2515 1782 2586 hospi-

188 2611 317 2664 tium
376 2606 588 2661 locavit
632 2605 1021 2659 muniﬁcentia
1070 2611 1134 2658 ut
1183 2619 1250 2658 ex
1300 2604 1551 2674 reliquiis
1587 2604 1782 2658 festive

186 2695 461 2771 geminari
509 2694 802 2766 potuerint
851 2700 1073 2748 octava.
1105 2695 1169 2748 1n
1201 2693 1430 2748 ecclesia
1458 2693 1782 2748 cathedram

2473 2074 2706 2131 CAPUT
2731 2078 2826 2131 IX.

1930 2155 2020 2214 20.
2049 2159 2148 2212 His
2187 2162 2626 2230 praoccupando
2657 2162 2738 2216 ita
2762 2166 3084 2234 praemissis,
3105 2169 3175 2221 ad
3201 2168 3457 2223 ordinem

1861 2264 2010 2302 nunc
2034 2252 2396 2302 revertamur.
2431 2249 2568 2303 Post
2621 2253 3049 2308 translationem
3089 2256 3149 2310 in
3195 2258 3457 2327 Angliam

1863 2336 2226 2403 Lanfrancus,
2242 2353 2354 2391 non
2367 2336 2575 2393 oblitus
2595 2346 2825 2412 prOpter
2845 2343 2994 2412 quod
3012 2350 3255 2409 venerat,
3277 2351 3458 2400 totam

1863 2424 2233 2479 intentionem
2256 2443 2415 2480 suam
2447 2427 2518 2480 ad
2548 2444 2734 2484 mores
2776 2431 3070 2486 hominum
3101 2434 3461 2503 corrigendos

1866 2517 1924 2566 et
1939 2514 2388 2582 componendum
2402 2513 2661 2571 Ecclesia
2681 2523 2893 2573 statum
2910 2522 3201 2576 convertit.
3221 2523 3289 2576 Et
3304 2522 3462 2594 prius

1863 2600 2045 2670 ipsam
2075 2602 2234 2672 regni
2263 2607 2504 2658 matrem
2535 2606 2827 2660 ecclesiam
2856 2608 3340 2665 Dorobernensem
3370 2628 3462 2666 re-

1865 2705 2071 2743 novare
2115 2691 2350 2744 studuit.
2404 2693 2474 2746 Et
2503 2693 2634 2763 quia
2680 2700 2811 2749 ante
2860 2696 3076 2768 aliquot
3113 2715 3290 2754 annos
3337 2701 3466 2771 igne

187 2787 562 2859 episcopalem
628 2784 736 2838 sibi
775 2784 1080 2855 praparari
1120 2783 1322 2848 noluit,
1363 2783 1460 2837 sed
1499 2783 1554 2836 in
1596 2782 1786 2836 sedem

186 2877 380 2947 prioris
411 2874 669 2938 intravit,
702 2873 890 2927 dicens
925 2891 984 2926 se
1037 2872 1218 2926 adhuc
1272 2872 1514 2943 priorem
1558 2888 1699 2937 esse,
1731 2876 1788 2925 et

186 2966 430 3020 nondum
463 2961 745 3017 dimisisse
776 2961 1109 3032 prioratum.
1147 2961 1523 3030 Compellatus
1571 2959 1641 3014 ab
1670 2960 1790 3013 uni-

186 3055 350 3108 versis
382 3054 458 3106 de
487 3050 908 3104 consecratione
961 3049 1208 3118 ejusdem
1260 3049 1522 3114 ecclesia,
1557 3054 1786 3119 paratus

1867 2777 2156 2831 combusta
2185 2778 2388 2845 fuerat,
2418 2797 2453 2834 a
2489 2780 2870 2837 fundamentis
2916 2783 3071 2839 illam
3123 2787 3463 2843 readificare

1869 2867 2105 2928 studuit.
2126 2869 2340 2936 grande
2370 2885 2510 2939 opus
2539 2875 2594 2924 et
2609 2873 2938 2942 spatiosum.
2965 2873 3228 2930 Oﬁicinas
3249 2892 3471 2948 quoque

1870 2955 2064 3010 usibus
2095 2956 2496 3009 monachorum
2525 2959 2871 3012 necessarias
2899 2961 3214 3016 aediﬁcavit.
3231 2963 3299 3016 Et
3319 2965 3468 3033 quod

1869 3044 2074 3098 mirum
2103 3043 2405 3096 admodum
2422 3043 2514 3109 sit,
2538 3044 2606 3097 de
2635 3045 2880 3099 Cadomo
2911 3047 3006 3100 ubi
3043 3047 3215 3104 abbas
3235 3051 3467 3118 exstitit,

187 3159 377 3198 eorum
396 3156 618 3194 morem
637 3155 834 3208 gerere
855 3139 1146 3203 voluntati,
1178 3138 1249 3192 ad
1272 3139 1486 3192 curiam
1508 3138 1789 3208 profectu-
1812 3194 1853 3224 β
1871 3131 2117 3184 velivolis
2137 3130 2371 3185 navibus
2399 3147 2502 3224 per
2551 3148 2707 3186 mare
2735 3135 3021 3188 transvehi
3059 3136 3301 3191 faciebat
3328 3155 3469 3209 qua-

187 3194 583 3286 ruswinducias
634 3194 816 3298 petiit,
852 3227 1028 3281 donec
1079 3194 1208 3280 inde
1251 3227 1420 3280 sciret
1445 3194 2002 3280 voluntatemcdros
2054 3219 2270 3290 lapides
2309 3219 2378 3273 ad
2427 3212 2834 3276 adiﬁcandum.
2877 3224 3082 3278 Domos
3140 3242 3363 3297 quoque
3400 3229 3473 3282 ad

188 3321 355 3390 regis.
388 3318 533 3374 Dein
555 3316 796 3370 fratrum
826 3316 972 3370 νοιίε
1024 3316 1466 3381 commendatus,
1499 3317 1568 3369 ad
1601 3333 1791 3386 regem
1873 3307 2242 3362 habitandum
2271 3308 2378 3362 sibi
2427 3311 2738 3364 construxit
2772 3328 2945 3383 prope
2983 3315 3292 3369 ecclesiam.
3339 3317 3482 3380 Qua‘

187 3408 464 3480 pervenit,
499 3406 721 3459 locutus
741 3421 866 3458 cum
897 3421 980 3470 eo,
1011 3404 1162 3458 unde
1213 3405 1334 3474 [al.,
1373 3405 1526 3474 inde]
1565 3409 1794 3474 rogatus
1877 3397 2067 3480 omnia
2086 3397 2318 3451 aediﬁcia
2336 3414 2498 3452 muro
2519 3415 2723 3470 magno
2745 3405 2802 3454 et
2827 3402 2943 3456 alto
2963 3402 3155 3457 cinxit.
3177 3404 3472 3476 Dispositis

189 3497 551 3560 discesserat,
587 3493 736 3547 diem
767 3492 1135 3547 dedicationis
1157 3493 1387 3564 accepit,
1422 3499 1478 3547 et
1506 3493 1796 3547 confestim

191 3587 412 3640 remisit
430 3601 548 3639 non
573 3583 757 3636 solum
790 3581 885 3652 qui
911 3583 1140 3646 diceret,
1192 3598 1384 3636 verum
1433 3586 1492 3635 et
1519 3582 1668 3635 unde
1696 3583 1798 3635 ﬁe-

188 3681 292 3731 ret.

262 3764 356 3820 19.
382 3761 569 3832 Igitur
615 3761 832 3815 decimo
862 3759 1143 3816 Kalendas
1170 3757 1520 3826 Novembris,
1553 3774 1700 3813 anno
1729 3757 1800 3813 ab

188 3853 591 3908 incarnatione
642 3849 869 3905 Domini
927 3846 1080 3914 1077,
1114 3853 1320 3902 sancta
1365 3847 1517 3902 omni
1546 3848 1800 3902 Ecclesiae

189 3940 578 4004 venerandus,
633 3939 887 4009 gentium
941 3938 1444 3992 transmarinarum
1498 3937 1708 4007 primas
1746 3945 1802 3992 et

190 4031 449 4102 pontifex
481 4045 740 4082 summus
770 4027 881 4096 (27)
937 4026 1280 4081 Lanfrancus
1321 4025 1565 4090 advenit,
1617 4043 1808 4081 conse-

1878 3478 2225 3540 sufﬁc'ienter
2252 3502 2375 3556 qua
2405 3487 2476 3540 ad
2507 3488 2825 3558 regularem
2852 3491 3060 3546 victum
3107 3497 3164 3546 et
3210 3495 3476 3549 vestitum

1881 3579 2015 3628 sunt
2037 3575 2371 3640 necessaria,
2424 3575 2715 3630 ecclesiam
2767 3577 2949 3648 ipsum
2993 3581 3253 3650 pretiosis
3305 3588 3475 3654 atque

1881 3661 2074 3716 multis
2102 3662 2300 3716 ditavit
2327 3665 2692 3719 ornamentis.
2716 3665 3030 3735 Dignitates
3069 3685 3199 3723 vero
3230 3671 3480 3726 Cantua-

1882 3750 2082 3804 riensis
2107 3751 2371 3814 ecclesia,
2395 3767 2520 3822 qua
2548 3758 2825 3808 vetustate
2848 3757 2931 3809 vel
2955 3758 3300 3829 negligentia
3327 3762 3480 3817 deci-

1882 3839 2101 3906 derant,
2125 3840 2238 3894 sive
2257 3840 2572 3895 imminuta
2615 3842 2856 3910 fuerant,
2876 3848 3193 3902 renovando
3213 3849 3481 3906 reforma-

1881 3928 2194 3982 vit.Terras
2215 3929 2421 3983 multas
2451 3947 2573 4000 qua
2596 3930 2794 3986 ablatae
2825 3933 3066 4001 fuerant,
3099 3935 3158 3989 in
3179 3937 3272 4005 jus
3302 3939 3476 3994 eccle-

1889 4019 1984 4073 sia
2014 4019 2310 4085 revocavit,
2341 4024 2396 4072 et
2415 4019 2610 4088 viginti
2641 4022 2887 4092 quinque
2936 4025 3189 4078 maneria
3233 4027 3479 4083 ecclesia

189 4120 407 4174 crando
437 4121 935 4172 consummatums
964 4115 1252 4170 ecclesiam
1277 4131 1445 4185 quam
1493 4115 1806 4185 inspirante
1888 4107 2157 4162 restituit.
2176 4106 2632 4180 (‘3)Xenodochia
2663 4107 2774 4178 (28)
2794 4111 2882 4165 vel
2910 4113 3338 4186 ptochotrOphia
3366 4117 3478 4172 duo

190 4209 308 4262 Deo
330 4206 641 4270 inchoavit,
677 4205 818 4258 etin
846 4204 1005 4274 cujus
1047 4203 1429 4257 fundamentis
1457 4203 1806 4257 exstruendis
1889 4202 2047 4251 extra
2099 4197 2381 4251 civitatem
2429 4198 2746 4266 aediﬁcavit;
2795 4215 2972 4254 unum
3029 4203 3098 4256 ad
3138 4205 3476 4276 aquilonem,

192 4297 448 4368 lapidem
466 4294 779 4350 secundum
805 4293 922 4363 ipse
939 4309 1111 4346 manu
1131 4309 1236 4346 sua
1272 4291 1556 4363 imposuit.
1592 4294 1805 4347 Conve-
1889 4287 2128 4340 alterum
2163 4286 2232 4339 ad
2290 4301 2567 4352 occasum,
2621 4303 2748 4342 cum
2804 4290 3063 4346 omnibus
3129 4297 3478 4365 necessariis,

192 4392 412 4440 nerunt
459 4383 710 4438 universi
759 4380 1119 4436 Normannia
1165 4380 1426 4451 episcopi,
1473 4380 1721 4446 abbates,
1751 4388 1808 4436 et
1891 4375 2093 4446 quibus
2113 4375 2182 4428 de
2197 4391 2298 4428 suo
2319 4390 2535 4429 annuos
2555 4376 2827 4444 redditUS,
2851 4385 3123 4449 quantum
3146 4386 3283 4438 satis
3302 4385 3482 4440 visum

191 4475 288 4528 alii
303 4475 525 4546 quique
540 4471 791 4542 religiosi
809 4470 938 4537 viri;
971 4469 1274 4525 adfuerunt
1293 4475 1616 4540 etproceres
1626 4471 1803 4540 regni.
1823 4512 1873 4570 D
1890 4470 1992 4570 est,
2015 4463 2309 4570 delegavit.
2330 4465 2400 4570 In
2441 4465 2709 4519 maneriis
2735 4466 2851 4520 suis
2887 4468 3139 4570 instituit
3158 4472 3484 4570 praebendas

195 4563 313 4616 Rex
337 4568 402 4615 et
422 4560 622 4631 regina
649 4559 778 4612 aliis
800 4557 1000 4611 intenti
1025 4574 1138 4611 non
1167 4557 1486 4623 adfuerunt,
1510 4558 1607 4612 sed
1642 4558 1809 4628 largi-
1827 4550 1872 4570 ”
1889 4552 2103 4607 dandas
2137 4550 2477 4622 pauperibus
2507 4569 2607 4623 per
2633 4570 2862 4612 annum.
2885 4557 2950 4610 In
2960 4558 3216 4627 pluribus
3236 4561 3488 4633 ipsorum

194 4651 336 4706 tatis
356 4667 478 4705 sua
497 4647 776 4703 beneﬁcia
805 4646 1096 4701 miserunt.
1116 4645 1318 4716 Agitur
1341 4646 1616 4700 dedicatio
1637 4647 1809 4702 latis-
1892 4640 2159 4696 maneriis
2198 4640 2508 4695 construxit
2528 4641 2778 4712 lapideas
2797 4644 2993 4700 domos
3012 4646 3116 4701 sibi
3148 4649 3219 4703 ad
3235 4650 3497 4706 habitans

195 4741 350 4794 sima
381 4738 748 4792 solemnitate
774 4740 832 4788 et
885 4734 1121 4789 solemni
1178 4734 1428 4788 omnium
1483 4735 1808 4803 alacritate;
1893 4730 2048 4784 dum.

195 4828 489 4883 alacritati
508 4826 806 4881 hominum
826 4840 923 4876 aer
935 4823 1054 4894 ipse
1074 4823 1408 4894 purissimus
1429 4823 1659 4895 diesque
1685 4826 1818 4879 luci—
1967 4818 2056 4876 21.
2081 4817 2326 4891 Οάο(20)
2346 4820 2665 4890 Bajocensis
2694 4826 3004 4896 episcopus,
3028 4827 3202 4883 frater
3220 4830 3490 4886 Willelmi

193 4917 478 4972 dissimus
497 4912 807 4969 arridebat.
825 4911 1106 4982 Languor,
1143 4911 1238 4983 qui
1262 4927 1362 4982 per
1387 4916 1511 4966 octo
1542 4918 1673 4968 ante
1695 4913 1814 4968 dies
1895 4908 2063 4979 regis,
2088 4913 2212 4962 erat
2231 4925 2417 4963 comes
2437 4911 2649 4966 Cantia
2661 4929 2727 4967 eo
2743 4918 2995 4985 tempore
3017 4933 3126 4988 quo
3145 4919 3489 4974 Lanfrancus

197 5005 441 5061 Patrem
456 5005 642 5077 ipsum
654 5000 983 5056 monasterii
996 5004 1274 5064 tenuerat,
1291 5005 1424 5054 tunc
1439 5017 1564 5054 eum
1577 5001 1809 5068 dimisit,
1895 4999 1966 5054 ad
1994 4998 2531 5070 archiepiscopatum
2550 5001 2718 5055 venit.
2743 5003 2846 5057 Hic
2866 5005 3058 5060 multis
3077 5009 3493 5077 gravaminibus

282 5147 404 5219 (27)
423 5147 515 5201 Sic
526 5144 937 5219 pracipuarum
957 5141 1600 5219 sediu_m_archiepiscopi
1612 5142 1818 5219 passim

197 5213 313 5273 hoc
325 5213 451 5273 avo
468 5213 963 5286 nuncupabantur.
990 5214 1076 5286 Ita
1108 5213 1275 5286 Wido
1296 5213 1602 5286 Remorum
1634 5214 1819 5268 archi-

199 5290 422 5359 prasul
452 5289 511 5342 in
545 5283 799 5359 Historia
855 5283 1292 5359 inventionis__S_.
1327 5284 1542 5338 Bertini
1570 5302 1821 5340 summus

195 5355 482 5429 pontifex,
517 5358 659 5412 alias
678 5372 932 5429 summus
964 5359 1163 5429 praesa;
1185 5355 1407 5429 dicitur.

285 5425 397 5496 (Ἦ)
433 5429 737 5501 Egregiam
766 5427 972 5501 horum
988 5425 1470 5501 xenodochiorum
1492 5426 1822 5501 descriptio-

200 5517 346 5556 nem
375 5496 552 5556 habet
579 5496 894 5555 Eadmerus
919 5496 1059 5584 libro
1077 5511 1104 5584 ι
1137 5496 1400 5584 Historia
1420 5496 1724 5584 Noveram,
1747 5499 1824 5552 si-
1904 5496 2121 5584 gendus
2137 5503 2222 5550 est
2234 5498 2661 5584 E‘admerus‘qui
2692 5501 2984 5584 eam‘libro
3006 5515 3025 5553 ι
3055 5502 3206 5584 Hist._

200 5580 309 5627 cut
335 5579 395 5627 et
429 5574 734 5634 donorum,
761 5586 884 5639 qua
903 5568 1050 5647 idem
1075 5567 1420 5647 Lanfrancus
1457 5569 1826 5647 ecclesiasua
1908 5569 2030 5647 fuse
2058 5569 2308 5647 exponit,
2335 5570 2480 5647 sicut
2517 5567 3094 5647 et—seq_uentem_cun]
3123 5575 3382 5647 episc0po
3413 5580 3506 5632 Ci-

201 5643 641 5698 contulit.Vide
656 5641 832 5695 etiam
854 5639 1000 5693 eade
1029 5655 1089 5692 re
1107 5639 1283 5693 fusius
1302 5639 1668 5693 disserentem
1687 5641 1827 5694 Ger-
1910 5639 2198 5693 cestrenSi.
2231 5640 2442 5694 Ibidem
2488 5648 2648 5694 notat
2689 5639 3036 5698 Eadmerdus
3066 5639 3375 5702 Lanfranco
3408 5651 3510 5702 ad-

200 5717 437 5771 vasium
467 5713 959 5770 Dorobernensem
974 5710 1033 5764 in
1053 5710 1205 5764 Actis
1234 5711 1559 5782 pontiﬁcum
1593 5712 1830 5768 Cantua-
1912 5710 2081 5779 fuisse
2119 5711 2496 5783 Dunstanum,
2541 5717 2603 5767 ut
2639 5713 2884 5772 ecclesia
2921 5732 3036 5772 sua
3072 5718 3201 5787 jura
3236 5725 3509 5794 tueretur,

1901 5139 2193 5220 riensium,
2224 5146 2280 5195 et
2307 5141 2364 5196 in
2391 5141 2537 5220 libro
2567 5143 2647 5197 De
2662 5144 2911 5214 ejusdem
2928 5148 3171 5203 ecclesia
3191 5151 3496 5220 conﬂagra-

1902 5211 2054 5283 tione
2075 5216 2132 5264 et
2160 5213 2535 5283 reparatione.

1977 5281 2175 5360 (QQlDe
2203 5281 2322 5353 ejus
2345 5284 2837 5360 administratione
2856 5290 3017 5360 plura
3037 5290 3258 5360 scripsit
3275 5291 3498 5346 Orcleri-

1904 5371 2000 5408 cus
2029 5352 2187 5407 libris
2219 5352 2299 5415 ιιι,
2335 5371 2386 5409 ιν
2418 5362 2475 5410 et
2510 5371 2584 5410 vn
2618 5352 2876 5414 Historia
2911 5377 3042 5413 sua.
3077 5352 3232 5422 Quod
3261 5378 3390 5417 vero
3429 5365 3500 5418 ad

1905 5426 2049 5505 hanc
2080 5425 2542 5505 disceptationem
2573 5446 2701 5505 cum
2730 5431 3036 5505 Lanfranco
3057 5431 3284 5505 _a_t_tinet,
3312 5435 3506 5505 legen-

1904 5496 2121 5570 gendus
2137 5503 2222 5550 est
2234 5498 2542 5570 Eadmerus
2567 5501 2661 5570 qui
2692 5517 2814 5554 eam
2845 5501 2984 5554 libro
3006 5515 3025 5553 ι
3055 5502 3198 5557 Hist.
3223 5496 3508 5562 Novo‘rum
