3952 6398
486 399 554 454 47

1248 401 1310 456 Β.
1352 399 1766 458 LANFRANCI
1805 403 2380 461 CANTUARIENSIS
2416 407 2991 464 ARCHIEPISCOPI.

3686 415 3756 470 48

483 523 766 584 ,δίῐθνθῦειῐ
783 521 1039 580 homines
1059 523 1211 580 illius
1238 525 1560 596 provinciae,
1577 532 1635 584 et
1643 528 1810 584 simul
1825 529 2081 583 homines
2097 529 2151 588 A
2169 537 2512 600 exposceret,
2528 533 2818 603 respondit
2832 534 3074 588 Thomas
3103 551 3394 606 nunquam
3412 553 3476 591 se
3503 537 3560 592 id
3579 539 3755 594 factu-

484 612 927 670 Dorobernensis
952 613 1243 681 Ecclesia;
1285 613 1375 668 cui
1401 614 1745 671 Lanfrancus
1770 616 1828 670 in
1876 617 2072 670 faciem

483 703 712 775 restitit,
745 709 802 759 et
824 719 1015 760 coram
1038 701 1299 758 omnibus
1345 703 1668 760 testimonio
1712 705 2074 776 antiquorum

481 793 816 864 Anglorum,
838 794 934 865 qui
963 792 1131 865 periti
1159 796 1323 847 erant
1345 793 1534 862 legum
1568 793 1783 864 patria,
1799 793 2073 864 (‘7),dera-

2159 634 2304 684 rum,
2329 620 2436 673 nisi
2457 620 2614 691 prius
2633 621 2869 692 scriptas
2897 623 2966 676 de
2995 623 3100 677 hac
3142 641 3204 678 re
3237 626 3575 681 auctoritate
3602 627 3757 698 lege—

2155 713 2262 773 ret,
2292 708 2400 762 nisi
2427 714 2600 764 testes
2628 711 2798 780 hujus
2826 711 3181 782 antiquitatis
3228 719 3536 769 assertores
3563 731 3757 772 ceme-

2160 802 2274 861 ret;
2308 803 2610 868 postremo,
2643 799 2752 853 nisi
2778 815 3056 870 congruas
3092 819 3261 873 super
3290 803 3394 858 hac
3413 821 3474 858 re
3503 807 3755 862 rationes

482 883 786 942 tiocinatus
825 888 910 938 est
945 882 1266 937 libertatem
1322 886 1488 936 terra
1540 899 1673 950 sua,
1716 889 1774 938 et
1820 882 2078 938 liberavit
2158 886 2398 953 audiret,
2425 887 2628 958 quibus
2657 888 2714 942 id
2740 889 2895 958 juste
2924 894 2980 944 et
3033 890 3446 946 rationabiliter
3474 895 3596 948 sine
3632 911 3753 950 sua

481 971 741 1026 homines
751 987 880 1027 suos
894 988 928 1026 a
948 971 1114 1026 malis
1129 971 1649 1038 consuetudinibus,
1674 978 1713 1038 ι
1736 978 1775 1038 1
1803 988 1942 1042 quas
1953 972 2074 1027 Odo

476 1061 702 1117 volebat
722 1062 834 1118 illis
859 1060 1169 1133 imponere.
1192 1060 1390 1115 Adhuc
1413 1061 1600 1131 plures
1629 1065 1952 1132 supersunt,
1989 1060 2068 1123 (η)

477 1151 574 1223 qui
603 1156 661 1206 et
681 1152 867 1207 locum
895 1151 1086 1223 placiti
1115 1147 1233 1221 (30)
1262 1153 1320 1204 et
1357 1165 1564 1204 nomen
1593 1149 1700 1204 loci
1726 1155 1952 1216 norunt,
1987 1149 2066 1218 (4°)

475 1246 534 1295 et
559 1241 792 1296 modum
817 1243 1101 1312 finemque
1129 1239 1244 1294 litis
1283 1255 1393 1310 quo
1439 1239 1723 1294 contentio
1766 1239 2069 1293 terminata

471 1335 556 1385 est
585 1331 859 1386 referunt.
901 1330 1048 1396 Quid
1073 1330 1144 1384 de
1173 1326 1388 1382 clericis
1411 1327 1672 1383 villarum
1723 1344 1953 1383 suarum
1982 1328 2071 1382 Ci-

471 1420 741 1476 cestrensi
769 1420 1028 1492 episcopo
1061 1417 1302 1489 scripsit,
1329 1413 1526 1470 subter
1570 1417 1792 1473 annecti
1833 1417 2068 1489 dignum

465 1509 746 1568 duximus.

534 1598 884 1656 Lanfrancus
913 1595 1030 1671 (3i)
1056 1597 1240 1670 gratia
1260 1599 1482 1656 Dei.....
1509 1599 1620 1671 (Est
1639 1601 1792 1668 epist.
1825 1595 1895 1653 40
1924 1598 2064 1651 Lan-

461 1687 692 1760 franci.)

1086 1776 1321 1833 CAPUT
1348 1778 1418 1832 X.

2157 975 2403 1030 ecclesia
2425 977 2747 1047 prajudicio
2768 978 2948 1032 facere
2969 978 3215 1034 deberet.
3241 981 3358 1035 Hoc
3375 987 3564 1037 autem
3594 983 3754 1054 igno-

2154 1064 2342 1118 rantia
2361 1066 2542 1136 magis
2570 1082 2739 1137 quam
2769 1066 3001 1138 spiritus
3029 1068 3161 1122 elati
3184 1070 3493 1140 pertinacia
3522 1071 3748 1142 agebat.

2153 1151 2343 1207 Novus
2363 1154 2514 1208 enim
2526 1155 2696 1209 homo
2726 1159 2784 1209 et
2809 1156 3054 1225 Anglica
3072 1159 3496 1214 consuetudinis
3521 1161 3751 1231 penitus

2152 1257 2348 1312 expers
2377 1243 2558 1297 verbis
2589 1244 2944 1298 adulatorum
2972 1245 3099 1316 plus
3119 1263 3277 1317 aquo
3307 1253 3365 1302 et
3401 1247 3545 1302 bono
3575 1249 3748 1305 ﬁdem

2151 1329 2464 1385 exhibebat.
2486 1332 2729 1386 Lanfran
2735 1349 2832 1387 cus
2843 1339 3032 1388 tamen
3047 1334 3107 1388 in
3127 1337 3426 1405 praesentia
3436 1353 3749 1407 paucorum

2149 1418 2555 1490 episcoporum,
2593 1421 2689 1492 qui
2739 1421 2809 1476 ad
2860 1438 2988 1476 eum
3039 1439 3140 1493 pro
3178 1423 3283 1477 hac
3326 1426 3748 1481 consecratione

2148 1514 2436 1576 venerant,
2477 1510 2626 1580 quod
2655 1510 2958 1581 postulavit
2986 1512 3248 1567 ostendit.
3281 1515 3356 1567 At
3409 1513 3524 1581 ille,
3556 1531 3748 1586 asper-

2145 1602 2313 1652 natus
2360 1597 2567 1664 omnia,
2630 1615 2744 1654 non
2793 1605 3048 1654 sacratus
3117 1599 3403 1656 abscessit.
3437 1602 3598 1666 Quod
3644 1620 3748 1660 rex

2142 1686 2377 1741 audiens
2415 1687 2665 1757 graviter
2704 1688 2936 1758 accepit,
2996 1689 3322 1744 existimans
3367 1690 3746 1748 Lanfrancum

2076 1773 2354 1858 Binjusta
2379 1781 2571 1846 petere
2623 1781 2680 1830 et
2725 1776 2960 1831 scientia
3004 1777 3320 1832 litterarum
3358 1779 3539 1850 magis
3569 1797 3744 1851 quam

531 1863 624 1923 22.
649 1865 893 1922 Euntem
917 1863 1082 1920 illum
1110 1866 1182 1920 ad
1209 1865 1751 1938 archiepiscopatum
1783 1863 1946 1919 multi
1966 1879 2056 1918 se-
2140 1864 2357 1917 ratione
2387 1870 2446 1918 et
2465 1864 2702 1920 veritate
2721 1865 3020 1932 conﬁdere,
3050 1867 3306 1937 quamvis
3325 1883 3428 1922 nec
3454 1868 3560 1940 ipsi
3587 1870 3744 1925 Tho-

458 1955 575 2010 cuti
603 1959 756 2023 sunt,
781 1971 812 2010 e
841 1953 1044 2026 quibus
1066 1954 1256 2026 plures
1287 1955 1556 2023 retinuit;
1590 1970 1730 2026 quos
1748 1951 2054 2008 honoribus

457 2048 516 2100 et
542 2044 710 2100 terris
739 2044 956 2112 ditavit,
990 2044 1135 2100 sicut
1161 2045 1377 2117 posteri
1405 2060 1599 2099 eorum
1619 2047 1905 2098 testantur
1930 2059 2052 2096 ma-

453 2139 654 2192 nentes
679 2151 859 2206 usque
888 2133 958 2189 ad
987 2151 1253 2206 prasens.
1284 2133 1393 2189 Sed
1423 2138 1489 2188 ut
1511 2137 1662 2187 retro
1689 2130 2053 2202 redeam,pri-

451 2239 546 2278 mo
557 2224 802 2280 adventu
830 2225 950 2294 ejus
968 2223 1028 2278 in
1046 2222 1672 2294 Angliam,auctoritate
1691 2221 1896 2275 summi
1917 2237 2052 2291 pon-

449 2310 616 2366 tiﬁcis
644 2311 970 2378 Alexandri,
1015 2316 1073 2365 et
1099 2310 1330 2382 gloriosi
1358 2309 1508 2381 regis
1534 2309 1822 2376 Willelmi,
1853 2325 2052 2362 convo-

449 2398 597 2454 cavit
615 2399 906 2472 episcopos
945 2404 1002 2454 et
1026 2399 1306 2470 principes
1331 2403 1515 2465 terra,
1549 2399 1759 2452 clerum
1787 2403 1845 2452 et
1873 2413 2046 2468 popu-

444 2487 585 2556 lum,
623 2489 695 2544 ad
723 2488 1044 2544 renovanda
1063 2488 1290 2542 decreta
1335 2493 1393 2542 et
1445 2487 1704 2541 instituta
1723 2491 2044 2541 sanctorum

443 2576 678 2632 Patrum
711 2578 782 2632 de
809 2577 1040 2649 synodis
1059 2575 1426 2645 celebrandis,
1450 2576 1519 2630 de
1549 2573 2044 2630 consuetudinibus

443 2666 852 2722 ecclesiasticis.
886 2667 952 2721 In
979 2665 1086 2720 hoc
1109 2670 1384 2720 conventu
1409 2670 1695 2720 ostensum
1733 2670 1820 2719 est
1848 2670 2044 2718 contra

440 2753 716 2810 Thomam
746 2752 852 2824 (32)
881 2754 1140 2822 electum,
1176 2755 1272 2825 qui
1289 2755 1395 2809 hoc
1422 2753 1858 2819 contradicebat,
1894 2753 2041 2824 quod

439 2842 804 2898 Eboracensis
824 2843 1276 2915 archiepiscopus
1304 2843 1470 2898 debet
1497 2860 1619 2898 esse
1648 2842 2041 2898 Cantuariensi

438 2931 698 2987 subditus
726 2931 967 2987 antistiti
993 2951 1006 3000 ;
1039 2932 1188 3003 quod
1217 2932 1494 3004 quomodo
1511 2936 1699 2986 actum
1725 2931 1798 2985 sit
1821 2931 2040 3002 plenius

438 3019 536 3092 qui
564 3021 804 3076 voluerit
827 3021 986 3088 scire,
1020 3037 1088 3076 ex
1117 3021 1205 3075 his
1238 3037 1362 3092 qua
1390 3020 1643 3092 subjecta
1696 3026 1830 3075 sunt
1875 3037 2040 3074 nosse

2136 1968 2243 2005 ma
2263 1952 2483 2007 deesset
2533 1953 2949 2024 Scripturarum
2994 1952 3224 2025 'peritia,
3269 1957 3446 2010 multo
3483 1957 3736 2028 ingenio,

2135 2041 2312 2095 multo
2343 2041 2529 2095 studio
2549 2047 2889 2113 comparata.
2948 2042 3260 2098 Paucorum
3301 2043 3521 2100 dierum
3549 2047 3738 2117 spatio

2135 2129 2374 2196 evoluto,
2395 2131 2738 2184 Lanfrancus
2758 2131 2828 2184 ad
2859 2131 3074 2186 curiam
3097 2133 3268 2198 venit,
3295 2149 3331 2186 a
3356 2149 3488 2204 rege
3505 2135 3741 2190 audien-

2133 2218 2270 2272 tiam
2302 2219 2622 2289 postulavit,
2681 2219 2916 2274 redditis
2973 2220 3284 2275 rationibus
3313 2223 3432 2292 ejus
3472 2223 3729 2279 animum

2131 2307 2428 2376 mitigavit,
2460 2307 2852 2362 transmarinis
2882 2307 2976 2378 qui
3006 2309 3242 2364 aderant
3261 2326 3376 2364 sua
3403 2312 3549 2382 parti
3563 2313 3734 2383 justi-

2127 2398 2266 2450 tiam
2297 2397 2493 2451 adesse
2541 2397 2720 2451 suasit
2784 2403 2840 2451 et
2870 2397 3170 2468 persuasit.
3203 2399 3371 2470 Angli
3428 2401 3579 2455 enim
3621 2403 3726 2472 qui

2125 2501 2245 2539 rem
2265 2490 2538 2540 noverant
2557 2485 2959 2540 assertionibus
2984 2487 3106 2557 ejus
3129 2503 3232 2558 per
3250 2489 3442 2542 omnia
3467 2496 3734 2546 constan-

2126 2573 2338 2627 tissime
2357 2573 2740 2628 testimonium
2760 2574 3349 2646 perhibebantJtaque
3363 2577 3519 2648 regio
3540 2579 3729 2635 edicto

2124 2663 2520 2734 communique
2550 2663 2804 2717 omnium
2828 2663 3051 2718 decreto
3072 2669 3346 2718 statutum
3368 2671 3454 2720 est
3481 2667 3551 2721 ad
3581 2684 3726 2738 pra-

2125 2768 2252 2806 sens
2282 2751 2485 2806 debere
2510 2753 2782 2807 Thomam
2802 2753 2872 2806 ad
2893 2757 3133 2807 matrem
3162 2753 3336 2808 totius
3355 2754 3516 2824 regni
3533 2756 3726 2812 Eccle-

2123 2841 2263 2895 siam
2311 2841 2514 2907 redire,
2543 2841 2943 2912 professionem
2976 2841 3240 2909 scribere,
3282 2843 3546 2914 scriptam
3575 2845 3726 2916 lege-

2121 2946 2216 2996 re;
2248 2930 2449 2984 lectam
2476 2929 2626 2983 inter
2649 2929 3082 2984 examinandum
3111 2929 3170 2984 in
3187 2933 3488 3001 praesentia
3506 2933 3718 3004 episco-

2121 3035 2322 3089 porum
2352 3035 2508 3072 more
2537 3018 2910 3073 ecclesiastico
2963 3018 3275 3073 Lanfranco
3308 3021 3627 3092 porrigere;
3656 3023 3720 3079 in

436 3109 663 3180 poterit.
697 3108 790 3181 (⁵ο)
811 3111 972 3164 Anno
1005 3108 1120 3180 (33)
1149 3109 1220 3164 ab
1239 3109 1628 3164 incarnatione
1657 3109 1882 3163 Domini
1903 3107 2042 3166 1070
2057 3113 2100 3175 C
2123 3124 2236 3177 qua
2263 3107 2554 3178 praeceptis
2574 3107 2800 3178 quidem
2817 3107 2936 3177 ejus
2958 3107 3016 3160 in
3043 3106 3454 3178 omnibus,qua
3469 3111 3539 3165 ad
3554 3111 3723 3166 Chri-

433 3196 667 3252 intravit
691 3198 985 3270 Anglicam
1011 3203 1224 3252 terram
1278 3199 1627 3253 Lanfrancus
1674 3197 2040 3252 Cadomensis

433 3287 671 3342 canobii
727 3287 919 3356 abbas,
964 3287 1318 3342 moventibus
1375 3291 1545 3357 atque
1588 3285 2040 3357 praecipientibus

432 3377 718 3432 Willelmo
743 3377 986 3448 glorioso
1014 3377 1326 3447 Anglorum
1352 3391 1505 3446 rege,
1537 3379 1592 3429 et
1614 3374 1790 3428 felicis
1823 3391 2038 3448 memo-

430 3466 528 3521 ria
550 3465 866 3520 Alexandro
891 3465 1066 3520 totius
1096 3470 1301 3519 sancta
1323 3463 1581 3519 Ecclesia
1605 3480 1827 3519 summo
1859 3464 2039 3534 ponti-

430 3555 551 3610 ﬁce.
587 3555 642 3609 Is
669 3559 799 3626 post
823 3570 1030 3626 paucos
1060 3552 1149 3608 sui
1174 3553 1439 3607 introitus
1471 3552 1590 3606 dies
1646 3552 2038 3606 Dorobernen-

430 3660 550 3698 sem
579 3643 882 3698 Ecclesiam
910 3641 1216 3714 regendam
1246 3641 1525 3712 suscepit;
1570 3647 1924 3696 consecratus
1953 3646 2038 3695 est

432 3737 624 3788 autem
646 3749 698 3787 1v
726 3732 1008 3787 Kalendas
1053 3730 1418 3802 Septembris,
1457 3730 1516 3784 in
1545 3729 1676 3784 sede
1705 3729 2038 3800 metropolia

426 3822 800 3893 suﬁ‘raganeis
827 3821 1004 3892 ipsius
1027 3819 1199 3885 sedis,
1215 3819 1502 3874 Willelmo
1531 3818 1904 3873 Londoniensi
1924 3819 2038 3890 epi-

430 3928 619 3983 scopo,
647 3909 998 3966 Walchelino
1027 3909 1330 3976 Wentano,
1357 3907 1614 3978 Remigio
1629 3907 1897 3962 Dorcensi
1917 3908 2030 3962 sive

429 4000 785 4068 Lincoliensi,
827 3998 1078 4054 Siwardo
1134 3997 1400 4064 Roﬂ‘ensi,
1457 3997 1717 4051 Herfasto
1767 3997 2028 4051 Helmea-

428 4089 591 4144 nensi
621 4089 737 4143 sive
763 4087 1180 4154 Thesfordensi,
1214 4085 1485 4157 Stigando
1519 4086 1846 4156 Selengensi
1892 4086 2026 4155 [al.,

430 4178 772 4249 Selesiensi],
806 4178 1129 4232 Hermanno
1176 4175 1572 4231 Siraburnensi
1628 4173 1746 4247 |al.,
1809 4175 2030 4230 Schire-

426 4263 963 4338 burnensi],Gisone
990 4264 1257 4319 Vellensi.
1284 4262 1485 4318 Cateri
1512 4262 1608 4333 qui
1637 4262 1896 4317 absentes
1916 4263 2032 4319 fue-

431 4359 568 4410 runt
595 4369 794 4409 causas
823 4371 938 4410 sua
967 4352 1236 4409 absentia
1254 4357 1373 4408 tam
1390 4351 1782 4423 legatisquam
1801 4351 2025 4419 litteris,

428 4444 817 4500 ostenderunt.

492 4532 583 4588 23.
613 4533 741 4604 Ipso
761 4547 908 4587 anno
938 4531 1185 4588 Thomas
1216 4527 1584 4585 Eboracensis
1627 4529 1882 4585 Ecclesia
1911 4531 2030 4586 ele-

2121 3197 2316 3251 stiana
2334 3197 2621 3267 religionis
2648 3196 2860 3250 cultum
2890 3197 3195 3268 pertinent,
3218 3217 3278 3256 se
3301 3199 3728 3271 obtemperatu-

2122 3302 2248 3339 rum
2279 3285 2553 3349 absolute,
2577 3285 2733 3339 nulla
2760 3284 3093 3355 interposita
3113 3288 3452 3354 conditione,
3484 3289 3724 3360 promit—

2120 3380 2282 3441 teret,
2317 3375 2730 3430 successoribus
2750 3391 2879 3428 vero
2905 3377 3026 3446 ejus
3048 3393 3160 3430 non
3189 3378 3287 3442 ita,
3319 3378 3428 3432 nisi
3456 3379 3611 3448 prius
3631 3381 3722 3436 vel

2120 3479 2306 3517 coram
2337 3463 2421 3516 vel
2458 3462 2516 3516 in
2541 3462 2845 3533 episcopali
2873 3463 3108 3518 concilio
3137 3471 3460 3536 competens
3492 3466 3542 3519 ei
3571 3467 3722 3522 ratio

2121 3554 2471 3619 redderetur,
2504 3568 2614 3623 qua
2663 3557 3042 3607 antecessores
3092 3570 3223 3609 suos
3271 3555 3719 3614 Dorobernensis

2119 3642 2376 3696 Ecclesia
2421 3641 2756 3712 primatibus
2810 3641 2866 3694 id
2909 3641 3105 3696 fecisse
3141 3648 3198 3697 et
3249 3643 3429 3698 facere
3455 3645 3721 3703 debuisse

2119 3730 2534 3786 evidentissime
2555 3730 3153 3801 ostendereturJgitur
3178 3733 3371 3798 rediit,
3397 3750 3522 3804 qua
3550 3736 3718 3805 jussa

2119 3826 2250 3875 sunt
2278 3818 2550 3890 implevit,
2589 3824 2842 3874 sacratus
2888 3819 3174 3874 abscessit.
3233 3821 3358 3876 Non
3387 3828 3514 3893 post
3564 3825 3718 3880 mul-

2112 3913 2200 3963 tos
2244 3907 2362 3962 dies
2412 3908 2759 3962 Lanfrancus
2813 3907 2883 3961 ab
2939 3908 3214 3963 universis
3269 3910 3429 3981 regni
3492 3912 3718 3982 Anglici

2111 3995 2401 4070 episcopis,
2470 3996 2566 4067 qui
2630 3996 2862 4050 diversis
2915 3997 3283 4068 temporibus,
3349 3998 3580 4054 diversis
3652 4001 3716 4057 in

2111 4087 2264 4151 locis,
2303 4084 2373 4140 ab
2415 4085 2539 4139 aliis
2593 4084 3046 4157 archiepiscopis,
3077 4087 3161 4141 vel
3197 4103 3231 4141 a
3257 4104 3423 4159 papa,
3455 4095 3715 4161 tempore

2114 4174 2390 4246 Stigandi,
2418 4173 2623 4229 sacrati
2649 4181 2798 4240 sunt,
2827 4175 3230 4246 professionem
3277 4177 3440 4248 petiit
3465 4183 3524 4234 et
3557 4195 3715 4238 acce-

2150 4265 2213 4321 it.

2110 4283 2213 4336 Pl"
2712 4334 2946 4390 CAPUT
2987 4335 3083 4390 x1.

2181 4440 2270 4498 24.
2302 4440 2570 4513 Sequenti
2598 4455 2746 4495 anno
2775 4456 2903 4496 cum
2915 4441 3147 4512 praefato
3175 4442 3713 4518 archiepiscopoRo—

2111 4547 2264 4586 mam
2287 4529 2406 4598 ivit,
2431 4535 2488 4584 et
2515 4529 2820 4585 honoriﬁce
2839 4546 2874 4584 a
2910 4531 3043 4586 sede
3071 4533 3375 4603 apostolica
3411 4541 3711 4608 susceptus

422 4627 547 4678 ctus
567 4622 801 4677 antistes
823 4619 1288 4677 Cantuarberiam
1325 4635 1391 4674 ex
1412 4619 1598 4690 prisca
1627 4620 2028 4676 consuetudine
2109 4624 2212 4688 est,
2245 4618 2519 4690 siquidem
2573 4619 2819 4673 venienti
2856 4635 3003 4690 papa
3058 4622 3430 4678 assurrexisse
3477 4623 3706 4696 dicitur,

423 4711 493 4766 ab
539 4728 605 4766 eo
647 4712 953 4766 sacrandus
993 4709 1252 4778 advenit;
1294 4725 1328 4763 a
1367 4725 1477 4780 quo
1505 4724 1633 4762 cum
1679 4708 2026 4766 Lanfrancus
2108 4715 2230 4765 tum
2252 4725 2352 4780 pro
2383 4724 2486 4763 sua
2505 4724 2713 4778 magna
2739 4707 3009 4778 religione
3057 4714 3114 4764 et
3153 4711 3422 4766 eminenti
3447 4714 3706 4786 scientia,

426 4801 694 4872 scriptam
732 4800 802 4856 de
843 4800 1163 4855 obedientia
1207 4815 1310 4854 sua
1353 4814 1483 4852 cum
1521 4797 1833 4868 adjectione
1856 4799 2023 4870 juris-
2104 4804 2228 4854 tum
2258 4799 2410 4869 quia,
2457 4798 2593 4852 dum
2623 4801 2772 4851 esset
2799 4797 2857 4851 in
2885 4797 3250 4868 Normannia,
3280 4803 3567 4859 venientes
3585 4803 3706 4860 Ro-

415 4891 647 4962 jurandi
674 4890 1078 4962 professionem
1109 4887 1390 4944 custodito
1419 4891 1834 4944 antecessorum
1866 4905 2022 4946 more
2104 4905 2284 4944 mana
2316 4887 2572 4943 Ecclesia
2599 4885 2890 4942 ministros
2919 4887 3224 4946 honorifice
3248 4891 3606 4964 suscipiebat,
3643 4901 3704 4951 et

494 5032 603 5103 (30)
634 5033 728 5088 Bis
756 5048 822 5087 ea
867 5034 936 5088 de
999 5049 1062 5086 re
1104 5031 1477 5103 disceptatum
1521 5030 1690 5086 fuisse
1726 5032 1888 5086 testis
1935 5038 2021 5088 est
2100 5035 2259 5103 riret.

415 5099 567 5160 idem
584 5099 906 5160 ’Eadmerus
936 5124 947 5159 :
983 5103 1165 5174 primo
1213 5099 1546 5169 Pinm’done,
1583 5103 1678 5158 ubi
1733 5103 2017 5159 Gofl‘ridus
2173 5101 2282 5174 (31)
2309 5102 2397 5156 Vi.
2429 5101 2592 5172 epist.
2625 5099 2697 5155 40
2715 5099 3034 5174 Lanfranci.

417 5176 863 5232 Constantiensis
889 5176 1203 5247 episcopus,
1223 5177 1334 5229 vice
1365 5178 1508 5242 regis
1522 5176 1837 5243 Lanfranco
1846 5178 2017 5242 justi-

417 5252 555 5304 tiam
575 5251 637 5304 de
656 5252 772 5303 suis
788 5251 1020 5317 querelis
1043 5249 1422 5300 strenuissime
1439 5248 1620 5315 facere
1634 5251 1837 5316 jussus,
1862 5248 2008 5313 fecit.

413 5321 608 5374 Altera
634 5325 826 5376 autem
855 5319 970 5373 vice
1002 5318 1098 5388 qui
1122 5318 1378 5372 Ecclesia
1389 5319 1522 5388 jura
1549 5317 1855 5372 tuebantur
1882 5317 2010 5371 victi

413 5392 656 5459 fuerant,
711 5391 809 5446 sed
865 5390 1096 5444 absente
1161 5389 1471 5443 Lanfranco
1507 5407 1518 5442 :
1553 5389 1702 5443 unde
1751 5388 2008 5458 sequenti

411 5463 522 5529 die,
547 5463 668 5534 ipse
696 5462 848 5516 beati
871 5460 1148 5516 Dunstani
1176 5461 1392 5514 monitu
1421 5461 1490 5514 ad
1523 5460 1791 5534 placitum
1821 5460 2002 5534 venit,

411 5539 470 5588 et
495 5533 724 5589 causam
746 5538 1026 5604 repetens,
1043 5549 1161 5601 qua?
1187 5535 1368 5600 pridie
1384 5534 1532 5586 dicta
1547 5533 1776 5598 fuerant
1805 5533 2005 5585 inania

406 5621 513 5660 esse
531 5609 610 5661 sic
638 5603 989 5671 monstravit,
1049 5609 1111 5658 ut
1167 5607 1335 5658 donec
1376 5606 1506 5660 vita
1530 5603 1785 5670 presenti
1810 5618 2003 5671 super-

2171 5173 2288 5252 (32)
2321 5174 2563 5252 Tho_mas
2612 5189 2642 5226 e
2671 5173 2934 5228 canonico
2952 5174 3275 5252 ~Baj_ocensi
3322 5176 3382 5231 in
3421 5175 3701 5252 archiepi-

2095 5251 2386 5316 scopatum
2417 5245 2823 5313 Eboracensem
2879 5262 2913 5300 a
2943 5245 3242 5302 Guillelmo
3292 5264 3425 5320 rege
3473 5245 3701 5321 pronio-

2092 5321 2270 5461 ῗιῗῗξέξὶ)
2298 5387 2720 5461 ῌωεέἰρεὶεωφῄ-
2737 5387 2918 5442 verbis
2947 5388 3119 5444 habes
3145 5391 3295 5461 apud
3343 5391 3698 5452 Willelmum

2090 5459 2643 5534 Malmesburiensem
2665 5458 2760 5534 lib.
2783 5473 2803 5512 Ι
2836 5461 2916 5534 De
2935 5461 3108 5531 gestis
3134 5458 3458 5534 pontiﬁcum
3484 5465 3698 5534 Anglo-

2089 5547 2234 5585 rum.
2258 5533 2553 5586 Tractatus
2591 5531 2840 5603 prolixus
2855 5532 2924 5586 de
2944 5531 3323 5588 controversia
3349 5533 3499 5589 inter
3527 5531 3695 5594 sedes

2087 5603 2549 5659 Cantuariensem
2565 5608 2623 5656 et
2642 5603 3049 5676 Eboracensem
3069 5603 3140 5659 de
3167 5605 3416 5676 primatu
3445 5606 3694 5664 habetur

400 5679 537 5748 fuit,
565 5677 761 5733 nullus
789 5681 1101 5746 essurgeret
1128 5677 1228 5746 qui
1253 5676 1384 5730 inde
1412 5677 1607 5729 contra
1637 5688 1763 5728 eum
1790 5689 1845 5728 os
1874 5689 2002 5744 ape-
2082 5679 2237 5732 tomo
2266 5676 2522 5747 IAnglia
2549 5691 2738 5742 sacra,
2772 5690 2902 5746 pag.
2937 5673 3063 5731 653.
