3952 6360
230 291 304 350 49

1754 298 1941 358 ἮΤΑ.

3452 300 3524 360 5ο

221 421 503 495 quaedam
549 435 707 496 papae
749 425 1196 497 consanguineos
1235 428 1492 484 studiose
1521 429 1806 485 docuerat.
1832 432 1885 493 Α
1913 425 2069 481 9*itis
2094 424 2449 498 cognitisque
2490 423 2825 492 rationibus,
2873 421 3188 480 absolutam
3223 423 3349 494 tibi,
3377 426 3525 483 Lan-

221 513 430 568 Fertur
455 512 632 568 etiam
657 528 804 586 papa
823 514 1026 571 dixisse
1050 513 1234 588 ;(34)«
1248 519 1372 573 Non
1391 517 1518 573 ideo
1549 521 1832 576 assurrexi

225 602 279 656 ei
297 602 434 674 quia
459 602 912 675 archiepiscopus
933 605 1250 661 Cantuariae
1273 611 1379 670 est,
1403 607 1501 662 sed
1524 609 1656 679 quia
1669 610 1830 667 Becci

226 693 301 746 ad
325 691 577 746 scholam
615 693 740 763 ejus
763 692 867 758 fui,
900 697 958 747 et
983 693 1052 747 ad
1078 695 1248 765 pedes
1271 697 1392 766 ejus
1419 712 1548 751 cum
1573 697 1698 754 aliis
1727 714 1830 755 au-

229 781 386 836 ditor
422 782 924 854 consedimltaque
954 783 1065 838 duo
1096 784 1267 855 pallia
1303 784 1387 840 illi
1421 786 1577 842 dedit
1607 807 1618 842 :
1655 803 1832 844 unum

224 869 374 942 quod
421 871 494 925 de
541 871 729 939 altari,
781 871 1034 927 Romano
1073 890 1251 938 more,
1296 875 1547 947 accepit;
1592 877 1832 933 alterum

230 955 341 1028 (35)
370 975 501 1014 vero
528 959 588 1014 in
619 960 889 1016 indicium
909 961 1166 1017 videlicet
1193 963 1280 1018 sui
1301 963 1528 1033 amoris,
1564 982 1692 1020 cum
1721 983 1832 1038 quo

227 1047 462 1102 missam
507 1049 792 1105 celebrare
831 1050 1066 1119 solebat,
1103 1053 1420 1108 Alexander
1453 1055 1506 1109 ei
1545 1072 1692 1128 papa
1729 1071 1834 1112 sua

233 1152 410 1192 manu
454 1139 740 1209 porrexit;
784 1139 846 1194 in
891 1141 1052 1211 cujus
1100 1146 1217 1208 ιτ
1255 1143 1555 1213 praesentia
1589 1145 1830 1201 Thomas

232 1225 582 1282 calumniam
611 1229 788 1283 movit
799 1229 870 1284 de
897 1229 1148 1301 primatu
1175 1230 1618 1289 Dorobernensis
1645 1235 1829 1290 Eccle-

224 1315 344 1382 siae,
397 1321 459 1371 et
497 1317 569 1371 de
626 1316 968 1388 subjectione
1006 1319 1181 1374 trium
1232 1321 1639 1393 episcOporum,
1691 1325 1828 1380 Dor-

222 1405 528 1460 mensis
561 1406 678 1460 sive
708 1407 1120 1474 Lincolniensis,
1152 1409 1562 1480 Wigornensis,
1603 1412 1826 1468 Licifel—

1910 513 2121 584 france,
2173 513 2615 571 Dorobernensis
2653 511 3090 586 archiepiscopo,
3131 514 3359 586 tuisque
3395 532 3520 573 suc-

1911 603 2247 671 cessoribus,
2308 604 2378 658 de
2425 603 2694 658 canonica
2734 601 3056 658 obedientia
3107 603 3514 675 professionem

1912 692 2057 748 facio
2085 712 2098 761 ;
2141 698 2198 748 et
2227 692 2500 765 quidquid
2530 709 2566 747 a
2591 697 2651 746 te
2679 692 2768 746 vel
2797 691 2867 746 ab
2885 691 2966 746 eis
2989 692 3144 762 juste
3172 695 3231 747 et
3251 695 3517 750 canonice

1912 783 2231 853 injunctum
2247 781 2386 836 mihi
2405 781 2596 849 fuerit,
2633 785 2986 836 servaturum
3011 797 3102 836 me
3131 797 3254 837 esse
3285 784 3518 855 promit-

1912 875 1992 926 to.
2024 873 2106 926 De
2133 871 2239 926 hac
2266 875 2458 925 autem
2478 875 2648 925 antea
2666 885 2794 926 cum
2815 886 2851 924 a
2872 875 2930 925 te
2959 871 3306 928 ordinandus
3333 889 3517 929 essem

1913 959 2117 1015 dubius
2165 960 2292 1025 fuit,
2323 959 2562 1031 ideoque
2598 959 2703 1014 tibi
2747 959 2976 1032 quidem
3011 959 3134 1016 sine
3175 962 3512 1031 conditione,

1913 1049 2325 1105 successoribus
2369 1065 2500 1104 vero
2534 1049 2651 1104 tuis
2678 1049 3134 1106 conditionaliter
3165 1050 3516 1125 obtempera-

1910 1145 2104 1196 turum
2125 1157 2248 1196 esse
2276 1139 2530 1212 promisi.
2566 1157 2592 1191 ›)
2761 1189 2780 1208 ,

2263 1229 2654 1285 DECRETUM
2672 1228 2996 1285 CONCILII
3018 1228 3151 1301 (37).

1978 1315 2066 1376 26.
2107 1337 2131 1371 ε
2161 1319 2326 1374 Anno
2373 1318 2443 1372 ab
2487 1317 2875 1372 incarnatione
2919 1318 3147 1373 Domini
3176 1319 3356 1374 nostri
3379 1319 3513 1377 Iesu

1909 1408 2115 1463 Christi
2158 1407 2310 1475 [072,
2344 1407 2702 1479 pontificatus
2732 1411 2923 1462 autem
2969 1407 3184 1462 domini
3208 1409 3512 1465 Alexandri

1906 1513 2064 1569 papae
2094 1496 2390 1553 undecimo
2435 1497 2601 1566 regni
2645 1511 2776 1550 vero
2804 1495 3080 1550 Willelmi
3104 1497 3333 1567 gloriosi
3359 1499 3511 1569 regis

1905 1587 2214 1657 Anglorum
2239 1591 2298 1641 et
2323 1586 2480 1640 ducis
2503 1586 2962 1640 Normannorum
2990 1590 3165 1640 sexto.
3197 1585 3277 1640 Ex
3294 1601 3512 1659 prince-

222 1493 432 1560 densis,
461 1510 587 1566 quae
610 1511 760 1550 nunc
780 1501 868 1551 est
892 1495 1224 1565 Castrensis,
1243 1499 1433 1554 dicens
1461 1501 1828 1556 Cantuarien-

222 1599 342 1637 sem
390 1583 701 1638 Ecclesium
749 1590 920 1656 atque
962 1586 1366 1642 Eboracensem
1405 1605 1601 1660 parem
1647 1589 1719 1644 ad
1766 1606 1826 1646 se

221 1670 466 1726 invicem
494 1673 767 1728 honorem
787 1673 1014 1741 habere,
1041 1691 1144 1730 nec
1172 1677 1407 1732 alteram
1437 1679 1826 1745 alteri,secun—
1906 1681 2004 1747 pto
2030 1677 2283 1746 ejusdem
2307 1675 2611 1730 Alexandri
2630 1691 2811 1747 papae,
2833 1679 3117 1730 annuente
3137 1676 3334 1731 eodem
3350 1692 3504 1748 rege,

218 1760 354 1816 dum
375 1759 532 1816 beati
557 1763 816 1833 Gregorii
830 1763 1528 1833 constitutionem,debere
1540 1769 1823 1824 ullatenus
1838 1753 1885 1813 Β
1903 1767 1962 1820 in
1983 1765 2283 1838 praesentia
2303 1763 2480 1836 ipsius
2505 1769 2562 1818 et
2599 1765 2991 1836 episcoporum
3020 1768 3189 1836 atque
3215 1763 3502 1852 abbatum,

223 1848 540 1920 subjacere,
573 1859 800 1923 excepto
822 1853 968 1924 quod
985 1853 1315 1909 alterutrius
1341 1856 1823 1929 archiepiscopum
1903 1856 2173 1910 ventilata
2218 1860 2306 1910 est
2341 1870 2511 1910 causa
2553 1854 2622 1908 de
2664 1853 2934 1926 primatu,
2965 1869 3132 1924 quem
3160 1848 3508 1911 Lanfrancus

220 1940 471 2011 [tiaram
502 1946 564 1995 et
591 1940 907 2011 digniorem
937 1949 1194 2014 oporteat
1219 1961 1343 2000 esse
1371 1961 1436 2000 eo
1467 1963 1634 2016 quem
1658 1963 1821 2003 cons-
1903 1943 2348 2000 Dorobernensis
2393 1941 2848 2014 archiepiscopus
2898 1957 3070 2013 super
3099 1941 3506 2000 Eboracensem

213 2029 394 2084 titerit
427 2029 611 2084 fuisse
637 2030 918 2101 posterius
961 2031 1319 2101 ordinatum;
1367 2035 1666 2106 pmdictos
1691 2053 1820 2091 vero
1902 2032 2208 2088 Ecclesiam
2243 2035 2376 2105 jure
2422 2048 2536 2086 suae
2584 2031 2844 2086 Ecclesiae
2887 2031 3296 2103 proclamabat,
3337 2037 3394 2088 et
3437 2033 3508 2088 de

213 2123 328 2172 tres
353 2118 654 2190 episcopos
701 2136 816 2177 suae
857 2121 975 2175 sedi
1008 2121 1238 2194 suisque
1266 2125 1714 2182 antecessoribus
1743 2125 1815 2181 ab
1901 2123 2348 2178 ordinationibus
2368 2121 2742 2193 quorumdam
2767 2120 3176 2193 episcoporum,
3206 2122 3277 2176 de
3303 2122 3507 2194 quibus

213 2207 467 2279 antiquis
483 2208 841 2280 temporibus
855 2210 1134 2266 exstitisse
1151 2211 1448 2283 subjectos.
1470 2214 1816 2271 Lanfrancus
1898 2213 1972 2267 ad
2021 2229 2189 2283 quem
2233 2211 2553 2283 specialiter
2594 2209 2945 2282 pertinerent
3001 2213 3217 2265 certum
3271 2210 3507 2267 minime

213 2296 315 2351 hoc
347 2295 614 2364 audiens,
649 2299 759 2353 etsi
787 2300 1020 2354 moleste
1050 2301 1200 2367 tulit,
1234 2303 1492 2357 modesta
1517 2309 1708 2359 tamen
1736 2305 1824 2360 di-
1905 2301 2216 2356 constabat.
2252 2301 2322 2355 Et
2335 2300 2567 2355 tandem
2587 2299 2890 2371 aliquando
2910 2298 3144 2354 diversis
3157 2299 3508 2356 diversarum

213 2387 496 2442 scretione
538 2387 712 2443 verba
756 2388 908 2445 illius
952 2390 1187 2446 veritate
1215 2391 1438 2462 penitus
1484 2409 1676 2448 carere
1701 2411 1824 2450 res-
1905 2392 2311 2462 scripturarum
2329 2386 2760 2446 auctoritatibus
2793 2386 3095 2459 probatum
3115 2391 3286 2459 atque
3315 2393 3507 2445 osten-

215 2476 434 2548 pondit,
482 2491 814 2532 asseverans
845 2478 1249 2549 Gregorianam
1279 2480 1434 2538 illam
1474 2483 1824 2539 constitutio-
1904 2495 2030 2536 sum
2077 2483 2163 2534 est
2202 2479 2352 2550 quod
2399 2477 2767 2534 Eboracensis
2813 2476 3060 2532 Ecclesia
3112 2478 3507 2535 Cantuariensi

211 2583 340 2622 nem
375 2562 498 2634 (36)
548 2582 662 2620 non
708 2567 779 2623 de
819 2567 1211 2625 Cantuariensi
1247 2575 1306 2626 et
1336 2571 1670 2628 Eboracensi
1700 2589 1822 2629 esse
1904 2568 2107 2623 debeat
2134 2567 2440 2638 subjacere,
2476 2568 2713 2638 ejusque
2741 2565 3144 2638 archiepiscopi
3163 2571 3230 2622 ut
3245 2568 3506 2640 primatis

209 2655 656 2726 promulgatam.
677 2655 759 2712 De
779 2672 891 2728 qua
909 2673 970 2711 re
993 2664 1052 2712 et
1076 2658 1146 2713 de
1174 2658 1355 2715 tribus
1378 2660 1652 2732 episc0pis
1680 2663 1822 2718 mul-
1901 2659 2077 2714 totius
2115 2657 2422 2713 Britanniae
2477 2654 2956 2727 dispositionibus,
3017 2655 3078 2711 in
3127 2656 3216 2712 his
3261 2671 3386 2729 qum
3433 2659 3506 2714 ad

209 2746 277 2801 tis
307 2746 446 2801 hinc
472 2744 610 2800 inde
633 2744 816 2800 verbis
845 2747 1078 2818 prolatis
1107 2748 1354 2804 decrevit
1378 2750 1696 2806 Alexander
1723 2767 1819 2824 pa.
1901 2747 2280 2802 Christianam
2307 2745 2638 2817 religionem
2657 2744 2962 2815 pertinent,
2995 2743 3054 2799 in
3080 2745 3344 2802 omnibus
3371 2745 3507 2803 obe-

210 2853 279 2908 pa
316 2841 589 2907 oportere
617 2835 765 2892 hanc
792 2852 1019 2892 causam
1047 2837 1108 2892 in
1143 2839 1381 2910 Anglica
1424 2843 1583 2895 terra
1610 2841 1813 2908 audiri,
1901 2836 2042 2890 dire.
2068 2835 2484 2906 Subjectionem
2515 2849 2646 2888 vero
2670 2833 3088 2900 Dunelmensis,
3122 2835 3228 2891 hoc
3255 2840 3342 2891 est
3369 2837 3502 2892 Lin-

208 2931 262 2980 et
285 2926 404 2980 illic
427 2926 609 2981 totius
635 2926 798 2996 regni
833 2927 1224 3000 episc0porum
1255 2933 1314 2983 et
1340 2928 1612 2984 abbatum
1650 2931 1814 2987 testi.
1899 2923 2253 2979 disfeldensis
2271 2922 2520 2994 episcopi
2531 2927 2701 2992 atque
2713 2921 2966 2976 omnium
2985 2922 3303 2993 regionum,
3333 2941 3369 2980 a
3392 2929 3504 2981 ter-

210 3016 400 3070 monio
425 3019 485 3070 et
508 3014 727 3084 judicio
762 3015 1000 3070 definiri.
1900 3013 2070 3067 minis
2092 3011 2477 3067 Licifeldensis
2489 3009 2756 3082 episc0pii
2775 3015 2833 3064 et
2848 3009 3116 3066 Humbrae
3135 3013 3328 3082 magni
3345 3015 3500 3070 ﬂuvii

276 3103 368 3160 25.
423 3104 798 3172 Lanfrancus,
839 3105 1091 3177 quamvis
1141 3107 1433 3178 alligatum
1489 3109 1650 3164 illum
1712 3126 1813 3166 suo
1830 3087 1875 3149 (ἶ
1898 3117 2078 3174 usque
2113 3101 2182 3155 ad
2223 3104 2500 3156 extremos
2521 3099 2722 3155 Scotiae
2747 3099 2908 3166 ﬁnes,
2933 3103 2991 3154 et
3007 3099 3279 3172 quidquid
3303 3115 3372 3157 ex
3393 3103 3503 3161 hac

203 3198 462 3265 tempore
485 3193 636 3248 facta
655 3194 726 3248 ab
756 3211 823 3248 eo
850 3195 1192 3265 professione
1212 3201 1448 3263 teneret,
1487 3199 1691 3253 maluit
1717 3203 1810 3254 ta-

204 3299 330 3338 men
382 3299 491 3356 pro
535 3283 950 3339 successoribus
997 3285 1112 3340 suis
1138 3285 1393 3341 laborare
1423 3303 1592 3358 quam
1637 3288 1718 3343 eis
1755 3288 1814 3344 in

207 3378 504 3442 posterum
532 3371 903 3427 indiscussam
919 3373 1062 3428 hanc
1088 3379 1306 3429 tantam
1335 3376 1672 3431 calumniam
1703 3377 1813 3432 dis-

201 3460 529 3516 cutiendam
587 3475 891 3515 reservare.
942 3463 1188 3535 Uterque
1234 3464 1410 3535 igitur
1450 3465 1510 3519 in
1555 3465 1811 3520 Paschali

201 3548 573 3603 solemnitate
611 3549 683 3604 ad
708 3565 898 3620 regem
919 3551 1098 3618 venit,
1130 3551 1318 3623 ibique
1347 3550 1581 3625 prolatis
1601 3553 1660 3608 in
1689 3570 1808 3608 me-

1897 3197 2058 3264 parte
2086 3190 2340 3262 praedicti
2367 3188 2617 3245 fluminis
2655 3188 2727 3243 ad
2775 3187 3100 3260 parochiam
3131 3189 3498 3249 Eboracensis

1897 3279 2154 3334 Ecclesiae
2178 3279 2308 3350 jure
2344 3277 2630 3350 competit,
2667 3277 3091 3333 Cantuariensis
3118 3281 3502 3352 metropolita-

1895 3385 2004 3424 nus
2030 3368 2366 3425 Eboracensi
2413 3367 2832 3439 archiepiscopo
2875 3368 3113 3439 ejusque
3159 3370 3498 3427 successori-

1891 3457 2015 3525 bus,
2070 3458 2130 3513 in
2186 3463 2521 3530 perpetuum
2565 3455 2820 3511 obtinere
2861 3456 3158 3525 concessit,
3207 3457 3289 3513 ita
3332 3464 3398 3515 ut
3448 3457 3497 3516 si

1892 3547 2315 3602 Cantuariensis
2357 3545 2807 3618 archiepiscopus
2836 3545 3133 3601 concilium
3172 3563 3370 3619 cogere
3398 3565 3497 3604 vo-

199 3637 355 3692 dium
376 3638 629 3710 partium
661 3639 995 3707 rationibus,
1027 3641 1363 3696 sententiam
1383 3643 1453 3696 de
1480 3644 1704 3712 negotio
1724 3660 1808 3698 re-
1888 3637 2076 3704 luerit,
2108 3635 2427 3707 ubicunque
2467 3635 2650 3690 visum
2678 3635 2866 3702 fuerit,
2926 3634 3293 3692 Eboracensis
3320 3639 3498 3694 archi-

196 3727 338 3797 galis
385 3727 549 3782 curia
589 3726 762 3782 dedit.
795 3729 1023 3783 Jussum
1068 3733 1203 3784 tunc
1249 3735 1333 3784 est
1383 3729 1505 3784 ﬁeri
1534 3730 1802 3803 scriptum
1889 3726 2181 3798 episcopus
2209 3725 2296 3781 sui
2315 3724 2694 3796 praesentiam,
2724 3740 2853 3779 cum
2887 3724 3287 3800 omnibussibi
3308 3727 3492 3799 subje-

199 3816 377 3870 totius
403 3832 591 3871 causae
621 3816 912 3872 continens
940 3819 1130 3873 finem.
1181 3819 1526 3874 Lanfrancus
1562 3821 1806 3875 Alexan-
1888 3816 1993 3870 ctis
2022 3815 2392 3887 episcopis,ad
2419 3819 2622 3870 nutum
2643 3814 2765 3885 ejus
2793 3813 3057 3869 exhibeat
3085 3819 3141 3870 et
3168 3817 3291 3886 ejus
3320 3833 3490 3873 cano-

198 3904 297 3960 dro
329 3921 492 3976 papae
521 3905 820 3977 epistolam
849 3907 1068 3974 direxit,
1101 3907 1161 3961 in
1184 3924 1295 3979 qua
1313 3909 1364 3963 ei
1394 3908 1568 3963 totius
1595 3910 1809 3980 negotii
1890 3905 2029 3960 nicis
2057 3903 2516 3976 dispositionibus
2546 3902 2816 3958 obediens
2844 3903 3064 3958 existat.
3097 3905 3257 3969 Quod
3297 3911 3490 3963 autem

197 3993 514 4062 gestionem
556 3992 801 4048 breviter
839 3998 894 4048 et
923 3995 1195 4049 veraciter
1221 3997 1520 4051 enarravit.
1559 3998 1809 4069 Utraque
1844 3991 1851 3998 ’
1891 3995 2254 4049 Eboracensis
2283 3993 2732 4066 archiepiscopus
2761 3992 3164 4064 professionem
3184 3993 3368 4050 facere
3397 3994 3492 4052 de-

199 4083 409 4153 scripta
457 4080 655 4136 subter
700 4099 921 4138 annexa
947 4089 1098 4152 sunt,
1127 4085 1414 4156 praemissa
1443 4087 1806 4157 professione,
1890 4082 2022 4138 beat
2045 4082 2439 4139 Cantuariensi
2467 4081 2904 4152 archiepiscopo,
2938 4079 3110 4135 etiam
3141 4097 3270 4136 cum
3298 4099 3488 4140 sacra-

200 4186 371 4241 quam
399 4170 648 4225 Thomas
675 4171 986 4227 Lanfranco
1026 4190 1216 4228 coram
1252 4191 1385 4245 rege
1413 4179 1470 4228 et
1498 4176 1620 4246 ejus
1651 4176 1808 4231 curia
1889 4179 2106 4240 mento,
2155 4172 2500 4227 Lanfrancus
2541 4169 2984 4226 Dorobernensis
3037 4170 3490 4248 archiepiscopus

198 4275 372 4314 manu
402 4258 463 4313 in
497 4275 726 4314 manum
756 4261 1039 4332 porrexit:
1887 4279 1953 4316 ex
2010 4261 2246 4333 antiqua
2298 4265 2718 4314 antecessorum
2761 4259 3166 4315 consuetudine
3217 4263 3483 4319 ostendit.

272 4366 294 4399 ι
309 4347 492 4402 Decet
523 4346 905 4402 Christianum
921 4366 1198 4420 quemque
1215 4351 1551 4407 Christianis
1580 4353 1802 4424 legibus
1817 4408 1864 4425 ἢ
1888 4351 1999 4406 Sed
2019 4351 2088 4406 ob
2116 4365 2364 4405 amorem
2387 4347 2554 4421 regis,
2587 4349 2815 4404 Thomae
2845 4348 3179 4405 Eboracensi
3205 4351 3483 4425 archiepi-

198 4434 509 4506 subjacere,
531 4452 632 4490 nec
658 4436 746 4490 his
774 4453 898 4506 quae
918 4454 952 4492 a
979 4439 1187 4492 sanctis
1218 4438 1477 4496 Patribus
1505 4408 1867 4497 salubriterD
1887 4457 2051 4512 scopo
2081 4444 2495 4496 sacramentum
2533 4438 2818 4506 relaxavit,
2851 4439 3232 4512 scriptamque
3258 4446 3482 4499 tantum

197 4522 460 4578 instituta
491 4529 625 4579 sunt
641 4524 986 4596 quibuslibet
1007 4527 1317 4583 rationibus
1337 4531 1634 4599 contraire;
1673 4531 1804 4586 hinc
1884 4531 2284 4603 professionem
2315 4528 2546 4600 recepit,
2579 4544 2693 4583 non
2732 4528 3101 4600 prsejudicans
3141 4533 3481 4588 successori-

197 4628 444 4684 namque
480 4613 600 4680 irae,
650 4613 1048 4681 dissensiones,
1088 4617 1330 4686 invidiae,
1388 4621 1794 4688 contentiones,

196 4708 518 4775 ceteraque
542 4704 870 4775 procedunt,
901 4723 1024 4777 quae
1051 4711 1332 4762 amatores
1357 4725 1488 4764 suos
1517 4709 1576 4764 in
1603 4727 1798 4782 poenas

196 4799 436 4848 aeternas
463 4792 820 4864 demergunt.
855 4794 925 4849 Et
954 4800 1162 4866 quanto
1202 4797 1440 4868 quisque
1469 4797 1684 4854 altioris
1714 4805 1799 4855 est

196 4882 429 4950 ordinis,
463 4887 623 4937 tanto
653 4881 963 4954 impensius
979 4884 1181 4940 divinis
1209 4885 1376 4941 debet
1407 4885 1797 4960 obtemperare

194 4971 508 5044 praeceptis.
554 4972 865 5043 Propterea
903 4990 1006 5044 ego
1043 4975 1304 5042 Thomas,
1355 4976 1648 5033 ordinatus
1673 4980 1794 5050 jam

1880 4620 1983 4675 bus
2012 4621 2147 4686 suis,
2181 4619 2278 4690 qui
2321 4621 2738 4672 sacramentum
2765 4633 2890 4671 cum
2921 4618 3267 4689 professione
3293 4638 3328 4676 a
3351 4639 3480 4678 suc-

1879 4709 2192 4764 cessoribus
2220 4709 2447 4763 Thomae
2481 4705 2708 4778 exigere
2739 4706 3054 4762 voluerunt.
3102 4707 3164 4763 Si
3208 4710 3480 4784 archiepi-

1879 4815 2080 4870 scopus
2106 4797 2530 4854 Cantuariensis
2545 4797 2718 4851 vitam
2735 4796 2966 4865 ﬁnierit,
2998 4796 3362 4857 Eboracensis
3390 4818 3478 4857 ar-

1877 4887 2265 4959 chiepisc0pus
2297 4885 2704 4941 Doroberniam
2748 4885 2953 4954 veniet,
2983 4890 3040 4942 et
3067 4904 3197 4943 eum
3225 4889 3322 4962 qui
3359 4891 3476 4946 ele-

1876 4983 1998 5032 ctus
2016 4977 2205 5043 fuerit,
2231 4993 2360 5032 cum
2385 4975 2602 5031 caeteris
2621 4973 2870 5048 praefata:
2891 4977 3148 5034 Ecclesiae
3176 4979 3468 5052 episc0pis,

197 5059 565 5117 Eboracensis
613 5060 874 5116 Ecclesiae
919 5063 1384 5134 metropolitanus
1411 5066 1662 5134 antistes,
1696 5083 1792 5123 au-
1872 5071 1938 5122 ut
1968 5066 2268 5138 primatem
2315 5063 2607 5136 proprium
2641 5064 2774 5136 jure
2816 5064 3181 5121 consecrabit.
3234 5067 3392 5132 Quod
3421 5067 3470 5122 si

266 5197 374 5268 (34)
405 5204 541 5258 Haec
570 5201 741 5257 habet
765 5202 1074 5259 Eadmerus
1093 5205 1190 5260 lib.
1221 5221 1240 5262 Ι
1271 5209 1573 5264 Novarum.

267 5269 370 5345 (35)
400 5275 466 5328 Id
506 5275 812 5329 Hincmaro
836 5275 1099 5330 Remensi
1128 5280 1330 5335 saeculo
1353 5295 1428 5345 1x,
1457 5285 1512 5334 et
1541 5280 1791 5335 Brunoni

197 5340 533 5422 Coloniensi,
570 5346 777 5400 saeculo
827 5363 860 5399 x
898 5363 1220 5422 concessum
1260 5352 1380 5422 jam
1417 5340 1628 5406 fuerat.
1679 5354 1792 5406 Nec

196 5414 428 5490 ejus‘rei
446 5417 559 5490 alia
595 5422 897 5490 occurrunt
924 5420 1194 5490 exempla.

263 5483 371 5564 (3_6)
402 5487 469 5564 I_d
504 5489 576 5543 de
617 5488 1010 5564 Cantuariensi
1039 5483 1454 5564 archiepiscOpo
1483 5509 1611 5548 cum
1642 5496 1790 5548 Lon-

195 5556 443 5632 doniensi
465 5565 750 5632 statuerat
779 5559 841 5632 BA.
874 5560 1194 5632 Gregorius.
1220 5556 1299 5618 De
1315 5556 1404 5618 his
1431 5564 1551 5619 fuse
1580 5565 1794 5620 Willel-

195 5643 312 5685 mus
335 5630 862 5688 Malmesburiensis
880 5630 1015 5689 lib.i
1047 5634 1302 5692 Historiae
1330 5637 1657 5708 pontiﬁcum
1683 5639 1794 5693 An-

1869 5209 2112 5280 glorum,
2134 5224 2300 5280 quem
2324 5207 2544 5280 legesis.

1947 5279 2050 5346 (37)
2085 5277 2228 5334 Illud
2259 5277 2558 5333 concilium
2575 5277 2981 5335 Windlesborae
3005 5277 3259 5334 habitum
3283 5278 3462 5338 fuisse

1873 5351 2046 5405 refert
2084 5352 2476 5422 Spelmannus,
2526 5356 2664 5405 tom.
2710 5351 2762 5404 II
2786 5348 3176 5422 Conciliorum
3215 5351 3458 5422 Angliae.

1878 5419 2142 5476 Attamen
2185 5423 2502 5477 Willelmus
2547 5419 3075 5494 Malmesburiensis,
3109 5438 3174 5475 ex
3216 5419 3333 5494 quo
3351 5425 3468 5481 haec

1873 5495 2065 5548 omnia
2088 5494 2386 5564 desumpta
2402 5497 2554 5560 sunt,
2574 5494 2789 5564 nullum
2806 5492 3297 5564 locumexprimit;
3317 5497 3467 5553 unde

1873 5565 2129 5640 Labbeus
2147 5566 2214 5640 in
2235 5562 2478 5620 editione
2502 5562 2876 5640 Conciliorum
2902 5562 3104 5621 maluit
3128 5562 3313 5640 ipsum
3334 5569 3466 5625 sim-

1874 5637 2092 5710 pliciter
2117 5638 2490 5708 Anglz’canum
2520 5633 2821 5706 appellare.
