3952 6362
454 289 518 344 51

1203 294 1267 348 Β.
1311 293 1726 350 LANFRANCI
1764 290 2342 349 CANTUARIENSIS
2380 287 2936 344 ARCHIEPISCOPI

3672 291 3740 348 52

456 411 906 484 archiepiscopus
945 411 1312 470 Eboracensis
1350 415 1570 483 obierit,
1615 417 1662 472 is
1704 417 1799 488 qui
1848 415 1898 471 ei
1929 414 2218 476 suc-Avel
2247 431 2281 468 a
2309 412 2616 484 majoribus
2643 417 2811 482 atque
2833 411 3247 482 antiquioribus
3269 413 3540 468 veraciter
3569 418 3746 485 atque

455 517 715 555 cessurus
752 501 1001 572 eligitur,
1035 508 1261 573 accepto
1305 521 1337 557 a
1385 521 1518 575 rege
1547 506 2056 576 archiepiscopatus

458 590 625 656 dono,
657 591 1038 658 Cantuariam,
1069 592 1156 645 vel
1179 592 1274 646 ubi
1307 593 1702 648 Cantuariensi
1727 595 1905 648 visum
1932 593 2058 648 fue-

459 678 555 744 rit,
612 679 872 746 accedet;
935 684 992 733 et
1043 679 1112 734 ab
1163 679 1286 751 ipso
1328 682 1739 736 ordinationem
1791 682 2058 736 canonico

459 783 618 821 more
645 767 935 839 suscipiet.
979 787 1005 820 »
1061 769 1206 823 Huic
1241 770 1624 824 constitutioni
1661 775 2062 825 consenserunt

463 856 728 926 praefatus
756 873 851 911 rex
882 861 939 910 et
983 857 1404 929 archiepiscopi,
1434 859 1780 913 Lanfrancus
1810 861 2061 914 Cantua-

463 945 666 999 riensis
705 949 841 1010 [3,
871 950 928 998 et
962 946 1204 1000 Thomas
1245 945 1632 1012 Eboracensis,
1681 954 1737 1002 et
1777 947 2062 1002 Hubertus

465 1037 672 1087 sanctae
721 1034 986 1088 Romanae
1023 1034 1281 1089 Ecclesiae
1322 1034 1695 1090 subdiaconus
1744 1042 1802 1090 et
1848 1036 2064 1108 praefati

462 1121 765 1176 Alexandri
795 1139 953 1193 papae
993 1122 1229 1192 legatus,
1262 1127 1318 1177 et
1346 1124 1532 1178 caeteri
1558 1125 1654 1196 qui
1681 1125 2066 1180 interfuerunt

464 1210 710 1281 episcopi
741 1216 796 1264 et
824 1211 1071 1265 abbates.

534 1297 624 1355 27.
661 1299 788 1352 Haec
817 1303 881 1352 ut
906 1304 1068 1370 gesta
1093 1304 1227 1354 sunt
1253 1300 1604 1356 Lanfrancus
1623 1301 1940 1356 Alexandro
1969 1318 2066 1356 no-

464 1386 696 1442 tiﬁcavit
727 1404 827 1458 per
853 1387 1225 1458 subscriptam
1250 1389 1542 1459 epistolam
1578 1409 1589 1443 :

539 1477 780 1532 Domino
805 1476 980 1530 totius
1012 1476 1343 1532 Christianae
1384 1478 1674 1548 religionis
1702 1495 1922 1534 summo
1946 1495 2068 1550 spe-

467 1565 708 1620 culatori
733 1566 1072 1620 ALBXANDRO
1095 1581 1252 1636 papae
1267 1566 1695 1623 .LANFRANCUS..
1711 1570 1747 1636 .(
1762 1569 1882 1622 Vide
1910 1571 2062 1636 epist.

466 1653 500 1710 4
531 1655 880 1721 Lanfranci,)

539 1742 631 1799 ‘28.
673 1743 754 1796 De
800 1742 996 1796 eadem
1042 1759 1102 1797 re
1146 1743 1370 1815 scripsit
1397 1743 1778 1820 Hildebrando
1798 1725 2130 1799 RomanaeB

471 1830 729 1886 Ecclesiae
758 1831 1166 1896 archidiacono,
1198 1832 1296 1889 ita.

545 1918 841 1974 Calumnia
887 1936 1057 1991 quam
1108 1919 1473 1976 Eboracensis
1533 1921 1788 1977 Ecclesiae
1833 1922 2068 1977 antistes

474 2008 770 2063 adversum
815 2025 906 2062 me
943 2009 1182 2062 movit...
1218 2010 1424 2079 (Exstat
1466 2013 1616 2064 inter
1660 2012 1930 2079 epistolas,
1982 2015 2069 2065 uti

473 2103 523 2152 et
560 2113 804 2166 sequens,
837 2104 1072 2166 suntque
1099 2098 1139 2153 6
1165 2103 1214 2152 et
1244 2099 1322 2167 7.)

543 2185 631 2242 ‘29.
663 2186 749 2240 Ad
779 2187 894 2241 haec
924 2185 1338 2242 Hildebrandus
1373 2187 1664 2260 respondit
1690 2188 2022 2244 Lanfranco.

548 2292 576 2326 (ι
607 2273 793 2354 Verba
815 2275 1128 2346 legatorum
1158 2281 1492 2344 vestrorum,
1528 2296 1550 2328 ι
1586 2282 1690 2332 etc.

1076 2366 1310 2421 CAPUT
1336 2367 1459 2420 XII.

548 2451 635 2509 30.
672 2453 754 2522 (5‘)
785 2454 946 2507 Anno
989 2452 1059 2507 ab
1095 2454 1480 2508 incarnatione
1521 2453 1744 2508 Domini
1783 2452 1941 2518 1075,
1979 2470 2068 2507 re-

473 2545 686 2610 gnante
742 2540 983 2610 glorioso
1033 2557 1165 2611 rege
1218 2542 1503 2596 Willelmo
1549 2542 1880 2610 Anglorum,
1922 2558 2069 2596 anno

473 2629 634 2700 regni
689 2631 808 2700 ejus
850 2645 1014 2693 nono,
1076 2636 1477 2700 congregatum
1522 2635 1609 2684 est
1656 2630 1957 2684 Londoniae
2009 2631 2068 2684 in

475 2719 711 2774 ecclesia
757 2717 906 2773 beati
935 2719 1094 2774 Pauli
1144 2721 1380 2790 apostoli
1432 2719 1730 2774 concilium
1758 2719 1933 2773 totius
1962 2720 2070 2772 An-

473 2807 600 2877 gliae
645 2807 888 2877 regionis
940 2807 1351 2879 episc0porum,
1385 2807 1673 2872 abbatum,
1720 2824 1821 2862 nec
1863 2824 1973 2861 non
2017 2812 2073 2862 et

477 2897 789 2951 multarum
855 2897 1099 2967 religiosi
1149 2896 1361 2952 ordinis
1412 2913 1801 2968 personarum,
1833 2896 2068 2965 jubente

475 2990 645 3056 atque
673 2985 852 3040 eidem
893 2986 1127 3040 concilio
1170 2986 1503 3056 prmsidente
1528 2985 1838 3040 Lanfranco
1863 2990 2069 3040 sanctae

472 3074 915 3129 Dorobernensis
937 3075 1191 3130 Ecclesiae
1220 3076 1370 3129 archi
1378 3075 1616 3146 praesule
1644 3075 1927 3146 totiusque
1957 3075 2074 3128 Bri-

473 3165 680 3217 tanniae
719 3164 978 3233 primate,
1025 3163 1456 3232 consedentibus
1499 3180 1686 3218 secum
1724 3164 1857 3217 viris
1905 3180 2072 3217 vene-

472 3250 762 3316 rabilibus,
809 3252 894 3319 (5’)
949 3251 1169 3306 Thoma
1235 3251 1568 3305 Eboracensi
1635 3251 2070 3322 archiepiscopo,

470 3339 564 3413 (⁵³)
605 3340 890 3394 Willelmo
939 3340 1280 3394 Londinensi
1336 3339 1613 3410 episcOpo,
1661 3339 1742 3409 (5‘)
1797 3339 2072 3394 Goisfrido

474 3428 892 3482 Constantiensi
947 3429 1064 3498 [qui
1105 3427 1216 3499 (38)
1266 3444 1394 3482 cum
1444 3427 1858 3482 transmarinus
1923 3433 2073 3482 esset

474 3518 788 3588 episcopus,
822 3517 881 3571 in
923 3518 1125 3587 Anglia
1167 3518 1374 3570 multas
1410 3517 1789 3586 possessiones
1836 3516 2066 3585 habens,

473 3621 602 3660 cum
643 3605 859 3661 caeteris
905 3607 962 3659 in
1017 3606 1250 3661 concilio
1300 3603 1653 3676 residebat],
1691 3604 1772 3673 (⁵⁵)
1806 3605 2069 3660 Walche-

474 3694 588 3748 lino
633 3695 1005 3760 Vintoniensi,
1052 3695 1142 3763 (⁵⁸)
1181 3695 1464 3748 Hermano
1501 3693 1893 3748 Siraburnensi
1946 3693 2066 3766 [at.,

475 3782 984 3850 Schireburnensi),
1035 3783 1116 3851 (⁵⁷)
1174 3783 1472 3836 Wilfstano
1519 3782 1942 3849 Virecestrensi,
1984 3784 2066 3852 (⁵⁸)

472 3871 747 3926 Walterio
795 3871 1206 3935 IIerefordensi,
1245 3871 1323 3940 (59)
1356 3872 1563 3925 Gisone
1593 3869 1864 3938 Vellensi,
1900 3872 1952 3925 id
1987 3877 2071 3926 est

471 3961 718 4028 Batensi,
746 3961 828 4033 (⁸ο)
875 3961 1128 4032 Remigio
1171 3960 1540 4014 Dorchacensi
1569 3960 1682 4014 sive
1710 3960 2068 4031 Lincoliensi,

473 4049 559 4117 (⁸⁸)
592 4051 849 4104 lIerfasto
881 4050 1276 4104 Helmeanensi
1304 4066 1404 4103 seu
1435 4048 1816 4103 Norwincensi
1841 4048 1922 4118 (⁸⁵)
1955 4050 2068 4103 Sti-

379 4125 383 4130 “
470 4138 657 4208 gando
688 4139 1031 4209 Selengensi,
1066 4138 1412 4208 (“3)Osberno
1445 4137 1763 4202 Exoniensi,
1790 4137 1872 4204 (3")
1901 4139 2065 4192 Petro

469 4225 849 4281 Liciferdensi.
883 4227 1156 4282 Roil'ensis
1197 4227 1440 4281 Ecclesia
1464 4243 1563 4296 per
1591 4226 1649 4279 id
1677 4231 1901 4296 tempus
1933 4244 2060 4297 pas-

2138 502 2503 574 probabiliter
2517 502 2878 572 accepissent.
2909 501 3090 571 Super
3119 518 3230 572 quo
3261 518 3531 572 responso
3556 502 3747 573 petita:

2140 597 2274 648 sunt
2316 591 2571 656 induciae,
2631 607 2696 644 ac
2753 605 3028 644 concessae
3083 607 3261 661 usque
3307 591 3367 644 in
3413 592 3746 649 crastinum.

2141 680 2402 735 Crastina
2451 684 2642 734 autem
2681 679 2772 732 die
2809 678 3160 732 concorditer
3188 679 3524 748 perhibuere
3592 680 3748 750 quod

2145 768 2511 823 Eboracensis
2538 767 2991 838 archiepiscopus
3033 767 3102 820 ad
3145 767 3433 820 dexteram
3463 767 3748 822 Dorober-

2144 856 2334 910 nensis
2375 855 2570 909 sedere
2615 854 2832 918 debeat,
2881 854 3287 909 Londoniensis
3336 856 3407 909 ad
3436 855 3748 923 sinistram,

2144 946 2460 998 Wentanus
2483 945 2644 1014 juxta
2673 944 3080 998 Eboracensem
3105 962 3116 1010 ;
3150 945 3198 998 si
3219 960 3349 997 vero
3380 944 3749 1000 Eboracensis

2145 1033 2309 1099 desit,
2342 1032 2750 1086 Londoniensis
2779 1032 2850 1086 ad
2874 1032 3182 1099 dexteram,
3223 1032 3540 1087 Wentanus
3568 1033 3641 1087 ad
3669 1033 3754 1086 si-

2145 1120 2383 1175 nistram
2394 1162 2404 1173 .

2217 1229 2295 1281 Ex
2325 1227 2520 1297 regula
2550 1226 2700 1280 beati
2726 1227 3031 1292 Benedicti,
3049 1243 3113 1281 ex
3129 1227 3364 1298 Dialogo
3388 1227 3664 1298 Gregorii,
3693 1233 3759 1283 et

2147 1317 2381 1387 antiqua
2405 1316 2751 1386 regularium
2781 1317 3028 1370 locorum
3069 1317 3492 1383 consuetudine,
3529 1322 3593 1370 ut
3619 1334 3752 1371 mo-

2146 1405 2310 1460 nachi
2339 1405 2591 1458 ordinem
2622 1404 2872 1458 debitum
2903 1408 3151 1470 teneant,
3193 1405 3436 1458 infantes
3469 1405 3756 1476 praecipue

2149 1500 2206 1548 et
2227 1495 2481 1564 juvenes,
2528 1494 2585 1546 in
2633 1492 2890 1547 omnibus
2938 1493 3090 1558 locis,
3126 1494 3412 1564 deputatis
3437 1493 3541 1547 sibi
3573 1495 3756 1563 magi-

2149 1583 2296 1648 stris,
2339 1582 2664 1636 custodiam-
2696 1581 2958 1636 habeant.
2993 1581 3170 1636 Nocte
3212 1583 3515 1636 luminaria
3539 1583 3748 1649 ferant,

2147 1671 2488 1741 generaliter
2512 1687 2704 1724 omnes
2733 1671 2842 1724 nisi
2862 1686 2896 1724 a
2922 1670 3166 1741 praelatis
3206 1687 3469 1724 concessa
3491 1672 3746 1742 preprie-

2149 1765 2264 1814 tate
2319 1765 2550 1814 careant
2595 1761 2723 1829 (reg.
2772 1776 2893 1829 cap.
2931 1758 3021 1824 63,
3072 1758 3160 1825 2‘2,
3209 1759 3320 1830 33).
3370 1760 3428 1814 Si
3459 1760 3584 1830 quis
3613 1776 3752 1814 vero

2149 1849 2358 1920 aliquid
2373 1849 2584 1920 proprii
2609 1848 2729 1902 sine
2759 1848 2989 1918 praefata
3002 1848 3231 1902 licentia
3258 1847 3462 1902 habere
3484 1847 3542 1902 in
3562 1853 3753 1903 morte

2147 1938 2318 1992 fuerit
2342 1938 2738 2008 deprehensus,
2775 1953 2877 1990 nec
2901 1941 3032 1990 ante
3060 1942 3298 1990 mortem
3329 1936 3386 1990 id
3415 1936 3749 2004 reddiderit,

2149 2043 2274 2082 cum
2316 2027 2646 2098 poenitentia
2691 2031 2747 2079 et
2788 2026 2981 2080 dolore
3010 2030 3299 2096 peccatum
3329 2041 3497 2080 suum
3534 2026 3752 2080 confes-

2153 2133 2248 2169 sus
2274 2134 2285 2182 ;
2319 2133 2420 2170 nec
2439 2115 2601 2186 signa
2632 2115 2928 2185 pulsentur
2965 2131 3064 2184 pro
3092 2131 3175 2179 eo,
3220 2130 3322 2168 nec
3352 2113 3615 2167 salutaris
3644 2131 3752 2184 pro

2153 2202 2274 2271 ejus
2303 2201 2654 2255 absolutione
2682 2201 2865 2254 hostia
2885 2200 3226 2266 immoletur,
3259 2216 3363 2254 nec
3391 2200 3449 2252 in
3480 2205 3751 2254 coemete-

2151 2290 2236 2344 rio
2255 2290 2561 2361 sepeliatur
2592 2291 2868 2350 (GREGOR.
2900 2291 3048 2345 Dial.
3083 2291 3178 2344 tib.
3211 2303 3286 2354 Iv,
3315 2305 3435 2360 cap.
3465 2288 3572 2357 55).

2223 2397 2301 2450 Ex
2329 2397 2565 2451 decretis
2593 2412 2940 2450 summorum
2969 2395 3318 2466 pontificum,
3344 2395 3569 2449 Damasi
3600 2395 3757 2449 vide-

2152 2485 2301 2551 licet,
2335 2489 2391 2538 et
2411 2485 2630 2550 Leonis,
2656 2501 2758 2538 nec
2777 2500 2889 2538 non
2911 2500 2976 2538 ex
2999 2483 3247 2537 conciliis
3262 2483 3580 2537 Sardicensi
3599 2485 3750 2550 (can.

2152 2571 2206 2633 6)
2235 2579 2403 2644 atque
2441 2573 2766 2627 Laoclicensi
2799 2575 2938 2640 (can.
2972 2571 3081 2640 57),
3102 2573 3161 2625 in
3191 2571 3393 2642 quibus
3424 2571 3759 2642 prohibetur

2154 2662 2495 2733 episc0pales
2529 2662 2690 2715 sedes
2737 2662 2793 2714 in
2834 2661 2976 2714 villis
3023 2661 3278 2726 existere,
3309 2675 3635 2714 concessum
3664 2664 3758 2713 est

2153 2751 2310 2821 regia
2361 2750 2745 2804 muniﬁcentia
2799 2754 2854 2803 et
2896 2749 3093 2820 synodi
3134 2749 3468 2803 auctoritate
3505 2747 3757 2820 praefatis

2156 2839 2333 2893 tribus
2363 2838 2634 2909 episcopis
2653 2839 2721 2892 de
2749 2838 2892 2892 villis
2913 2839 2982 2891 ad
3014 2837 3263 2892 civitates
3290 2838 3532 2892 transire
3557 2856 3569 2904 ;
3605 2837 3756 2890 Her-

2126 2936 2356 2982 ‘manno
2388 2928 2457 2981 de
2499 2926 2806 2981 Siraburna
2834 2926 2905 2979 ad
2951 2925 3342 2992 Selesberiam,
3377 2925 3644 2996 Stigando
3668 2925 3741 2979 de

2093 3039 2135 3097 ρ
2155 3017 2424 3097 Selengeo
2467 3016 2534 3069 ad
2568 3015 2896 3082 Cicestrum,
2938 3015 3104 3068 Petro
3133 3015 3203 3068 de
3232 3014 3492 3068 Licifelde
3517 3014 3588 3067 ad
3615 3015 3753 3068 Ces-

2155 3096 2327 3160 trum.
2361 3106 2440 3158 De
2471 3103 2822 3174 quibusdam,
2858 3103 2953 3174 qui
2998 3104 3056 3156 in
3099 3103 3243 3157 villis
3277 3120 3376 3157 seu
3406 3102 3540 3156 vicis
3568 3102 3756 3157 adhuc

2155 3193 2454 3263 degebant,
2485 3193 2721 3247 dilatum
2751 3199 2837 3246 est
2866 3209 3042 3263 usque
3084 3193 3155 3246 ad
3193 3192 3342 3262 regis
3377 3191 3749 3258 audientiam,

2157 3283 2252 3352 qui
2277 3283 2333 3335 in
2366 3282 2758 3336 transmarinis
2783 3281 2950 3336 terris
2969 3287 3104 3336 tunc
3124 3281 3392 3352 temporis
3422 3280 3632 3334 bellum
3652 3297 3754 3350 ge-

2155 3371 2332 3424 rebat.

2226 3479 2303 3532 Ex
2335 3478 2527 3532 multis
2567 3479 2947 3532 Romanorum
2976 3477 3279 3548 praesulum
3306 3477 3544 3531 decretis
3571 3476 3754 3530 diver-

2153 3566 2339 3637 sisque
2371 3583 2654 3620 sacrorum
2697 3584 2973 3620 canonum
3005 3566 3430 3620 auctoritatibus
3465 3585 3476 3618 :
3509 3567 3592 3619 Ne
3624 3566 3752 3636 quis

2151 3656 2395 3710 alienum
2426 3657 2708 3719 clericum,
2736 3656 2821 3710 vel
2844 3656 3180 3710 monachum
3215 3655 3299 3725 (⁸⁵)
3322 3656 3443 3709 sine
3471 3671 3752 3709 commen-

2151 3745 2364 3799 datitiis
2403 3746 2608 3799 litteris
2659 3745 2902 3799 retineat
2959 3745 3042 3797 vel
3095 3744 3336 3797 ordinet.
3377 3743 3462 3796 Ad
3513 3743 3754 3814 compri-

2152 3835 2412 3888 mendam
2459 3835 2828 3905 quorumdam
2875 3833 3304 3886 indiscretorum
3354 3832 3739 3898 insolentiam,

2151 3939 2218 3976 ex
2247 3924 2529 3978 communi
2562 3925 2784 3978 decreto
2815 3922 3089 3977 sancitum
3114 3927 3199 3975 est
3226 3938 3295 3975 ne
3329 3921 3453 3991 quis
3481 3920 3540 3973 in
3569 3921 3751 3974 conci-

2150 4013 2224 4066 lio
2250 4013 2512 4084 loquatur
2542 4019 2742 4084 praeter
2771 4011 3052 4065 licentiam
3084 4029 3118 4064 a
3138 4010 3568 4080 metropolitano
3597 4025 3750 4063 sum-

2152 4109 2305 4173 ptam
2346 4103 2587 4174 exceptis
2615 4101 2889 4172 episcopis
2920 4105 2976 4154 et
2999 4098 3309 4152 abbatibus.

2220 4210 2296 4263 Ex
2325 4210 2564 4263 decretis
2597 4209 2673 4277 (⁸⁸)
2707 4207 2962 4278 Gregorii
2991 4207 3217 4276 Majoris
3250 4204 3380 4276 (39),
3414 4221 3515 4258 nec
3544 4221 3655 4258 non
3689 4211 3747 4260 et

469 4271 849 4281 ...νυνηνηυη
884 4271 1156 4282 "suum-
1198 4271 1440 4281 μννην...
1464 4271 1552 4296 ι.--
1591 4271 1649 4279 -..
1682 4271 1901 4296 mur..-
1933 4271 2030 4297 rw
2603 4271 2609 4276 .
2663 4271 2669 4277 .
2821 4271 2852 4278 ν
3078 4271 3094 4276 -
3256 4271 3263 4276 .
3341 4271 3345 4272 κ
3472 4293 3482 4303 .

469 4320 592 4370 tore
612 4316 856 4370 carebat.
881 4316 1366 4382 Lindisfarnensis,
1389 4314 1562 4386 quiet
1583 4315 1900 4369 Dulmensis
1925 4315 2063 4387 [Du-
2081 4271 2128 4329 Β
2148 4298 2398 4364 Minoris,
2433 4297 2509 4368 (⁸⁷)
2559 4302 2621 4352 Ut
2667 4298 2852 4352 “unus
2898 4297 2966 4350 de
3011 4297 3236 4366 Propria
3257 4299 3616 4387 Foignfmone.
3652 4296 3740 4348 V91

468 4401 793 4475 nelmensis)
826 4405 1139 4476 episcopus,
1170 4405 1492 4458 canonicam
1522 4402 1734 4458 habens
1761 4405 2064 4459 excusatio-

467 4509 597 4547 nem
629 4494 862 4548 concilio
891 4494 1163 4548 interesse
1186 4509 1299 4547 non
1327 4497 1564 4564 poterat.
1616 4493 1685 4546 Et
1713 4493 1846 4563 quia
1869 4494 2061 4548 multis

464 4588 617 4636 retro
645 4583 806 4636 annis
845 4582 902 4636 in
931 4583 1163 4653 Anglico
1192 4598 1365 4652 regno
1394 4598 1529 4636 usus
1575 4581 1934 4636 conciliorum
1968 4582 2060 4636 ob-

466 4673 760 4738 soleverat,
799 4676 1067 4726 renovata
1118 4675 1253 4726 sunt
1307 4671 1594 4737 nonnulla,
1648 4687 1770 4742 quze
1809 4672 2056 4741 antiquis

467 4760 636 4814 etiam
661 4766 969 4814 noscuntur
995 4759 1303 4814 canonibus
1331 4759 1578 4812 definita.

537 4849 615 4903 Ex
645 4849 876 4903 concilio
897 4849 1070 4920 igitur
1091 4850 1360 4904 Toletano
1390 4854 1608 4919 quarto,
1637 4849 2061 4903 Millevitanoat-

470 4955 579 5010 que
604 4937 974 4992 Bracharensi
1004 4943 1278 4992 statutum
1319 4943 1403 4992 est
1431 4943 1491 4991 ut
1520 4937 1726 5008 singuli
1752 4939 2058 4992 secundum

467 5027 840 5082 ordinationis
852 5044 966 5082 suae
981 5032 1239 5098 tempora
1249 5027 1708 5097 sedeant,praeter
1728 5044 1822 5080 eos
1848 5027 1942 5097 qui
1957 5043 2060 5080 an-

464 5117 623 5188 tiqua
640 5117 1043 5170 consuetudine
1054 5116 1168 5170 sive
1189 5115 1560 5170 Ecclesiarum
1585 5132 1812 5170 suarum
1835 5115 2059 5185 privile-

462 5206 569 5276 giis
598 5205 882 5276 digniores
931 5205 1092 5258 sedes
1135 5204 1361 5258 habent.
1393 5204 1473 5258 De
1504 5221 1614 5275 qua
1642 5221 1702 5257 re
1729 5203 2060 5272 interrogati

467 5301 600 5348 sunt
627 5311 788 5348 senes
820 5299 878 5347 et
900 5298 1066 5347 aetate
1094 5293 1337 5364 provecti
1369 5293 1500 5364 quid
1524 5295 1610 5347 vel
1636 5292 1743 5364 ipsi
1771 5292 2056 5358 vidissent,

537 5436 640 5504 (38)
676 5435 840 5488 Solus
869 5435 956 5488 hic
984 5452 1111 5489 cum
1142 5437 1334 5490 Odone
1364 5436 1654 5505 Bajocensi
1683 5452 1749 5488 ex
1773 5435 2052 5488 Norman-

461 5506 567 5560 nize
598 5505 890 5576 episcopis,
941 5525 1066 5562 cum
1109 5507 1406 5562 Guillelmo
1445 5512 1828 5579 conquzestorc
1859 5506 1914 5562 in
1947 5507 2055 5558 An-

461 5577 628 5634 gliam
659 5577 902 5634 transiit.

455 5593 628 5647 gnam
659 5593 902 5634 transut.

2145 4388 2333 4440 uxoris
2364 4387 2634 4441 defunctae
2657 4402 2756 4440 seu
2781 4402 2949 4456 quam
2969 4389 3238 4453 cognatus
3257 4383 3472 4447 habuit,
3504 4399 3738 4436 uxorem

2145 4476 2398 4546 accipiat,
2433 4475 2617 4545 quoad
2647 4491 2824 4544 usque
2853 4473 3144 4544 parentela
3177 4487 3240 4524 ex
3274 4472 3548 4525 alterutra
3577 4475 3740 4542 parte

2143 4566 2213 4618 ad
2242 4565 2544 4634 septimum
2571 4563 2808 4632 gradum
2844 4561 3148 4633 perveniat.

2214 4653 2304 4722 (⁸⁸)
2325 4653 2399 4707 Ut
2425 4653 2613 4706 nullus
2638 4668 2823 4705 sacros
2863 4650 3086 4705 ordines
3127 4665 3225 4702 seu
3267 4649 3511 4702 ofﬁcium
3560 4649 3738 4702 eccle-

2145 4740 2454 4807 siasticum,
2499 4741 2646 4811 quod
2687 4741 2756 4793 ad
2815 4756 3002 4793 curam
3063 4737 3376 4791 animarum
3435 4737 3736 4807 pertineat,

2145 4836 2296 4884 emat
2324 4831 2407 4884 vel
2431 4830 2653 4883 vendat.
2700 4830 2816 4882 Hoc
2843 4828 2993 4881 enim
3023 4826 3205 4879 scelus
3228 4843 3263 4878 a
3292 4827 3455 4880 Petro
3482 4827 3739 4896 apostolo

2141 4918 2200 4972 in
2229 4919 2453 4972 Simone
2482 4920 2641 4987 Mago
2679 4916 2938 4987 primitus
2971 4915 3301 4968 damnatum
3343 4919 3445 4981 est,
3484 4921 3679 4985 postea
3703 4932 3742 4970 a

2142 5008 2349 5061 sanctis
2380 5006 2638 5060 Patribus
2672 5014 2703 5070 |
2721 5013 2781 5070 4
2810 5007 3044 5060 vetitum
3083 5012 3139 5059 et
3167 5003 3734 5059 excommunicatum.

2213 5097 2294 5148 Ne
2316 5112 2442 5149 ossa
2458 5100 2808 5148 mortuorum
2830 5094 3179 5159 animalium,
3197 5093 3357 5164 quasi
3380 5109 3480 5164 pro
3510 5092 3740 5146 vitanda

2143 5185 2472 5238 animalium
2504 5189 2675 5255 peste,
2711 5182 2913 5238 alicubi
2942 5183 3374 5255 suspendantur.

2215 5274 2296 5326 Ne
2341 5281 2538 5339 sortes,
2590 5273 2672 5326 vel
2736 5273 3032 5344 aruspicia,
3079 5288 3178 5326 seu
3218 5270 3607 5334 divinationes,
3653 5270 3738 5323 vel

2203 5432 2313 5504 (39)
2355 5433 2416 5486 Id
2463 5438 2549 5485 est
2591 5433 2894 5503 Gregorius
2942 5434 3177 5504 Magnus
3234 5447 3332 5504 seu
3383 5428 3616 5500 primus,
3677 5434 3738 5482 et

2135 5501 2439 5574 Gi'chrius
2471 5501 2767 5568 secundus,
2803 5512 2863 5558 ut
2881 5506 3000 5575 jam
3041 5501 3180 5558 alias
3219 5501 3572 5557 observatum
3622 5505 3728 5556 est.
