3952 6360
222 300 296 358 b3

1781 304 1967 361 VITA.

3443 306 3514 366 54

221 426 424 498 aliqua
462 424 785 495 hujusmodi
833 438 1002 496 opera
1045 423 1321 480 diabolica
1347 425 1418 483 ab
1445 426 1634 498 aliquo
1663 430 1890 490 exer-A
1907 429 2155 484 Noverat
2198 429 2283 483 vir
2318 427 2790 501 prudentissimus
2839 430 2989 501 quod
3032 432 3230 487 tertius
3260 432 3513 490 Herodes

226 521 486 570 ceantur.

302 603 386 671 (⁸⁵)
421 603 554 658 Hec
574 601 723 656 enim
740 602 931 656 omnia
955 601 1099 656 sacri
1128 618 1370 658 canones
1392 605 1819 676 prohibuerunt,

227 698 285 746 et
312 708 408 746 eos
439 691 538 762 qui
558 690 699 746 talia
725 696 1000 757 exercent,
1031 690 1166 745 data
1203 692 1485 748 sententia
1509 710 1825 750 excommu~

225 781 577 836 nicaverunt.

294 871 373 925 Ex
411 869 663 926 conciliis
692 867 1050 936 Eliberitano,
1095 875 1152 926 et
1193 871 1461 926 Toletano
1499 873 1816 929 undecimo.

216 959 293 1015 Ut
320 959 512 1014 nullus
538 957 830 1030 episcopus
848 959 934 1013 vel
962 958 1153 1026 abbas,
1175 976 1273 1015 seu
1299 961 1536 1032 quilibet
1554 963 1624 1018 de
1648 965 1816 1032 clero,

219 1049 513 1103 hominem
543 1047 910 1104 occidendum
932 1048 1018 1103 vel
1040 1048 1308 1104 membris
1330 1053 1706 1107 truncandum
1731 1055 1819 1124 ju-

217 1137 405 1204 dicet;
453 1138 542 1192 vel
586 1136 969 1208 judicantibus
1014 1153 1130 1194 suae
1172 1138 1520 1205 auctoritatis
1571 1142 1816 1198 favorem

211 1226 620 1282 accommodet.

281 1316 400 1386 Ego
454 1315 801 1371 Lanfrancus
869 1315 1310 1372 Dorobernensis
1363 1317 1814 1392 archiepiscopus

209 1403 542 1475 subscripsi.

277 1495 398 1564 Ego
455 1494 699 1549 Thomas
750 1493 1112 1550 Eboracensis
1167 1496 1620 1569 archiepiscopus
1675 1499 1810 1554 sub-

206 1583 411 1654 scripsi
426 1628 438 1639 .

276 1672 750 1743 Subscripserunt
807 1676 864 1726 et
917 1672 1014 1728 alii
1057 1673 1301 1746 episcopi
1329 1679 1387 1730 et
1427 1675 1658 1732 abbates
1707 1679 1804 1752 qui

199 1761 587 1816 interfuerunt
605 1759 747 1832 (40).

796 1849 1028 1905 CAPUT
1065 1851 1215 1906 XIII.

261 1938 358 1992 81.
393 1939 531 1993 Post
564 1939 680 1993 haec
705 1938 950 1993 Thomas
983 1938 1347 1995 Eboracensis
1390 1942 1681 1998 humiliter
1705 1943 1794 2016 (⁷ο)

189 2027 410 2098 rogavit
428 2043 532 2098 per
556 2026 850 2098 epistolam
875 2026 996 2099 (41)
1024 2028 1416 2096 Lanfrancum,
1443 2037 1506 2086 ut
1537 2033 1795 2089 mitteret

191 2115 298 2170 sibi
339 2116 485 2170 duos
522 2116 832 2188 episcopos,
879 2117 1438 2174 Dorchacestrensem
1483 2125 1538 2175 et
1567 2122 1792 2193 Wigor-

190 2221 446 2271 nensem,
496 2205 590 2275 (τί)
644 2205 715 2259 ad
761 2206 1095 2260 sacrandum
1153 2208 1450 2277 quemdam
1502 2209 1788 2280 clericum,

193 2309 361 2364 quem
406 2293 497 2363 (⁷³)
527 2293 736 2348 Paulus
787 2310 972 2348 comes
1011 2295 1291 2350 Orcadum
1325 2295 1438 2365 (4‘2)
1477 2297 1790 2356 insularum

189 2383 270 2436 illi
321 2381 578 2447 miserat,
611 2383 684 2436 ad
725 2382 1098 2438 ordinandum
1132 2384 1242 2438 illis
1275 2385 1525 2455 partibus
1577 2388 1790 2458 episco-

190 2487 345 2542 pum,
371 2471 664 2526 afﬁrmans
684 2471 902 2526 nullum
931 2471 1320 2543 imposterum,
1353 2490 1414 2529 se
1442 2475 1644 2531 horum
1677 2479 1790 2549 epi-

188 2576 488 2632 scoporum
517 2561 622 2615 hac
649 2560 718 2614 de
747 2577 936 2626 causa,
972 2562 1334 2632 quaesiturum
1363 2563 1783 2634 subjectionem.

188 2650 367 2720 Cujus
395 2649 657 2721 petitioni
687 2650 1030 2704 Lanfrancus
1055 2667 1310 2729 annuens
1333 2653 1557 2724 scripsit
1582 2657 1790 2726 episco-

186 2740 271 2810 pis
320 2739 586 2793 Wistano
621 2738 1000 2809 Wigornensi,
1053 2745 1111 2794 et
1156 2740 1324 2795 Petro
1371 2743 1673 2811 Cestrensi,
1727 2750 1790 2800 ut

183 2829 433 2894 Thomze,
477 2828 625 2882 sicut
682 2829 928 2899 petebat,
977 2835 1350 2896 occurrerent,
1412 2831 1484 2886 ad
1538 2833 1787 2903 praedicti

184 2918 370 2972 clerici
421 2917 920 2982 consecrationem,
963 2918 1033 2972 ad
1080 2917 1229 2972 diem
1259 2935 1425 2989 quem
1455 2919 1576 2991 ipse
1603 2923 1786 2978 nomi-

182 3013 365 3062 naret.

247 3095 338 3153 32.
388 3097 457 3150 In
506 3094 774 3150 suburbio
824 3094 1062 3150 civitatis
1115 3096 1450 3163 Cantuariae,
1516 3104 1603 3154 est
1632 3117 1785 3171 quae-

176 3185 307 3239 dam
357 3184 598 3239 ecclesia
643 3184 835 3239 Sancti
882 3183 1126 3249 Martini,
1179 3185 1238 3239 in
1295 3203 1424 3257 qua,
1468 3193 1532 3242 ut
1579 3189 1774 3257 fertur,

175 3273 373 3344 priscis
423 3270 775 3342 temporibus
820 3271 926 3325 fuit
974 3272 1132 3327 sedes
1163 3271 1270 3340 (43)
1302 3275 1666 3346 episcopalis;
1700 3284 1774 3346 et,

173 3368 236 3416 ut
261 3362 448 3425 aiunt,
479 3360 801 3431 episcopum
831 3359 1044 3426 habuit,
1069 3367 1369 3433 antequam
1401 3364 1472 3417 ad
1503 3365 1630 3420 illas
1653 3383 1779 3438 par-

171 3456 255 3504 tes
293 3448 572 3504 transiret
602 3447 965 3503 Lanfrancus.
1010 3449 1116 3503 Sed
1146 3450 1278 3520 quia
1323 3453 1655 3508 auctoritate
1683 3472 1777 3510 cae

171 3556 385 3594 nonum
415 3539 641 3592 constat
668 3542 1028 3608 praeceptum,
1062 3554 1132 3592 ne
1170 3540 1228 3592 in
1256 3556 1370 3594 una
1407 3542 1637 3598 civitate
1664 3543 1775 3599 duo

170 3629 468 3699 pontiﬁces
507 3627 678 3680 simul
707 3625 1039 3693 habeantur,
1081 3628 1280 3682 statuit
1305 3629 1668 3699 Lanfrancus,
1700 3650 1771 3688 ne

169 3717 407 3771 ulterius
433 3715 541 3786 ipsi
570 3716 692 3768 loco
721 3714 1079 3769 ordinaretur
1107 3716 1420 3789 episcOpus.
1731 3716 1734 3719 ’

236 3804 325 3861 33.
361 3806 427 3859 In
462 3804 706 3874 quadam
735 3803 1052 3869 festivitate,
1083 3805 1152 3859 de
1179 3807 1361 3861 tribus
1391 3809 1628 3878 magnis,
1652 3811 1771 3881 qui-

169 3892 266 3948 bus
296 3911 394 3948 rex
426 3898 731 3947 coronatus
761 3891 976 3946 solebat
999 3899 1190 3948 tenere
1219 3896 1452 3963 curiam,
1487 3898 1577 3952 die
1611 3899 1765 3954 festi-

167 3983 352 4038 vitatis
381 3999 512 4037 cum
539 3998 636 4035 rex
682 3981 1000 4036 diademate
1031 3987 1086 4036 et
1114 3982 1458 4040 indumentis
1485 3988 1767 4058 regalibus

167 4078 398 4127 ornatus
445 4071 673 4126 sederet
717 4069 789 4123 ad
836 4087 1108 4137 mensam,
1142 4077 1198 4126 et
1239 4073 1582 4130 Lanfrancus
1606 4079 1766 4147 juxta

167 4172 320 4226 eum,“
345 4161 582 4233 quidam
625 4173 814 4214 scurra
841 4159 1034 4214 videns
1059 4177 1249 4231 regem
1277 4179 1414 4218 auro
1443 4170 1500 4219 et
1525 4169 1764 4236 gemmis

167 4250 500 4314 radiantem,
531 4247 863 4302 exclamavit
888 4247 947 4302 in
992 4249 1139 4313 aula,
1173 4267 1379 4321 magna
1420 4255 1760 4311 adulationis

1907 517 2033 573 ideo
2062 519 2132 573 ab
2161 519 2361 588 angelo
2389 533 2689 590 percussus
2731 519 2947 574 interiit
2990 520 3125 591 quia
3152 521 3510 579 adulatorum

1909 606 2095 670 verba,
2115 622 2238 677 quae
2261 605 2422 677 quasi
2447 606 2563 661 Deo
2588 605 2694 660 sibi
2710 606 3113 677 acclamabant,
3137 625 3250 666 non
3268 610 3506 682 respuit,

1905 697 2003 750 sed
2031 695 2278 767 suscepit
2297 696 2441 766 (Act.
2473 709 2534 761 ll,
2565 693 2658 762 22,
2691 693 2807 764 23).

1977 785 2063 841 34.
2116 784 2198 853 (⁷³)
2256 782 2559 838 Ecclesiam
2603 783 2921 839 Rotfensem
2975 785 3095 856 ipse
3147 785 3501 856 instauravit,

1903 879 1961 928 et
1986 875 2045 928 in
2075 890 2143 928 ea
2169 873 2492 944 episcopum
2521 873 2804 928 ordinavit
2837 873 2920 941 (Ἠ)
2956 874 3284 931 Beccensem
3313 894 3506 932 mona-

1901 963 2088 1028 chum,
2131 961 2358 1015 nomine
2388 962 2752 1015 Hernostum.
2784 961 2849 1016 In
2878 961 3048 1032 hujus
3085 966 3504 1022 consecratione

1898 1050 2160 1105 inventus
2185 1055 2270 1104 est
2301 1049 2587 1120 Evangelii
2629 1066 2821 1104 versus
2846 1069 2858 1104 :
2894 1053 3010 1107 Uita
3039 1054 3279 1120 proferte
3301 1058 3502 1109 stolam

1891 1143 2144 1209 primam
2163 1139 2314 1208 (Luc.
2341 1155 2430 1204 xv,
2454 1136 2563 1206 22),
2595 1142 2704 1193 etc.
2729 1139 2889 1202 Quod
2919 1156 3048 1195 cum
3078 1141 3328 1196 audisset
3355 1143 3499 1198 Lan-

1895 1227 2145 1296 francus,
2166 1226 2423 1298 praedixit
2447 1243 2578 1281 eum
2603 1227 2712 1281 cito
2752 1228 3114 1294 moriturum,
3137 1234 3196 1284 et
3221 1230 3302 1286 sic
3329 1232 3505 1286 conti-

1892 1317 1993 1387 git.
2027 1317 2284 1388 Namque
2315 1315 2365 1370 ei
2413 1316 2472 1369 in
2515 1315 2840 1387 episcopatu
2877 1317 3132 1372 nondum
3160 1334 3310 1374 anno
3341 1335 3499 1374 com-

1892 1406 2064 1477 pleto,
2097 1406 2182 1475 (⁷⁵)
2215 1405 2509 1460 decedenti
2566 1405 2835 1460 successit
2891 1406 3226 1472 Gundulfus,
3275 1413 3332 1462 et
3374 1408 3496 1479 ipse

1890 1495 2198 1550 monachus
2219 1493 2529 1560 Beccensis,
2552 1494 2636 1547 vir
2659 1495 2774 1548 Deo
2807 1493 3064 1548 amabilis
3085 1500 3143 1549 et
3165 1495 3480 1566 religiosus,

1890 1584 1986 1654 qui
2017 1583 2395 1655 perseveravit
2420 1599 2601 1654 usque
2635 1583 2707 1636 ad
2736 1587 2998 1654 tempora
3026 1584 3207 1638 sancti
3235 1585 3487 1640 Anselmi

1885 1677 1943 1726 et
1983 1673 2130 1743 regis
2174 1671 2420 1726 Henrici.
2467 1669 2768 1724 Abbatiam
2813 1686 3038 1741 quoque
3074 1671 3253 1726 sancti
3280 1672 3484 1733 Albani

1819 1736 2131 1816 Brestituit
2175 1761 2235 1815 in
2273 1759 2572 1831 pristinum
2622 1736 2872 1827 statumi;
2911 1736 3003 1830 (δε)
3035 1760 3096 1814 in
3140 1777 3252 1832 qua
3298 1763 3487 1832 posuit

1883 1849 2144 1904 abbatem
2193 1847 2294 1921 (44)
2355 1849 2594 1902 Paulum
2658 1848 3066 1903 Cadomensem
3121 1851 3478 1920 monachum,

1883 1939 1978 2009 qui
2006 1937 2083 1992 ibi
2130 1937 2385 1992 ordinem
2429 1943 2486 1991 et
2529 1936 2890 1992 ecclesiastici
2928 1937 3094 1994 ofﬁcii
3123 1954 3290 1994 usum
3317 1940 3484 1997 insti-

1878 2027 2006 2094 tuit,
2031 2027 2176 2082 sicut
2199 2043 2428 2082 cernere
2453 2032 2540 2082 est
2566 2043 2746 2097 usque
2774 2027 2961 2082 hodie.

2472 2115 2706 2170 CAPUT
2734 2115 2879 2169 XIV.

1945 2203 2034 2259 35.
2067 2204 2323 2269 Quadam
2351 2203 2441 2258 die
2473 2203 2610 2257 dum
2634 2203 2864 2257 missam
2894 2203 3224 2272 celebraret,
3255 2213 3314 2263 et
3339 2224 3476 2264 ven-

1871 2297 1992 2348 tum
2039 2299 2187 2347 esset
2215 2293 2286 2347 ad
2324 2293 2524 2346 horam
2557 2308 2670 2363 qua
2713 2308 2914 2363 corpus
2955 2292 3186 2348 Domini
3215 2296 3474 2353 manibus

1871 2384 2103 2454 accepit,
2137 2383 2428 2449 diaconus,
2460 2381 2556 2453 qui
2585 2382 2657 2436 ad
2684 2381 2916 2436 missam
2956 2381 3064 2436 sibi
3088 2383 3466 2454 ministrabat,

1871 2489 2134 2543 pervasus
2163 2489 2198 2526 a
2225 2472 2480 2527 daemone
2508 2469 2748 2541 arripuit
2783 2470 3264 2543 archiepiscopum
3289 2476 3474 2529 mani-

1869 2559 1973 2615 bus
2003 2577 2103 2631 per
2130 2561 2387 2631 scapulas
2414 2579 2426 2626 ;
2460 2559 2794 2614 venerabilis
2813 2559 3050 2636 antistes
3079 2561 3138 2614 in
3166 2562 3321 2616 nullo
3351 2569 3469 2619 tur-

1870 2649 2058 2718 batus,
2088 2651 2298 2704 reflexa
2326 2665 2498 2703 manu
2543 2650 2772 2703 dextera
2819 2665 2920 2719 per
2947 2649 3176 2720 capillos
3215 2667 3346 2706 eum
3383 2658 3472 2708 te-

1871 2738 2013 2805 nuit,
2074 2744 2131 2792 et
2176 2743 2309 2792 ante
2363 2738 2533 2808 pedes
2586 2754 2718 2792 suos
2773 2736 3026 2792 adduxit.
3083 2739 3474 2798 Percelebrata

1870 2827 2059 2895 missa,
2093 2828 2151 2882 in
2179 2828 2410 2882 domum
2442 2827 2794 2881 inﬁrmorum
2819 2827 2990 2897 jussit
3016 2827 3175 2883 illum
3218 2831 3466 2900 perduci,

1867 2916 1964 2970 ubi
1994 2933 2095 2988 per
2138 2917 2354 2987 aliquot
2397 2915 2516 2969 dies
2561 2915 2620 2969 in
2661 2916 2856 2970 eadem
2885 2916 3107 2971 insania
3133 2922 3467 2988 permansit.

1868 3006 1994 3060 Non
2025 3010 2216 3059 autem
2244 3005 2485 3059 multum
2532 3005 2694 3058 illum
2723 3005 2958 3059 vexabat
2984 3022 3323 3076 possessum,
3357 3010 3465 3064 nisi

1867 3095 2001 3163 quia
2037 3094 2096 3147 in
2134 3093 2383 3148 amentia
2422 3092 2687 3160 tenebat;
2730 3092 2948 3148 ridebat
2985 3110 3116 3148 vero
3156 3102 3461 3166 praesentes

1865 3199 1992 3236 cum
2019 3182 2308 3250 cachinno,
2349 3181 2696 3253 respondens
2725 3182 2798 3236 ad
2828 3199 2895 3236 ea
2936 3199 3060 3254 quae
3105 3184 3457 3243 dicebantur.

1860 3271 2139 3326 Videbant
2167 3276 2358 3326 autem
2386 3271 2688 3342 quemdam
2734 3276 3016 3326 tumorem
3064 3290 3165 3344 per
3205 3275 3461 3332 membra

1859 3360 2228 3415 dissilientem
2258 3379 2270 3426 ;
2303 3364 2362 3414 et
2387 3360 2435 3414 si
2466 3359 2588 3430 quis
2631 3359 2897 3414 voluisset
2916 3377 3150 3430 manum,
3174 3363 3458 3434 superim-

1858 3466 2086 3519 ponere,
2120 3449 2312 3503 statim
2351 3448 2410 3501 in
2441 3448 2614 3502 alium
2646 3449 2832 3502 locum
2861 3449 3176 3506 exhibebat.
3210 3453 3460 3524 Contigit

1857 3544 2048 3593 autem
2059 3536 2434 3592 venerabilem
2449 3537 2779 3608 praedictum
2795 3537 3141 3594 Gundulfum
3157 3543 3455 3612 praesulem

1857 3628 2200 3682 Roﬂ‘ensium
2223 3627 2439 3692 adesse,
2464 3626 2560 3696 qui
2590 3643 2719 3681 cum
2742 3627 3008 3682 voluisset
3025 3645 3258 3684 manum
3284 3648 3456 3703 super

1850 3722 2130 3770 tumorem
2178 3715 2335 3769 illum
2367 3715 2678 3785 imponere,
2714 3715 2924 3770 desiliit
2967 3718 3256 3786 aliorsum,
3288 3725 3346 3775 et
3373 3721 3455 3776 ait

1851 3806 2141 3876 episcopus
2174 3823 2184 3859 :
2221 3805 2436 3858 Revera
2464 3804 2596 3859 salit
2624 3804 2769 3859 sicut
2795 3810 2972 3861 catus.
3008 3807 3317 3878 Respondit
3345 3811 3454 3866 dae-

1850 3911 1978 3948 mon
2005 3913 2016 3946 :
2050 3895 2176 3948 Non
2205 3899 2270 3948 ut
2295 3897 2471 3960 catus,
2505 3893 2604 3947 sed
2630 3897 2694 3948 ut
2713 3895 2956 3952 catulus.
2992 3895 3225 3950 Dicebat
3253 3903 3447 3953 autem

1849 3985 1917 4037 de
1946 3982 2282 4054 quibusdam
2311 3981 2568 4052 ejusdem
2610 3982 2718 4035 loci
2745 3981 3012 4037 fratribus
3051 3983 3308 4052 quaedam
3344 4002 3446 4041 ne-

1847 4073 2034 4126 fanda.
2085 4073 2240 4126 Tunc
2287 4070 2720 4124 nominaverunt
2775 4071 3096 4141 quemdam,
3144 4071 3440 4130 dicentes:

1848 4161 2123 4226 Quoniam
2154 4159 2222 4213 de
2250 4159 2346 4213 illo
2393 4175 2507 4212 non
2551 4158 2783 4212 haberet
2827 4159 2962 4229 quid
2990 4160 3217 4216 diceret.
3253 4167 3328 4218 At
3350 4164 3445 4220 ille

1846 4251 2014 4322 coepit
2044 4251 2327 4304 afﬁrmare
2357 4247 2490 4317 quia
2541 4263 2830 4317 nunquam
2860 4248 2955 4302 ille
2985 4266 3150 4319 quem
3188 4251 3446 4309 dixerant

1843 4339 2066 4394 auderit
2089 4339 2147 4392 in
2177 4335 2532 4407 praesentiam
2564 4343 2602 4402 Ι
2618 4345 2682 4404 5
2707 4354 2870 4392 suam
2894 4337 3102 4393 venire.
3133 4341 3294 4403 Quod
3313 4358 3441 4400 cum

165 4354 305 4404 voce,
334 4343 395 4393 et
423 4337 604 4392 dixit:
645 4337 782 4390 Ecce
812 4337 988 4391 Deum
1017 4338 1193 4405 video,
1221 4357 1345 4395 ecce
1375 4342 1553 4398 Deum
1578 4345 1754 4400 video.

165 4427 506 4482 Lanfrancus
533 4441 836 4480 conversus
869 4426 939 4480 ad
982 4443 1192 4497 regem,
1235 4430 1315 4484 ait
1347 4449 1357 4484 :
1409 4433 1594 4488 Nolite
1622 4436 1758 4489 talia
1778 4424 1822 4437 ”
1841 4431 2016 4484 frater
2043 4427 2308 4489 audisset,
2354 4424 2548 4480 timuit
2591 4443 2662 4481 ne
2689 4427 2833 4481 forte
2861 4427 3074 4498 aliquid
3103 4428 3207 4483 sibi
3237 4447 3437 4502 perpe-

162 4517 272 4586 pati
299 4515 522 4588 imponi
551 4513 738 4580 vobis;
773 4530 883 4568 non
911 4521 1045 4569 sunt
1070 4517 1186 4572 haec
1213 4518 1472 4585 hominis,
1503 4523 1600 4576 sed
1632 4524 1752 4586 Dei;
1839 4536 1959 4572 ram
2002 4523 2224 4589 gestum
2265 4515 2693 4586 improperaret.
2725 4517 2881 4570 Tunc
2922 4517 3205 4587 sapientes
3233 4518 3438 4575 fratres

156 4605 341 4674 jubete
364 4605 528 4660 illum
551 4603 759 4657 acriter
776 4603 1078 4671 verberari,
1098 4622 1168 4660 ne
1187 4607 1391 4663 audeat
1406 4626 1655 4680 unquam
1675 4618 1757 4668 ta-
1837 4609 2115 4663 dederunt
2134 4607 2448 4676 consilium,
2473 4613 2554 4673 ut,
2579 4622 2707 4661 cum
2734 4605 3154 4677 archiepiscopo
3176 4608 3434 4680 loquens,

160 4691 229 4748 lia
253 4694 484 4748 iterare.
503 4691 668 4756 Quod
688 4706 786 4744 rex
810 4692 969 4762 juxta
989 4691 1216 4748 verbum
1246 4695 1396 4750 illius
1416 4698 1749 4769 ﬁerijussit.
1835 4713 2036 4768 puram
2090 4696 2495 4751 confessionem
2550 4694 2778 4760 faceret,
2825 4693 3080 4748 revelans
3124 4694 3207 4750 illi
3253 4701 3434 4753 totam

1832 4832 2037 4893 habet:
2066 4840 2302 4894 Habebat
2331 4839 2610 4908 quondam
2634 4837 3054 4892 Cantuariensis
3073 4838 3430 4908 archiepisco-

223 4836 327 4906 (40)
361 4837 576 4891 Eorum
606 4832 837 4888 nomina
863 4839 1226 4890 recensentur
1248 4836 1304 4890 in
1335 4839 1577 4895 editione
1605 4843 1749 4897 Lab-
1832 4832 2037 4893 habet:
2066 4840 2302 4894 Habebat
2331 4839 2610 4908 quondam
2634 4837 3054 4892 Cantuariensis
3073 4838 3430 4964 archiepisco-

223 4924 326 4963 ana
353 4908 454 4962 ubi
500 4906 613 4962 tria
655 4905 824 4964 hujus
873 4905 1090 4958 concilii
1135 4910 1493 4964 exemplaria.
1524 4913 1668 4964 sicut
1697 4921 1753 4964 et
1833 4928 1932 4964 vus
1963 4913 2362 4964 corem'sconum
2401 4911 2712 4964 quemdam.
2753 4911 2852 4964 aui
2880 4911 2944 4962 in
2973 4909 3196 4963 ecclesia
3278 4915 3433 4964 ancti

3278 4926 3430 4965 anon

156 4904 326 4963 beana
353 4908 454 4962 ubi
500 4906 613 4962 tria
655 4905 824 4980 hujus
865 4905 1090 4980 _concilii
1135 4910 1493 4980 exemplaria,
1524 4913 1668 4968 sicut
1697 4921 1753 4969 et
1829 4928 1932 4980 pus
1963 4904 2362 4979 corepiscolnuﬁ
2401 4911 2712 4978 quemdam,
2753 4911 2852 4976 qui
2880 4911 2944 4962 in
2973 4909 3196 4963 ecclesia

155 4980 292 5049 apud
320 4974 757 5049 Spelmannum‘,
790 4974 1084 5049 habentur;
1177 5048 1180 5049 ν
1296 4974 1315 4980 ’
1483 4974 1490 4979 ’
1829 4974 2242 5035 Μανίίηίέωἰνά
2273 4974 2642 5035 Cant—auriam
2671 4974 2957 5043 manebat;
2991 4983 3090 5048 qui
3112 4983 3430 5036 adveniente

219 5051 321 5118 (41)
355 5046 456 5106 Est
485 5051 638 5104 inter
665 5046 963 5102 Lanfranci
992 5047 1255 5116 epistolas
1283 5051 1544 5108 editionis
1573 5057 1746 5111 Ache-

155 5119 214 5174 rii
250 5122 302 5178 ll
330 5141 342 5190 ;
378 5139 448 5176 ea
461 5126 673 5198 autem
695 5135 876 5198 quam
905 5118 1250 5174 Lanl'rancus
1279 5123 1349 5176 ad
1379 5125 1604 5180 eosdem
1634 5128 1747 5198 epi-

154 5207 334 5264 scopos
364 5192 597 5264 scripsit
622 5196 720 5264 est
736 5191 822 5245 12.

219 5260 316 5331 (42)
367 5260 655 5320 Orcadum
707 5260 902 5315 insulae
957 5265 1090 5315 sunt
1135 5279 1370 5319 numero
1417 5266 1638 5322 circiter
1675 5268 1743 5324 30

151 5348 309 5406 prope
339 5336 614 5400 Scotiam,
651 5349 894 5404 quarum
915 5333 1218 5407 praecipua
1246 5343 1330 5390 est
1359 5337 1648 5407 Pomonia,
1683 5341 1742 5394 in

153 5403 261 5479 qua
277 5408 436 5479 sedes
459 5413 548 5461 est
574 5403 782 5479 harum
812 5403 1104 5472 regionum
1136 5406 1398 5479 episcopi.

216 5476 318 5546 (43)
364 5479 450 5533 Ibi
497 5477 925 5547 corepiscopum
980 5476 1372 5533 tantummodo
1410 5479 1618 5534 sedisse
1662 5481 1744 5534 af-

153 5546 325 5603 ﬁrmat
371 5545 1177 5622 Gervasius_Dorobernensis
1228 5549 1286 5603 in
1325 5551 1476 5604 Actis
1525 5553 1746 5622 pontiﬁ~

151 5633 264 5674 cum
310 5617 842 5684 Cantuariensium,
897 5634 1018 5698 cap.
1050 5618 1120 5674 de
1149 5621 1206 5674 S.
1260 5621 1468 5692 Elfego,
1503 5617 1600 5679 ubi
1630 5625 1746 5680 haec

1828 5055 2142 5119 Lari/rauco
2163 5054 2366 5106 deletus
2395 5056 2491 5120 est,
2512 5055 2653 5105 sicut
2674 5052 2878 5118 ubique
2907 5057 3191 5104 terrarum
3215 5053 3427 5119 factum

1828 5141 1932 5178 esse
1960 5125 2305 5179 audivimus.
2353 5122 2474 5186 Quo
2505 5139 2570 5176 ex
2613 5121 2732 5175 loco
2763 5121 3024 5176 videntur
3047 5122 3425 5193 chorepiscopi

1827 5211 2004 5264 usque
2024 5193 2094 5246 ad
2119 5193 2476 5247 undecimum
2497 5193 2760 5248 saeculum
2787 5209 3191 5264 perseverasse.

1897 5262 2012 5335 (Μ)
2051 5265 2357 5318 Eadmerus
2396 5265 2492 5318 lib.
2540 5280 2560 5318 Ι
2608 5262 2866 5318 Historiae
2913 5266 3198 5335 Novorum
3246 5262 3424 5318 fusius

1825 5334 1996 5390 refert
2024 5337 2350 5390 monasterii
2400 5337 2455 5390 S.
2490 5335 2692 5389 Albani
2730 5334 3215 5398 restaurationem,
3250 5350 3422 5404 quam

1827 5408 2186 5474 Lanfrancus,
2219 5408 2521 5462 constituto
2559 5406 2636 5460 ibi
2679 5407 2852 5460 Paulo
2892 5404 3111 5469 abbate,
3159 5421 3424 5461 consum-

1828 5480 2020 5532 mavit.
2055 5480 2330 5534 Cmterum
2369 5479 2439 5533 ad
2490 5479 2638 5532 hunc
2666 5477 2900 5531 Paulum
2948 5474 3171 5546 scripsit
3207 5477 3264 5532 S.
3304 5480 3424 5533 An-

1827 5551 2054 5616 selmus,
2078 5555 2141 5603 ut
2169 5550 2273 5622 ipsi
2305 5551 2373 5604 de
2412 5548 2837 5622 ejuselectiqne
2863 5546 3267 5622 gratularetur,
3301 5567 3424 5622 qum

1827 5623 2067 5694 epistola
2096 5616 2268 5676 est—in
2294 5616 2455 5681 nova'
2468 5619 2713 5676 editione
2745 5616 2831 5685 78,
2863 5617 2960 5674 lib.
2989 5634 3026 5675 ι.
