3952 6416
434 323 503 382 55

992 325 1088 379 AD
1127 324 1357 380 VITAM
1393 326 1455 382 B.
1498 327 1913 385 LANFRANCI
1954 319 2532 384 CANTUARIENSIS
2570 317 3146 376 ARCHIEPISCOPI.

3631 321 3702 376 5'6

429 439 602 505 Vitam
631 439 792 504 suam
821 467 832 516 ;
868 452 927 504 et
951 448 1032 502 sic
1060 449 1395 504 ﬂducialiter
1419 450 1546 506 eum
1570 452 1938 521 absolutione,
1973 449 2088 513 etA
2109 451 2327 515 merito,
2363 465 2493 504 nam
2542 447 2602 502 in
2647 445 3062 501 consecratione
3113 445 3237 515 ejus
3281 447 3567 517 rep-artum
3616 451 3704 502 est

431 535 818 593 benedictione
844 537 985 606 ejus,
1012 536 1122 590 iret
1144 537 1215 590 ad
1245 537 1668 595 daamoniacum.
1695 543 1812 596 Nec
1845 555 2026 611 mora,

432 623 565 680 fecit
613 625 761 696 quod
817 624 922 678 sibi
979 624 1393 692 Consulebatur,
1454 633 1511 682 et
1559 645 1686 683 mox
1739 630 2027 700 ingressus

434 713 592 768 stetit
616 719 746 768 ante
779 730 929 768 eum.
961 713 1118 767 Tunc
1148 714 1244 784 qui
1273 715 1508 769 aderant
1537 717 1797 772 dicebant
1819 719 2028 773 daemo-

433 803 593 859 niaco
625 822 638 856 :
675 801 812 857 Ecce
858 803 1019 856 adest
1045 803 1135 857 cui
1165 803 1537 870 minitabaris,
1585 806 1672 859 dic
1701 807 1750 860 si
1781 807 1914 877 quid
1960 806 2029 859 de

434 905 499 946 eo
529 891 694 946 nosti.
735 891 806 946 At
831 891 926 945 ille
955 890 1012 944 in
1042 908 1170 946 eum
1199 896 1357 947 torvo
1385 898 1706 964 respectans
1735 895 1915 960 oculo,
1949 895 2029 949 ait

432 981 777 1036 cachinnans
811 996 824 1034 :
858 980 967 1034 Pro
1004 980 1152 1033 malo
1199 981 1445 1048 homine,
1476 984 1753 1053 quomodo
1783 1000 1842 1037 es
1879 999 2028 1038 nunc

430 1068 724 1124 rebullitus
771 1073 828 1124 et
872 1068 1234 1123 candidatus?
1279 1071 1415 1134 Quis
1452 1075 1508 1125 te
1550 1072 1630 1126 sic
1657 1071 1941 1126 rebullivit
1970 1077 2028 1126 et

431 1157 752 1214 dealbavit?
795 1157 864 1211 Et
910 1173 1036 1211 cum
1092 1156 1162 1211 ab
1203 1157 1328 1213 aliis
1367 1164 1684 1229 urgeretur,
1719 1164 1783 1213 ut
1817 1160 2028 1215 diceret

431 1247 582 1318 quod
629 1251 796 1300 antea
845 1262 905 1299 se
943 1246 1226 1301 dicturum
1281 1247 1668 1315 minitabatur,
1709 1248 1847 1302 nihil
1898 1250 2026 1319 plus

429 1335 586 1391 dixit.
621 1335 780 1390 Unde
808 1335 977 1389 datur
1020 1335 1258 1404 intelligi
1301 1337 1434 1407 quia
1461 1336 1636 1391 virtus
1666 1337 2026 1392 confessionis

429 1433 488 1479 et
515 1423 886 1478 absolutionis
919 1424 1105 1476 aufert
1135 1423 1356 1477 diabolo
1393 1429 1495 1478 aut
1538 1419 1866 1480 memoriam
1897 1443 2026 1497 pec-

428 1513 558 1578 cati,
603 1512 672 1565 de
719 1528 830 1582 quo
863 1527 1006 1581 pura
1033 1511 1304 1565 confessio
1331 1512 1478 1567 facta
1513 1514 1703 1582 fuerit,
1738 1519 1835 1568 aut
1876 1521 2026 1569 certe

426 1605 764 1673 potestatem
795 1599 1082 1653 hominem
1112 1601 1428 1655 accusandi.
1466 1602 1626 1657 Unde
1671 1603 1869 1657 beatus
1906 1605 2026 1657 Au-

425 1689 686 1760 gustinus
712 1705 724 1741 :
762 1687 840 1754 Si,
872 1687 1074 1759 inquit,
1108 1688 1281 1743 fueris
1308 1689 1392 1744 tui
1421 1689 1597 1761 ipsius
1626 1697 1934 1758 accusator,
1971 1697 2026 1746 et

2111 539 2199 610 (33)
2256 554 2424 609 super
2468 541 2636 608 caput
2685 537 2806 606 ejus
2861 534 3243 604 evangelicum
3286 535 3497 588 dictum
3527 554 3539 589 :
3568 538 3704 591 Data

2110 631 2526 693 eleemosynam,
2585 630 2634 678 et
2688 640 2799 678 ecce
2852 627 3041 677 omnia
3093 625 3305 677 munda
3369 629 3502 677 sunt
3557 627 3704 679 vobis

2109 717 2258 786 (Luc.
2287 727 2362 782 xI,
2394 715 2506 784 41),
2549 714 2696 784 quod
2724 713 2843 783 ipse
2873 717 2995 766 tota
3030 711 3324 766 devotione
3359 714 3544 767 facere
3581 719 3705 768 stu-

2111 806 2252 859 duit.
2291 805 2370 871 (3‘)
2403 802 2847 872 Consanguineis
2877 801 3279 855 monachorum
3305 819 3536 856 suorum
3555 803 3705 857 indi-

2107 893 2387 964 gentibus,
2412 908 2579 963 quam
2602 890 2860 960 benigne,
2885 906 3054 960 quam
3076 889 3420 944 sufﬁcienter
3437 891 3715 947 beneﬁcia

2108 981 2486 1053 impendebat.
2521 981 2668 1034 Vere
2705 983 2926 1050 poterat
2967 977 3151 1032 dicere
3185 996 3197 1032 :
3237 980 3316 1033 Ab
3344 981 3714 1034 adolescentia

2108 1075 2274 1125 crevit
2297 1087 2511 1124 mecum
2543 1071 2824 1123 miseratio
2852 1068 2992 1137 (Job.
3017 1081 3165 1132 XXXI,
3200 1066 3310 1134 18).

2179 1158 2264 1215 37.
2297 1160 2523 1213 Interea
2549 1156 2782 1227 contigit
2809 1161 3064 1210 sanctum
3117 1155 3378 1210 abbatem
3410 1157 3569 1211 Becci
3593 1159 3711 1212 An-

2106 1249 2365 1314 selmum,
2397 1247 2494 1317 qui
2516 1246 2678 1300 beato
2700 1245 2969 1299 Herluino
2989 1251 3350 1312 successerat,
3378 1246 3622 1300 transire
3647 1247 3712 1300 in

2109 1337 2388 1407 Angliam,
2411 1341 2534 1390 tum
2555 1351 2656 1406 pro
2675 1333 3013 1388 utilitatibus
3042 1334 3298 1388 Ecclesia:
3323 1351 3456 1400 suae,
3491 1340 3611 1389 tum
3642 1340 3713 1389 ut

2109 1441 2236 1480 cum
2264 1424 2678 1494 archiepiscopo
2708 1423 3050 1494 loqueretur,
3089 1423 3176 1491 (⁸⁵)
3203 1425 3362 1492 cujus
3394 1423 3712 1494 alloquium

2110 1521 2166 1568 et
2207 1514 2498 1568 consilium
2553 1511 2793 1566 multum
2845 1510 3088 1564 amabat.
3137 1510 3212 1565 Et
3257 1512 3584 1582 perveniens
3631 1512 3709 1566 ad

2106 1602 2285 1665 illum,
2309 1619 2434 1656 cum
2458 1617 2662 1671 magno
2683 1616 2874 1653 amore
2890 1605 2946 1653 et
2964 1599 3150 1653 debito
3175 1600 3387 1654 honore
3407 1606 3706 1672 susceptus

2108 1697 2211 1746 est.
2248 1691 2336 1760 (⁸⁸)
2375 1691 2628 1760 Cumque
2660 1689 2828 1743 simul
2857 1689 3242 1758 loquerentur,
3277 1695 3330 1742 et
3369 1689 3438 1742 ad
3464 1689 3706 1743 invicem

425 1776 699 1833 Dominus
729 1777 1016 1844 liberator,
1047 1777 1181 1849 quid
1212 1777 1320 1832 erit
1348 1779 1461 1845 ille,
1485 1779 1593 1833 nisi
1621 1779 2023 1834 calumniator?
2041 1765 2084 1824 Β
2108 1780 2176 1834 de
2219 1779 2451 1833 diversis
2493 1779 2655 1849 plura
2697 1777 3032 1842 conferrent,
3079 1777 3358 1831 intimavit
3390 1777 3576 1832 abbati
3605 1794 3709 1832 an-

425 1867 562 1922 Post
582 1867 796 1936 aliquot
823 1866 962 1928 dies,
987 1865 1102 1920 Deo
1131 1866 1452 1934 miserante,
1480 1873 1538 1922 et
1561 1883 1767 1939 magno
1788 1870 2025 1939 praesule

425 1953 738 2011 Lanfranco
781 1971 909 2009 cum
957 1955 1198 2010 fratrum
1236 1961 1440 2011 sanctae
1484 1957 1632 2011 sedis
1681 1957 2026 2012 orationibus

425 2045 746 2114 adjuvante,
796 2043 1065 2098 liberatus
1104 2049 1190 2099 est
1234 2044 1304 2098 ab
1347 2045 1445 2098 illa
1474 2051 1651 2117 peste,
1693 2052 1748 2100 et
1776 2047 2026 2118 pristina:

424 2133 720 2188 restitutus
747 2137 834 2186 est
879 2132 1136 2190 sanitati.
1187 2133 1321 2198 Hoc,
1355 2133 1521 2188 beato
1546 2135 1808 2189 Anselmo
1841 2137 2024 2190 archi-

423 2217 662 2293 praésule
692 2221 992 2289 referente,
1017 2237 1145 2277 cum
1171 2221 1297 2276 aliis
1324 2222 1581 2292 pluribus
1609 2223 1816 2278 audivi.

1031 2310 1270 2365 CAPUT
1306 2311 1425 2365 XV.

497 2397 584 2456 36.
610 2397 697 2469 (⁷⁷)
729 2400 965 2463 Quando
1009 2399 1288 2470 gloriosus
1334 2415 1431 2455 rex
1472 2401 1806 2457 Vuillelmus
1833 2419 2020 2458 mora-

423 2489 592 2543 batur
619 2487 677 2542 in
719 2488 1088 2553 Normannia,
1135 2488 1479 2544 Lanfrancus
1522 2495 1645 2544 erat
1671 2492 1931 2562 princeps
1962 2499 2020 2547 et

423 2581 612 2632 custos
639 2576 874 2646 Anglize,
907 2575 1170 2646 subjectis
1219 2577 1323 2632 sibi
1363 2579 1622 2634 omnibus
1653 2581 2016 2652 principibus,

427 2671 485 2720 et
507 2665 837 2736 juvan‘tibus
861 2665 920 2719 in
949 2665 1037 2719 his
1066 2682 1188 2737 quae
1217 2667 1288 2721 ad
1316 2667 1713 2734 defensionem,
1747 2675 1804 2723 et
1834 2669 2021 2741 dispo-

422 2754 704 2819 sitionem,
738 2754 825 2807 vel
867 2769 1060 2824 pacem
1107 2755 1467 2824 pertinebant
1505 2757 1680 2827 regni,
1716 2759 2020 2813 Secundum

421 2843 574 2913 leges
623 2841 841 2913 patriae.
887 2842 972 2911 (73)
1023 2843 1273 2898 Lectioni
1313 2849 1436 2899 erat
1467 2845 1745 2903 assiduus,
1793 2853 1849 2900 et
1895 2853 2025 2902 ante

2105 1868 2266 1922 tistes
2308 1866 2726 1922 Cantuariensis
2759 1865 2919 1936 quasi
2965 1867 3375 1936 conquerenda,
3410 1867 3558 1936 quod
3597 1867 3708 1921 ho-

2109 1955 2288 2010 mines
2314 1955 2464 2009 illius
2491 1955 2685 2026 patriae
2710 1954 2959 2008 colerent
2988 1954 3260 2024 quosdam
3288 1960 3528 2020 sanctos,
3563 1971 3711 2024 quos

2107 2044 2202 2099 ille
2242 2061 2356 2098 non
2402 2045 2705 2109 affectarat,
2740 2048 2797 2097 et
2848 2043 3110 2108 maxime,
3153 2043 3250 2110 ait,
3287 2043 3370 2111 (⁸⁷)
3403 2043 3710 2113 quemdam

2107 2133 2360 2203 Elfegum
2389 2129 2499 2199 (46)
2529 2133 2700 2202 hujus
2722 2132 2871 2186 sedis
2897 2131 3370 2202 archiprwsulem,
3397 2148 3564 2202 quem
3592 2148 3712 2186 non

2105 2221 2285 2275 solum
2327 2221 2476 2274 inter
2519 2225 2759 2282 sanctos,
2795 2220 2888 2273 sed
2925 2225 2981 2273 et
3025 2220 3176 2274 inter
3200 2223 3480 2289 martyres
3503 2235 3711 2273 nume-

2104 2325 2235 2364 rare
2273 2310 2639 2374 contendunt,
2690 2325 2818 2362 cum
2868 2313 3086 2362 constet
3121 2309 3280 2362 illum
3307 2325 3421 2362 non
3463 2325 3564 2379 pro
3594 2307 3713 2362 ﬁde

2105 2399 2332 2466 Christi,
2369 2399 2466 2452 sed
2497 2397 2629 2469 quia
2653 2397 2722 2450 ab
2753 2397 3014 2465 inimicis,
3039 2415 3073 2452 a
3098 2397 3300 2468 quibus
3324 2403 3520 2468 captus
3544 2402 3713 2451 tene—

2099 2486 2281 2550 batur,
2315 2503 2374 2541 se
2424 2488 2700 2541 redimere
2747 2488 3012 2553 noluerit,
3063 2487 3464 2558 interemptum
3505 2487 3708 2541 fuisse.

2101 2577 2187 2630 Ad
2216 2576 2333 2631 haec
2363 2577 2659 2632 Anselmus
2708 2578 2874 2648 hujus
2924 2575 3109 2630 reddit
3145 2576 3438 2630 rationem.
3473 2577 3713 2630 Certum

2105 2670 2208 2731 est,
2238 2665 2440 2736 inquit,
2474 2666 2605 2736 quia
2646 2666 2696 2720 is
2732 2666 2847 2736 qui,
2882 2682 2952 2719 ne
2982 2664 3180 2718 leviter
3208 2665 3486 2735 peccando
3525 2666 3712 2720 Deum

2107 2754 2370 2821 offendat,
2403 2754 2547 2808 mori
2577 2771 2690 2808 non
2723 2754 2961 2820 dubitat,
2995 2754 3172 2808 multo
3204 2754 3388 2824 magis
3417 2754 3560 2808 mori
3590 2771 3713 2810 non

2107 2842 2391 2897 dubitaret
2435 2844 2762 2914 priusquam
2821 2844 3008 2914 aliquo
3050 2844 3206 2913 gravi
3246 2848 3470 2914 peccato
3525 2845 3716 2900 Deum

425 2931 826 3003 episcopatum,
871 2936 927 2986 et
971 2931 1030 2985 in
1081 2932 1424 3004 episcopatu,
1459 2940 1732 3004 quantum
1781 2941 2020 3007 poterat.
2108 2932 2482 2987 exacerbaret.
2509 2933 2577 2986 Et
2601 2949 2794 2986 revera
2823 2933 3049 3002 gravius
3078 2938 3164 2987 est
3190 2933 3478 2987 Christum
3498 2943 3714 3004 negare

424 3020 494 3074 Et
523 3020 655 3090 quia
686 3019 990 3092 Scripthrae
1037 3021 1374 3092 scriptorhm
1419 3023 1548 3078 vitio
1579 3028 1741 3078 erant
1785 3027 2022 3080 nimium
2108 3039 2276 3092 quam
2310 3022 2554 3092 aliquem
2593 3039 2693 3092 pro
2723 3039 2825 3076 sua
2856 3022 3259 3093 redemptione,
3299 3022 3554 3076 homines
3573 3040 3713 3079 suos

424 3115 718 3180 corruptae,
762 3117 956 3164 omnes
1000 3114 1121 3164 tam
1163 3111 1384 3166 Veteris
1428 3129 1598 3184 quam
1647 3114 1788 3168 Novi
1827 3110 2386 3181 Testa-Cablatione
2416 3111 2666 3181 ipsorum
2709 3111 2958 3181 pecuniae
3001 3110 3073 3164 ad
3118 3111 3396 3164 modicum
3424 3127 3706 3182 gravare;

423 3197 601 3252 menti
628 3197 820 3264 libros,
844 3215 949 3253 nec
979 3215 1092 3253 non
1114 3199 1285 3253 etiam
1321 3202 1530 3272 scripta
1561 3207 1884 3257 sanctorum
1915 3206 2023 3259 Pa-

423 3293 598 3353 trum,
628 3287 712 3355 l")
735 3287 1042 3341 secundum
1071 3289 1439 3342 orthodoxam
1460 3290 1629 3344 ﬁdem
1659 3292 1876 3345 studuit
1900 3309 2021 3346 cor-

425 3375 609 3446 rigere
649 3373 780 3442 (15).
825 3375 894 3428 Et
935 3374 1104 3428 etiam
1152 3377 1330 3430 multa
1373 3377 1442 3430 de
1469 3377 1555 3432 his
1585 3378 1786 3448 quibus
1811 3380 2026 3434 utimur

425 3467 590 3519 nocte
618 3467 676 3517 et
703 3463 792 3517 die
823 3463 883 3517 in
913 3463 1140 3517 servitio
1178 3465 1434 3520 Ecclesiae
1463 3465 1533 3519 ad
1557 3483 1804 3537 unguem
1839 3483 2025 3522 emen-

426 3552 597 3618 davit,
632 3555 690 3606 et
725 3553 836 3606 hoc
875 3569 988 3606 non
1036 3556 1259 3607 tantum
1310 3571 1412 3625 per
1437 3571 1517 3622 se,
1564 3555 1660 3609 sed
1711 3557 1879 3610 etiam
1930 3575 2031 3629 per

427 3639 729 3712 discipulos
759 3651 890 3694 suos
918 3640 1066 3694 fecit.
1100 3641 1222 3704 Qua
1252 3642 1321 3695 de
1349 3658 1536 3705 causa,
1571 3647 1636 3698 ut
1657 3643 1715 3697 in
1752 3644 2027 3716 principio

421 3731 540 3802 jam
571 3729 781 3784 dictum
811 3734 915 3797 est,
943 3725 1027 3801 (⁸ο)
1060 3730 1262 3784 merito
1285 3730 1453 3785 illum
1471 3731 1750 3787 Latinitas
1779 3751 1904 3788 cum
1935 3735 2029 3788 ho-

427 3835 565 3874 nore
595 3823 652 3872 et
699 3833 891 3872 amore
918 3823 1220 3872 veneratur
1262 3818 1616 3889 magistrum.
1659 3821 1842 3891 Hujus
1871 3839 2026 3875 com-

430 3906 808 3962 mendationis
837 3905 1092 3960 claritate
1121 3907 1302 3961 omnis
1349 3907 1564 3962 occidui
1599 3909 1749 3963 orbis
1782 3911 2027 3965 Ecclesia

428 4001 547 4051 tam
564 3996 854 4050 Gallicana
876 4010 1044 4064 quam
1069 3995 1306 4066 Anglica
1317 3997 1529 4066 gaudet
1549 4013 1607 4051 se
1627 3997 2022 4054 illuminatam.

429 4087 518 4141 Ita
544 4085 654 4138 ﬁxit
682 4083 928 4139 liberalis
954 4089 1016 4137 ut
1041 4084 1322 4139 diceretur
1339 4086 1426 4155 (3')
1442 4087 1659 4140 nullum
1674 4093 1788 4141 tam
1808 4089 2026 4160 largum

430 4171 501 4226 de
541 4171 709 4226 Italia
757 4170 1187 4242 Longobardum
1235 4189 1524 4243 egressum
1567 4175 1756 4230 fuisse.
1803 4178 1935 4230 Erat
1963 4195 2030 4231 ea

429 4264 767 4332 tempestate
815 4261 1195 4316 transmarina
1231 4263 1385 4332 regio
1427 4264 1595 4334 plena
1639 4269 1695 4317 et
1741 4263 2029 4322 abundans

433 4349 693 4405 omnibus
738 4349 901 4403 bonis
941 4367 1064 4422 quae
1094 4350 1244 4404 Deus
1281 4352 1352 4405 ad
1391 4352 1694 4407 utilitatem
1735 4354 2028 4410 hominum

2105 3200 2202 3254 sed
2253 3201 2402 3270 quod
2450 3199 2635 3254 minus
2667 3204 2754 3254 est
2798 3199 3023 3270 Elfegus
3068 3199 3251 3253 facere
3297 3199 3494 3255 noluit.
3533 3200 3714 3255 Multo

2106 3287 2280 3358 igitur
2304 3289 2488 3342 minus
2509 3289 2795 3342 Christum
2816 3293 3070 3357 negaret,
3097 3288 3144 3341 si
3167 3305 3374 3343 vesana
3391 3287 3546 3358 plebs
3574 3305 3715 3344 eum

2107 3377 2178 3430 ad
2221 3378 2324 3431 hoc
2379 3382 2619 3431 mortem
2674 3377 3006 3431 intentando
3063 3377 3492 3448 constringeret.
3550 3378 3718 3434 Unde

2108 3466 2275 3520 datur
2303 3466 2543 3535 intelligi
2574 3472 2784 3537 quanta
2816 3466 2894 3520 vis
2921 3466 3155 3537 justitia
3196 3473 3390 3538 pectus
3430 3468 3551 3538 ejus
3576 3483 3716 3538 pos-

2110 3555 2335 3622 sederit,
2363 3557 2588 3626 quando
2611 3556 2779 3609 vitam
2815 3561 2932 3621 I3
2951 3572 3110 3610 suam
3135 3557 3336 3610 maluit
3361 3557 3495 3611 dare
3513 3573 3713 3628 quam,

2110 3649 2300 3715 spreta
2328 3643 2621 3710 charitate,
2656 3644 2938 3714 proximos
2984 3661 3114 3699 suos
3164 3645 3558 3700 scandalizare.
3593 3647 3718 3702 Nec

2108 3733 2410 3797 immerito,
2445 3739 2509 3788 ut
2537 3749 2680 3799 reor,
2715 3732 2863 3788 inter
2892 3739 3170 3806 martyres
3199 3740 3576 3805 computatur,
3611 3737 3717 3806 qui

2108 3839 2209 3894 pro
2233 3823 2458 3893 justitia
2500 3827 2739 3876 mortem
2768 3827 2968 3893 sponte
2998 3823 3307 3895 suscepisse
3349 3825 3712 3895 praedicatur.

2107 3913 2250 3966 Nam
2299 3917 2356 3965 et
2402 3910 2600 3965 beatus
2645 3912 2890 3966 Joannes
2939 3912 3211 3983 Baptista,
3255 3929 3422 3984 quem
3459 3917 3581 3968 tota
3607 3915 3718 3970 Dei

2110 4000 2353 4055 Ecclesia
2381 4001 2725 4071 praecipuum
2759 4005 3064 4072 martyrem
3097 4003 3276 4056 credit
3300 4007 3360 4056 et
3385 4008 3712 4072 veneratur,

2109 4106 2218 4144 non
2245 4090 2380 4160 quia
2400 4090 2685 4144 Christum
2717 4107 2944 4160 negare,
2970 4091 3065 4144 sed
3099 4091 3230 4161 quia
3259 4109 3361 4162 pro
3386 4091 3715 4148 defensione

2111 4177 2250 4248 legis
2272 4178 2472 4233 divinae
2501 4180 2792 4233 veritatem
2825 4180 3009 4234 noluit
3037 4186 3242 4243 tacere,
3275 4182 3344 4235 ad
3375 4188 3563 4236 votum
3594 4185 3716 4238 sal-

2109 4266 2326 4320 tatricis
2353 4267 2535 4337 capite
2563 4267 2758 4337 plexus
2781 4273 2882 4321 est.
2906 4268 2977 4322 Et
2998 4268 3131 4339 quid
3159 4269 3334 4324 distat
3361 4287 3461 4341 pro
3485 4271 3718 4340 justitia

2111 4355 2274 4422 mori,
2298 4355 2383 4409 vel
2413 4355 2555 4410 mori
2576 4372 2678 4427 pro
2701 4356 2974 4412 veritate?
3003 4358 3252 4424 Constat,
3277 4363 3521 4414 testante
3550 4377 3715 4417 sacro

432 4438 669 4507 creavit;
718 4439 838 4511 ipse
869 4455 1091 4510 quoque
1119 4440 1570 4512 archiepiscopus
1598 4442 1807 4498 ditatus
1836 4446 2028 4500 multis
2047 4437 2095 4495 D
2115 4444 2356 4515 eloquio,
2401 4445 2534 4515 quia
2561 4445 2765 4499 veritas
2804 4450 2860 4499 et
2900 4446 3122 4516 justitia
3160 4448 3416 4503 Christus
3445 4455 3549 4504 est.
3582 4449 3716 4520 Ipse

431 4528 876 4601 possessionibus
900 4529 1147 4601 locuples
1187 4535 1326 4584 erat.
1359 4532 1567 4586 Verum
1600 4534 1794 4604 quanti
1821 4536 2028 4606 pende-

431 4623 522 4672 ret
550 4617 678 4682 ista,
718 4617 777 4671 in
805 4618 911 4672 hoc
939 4617 1246 4689 apparebat
1283 4620 1450 4690 quod,
1483 4626 1755 4691 quantum
1786 4630 2024 4695 poterat,

433 4711 827 4778 paupertatem
855 4706 1134 4762 retinebat
1161 4708 1221 4762 in
1248 4708 1456 4763 vilitate
1487 4710 1730 4778 habitus,
1759 4714 2030 4783 parcimo-

434 4795 588 4850 niam
606 4801 805 4851 tenens
823 4796 971 4850 inter
985 4797 1347 4851 multimodas
1367 4797 2029 4874 delicias.Multaquoque

435 4890 494 4939 et
522 4901 727 4956 magna
753 4885 1131 4939 offerebantur
1169 4885 1275 4940 sibi
1303 4886 1466 4954 dona,
1502 4906 1624 4959 quae
1653 4890 1747 4945 ille
1777 4891 2031 4946 hilariter

434 4973 762 5046 rogantibus
786 4991 864 5040 se,
898 4975 984 5028 vel
1012 4975 1392 5046 indigentibus
1420 4977 1727 5036 tribuebat.
1754 4979 1856 5050 (3’).
1888 4982 2031 5035 Pau-

434 5064 660 5137 peribus
703 5080 924 5135 quoque
958 5069 1081 5117 erat
1106 5063 1185 5118 ita
1215 5065 1460 5136 dapsilis,
1493 5073 1556 5120 ut
1598 5068 1933 5138 quingentas
1962 5071 2030 5123 li-

434 5153 565 5208 bras
595 5152 896 5225 quotannis
916 5151 973 5206 in
1007 5153 1418 5226 eleemosynam
1448 5172 1709 5227 erogasse
1733 5158 1952 5211 dicatur
1976 5165 2033 5211 et

529 5263 556 5314 4

511 5260 620 5331 (45)
677 5262 870 5314 Exstat
934 5260 992 5313 in
1056 5260 1389 5316 bibliotheca
1463 5265 1788 5318 monasterii
1853 5265 2028 5318 nostri

440 5333 496 5386 S.
516 5332 746 5386 Martini
768 5331 1068 5400 Sagiensis,
1088 5333 1258 5386 codex
1275 5351 1376 5387 ms.
1393 5335 1756 5388 collationum
1778 5335 2028 5389 Cassiani

438 5420 471 5455 a
503 5400 662 5476 beato
683 5403 992 5476 Lanfranco
1017 5404 1363 5471 emendatus,
1391 5406 1537 5476 quod
1567 5413 1723 5476 patet
1743 5424 1806 5459 ex
1837 5407 2031 5460 notula

439 5473 740 5542 marginali
769 5473 944 5543 ipsius
973 5491 1142 5530 manu
1165 5477 1374 5547 scripta
1396 5473 1548 5530 illuc
1571 5473 1744 5545 iisque
1762 5495 1852 5544 ego
1884 5480 2029 5531 Lan-

439 5547 681 5618 [τςαηςιιιδΔ
724 5549 953 5618 correxi.
988 5547 1068 5600 De
1112 5548 1308 5602 eadem
1366 5564 1426 5600 re
1475 5549 1802 5618 praeclarum
1850 5554 2031 5602 exstat

439 5614 687 5672 Matthaei
727 5615 902 5684 Paris,
941 5618 1324 5676 testimonium
1353 5619 1412 5674 in
1443 5614 1690 5675 Historia
1720 5620 2028 5690 Anglorum

677 5262 870 5314 Exstat
934 5259 992 5313 in
1056 5259 1389 5316 bibliotheca
1463 5265 1788 5318 monasterii
1853 5265 2028 5318 nostri

2112 4533 2262 4587 enim
2292 4533 2428 4587 dicit
2452 4552 2462 4587 :
2495 4535 2606 4601 Ego
2633 4551 2758 4588 sum
2787 4539 2988 4588 veritas
3017 4538 3194 4605 (Joan.
3218 4551 3328 4602 XIV,
3359 4534 3434 4607 6).
3469 4538 3538 4591 Et
3563 4539 3717 4610 Apo-

2111 4623 2287 4677 stolus
2320 4641 2331 4675 :
2369 4623 2620 4678 Christus
2649 4625 2826 4690 factus
2867 4629 2942 4678 est
2985 4627 3138 4678 nobis
3165 4642 3200 4678 a
3227 4628 3331 4680 Deo
3360 4630 3634 4695 sapientia
3659 4636 3718 4683 et

2100 4714 2328 4780 justitia
2351 4713 2398 4776 (Ι
2418 4713 2539 4767 Ger.
2571 4726 2604 4777 l,
2635 4711 2744 4779 30).
2769 4713 2876 4776 Qui
2906 4728 3038 4783 ergo
3067 4730 3169 4784 pro
3197 4715 3430 4770 veritate
3457 4722 3514 4770 et
3536 4718 3713 4786 justi-

2111 4800 2192 4854 tia
2221 4801 2478 4868 moritur,
2520 4818 2620 4872 pro
2665 4800 2886 4855 Christo
2927 4802 3201 4871 moritur;
3249 4805 3344 4875 qui
3375 4811 3564 4859 autem
3607 4823 3715 4878 pro

2112 4889 2332 4944 Christo
2365 4891 2623 4955 moritur,
2671 4889 2916 4944 Ecclesia
2962 4894 3124 4959 teste,
3172 4899 3390 4965 martyr
3435 4893 3706 4956 habetur.

2113 4979 2317 5033 Beatus
2345 4996 2475 5032 vero
2507 4979 2748 5050 Elfegus,
2783 4997 2939 5051 aeque
2970 4997 3070 5051 pro
3103 4982 3340 5051 justitia,
3373 4988 3437 5038 ut
3481 4991 3716 5042 sanctus

2112 5068 2355 5122 Joannes
2383 5085 2483 5139 pro
2522 5068 2774 5134 veritate,
2809 5087 3006 5140 passus
3035 5074 3136 5124 est.
3171 5072 3284 5125 Cur
3323 5089 3454 5144 ergo
3484 5073 3610 5143 plus
3641 5077 3716 5132 de

2113 5157 2279 5210 unius
2311 5173 2479 5227 quam
2526 5158 2595 5212 de
2648 5159 2878 5214 alterius
2921 5177 3050 5214 vero
3093 5166 3395 5234 sanctoque
3433 5167 3712 5234 martyrio

2113 5263 2183 5316 ad
2211 5280 2300 5318 an.
2335 5262 2488 5329 1089,
2511 5265 2606 5319 ubi
2636 5266 2750 5321 haec
2771 5266 2956 5321 habet.
2983 5286 2992 5319 :
3023 5269 3214 5322 Eodem
3237 5285 3388 5323 anno
3412 5272 3545 5323 obiit
3566 5273 3712 5328 Lan-

2111 5336 2340 5408 [razzeils
2385 5378 2395 5389 .
2444 5377 2454 5389 .
2517 5378 2527 5389 .
2580 5339 2672 5408 qui
2723 5342 2942 5392 lectioni
2987 5342 3203 5392 assidue
3251 5344 3481 5406 vacavit,
3537 5345 3711 5401 libros

2126 5407 2314 5482 Veteris
2331 5425 2394 5460 ac
2415 5411 2552 5462 Novi
2574 5407 2901 5463 Trstamenli
2917 5414 3250 5477 scriptorum
3272 5415 3406 5465 vitio
3420 5420 3710 5482 cori-'-uplos

2111 5481 2382 5545 corrige-re
2401 5483 2634 5548 stud-uit,
2669 5485 2825 5549 cujus
2849 5483 3247 5535 emendationis
3277 5487 3414 5549 luce,
3443 5490 3555 5537 tam
3585 5481 3708 5541 Λη-

2109 5551 2329 5613 glorum
2352 5552 2586 5605 Ecclesia
2610 5568 2772 5618 quam
2798 5553 3085 5606 Gallorum
3104 5569 3156 5605 se
3174 5556 3373 5619 gaudet
3395 5559 3705 5614 illustrari.

2180 5619 2300 5691 (46)
2324 5623 2403 5676 De
2432 5639 2497 5676 eo
2531 5623 2749 5692 egimus
2771 5623 2842 5676 ad
2874 5639 3084 5678 annum
3112 5621 3269 5681 1012.
