3952 6374
195 333 255 392 57
901 323 1074 390 130M.
1115 323 1330 391 Lucas:
1369 324 1716 392 DACHERII
1755 323 1971 393 nam
2009 327 2099 392 ET
2137 323 2752 392 OBSERVATIONES.
3397 337 3468 397 5‘8

192 452 435 529 Quisque
474 448 743 528 ambigat,
800 471 926 512 cum
958 473 1061 528 par
1095 478 1264 516 causa
1318 462 1378 515 in
1428 462 1628 516 mortis
1663 462 2016 532 per-Amale
2044 462 2186 516 mori
2215 461 2311 533 qui
2339 462 2481 516 bene
2510 461 2734 516 vixerit.
2768 461 2884 516 Nec
2912 460 3163 533 putanda
3203 466 3289 519 est
3316 463 3468 519 mala

192 548 444 621 pessione
467 552 770 617 utrumque
792 546 1081 603 detineat?
1104 551 1354 605 Audiens
1383 551 1488 605 hoc
1515 551 1783 605 Lanfran-
1865 567 2036 616 mors,
2067 555 2211 605 teste
2242 549 2405 604 beato
2434 550 2766 620 Augustino,
2800 566 2971 621 quam
2999 549 3147 605 bona
3181 551 3297 605 vita
3324 567 3466 622 pra:-

193 654 302 703 cus,
333 642 630 707 gratanter
657 636 934 690 rationem
964 640 1279 710 approbans
1309 640 1540 710 accepit,
1573 640 1785 694 collau-
1866 641 2114 694 cesserit.
2166 641 2310 694 Nam
2349 638 2836 710 appropinquante
2876 639 3120 694 termino
3169 640 3294 695 vitae
3331 650 3466 704 Suae,

192 727 325 780 dans
352 725 456 779 viri
484 725 822 796 sapientiam
852 731 909 779 et
935 729 1310 799 perspicacem
1341 729 1553 799 ingenii
1573 728 1787 782 subtili-
1865 727 1958 797 (⁸⁸)
1980 728 2184 782 decidit
2214 729 2273 782 in
2300 727 2688 798 aegritudinem
2719 727 2855 798 (47),
2892 744 3004 798 qua
3036 729 3096 782 in
3125 729 3243 782 dies
3272 728 3468 799 ingra-

192 823 358 869 tatem
379 814 548 868 firma
566 815 803 868 veritate
826 815 1136 870 subnixam.
1162 818 1230 871 Et
1243 817 1503 888 deinceps
1528 821 1787 871 sanctum
1867 822 2143 883 vescente,
2176 834 2324 870 anno
2357 816 2862 887 archiepiscopatus
2882 830 2996 884 XIX,
3019 834 3054 871 v
3081 817 3163 888 (89)
3183 817 3467 872 Kalendas

193 904 461 974 Elfegum,
493 909 559 958 ut
586 920 716 957 vere
745 920 1011 973 maguum
1043 911 1100 960 et
1122 912 1427 978 martyrem
1455 906 1782 976 gloriosum,
1869 906 2039 972 Junii,
2072 907 2220 960 diem
2263 905 2466 960 clausit
2508 910 2839 970 extremum,
2881 907 3153 976 regnante
3183 906 3471 961 Willelmo

191 994 380 1047 devote
411 997 710 1047 veneratus
739 998 843 1046 est.

256 1080 341 1138 38.
376 1084 600 1136 Interea
630 1083 876 1137 relatum
905 1089 989 1137 est
1015 1083 1124 1155 ipsi
1155 1083 1460 1138 Lanfranco
1483 1084 1631 1154 quod
1651 1101 1788 1154 prae-

193 1176 536 1226 memoratus
567 1170 739 1225 abbas
771 1173 1085 1235 Anselmus,
1123 1189 1238 1226 una
1266 1177 1427 1226 nocte
1456 1177 1583 1244 post
1606 1177 1788 1227 matu-

190 1259 333 1312 tinas
361 1259 591 1314 veniens
622 1259 692 1312 ad
722 1260 927 1314 lectum
957 1277 1142 1326 suum,
1178 1260 1393 1314 invenit
1418 1261 1477 1314 in
1506 1277 1571 1314 eo
1603 1277 1784 1314 annu-

1869 995 1984 1048 ﬁlio
2012 995 2280 1048 Willelmi
2313 995 2480 1063 regis.
2519 995 2691 1048 Dolor
2717 994 2977 1049 omnibus
3014 995 3470 1066 incomparabilis

1869 1091 1927 1137 et
1952 1084 2135 1138 luctus
2155 1082 2572 1137 inconsolabilis
2592 1083 2727 1136 suis.
2756 1083 3019 1154 Sepultus
3040 1089 3126 1138 est
3150 1084 3208 1138 in
3237 1085 3470 1138 ecclesia

1869 1172 2081 1226 Christi
2110 1169 2244 1241 (48),
2305 1187 2474 1242 quam
2521 1171 2640 1241 ipse
2690 1170 3004 1226 aediﬁcavit.
3051 1164 3122 1226 Et
3166 1173 3299 1244 quia
3346 1173 3470 1243 ipsa

1868 1261 2113 1314 Ecclesia
2138 1277 2370 1331 parvum
2412 1263 2580 1331 caput
2611 1259 2792 1329 (vulgo
2824 1263 2870 1314 lc
2902 1260 3104 1330 Cltcvet)
3144 1260 3353 1315 habere
3383 1261 3467 1315 vi-

189 1349 300 1402 lum
328 1363 607 1413 aureum;
641 1347 798 1417 prius
825 1364 987 1402 cruce
1018 1349 1225 1403 Christi
1264 1350 1511 1418 signans,
1545 1365 1616 1403 ne
1645 1349 1786 1403 forte
1867 1349 2123 1415 debatur,
2157 1349 2353 1403 beatus
2379 1348 2696 1411 Anselmus,
2730 1364 3016 1404 successor
3044 1351 3186 1419 ejus,
3220 1355 3352 1403 ante
3375 1349 3473 1402 de—

186 1437 369 1491 illusio
389 1436 708 1490 daemonum
739 1441 902 1501 esset,
920 1437 1134 1508 accepit
1149 1437 1308 1492 illum
1334 1454 1464 1492 vere
1490 1438 1782 1504 annulum,
1869 1453 2088 1492 cessum
2118 1454 2284 1492 suum
2309 1444 2678 1508 augmentare
2706 1438 2924 1492 studuit
2945 1437 3188 1491 ecclesiae
3216 1439 3469 1507 ejusdem

189 1529 242 1578 et
265 1524 513 1578 ostendit
541 1523 800 1577 omnibus
829 1539 930 1594 per
958 1540 1197 1594 quorum
1239 1541 1439 1578 manus
1465 1541 1558 1579 res
1590 1540 1786 1578 mona-
1871 1529 2056 1596 caput.
2082 1525 2241 1588 Quod
2273 1524 2340 1578 ab
2372 1541 2435 1579 eo
2456 1525 2802 1592 inchoatum,
2842 1531 2899 1580 et
2936 1529 3065 1597 post
3082 1529 3320 1579 mortem
3350 1527 3471 1595 ejus

185 1611 338 1666 sterii
359 1610 678 1665 transibant
704 1629 716 1670 ;
751 1617 809 1664 et
839 1610 1026 1665 nullus
1055 1613 1237 1666 fassus
1268 1617 1354 1666 est
1381 1628 1442 1666 se
1473 1612 1633 1666 illum
1663 1628 1787 1684 per-
1869 1631 1972 1685 per
1999 1615 2188 1684 plures
2231 1631 2408 1668 annos
2454 1615 2813 1680 aedificatum,
2859 1613 3087 1668 tandem
3136 1614 3471 1685 perfectum,

185 1700 414 1755 didisse.
458 1701 668 1754 Deinde
699 1701 956 1755 venditus
993 1707 1078 1755 est
1125 1702 1389 1769 annulus,
1423 1706 1481 1754 et
1519 1701 1579 1754 in
1620 1718 1786 1756 usum
1871 1719 2141 1773 magnum
2183 1719 2322 1774 opus
2351 1707 2408 1757 et
2454 1704 2772 1774 pulchrum,
2805 1720 2839 1757 a
2870 1697 3176 1769 Willelmo,
3211 1703 3306 1774 qui
3347 1707 3475 1774 post

183 1789 426 1844 fratrum
458 1805 750 1859 expensus.
787 1789 946 1852 Quod
975 1807 1098 1844 cum
1133 1790 1384 1844 audisset
1412 1789 1848 1863 archiepisco-D
1870 1792 2172 1846 Rodulfum
2241 1792 2493 1845 Anselmi
2554 1807 2961 1858 successorem,
3023 1791 3476 1863 archiepiscopus

185 1893 307 1949 pus,
339 1877 610 1932 referenti
630 1877 735 1931 sibi
757 1878 1047 1949 respondit
1073 1897 1083 1930 :
1109 1879 1435 1933 Certissime
1455 1879 1596 1932 scias
1627 1879 1785 1932 illum
1805 1877 1849 1896 υ
1869 1880 2098 1947 exstitit,
2120 1898 2246 1934 cum
2268 1897 2472 1952 magna
2497 1881 2697 1952 gloria,
2724 1883 2780 1935 et
2807 1881 3060 1935 omnium
3085 1896 3272 1934 rerum
3303 1879 3475 1935 abun-

184 1972 308 2039 post
334 1983 427 2020 me
456 1967 710 2020 futurum
733 1967 1226 2040 archiepiscOpum.
1254 1968 1410 2022 Sicut
1424 1967 1682 2039 praedixit
1709 1968 1789 2022 ita
1869 1968 2064 2022 dantia
2093 1968 2410 2022 dedicatum
2443 1974 2546 2033 est,
2579 1969 2726 2022 sicut
2752 1969 2934 2022 clerus
2965 1974 3021 2022 et
3043 1968 3282 2039 populus
3312 1966 3473 2038 regni

185 2054 438 2109 evenisse
467 2054 702 2112 scimus.
1870 2062 2169 2124 testantur,
2191 2057 2286 2127 qui
2312 2057 2632 2112 adfuerunt.
2653 2059 2853 2128 Itaque
2871 2073 3000 2110 cum
3019 2057 3340 2111 immineret
3354 2056 3475 2111 dies

251 2141 326 2199 39
354 2143 488 2198 Haec
523 2143 594 2196 de
634 2147 793 2196 tanto
841 2142 958 2196 viro
989 2158 1270 2213 perpauca
1292 2142 1504 2197 inculto
1532 2159 1790 2198 sermone
1870 2145 2048 2217 ipsius
2082 2145 2465 2210 dedicationis,
2510 2146 2656 2198 sicut
2703 2160 2826 2198 mos
2871 2150 2973 2210 est,
3021 2145 3208 2198 omnia
3237 2147 3474 2216 corpora

186 2233 335 2291 dicta
362 2232 496 2286 sint.
529 2231 742 2285 Verum
785 2237 842 2284 et
870 2247 936 2285 ea
988 2245 1109 2301 qum
1141 2232 1382 2286 diximus
1416 2232 1486 2285 de
1514 2232 1628 2298 illo,
1659 2249 1790 2287 vera

187 2321 504 2387 credimus;
537 2325 595 2374 et
618 2321 784 2392 plura
811 2321 898 2374 his
918 2337 1018 2391 per
1038 2319 1283 2391 gratiam
1304 2320 1404 2375 Dei
1427 2321 1584 2375 illum
1611 2322 1790 2392 egisse

185 2427 295 2465 non
327 2410 672 2464 dubitamus.
707 2410 850 2464 Nam
891 2426 926 2463 a
965 2415 1221 2480 tempore
1263 2427 1377 2464 suae
1415 2410 1792 2465 conversionis

183 2504 298 2554 toto
347 2499 545 2554 animo
593 2515 823 2570 operam
868 2498 1024 2551 dedit
1058 2498 1317 2569 religioni
1357 2503 1415 2552 et
1454 2515 1678 2569 semper
1717 2500 1788 2553 ad

183 2588 415 2642 meliora
461 2587 722 2650 tendens,
755 2586 825 2640 de
862 2586 1068 2640 virtute
1112 2586 1171 2639 in
1212 2586 1476 2640 virtutem
1517 2588 1787 2658 proﬁcere

181 2677 414 2733 studuit.
448 2675 586 2740 Quis
614 2675 783 2746 digne
825 2679 1010 2747 potest
1052 2690 1315 2728 enarrare
1345 2676 1467 2745 ejus
1497 2676 1784 2746 sapientiae

179 2765 738 2836 claritatemdngenii
759 2763 1336 2830 subtilitatem,cordis
1357 2764 1780 2834 benignitatem,

179 2855 472 2910 industria
503 2853 863 2925 probitatem,
891 2853 1065 2907 animi
1093 2853 1446 2923 puritatem?
1476 2854 1605 2907 Fuit
1633 2854 1784 2908 enim

178 2945 478 3000 alacritate
488 2943 793 3013 jucundus,
816 2942 1132 2996 humilitate
1152 2941 1466 2996 submissus
1495 2961 1507 3008 ;
1550 2943 1609 2995 in
1639 2943 1786 2996 elee-

179 3034 432 3106 mosynis
477 3033 689 3102 largus,
750 3030 859 3085 ﬁde
906 3031 1230 3096 catholicus,
1280 3029 1612 3086 Christianae
1661 3031 1788 3085 reli-

1872 2235 1941 2288 de
1967 2234 2200 2288 ecclesia
2228 2233 2377 2286 elata
2404 2232 2653 2287 fuerunt.
2685 2233 2841 2287 Tunc
2870 2231 3098 2304 quidam
3132 2231 3324 2299 frater,
3358 2231 3474 2285 sive

1873 2323 2214 2389 curiositate,
2239 2339 2355 2389 seu,
2391 2323 2541 2393 quod
2566 2323 2747 2392 magis
2787 2321 3054 2391 credibile
3084 2326 3189 2387 est,
3216 2338 3316 2393 pro
3349 2319 3477 2396 reli-

1875 2411 2022 2482 quiis
2037 2411 2358 2466 habendam
2377 2411 2446 2465 de
2465 2411 2657 2465 casula
2671 2410 2903 2480 gloriosi
2923 2410 3220 2464 Lanfranci
3239 2407 3477 2464 abscidit

1871 2499 2202 2572 particulam
2225 2517 2237 2565 ;
2262 2499 2331 2552 de
2358 2515 2468 2570 qua
2493 2499 2622 2552 miri
2643 2498 2830 2552 odoris
2855 2499 3102 2552 suavitas
3120 2497 3470 2569 efﬂagrabat.

1871 2589 2130 2645 Ostendit
2159 2587 2304 2654 aliis,
2337 2587 2432 2659 qui
2463 2592 2519 2642 et
2532 2587 2640 2658 ipsi
2669 2592 2969 2642 senserunt
2998 2587 3185 2641 odoris
3214 2585 3472 2658 fragran-

1866 2679 2026 2734 tiam.
2058 2679 2181 2742 Qua
2205 2677 2274 2731 de
2302 2693 2364 2731 re
2392 2675 2633 2746 intelligi
2653 2677 2822 2730 datur
2842 2677 2991 2748 quod
3020 2675 3211 2730 anima
3237 2673 3388 2730 illius
3413 2674 3474 2730 in

1866 2783 2073 2836 magna
2119 2765 2398 2819 suavitate
2441 2765 2761 2835 requiescit,
2807 2765 2966 2834 cujus
3006 2763 3253 2834 corporis
3300 2763 3462 2818 indu-

1866 2861 2058 2909 menta
2087 2860 2246 2908 tanto
2279 2855 2450 2907 odore
2499 2854 2773 2908 redolent.
2823 2854 2957 2917 Quae
2987 2852 3256 2907 nimirum
3284 2852 3474 2923 gratia

1870 2944 1981 2998 illis
2011 2944 2253 2997 maxime
2283 2942 2624 3008 conceditur,
2659 2943 2772 3012 qui,
2813 2942 2947 2996 dum
2985 2941 3236 2994 viverent
3261 2941 3321 2994 in
3347 2945 3474 2995 co'r-

1870 3049 2024 3104 pore,
2052 3031 2390 3086 munditiam
2438 3030 2619 3084 cordis
2667 3035 2724 3084 et
2769 3030 2953 3084 carnis
2995 3029 3475 3100 incorruptionem

174 3125 360 3196 gionis
393 3127 711 3194 reparator,
733 3137 1042 3192 pauperum
1059 3124 1422 3186 sustentator,
1440 3113 1844 3190 pupillorumC
1865 3137 2043 3192 usque
2093 3121 2166 3174 ad
2213 3121 2385 3173 ﬁnem
2416 3119 2542 3174 vitae
2589 3133 2812 3173 servare
2839 3118 3196 3172 studuerunt.
3228 3117 3474 3173 Etenim

175 3217 487 3287 protector,
523 3211 822 3265 viduarum
852 3210 1186 3264 consolator.
1220 3209 1340 3276 His,
1372 3209 1516 3274 aliis,
1551 3208 1786 3279 aliisque

173 3302 484 3359 virtutibus
535 3305 788 3365 ornatus,
832 3300 1194 3353 ﬁdemrecte
1232 3297 1465 3351 vivendo
1521 3298 1783 3364 servavit,

173 3409 402 3448 cursum
421 3391 568 3445 bene
596 3388 888 3444 moriendo
907 3385 1252 3442 terminavit.
1272 3387 1399 3440 Non
1425 3385 1574 3440 enim
1603 3392 1788 3457 potest

244 3532 357 3602 (-iT)
385 3531 608 3587 Audita
651 3530 758 3584 hac
785 3529 1083 3584 Lanfranci
1120 3526 1454 3602 aegritudine
1484 3528 1784 3602 Anselmus

173 3598 259 3661 sui
286 3598 348 3659 et
368 3603 554 3658 totius
585 3608 890 3656 conventus
915 3598 1206 3655 Beccensis
1233 3598 1486 3672 nomine,
1507 3599 1577 3652 ad
1598 3599 1784 3672 ipsum

174 3677 482 3748 epistolam
531 3673 776 3744 scripsit,
806 3689 928 3743 qum
963 3677 1066 3738 est,
1094 3673 1153 3725 in
1193 3687 1336 3726 nova
1356 3669 1786 3738 editione,‘ulti-

173 3747 590 3889 ωῗ-ἱὶὲῗῐὲίῗξίθ
615 3831 680 3870 eo
708 3813 919 3870 tabulae
948 3829 1082 3868 mss.
1118 3813 1268 3886 apud
1309 3811 1690 3870 Gerberonem
1731 3812 1790 3867 in

1866 3208 2230 3264 beatitudinis
2258 3209 2505 3279 quietem
2537 3209 2738 3262 animae
2755 3208 2904 3263 illius
2929 3208 3054 3280 pius
3085 3207 3343 3262 Christus
3363 3207 3472 3262 Do-

1867 3299 2055 3354 minus
2084 3303 2276 3352 noster
2304 3297 2517 3352 donare
2550 3298 2835 3369 dignetur,
2871 3297 2967 3369 qui
3010 3300 3096 3352 est
3140 3295 3466 3352 benedictus

1868 3388 1928 3443 in
1959 3393 2252 3442 aeternum.
2289 3387 2488 3440 Amen.

1866 3529 2014 3585 notis
2040 3529 2111 3586 ad
2141 3528 2320 3600 Epist.
2347 3527 2437 3595 4i,
2470 3526 2599 3581 libri
2627 3544 2667 3581 ιι
2699 3525 2755 3581 S.
2787 3527 3038 3582 Anselmi
3063 3550 3074 3583 ς
3110 3516 3466 3596 Lanfrancus

1867 3603 2288 3659 Cantuariensis
2319 3599 2634 3668 metropolis
2677 3600 3112 3669 archiepiscopus
3160 3602 3474 3668 defunctus,

1866 3676 1930 3727 in
1957 3673 2184 3726 basilica
2215 3677 2416 3725 sancta
2442 3671 2933 3739 Trinitatis,quam
2951 3673 3061 3740 ipse
3081 3674 3320 3740 miriﬁco
3348 3687 3471 3740 opo-

1872 3760 1933 3797 re
1961 3747 2364 3810 construxerat,
2395 3744 2640 3810 sepultus
2661 3744 2755 3796 cst.

622 4074 1357 4188 DOMINI
1429 4073 1978 4188 ill-UOH
2051 4072 3025 4186 DAGHBBII

1127 4287 1403 4333 MONACHI
1446 4288 1835 4332 BENEDICTINI
1881 4286 2180 4332 CONGREG.
2228 4287 2276 4331 S.
2327 4285 2521 4331 MAURI

392 4409 532 4483 ΑΙ)
587 4405 892 4480 VITAM
949 4407 1030 4477 B.
1086 4404 1629 4481 LANFRANCI
1683 4403 2429 4480 CANTUARIENSIS
2496 4402 3230 4478 ARCHIEPISCOPI

575 4570 1125 4701 ΝΟΤλλΕ
1214 4564 1440 4700 ΕΤ
1543 4565 2808 4700 ΟΒΞΕΡΝΑΤΙΟΝ
2838 4555 3094 4697 ES.

238 4885 553 4937 Auctorem
583 4878 728 4952 Vitae
743 4880 810 4952 7B7.
844 4880 1136 4936 Lanfranci
1166 4881 1429 4937 Milonem
1462 4881 2035 4952 CrispinumDverba
2073 4904 2084 4938 :
2122 4898 2149 4934 α
2180 4881 2369 4935 Vitam
2399 4880 2467 4952 S.
2500 4877 2757 4952 Herluini
2787 4877 2964 4952 edidit
2992 4877 3297 4952 Gilbertus,
3344 4879 3470 4934 Cri-

168 4952 339 5009 fuisse
372 4952 646 5008 elenchus
676 4951 837 5004 initio
858 4953 1060 5009 codicis
1090 4970 1197 5007 ms.
1233 4955 1397 5021 (unde
1416 4951 1602 5008 Vitam
1630 4953 1780 5008 illam

169 5025 484 5096 desumpsi)
530 5023 796 5096 praeﬁxus
832 5039 923 5077 me
972 5024 1178 5078 docuit.
1229 5025 1493 5096 Milonem
1542 5041 1671 5079 vero
1722 5025 1779 5080 S.

169 5095 423 5151 Anselmi
451 5095 839 5166 synchronum
872 5111 929 5148 se
972 5111 1092 5149 esse
1128 5096 1278 5149 haud
1317 5095 1549 5150 obscure
1596 5096 1785 5166 prodit

170 5167 230 5238 in
261 5169 412 5222 calce
459 5166 720 5238 ejusdem
749 5166 921 5238 Vitae;
967 5165 1061 5238 ubi
1097 5170 1463 5238 posteaquam
1501 5165 1784 5220 enarravit

172 5237 475 5294 diaconum
510 5237 734 5292 meritis
769 5237 832 5290 B.
874 5237 1168 5292 Lanfranci
1199 5255 1230 5291 a
1261 5238 1578 5293 daemonum
1606 5238 1779 5292 servi-

173 5315 294 5363 tute
350 5315 703 5381 exemptum,
755 5307 872 5362 haec
917 5308 1150 5363 subdit:
1192 5330 1213 5360 α
1251 5310 1366 5364 Hoc
1409 5310 1469 5363 Β.
1516 5311 1781 5364 Anselmo

172 5380 573 5453 archiprzesule
595 5380 898 5453 referente,
929 5397 1055 5434 cum
1079 5380 1203 5453 aliis
1232 5381 1442 5453 audivi.
1467 5400 1489 5430 ι
1517 5381 1682 5434 Illum
1704 5381 1782 5452 ip-

171 5470 294 5506 sum
327 5449 621 5506 auctorem
662 5449 818 5505 Vitas
849 5467 1068 5521 quoque
1113 5451 1378 5505 abbatum
1423 5449 1780 5506 Beccensiuin

171 5525 424 5593 proxime
455 5525 513 5578 S.
548 5521 883 5594 Anselmum
911 5521 1371 5594 subsequentium
1396 5522 1777 5594 descripsisse,

170 5602 526 5669 compertum
555 5599 642 5650 est
687 5610 756 5649 ex
785 5593 980 5650 eodem
1009 5593 1288 5665 indiculo;
1318 5593 1478 5666 cujus
1503 5593 1619 5652 haec
1648 5602 1781 5652 sunt

1866 4953 2080 5035 spinus,
2109 4953 2416 5008 monachus
2446 4949 2822 5033 Beccensiset
2839 4949 3013 5004 abbas
3031 4951 3472 5006 Westmonaste—

1866 5025 2172 5076 r1i.V1tam
2212 5026 2267 5076 S.
2329 5023 2582 5076 Anselm1
2619 5021 2796 5075 edidit
2845 5022 3119 5076 Edmerus
3157 5022 3466 5076 monachus

1865 5025 1955 5079 rii.
1984 5025 2172 5079 Vitam
2212 5026 2267 5079 S.
2329 5025 2582 5079 Anselmi
2619 5025 2796 5075 edidit
2845 5025 3119 5076 Edmerus
3157 5025 3466 5076 monachus

1865 5091 2306 5174 _C_a_n_tuar_ien_sis.
2354 5095 2544 5174 Vitam
2599 5093 2867 5174 aliorum'
2885 5093 3098 5174 scilicet
3149 5091 3464 5174 Lanfranci,

1864 5168 2151 5234 Willelmi,
2197 5166 2448 5231 Bosonis,
2501 5163 2786 5230 Teobaldi,
2841 5164 3087 5230 Letardi,
3138 5163 3468 5234 conscripsit

1863 5238 1995 5293 Milo
2026 5239 2318 5309 Crispinus
2339 5242 2535 5291 cantor
2553 5235 2731 5289 Becci.
2769 5255 2792 5287 »
2826 5236 2968 5309 Hinc
2993 5238 3150 5309 patet
3169 5235 3241 5287 ad
3274 5233 3466 5309 decre-

1863 5310 2038 5380 pitam
2067 5304 2411 5365 senectutem
2426 5309 2594 5362 vitam
2616 5307 2958 5380 protraxisse
2979 5304 3280 5380 Milonem:
3307 5304 3470 5380 quip-

1863 5375 2058 5463 pequi
2088 5398 2316 5453 compar
2346 5382 2406 5435 B.
2428 5375 2712 5462 Anselmo,
2735 5383 2899 5463 gesta
2917 5375 3212 5457 descripsit
3231 5375 3464 5463 Letardi

1864 5447 2100 5519 abbatis,
2152 5447 2318 5525 quem
2358 5470 2388 5507 e
2436 5451 2572 5505 vivis
2619 5466 2710 5525 an.
2744 5447 2902 5504 '1149
2947 5447 3248 5504 excessisse
3293 5447 3469 5505 tradit

1863 5519 2467 5580 chronicon'Beccense
2489 5539 2618 5593 pag.
2654 5519 2704 5575 7.

1937 5597 1998 5667 (ί)
2058 5598 2392 5653 Venerabilis
2450 5591 2912 5650 Westmonasterr‘z‘
2955 5591 3120 5648 abbas
3165 5593 3461 5651 Gilbertus.
