3952 6396
503 350 572 415 63

1063 361 1160 415 AD
1198 353 1427 417 VITAM
1463 362 1527 417 B.
1571 347 1986 420 LANFRANCI
2025 346 2601 419 CANTHARIENSIS
2637 353 3212 422 ARCHIEPISCOPI.

3697 353 3772 416 64

505 477 834 560 degavensis
861 479 1262 560 Ecclesiae.‘Vir
1287 483 1523 560 scientia
1542 486 1766 558 quidem
1788 489 2098 560 ampullata
2115 481 2167 550 Α
2183 486 2494 560 emerserit,
2524 487 2979 560 quandoquidem
3015 487 3302 544 exsularat
3338 483 3609 560 probitas,
3649 499 3776 555 pes~

505 550 792 630 praeditus,
843 552 942 630 sed
980 550 1235 630 doctrina
1273 550 1602 630 virulentus,
1635 550 1950 630 perversis,
1982 561 2098 615 haz-

510 623 716 682 reticus
748 647 758 680 :
800 627 958 696 cujus
1003 625 1197 680 laudes
1240 623 1605 684 nihilominus
1635 623 1706 684 .et
1742 631 1915 684 animi
1939 623 2101 686 dotes

510 704 839 770 prosecutus
857 697 1211 774 Hildebertus
1229 699 1682 774 Cenomanensis,
1710 702 1959 756 nondum
1980 701 2100 774 epi-

507 769 726 844 scopus,
745 775 924 844 metas
938 769 1368 844 transiliitverze
1385 771 1588 844 laudis,
1613 774 1761 844 quod
1783 774 1904 844 ejus
1927 769 2101 844 quon-

507 840 638 895 dam
671 841 861 913 fuerit,
893 845 1133 913 utreor,
1167 840 1472 913 discipulus
1507 859 1572 897 ac
1605 840 1864 899 sectator.
1910 840 2100 900 Haere-

509 928 634 987 seos
665 912 913 987 hujusce
955 912 1279 987 B_ereugarii
1311 912 1573 987 historia
1605 915 1740 968 vivis
1780 915 2102 987 depingitur

509 981 788 1058 qoloribus
817 999 852 1058 a
984 981 1296 1058 Lanfrancp
1342 984 1402 1058 in
1430 984 1616 1058 libello
1659 987 1738 1058 De
1785 981 2016 1058 corpore
2045 993 2103 1042 et

515 1054 686 1128 Sang.
713 1053 939 1128 Christi,
967 1059 1032 1128 _et
1057 1053 1220 1125 epist.
1253 1052 1340 1111 50.
1369 1056 1535 1127 Lege,
1563 1054 1611 1110 si
1640 1056 1840 1128 placet,
1873 1052 2104 1113 adnota-

509 1123 693 1200 tiones
721 1125 793 1179 ad
824 1123 1109 1200 eamdemj
1141 1142 1379 1200 necnon
1404 1123 1529 1200 et'a
1545 1123 1946 1184 recentioribus
1971 1146 2101 1200 per-

510 1195 723 1270 multis.
758 1212 792 1249 a
821 1197 1038 1270 Caesare
1070 1196 1321 1270 Baronioﬁ
1340 1199 1691 1270 potissimum
1730 1204 1771 1253 t.
1814 1201 1866 1254 II
1895 1195 2097 1255 Annal.

508 1266 813 1340 ecclesiast.
849 1269 1034 1340 Quare
1061 1266 1535 1340 supersedendum
1563 1287 1630 1324 ea
1655 1271 1859 1326 iterum
1891 1271 2100 1326 descri-

509 1335 643 1411 bere
674 1339 882 1411 putavi,
914 1345 1101 1411 actum
1129 1335 1300 1411 agere
1326 1357 1396 1411 ne
1423 1341 1632 1411 videar.
1653 1341 1929 1397 Caeterum
1950 1343 2100 1398 illius

506 1405 895 1465 haeresiarchae
910 1410 1007 1480 qui
1025 1405 1420 1464 scire—voluerit
1439 1410 1843 1478 educationem,
1875 1415 2101 1469 haeresis

507 1481 836 1556 primordia,
882 1481 1362 1556 propagationem,
1412 1483 1936 1556 condemnationem
1981 1486 2102 1556 plu-

506 1545 662 1632 ribus
686 1545 746 1632 in
769 1545 1045 1632 conciliis1
1059 1545 1645 1632 praecipuosejusdem
1665 1545 2091 1632 expugnatores,

507 1621 750 1696 quid__de
779 1621 874 1696 i_llo
914 1622 951 1675 S
1004 1621 1300 1696 Fulbertus
1337 1621 1457 1696 ejus
1504 1621 1839 1696 praeceptor-
1857 1621 2099 1681 senserit

512 1691 898 1754 moribundus,
952 1709 1016 1746 ac
1069 1693 1296 1748 tandem
1363 1691 1594 1761 exitum,
1651 1691 1818 1751 adeat
1870 1699 2095 1753 Guillel.

507 1763 1086 1838 Malmesburiensemg
1107 1764 1204 1818 lib.
1240 1782 1296 1819 IlI
1330 1765 1420 1838 De
1456 1771 1598 1838 gest.
1639 1769 1967 1838 Anglorum,
1999 1769 2094 1823 fol.

507 1785 1061 1818 malmesnuriensem
1107 1785 1204 1818 HD.
1240 1785 1296 1819 ΙΙΙ
1340 1785 1420 1819 ue
1497 1785 1598 1821 εει.
1639 1785 2094 1838 Anglorum,101.

507 1831 598 1909 βξ),
625 1834 744 1909 _64;
782 1835 1190 1890 Guitmundum
1230 1785 1714 1909 archiepfscopum
1750 1839 2095 1894 Aversanum

508 1905 606 1979 lib.
625 1907 707 1979 De
726 1912 1076 1979 sacramento
1090 1907 1340 1979 corporis
1353 1913 1410 1961 et
1420 1905 1828 1979 sanngomini
1852 1930 1863 1976 ;
1883 1912 2098 1966 Duran-

511 1971 920 2053 dumabbatem
934 1977 1005 2053 de
1021 1971 1225 2053 eadem
1237 1995 1297 2053 re
1317 1979 1377 2053 in
1391 1971 1728 2052 AppEndice,
1743 1982 1813 2035 ad
1828 1971 2014 2053 Opera
2033 1983 2096 2036 B.

511 2047 824 2124 Lanfranci
839 2047 941 2124 sub
971 2049 1173 2124 ﬁnem_;
1200 2047 1610 2124 Adelmannum
1642 2047 1961 2124 episcopum
1982 2054 2100 2107 Bri-

505 2119 707 2187 xiens.,
739 2120 977 2194 epistola
1003 2121 1072 2174 ad
1121 2122 1544 2194 Berengarium,
1576 2119 1696 2194 cap'.
1744 2119 1853 2192 Ego
1901 2127 2099 2179 Beren-

506 2195 722 2260 garius,
755 2192 835 2246 De
863 2208 1078 2246 consec.
1130 2192 1351 2246 distinc.
1381 2195 1451 2260 2;
1483 2192 1814 2248 Ordericum
1859 2195 2097 2250 Vitalem

512 2261 903 2334 Historiaeilib.
919 2280 986 2328 IV,
1005 2263 1083 2334 ad
1096 2279 1188 2317 an.
1213 2261 1369 2326 1065,
1388 2279 1498 2334 pag
1545 2265 1650 2321 519
1675 2284 1687 2330 ;
1710 2267 2097 2321 Innocentium

510 2349 715 2403 papam
745 2333 852 2399 III,
873 2349 994 2403 cap.
1028 2332 1112 2400 10,
1142 2335 1222 2388 De
1251 2332 1408 2388 sacro
1429 2332 1626 2390 altaris
1659 2337 1924 2408 mysterio
1954 2357 1965 2404 ;
1994 2338 2100 2391 Ni-'

509 2403 729 2476 colaum
759 2404 1072 2474 Harpsfeld.
1099 2405 1357 2459 Historia;
1383 2407 1564 2476 Anglo
1589 2408 1788 2462 seculo
1827 2403 1906 2462 ΙΙ,

583 2475 668 2549 (ίμδ)
700 2476 1342 2549 Dicebatenimpanem
1379 2483 1428 2530 et
1472 2475 1686 2542 binum,
1722 2484 1826 2532 etc.
1860 2479 2096 2549 Elegan-

509 2546 884 2620 tissimum_et
923 2545 1074 2620 lectu
1101 2546 1488 2620 dignissimum
1519 2549 1874 2620 antiquitatis
1902 2545 2098 2604 monu-

512 2623 765 2691 mentum
798 2618 878 2691 _De
905 2617 1142 2691 veritate
1185 2619 1433 2691 corporis
1471 2625 1528 2673 et
1571 2617 1862 2691 sanguinis
1891 2621 2097 2675 Christi

508 2688 855 2775 Uominidn
894 2687 1163 2775 venerab...
1187 2687 1548 2775 Eucharistize
1577 2687 1945 2775 sacramento,
1978 2692 2098 2775 epi-

507 2759 715 2834 stolam
726 2759 862 2834 _dico
888 2759 1168 2834 Anastasii
1195 2761 1483 2834 cujusdam
1513 2763 1772 2817 monachi
1802 2764 1871 2832 (si
1907 2759 2096 2834 conje-

507 2834 680 2904 cturae
702 2831 868 2884 liceat
880 2830 1202 2904 indulgere)
1225 2831 1461 2886 coenobii
1482 2835 1580 2888 SS.
1614 2834 1794 2904 Sergii
1817 2830 1879 2888 iet
1898 2830 2097 2888 Bacchi

505 2901 943 3027 Avnqegavensis,
975 2918 1089 2972 qua
1127 2903 1293 2956 [idem
1332 2919 1493 2958 suam
1540 2901 1854 2976 profitetur,
1891 2905 2100 2975 juverit

506 2988 538 3026 e
573 2986 787 3027 ngare.

506 2984 787 3030 evulgare.

584 3063 612 3097 «
642 3044 881 3100 Domino
911 3044 1171 3111 Geraldo,
1209 3061 1235 3097 ν
1289 3050 1395 3100 etc.
1448 3049 1676 3110 (Patrol.
1721 3046 1958 3112 CXLIX,
1991 3048 2094 3102 col.

511 3114 786 3183 433-436),
813 3133 980 3185 usque
1006 3117 1080 3169 ad
1108 3115 1164 3170 in
1186 3117 1342 3171 ccelo.
1376 3118 1531 3171 Vale.

573 3185 666 3256 (ιθ)
695 3189 924 3241 Litteras
967 3189 1219 3251 miserat,
1252 3194 1357 3242 etc.
1391 3189 1473 3242 En
1521 3189 1659 3242 Bere

505 3328 704 3382 Becchi
733 3329 984 3383 Priorem
1018 3330 1362 3384 transmissae
1389 3345 1420 3383 e
1457 3330 1644 3384 codice
1673 3346 1842 3385 manu
1873 3337 2099 3386 exarata

507 3398 855 3456 bibliothecae
881 3401 1048 3470 regiae
1076 3401 1439 3472 depromptae.

581 3487 609 3524 ι
645 3472 831 3526 Fratri
859 3471 1186 3528 Lina-amco
1215 3474 1622 3527 Bsaeneamus.

581 3561 606 3593 ι
666 3542 930 3596 Pervenit
975 3543 1046 3597 ad
1087 3558 1197 3608 me,
1240 3544 1413 3597 frater
1460 3543 1792 3611 Lanfrance,
1829 3542 2094 3611 quiddam

506 3612 764 3686 auditum
784 3613 858 3686 ab
871 3612 1210 3686 Ingelranno
1234 3614 1583 3686 Carnotensi,
1615 3614 1674 3668 in
1700 3632 1810 3686 quo
1826 3612 2098 3686 dissimu-

503 3683 623 3738 lare
636 3701 750 3738 non
762 3685 930 3739 debui
945 3683 1250 3740 admonere
1260 3685 1616 3739 dilectionem
1626 3683 1804 3740 tua—m.
1825 3684 1889 3739 Id
1902 3692 2092 3740 autem

504 3760 608 3819 est,
639 3755 932 3826 displicere
967 3756 1092 3822 tibi,
1124 3757 1236 3812 imo
1265 3757 1554 3811 haereticas
1582 3757 1842 3812 habuisse
1872 3762 2093 3811 senten-

502 3826 612 3899 tias
635 3827 870 3882 Joannis
900 3828 1075 3882 Scotti
1103 3828 1173 3882 de
1202 3833 1552 3882 sacramento
1568 3828 1780 3894 altaris,
1800 3829 1858 3881 in
1885 3828 2092 3899 quibus

505 3897 767 3970 dissentit
791 3916 826 3953 a
853 3903 1110 3970 suscepto
1136 3904 1234 3953 tuo
1256 3899 1573 3955 Paschasio.
1593 3900 1710 3953 Hac
1728 3915 1860 3970 ergo
1878 3897 1938 3953 in
1964 3917 2024 3953 re
2043 3900 2090 3954 si

505 3969 587 4042 ita
611 3976 714 4037 est,
747 3971 940 4036 frater,
973 3969 1267 4042 indignum
1295 3970 1475 4025 fecisti
1512 3970 1758 4040 ingenio,
1793 3969 1942 4042 quod
1992 3969 2093 4042 tibi

503 4041 653 4095 Deus
672 4052 783 4096 nOn
803 4041 1152 4112 aspe’rnabile
1165 4041 1418 4108 contulit,
1438 4041 1847 4113 praeproperam
1864 4041 2092 4113 ferendo

502 4113 861 4184 sententiam.
877 4113 1039 4184 Nond
1047 4125 1138 4166 u‘m
1151 4113 1301 4166 enim
1323 4114 1462 4166 adeo
1473 4112 1723 4182 sategiSti
1734 4113 1792 4166 in
1806 4112 2096 4184 Scriptura

503 4182 693 4236 divina
720 4196 847 4237 cum
876 4183 990 4238 tuis
1016 4184 1478 4254 diligentioribus.
1510 4185 1578 4238 Et
1607 4199 1755 4238 nunc
1793 4182 1946 4254 ergo,
1977 4184 2091 4238 fra-

502 4257 608 4318 ter,
657 4255 1092 4324 quamtumlibet
1132 4255 1289 4308 rudis
1329 4255 1388 4308 in
1425 4255 1521 4308 illa
1570 4255 1858 4326 Scriptura
1894 4255 2092 4310 vellem

501 4327 731 4398 tantum
751 4326 950 4398 audire
991 4326 1062 4380 de
1099 4343 1170 4398 eo
1207 4325 1256 4380 si
1299 4325 1862 4398 opportunum’mihi
1908 4327 2090 4398 fieret,

500 4395 766 4468 adhibitis
796 4396 998 4468 quibus
1027 4397 1213 4463 velles,
1264 4395 1353 4450 vel
1374 4395 1669 4467 'judicibus
1709 4397 1968 4467 congruis
2004 4398 2092 4452 vel

497 4467 866 4540 auditoribus.
889 4469 1049 4540 Quod
1073 4468 1322 4539 quandiu
1341 4484 1455 4522 non
1484 4469 1566 4535 fit,
1586 4483 1698 4540 non
1725 4473 2093 4540 aspernanter

501 4539 920 4622 aspiciasquod
952 4539 1190 4622 (ψει)ζεὶ
1214 4539 1539 4622 baretieum
1571 4539 1750 4622 babes
1794 4540 2086 4622 loannem,

501 4610 660 4679 cuius
681 4610 990 4665 sententias
1012 4611 1082 4665 de
1098 4610 1450 4666 Eucharistia
1467 4610 1788 4679 probamus,
1805 4610 2094 4666 habendus

499 4679 604 4734 tibi
643 4687 728 4736 est
754 4681 1050 4736 hereticus
1087 4682 1436 4748 Ambrosius,

499 4751 702 4820 stinus,
734 4758 799 4808 ut
827 4753 897 4807 de
927 4753 1146 4807 ueteris
1170 4758 1408 4808 taceam.
1444 4771 1470 4806 ι

570 4823 661 4891 (‘7)
684 4827 850 4878 Leone
869 4829 1071 4878 octavo.
1095 4825 1295 4878 Verius
1318 4839 1484 4880 nono.

568 4894 659 4962 (‘3)
687 4897 808 4950 Haec
843 4898 1031 4950 eadem
1059 4898 1126 4950 in
1169 4897 1374 4962 synodo
1420 4898 1768 4962 Vercellenni,
1813 4902 1917 4951 etc.
1952 4895 2094 4950 Ver—

499 4965 728 5020 cellensi
757 4980 768 5015 :
798 4966 869 5020 de
893 4983 1006 5036 quo
1030 4965 1155 5020 vide
1173 4967 1237 5020 B.
1272 4967 1566 5022 Lanfranci
1597 4965 1849 5022 libellum
1884 4969 1951 5022 De
1980 4968 2093 5022 Eu—

503 5038 781 5110 charistia
823 5043 1186 5110 sacramento,
1229 5037 1376 5092 infra
1403 5040 1667 5110 positum.
1720 5039 1837 5094 Nec
1883 5054 1995 5092 non
2040 5042 2097 5110 et

500 5108 754 5234 ﬁjﬁisdem
782 5108 1102 5180 argumenti
1127 5108 1432 5164 tractatum
1462 5109 1796 5165 Guitmundi
1825 5108 2097 5165 Aversani

581 5193 644 5234 ro
668 5193 750 5234 ιιι.

581 5193 644 5235 ro
668 5193 750 5235 1H.

573 5251 658 5319 (ω)
686 5247 932 5318 Denique
959 5253 1023 5305 in
1049 5253 1278 5306 concilio
1323 5253 1648 5320 Turonensi,
1671 5257 1778 5307 etc.
1813 5249 2096 5315 Quemad-

503 5322 736 5378 modum
749 5321 998 5393 proxime
1012 5322 1169 5377 citati
1179 5327 1462 5378 testantur
1471 5330 1747 5378 auctores.
1756 5323 1860 5377 Cui
1872 5322 2099 5393 quidem

502 5393 738 5448 concilio
766 5392 1089 5448 interfuisse
1118 5395 1179 5449 B.
1213 5395 1604 5450 Lanfraneum.
1641 5392 1906 5449 0rderic.’
1924 5393 2093 5446 Vital.

501 5465 650 5520 inter
673 5468 902 5519 caeteros
924 5465 1090 5520 ﬁdem
1110 5466 1262 5533 facit,
1285 5466 1406 5522 Lib.
1438 5484 1490 5519 1v
1526 5467 1754 5532 Histor.,
1783 5466 1875 5520 fol.
1897 5464 2021 5520 519.

575 5535 668 5606 (³ο)
696 5537 849 5604 Ουοώ
896 5553 1022 5591 cum
1051 5540 1292 5592 audisset
1322 5540 1579 5593 Nicotaus
1611 5539 1682 5602 Il,
1717 5541 1824 5590 etc.
1867 5537 1938 5590 Et
1981 5536 2098 5590 haec

505 5607 734 5681 quidem
754 5607 867 5681 aB.
889 5608 1219 5675 Lanfranco,
1235 5609 1383 5681 quod
1403 5608 1662 5679 superius
1681 5613 1967 5681 ostensum
1987 5612 2090 5672 est,

504 5677 570 5735 in
595 5678 750 5735 libo}.
781 5680 856 5736 De
897 5677 1270 5737 Eucharistias'
1293 5677 1638 5734 sacraincnto
1679 5677 2092 5746 describuntur,

505 5750 859 5826 referturque
885 5751 1218 5826 Borengarii
1231 5750 1506 5826 eonﬁassio
1525 5765 1648 5826 cap.
1676 5749 1866 5826 l1Nec

506 5767 718 5811 ralem
786 5767 859 5810 ne
885 5767 1506 5826 mrengarueomesslo
1525 5767 1592 5806 ca
1635 5789 1648 5806 .
1676 5767 1866 5808 LNGO
1887 5767 2097 5806 marum

506 5833 676 5897 sane,
692 5767 874 5884 salse
896 5822 1021 5902 ipsa
1043 5828 1404 5899 tempestate,
1419 5821 1568 5882 adeo
1592 5767 2098 5884 ﬁtale'momtram

2183 559 2496 630 sumierant
2523 557 2655 614 Boni
2684 557 2889 626 mores,
2923 565 2979 614 et
3002 559 3282 630 pecudum
3311 557 3468 630 more
3495 572 3652 611 coeno
3672 571 3775 630 vo-

2181 621 2461 701 luptatum
2481 639 2624 701 pene
2644 647 2856 696 omnes,
2878 621 3239 701 ecclesiastici
3266 628 3622 701 potissimum
3640 625 3772 701 viri,

2181 696 2712 774 convolutabantur;
2734 707 2904 774 atque
2926 699 3050 756 ideo
3069 696 3286 771 oportet
3300 702 3519 774 hereses
3549 714 3672 774 esse,
3692 696 3782 752 in-

2181 771 2306 843 quit
2325 774 2645 844 Apostolus,
2667 779 2730 827 ut
2751 768 2851 842 qui
2873 768 3271 842 probati—sunt,
3295 768 3582 844 manifesti
3599 772 3743 844 ﬁant
3756 783 3775 833 ;

2181 839 2405 915 poenam
2422 844 2625 926 etenim
2634 839 2851 926 peccati
2867 839 3125 926 haeresim
3141 839 3780 926 unanimi-consensione

2182 913 2442 970 asserunt
2470 913 2657 970 sancti
2690 917 2903 970 Patres.
2935 915 3130 970 Tantis
3161 913 3324 968 malis
3354 916 3420 968 ut
3456 915 3781 967 occurreret

2182 1002 2435 1052 summus
2463 987 2718 1041 Ecclesiae
2747 991 2938 1052 pastor
2965 986 3248 1052 Nicolaus,
3283 983 3600 1049 concilium,
3625 981 3781 1036 vices

2183 1051 2334 1112 illius
2372 1062 2602 1127 gerente
2630 1057 2689 1111 in
2721 1051 2916 1112 Galliis
2959 1051 3564 1127 Stephanocardinali,
3595 1052 3780 1107 voluit

2181 1125 2469 1183 celebrari.
2490 1129 2662 1200 Cujus
2681 1125 3078 1199 antigraphuni
3095 1129 3154 1182 in
3172 1126 3311 1200 folio
3323 1125 3776 1200 membranaceo,

2182 1215 2224 1271 a7
2261 1200 2450 1254 codice
2489 1195 2732 1271 quodam
2784 1195 2994 1266 avulso,
3039 1204 3096 1253 et
3131 1215 3260 1253 cum
3297 1197 3465 1271 blatis
3511 1202 3568 1271 et
3606 1195 3782 1250 tineis

2181 1270 2417 1337 rixante,
2441 1268 2614 1325 manu
2641 1287 2823 1325 coaeva
2851 1275 3160 1335 exaratum,
3179 1285 3251 1324 ne
3271 1268 3496 1340 penitus
3507 1268 3778 1340 intereat,

2181 1341 2269 1395 his
2315 1341 2770 1396 adnotationibus
2813 1342 2945 1408 (etsi
2981 1341 3216 1396 forsitan
3245 1337 3315 1395 ad
3352 1357 3474 1396 rem
3515 1338 3668 1394 haud
3694 1337 3784 1392 ita

2180 1411 2363 1484 faciat)
2391 1413 2615 1468 insuere
2633 1429 2747 1468 non
2770 1411 3134 1468 morabimur.

2482 1501 2882 1557 CONCILIUM
2917 1502 3019 1556 AN
3022 1499 3362 1556 DEGAVEN
3366 1498 3472 1553 SE.

2248 1589 2332 1644 Ab
2360 1589 2747 1644 incarnatione
2776 1588 3002 1643 Domini
3029 1587 3208 1643 nostri
3223 1588 3355 1642 Jesu
3382 1584 3590 1642 Christi
3619 1600 3776 1639 anno

2183 1658 2340 1724 i060,
2371 1660 2673 1714 indictione
2702 1675 2823 1724 XIII,
2863 1660 2989 1714 Kal.
3022 1659 3228 1722 Martii,
3263 1659 3422 1713 Luna
3444 1671 3546 1712 xm
3683 1654 3773 1728 x],

2183 1747 2236 1782 IV
2264 1732 2421 1782 feria.
2446 1731 2776 1782 praesidente
2801 1732 3082 1782 Stephano
3104 1729 3387 1782 catholicae
3412 1728 3567 1782 urbis
3631 1743 3773 1782 ornas

2183 1747 2236 1786 IV
2264 1732 2421 1803 feria,
2441 1731 2776 1803 praesidente
2801 1732 3082 1802 Stephano
3104 1728 3567 1803 catholicaeurbis
3580 1728 3784 1803 Romae

2183 1798 2467 1874 cardinalif
2484 1802 2839 1874 presbytero,
2862 1798 2920 1874 et
2939 1801 3258 1874 apostolicae
3288 1798 3684 1874 sedisivicario,
3716 1801 3786 1874 in

2117 1873 2418 1942 BBasilica
2446 1872 2636 1928 sancti
2653 1872 2939 1938 Mauricii,
2974 1872 3373 1943 sociorumque
3402 1873 3542 1943 ejus,
3579 1873 3787 1943 sancta

2179 1945 2444 2020 synodus,
2478 1961 2600 2020 quae
2621 1961 2687 2020 ex
2719 1949 2994 2020 praecepto
3020 1943 3232 2020 domini
3260 1939 3446 2020 nostri
3467 1939 3785 2020 beatissimi

2181 2012 2386 2092 summi
2407 2012 2686 2087 pontiﬁcis
2717 2012 2774 2070 et
2801 2012 3130 2092 universalis
3158 2025 3316 2085 papae
3335 2012 3570 2092 Nicolai,
3603 2012 3788 2092 Turo-

2181 2087 2288 2152 nis,
2322 2081 2445 2157 quaa
2474 2093 2558 2140 est
2583 2085 2907 2157 metropolis
2929 2085 3139 2145 Galliae,
3158 2081 3446 2157 convenit,
3462 2081 3782 2157 propositis

2181 2103 2288 2152 ms,
2322 2103 2445 2157 quae
2474 2101 2558 2140 est
2583 2101 2907 2157 metropous
2929 2101 3139 2145 Uraniae,
3170 2101 3446 2149 convenn,
3462 2101 3782 2208 Broposrus

2181 2159 2550 2212 sacrosanctis
2579 2157 2880 2228 evangeliis
2920 2163 2977 2211 et
3014 2155 3326 2228 praemissis
3348 2155 3424 2228 ad
3498 2170 3641 2228 eum
3685 2153 3785 2208 in-

2178 2228 2493 2300 tentissime
2536 2225 2812 2300 precibus,
2870 2225 3128 2300 diligenti
3176 2225 3621 2300 consideratione
3662 2240 3783 2300 ire-

2179 2300 2432 2382 tractatis
2460 2295 2564 2382 iis,_
2579 2299 2639 2353 in
2685 2299 2887 2382 quibus
2927 2295 3318 2382 Ecclesiamru‘
3341 2302 3520 2382 status
3559 2295 3618 2350 in
3651 2299 3784 2350 toto

2179 2387 2320 2442 pene
2341 2370 2493 2442 orbe,
2517 2375 2575 2425 et
2587 2368 2901 2442 maximein
2925 2370 3140 2442 Galliis,
3163 2368 3422 2442 vacillare
3449 2371 3506 2442 et
3523 2383 3789 2442 pessum:

2179 2437 2301 2495 dari
2328 2439 2639 2512 videbatur,
2674 2457 2796 2512 quae
2836 2441 3078 2512 breviter
3119 2440 3268 2496 infra
3309 2437 3785 2512 placuit’adnecti

2179 2511 2454 2583 condigna
2481 2511 2855 2568 sollicitudine
2879 2511 3150 2568 deﬁnivit.

2820 2601 3054 2656 CAPUT
3087 2599 3133 2658 Ῑ.

2250 2689 2437 2744 Sancti
2465 2689 2706 2761 Spiritus
2731 2689 3089 2761 auctoritate,
3109 2693 3175 2744 ut
3201 2689 3502 2761 credimus,
3527 2687 3588 2761 in
3611 2686 3787 2761 Chal-

2178 2761 2477 2816 cedonensi
2491 2757 2704 2832 synodo
2722 2760 3095 2821 sententia'de
3111 2759 3444 2816 Simoniacis
3465 2757 3789 2832 prolatasic

2179 2832 2249 2886 ab
2283 2829 2540 2886 omnibus
2576 2831 2903 2886 observetur
2942 2837 3222 2902 quatenus
3259 2829 3581 2902 quicunque
3612 2829 3784 2902 dein-

2179 2919 2308 2974 ceps
2338 2902 2594 2974 pecunia,
2618 2908 2725 2974 aut
2737 2903 2926 2974 aliqua
2953 2901 3378 2974 inconveniente
3408 2901 3788 2974 conventione

2178 2973 2450 3039 saeculari,
2469 2978 2568 3028 aut
2583 2973 2831 3044 quolibet
2847 2973 3011 3044 modo
3026 2979 3223 3028 contra
3240 2973 3572 3044 canonicam
3581 2984 3790 3027 censu-

2180 3062 2323 3113 ram,
2348 3043 2752 3116 episcopatum,
2773 3050 2873 3100 aut
2891 3043 3197 3106 abbatiam,
3230 3050 3331 3116 aut
3357 3043 3788 3116 archidiaconu-

2181 3121 2322 3197 tum,
2353 3113 2451 3197 seu
2478 3113 3107 3197 archipresbyteratum,
3141 3119 3242 3170 aut
3260 3114 3506 3197 aliquam

1739 3189 1845 3242 arii
1887 3189 2096 3243 eadem
2113 3185 2158 3259 ο
2182 3193 2295 3241 tem
2330 3185 2781 3251 ecclesiasticam,
2808 3185 2929 3240 sive
2957 3186 3031 3240 ali
3073 3203 3203 3240 uem
3223 3185 3483 3256 gradum,
3509 3185 3595 3239 vel
3612 3185 3789 3240 mini-

1739 3276 1945 3311 ancum
1975 3266 2096 3311 tum
2180 3259 2435 3311 sterium.
2451 3259 2536 3311 vel
2551 3257 2904 3311 beneﬁcium.
2924 3204 3072 3311 quod
3089 3257 3314 3311 nonnisi
3335 3256 3550 3311 clericis
3567 3255 3789 3310 habere

504 3257 726 3324 litterae,
756 3262 821 3312 ut
865 3257 1090 3328 quidem
1122 3259 1324 3324 sentio,
1353 3259 1424 3312 ad
1473 3260 1534 3312 B.
1574 3257 1945 3314 Lanfrancum
1975 3266 2096 3314 tum
2128 3257 2141 3259 “
2180 3259 2536 3324 sterium,vel
2551 3257 2904 3323 beneﬁcium,
2924 3273 3033 3328 quo

3089 3255 3314 3312 nonnisi
3335 3256 3550 3312 clericis
3567 3255 3790 3310 habere

2180 3334 2501 3384 sanctorum
2527 3329 2760 3383 Patrum
2786 3327 3022 3383 sancivit
3048 3328 3372 3395 auctoritas,
3403 3327 3539 3382 dare
3567 3327 3654 3381 vel
3681 3343 3790 3381 ae-

2179 3400 2364 3470 cipere
2392 3399 2643 3470 quolibet
2671 3399 2837 3454 modo
2867 3399 3171 3454 canonibus
3209 3397 3492 3470 contrario
3519 3403 3790 3470 tentave-

2179 3468 2272 3533 rit,
2296 3476 2353 3525 et
2379 3468 2520 3524 dans
2540 3487 2580 3542 7a
2604 3471 2836 3542 proprio
2870 3470 3095 3542 decidat
3120 3471 3302 3540 gradu
3333 3475 3389 3525 et
3407 3468 3709 3542 dignitate,
3727 3475 3800 3525 et;

2177 3542 2457 3614 accipiens
2477 3541 2871 3608 ministerium,
2896 3558 2996 3596 seu
3016 3541 3350 3614 beneﬁcium
3373 3541 3522 3596 male
3538 3555 3791 3612 usurpa-

2177 3613 2317 3680 tum,
2359 3629 2649 3685 nunquam
2677 3618 3131 3684 recuperaturus,
3163 3613 3414 3670 amittat.

2246 3789 2304 3871 Si
2350 3789 2475 3861 quis
2516 3795 2622 3871 aut
2675 3789 3121 3871 episcopus,_aut
3167 3789 3432 3871 praelatus
3482 3779 3776 3871 quislibet,

2172 3859 2675 3933 contra—praeﬁxam
2707 3859 2959 3932 regulam
2972 3859 3188 3933 aliquot
3211 3859 3650 3933 ecclesiasticum
3675 3860 3789 3914 mi-

2175 3931 2492 4004 nisterium.
2522 3933 2612 3986 vel
2642 3931 2812 4004 etiam
2838 3933 3020 4003 ipsam
3049 3931 3430 4004 praebendam,
3444 3947 3581 4004 quae
3602 3945 3787 4004 cano-

2174 4003 2301 4057 nica
2328 4003 2550 4067 dicitur,
2580 4002 2840 4057 ordinare
2861 3995 2963 4058 aut
2985 3995 3120 4058 dare
3139 4003 3400 4068 voluerit,
3417 3995 3593 4056 libere
3605 3995 3788 4056 liceat

2175 4074 2391 4146 clericis
2417 4074 2818 4141 contradicere,
2852 4080 2909 4128 et
2933 4075 3241 4129 vicinorum
3276 4073 3788 4146 episcoporum_ju-

2175 4145 2407 4218 dicium,
2431 4146 2536 4211 vel,
2569 4146 2616 4199 si
2644 4161 2871 4218 necesse
2899 4146 3088 4213 fuerit,
3121 4143 3558 4218 ipsam—quoque
3578 4143 3785 4199 sedem

2175 4215 2538 4289 apostolicam
2560 4216 2861 4288 appellare.

2779 4303 3012 4360 CAPUT
3060 4305 3161 4360 III.

2242 4394 2385 4449 Item
2408 4398 2474 4448 ut
2500 4392 2688 4465 nullus
2715 4393 3124 4465 episcoporum,
3142 4392 3244 4465 vel
3273 4393 3634 4465 praelatorum
3660 4394 3778 4450 ali-

2175 4466 2322 4536 quod
2352 4481 2561 4536 novum
2608 4463 2940 4519 beneficium
2969 4465 3038 4519 de
3078 4464 3244 4519 rebus
3276 4463 3365 4518 ’ad
3402 4465 3497 4536 jus
3527 4465 3781 4523 ecclesia

2175 4535 2586 4608 pertinentibus
2639 4536 2877 4608 ulterius
2931 4540 3233 4607 praesumat
3278 4541 3476 4590 contra
3494 4547 3783 4608 “canones

2176 4606 2343 4689 alicui
2367 4607 2606 4689 vendere
2629 4614 2728 4689 aut
2753 4607 2906 4662 dare.
2932 4606 3271 4689 Quicunque
3297 4623 3430 4689 vero
3457 4606 3670 4689 aliquid
3687 4611 3780 4689 ad

1526 4683 1872 4754 ieronymus,
1903 4684 2092 4754 Auguc
2169 4680 2264 4750 jus
2287 4679 2541 4754 ecclesiae
2565 4678 2888 4754 pertinens,
2931 4677 3036 4754 sub
3080 4677 3622 4754 nominebeneﬁcii,
3654 4678 3780 4736 sive

2177 4748 2428 4821 quolibet
2454 4748 2646 4821 modo,
2673 4748 2743 4802 ab
2771 4749 3005 4803 ecclesia
3042 4749 3288 4804 alienare
3325 4749 3597 4821 hactenus
3623 4765 3780 4821 prae-

2174 4820 2436 4892 sumpsit,
2471 4821 2528 4892 si
2563 4820 2746 4892 adhuc
2773 4825 3050 4892 superest,
3092 4820 3488 4892 autfrestituat
3525 4820 3784 4878 ecclesia

2175 4889 2323 4963 quod
2374 4891 2526 4946 male
2558 4889 2862 4956 subtraxit,
2893 4897 2994 4947 aut
3021 4891 3287 4948 canonica
3329 4892 3602 4948 multetur
3639 4908 3780 4948 sen-

2174 4963 2374 5019 tentia.

2797 5033 3030 5089 CAPUT
3058 5035 3154 5090 IV.

2247 5104 2449 5159 Nullus
2484 5103 2773 5177 ecclesiam
2816 5117 3100 5176 magnam,
3134 5105 3218 5160 vel
3248 5121 3477 5177 parvam
3503 5103 3776 5177 deinceps

2179 5176 2300 5231 sine
2329 5189 2604 5230 consensu
2629 5176 2872 5248 episcopi
2890 5177 2948 5231 in
2969 5177 3129 5248 cujus
3153 5176 3419 5247 parbchia
3437 5181 3540 5248 est,
3560 5191 3596 5229 a
3614 5176 3784 5233 laieis

2179 5252 2484 5328 praesumat
2507 5247 2779 5328 ‘accipere
2820 5247 3074 5328 quolibet
3124 5249 3324 5328 modo;
3369 5247 3698 5328 sedanneq'ne
3743 5266 3782 5303 a

2180 5317 2402 5386 clerico,
2439 5318 2526 5372 vel
2550 5317 2856 5390 monacho,
2877 5337 2976 5374 seu
3004 5319 3165 5386 laico,
3205 5318 3308 5374 sub
3339 5318 3505 5390 pretii
3531 5317 3780 5389 alicujus

2183 5390 2500 5444 venalitate.
2531 5389 2690 5453 Quod
2728 5390 2774 5444 si
2807 5390 3020 5457 fecerit,
3051 5395 3110 5444 et
3136 5389 3386 5445 vendens
3409 5394 3467 5445 et
3489 5405 3683 5444 emens
3705 5406 3779 5446 ea

2179 5467 2385 5517 careat.

2801 5534 3034 5588 CAPUT
3061 5534 3128 5587 V.

2249 5605 2660 5660 Conﬁrmamus
2689 5603 2864 5659 etiam
2895 5610 2960 5660 ut
2992 5604 3217 5659 nonnisi
3245 5604 3304 5657 in
3332 5603 3501 5658 unius
3528 5601 3777 5661 civitatis

2177 5676 2442 5753 ecclesiis,
2460 5675 2978 5753 quisquamamodo
3000 5675 3228 5753 aliquod
3241 5675 3496 5753 clericale
3519 5673 3777 5753 ofﬁcium

2177 5746 2655 5882 ἓῖἓῇιέθὲἓΐὲΐ
2683 5748 2779 5820 qui
2833 5746 3226 5821 pravaricatus
3271 5746 3460 5817 fuerit,
3501 5747 3780 5806 canonica
