3952 6428
163 432 225 497 7‘3
869 438 1047 501 DOM.
1089 428 1297 500 L'Uca:
1334 440 1684 502 DACHERII
1722 434 1944 501 NOTzE
1982 438 2071 497 ET
2107 433 2720 497 OBSERVATIONES.

460 579 815 624 PRIVILEGIUM
844 584 1147 625 CLEMENTIS
1185 584 1339 625 ΡΛΡᾸΞ
1373 585 1451 626 VI.

168 712 271 778 Quo
295 709 353 765 S.
377 711 651 781 Stephani
675 712 1023 768 Codomensz's
1042 713 1329 766 abbatibus
1349 716 1602 781 insignia
1624 730 1760 783 pon-

695 786 926 850 tiﬁcalia
946 786 1245 852 permittit.

238 944 260 974 ι
298 923 585 997 Clemens,
619 940 814 997 servus
844 941 1131 997 servorum
1164 925 1285 989 Dei,
1326 926 1396 997 ad
1435 932 1763 997 perpetuam

169 994 242 1048 rei
261 994 621 1051 memoriam.
647 996 864 1049 Sancta:
884 996 1149 1049 Romanae
1170 996 1423 1050 Ecclesiae
1437 994 1642 1050 matris
1667 999 1765 1051 Ec-

169 1065 459 1119 clesiarum
487 1066 742 1120 omnium
768 1071 826 1120 et
854 1067 1153 1136 magistrae,
1186 1067 1317 1120 licet
1344 1068 1633 1133 immeriti,
1667 1085 1759 1121 re-

170 1136 379 1217 gimini‘
388 1137 782 1217 praesidentes,
816 1153 1011 1217 earum
1039 1136 1511 1217 statu‘m‘libenter
1536 1139 1765 1217 liquoris

169 1206 902 1287 impendiisppomovemus,
932 1213 989 1261 et
1017 1224 1139 1287 quae
1177 1207 1476 1262 dubietatis
1506 1209 1764 1287 anfractu

168 1278 457 1349 materiam
472 1278 788 1347 litigiorum
805 1279 885 1331 eis
898 1295 999 1348 pro
1018 1285 1270 1349 tempore
1289 1286 1517 1348 possent
1529 1280 1759 1341 inferre,

169 1348 521 1412 declarando,
555 1354 831 1419 quantum
854 1349 1013 1402 nobis
1039 1348 1301 1419 posSibile
1330 1350 1606 1413 redditur,
1639 1350 1766 1403 sub-

171 1434 474 1489 movemus.
508 1419 733 1472 Dudum
747 1419 1025 1489 siquidem
1044 1420 1374 1473 dilectorum
1396 1421 1638 1474 ﬁliorum
1663 1421 1766 1474 Ro-

171 1488 302 1543 berti
338 1488 565 1543 abbatis
615 1494 671 1543 et
706 1488 1009 1543 conventus
1054 1490 1380 1544 monasterii
1420 1491 1609 1544 Sancti
1639 1492 1765 1545 Ste-

168 1560 335 1630 phani
348 1560 420 1631 de
444 1560 695 1631 Cadomo
711 1560 924 1613 ordinis
942 1562 1118 1614 sancti
1139 1561 1421 1615 Benedicti
1447 1562 1766 1631 Bajocensis

173 1630 421 1684 dioecesis
453 1630 837 1702 insinuatione
865 1636 1126 1702 percepto
1154 1632 1301 1700 quod
1330 1630 1623 1702 praefatum
1654 1649 1769 1685 mo-

170 1701 473 1755 nasterium
517 1700 666 1755 inter
709 1701 823 1754 alia
866 1700 1110 1771 partium
1157 1700 1381 1755 illarum
1428 1704 1768 1756 monasteria

171 1778 284 1825 erat
301 1771 495 1843 nobile
524 1776 581 1843 et
607 1772 847 1841 insigne,
882 1777 940 1825 et
965 1773 1025 1825 in
1067 1789 1132 1825 eo
1162 1789 1368 1843 magna
1401 1789 1532 1842 pars
1570 1774 1767 1843 capitis

168 1842 569 1914 gloriosissimi
583 1844 1014 1914 protomartyris
1038 1842 1255 1912 praefati
1275 1844 1453 1897 sancti
1474 1842 1761 1914 Stephani,

172 1911 262 1967 nec
290 1929 407 1967 non
450 1912 649 2035 capitis
679 1911 859 1966 beatae
887 1911 1218 1982 Margaretaa
1266 1915 1553 1983 martyris,
1574 1911 1769 1984 _prout

172 1985 220 2035 in
238 1984 351 2035 illis
366 1982 521 2035 narti
562 2000 627 2035 us
647 1984 959 2035 communis
986 1984 1234 2035 ﬁdelium
1252 1985 1439 2035 oninio
1459 1985 1762 2035 asserebat.

169 1985 220 2037 in
238 1984 351 2037 illis
366 1982 521 2053 parti

171 2052 468 2125 multaeque
485 2052 728 2107 aliorum
757 2052 1347 2125 sanctorumreliqui—ze
1369 2055 1772 2109 honorabiliter

172 2125 558 2185 servabantur,
590 2129 821 2194 propter
856 2141 977 2195 quae
1029 2124 1100 2178 ad
1147 2126 1330 2194 ipsum
1363 2127 1769 2179 monasterium

175 2196 370 2266 saepius
426 2195 677 2266 undique
710 2211 847 2251 cum
895 2211 1101 2265 magna
1127 2195 1420 2249 devotione
1456 2197 1773 2250 confluebat

177 2265 477 2319 multitudo
508 2265 761 2318 ﬁdelium
787 2266 1011 2336 copiosa
1034 2284 1046 2332 ;
1080 2272 1312 2336 eratque
1338 2266 1507 2320 etiam
1534 2267 1593 2320 in
1622 2268 1769 2321 dicto

181 2336 521 2417 monasterio
570 2352 776 2417 corpus
806 2337 1113 2417 recolendae
1154 2338 1440 2417 memoriae
1485 2338 1771 2417 Guillelmi

180 2408 324 2477 regis
342 2407 565 2477 Anglize
600 2406 925 2477 principalis
952 2408 1198 2476 ejusdem
1228 2409 1554 2462 monasterii
1578 2409 1773 2462 funda-

178 2476 310 2531 toris
338 2476 738 2531 venerabiliter
766 2478 1127 2543 tumulatum,
1162 2479 1257 2548 qui
1287 2479 1501 2532 dudum
1530 2480 1770 2533 existens

172 2549 278 2602 dux
302 2548 693 2619 Nortmanniae
714 2548 863 2619 cepit
889 2565 1125 2619 regnum
1150 2549 1365 2618 Angliae
1385 2549 1436 2602 vi
1458 2566 1765 2616 armorum,

171 2619 301 2673 dicti
329 2635 557 2689 quoque
586 2618 758 2672 abbas
804 2624 861 2672 et
904 2618 1207 2673 cenventus
1232 2620 1292 2672 in
1330 2621 1527 2674 eodem
1572 2638 1769 2674 mona-

170 2690 360 2753 sterio,
394 2707 463 2744 ac
506 2689 779 2743 tredecim
806 2690 1218 2759 parochialibus
1245 2691 1489 2744 ecclesiis
1532 2697 1589 2745 et
1633 2692 1769 2745 locis

172 2778 389 2827 carum,
431 2776 497 2814 ac
526 2760 755 2831 capellis
791 2760 872 2814 eis
900 2760 1285 2830 adjacentibus
1322 2762 1568 2831 legitime
1596 2762 1769 2815 habe-

171 2836 297 2885 rent
342 2837 400 2884 et
432 2831 803 2903 possiderent,
848 2847 912 2884 ac
949 2831 1282 2886 habuissent
1310 2838 1366 2885 et
1392 2833 1771 2903 possedissent

172 2903 464 2973 hactenus,
493 2908 614 2955 tam
634 2901 741 2972 ipsi
764 2917 932 2971 quam
953 2918 1145 2957 eorum
1177 2901 1613 2973 praedecessores
1642 2920 1770 2957 con-

169 2973 349 3036 tinuo,
372 2972 581 3045 libere,
613 2973 844 3045 pacifice
869 2977 927 3026 et
954 2972 1241 3045 quiete,iet
1264 2990 1299 3027 a
1329 2979 1487 3028 tanto
1515 2979 1769 3045 tempore

171 3046 330 3114 cujus
368 3043 520 3097 initii
561 3043 985 3114 memorianon
1013 3044 1283 3110 exstabat,
1318 3043 1769 3114 jurisdictionem

173 3113 530 3179 spiritualem
578 3119 633 3168 et
663 3113 1112 3179 ecclesiasticam,
1160 3131 1225 3168 ac
1273 3113 1673 3170 cerrectionem
1710 3116 1770 3169 in

173 3184 406 3257 clericos
436 3189 494 3238 et
520 3201 790 3257 personas
818 3185 1219 3257 ecclesiasticas
1248 3186 1635 3257 delinquentes
1660 3186 1768 3240 ibi-

174 3256 338 3322 dem;
365 3272 402 3309 a
432 3271 546 3325 qua
566 3255 790 3325 quidem
810 3256 1194 3320 iurisdictione
1220 3262 1277 3310 et
1301 3255 1495 3311 eorum
1522 3258 1766 3324 ofﬁciali,

174 3342 288 3380 non
332 3327 405 3380 ad
451 3325 982 3398 epiSCOpalem,_sed
1022 3328 1530 3398 Rothomagensem
1577 3345 1773 3383 eorum

177 3397 618 3468 metropolitam,
640 3396 754 3452 seu
802 3396 875 3450 ad
905 3399 1269 3468 apostolicam
1307 3396 1497 3452 sedem
1538 3416 1772 3453 consue-

177 3472 300 3522 tum
329 3473 456 3521 erat
484 3472 543 3521 et
569 3468 753 3540 fuerat
777 3469 1116 3540 regulariter
1142 3469 1338 3523 adicto
1368 3475 1621 3540 tempore
1644 3472 1773 3523 hac-

176 3545 344 3592 tenus
425 3538 715 3609 appellari,
786 3555 1004 3592 necnon
1061 3539 1339 3593 dictarum
1413 3538 1777 3594 ecclesiarum

175 3609 424 3676 collatio,
486 3624 794 3677 earumque
846 3626 991 3664 cura
1035 3611 1373 3675 commissio,
1415 3610 1679 3677 visitatio,
1721 3615 1778 3664 et

175 3679 501 3751 procuratio
531 3680 602 3733 ad
644 3679 904 3734 abbatem
934 3685 991 3733 et
1021 3687 1352 3734 conventum
1384 3682 1774 3751 pertinebant;

178 3752 410 3805 eosdem
436 3767 547 3821 nos
562 3751 809 3821 volentes
830 3756 948 3804 tam
978 3768 1273 3821 personam
1290 3751 1517 3805 Roberti
1540 3752 1773 3816 abbatis,

179 3821 376 3892 lipsius
386 3820 787 3891 multiplicium
807 3820 1077 3875 virtutum
1098 3822 1314 3875 meritis
1329 3828 1386 3875 et
1397 3823 1627 3877 sincera:
1647 3824 1781 3876 dile-

178 3892 399 3953 ctionis,
445 3908 617 3963 quam
658 3892 729 3945 ad
757 3909 861 3945 nos
896 3897 953 3945 et
983 3892 1291 3946 Romanam
1337 3893 1570 3962 gerebat
1613 3899 1782 3963 prout

177 3962 326 4033 gerit
362 3962 688 4033 Ecclesiam,
720 3963 922 4016 affectu
950 3963 1184 4017 ferventi
1218 3964 1578 4032 exigentibus)
1613 3962 1782 4033 quam

178 4032 632 4105 monasterium}
659 4032 972 4105 praedictos,
1005 4034 1450 4105 consideratione
1473 4032 1784 4105 praemisso-

178 4121 329 4167 rum,
382 4102 733 4175 specialibus,
780 4103 1086 4175 privilegiis
1129 4110 1186 4158 et
1222 4102 1783 4175 ihonoriswimpendis

179 4176 472 4240 decorare,
507 4174 836 4228 eorumdem
874 4174 1104 4227 Roberti
1148 4174 1364 4228 abbatis
1392 4181 1448 4228 et
1476 4174 1782 4231 conventus

177 4246 238 4299 in
267 4246 376 4300 hac
401 4250 568 4315 parte
614 4244 1115 4315 supplicationibus
1141 4246 1413 4311 inclinati,
1447 4247 1629 4300 eidem
1666 4248 1780 4301 Ro-

177 4316 340 4371 berto
372 4314 566 4369 abbati
605 4320 662 4368 et
686 4314 1112 4369 "successoribus
1139 4317 1257 4370 suis
1287 4316 1581 4371 abbatibus
1629 4319 1781 4385 ejus-

180 4388 307 4441 dem
338 4385 699 4458 monasterii,
742 4387 1050 4458 quiessent
1086 4404 1188 4457 pro
1214 4393 1485 4458 tempore,
1532 4394 1595 4442 ut
1631 4389 1781 4443 idem

181 4458 463 4512 Robertus
495 4461 553 4511 et
594 4456 673 4509 illi
713 4456 897 4511 mittis
927 4456 1112 4511 aureis
1140 4458 1254 4512 sive
1300 4456 1604 4524 deauratis,
1639 4460 1782 4513 lam-

178 4546 299 4583 mas
319 4536 381 4583 et
406 4543 668 4599 gemmas
687 4526 1042 4601 habentibus,
1068 4534 1125 4601 et
1140 4529 1481 4591 auriﬁciatis,
1504 4536 1559 4583 et
1579 4530 1779 4601 planis,

180 4598 509 4670 annuloque
531 4603 590 4652 et
615 4598 902 4663 sandaliis,
938 4604 995 4653 et
1041 4600 1164 4653 aliis
1202 4598 1613 4670 pontiﬁcalibus
1644 4601 1783 4654 insi-

3365 454 3431 509 74

1773 574 1825 632 Α
1843 569 2125 634 existeret,
2152 585 2179 620 ν
2212 568 2284 621 ad
2313 583 2506 622 omnes
2533 565 2911 637 praecedentes
2931 568 3207 626 clausulas
3232 574 3438 630 refera-

1841 646 1956 721 tur,
1997 638 2157 721 nobis
2181 639 2330 721 idem
2358 637 2530 721 abbas
2564 637 2854 721 humiliter
2881 641 3215 721 supplicavit
3238 651 3303 699 ut
3339 648 3437 701 du-

1839 711 1995 765 bium
2013 710 2332 784 hujusmodi
2349 709 2651 784 declarare,
2668 725 2733 761 ac
2747 708 3070 784 etiamsifet
3087 713 3145 766 in
3162 722 3437 784 quantum

1842 798 1983 851 Opus
2019 781 2208 845 fuerit,
2242 781 2425 850 quoad
2454 779 2583 832 alba
2626 779 2971 850 pontiﬁcalia
3000 799 3101 851 per
3128 779 3438 843 Rbbertum

1845 800 1874 835 ο
1918 800 1983 835 us
2019 800 2208 845 ruerit,
2242 800 2425 850 quoau
2454 800 2583 832 ama
2626 800 2971 850 ponuucaua
3000 800 3101 851 per
3129 800 3438 843 uooenum

1845 800 2124 917 abbatem,
2170 855 2226 904 et
2254 866 2599 904 successores
2628 866 2758 903 suos
2800 852 3092 920 praedictos
3137 856 3196 909 in
3226 859 3439 912 eisdem

1844 923 2112 997 coneiliis,
2133 927 2189 997 et
2216 922 2445 991 synodis
2473 921 2792 997 deferenda,
2812 924 3225 997 concessionem
3247 929 3441 997 hujus-

1846 994 1997 1067 modi
2022 992 2312 1067 ampliare,
2338 991 2626 1067 providere
2657 992 2725 1067 de
2759 991 3103 1067 benignitate
3136 991 3441 1067 apostolica

1846 1065 2224 1133 dignaremur.
2255 1063 2370 1116 Nos
2400 1062 2591 1131 itaque
2620 1062 2692 1114 ad
2714 1062 2938 1116 omnem
2956 1062 3258 1122 dubietatis
3289 1087 3440 1125 scru-

1845 1137 2041 1205 pulum
2061 1133 2450 1205 auferendum,
2473 1137 2669 1205 tenore
2697 1135 3060 1202 praesentium
3088 1138 3440 1195 declaramus

1846 1202 2051 1259 nostrae
2079 1202 2405 1257 intentionis
2424 1202 2595 1255 fuisse
2625 1209 2682 1255 et
2701 1219 2823 1256 esse
2845 1210 2909 1257 ut
2935 1205 3107 1260 abbas
3139 1216 3196 1262 et
3218 1227 3441 1266 succes-

1847 1292 2001 1329 sores
2029 1276 2204 1344 ipsius
2226 1273 2493 1344 praedicti,
2520 1344 2523 1345 ν
2547 1273 2959 1345 niitrisdaureis
2988 1277 3102 1330 sive
3132 1280 3436 1345 deauratis,

1846 1343 2086 1399 laminas
2125 1351 2182 1397 et
2220 1343 2472 1414 gemmas
2517 1343 2873 1407 habentibus,
2905 1363 2969 1399 ac
2998 1349 3355 1406 aurifrisiatis
3385 1343 3442 1407 et

1846 1418 2049 1498 planis,
2059 1416 2413 1498 .annulisque‘
2427 1418 2484 1498 ei:
2499 1415 2784 1498 sandaliis,
2800 1432 2863 1498 ae
2880 1417 3004 1496 aliis
3026 1420 3440 1498 pontiﬁcalibus

1846 1485 2123 1557 insigniis,
2155 1486 2310 1558 horis
2347 1486 2418 1538 ad
2455 1485 2572 1558 haec
2593 1486 2774 1558 aptis,
2807 1485 3143 1558 ubicunque,
3174 1492 3346 1546 etiam
3380 1495 3441 1548 in

1847 1555 2146 1629 praesentia
2173 1556 2489 1629 dioecesani,
2525 1555 2612 1629 vel
2641 1557 2940 1629 cujuslibet
2966 1555 3196 1615 alterius
3225 1564 3444 1618 antisti-

1848 1627 1940 1705 tis,
1965 1634 2338 1705 prmterqliam
2359 1627 2417 1679 in
2447 1627 2879 1705 provincialibus
2906 1631 3152 1705 conciliis
3182 1639 3239 1687 et
3271 1651 3442 1705 syno-

1848 1700 1935 1774 dis
1964 1697 2370 1774 episcopalibus
2394 1716 2406 1765 ;
2431 1703 2488 1750 et
2511 1697 2570 1774 in
2592 1697 2803 1750 eisdem
2828 1700 3076 1774 conciliis
3105 1707 3162 1756 et
3188 1697 3436 1774 synodis,

1846 1768 2030 1841 planis
2066 1768 2643 1842 mit_ris_uti‘possint,
2695 1774 2752 1822 et
2796 1770 2945 1842 quod
2982 1771 3133 1826 dicta
3167 1768 3438 1842 clausula,

1853 1838 1876 1892 ἒ
1911 1840 2214 1917 dummodo
2233 1838 2436 1909 aliquis
2453 1839 2752 1917 antistites,
2785 1841 2869 1893 vel
2898 1842 3130 1917 legatus
3146 1846 3295 1899 sedis
3314 1838 3444 1917 apo;

1849 1912 2056 1965 stolicze
2112 1926 2356 1981 prmsens
2416 1925 2529 1963 non
2575 1911 2855 1975 existeret,
2907 1930 2931 1962 »
2991 1914 3061 1965 ad
3115 1911 3443 1972 immediate

562 2000 627 2036 us
647 1984 959 2037 communis
986 1981 1234 2061 fidelium
1252 1981 1439 2061 opinio
1459 1981 1762 2061 asserebat,
1785 2003 1831 2061 Β
1851 1982 2260 2061 praecedentem
2301 1981 2630 2061 clausulam,
2660 1981 2919 2061 uidelicet
2946 1983 3015 2036 de
3034 1983 3442 2061 benedictione

1852 2052 2089 2127 solemni
2115 2052 2526 2127 tantummodo.
2556 2057 2613 2104 et
2636 2052 2963 2127 nullatenus
2982 2054 3052 2106 ad
3070 2056 3211 2127 alias
3232 2074 3441 2127 praece-

1852 2124 2048 2177 dentes
2089 2122 2366 2176 clausulas
2395 2122 2690 2175 referatur.
2726 2123 2794 2174 Et
2829 2123 3192 2179 nihilominus
3232 2122 3443 2184 eisdem

1852 2194 2095 2267 Roberto
2139 2192 2347 2267 abbati,
2397 2197 2454 2245 et
2508 2192 2919 2267 suceessoribus
2974 2196 3090 2267 suis
3138 2199 3438 2267 praedictis,

1854 2266 2002 2339 quod
2036 2264 2095 2339 in
2139 2262 2808 2339 eisdemnprovincialibus
2836 2265 3085 2339 conciliis
3127 2262 3186 2320 et
3213 2262 3440 2339 synodis

1853 2332 2023 2408 etiam
2065 2332 2399 2405 hujusmodi'
2430 2332 2569 2386 albis
2615 2334 3023 2408 pontiﬁcalibus
3051 2332 3321 2408 perpetuo
3353 2342 3439 2395 uti

1852 2406 2085 2476 possint,
2119 2404 2451 2476 quacunque
2477 2404 2878 2458 constitutione
2902 2404 3185 2462 contraria
3204 2426 3317 2465 non
3346 2412 3441 2465 ob-

1851 2483 2038 2531 stante
2067 2477 2421 2530 concedimus
2465 2480 2661 2528 tenore
2702 2477 3062 2545 praesentium
3108 2482 3442 2537 auctoritate

1851 2548 2156 2618 apostolica
2192 2548 2264 2619 de
2300 2546 2484 2619 gratia
2533 2546 2811 2619 ampliori.
2845 2548 2998 2601 Nulli
3037 2565 3169 2619 ergo
3211 2554 3441 2607 omnino

1849 2619 2139 2672 hominum
2166 2618 2332 2671 liceat
2359 2618 2504 2669 hanc
2528 2618 2789 2686 paginam
2817 2624 3020 2673 nostrae
3050 2618 3443 2678 declarationis

1853 2695 1910 2742 et
1946 2688 2317 2742 concessionis
2366 2687 2690 2757 infringere,
2739 2689 2824 2741 vel
2862 2690 2913 2742 ei
2950 2706 3093 2744 ausu
3139 2695 3442 2750 temerario

1852 2761 2151 2835 contraire.
2178 2758 2389 2835 Siquis
2419 2763 2617 2835 autem
2635 2759 2739 2811 hoc
2766 2764 3047 2835 attentare
3075 2779 3444 2835 praesumpse-

1851 2831 1945 2895 rit,
1986 2830 2432 2900 indignationem
2470 2829 2868 2898 omnipotentis
2908 2832 3009 2885 Dei
3048 2829 3105 2886 et
3148 2829 3445 2890 beatorum

1851 2900 2006 2955 Petri
2031 2908 2088 2955 et
2113 2901 2275 2955 Pauli
2305 2900 2687 2970 apostolorum
2711 2901 2830 2969 ejus
2860 2918 2919 2955 se
2947 2904 3165 2958 noverit
3191 2905 3449 2962 incursu-

1850 2988 1999 3027 rum.

1926 3062 1965 3114 «γ
1983 3043 2189 3097 Datum
2206 3040 2358 3114 apud
2380 3040 2586 3114 Villam
2614 3041 2831 3114 Novam
2856 3044 3320 3114 Avenionensem,
3352 3049 3444 3104 die

1851 3113 2066 3168 decimo
2111 3113 2393 3167 Kalendas
2445 3111 2594 3178 Julii,
2648 3113 3005 3182 pontiﬁcatus
3057 3119 3237 3173 nostri
3293 3111 3442 3175 anno

1853 3185 2069 3256 quinto.
2106 3202 2130 3235 )

1787 3277 1831 3337 C
1855 3292 2210 3366 Conﬁrmatio
2240 3293 2693 3366 finziizunitntum
2724 3295 3051 3366 monestcriz'
3076 3293 3132 3349 S.
3179 3296 3447 3366 Stephani

1926 3364 2289 3426 Cadomensz's,
2321 3364 2389 3434 ab
2434 3362 2829 3431 archiepiscopo
2864 3362 3285 3434 Rothomagensf
3322 3384 3447 3424 con-

1927 3450 2068 3487 cessa
2096 3449 2192 3486 an.
2220 3432 2383 3487 1170.

1931 3554 1959 3590 α
1998 3538 2295 3593 Roraoous
2322 3536 2420 3619 Dei
2449 3538 3136 3619 gratiahRothomagensis
3178 3546 3451 3619 archiepi-

1858 3625 2077 3679 scopus,
2107 3608 2475 3678 praesentibus
2496 3614 2553 3662 et
2577 3609 2799 3677 futuris,
2829 3608 3089 3667 salutem.

1934 3698 1961 3731 «
1993 3680 2301 3759 Plurimum
2325 3679 2539 3759 confert
2550 3681 2794 3759 ecclesiis
2809 3689 2866 3736 et
2885 3686 3256 3759 monasteriis,
3264 3705 3453 3759 perso-

1860 3750 1947 3803 nis
1978 3767 2200 3829 qiieque
2228 3756 2346 3829 tam
2376 3751 2762 3829 ecclesiasticis
2788 3770 2958 3829 quam
2985 3750 3350 3829 secularibus,
3381 3777 3451 3814 ea

1862 3837 1987 3890 quae
2013 3821 2124 3873 illis
2149 3838 2183 3874 a
2213 3821 2498 3873 catholicis
2518 3821 2650 3874 viris
2673 3821 3037 3878 conferuntur
3073 3828 3143 3880 ad
3165 3821 3452 3884 memoriae

1862 3892 2338 3969 eonservationein
2366 3892 2566 3969 litteris
2587 3893 3202 3969 adnotaripne‘delente
3232 3916 3299 3952 ea
3327 3917 3452 3969 quae

1862 3962 2008 4015 facta
2043 3967 2176 4033 sunt
2219 3961 2510 4026 oblivione,
2545 3964 2691 4033 quod
2719 3964 2918 4018 stabile
2948 3965 3053 4019 fuit
3079 3973 3136 4020 et
3163 3961 3361 4023 ratum.
3389 3971 3450 4023 in

1864 4032 2226 4110 quaestionem
2250 4032 2721 4110 {evoceturilnde
2742 4034 3135 4110 siquidem-est
3164 4041 3314 4110 quod
3342 4041 3451 4110 piis

1863 4103 2227 4174 petitionibus
2244 4103 2484 4157 ﬁliorum
2508 4103 2828 4157 nostrorum
2850 4106 3135 4161 Guillelmi
3154 4103 3373 4164 abbatis
3395 4116 3451 4165 et

1863 4180 2167 4252 conventus
2207 4174 2391 4227 Sancti
2426 4174 2705 4252 Stephani.
2741 4176 2810 4228 de
2847 4177 3113 4252 Cadomo,
3144 4179 3451 4252 benignum

1862 4244 2488 4319 praebentesassensum
2520 4245 2577 4297 in
2604 4244 2873 4319 scriptum
2892 4249 3219 4319 redigimus,
3247 4244 3307 4305 et
3332 4270 3452 4307 mu-

1862 4316 2075 4390 nimine
2096 4316 2263 4385 sigilli
2291 4315 2468 4390 nostri
2497 4315 2921 4390 corroboramus
2951 4315 3168 4390 ea'quae
3196 4315 3452 4378 novimus

1861 4386 1921 4439 in
1950 4387 2272 4461 episcopatu
2300 4387 2896 4461 Bajocensigpertinere
2928 4391 2998 4444 ad
3017 4386 3448 4461 possessionem,

1864 4463 1921 4511 et
1940 4459 2054 4530 jus,
2079 4462 2137 4511 et
2154 4458 2567 4530 eleemosynam
2598 4458 2756 4530 Beati
2788 4458 3056 4530 Stephani
3085 4462 3155 4516 de
3183 4458 3449 4529 Cadomo,

1864 4533 1982 4606 tam
2030 4529 2089 4581 in
2132 4529 2377 4606 ecclesiis
2418 4545 2587 4606 quam
2626 4529 2685 4606 in
2734 4529 2979 4606 decimis,
3022 4533 3218 4606 pratis,
3268 4536 3447 4606 aquis,

1866 4599 2034 4662 silvis,
2066 4599 2304 4669 pascuis,
2339 4599 2690 4662 molendinis,
2736 4599 3229 4669 domibusfterris,
3263 4599 3340 4659 et.
3357 4599 3453 4660 eaé

178 4672 323 4739 gniis
370 4668 431 4724 in
461 4670 768 4723 missarum
799 4675 857 4723 et
892 4670 1159 4725 horarum
1204 4668 1444 4725 aliarum
1473 4673 1776 4737 solemniis,
1797 4668 1845 4725 D
1863 4686 1990 4724 rum
2013 4668 2438 4724 habitatoribus.
2466 4670 2602 4732 Quae
2622 4670 2792 4723 etiam
2812 4671 2883 4724 ab
2903 4668 3282 4730 illustrissimo
3301 4677 3454 4731 Guil-

180 4740 536 4813 temporibus
584 4739 847 4813 congruis
892 4740 1249 4812 ubicumque,
1306 4748 1678 4813 praeterquam
1720 4744 1781 4797 in

180 4810 450 4894 conciliis.
478 4810 1022 4894 previ‘ncialibusuet
1069 4810 1296 4883 synodis
1308 4810 1326 4813 “
1343 4810 1776 4894 episcopalibus;

179 4900 399 4939 necnon
434 4882 498 4955 in
536 4882 746 4955 iisdem
787 4882 1032 4936 conciliis
1079 4882 1137 4938 et
1190 4882 1418 4954 synodis
1460 4882 1781 4955 hujusmodi

178 4955 359 5025 planis
392 4952 589 5025 mitris
609 4953 695 5025 uti
725 4959 994 5025 perpetuo
1021 4971 1035 5021 ;
1078 4952 1295 5009 necnon
1332 4956 1387 5008 in
1419 4952 1776 5021 monasterio,

180 5023 447 5091 ecclesiis,
482 5041 551 5078 ac
578 5023 1106 5096 locisecc1esiarum
1153 5025 1432 5096 praedictis
1484 5027 1541 5079 in
1588 5027 1777 5086 missa,

183 5096 446 5168 vesperis,
474 5100 543 5168 et
578 5095 895 5168 matutinis,
923 5101 985 5168 et
1003 5095 1197 5150 mensa
1224 5096 1669 5151 benedictionem
1698 5115 1784 5151 so-

182 5164 428 5221 lemnem
455 5167 648 5220 facere
677 5164 1088 5238 etiimpendere
1106 5167 1275 5220 etiam
1304 5174 1574 5238 perpetuo
1610 5169 1785 5222 libere

184 5239 456 5303 valerent,
481 5237 793 5291 dummodo
811 5237 1011 5306 aliquis
1028 5238 1280 5304 antistes,
1298 5237 1383 5291 vel
1404 5237 1621 5307 legatus
1638 5240 1784 5293 sedis

186 5310 525 5380 apostolicaz_
547 5324 796 5378 praesens
826 5323 939 5380 non
978 5309 1256 5375 existeret,
1290 5326 1621 5380 quacunque
1650 5326 1783 5364 con-

186 5380 481 5433 stitutione
511 5378 571 5432 in
600 5378 949 5433 contrarium
974 5379 1125 5433 edita
1151 5397 1264 5434 non
1291 5378 1571 5449 obstante,
1602 5386 1787 5435 aucto-

184 5449 349 5504 ritate
380 5450 694 5521 apostolica
728 5450 799 5521 de
838 5449 1071 5521 speciali
1097 5452 1282 5521 gratia
1311 5452 1572 5505 duximus
1598 5452 1785 5505 indul-

183 5520 458 5592 gendum.
490 5521 561 5592 Et
578 5521 650 5575 ad
676 5520 948 5574 indicium
969 5520 1290 5591 hujusmodi
1311 5539 1343 5575 a
1370 5522 1502 5576 sede
1522 5523 1787 5592 praedicta

186 5591 405 5646 obtenti
452 5590 756 5663 privilegii,
818 5590 1076 5663 volumus
1126 5594 1274 5663 quod
1321 5593 1454 5646 dicti
1507 5590 1679 5646 abbas
1732 5599 1789 5646 et

184 5667 495 5734 eonventus
518 5662 700 5726 nobis,
733 5662 1053 5733 nostrisque
1082 5662 1512 5730 successoribus,
1554 5664 1788 5734 singulis

182 5730 431 5788 bienniis
458 5734 848 5804 persolverent
866 5730 1038 5787 unam
1061 5735 1284 5789 unciam
1316 5734 1460 5788 auri.

260 5823 286 5856 ι
312 5805 460 5858 Cum
482 5808 692 5869 autem,
710 5804 858 5858 sicut
876 5805 1128 5875 ejusdem
1148 5805 1376 5860 Roberti
1396 5805 1612 5860 abbatis
1630 5806 1791 5860 nobis

160 5875 446 5948 exhibita
471 5875 671 5948 petitio
694 5875 1043 5948 continebat,
1076 5877 1147 5931 ab
1177 5877 1461 5948 aliquibus
1501 5882 1792 5931 revocetur

183 5946 248 5999 in
265 5945 507 6018 dubium
518 5961 589 6018 an
605 5946 933 6018 hujusmodi
943 5948 1211 6014 clausula,
1230 5966 1258 6001 α
1273 5945 1579 6003 dummodo
1591 5947 1792 6018 aliquis

186 6017 456 6087 antistes,
487 6016 578 6070 vel
602 6016 828 6089 legatus
857 6018 1006 6077 sedis
1048 6019 1361 6098 apostolicae
1399 6035 1644 6101 praesens
1679 6016 1793 6081 non

478 6115 750 6206 Ρλῖλοῖίι
779 6114 909 6207 CL,

1862 4741 2030 4794 lelmo
2066 4757 2199 4809 rege
2227 4741 2559 4811 Anglorum,
2604 4741 2853 4812 principe
2882 4742 3367 4801 Nortmannorum
3399 4754 3457 4802 et

1865 4813 2332 4875 Cenomanorum,
2366 4812 2545 4865 eidem
2572 4811 2821 4866 coenobio
2852 4816 3183 4870 conﬁrmata
3215 4824 3365 4881 sunt,
3399 4823 3457 4873 et

1863 4882 1944 4966 ab.
1964 4882 2086 4936 aliis
2113 4882 2395 4966 nobilibus
2420 4882 2569 4963 viris,
2594 4887 2651 4935 et
2678 4884 2956 4966 praecipue
2985 4889 3456 4966 a_venerabilibus

1864 4954 2077 5019 Odone,
2107 4960 2163 5006 et
2192 4954 2432 5007 Henrico
2464 4954 2735 5029 episcopis
2759 4954 3170 5029 Baj’ocensibus.
3199 4960 3329 5014 Haec
3356 4961 3458 5029 igi-

1861 5030 1957 5078 tur
1983 5029 2118 5099 sunt
2141 5040 2262 5094 quae
2292 5042 2325 5077 a
2352 5025 2582 5094 praefato
2613 5024 2866 5099 ccenobio
2887 5044 3143 5099 possessa
3169 5024 3456 5099 cognosci-

1863 5100 2081 5170 muset
2104 5095 2163 5148 in
2187 5103 2520 5170 perpetuum
2533 5095 2878 5170 possidenda
2891 5095 3086 5170 libere,
3111 5105 3168 5154 et
3186 5095 3370 5170 quiete
3399 5105 3457 5153 et

1864 5166 2119 5248 absolute
2149 5164 2483 5248 asxnodicq
2517 5164 2723 5248 debito,
2744 5173 2820 5248 _et
2863 5164 3089 5248 circata,
3131 5164 3456 5248 em'terieque

1866 5237 2363 5292 consuetudinibus
2417 5237 2489 5290 ad
2529 5238 2631 5360 (ius
2671 5237 2983 5309 episcopale
3026 5237 3456 5310 pertinentibus,

1868 5309 2049 5360 eidem
2079 5308 2328 5360 coenobio
2358 5324 2525 5360 conce
2568 5308 2714 5360 imus
2751 5315 2807 5360 et
2845 5312 3260 5360 conﬁrmamus.
3302 5310 3456 5360 vide-

1868 5309 2049 5362 eidem
2079 5308 2328 5361 coenobio
2358 5308 2714 5361 concedimus
2751 5315 2807 5363 et
2845 5308 3260 5370 conﬁrmamus,
3302 5310 3459 5364 vide-

1864 5379 1996 5433 licet
2051 5379 2283 5433 ecclesia
2331 5378 2519 5433 Sancti
2558 5379 2773 5432 Nicolai
2813 5380 2871 5433 in
2910 5380 3083 5449 burgo
3113 5379 3371 5447 coenobii,
3407 5386 3466 5436 et

1866 5450 2097 5504 ecclesia
2122 5450 2359 5513 Villarii,
2390 5456 2448 5503 et
2474 5450 2597 5504 duae
2624 5455 2810 5519 partes
2831 5450 3079 5503 omnium
3109 5450 3454 5507 decimarum

1869 5538 1990 5591 quae
2018 5527 2151 5575 sunt
2177 5521 2245 5574 de
2274 5521 2434 5574 feodo
2464 5519 2985 5591 ejusdemcoenobii,
3009 5536 3110 5589 per
3130 5527 3317 5577 totum
3345 5529 3456 5579 ter-

1869 5590 2131 5646 ritorium
2162 5592 2394 5646 Cadomi
2443 5597 2499 5644 et
2528 5590 2760 5653 Villarii,
2796 5594 2849 5641 et
2889 5591 3122 5646 ecclesia
3158 5594 3226 5647 de
3269 5596 3459 5650 Brete-

1871 5664 2001 5717 villa
2032 5664 2360 5732 Orgoillosa,
2394 5678 2519 5715 cum
2538 5660 2764 5732 capella
2779 5660 2847 5712 de
2876 5660 3062 5728 Putot,
3080 5680 3208 5718 cum
3230 5666 3459 5720 decimis

1874 5740 1931 5787 et
1960 5730 2218 5788 omnibus
2231 5731 2638 5804 pertinentibus
2668 5730 2805 5798 suis,
2820 5735 2878 5784 et
2897 5734 3129 5789 ecclesia
3146 5736 3215 5790 de
3234 5738 3458 5803 Alneto,

1876 5810 1933 5858 et
1951 5810 2071 5859 tota
2097 5801 2313 5858 decima
2338 5801 2630 5873 parochias,
2655 5817 2783 5855 cum
2810 5805 3223 5873 pertinentibus
3242 5807 3377 5872 suis,
3407 5801 3466 5860 et

1874 5875 1997 5948 duae
2040 5875 2286 5929 ecclesiae
2336 5874 2429 5948 de_
2450 5873 2798 5948 Alemannis,
2836 5880 2895 5929 et
2922 5877 3248 5948 earumdem
3294 5893 3465 5948 paro-

1874 5946 2130 6001 chiarum
2168 5962 2361 6000 omnes
2398 5944 2627 5999 decimae
2680 5960 2808 5999 cum
2846 5947 3198 6016 pertinentiis
3237 5944 3375 6013 suis,
3408 5952 3467 6000 et

1876 6018 2106 6079 ecclesia
2133 6016 2202 6076 de
2228 6017 2358 6092 Icio,
2390 6032 2520 6076 cum
2545 6016 2760 6097 capella
2785 6017 2855 6074 de
2882 6017 3078 6075 Bracio
3123 6023 3181 6075 et
3219 6021 3339 6073 tota
3374 6016 3469 6098 de:

3187 6115 3229 6203 ἓ
