3952 6444
438 416 511 471 79

1107 607 1328 659 mensis.

513 769 540 801 «
567 749 768 805 Divina
792 747 977 819 gratia
996 763 1062 800 ac
1080 745 1523 819 Dominiinostri
1553 747 1582 800 J
1587 763 1685 800 esu
1700 746 1919 819 Christi
1944 745 2030 799 di-

436 825 709 892 sponente
732 818 1061 892 clementia,
1082 834 1184 887 ego
1210 818 1540 892 Willelmus,
1576 818 1880 892 Anglorum
1910 834 2024 892 rex,

436 887 917 968 Nortmannorum
947 895 1002 943 et
1030 888 1539 968 Cenomanensium
1561 889 1839 968 princeps,
1852 887 1951 968 sed
1974 894 2030 941 et

434 962 721 1017 Mathildis
760 961 959 1031 regina
994 975 1134 1012 uxor
1158 958 1576 1031 meaiBalduini
1603 958 1832 1031 gloriosi
1850 958 2029 1031 _Flanf

436 1033 747 1087 driensium
778 1028 1106 1090 ducisﬁlia.
1140 1029 1209 1082 ad
1251 1029 1490 1099 gloriam
1531 1028 1913 1088 beatitudinis,
1957 1029 2029 1081 ad

435 1104 731 1181 prmmium
760 1101 936 1181 beatae,
965 1099 1354 1181 retributionis
1376 1100 1467 1181 pio
1493 1099 1845 1181 sapientique
1862 1099 2025 1181 ldesi-

435 1168 591 1228 aerio
642 1173 990 1237 anhelantes,
1046 1172 1105 1224 in
1155 1168 1439 1225 territorio
1471 1168 1619 1239 quod
1665 1168 1735 1221 ab
1779 1168 2028 1238 antiquis

435 1246 743 1301 Cadomum
763 1244 1099 1314 appellatur,
1132 1242 1419 1314 ecclesiam
1438 1241 1497 1293 in
1526 1242 1795 1293 honorem
1822 1245 2025 1314 sanctae

433 1315 785 1370 Trininitatis
796 1311 895 1385 pro
917 1313 1099 1367 salute
1114 1312 1431 1385 animarum
1451 1316 1773 1385 nostrarum
1787 1311 2027 1363 coaediﬁ-

434 1380 896 1455 cavimus,ibique
926 1389 1147 1437 sanctas
1172 1398 1236 1455 a_c
1251 1381 1549 1455 religiosas
1562 1380 1799 1455 feminas
1815 1396 2024 1455 secun-

434 1458 572 1511 dum
600 1450 1013 1510 institutionem
1041 1452 1219 1505 sancti
1263 1451 1573 1515 Benedicti,
1607 1450 1711 1504 sub
1743 1450 2023 1505 abbatissa

431 1526 673 1581 Domino
693 1525 1015 1587 servituras,
1032 1523 1089 1576 in
1120 1528 1453 1593 perpetuum
1473 1522 2024 1585 constituimus.Qui—

431 1596 538 1651 bus
551 1602 617 1650 ut
634 1597 693 1649 in
712 1601 999 1666 posterum
1014 1610 1151 1666 usus
1166 1593 1607 1666 necessariarum
1624 1609 1812 1646 rerum
1825 1609 2024 1661 usque-

435 1683 657 1748 quaque
712 1663 973 1728 sufﬁciat,
1015 1664 1182 1745 regia
1216 1663 1638 1748 "muniﬁcentia,
1706 1669 2023 1748 opportuna

432 1734 750 1809 provisione
772 1735 1180 1809 prospeximus.
1216 1734 1573 1809 Tradidimus
1602 1734 1792 1804 itaque
1816 1741 2020 1809 sanctae

431 1805 535 1863 Dei
563 1805 805 1862 ecclesiae
825 1805 1243 1876 praenominatze
1258 1805 1445 1876 villam
1462 1821 1590 1876 qua)
1604 1811 1833 1876 vocatur
1852 1806 2019 1858 Caluz

432 1896 562 1934 cum
613 1874 872 1931 omnibus
918 1875 1329 1946 pertinentibus
1370 1874 1501 1939 sibi,
1536 1880 1767 1945 excepta
1799 1875 2017 1928 decima

434 1967 557 2020 quae
588 1954 673 2003 est
692 1945 934 2020 ecclesiae
945 1947 1161 2000 Sanctae
1179 1946 1369 2020 Mariae
1385 1946 1725 2020 Bajocensis.
1747 1945 2016 2020 Dedimus

431 2016 602 2075 etiam
650 2018 949 2074 Oistrehan
978 2034 1104 2071 cum
1134 2017 1347 2070 cunctis
1373 2016 1711 2086 appenditiis
1738 2016 1874 2080 suis,
1917 2017 2021 2070 hoc

432 2098 659 2162 excepto
705 2090 853 2162 quod
869 2087 1182 2162 “Bobertus
1230 2087 1437 2162 ibidem
1488 2092 1643 2162 tenet
1667 2088 1759 2162 _de
1815 2087 2019 2162 com_it_e

428 2158 797 2218 Moritoneﬁsi
841 2159 1124 2213 Willelmo
1154 2158 1249 2228 qui
1284 2158 1497 2220 dicitur;
1514 2158 1790 2219 Charitas,
1825 2162 1883 2211 et
1926 2159 2017 2211 Ri-

430 2234 638 2288 chardo
693 2237 896 2303 nepote
942 2232 1082 2301 ejus,
1128 2229 1226 2303 sed
1286 2228 1346 2281 in
1410 2228 1711 2303 Gilleberto
1750 2228 2015 2303 _Crispino

429 2299 827 2365 annuentibus,
865 2299 1235 2371 pro‘pecunia
1280 2316 1449 2371 quam
1481 2315 1583 2353 nos
1612 2299 1693 2353 eis
1734 2299 2012 2371 dedimus.

424 2374 710 2427 Praeterea
736 2369 925 2425 villain
946 2369 1068 2440 quae
1090 2370 1296 2423 dicitur
1314 2370 1505 2423 Calfur
1524 2386 1650 2423 cum
1676 2369 1791 2423 suis
1811 2386 2016 2440 appen-

428 2445 611 2510 diciis,
657 2459 825 2512 quam
870 2441 1017 2512 regis
1054 2456 1318 2512 concessu
1349 2457 1451 2509 ego
1491 2440 1773 2494 Mathildis
1818 2441 2016 2509 regina

428 2516 540 2569 emi
581 2531 616 2567 a
642 2510 920 2567 Richardo
945 2511 1058 2564 ﬁlio
1096 2510 1339 2575 Ranulﬁ,
1374 2517 1657 2564 annuente
1685 2512 1916 2565 Aitordo
1946 2512 2014 2565 de

426 2587 674 2650 Nonant,
704 2584 773 2636 de
801 2582 959 2650 cujus
984 2581 1144 2634 feodo
1174 2589 1312 2635 erat.
1346 2580 1693 2635 Praebuimus
1730 2582 1901 2635 etiam
1931 2599 2016 2635 as-

427 2672 657 2711 sensum
684 2652 974 2707 donationi
1004 2667 1116 2722 qua
1147 2652 1418 2705 Radulfus
1444 2653 1593 2705 Taxo
1622 2651 2014 2722 Villambargae

425 2726 655 2781 donavit
689 2724 903 2778 cunctis
935 2722 1278 2793 appendiciis
1316 2723 1453 2776 suis.
1484 2723 1748 2793 Cumque
1787 2730 2012 2777 centum

427 2802 487 2851 et
513 2797 707 2850 decem
750 2794 895 2849 acris
932 2792 1098 2846 terrae
1122 2793 1181 2845 in
1218 2793 1349 2846 villa
1373 2792 1636 2847 Amblida
1664 2798 1721 2847 et
1758 2810 1872 2847 uno
1897 2811 2014 2847 mo-

422 2866 653 2922 lendino
677 2866 739 2919 in
764 2865 958 2919 eadem
984 2862 1247 2917 Amblida
1267 2880 1368 2933 pro
1388 2880 1580 2917 sorore
1612 2881 1716 2917 sua
1739 2866 2015 2918 monacha

423 2939 574 2993 facta
600 2937 659 2990 in
683 2935 929 2989 Ecclesia
947 2934 1268 3005 supradicta
1313 2935 1428 3004 Ego
1442 2935 1798 2988 KMathildis
1818 2935 2014 3005 regina

422 3008 640 3064 redemi
663 3004 1058 3075 Villambargac
1086 3005 1155 3058 de
1175 3005 1456 3058 calumnia
1482 3021 1516 3057 a
1539 3005 1657 3058 ﬁlia
1678 3004 2017 3071 Conanni,et

423 3086 635 3136 terram
658 3084 713 3132 et
729 3075 1183 3130 molendinumin
1194 3075 1456 3129 Amblida
1484 3076 1698 3129 redemi
1717 3076 1786 3130 de
1806 3077 2015 3130 calum-

422 3153 521 3206 nia
549 3166 585 3203 a
610 3148 953 3202 Waleranno
973 3147 1087 3200 ﬁlio
1112 3147 1393 3217 Ragnulﬁ,
1426 3146 1495 3200 de
1520 3163 1757 3217 quorum
1782 3147 2016 3201 haeredi-

986 409 1083 464 AD
1122 406 1350 465 VITAM
1389 403 1454 464 Β.
1494 403 1912 464 LANFRANGI
1952 400 2527 464 CANTUARIENSIS
2564 401 3142 461 ARCHIEPISCOPI.

445 541 653 596 Tabula
691 536 1043 605 fundationis
1087 536 1318 588 abbatiaa
1362 532 1458 589 SS.
1519 535 1813 588 Trinitatis
1851 532 2180 605 Gado-AEt
2217 531 2381 605 _intra
2435 531 2617 605 burgu

3628 397 3705 457 80

2620 548 2676 585 m
2719 530 2970 597 Cadomi,
3012 529 3180 584 unius
3224 526 3532 582 molendini
3584 527 3705 581 mei

2112 602 2409 668 decimam,
2438 607 2497 656 et
2517 598 2792 656 decimam
2839 602 3133 655 furnorum
3177 600 3248 653 ad
3287 616 3378 652 me
3415 598 3703 669 pertinen-

2110 673 2293 739 tium;
2347 674 2621 727 decimam
2673 689 2895 743 quoque
2942 673 3011 726 de
3063 672 3205 725 Diva
3248 670 3317 743 de
3370 668 3613 743 piscibus
3642 674 3705 723 et

2112 744 2396 811 denariis;
2429 739 2989 797 similiter—decimam
3019 743 3089 796 de
3117 741 3335 807 Divula,
3369 739 3426 794 et
3459 742 3528 794 de
3562 739 3701 795 Bat-

2110 821 2243 867 vent
2276 815 2345 867 de
2392 816 2509 869 sale
2559 821 2616 868 et
2658 814 2924 867 denariis.
2953 814 3162 867 Eodem
3209 813 3375 866 modo
3422 811 3702 865 decimam

2111 885 2182 939 de
2207 886 2483 951 Walchei,
2518 891 2575 939 et
2616 886 2685 938 de
2717 886 2905 939 Scocei
2943 885 3012 938 de
3053 884 3318 947 denariis,
3366 882 3611 953 piscibus
3640 888 3702 936 et

2109 956 2465 1010 molendinis.
2548 957 2690 1009 Item
2745 956 2805 1009 in
2861 956 3047 1008 insula
3100 955 3168 1008 de
3238 953 3436 1007 Gerzoi
3516 969 3701 1006 unum

2109 1026 2515 1086 molendinum,
2542 1032 2600 1079 et
2626 1032 2836 1080 terram
2866 1027 3106 1079 duorum
3139 1026 3483 1079 Francorum
3511 1024 3702 1077 homi-

2110 1113 2266 1163 num,
2300 1103 2471 1167 atque
2499 1097 2859 1150 medietatem
2902 1097 3131 1151 decimae
3159 1096 3228 1149 de
3258 1095 3506 1167 quinque
3534 1111 3703 1167 paro-

2110 1113 2266 1163 num,
2300 1113 2471 1167 atque
2499 1113 2859 1150 medietatem
2902 1113 3131 1151 decimae
3159 1113 3228 1149 ue
3258 1113 3506 1166 qumque
3525 1113 3696 1219 lparo-

2110 1168 2284 1233 chiis;
2314 1174 2371 1221 et
2395 1174 2609 1221 sextam
2633 1167 2868 1238 garbam
2897 1168 2966 1221 de
2996 1183 3110 1220 una
3140 1166 3491 1238 parochiaet
3567 1166 3696 1219 imi-

2110 1238 2221 1292 dia.
2255 1240 2363 1293 Sed
2393 1244 2451 1293 et
2478 1246 2688 1292 terram
2711 1244 2768 1291 et
2792 1238 3037 1292 decimas
3068 1254 3206 1307 quas
3230 1237 3538 1308 Rainoldus
3571 1253 3703 1308 cap-

2105 1310 2362 1379 pellanus
2385 1317 2577 1363 noster
2603 1309 2662 1361 in
2687 1309 2883 1362 eadem
2907 1306 3101 1363 insula
3122 1308 3191 1361 de
3213 1325 3302 1361 me
3330 1306 3573 1379 tenebat,
3616 1306 3703 1378 ip-

2106 1380 2221 1433 sius
2241 1380 2502 1433 Rainoldi
2525 1385 2775 1450 precatu,
2809 1385 3105 1449 postquam
3135 1378 3441 1432 monachus
3462 1379 3702 1450 effectus

2106 1456 2209 1530 est,
2258 1449 2531 1530 Ecclesia!
2554 1450 2834 1530 praedictae
2875 1450 3268 1505 concessimus.
3292 1451 3363 1503 'In
3392 1449 3531 1530 _villa
3571 1466 3703 1530 qua:

2104 1520 2312 1573 dicitur
2340 1522 2624 1575 Maintrud
2652 1521 2941 1590 sexaginta
2963 1537 3152 1575 accros
3174 1528 3358 1574 terrae.
3392 1520 3462 1573 Et
3486 1520 3547 1572 in
3565 1520 3705 1574 villa

2105 1591 2244 1644 Belli
2291 1597 2503 1645 terram
2540 1608 2709 1661 quam
2741 1593 3053 1645 Hernostus
3099 1592 3335 1645 clericus
3373 1590 3585 1644 ibidem
3612 1597 3702 1644 te-

2104 1662 2249 1733 nuit,
2279 1667 2604 1733 terramque
2623 1663 2846 1715 Radulﬁ
2867 1662 3046 1728 Billei,
3079 1679 3179 1732 pro
3211 1679 3322 1733 qua
3348 1667 3573 1732 recepta
3587 1662 3704 1733 fuit

2100 1732 2218 1786 ﬁlia
2238 1733 2511 1786 Willelmi
2537 1734 2594 1786 in
2615 1733 2846 1786 ecclesia
2878 1733 3099 1787 Badulﬁ
3127 1732 3444 1799 camerarii,
3477 1741 3535 1785 et
3558 1732 3697 1787 Wil-

2100 1803 2255 1856 lelmi
2304 1804 2403 1857 ﬁlii
2430 1803 2761 1858 Theodorici
2805 1804 3041 1874 ejusque
3078 1804 3266 1863 uxoris
3304 1819 3591 1874 concessu,
3621 1803 3700 1857 de

2102 1891 2340 1944 quorum
2363 1875 2687 1929 haereditate
2712 1880 2852 1928 erat.

2032 1924 2080 1983 B
2177 1963 2202 1983 (ι
2244 1946 2318 1983 ΔΑ
2351 1946 2467 1983 hmo
2486 1945 2803 1983 ndﬂiﬂimnc
2832 1962 2852 1983 τ

2177 1963 2203 1997 ((
2235 1946 2322 1999 Ad
2351 1946 2468 1999 haec
2486 1945 2804 1999 addidimus
2832 1944 3188 2015 praetitulatae
3222 1945 3465 2000 ecclesiae
3491 1944 3698 2014 viginti

2101 2016 2463 2085 accripennos
2482 2016 2676 2079 vineae,
2710 2016 2779 2068 de
2801 2015 3003 2085 quibus
3023 2022 3139 2070 tres
3154 2017 3301 2087 sun‘t
3328 2017 3478 2087 apud
3506 2016 3690 2070 Liria-

2101 2102 2229 2139 cum
2250 2103 2378 2140 cum
2406 2104 2501 2141 sex
2521 2087 2664 2140 acris
2692 2091 2876 2140 terra).
2894 2087 3059 2156 Apud
3078 2086 3277 2140 Albam
3307 2086 3454 2141 viam
3474 2092 3700 2157 septem

2139 2174 2239 2211 uos
2265 2174 2368 2228 ego
2397 2157 2596 2228 regina
2621 2157 2732 2211 emi
2760 2174 2795 2210 a
2822 2158 3105 2228 Willelmo
3135 2158 3203 2210 de
3232 2157 3397 2228 Aillio
3424 2173 3699 2212 concessu

2151 2229 2326 2297 ogerii
2347 2229 2445 2281 ﬁlii
2472 2227 2618 2298 ejus,
2652 2234 2708 2282 et
2735 2227 3018 2293 Richardi,
3055 2228 3277 2282 comitis
3316 2227 3696 2292 Ebroicensis,

2098 2305 2156 2370 et
2197 2299 2513 2353 Anschitilli
2565 2300 2635 2352 de
2682 2298 2934 2370 Altuillio
2990 2315 3255 2370 concessu
3324 2299 3394 2352 de
3450 2315 3701 2370 quorum

2096 2369 2423 2440 haereditate
2468 2376 2619 2436 erat;
2679 2369 2830 2439 apud
2890 2369 3190 2440 Argentias
3244 2374 3476 2440 septem,
3535 2371 3697 2440 apud

2095 2439 2345 2510 Vernum
2398 2447 2537 2508 tres;
2587 2440 2658 2494 de
2697 2440 2822 2493 istis
2861 2439 3043 2494 tribus
3088 2439 3413 2510 agripeunis
3456 2440 3706 2494 Godelef

2096 2509 2249 2564 dedit
2276 2512 2419 2565 duos
2465 2519 2523 2565 et
2548 2510 2865 2577 dimidium,
2898 2527 3040 2582 cum
3087 2509 3439 2582 una’domo,
3480 2527 3582 2582 pro
3623 2528 3698 2566 eo

2096 2582 2242 2650 quod
2298 2582 2573 2635 monacha
2602 2581 2749 2635 facta
2778 2587 2864 2635 est
2890 2581 2951 2635 in
2992 2582 3227 2635 ecclesia
3268 2581 3579 2652 praelibata,
3632 2587 3699 2637 et

2095 2668 2255 2705 soror
2297 2653 2418 2722 ejus
2465 2654 2707 2706 alterum
2746 2652 3065 2706 dimidium.
3115 2653 3458 2707 Donavimus
3513 2652 3697 2707 etiam

2094 2723 2455 2777 medietatem
2483 2724 2625 2777 villae
2652 2739 2775 2793 quae
2803 2722 3130 2777 nominatur
3159 2723 3486 2793 Carpikech,
3516 2740 3700 2794 quam

2097 2810 2198 2916 ego
2229 2795 2424 2863 regina
2453 2794 2665 2848 domini
2704 2795 2814 2847 mei
2864 2794 3014 2864 regis
3058 2810 3322 2848 concessu
3369 2795 3701 2865 comparavi

2097 2880 2125 2916 a
2194 2865 2423 2916 Eudone
2457 2866 2573 2916 ﬁlio
2611 2864 2898 2916 Thurstini
2938 2864 3178 2916 Haldun.
3222 2871 3279 2916 et
3329 2881 3364 2916 a
3409 2865 3699 2916 Ragnulfo

2095 2864 2165 2917 ab
2194 2865 2423 2918 Eudone
2457 2866 2573 2919 ﬁlio
2611 2864 2898 2919 Thurstini
2938 2864 3178 2934 Haldup,
3222 2871 3279 2918 et
3329 2881 3364 2917 a
3409 2865 3699 2934 Ragnulfo

2094 2934 2434 2989 vicecomite.
2467 2936 2751 2989 Adelaidis
2785 2936 2854 2990 K.
2879 2941 3068 2989 autem
3096 2934 3216 2989 ﬁlia
3240 2936 3530 2990 Thurstini
3558 2936 3702 2990 Hal-

2095 3005 2209 3076 dup
2254 3006 2327 3059 ad
2373 3008 2629 3060 eamdem
2679 3007 2894 3061 Sanctae
2935 3006 3226 3060 Trinitatis
3282 3006 3597 3073 ecclesiam,
3628 3007 3700 3062 in

2098 3093 2210 3146 qua
2235 3078 2511 3131 monacha
2534 3078 2679 3130 facta
2697 3084 2783 3130 est
2804 3080 2997 3131 nostro
3016 3093 3298 3143 concessu,
3339 3082 3397 3131 et
3432 3077 3701 3146 Ragnul-

2095 3148 2206 3217 pho
2230 3148 2570 3212 vicecomite,
2588 3153 2645 3201 et
2672 3148 2900 3201 Eudone
2929 3148 3179 3217 ejusdem
3204 3147 3488 3202 Adelaidis
3516 3149 3700 3203 fratre

422 3227 542 3276 tate
565 3217 855 3273 fuerat.Ab
881 3217 1074 3289 eodem
1090 3218 1263 3289 etiam
1284 3217 1647 3271 Walleranno
1668 3235 1735 3271 ex
1747 3234 2015 3272 concessu
2034 3270 2074 3289 η
2099 3219 2494 3285 annuentibus,
2527 3219 2763 3272 alteram
2796 3218 3167 3289 medietatem
3198 3218 3342 3271 villae
3377 3218 3701 3289 Carpikech

423 3270 762 3363 Egisﬂai
784 3270 890 3363 ego
926 3270 1228 3363 Mathildis
1252 3289 1449 3363 regina
1489 3270 1908 3363 quinquaginta
1928 3270 2077 3343 ῥέζε]
2098 3270 3699 3363 quassata...aaaaa'aaaaaEsaiam;

423 3358 548 3417 cros
575 3366 741 3415 terra:
786 3358 845 3412 in
871 3359 1155 3412 territorio
1182 3359 1437 3429 Cadomi,
1472 3365 1541 3429 et
1565 3361 1885 3429 appositum
1927 3364 2015 3413 est

420 3434 529 3487 hoc
556 3431 628 3485 ad
658 3429 949 3484 ecclesiam
991 3428 1389 3499 supradictam,
1431 3428 1668 3482 Radulfo
1705 3430 2012 3484 camerario

425 3502 763 3558 concedente
785 3501 855 3554 de
880 3499 1040 3568 cujus
1068 3500 1227 3553 feodo
1258 3504 1397 3552 erat.
1431 3499 1611 3569 Super
1638 3500 1755 3554 haec
1782 3501 2013 3554 donavi-

425 3591 554 3629 mus
600 3579 656 3627 et
702 3571 973 3625 Eschonel
999 3570 1189 3623 villam
1218 3570 1494 3640 praedictae
1526 3571 1815 3624 ecclesiam
1846 3588 2013 3641 quam

424 3660 528 3715 ego
583 3642 781 3715 regina
827 3641 1116 3715 Mathildis
1168 3641 1637 3715 regis_concessu
1678 3642 1789 3695 emi
1825 3658 1860 3694 a
1888 3643 2015 3715 ﬁliis

423 3711 719 3769 Wimundi
748 3712 905 3766 Cufel
935 3711 1216 3766 Willelmo
1247 3716 1303 3764 et
1329 3711 1574 3765 Roberto
1595 3730 1607 3776 ;
1631 3728 1667 3764 a
1690 3728 1799 3781 quo
1820 3713 2016 3766 eodem

426 3785 670 3841 Roberto
699 3800 801 3853 ego
830 3781 1025 3851 regina
1045 3782 1154 3853 emi
1172 3787 1383 3853 terram
1408 3781 1563 3835 illam
1594 3799 1764 3852 quam
1777 3782 2019 3837 habebat

424 3858 487 3911 in
515 3852 885 3915 Hetruﬁvilla.
916 3858 972 3906 et
1000 3852 1222 3905 Domini
1247 3852 1359 3905 mei
1378 3853 1529 3924 regis
1559 3869 1821 3924 concessu
1851 3871 2019 3924 appo-

426 3927 535 3982 sita
570 3932 661 3980 est
677 3924 942 3980 ecclesiae.
980 3924 1119 3977 Item
1147 3923 1698 3994 annuenteidomino
1732 3940 1857 3977 meo
1886 3923 2017 3994 rege

427 3997 540 4053 emi
577 4013 613 4050 a
661 3995 955 4065 Richardor
994 3993 1109 4065 ﬁlio
1160 3993 1460 4047 llerlewini
1506 3994 1631 4065 illas
1671 3998 1850 4048 terras
1880 3993 2017 4065 quas

426 4067 661 4123 tenebat
689 4072 744 4120 et
764 4064 983 4130 Taxilli,
1009 4069 1065 4117 et
1081 4064 1138 4136 in
1151 4070 1341 4136 monte
1358 4064 1551 4129 Boani,
1579 4082 1643 4119 eo
1654 4070 1850 4119 tenore
1871 4064 2018 4136 quod

428 4140 550 4210 ipsc
579 4137 870 4210 Ricardus,
902 4136 971 4210 de
1001 4134 1234 4210 ecclesia
1277 4152 1370 4188 eas
1401 4141 1622 4210 teneret
1660 4136 1718 4189 in
1754 4137 1867 4210 vita
1885 4134 2014 4202 sua,

430 4205 489 4264 et
508 4215 636 4280 post
664 4207 876 4280 obitum
906 4207 1029 4280 ej_us
1055 4205 1114 4258 in
1143 4222 1246 4259 sua
1268 4206 1620 4276 possessione
1648 4208 1876 4280 propria
1899 4224 2021 4280 pos-

429 4277 643 4335 sideret
669 4277 919 4332 ecclesia.
945 4278 1089 4331 ltem
1116 4281 1327 4329 terram
1347 4293 1516 4346 quam
1543 4278 1727 4331 tenuit
1754 4277 2021 4332 Radulfus

431 4351 583 4406 ﬁlius
606 4351 770 4404 Alani
787 4349 847 4401 in
868 4347 1079 4402 Willon
1107 4348 1422 4417 comparavi
1446 4347 1516 4401 ab
1546 4348 1738 4402 eodem
1761 4350 2015 4403 Radulio.

431 4424 502 4477 Et
537 4440 572 4476 a
628 4420 866 4474 Ricardo
897 4418 1010 4472 ﬁlio
1042 4417 1372 4471 Rainfrandi
1421 4419 1692 4473 rusticum
1740 4436 1917 4474 unum
1959 4420 2018 4474 in

429 4493 564 4547 villa
593 4508 715 4562 qua:
740 4490 947 4562 dicitur
987 4489 1515 4562 Charon,__et_duas
1540 4491 1744 4559 garbas
1789 4491 2016 4545 decimae

471 4559 868 4618 nam—habebat
886 4560 944 4612 in
966 4560 1162 4613 eadem
1183 4559 1610 4616 villa.Similiter
1624 4569 1681 4615 et
1695 4579 1727 4614 a
1740 4562 2016 4618 Ragnulto

2095 3359 2338 3440 donavit.
2373 3361 2480 3440 sed
2507 3365 2564 3440 et
2592 3360 2952 3440 duasnp-artes
2978 3360 3128 3440 _villae
3154 3360 3702 3440 q_uae.Put_eus.n_un-

2095 3437 2349 3501 cupatur.
2410 3432 2480 3484 Et
2533 3431 2682 3484 inter
2721 3430 3077 3495 Filcherolas,
3147 3437 3204 3484 et
3264 3431 3700 3486 Herstervillam

2094 3502 2285 3555 novies
2313 3502 2511 3572 viginti
2535 3518 2723 3556 accros
2750 3507 2934 3567 terrae,
2966 3518 3182 3572 necnon
3203 3506 3259 3555 et
3281 3501 3438 3554 illam
3474 3506 3700 3572 terram

2098 3571 2680 3661 ξξηιξξιφρρέεξηειξξιξιε.
2701 3571 3031 3661 Theseae
3058 3572 3249 3661 Quae
3283 3571 3700 3661 samaras

2098 3641 2701 3715 Eolenfanttenebant
2732 3643 2911 3715 deiea
2950 3642 3006 3696 in
3038 3642 3477 3715 AGoisbertivilla
3521 3648 3583 3715 et
3628 3644 3701 3715 in

2098 3713 2512 3776 Dumoldivilla,
2565 3721 2622 3768 et
2688 3713 2748 3767 in
2806 3713 3202 3767 Culvertivilla.
3268 3715 3333 3768 In
3385 3713 3697 3771 Coisneriis

2099 3783 2392 3837 dimidium
2411 3785 2817 3851 molendinum,
2842 3790 2897 3838 et
2928 3790 3140 3838 terram
3170 3784 3338 3838 unius
3366 3800 3609 3839 carrucae
3630 3786 3699 3841 in

2100 3855 2296 3907 eodem
2326 3856 2465 3909 loco.
2524 3857 2589 3910 In
2632 3856 2950 3909 Ruscavilla
2975 3861 3185 3909 terram
3217 3856 3385 3909 unius
3419 3872 3693 3913 carrucae.

2100 3925 2165 3979 In
2194 3926 2546 3998 Ingulﬁvilla,
2580 3932 2793 3998 terram
2822 3926 2979 3998 illam
3008 3943 3176 3996 quam
3227 3927 3303 3998 de
3344 3927 3468 3998 ipsa
3502 3929 3699 3984 tenuit

2099 3996 2484 4050 Anschitillus.
2533 3998 2598 4051 In
2638 3997 2937 4051 Calvavilla
2974 4001 3185 4051 terram
3212 3996 3385 4051 unius
3419 4014 3696 4056 carrucae.

2099 4067 2483 4139 Dedit‘etiam
2521 4068 2639 4122 haec
2679 4067 2876 4139 eadem
2913 4068 3200 4122 Adelaidis
3245 4068 3692 4139 Fraxinivillam,

2103 4142 2160 4191 et
2188 4137 2521 4210 Maisnillem
2564 4138 2787 4204 Urcelli,
2841 4155 3007 4210 quasi
3030 4156 3133 4210 ego
3180 4139 3466 4193 Mathildis
3488 4137 3698 4210 regina

2104 4208 2696 4283 excambivi_ecclesise
2736 4210 2954 4283 Sanctae
2991 4209 3534 4283 MarizeBajocensi,
3560 4208 3697 4283 vper

2106 4279 2360 4333 Odonem
2415 4280 2672 4334 Ecclesiae
2725 4280 2977 4349 ejusdem
3021 4280 3351 4347 antistitem,
3417 4279 3693 4339 concessu

2102 4349 2315 4432 domini
2342 4350 2465 4432 mei
2484 4351 2786 4432 regis,lprq
2802 4350 3046 4432 ecclesiis
3075 4352 3694 4432 cum.decimis_San_cti

2103 4421 2392 4491 Stephani,
2417 4426 2471 4474 et
2513 4421 2700 4475 Sancti
2730 4422 2958 4476 Martini
2997 4422 3250 4487 Cadomi,
3282 4423 3426 4477 sicut
3453 4424 3695 4479 Anschi-

2098 4492 2256 4564 tillus
2276 4493 2423 4564 ﬁlius
2446 4492 2544 4546 Uri
2568 4509 2662 4547 eas
2688 4497 2968 4557 tenuerat,
3015 4499 3074 4547 et
3104 4510 3205 4564 pro
3235 4494 3464 4548 ecclesia
3493 4494 3694 4551 Sancti

2100 4562 2325 4644 Georgii
2351 4564 2424 4644 de
2445 4570 2626 4644 castro
2658 4563 2905 4644 Cadoini:
2949 4562 3252 4644 Stigandus
3283 4565 3694 4644 quoquededit

473 4653 502 4689 e
530 4632 811 4688 Barberiis
839 4631 981 4684 duas
1006 4630 1212 4700 garbas
1240 4630 1467 4684 decimae
1496 4648 1664 4701 quam
1693 4626 1936 4687 habebat
1959 4626 2082 4687 inD
2100 4626 2359 4687 ecclesias
2383 4635 2611 4689 Falesia:
2630 4651 2757 4689 cum
2786 4626 3065 4695 decimis:
3058 4646 3114 4689 et
3133 4626 3695 4693 ecclesiamWibreei

430 4706 673 4767 Charon,
706 4709 763 4757 et
789 4703 907 4775 haec
934 4718 1001 4755 ex
1028 4717 1293 4775 concessu
1318 4702 1466 4775 regis
1490 4703 1734 4757 ecclesiae
1762 4704 2017 4775 apposita

430 4781 583 4830 sunt.
634 4776 846 4828 Praeter
873 4773 990 4825 haec
1017 4788 1051 4824 a
1092 4772 1289 4827 Milone
1318 4773 1637 4828 Mariscalco
1682 4780 1739 4828 et
1764 4772 2015 4829 Alethse-

429 4847 548 4901 lina
594 4846 716 4915 ejus
761 4859 952 4915 uxore,
985 4842 1535 4915 emiegoMathildis
1562 4845 1758 4915 regina
1803 4852 2016 4900 terram

433 4933 604 5000 quam
615 4913 909 5000 ‘hab‘ebant
932 4913 991 4967 in
1014 4913 1293 5000 Yalcellis,
1319 4918 1384 5000 et.
1403 4916 1549 5000 quod
1580 4913 1650 5000 inv
1678 4917 1927 5000 ecclesia,
1961 4922 2017 5000 et

431 4984 491 5042 in
520 4986 847 5059 molendinog
872 5001 984 5059 uno
1014 4984 1265 5059 ejusdem
1292 4984 1435 5059 villae
1461 4986 1760 5059 habebant,
1786 4993 2013 5059 excepto

432 5059 582 5130 quod
610 5056 852 5130 Beatrici
876 5055 1003 5130 ﬁliae
1030 5072 1145 5109 suae
1174 5055 1245 5108 ad
1293 5057 1614 5130 conjugium
1644 5076 1807 5112 suum
1828 5055 2016 5130 largiti

430 5126 582 5195 sunt,
616 5128 766 5197 quod
803 5126 1028 5180 domino
1072 5141 1198 5179 meo
1243 5142 1375 5196 rege
1406 5126 1743 5182 concedente
1772 5126 2017 5184 ecclesiae

428 5198 871 5281 superscriptum
899 5202 1022 5281 ‘est.
1076 5197 1267 5281 Super‘
1279 5213 1377 5281 tea.
1406 5215 1535 5281 quae
1563 5200 1711 5281 dicta
1734 5206 1885 5281 sunt,
1914 5216 2016 5281 ego

428 5269 727 5325 Wilelmus
746 5285 842 5321 rex
859 5272 919 5340 et
933 5282 1221 5340 uxormea
1245 5269 1528 5340 Mathildis
1546 5271 1743 5340 regina
1770 5271 2016 5324 ecclesiae

426 5340 848 5414 praenominatae
890 5338 1218 5414 donavimus
1264 5339 1511 5414 _Burgum
1549 5338 1857 5414 _deVHulmo
1887 5357 2015 5395 cum

424 5410 701 5468 reditibus
738 5410 871 5475 suis,
903 5410 1129 5463 Adelisa
1165 5410 1342 5463 amita
1379 5428 1505 5465 mea
1549 5411 1866 5480 benigniter
1917 5428 2015 5466 an-

425 5490 653 5545 nuente,
691 5483 850 5551 cujus
887 5481 1184 5535 haereditas
1219 5487 1377 5548 erat;
1410 5481 1504 5535 sed
1538 5487 1594 5534 et
1624 5482 1911 5536 comitissa
1937 5484 2005 5537 A.

423 5556 495 5609 de
548 5552 871 5609 Albamarla
921 5552 1278 5617 concedente,
1327 5568 1412 5623 eo_
1435 5552 1692 5623 videlicet
1746 5559 1907 5623 pacto
1949 5559 2013 5608 ut

421 5626 547 5698 ipsa
572 5628 791 5679 teneret
823 5624 884 5698 _in
913 5624 1176 5698 vitasua,
1209 5626 1343 5698 post,
1362 5621 1733 5698 obitum_vero
1748 5621 1916 5698 suum
1936 5625 2013 5698 ad

423 5691 633 5751 victum
663 5694 1173 5749 sanctimonialium
1194 5691 1390 5747 sancta
1417 5691 1730 5762 possideret
1757 5695 2004 5750 ecclesia.

422 5768 490 5823 In
533 5766 816 5821 territorio
871 5770 1060 5819 autem
1099 5763 1334 5817 Cadomi
1379 5763 1635 5819 dedimus
1676 5771 1857 5820 terras
1883 5766 2009 5822 illas

422 5855 561 5909 quas
601 5838 671 5893 de
712 5854 802 5891 me
852 5852 986 5909 rege
1021 5833 1309 5909 Willelrno
1356 5834 1623 5909 tenebant
1677 5837 2009 5894 Godefridus

420 5903 667 5982 Iuvenis,
685 5903 961 5983 Rogeriu's
989 5903 1727 5977 conestabulus,Willelmus
1758 5909 2004 5972 Patrich.

2096 4721 2223 4758 cum
2251 4706 2488 4770 decima,
2520 4712 2576 4759 et
2598 4722 2776 4759 unum
2804 4706 3189 4760 molendinum
3216 4707 3277 4761 in
3319 4707 3515 4761 eodem
3560 4707 3693 4763 loco

2097 4777 2570 4846 supranominatae
2599 4777 2864 4840 ecclesiae,
2893 4793 2994 4847 pro
3024 4777 3141 4831 ﬁlia
3177 4794 3300 4841 sua,
3334 4777 3543 4831 ibidem
3568 4794 3698 4833 mo-

2096 4847 2277 4928 nacha
2316 4847 2829 4928 facta,_Willcl.mo.
2853 4848 2923 4901 de
2973 4849 3223 4928 Brajosa,
3264 4849 3334 4902 de
3362 4849 3528 4928 cujus
3551 4849 3693 4928 jure

2097 4924 2235 4990 erat,
2267 4923 2581 4984 annuente;
2634 4918 2724 4972 cui
2775 4923 2839 4972 ut
2861 4919 3206 4977 concederet.
3247 4936 3350 4990 ego
3396 4918 3694 4978 Mathildis

2096 4989 2292 5059 regina
2320 5006 2386 5042 ex
2416 5005 2681 5043 concessu
2701 4990 2849 5060 regis
2880 4989 3008 5043 dedi
3036 4991 3105 5044 de
3128 4989 3367 5060 pecunia
3393 5007 3540 5044 mea.
3573 4992 3694 5048 Sed

2099 5065 2157 5112 et
2178 5061 2483 5114 Alveredus
2499 5061 2568 5114 de
2588 5061 2776 5114 Moion
2804 5061 3083 5115 concessit
3108 5061 3289 5115 eidem
3310 5061 3553 5116 ecclesiae
3571 5067 3695 5116 ter-

2097 5146 2220 5203 ram
2250 5131 2407 5203 illam
2431 5148 2597 5203 quam
2626 5148 2784 5185 soror
2807 5133 2929 5201 ejus
2975 5132 3083 5185 Ala
3104 5132 3380 5187 habuerat
3404 5133 3464 5187 in
3488 5149 3589 5186 con
3594 5135 3695 5203 ju-

2096 5201 2190 5269 gio
2226 5202 2375 5274 apud
2402 5202 2715 5274 Ranvillam
2734 5219 2835 5274 pro
2864 5203 2982 5256 ﬁlia
3004 5220 3124 5270 sua,
3150 5220 3273 5274 quae
3307 5201 3695 5258 monacha'fa-

2098 5277 2190 5325 cta
2215 5271 2400 5326 fuerat
2430 5273 2488 5326 in
2519 5274 2715 5345 eadem
2735 5271 2992 5339 ecclesia,
3027 5271 3254 5344 excepto
3283 5275 3433 5345 quod
3471 5273 3696 5332 ibidem

2098 5348 2323 5415 sanctus
2351 5344 2727 5413 Leodegarius
2765 5345 2833 5399 de
2864 5345 3125 5399 Pratellis
3145 5344 3317 5408 tenet,
3336 5346 3497 5415 cujus
3516 5351 3695 5403 terrae

2095 5414 2387 5486 servitium
2417 5432 2518 5485 ego
2573 5416 2773 5485 regina
2816 5416 2887 5469 ad
2927 5433 3068 5486 opus
3091 5416 3334 5470 ecclesiae
3362 5414 3574 5470 redemi
3616 5418 3699 5474 de

2093 5483 2343 5539 Huberto
2373 5483 2605 5553 devRia,
2647 5483 2807 5556 cujus
2848 5483 3073 5541 feod—um
3123 5492 3262 5541 erat.
3307 5488 3696 5557 Fredegendis

2094 5561 2284 5609 autem
2311 5557 2570 5626 Ragnulﬁ
2609 5557 2941 5611 vicecomitis
2984 5557 3161 5611 amita
3188 5558 3345 5612 dedit
3381 5558 3562 5611 eidem
3592 5576 3695 5615 ec-

2094 5626 2274 5680 clesiaa
2303 5628 2749 5695 Osbernivillam,
2782 5634 3067 5682 annuente
3096 5629 3293 5683 eodem
3320 5629 3580 5695 Ranulfo,
3614 5632 3697 5688 de.

2093 5699 2251 5770 cujus
2277 5699 2439 5753 feodo
2471 5704 2619 5765 erat;
2654 5699 3048 5770 cuiARagnulfo
3096 5716 3198 5770 pro
3247 5716 3513 5755 concessu
3555 5716 3692 5770 suo,

2092 5768 2220 5822 dedi
2250 5786 2352 5841 ego
2372 5769 2568 5840 regina
2589 5768 2879 5824 Malhildis
2899 5771 2969 5824 de
2998 5768 3239 5840 pecunia
3264 5788 3408 5826 mea.

2165 5841 2362 5895 «Dedit
2370 5841 2521 5895 idem
2536 5841 2848 5914 Ragnulfus
2866 5841 3111 5914 ecclesiae
3121 5843 3455 5914 supradicta:
3469 5842 3696 5901 molen-

2089 5910 2285 5969 dinum
2306 5928 2486 5968 unum
2530 5910 2684 5970 intra
2715 5911 2960 5992 burgum
3007 5910 3241 5992 Cadomi
3260 5914 3431 5992 situm
3456 5933 3471 5985 ς
3515 5917 3692 5992 etrin
