3952 6402
177 313 243 374 89

882 316 1060 376 DOM.
1101 319 1311 378 LUCIE
1352 318 1704 378 DACHERII
1741 317 1959 377 NOTAE
1998 319 2088 377 ET
2125 316 2630 377 OBSERVATION
2634 317 2737 376 ES.

3375 306 3448 372 90

178 442 233 496 in
268 456 384 519 qua
434 443 562 499 illos
602 443 817 499 invenit
858 446 985 518 plus
1023 462 1181 519 aequo
1217 447 1447 513 versari,
1503 448 1761 514 erexerit,
1783 449 2019 519 Aporro
2055 447 2302 519 seipsum
2332 447 2396 501 B.
2432 442 3125 519 Lanfranciudiscipulum,
3152 441 3255 519 lib.
3283 455 3327 519 ῃ
3354 442 3437 519 De

178 514 444 584 omnique
489 520 694 570 sanctae
739 514 1173 572 conversationis
1212 519 1439 573 tramite
1479 519 1763 583 imbuerit,

176 601 256 658 ac,
283 586 678 658 multiplicato,
708 603 903 642 eorum
922 605 1176 653 numero,
1211 605 1323 658 qua
1350 606 1444 643 eos
1472 589 1607 643 dum
1636 590 1768 643 vixit

175 654 523 729 benignitate
550 657 871 729 confoverit,
903 659 992 714 cui
1018 654 1268 729 unquam
1310 660 1380 713 ad
1410 660 1639 729 plenum
1668 660 1768 714 de-

174 727 386 781 clarare
445 728 725 798 possibile
767 729 912 782 erit?
957 749 984 782 »
1032 727 1305 784 Mathaeus
1358 727 1763 786 Westmonast.

176 797 343 863 Flor.,
371 797 569 852 ad’an.
602 797 768 856 1077.
797 799 902 854 Ubi
931 801 1001 854 de
1027 801 1201 854 Paulo
1220 800 1421 855 abbate
1438 802 1494 855 S.
1514 802 1716 855 Albani
1750 819 1762 855 :

179 887 201 919 ε
238 868 352 921 Per
378 870 590 939 ipsum,
635 875 783 923 totus
822 871 959 925 ordo
989 872 1333 925 monasticus
1357 873 1415 925 in
1444 873 1649 939 Anglia
1675 889 1767 925 re-

172 939 382 1011 ﬂoruit,
393 940 768 1010 coadjuvante
782 941 1110 995 Lanfranco.
1125 942 1421 997 tGuillelm
1431 939 1765 1011 .Malmesb.,

172 1008 264 1063 lib.
296 1024 318 1062 1
343 1010 429 1064 De
456 1008 601 1080 geSt.
628 1010 852 1073 Pontiﬁ,
882 1012 975 1065 fol.
1011 1012 1131 1078 122,
1154 1030 1211 1067 n.
1237 1011 1289 1075 3,
1308 1013 1395 1067 his
1408 1008 1763 1080 astipulatur,

172 1085 223 1153 et
246 1081 489 1153 tandem
516 1081 799 1135 concludit
820 1082 909 1136 his
944 1083 1126 1137 verbis
1159 1102 1170 1137 :
1209 1101 1238 1135 α
1268 1084 1414 1139 Sunt
1438 1081 1605 1139 hodie
1634 1085 1768 1153 (sci-

170 1150 308 1226 licet
319 1152 767 1226 Cantuarienses
784 1154 1060 1222 monachi)
1078 1155 1337 1226 ampliori
1360 1171 1529 1226 quam
1549 1150 1770 1225 uspiam

170 1222 407 1295 Anglia,
439 1228 508 1276 ut
534 1223 714 1287 decet,
761 1240 1011 1288 numero,
1035 1222 1283 1295 religbne
1311 1222 1771 1281 Cluniacensibus

176 1308 305 1368 non
334 1294 617 1368 impares:
644 1314 666 1344 ι
691 1294 875 1368 _I_’_lura
902 1295 972 1368 in
999 1294 1161 1349 hunc
1174 1297 1415 1368 modum
1458 1297 1581 1351 vide
1624 1297 1773 1368 apud

172 1363 400 1418 Mathaei
422 1363 652 1418 Paridis
690 1365 834 1419 Hist.
874 1366 1086 1421 ultimae
1123 1367 1256 1421 edit.
1299 1363 1679 1422 Londoniens.‘
1720 1374 1777 1421 et

172 1433 350 1487 Paris.
376 1435 437 1488 in
465 1435 614 1488 Vitis
641 1434 905 1489 abbatum
935 1438 991 1491 S.
1015 1437 1235 1504 Albani,
1264 1439 1323 1491 in
1344 1439 1475 1491 Vita
1508 1439 1668 1493 Pauli
1686 1454 1777 1492 xxv

173 1504 413 1559 abbatis.
458 1506 595 1559 Jure
642 1507 843 1560 merito
886 1524 1020 1561 sane
1064 1509 1200 1562 totis
1243 1508 1453 1563 viribus
1489 1510 1562 1563 ad
1598 1509 1773 1563 stabi-

172 1575 437 1648 liendum
492 1576 800 1648 disciplinae
851 1579 1171 1634 monasticae
1219 1580 1467 1648 vigorem
1519 1580 1776 1634 incubuit

172 1652 402 1720 sanctus
415 1647 765 1702 Lanfrancus
792 1648 977 1702 divino
1005 1650 1219 1720 Spiritu
1237 1647 1436 1705 ductus
1458 1670 1471 1717 ;
1494 1650 1772 1719 siquidem

173 1717 345 1791 simul
364 1724 539 1791 atque
552 1724 745 1791 erecto
764 1720 992 1774 tramite
1014 1717 1303 1775 deviavere
1323 1717 1600 1787 monachi,
1620 1722 1773 1791 igno-

1851 512 2216 594 sacrarnenio_
2231 518 2446 594 altaris,
2466 523 2597 571 ante
2616 515 2883 594 medium,
3011 512 3195 567 verbis
3207 531 3270 594 _:'«
3288 514 3436 594 Satis

1848 595 2042 665 tamen
2082 590 2221 642 mihi
2232 589 2491 665 placeret
2518 593 2600 654 ut,
2633 586 2857 665 quando
2880 585 3071 665 aliqua
3095 584 3442 665 negligentia

1847 660 1934 713 vel
1973 666 2124 714 certe
2170 656 2503 713 miraculum
2554 656 2760 711 novum
2813 657 2882 710 de
2929 656 3102 709 tantis
3159 656 3440 725 mysteriis

1848 730 2065 796 accidit,
2095 731 2152 784 id
2180 730 2311 783 inde
2338 731 2499 783 ﬁeret
2529 729 2679 799 quod
2697 728 2837 781 mihi
2861 727 3132 799 magister
3146 742 3324 799 meus,
3358 725 3442 778 vir

1848 771 2086 855 eximius
2115 801 2237 855 sine
2263 770 2613 854 dubitatioiie
2636 770 3041 853 credendusDD.
3074 770 3440 861 Lanfraricus,

1849 889 1909 926 se
1935 888 2105 943 puero
2132 872 2194 925 in
2223 871 2387 943 Italia
2420 871 2631 943 factum
2658 886 2781 943 esse
2801 868 3068 931 narravit,
3106 886 3129 920 ι
3160 872 3265 921 etc.
3287 868 3445 943 Inter

1847 938 2138 997 inferiores
2202 942 2500 1013 discipulos
2558 941 2790 1013 minime
2840 944 2927 993 est
2985 938 3445 1013 annumerandus

1849 1030 2087 1083 magnus
2115 1014 2209 1067 Ivo
2238 1008 2601 1083 Carnotensis
2628 1011 2920 1083 episcopus
2943 1028 2955 1063 :
2981 1012 3147 1083 iAtAne
3162 1008 3443 1083 aliquibus

1849 1078 2214 1138 dubitationis
2239 1083 2498 1138 nonnihil
2518 1078 2858 1144 suboriatur,
2888 1080 3173 1151 ipsissima
3216 1078 3447 1135 Roberti

1850 1156 1919 1235 de
1938 1157 2130 1235 Monte
2141 1154 2308 1208 verba
2319 1156 2439 1225 jam
2458 1153 2704 1235 primum
2715 1153 2975 1235 evulgare
2990 1152 3233 1235 delectat
3244 1167 3256 1204 :
3267 1151 3447 1204 «Mor-

1851 1232 1984 1280 tuus
2009 1232 2094 1278 est
2118 1226 2222 1278 hoc
2252 1223 2418 1289 anno,
2460 1223 2664 1294 inquit,
2691 1224 2776 1277 vir
2814 1223 3109 1294 religiosus
3141 1226 3200 1294 et
3226 1236 3446 1291 magnae

1853 1297 2203 1361 litteraturae,
2219 1297 2312 1350 Ivo
2325 1292 2684 1350 Carnotensis
2704 1292 3014 1364 episcopus.
3034 1292 3139 1346 Hic
3151 1292 3284 1364 dum
3297 1296 3447 1345 esset

1853 1367 2094 1437 juvenis,
2142 1367 2357 1421 audivit
2400 1362 2753 1437 magistrumj
2780 1362 3151 1437 Lanirancum
3197 1362 3445 1432 priorem

1860 1434 2037 1501 Becci,
2062 1439 2132 1491 de
2165 1434 2523 1491 saecularibus
2552 1441 2609 1489 et
2637 1435 2839 1488 divinis
2874 1434 3080 1487 litteris
3108 1438 3445 1487 tractantem

1858 1508 1915 1562 in
1949 1508 2046 1562 illa
2072 1510 2289 1562 famosa
2315 1508 2508 1561 schola
2556 1523 2735 1577 quam
2774 1506 2931 1577 Becci
2976 1504 3195 1568 tenuit;
3227 1503 3288 1556 in
3334 1519 3449 1571 qua

1855 1580 2020 1633 multi
2067 1585 2124 1633 et
2167 1578 2461 1635 nobilitate
2488 1576 2762 1643 smCulari,
2812 1581 2870 1630 et
2906 1576 3199 1629 honestate
3227 1589 3450 1627 morum

1855 1656 2235 1731 convenerunt
2260 1650 2364 1731 viri
2391 1648 2629 1731 praediti,
2652 1653 2710 1731 et
2737 1647 2834 1731 qui
2860 1652 3054 1731 postea
3074 1646 3145 1728 ad
3164 1660 3450 1731 summum

1854 1722 2068 1791 apicem
2099 1716 2486 1775 ecclesiasticae
2526 1716 2817 1789 dignitatis
2846 1716 3216 1791 etreligionis
3245 1716 3449 1791 attige-

172 1788 382 1870 rantia,
403 1786 559 1870 sitia
574 1789 893 1870 omnigena,
909 1792 1133 1870 heresis
1151 1793 1432 1870 scaturire
1460 1786 1769 1870 cmperunt,
1788 1801 1834 1861 Β
1852 1786 2005 1846 runt.
2029 1793 2397 1870 -Postea_vero
2425 1791 2575 1844 idem
2589 1786 2694 1870 ἹΥο
2723 1788 3061 1870 Ρΐῖθῖρίίί,Λθς
3083 1786 3294 1870 protuit
3314 1802 3448 1870 con-

173 1864 507 1934 et_econtra,
527 1860 661 1934 dum
672 1857 960 1934 monachis
975 1862 1128 1934 cordi
1145 1863 1251 1917 fuit
1263 1869 1444 1917 status
1456 1857 1770 1934 religiosus;
1788 1857 1826 1861 —
1853 1863 2044 1916 ventui
2071 1863 2468 1917 canonicorum
2496 1857 2841 1934 regularium
2866 1860 2924 1914 S.
2957 1858 3212 1934 Quintiui
3252 1857 3448 1934 _Beiva-

171 1929 257 2004 uti
290 1946 469 2004 quam
513 1930 828 2004 optimehet
871 1932 1185 1987 luculenter
1229 1934 1428 2004 probat
1473 1929 1774 1988 cardinalis

170 2000 451 2054 Baronius
467 2001 538 2054 ad
558 2018 650 2055 an.
674 2000 780 2057 703
800 2003 868 2056 de
886 2000 1249 2058 sanctissimd
1258 2005 1458 2059 abbate
1474 2006 1774 2059 Benedicto

173 2087 377 2145 agens,
397 2071 488 2145 cui
518 2088 829 2145 cognomen
858 2074 1124 2145 Biscopus
1161 2081 1286 2129 erat
1318 2095 1329 2128 :
1367 2096 1391 2128 ι
1434 2077 1608 2130 Porro
1631 2078 1778 2145 ejus-

172 2143 339 2217 modi
348 2142 653 2217 fundatore
667 2144 895 2217 (eliatur
908 2142 1383 2217 illeipropagatus
1395 2154 1481 2200 est
1499 2148 1557 2200 in
1574 2142 1777 2216 Anglia

173 2212 416 2286 miriﬁce
431 2214 869 2286 monachismus,
887 2221 951 2269 ut
979 2212 1358 2286 plane—insula
1374 2218 1488 2283 illa,
1506 2218 1586 2271 ita
1605 2212 1777 2271 divini

177 2283 426 2359 Spiritus
486 2284 760 2359 imbribus
813 2283 1065 2359 irrigata,
1120 2288 1222 2342 Dei
1276 2294 1423 2342 esset
1482 2289 1776 2359 paradisus

177 2354 411 2429 etfecta;
443 2356 596 2429 apud
625 2372 795 2429 quam
818 2354 962 2429 dum
992 2359 1307 2412 monastica
1328 2354 1507 2429 viguit
1532 2360 1772 2429 integra,

178 2372 411 2422 euecta;
443 2372 596 2478 apud
625 2372 795 2426 quam
828 2372 962 2411 dum
992 2372 1307 2412 monastlca
1328 2372 1507 2429 Vlglllt.
1532 2372 1772 2429 integra,

178 2425 238 2478 in
278 2426 443 2497 nulla
499 2442 611 2497 assa
638 2427 949 2497 disciplina,
989 2429 1143 2483 nulla
1169 2430 1239 2483 ad
1269 2446 1390 2483 eam
1424 2431 1650 2484 haeresis
1691 2447 1779 2483 ac-

176 2511 401 2571 cessum
431 2495 640 2550 habere
669 2495 854 2571 potuit
872 2518 891 2571 ;7
902 2500 999 2552 illa
1025 2517 1155 2553 vero
1176 2502 1366 2554 laxata
1384 2507 1554 2571 atque
1571 2501 1774 2565 soluta,

175 2567 412 2641 redacta
437 2572 527 2641 est
551 2567 707 2641 terra
733 2569 1018 2624 fructifera
1044 2571 1103 2623 in
1132 2567 1481 2641 salsuginem
1499 2589 1534 2625 a
1559 2572 1780 2626 malitia

176 2636 565 2713 habitantium
583 2639 643 2691 in
681 2656 748 2713 ea
771 2643 935 2713 (Psal.
968 2644 1095 2709 CVI).
1125 2660 1147 2692 ι
1170 2643 1258 2696 Ita
1281 2636 1555 2696 Baronius
1583 2643 1778 2713 utique

175 2723 293 2761 non
322 2709 653 2781 monachus.
684 2711 1041 2781 Perpendant
1088 2713 1206 2765 haec
1257 2718 1438 2766 status
1483 2709 1777 2767 monastici

177 2780 481 2852 osoresilli
502 2786 603 2852 ;_et
626 2780 849 2852 semper
883 2783 1176 2837 calumniae
1194 2783 1345 2837 virus
1379 2790 1697 2838 evomentes
1717 2785 1776 2837 in

177 2866 275 2924 eos
296 2849 475 2924 quiet
485 2850 602 2924 _vita
625 2857 683 2904 et
714 2849 960 2907 moribus
980 2855 1095 2907 Deo
1114 2855 1331 2924 placere
1349 2871 1475 2908 cum
1491 2856 1772 2921 studeant,

174 2920 237 2974 in
276 2921 578 2991 disciplina
617 2924 868 2992 regulari
907 2920 1263 2978 resarcienda
1307 2941 1539 2979 omnem.
1570 2920 1779 2980 navant

175 3006 434 3062 operam,
477 2997 647 3062 atque
687 2993 759 3046 ad
793 2995 1000 3048 Christi
1036 2995 1258 3049 Domini
1300 2996 1676 3051 imitationem
1721 3003 1778 3051 et

178 3063 942 3136 amorem,»saaculoiaddictos
962 3066 1222 3136 pellicere
1241 3068 1588 3121 contendunt
1609 3067 1777 3121 verbo

1855 1934 2057 1989 censis.
2088 1935 2172 1987 Ad
2196 1935 2461 1988 ultimum
2482 1927 2775 2002 episcopus
2794 1931 2971 1984 factus
2988 1929 3132 1983 rexit
3147 1927 3450 1983 Ecclesiam

1858 2006 2264 2059 Carnotensem
2308 2001 2545 2057 viriliter
2582 2007 2639 2055 et
2674 2001 2952 2071 religiose,
3001 2002 3116 2053 fere
3146 2015 3247 2069 per
3274 2013 3451 2071 annos

1857 2073 1947 2141 23,
1976 2094 1998 2126 ι
2028 2082 2133 2129 etc.
2180 2077 2303 2129 Huc
2334 2090 2513 2145 usque
2542 2068 2819 2127 Robertus
2847 2072 2906 2126 in
2937 2068 3213 2126 Chronico
3242 2085 3348 2126 ms.
3380 2068 3452 2122 ad

1857 2163 1949 2200 an.
1989 2145 2142 2201 1517.

1932 2216 2021 2285 (⁴⁴)
2066 2220 2267 2271 Fertur
2310 2220 2595 2270 annulum
2638 2217 2701 2268 de
2741 2215 2915 2281 digito
2951 2213 3276 2285 extruxisse.
3321 2211 3451 2285 _Hac

1858 2281 2429 2358 annulidepositione,
2443 2303 2556 2340 non
2572 2286 2651 2340 ita
2672 2285 2906 2338 obscure
2916 2283 3234 2358 signiﬁcare
3254 2281 3447 2358 voluit,

1857 2364 1922 2413 ut
1952 2351 2168 2429 opinor,
2203 2359 2397 2429 quanti
2418 2351 2749 2429 monachos
2777 2351 3080 2429 Beccenses
3109 2351 3360 2429 haberet,
3396 2358 3454 2405 et

1858 2425 2007 2483 nihil
2025 2425 2313 2501 sapientiae
2334 2446 2447 2483 suae
2469 2429 2580 2482 illis
2601 2426 3013 2501 occultandum,
3044 2425 3158 2479 imo
3180 2428 3452 2501 tanquam

1858 2501 1986 2554 ﬁliis
2012 2498 2229 2554 idoneis
2256 2501 2522 2554 doctrinae
2569 2515 2682 2552 suae
2725 2498 2959 2560 monita,
2989 2500 3453 2563 sacramentaque

1859 2572 2357 2634 subministranda,
2407 2576 2462 2624 et
2507 2570 2564 2624 id
2607 2569 2834 2640 quidem
2884 2585 2949 2640 ex
2982 2564 3453 2636 consequentibus

1859 2643 2040 2696 verbis
2068 2643 2316 2696 indicare
2343 2642 2584 2695 videtur.
2618 2639 2910 2694 Enimvero
2930 2639 3077 2692 inter
3104 2644 3306 2691 caetera
3325 2652 3447 2705 quae

1860 2714 2093 2767 denotat
2120 2714 2389 2784 mysteria
2424 2710 3045 2784 annulusepiscopalis,
3076 2708 3455 2784 signum_esse

1860 2778 2195 2855 pontiﬁcalis
2248 2783 2493 2855 honoris,
2520 2789 2597 2855 iet
2643 2778 2995 2855 signaculum
3017 2778 3445 2855 __secretorium,

1858 2848 2026 2909 docet
2044 2856 2311 2919 Isidorus,
2330 2871 2451 2923 cap.
2470 2852 2560 2916 48,
2583 2853 2641 2905 in
2663 2848 2911 2906 E'xodum
2937 2870 2953 2923 :7
2970 2851 3175 2923 (Unde
3196 2848 3452 2923 quaedam

1858 2927 2045 3000 minus
2057 2917 2510 3000 intelligentibus
2528 2924 2874 3000 occultantes
2890 2922 2988 3000 (ait
3000 2920 3144 3000 ipse)
3162 2917 3323 3000 quasi
3351 2917 3454 2973 sub

1859 2998 2145 3067 signaculo
2158 2990 2469 3050 recbndunt
2480 2994 2755 3067 doctores,
2773 3010 2845 3047 ne
2860 2990 3105 3067 indignis
3127 2990 3443 3067 quibusque

1859 3061 1963 3121 DEi
2017 3072 2370 3121 sacramenta
2415 3065 2736 3120 credantur.
2789 3082 2813 3114 ι
2873 3062 3138 3117 Rabanus
3194 3061 3449 3127 Maurus,

78 3174 91 3181 -
178 3139 239 3186 et
251 3134 536 3212 exemplo.
553 3134 816 3212 audiant
852 3137 933 3190 illi
962 3130 1050 3191 vel
1077 3137 1390 3212 congilium_
1402 3138 1778 3212 Lateranense
1796 3152 1841 3212 α
1860 3139 1956 3192 lib.
1991 3152 2011 3191 I
2042 3139 2122 3192 De
2146 3137 2339 3212 Ainstit.
2367 3137 2574 3212 clerici.
2619 3151 2740 3212 cap:
2763 3136 2817 3188 Α.
2857 3151 2883 3184 ‹‹
2906 3134 3097 3212 _Datur
3122 3137 3179 3212 e_t
3207 3130 3451 3184 annulus

177 3203 289 3281 sub
319 3204 720 3281 Alexand._III,
744 3213 889 3281 part.
912 3222 1031 3281 xm,
1043 3208 1223 3281 cap._3
1251 3230 1261 3264 :
1298 3209 1705 3281 {Religionem
1728 3210 1777 3263 si
1802 3203 1841 3212 “”
1858 3214 2088 3281 propter
2115 3209 2339 3278 signum
2370 3203 2707 3279 pontiﬁcalis
2722 3205 2971 3270 honoris,
3000 3204 3087 3258 vel
3116 3203 3341 3273 signum
3362 3216 3453 3255 se-

178 3274 330 3350 {orte
369 3292 486 3329 non
524 3274 797 3331 habemus
836 3277 897 3331 in
944 3274 1130 3345 nobis,
1165 3279 1225 3332 in
1271 3278 1397 3333 aliis
1444 3274 1677 3350 diligere
1723 3286 1780 3334 et

177 3345 368 3399 fovere
390 3353 669 3401 tenemur.
710 3367 734 3399 ι

254 3416 344 3485 (³⁷)
368 3419 515 3473 Olim
541 3423 875 3487 contemptui
901 3421 968 3474 ab
997 3416 1291 3487 uniuersis,
1315 3427 1365 3474 et
1384 3423 1598 3476 derisui
1625 3423 1778 3475 habe-

180 3488 497 3614 baturé3lta
542 3488 600 3542 in
641 3491 761 3559 ejus
797 3490 927 3544 Vita
953 3497 1100 3562 post,
1143 3492 1387 3559 initium,
1436 3493 1777 3564 appendicis,

180 3574 314 3614 pag.
423 3599 437 3611 .

140 3628 151 3633 “
181 3628 215 3703 ξ
255 3629 342 3698 (³³)
367 3631 545 3685 Abbas
567 3634 1147 3689 Westmonasteriensis
1168 3636 1440 3690 Gilbcrtus
1468 3635 1777 3703 Crispinus.

183 3700 364 3776 Quem
393 3703 651 3776 nonnuili
676 3702 746 3756 ob
760 3703 1102 3773 singularem
1131 3722 1197 3759 ac
1218 3700 1782 3776 multiplicem—scien-

182 3772 395 3845 tiarum
443 3773 723 3845 notitiam,
757 3772 1084 3845 nuncupant
1111 3772 1514 3832 Universalem.
1556 3777 1784 3830 Gilber-

179 3842 685 3917 tumAlaudavimus
712 3844 894 3908 initio,
1080 3848 1134 3901 1.

252 3911 352 3982 (³9)
397 3916 574 3968 Abba:
621 3911 1025 3970 Cormeliensis'
1056 3919 1376 3974 Wiltelmus.
1419 3918 1641 3974 Tertius
1676 3918 1784 3971 fuit

182 3983 437 4053 ejusdem
483 3986 719 4040 ccenobii
757 3987 1217 4044 archimandrita.
1248 3991 1329 4044 De
1370 3990 1466 4044 illo
1497 3989 1782 4059 agitMilo

179 4071 359 4132 supua
380 4073 394 4122 ;
418 4062 485 4132 et
512 4073 616 4132 nos
643 4074 923 4132 perpauca
951 4064 1262 4132 attexemus
1290 4062 1362 4115 ad
1391 4058 1554 4132 epist.
1588 4058 1678 4115 57.

256 4125 347 4195 (ω)
404 4125 679 4181 Henricus
734 4125 978 4183 Ecclesia
1033 4125 1453 4186 Cantuariensis
1508 4133 1770 4187 decanus.

183 4196 351 4271 ilunc
376 4196 565 4271 ipsum
589 4198 743 4271 illius
783 4200 1037 4253 Ecclesiae
1078 4202 1322 4271 priorem
1369 4202 1592 4255 invenio
1632 4201 1781 4271 apud

183 4268 269 4341 1).Δ
287 4268 642 4341 Anselmum,
674 4269 771 4323 lib.
804 4284 843 4341 ιθ,
872 4270 1032 4341 epist.
1076 4268 1163 4338 54,
1197 4273 1287 4327 cui
1316 4273 1435 4326 hzec
1460 4268 1783 4326 inscribitur

184 4338 423 4412 epistola
446 4357 460 4405 ;
492 4341 665 4412 veluti
694 4338 949 4412 et_lib.f1,
968 4341 1203 4412 epistola
1230 4343 1324 4399 44.
1352 4344 1454 4397 Vir
1480 4343 1588 4397 fuit
1607 4342 1785 4397 omni-

184 4401 286 4463 bus
311 4401 705 4482 ecclesiasticis
723 4401 1029 4482 disciplinis
1058 4413 1386 4473 instructus.

1858 3287 2160 3346 cretorum,
2190 3298 2217 3333 »
2249 3285 2355 3333 etc.

1928 3351 2015 3420 (‘5)
2032 3352 2168 3406 Cum
2187 3352 2461 3418 fratribus
2489 3353 2555 3404 in
2582 3353 2823 3404 claustro
2837 3349 2973 3403 sedit
2991 3347 3448 3420 archiepiscopus.

1867 3419 2273 3496 Receptissima
2291 3421 2399 3475 fuit
2414 3421 2526 3474 ista
2541 3420 2884 3496 consuetudo
2897 3419 3045 3496 apud
3056 3422 3269 3496 veteres
3279 3430 3456 3496 emno-

1862 3487 2035 3546 bitas-
2053 3499 2116 3546 ut
2160 3493 2479 3546 litterarum
2524 3492 2710 3546 studio
2756 3497 2815 3545 et
2852 3487 3021 3544 rebus
3067 3487 3456 3542 ecclesiasticis

1865 3580 2091 3638 operam
2121 3569 2393 3638 navarent
2436 3564 2496 3617 in
2543 3564 2805 3617 claustro.
2841 3563 2909 3616 Et
2936 3561 2994 3614 id
3022 3559 3194 3638 moris
3228 3557 3455 3638 quidem

1863 3633 1990 3706 plus
2014 3641 2137 3689 octo
2161 3635 2376 3688 saeculis
2405 3649 2789 3706 perseverasse
2817 3638 3078 3687 constans
3091 3635 3193 3706 est
3215 3633 3455 3698 scripto-

1862 3702 1990 3779 rum
2019 3706 2328 3779 sententia;
2352 3702 2499 3775 quod
2528 3710 2587 3779 et
2611 3710 2932 3779 pervetusta
2959 3702 3268 3779 praedicant
3298 3714 3452 3779 asce:

1862 3776 2025 3830 teria.
2074 3776 2160 3830 Ab
2207 3771 2462 3846 ingressu
2499 3771 2728 3830 claustri
2764 3771 3058 3846 saeculares
3102 3771 3459 3846 olim_arceri

1864 3848 2065 3918 probat
2093 3841 2394 3918 Menardus
2423 3853 2614 3918 noster
2632 3848 2692 3918 in
2713 3844 3087 3918 Concordiam
3107 3841 3452 3918 regularum,

1864 3913 1985 3992 cap.
2018 3917 2107 3983 55,
2132 3918 2227 3971 fol.
2257 3916 2429 3992 808.}
2450 3917 2535 3992 _Et
2570 3934 2641 3971 ne
2664 3917 2890 3992 fratres,
2934 3913 3138 3992 inquit,
3182 3914 3455 3992 intertui:

1863 3980 2151 4054 harentur,
2202 4005 2313 4043 non
2376 3988 2617 4042 dabatur
2684 3987 2841 4057 capia
2895 3980 3171 4057 extraneis
3233 3980 3455 4051 ingredi

1863 4061 2193 4126 claustrum,
2234 4059 2344 4114 nisi
2373 4060 2540 4113 certis
2579 4059 2649 4112 de
2678 4054 2879 4123 causis,
2914 4062 2980 4109 ut
3005 4054 3192 4108 videre
3221 4058 3308 4107 est
3335 4057 3454 4105 sta-

1863 4136 1987 4185 tuto
2008 4130 2097 4186 $23.
2122 4130 2274 4184 Petri
2297 4129 2552 4184 venerab.
2570 4134 2844 4183 statutum
2861 4133 2947 4181 est
2964 4132 3027 4180 ut
3048 4126 3107 4179 in
3126 4125 3452 4188 claustrum,

1866 4203 1949 4255 vel
1975 4202 2032 4276 in
2058 4202 2311 4276 reliquas
2345 4201 2631 4276 regulares
2677 4200 2873 4276 domos
2913 4198 3100 4276 nullus
3128 4195 3459 4276 clericorum

1866 4278 1968 4326 aut
1998 4265 2268 4326 laicorum
2297 4265 2669 4341 ingrediatur,
2699 4270 2808 4324 nisi
2832 4274 2930 4324 aut
2959 4285 3129 4341 causa
3143 4266 3332 4341 operis
3360 4265 3459 4318 ali-

1866 4344 2161 4413 cujus,aut
2181 4338 2403 4396 videndi
2433 4338 2730 4408 domos,’ut
2758 4340 2979 4395 honesti
2997 4338 3245 4413 hospites
3273 4338 3458 4413 facere

1865 4406 2065 4468 solent.
2105 4434 2127 4465 ι
2161 4415 2242 4467 De
2280 4414 2543 4477 claustro,
2582 4406 2752 4484 atque
2781 4412 2932 4466 illius
2958 4406 3294 4480 antiquitate
3331 4406 3459 4478 plu-

259 4477 676 4560 (“)‘Her_n_ostus
696 4477 952 4549 Ro/feﬁsis
975 4484 1221 4540 Ecclesia
1248 4489 1541 4554 cpiscopus.
1572 4486 1653 4539 De
1671 4502 1781 4556 quo
1800 4545 1845 4560 ﬁ
1864 4485 2021 4560 ribus
2048 4485 2243 4560 eodem
2271 4485 2392 4560 loco
2419 4477 2743 4560 Menardus.

185 4550 243 4604 in
274 4550 440 4607 epist.
472 4551 559 4607 57.

251 4624 355 4692 (‘3‘)
376 4624 469 4695 Vir
480 4628 770 4678 sanctitate
787 4627 1085 4680 admodum
1104 4628 1432 4682 reverendus
1446 4627 1782 4695 Gundulfus.

188 4693 468 4768 Legenda:
496 4695 889 4768 adnotationes
921 4697 992 4751 ad
1011 4697 1175 4768 epist.
1208 4697 1303 4754 47.

260 4763 354 4835 (‘3)
380 4766 457 4819 Hi
476 4768 715 4833 juvante
738 4766 840 4820 Dei
873 4763 1064 4835 gratia
1098 4772 1164 4822 in
1202 4771 1448 4822 Beccensi
1478 4770 1715 4823 Ecclesia
1751 4784 1786 4821 a

190 4839 461 4903 magistro
485 4838 800 4909 Lanfranco
820 4840 1008 4891 edocti.
1031 4837 1159 4892 Non
1171 4840 1353 4893 solum
1375 4856 1514 4909 quos
1531 4839 1623 4893 hic
1638 4855 1787 4892 com-

191 4912 473 4981 memorat
497 4907 631 4981 Milo
661 4907 1189 4981 Crispinusq'erum
1227 4917 1284 4964 et
1310 4907 1618 4981 permultos
1648 4910 1785 4963 alios

190 4976 341 5031 haud
366 4978 619 5051 vulgaris
649 4976 914 5051 doctrinas
941 4979 1277 5051 pietatisque
1300 4976 1466 5045 viros,
1501 4981 1786 5034 auditores

428 5049 730 5102 Lanfranci
774 5048 1056 5122 testantur
1098 5048 1396 5122 scriptores
1442 5069 1554 5105 non
1600 5052 1781 5121 pauci.

193 5116 539 5189 Insigniores
566 5126 759 5193 autem
777 5120 928 5175 illius
949 5116 1386 5193 discipuli-fuere
1404 5116 1719 5176 Alexander
1735 5123 1787 5177 II

192 5206 356 5314 ma,
389 5196 560 5273 atque
576 5192 699 5260 ejus
719 5196 969 5261 nepotes,
997 5194 1077 5246 uti
1094 5192 1558 5275 adnotabimusin
1579 5194 1788 5273 episto-

322 5260 378 5314 2.
396 5262 733 5314 Gulllelmus
764 5263 815 5314 ΙΙ
838 5261 1008 5314 abbas
1027 5264 1407 5314 Cadomensns.
1432 5265 1561 5314 dem
1580 5265 1788 5314 archie-

322 5260 378 5317 2.
396 5260 733 5315 Guillelmus
764 5263 815 5315 ΙΙ
838 5261 1008 5317 abbas
1027 5264 1407 5330 Cadomensis,
1432 5265 1561 5318 dein
1580 5260 1790 5317 archie-

193 5331 452 5405 piscopus
466 5333 963 5405 ARothomagensis.
983 5334 1052 5387 de
1065 5351 1174 5404 quo
1190 5335 1444 5405 pluribus
1456 5337 1576 5405 jam
1593 5351 1788 5389 sumus

194 5403 426 5473 prafati.
450 5403 830 5477 Guilmundus
852 5406 1175 5477 monachus,
1192 5403 1396 5477 postea
1422 5403 1788 5477 archiepisco-

193 5490 295 5598 ﬁus
315 5477 659 5539 Aversanus,
694 5474 777 5539 (ac
804 5481 869 5528 ut
896 5474 1361 5558 placetOrderico
1378 5474 1782 5558 .nostrofﬂist.

233 5544 284 5598 b.
338 5560 411 5598 Iv.
468 5563 596 5598 pag.
650 5545 778 5598 524)
827 5546 1142 5598 cardinalls.
1198 5553 1430 5598 seientia
1472 5548 1782 5598 litterarum

215 5544 284 5598 ib.
338 5560 411 5598 Iv.
468 5563 596 5616 pag.
650 5545 778 5613 524)
827 5546 1142 5610 cardinalis,
1198 5547 1430 5600 scientia
1472 5548 1787 5601 litterarum

194 5616 609 5697 eruditissimus
660 5617 829 5697 (quod
868 5617 1228 5697 manifestum
1278 5617 1790 5697 sitnlibriscontra

192 5687 593 5759 Berengarium
625 5687 815 5757 editis)
846 5693 904 5741 et
930 5689 1313 5743 ecclesiasticae
1330 5688 1607 5743 libertatis
1631 5706 1789 5743 acer-

192 5758 365 5841 rimus
394 5764 809 5841 propugnator,
847 5760 1007 5841 cujus
1043 5766 1205 5841 gesta
1240 5761 1419 5841 multa
1444 5776 1600 5841 puni
1622 5761 1789 5841 laude

195 5836 274 5883 est
300 5828 633 5901 prosecutus
677 5828 831 5883 idem
877 5828 1126 5887 Orderic.
1166 5831 1287 5886 loco
1325 5831 1513 5887 citato.
1558 5832 1789 5886 Fatetur

1800 4545 1849 4602 D

1937 4555 2027 4624 (⁸⁸)
2050 4556 2382 4610 Xenodochia
2402 4555 2993 4624 vclptoehotrophia.Et
3011 4552 3139 4624 quia
3154 4551 3296 4624 hinc,
3309 4548 3464 4624 uelut

1868 4622 2049 4701 obiter
2075 4633 2331 4701 recenset
2358 4622 2510 4701 Milo,
2535 4622 2771 4701 ornatus
2787 4625 2999 4701 aliquid
3016 4622 3073 4678 et
3090 4623 3237 4701 l_uci_s_
3263 4622 3464 4701 afferre

1869 4698 2011 4773 Vita
2042 4697 2233 4773 magni
2261 4697 2560 4773 Luni‘ranci
2598 4696 2861 4763 arbitror,
2881 4693 2952 4750 ἐἰ
3000 4695 3167 4773 verba
3196 4693 3459 4773 Eadmeri

1868 4769 2037 4834 Hist,
2090 4765 2187 4821 lib.
2228 4783 2266 4832 ι,
2316 4769 2410 4821 fol.
2443 4766 2476 4823 9
2505 4769 2596 4822 hic
2640 4774 2923 4823 attexero:
2970 4786 2997 4819 α
3029 4767 3146 4821 Ηοο
3186 4765 3459 4835 palatium

1866 4840 1926 4893 in
1970 4841 2081 4893 duo
2125 4838 2328 4905 divisit,
2376 4839 2524 4893 viros
2568 4840 2826 4894 videlicet
2870 4838 3037 4893 variis
3065 4836 3461 4891 inﬁrmitatum

1868 4909 2234 4981 qualitatibus
2287 4926 2505 4979 pressos
2533 4911 2632 4964 uni
2657 4929 2669 4978 ;
2701 4910 2849 4980 parti
2875 4926 3004 4963 vero
3032 4908 3194 4981 alteri
3224 4906 3461 4981 feminas

1866 4975 1927 5035 se
1955 4982 2102 5035 male
2122 4975 2394 5034 habentes
2417 4975 2738 5035 instituens.
2770 4981 3066 5035 Ordinavit
3093 4980 3264 5038 etiam
3293 4977 3373 5031 eis
3393 4975 3462 5027 de

1868 5069 1970 5106 suo
2013 5052 2296 5117 vestitum,
2350 5057 2407 5105 et
2448 5052 2654 5106 victum
2702 5052 3124 5121 quotidianum;
3174 5048 3460 5121 ministros

1871 5140 2092 5193 quoque
2115 5129 2283 5192 atque
2304 5125 2581 5187 custodes,
2596 5123 2693 5193 qui
2720 5120 2900 5177 modis
2921 5122 3178 5176 omnibus
3199 5120 3462 5193 observa-

1869 5189 2095 5248 rent—ne
2120 5189 2331 5263 aliquid
2351 5193 2430 5248 eis
2459 5189 2709 5261 deess—et;
2741 5211 2923 5265 neque
2948 5194 3076 5246 viris
3108 5192 3179 5265 ad
3201 5189 3456 5265 feminas,

1867 5266 1955 5318 vel
1982 5260 2302 5319 feminis—ad
2337 5265 2479 5319 viros
2499 5260 3049 5320 accedendithcultas
3076 5264 3190 5317 ulla
3219 5260 3459 5313 adesset.

1870 5337 1950 5414 ξπ
1978 5337 2158 5414 altera
2187 5352 2315 5389 vero
2346 5343 2505 5406 parte
2529 5337 2630 5414 viae:
2657 5338 2948 5414 ecclesiam
2977 5336 3036 5388 in
3083 5334 3353 5414 honorem

1871 5407 2128 5477 Gregorii
2162 5424 2319 5477 papae
2345 5408 2677 5479 composuit,
2710 5409 2768 5461 in
2800 5424 2910 5479 qua
2936 5406 3256 5479 canonicos
3275 5406 3462 5473 posuit

1870 5479 1964 5548 qui
1990 5474 2333 5548 regulari—ter
2380 5474 2646 5543 viverent,
2681 5485 2737 5531 et
2767 5474 3009 5547 praefatis
3050 5474 3290 5528 infirmis
3338 5489 3462 5545 quae

1869 5550 2037 5603 saluti
2050 5550 2367 5603 animarum
2380 5567 2610 5603 suarum
2626 5553 3000 5617 congruerent
3020 5562 3146 5600 cum
3173 5548 3465 5618 sepultura

1869 5621 2276 5676 ministrarent.
2311 5620 2524 5684 Quibus
2555 5621 2725 5673 etiam
2752 5619 2810 5671 in
2840 5618 3024 5685 terris,
3048 5618 3105 5671 in
3131 5618 3381 5683 decimis,
3409 5623 3467 5670 et

1870 5691 1930 5745 in
1957 5691 2082 5744 aliis
2117 5690 2390 5745 reditibus
2418 5697 2576 5744 tanta
2624 5690 2859 5760 largitus
2897 5695 3001 5753 est,
3032 5697 3098 5743 ut
3144 5691 3215 5743 ad
3250 5695 3467 5743 susten-

1868 5761 2141 5816 tationem
2171 5778 2365 5816 eorum
2391 5761 2729 5815 suflicientia
2751 5777 2874 5815 esse
2893 5761 3234 5815 viderentur.
3268 5761 3468 5813 Remo-

1868 5832 1983 5886 tius
2038 5848 2166 5887 vero
2223 5848 2393 5902 quam
2440 5849 2474 5886 a
2526 5831 2758 5898 boreali,
2809 5832 2879 5886 ab
2926 5830 3257 5886 occidentali
3307 5834 3467 5900 parte
