  <div class='ocr_page' id='page_1' title='image "/cluster/home/n/w/nwhite01/storage/ocr_20150623/150/umn.31951002477443u/058.png"; bbox 0 0 3952 6404; ppageno 0'>
   <div class='ocr_carea' id='block_1_1' title="bbox 152 352 2492 422">
    <p class='ocr_par' dir='ltr' id='par_1_1' title="bbox 152 352 2492 422">
     <span class='ocr_line' id='line_1_1' title="bbox 152 352 2492 422; baseline -0.001 -5"><span class='ocrx_word' id='word_1_1' title='bbox 152 363 206 418; x_wconf 77' lang='lat'><strong>97</strong></span> <span class='ocrx_word' id='word_1_2' title='bbox 1088 354 1553 422; x_wconf 85' lang='lat' dir='ltr'>QUORUMDAM</span> <span class='ocrx_word' id='word_1_3' title='bbox 1588 352 1988 415; x_wconf 84' lang='lat' dir='ltr'>AUCTORUM</span> <span class='ocrx_word' id='word_1_4' title='bbox 2024 356 2394 416; x_wconf 88' lang='lat' dir='ltr'>TESTIMON</span> <span class='ocrx_word' id='word_1_5' title='bbox 2397 360 2492 416; x_wconf 82' lang='lat' dir='ltr'>1A.</span> 
     </span>
    </p>
   </div>
   <div class='ocr_carea' id='block_1_2' title="bbox 3370 362 3439 421">
    <p class='ocr_par' dir='ltr' id='par_1_2' title="bbox 3370 362 3439 421">
     <span class='ocr_line' id='line_1_2' title="bbox 3370 362 3439 421; baseline 0 0"><span class='ocrx_word' id='word_1_6' title='bbox 3370 362 3439 421; x_wconf 85' lang='lat'>98</span> 
     </span>
    </p>
   </div>
   <div class='ocr_carea' id='block_1_3' title="bbox 152 482 3428 558">
    <p class='ocr_par' dir='ltr' id='par_1_3' title="bbox 152 482 3428 558">
     <span class='ocr_line' id='line_1_3' title="bbox 152 482 3428 558; baseline 0.001 -18"><span class='ocrx_word' id='word_1_7' title='bbox 152 487 253 551; x_wconf 70' lang='lat' dir='ltr'>size,</span> <span class='ocrx_word' id='word_1_8' title='bbox 274 489 567 557; x_wconf 88' lang='lat' dir='ltr'>quantum</span> <span class='ocrx_word' id='word_1_9' title='bbox 591 498 801 558; x_wconf 84' lang='lat' dir='ltr'>nomen</span> <span class='ocrx_word' id='word_1_10' title='bbox 819 484 1067 558; x_wconf 83' lang='lat' dir='ltr'>vestrum</span> <span class='ocrx_word' id='word_1_11' title='bbox 1079 483 1302 558; x_wconf 49' lang='lat' dir='ltr'>sistendi</span> <span class='ocrx_word' id='word_1_12' title='bbox 1323 482 1739 555; x_wconf 88' lang='lat' dir='ltr'>postest,vitam</span> <span class='ocrx_word' id='word_1_13' title='bbox 1754 490 1807 549; x_wconf 82' lang='grc' dir='ltr'><strong>Α</strong></span> <span class='ocrx_word' id='word_1_14' title='bbox 1823 483 2011 558; x_wconf 85' lang='lat' dir='ltr'>ipsum</span> <span class='ocrx_word' id='word_1_15' title='bbox 2038 484 2110 558; x_wconf 85' lang='lat' dir='ltr'>ad</span> <span class='ocrx_word' id='word_1_16' title='bbox 2141 501 2423 558; x_wconf 83' lang='lat' dir='ltr'>summam</span> <span class='ocrx_word' id='word_1_17' title='bbox 2446 489 2794 558; x_wconf 85' lang='lat' dir='ltr'>senectutem</span> <span class='ocrx_word' id='word_1_18' title='bbox 2822 487 3143 558; x_wconf 77' lang='lat' dir='ltr'>pervenisse</span> <span class='ocrx_word' id='word_1_19' title='bbox 3176 487 3316 542; x_wconf 88' lang='lat' dir='ltr'>mihi</span> <span class='ocrx_word' id='word_1_20' title='bbox 3342 488 3428 543; x_wconf 86' lang='lat' dir='ltr'>fa-</span> 
     </span>
    </p>
   </div>
   <div class='ocr_carea' id='block_1_4' title="bbox 153 553 1504 619">
    <p class='ocr_par' dir='ltr' id='par_1_4' title="bbox 153 553 1504 619">
     <span class='ocr_line' id='line_1_4' title="bbox 153 553 1504 619; baseline 0.001 -10"><span class='ocrx_word' id='word_1_21' title='bbox 153 553 384 611; x_wconf 74' lang='lat' dir='ltr'>vestram</span> <span class='ocrx_word' id='word_1_22' title='bbox 411 555 797 610; x_wconf 81' lang='lat' dir='ltr'>necessariam</span> <span class='ocrx_word' id='word_1_23' title='bbox 826 569 948 607; x_wconf 92' lang='lat' dir='ltr'>esse</span> <span class='ocrx_word' id='word_1_24' title='bbox 974 553 1357 619; x_wconf 76' lang='lat' dir='ltr'>intelligimus,</span> <span class='ocrx_word' id='word_1_25' title='bbox 1393 560 1504 611; x_wconf 86' lang='lat' dir='ltr'>etc.</span> 
     </span>
    </p>
   </div>
   <div class='ocr_carea' id='block_1_5' title="bbox 218 624 1141 695">
    <p class='ocr_par' dir='ltr' id='par_1_5' title="bbox 218 624 1141 695">
     <span class='ocr_line' id='line_1_5' title="bbox 218 624 1141 695; baseline -0.004 -12"><span class='ocrx_word' id='word_1_26' title='bbox 218 628 296 695; x_wconf 73' lang='grc'>(⁸³)</span> <span class='ocrx_word' id='word_1_27' title='bbox 324 629 609 682; x_wconf 80' lang='lat' dir='ltr'>Kalendas</span> <span class='ocrx_word' id='word_1_28' title='bbox 634 628 819 681; x_wconf 84' lang='lat' dir='ltr'>Junii.</span> <span class='ocrx_word' id='word_1_29' title='bbox 852 624 953 678; x_wconf 86' lang='lat' dir='ltr'>Vel</span> <span class='ocrx_word' id='word_1_30' title='bbox 981 624 1141 679; x_wconf 91' lang='lat' dir='ltr'>Nono</span> 
     </span>
    </p>
   </div>
   <div class='ocr_carea' id='block_1_6' title="bbox 1829 555 3428 628">
    <p class='ocr_par' dir='ltr' id='par_1_6' title="bbox 1829 555 3428 628">
     <span class='ocr_line' id='line_1_6' title="bbox 1829 555 3428 628; baseline 0.002 -19"><span class='ocrx_word' id='word_1_31' title='bbox 1829 555 1934 628; x_wconf 85' lang='lat' dir='ltr'>cile</span> <span class='ocrx_word' id='word_1_32' title='bbox 1955 557 2266 628; x_wconf 76' lang='lat' dir='ltr'>suadeam,</span> <span class='ocrx_word' id='word_1_33' title='bbox 2302 556 2371 610; x_wconf 91' lang='lat' dir='ltr'>iis</span> <span class='ocrx_word' id='word_1_34' title='bbox 2418 557 2775 628; x_wconf 90' lang='lat' dir='ltr'>potissimum</span> <span class='ocrx_word' id='word_1_35' title='bbox 2803 555 3115 612; x_wconf 71' lang='lat' dir='ltr'>rationibus</span> <span class='ocrx_word' id='word_1_36' title='bbox 3147 558 3428 627; x_wconf 91' lang='lat' dir='ltr'>inductus,</span> 
     </span>
    </p>
   </div>
   <div class='ocr_carea' id='block_1_7' title="bbox 1220 625 3435 700">
    <p class='ocr_par' dir='ltr' id='par_1_7' title="bbox 1220 625 3435 700">
     <span class='ocr_line' id='line_1_7' title="bbox 1220 625 3435 700; baseline 0.003 -22"><span class='ocrx_word' id='word_1_37' title='bbox 1220 625 1451 700; x_wconf 72' lang='lat' dir='ltr'>alendas</span> <span class='ocrx_word' id='word_1_38' title='bbox 1495 625 1749 700; x_wconf 84' lang='lat' dir='ltr'>ejusdem</span> <span class='ocrx_word' id='word_1_39' title='bbox 1830 626 2095 680; x_wconf 87' lang='lat' dir='ltr'>nimirum</span> <span class='ocrx_word' id='word_1_40' title='bbox 2132 640 2302 700; x_wconf 85' lang='lat' dir='ltr'>:cum</span> <span class='ocrx_word' id='word_1_41' title='bbox 2322 625 2482 682; x_wconf 73' lang='lat' dir='ltr'>Beéci</span> <span class='ocrx_word' id='word_1_42' title='bbox 2504 630 2838 683; x_wconf 89' lang='lat' dir='ltr'>monachum</span> <span class='ocrx_word' id='word_1_43' title='bbox 2859 629 3153 692; x_wconf 84' lang='lat' dir='ltr'>induisset,</span> <span class='ocrx_word' id='word_1_44' title='bbox 3174 625 3435 700; x_wconf 86' lang='lat' dir='ltr'>provecta</span> 
     </span>
    </p>
   </div>
   <div class='ocr_carea' id='block_1_8' title="bbox 155 695 3433 771">
    <p class='ocr_par' dir='ltr' id='par_1_8' title="bbox 155 695 3433 771">
     <span class='ocr_line' id='line_1_8' title="bbox 155 695 3433 771; baseline 0 -18"><span class='ocrx_word' id='word_1_45' title='bbox 155 699 370 765; x_wconf 87' lang='lat' dir='ltr'>mensis,</span> <span class='ocrx_word' id='word_1_46' title='bbox 410 703 479 771; x_wconf 81' lang='lat' dir='ltr'>ut</span> <span class='ocrx_word' id='word_1_47' title='bbox 522 701 871 771; x_wconf 76' lang='lat' dir='ltr'>est_auctor_</span> <span class='ocrx_word' id='word_1_48' title='bbox 883 695 1199 771; x_wconf 74' lang='lat' dir='ltr'>Florentius</span> <span class='ocrx_word' id='word_1_49' title='bbox 1231 697 1466 771; x_wconf 63' lang='lat' dir='ltr'>Yigorn.</span> <span class='ocrx_word' id='word_1_50' title='bbox 1511 696 1751 771; x_wconf 79' lang='lat' dir='ltr'>scriptor</span> <span class='ocrx_word' id='word_1_51' title='bbox 1832 702 1954 751; x_wconf 90' lang='lat' dir='ltr'>erat</span> <span class='ocrx_word' id='word_1_52' title='bbox 1982 702 2166 764; x_wconf 63' lang='lat' dir='ltr'>aetate,</span> <span class='ocrx_word' id='word_1_53' title='bbox 2197 698 2305 751; x_wconf 85' lang='lat' dir='ltr'>hoc</span> <span class='ocrx_word' id='word_1_54' title='bbox 2333 703 2419 771; x_wconf 85' lang='lat' dir='ltr'>est</span> <span class='ocrx_word' id='word_1_55' title='bbox 2443 700 2819 770; x_wconf 80' lang='lat' dir='ltr'>quadraginta</span> <span class='ocrx_word' id='word_1_56' title='bbox 2837 701 3085 771; x_wconf 88' lang='lat' dir='ltr'>quinque</span> <span class='ocrx_word' id='word_1_57' title='bbox 3100 695 3227 770; x_wconf 76' lang='lat' dir='ltr'>plus</span> <span class='ocrx_word' id='word_1_58' title='bbox 3245 701 3433 754; x_wconf 89' lang='lat' dir='ltr'>minus</span> 
     </span>
    </p>
   </div>
   <div class='ocr_carea' id='block_1_9' title="bbox 158 765 3434 842">
    <p class='ocr_par' dir='ltr' id='par_1_9' title="bbox 158 765 3434 842">
     <span class='ocr_line' id='line_1_9' title="bbox 158 765 3434 842; baseline 0 -18"><span class='ocrx_word' id='word_1_59' title='bbox 158 787 360 824; x_wconf 74' lang='lat' dir='ltr'>coaevus</span> <span class='ocrx_word' id='word_1_60' title='bbox 387 770 463 823; x_wconf 88' lang='lat' dir='ltr'>ad</span> <span class='ocrx_word' id='word_1_61' title='bbox 483 785 579 842; x_wconf 56' lang='lat' dir='ltr'>an.</span> <span class='ocrx_word' id='word_1_62' title='bbox 615 766 775 842; x_wconf 63' lang='grc' dir='ltr'>108εᾷζ</span> <span class='ocrx_word' id='word_1_63' title='bbox 788 765 1276 842; x_wconf 69' lang='lat' dir='ltr'>¢_Dorobei&#39;nensis</span> <span class='ocrx_word' id='word_1_64' title='bbox 1300 765 1748 842; x_wconf 79' lang='lat' dir='ltr'>archiepiscopus</span> <span class='ocrx_word' id='word_1_65' title='bbox 1831 784 2127 842; x_wconf 82' lang='lat' dir='ltr'>annorum,</span> <span class='ocrx_word' id='word_1_66' title='bbox 2153 765 2626 842; x_wconf 79' lang='lat' dir='ltr'>quemadmodum</span> <span class='ocrx_word' id='word_1_67' title='bbox 2652 765 2772 842; x_wconf 55' lang='lat' dir='ltr'>i&#39;pse</span> <span class='ocrx_word' id='word_1_68' title='bbox 2789 765 3013 842; x_wconf 64' lang='lat' dir='ltr'>liquidd</span> <span class='ocrx_word' id='word_1_69' title='bbox 3022 765 3259 842; x_wconf 69' lang='lat' dir='ltr'>inﬂuere</span> <span class='ocrx_word' id='word_1_70' title='bbox 3282 772 3434 825; x_wconf 87' lang='lat' dir='ltr'>vide-</span> 
     </span>
    </p>
   </div>
   <div class='ocr_carea' id='block_1_10' title="bbox 159 837 1749 901">
    <p class='ocr_par' dir='ltr' id='par_1_10' title="bbox 159 837 1749 901">
     <span class='ocr_line' id='line_1_10' title="bbox 159 837 1749 901; baseline -0.004 -5"><span class='ocrx_word' id='word_1_71' title='bbox 159 842 497 895; x_wconf 85' lang='lat' dir='ltr'>Lanfrancus</span> <span class='ocrx_word' id='word_1_72' title='bbox 523 841 689 894; x_wconf 86' lang='lat' dir='ltr'>Nono</span> <span class='ocrx_word' id='word_1_73' title='bbox 728 839 853 893; x_wconf 90' lang='lat' dir='ltr'>Kal.</span> <span class='ocrx_word' id='word_1_74' title='bbox 887 837 1055 901; x_wconf 85' lang='lat' dir='ltr'>Junii,</span> <span class='ocrx_word' id='word_1_75' title='bbox 1090 838 1229 891; x_wconf 86' lang='lat' dir='ltr'>feria</span> <span class='ocrx_word' id='word_1_76' title='bbox 1261 838 1457 901; x_wconf 89' lang='lat' dir='ltr'>quinta</span> <span class='ocrx_word' id='word_1_77' title='bbox 1485 837 1623 891; x_wconf 92' lang='lat' dir='ltr'>obiit</span> <span class='ocrx_word' id='word_1_78' title='bbox 1652 853 1749 890; x_wconf 93' lang='lat' dir='ltr'>eo-</span> 
     </span>
    </p>
   </div>
   <div class='ocr_carea' id='block_1_11' title="bbox 158 907 1749 977">
    <p class='ocr_par' dir='ltr' id='par_1_11' title="bbox 158 907 1749 977">
     <span class='ocr_line' id='line_1_11' title="bbox 158 907 1749 977; baseline -0.004 -11"><span class='ocrx_word' id='word_1_79' title='bbox 158 912 272 966; x_wconf 87' lang='lat' dir='ltr'>dem</span> <span class='ocrx_word' id='word_1_80' title='bbox 305 928 459 965; x_wconf 89' lang='lat' dir='ltr'>anno</span> <span class='ocrx_word' id='word_1_81' title='bbox 496 929 510 964; x_wconf 91' lang='lat'><strong>:</strong></span> <span class='ocrx_word' id='word_1_82' title='bbox 543 916 603 964; x_wconf 87' lang='lat' dir='ltr'>et</span> <span class='ocrx_word' id='word_1_83' title='bbox 628 910 798 964; x_wconf 90' lang='lat' dir='ltr'>tertio</span> <span class='ocrx_word' id='word_1_84' title='bbox 832 908 966 963; x_wconf 90' lang='lat' dir='ltr'>Idus</span> <span class='ocrx_word' id='word_1_85' title='bbox 984 909 1244 977; x_wconf 83' lang='lat' dir='ltr'>Augusti,</span> <span class='ocrx_word' id='word_1_86' title='bbox 1272 907 1516 962; x_wconf 86' lang='lat' dir='ltr'>Sabbato</span> <span class='ocrx_word' id='word_1_87' title='bbox 1536 907 1749 962; x_wconf 87' lang='lat' dir='ltr'>circum</span> 
     </span>
    </p>
   </div>
   <div class='ocr_carea' id='block_1_12' title="bbox 156 979 1748 1049">
    <p class='ocr_par' dir='ltr' id='par_1_12' title="bbox 156 979 1748 1049">
     <span class='ocr_line' id='line_1_12' title="bbox 156 979 1748 1049; baseline -0.004 -12"><span class='ocrx_word' id='word_1_88' title='bbox 156 984 343 1037; x_wconf 74' lang='lat' dir='ltr'>horam</span> <span class='ocrx_word' id='word_1_89' title='bbox 375 983 495 1036; x_wconf 90' lang='lat' dir='ltr'>diei</span> <span class='ocrx_word' id='word_1_90' title='bbox 510 982 762 1045; x_wconf 86' lang='lat' dir='ltr'>tertiam,</span> <span class='ocrx_word' id='word_1_91' title='bbox 790 986 952 1034; x_wconf 65' lang='lat' dir='ltr'>terra:</span> <span class='ocrx_word' id='word_1_92' title='bbox 982 987 1167 1033; x_wconf 92' lang='lat' dir='ltr'>motus</span> <span class='ocrx_word' id='word_1_93' title='bbox 1183 979 1565 1049; x_wconf 85' lang='lat' dir='ltr'>permaximus</span> <span class='ocrx_word' id='word_1_94' title='bbox 1586 979 1748 1032; x_wconf 88' lang='lat' dir='ltr'>exsti-</span> 
     </span>
    </p>
   </div>
   <div class='ocr_carea' id='block_1_13' title="bbox 159 1050 1753 1125">
    <p class='ocr_par' dir='ltr' id='par_1_13' title="bbox 159 1050 1753 1125">
     <span class='ocr_line' id='line_1_13' title="bbox 159 1050 1753 1125; baseline -0.004 -17"><span class='ocrx_word' id='word_1_95' title='bbox 159 1056 219 1107; x_wconf 86' lang='lat' dir='ltr'>tit</span> <span class='ocrx_word' id='word_1_96' title='bbox 246 1053 660 1125; x_wconf 84' lang='lat' dir='ltr'>perAngliam.</span> <span class='ocrx_word' id='word_1_97' title='bbox 674 1072 710 1125; x_wconf 13' lang='grc' dir='ltr'>ί»</span> <span class='ocrx_word' id='word_1_98' title='bbox 742 1052 813 1125; x_wconf 80' lang='lat' dir='ltr'>Et</span> <span class='ocrx_word' id='word_1_99' title='bbox 832 1051 902 1104; x_wconf 90' lang='lat' dir='ltr'>de</span> <span class='ocrx_word' id='word_1_100' title='bbox 928 1054 1267 1125; x_wconf 67' lang='lat' dir='ltr'>terrae_mptu</span> <span class='ocrx_word' id='word_1_101' title='bbox 1285 1050 1511 1125; x_wconf 73' lang='lat' dir='ltr'>quidem</span> <span class='ocrx_word' id='word_1_102' title='bbox 1529 1050 1753 1125; x_wconf 69' lang='lat' dir='ltr'>Floren-</span> 
     </span>
    </p>
   </div>
   <div class='ocr_carea' id='block_1_14' title="bbox 158 1119 1748 1179">
    <p class='ocr_par' dir='ltr' id='par_1_14' title="bbox 158 1119 1748 1179">
     <span class='ocr_line' id='line_1_14' title="bbox 158 1119 1748 1179; baseline -0.004 0"><span class='ocrx_word' id='word_1_103' title='bbox 158 1125 230 1179; x_wconf 89' lang='lat' dir='ltr'>tio</span> <span class='ocrx_word' id='word_1_104' title='bbox 246 1119 606 1179; x_wconf 68' lang='lat' dir='ltr'>astipulatur</span> <span class='ocrx_word' id='word_1_105' title='bbox 633 1122 909 1177; x_wconf 89' lang='lat' dir='ltr'>Henricus</span> <span class='ocrx_word' id='word_1_106' title='bbox 933 1119 1415 1175; x_wconf 83' lang='lat' dir='ltr'>Huntindonensis</span> <span class='ocrx_word' id='word_1_107' title='bbox 1437 1119 1748 1174; x_wconf 85' lang='lat' dir='ltr'>Histor.lib.</span> 
     </span>
    </p>
   </div>
   <div class='ocr_carea' id='block_1_15' title="bbox 159 1142 1753 1262">
    <p class='ocr_par' dir='ltr' id='par_1_15' title="bbox 159 1142 1753 1262">
     <span class='ocr_line' id='line_1_15' title="bbox 159 1142 1748 1179; baseline -0.004 0"><span class='ocrx_word' id='word_1_108' title='bbox 159 1142 230 1179; x_wconf 77' lang='lat' dir='ltr'>UO</span> <span class='ocrx_word' id='word_1_109' title='bbox 255 1142 363 1178; x_wconf 77' lang='lat' dir='ltr'>asu</span> <span class='ocrx_word' id='word_1_110' title='bbox 409 1142 606 1178; x_wconf 67' lang='lat' dir='ltr'>matur</span> <span class='ocrx_word' id='word_1_111' title='bbox 633 1142 909 1177; x_wconf 81' lang='lat' dir='ltr'>nenrlcus</span> <span class='ocrx_word' id='word_1_112' title='bbox 933 1142 1415 1175; x_wconf 69' lang='lat' dir='ltr'>nununuonenms</span> <span class='ocrx_word' id='word_1_113' title='bbox 1437 1142 1748 1174; x_wconf 67' lang='lat' dir='ltr'>ﬂlSEOl&#39;JlU.</span> 
     </span>
     <span class='ocr_line' id='line_1_16' title="bbox 159 1142 1753 1262; baseline -0.003 -13"><span class='ocrx_word' id='word_1_114' title='bbox 159 1210 263 1249; x_wconf 79' lang='lat' dir='ltr'>vn:</span> <span class='ocrx_word' id='word_1_115' title='bbox 302 1216 325 1246; x_wconf 76' lang='grc' dir='ltr'>ι</span> <span class='ocrx_word' id='word_1_116' title='bbox 360 1142 715 1249; x_wconf 58' lang='grc' dir='ltr'>Εειηῆιαηουε</span> <span class='ocrx_word' id='word_1_117' title='bbox 741 1192 1210 1262; x_wconf 86' lang='lat' dir='ltr'>archiepiscopus,</span> <span class='ocrx_word' id='word_1_118' title='bbox 1243 1191 1341 1259; x_wconf 88' lang='lat' dir='ltr'>ait,</span> <span class='ocrx_word' id='word_1_119' title='bbox 1372 1192 1568 1245; x_wconf 89' lang='lat' dir='ltr'>doctor</span> <span class='ocrx_word' id='word_1_120' title='bbox 1594 1191 1753 1244; x_wconf 89' lang='lat' dir='ltr'>lucu-</span> 
     </span>
    </p>
   </div>
   <div class='ocr_carea' id='block_1_16' title="bbox 157 1261 1751 1333">
    <p class='ocr_par' dir='ltr' id='par_1_16' title="bbox 157 1261 1751 1333">
     <span class='ocr_line' id='line_1_17' title="bbox 157 1261 1751 1333; baseline -0.003 -13"><span class='ocrx_word' id='word_1_121' title='bbox 157 1267 335 1320; x_wconf 83' lang='lat' dir='ltr'>lentus</span> <span class='ocrx_word' id='word_1_122' title='bbox 381 1265 738 1326; x_wconf 88' lang='lat' dir='ltr'>clericorum,</span> <span class='ocrx_word' id='word_1_123' title='bbox 777 1270 833 1318; x_wconf 92' lang='lat' dir='ltr'>et</span> <span class='ocrx_word' id='word_1_124' title='bbox 862 1261 1023 1333; x_wconf 77' lang='lat' dir='ltr'>pater</span> <span class='ocrx_word' id='word_1_125' title='bbox 1061 1261 1415 1315; x_wconf 87' lang='lat' dir='ltr'>dulcissimus</span> <span class='ocrx_word' id='word_1_126' title='bbox 1439 1261 1751 1333; x_wconf 68' lang='lat' dir='ltr'>monacho-</span> 
     </span>
    </p>
   </div>
   <div class='ocr_carea' id='block_1_17' title="bbox 158 1331 1755 1400">
    <p class='ocr_par' dir='ltr' id='par_1_17' title="bbox 158 1331 1755 1400">
     <span class='ocr_line' id='line_1_18' title="bbox 158 1331 1755 1400; baseline -0.004 -9"><span class='ocrx_word' id='word_1_127' title='bbox 158 1352 333 1400; x_wconf 87' lang='lat' dir='ltr'>rum,a</span> <span class='ocrx_word' id='word_1_128' title='bbox 356 1336 533 1390; x_wconf 89' lang='lat' dir='ltr'>rebus</span> <span class='ocrx_word' id='word_1_129' title='bbox 552 1331 893 1390; x_wconf 80' lang='lat' dir='ltr'>transitoriis</span> <span class='ocrx_word' id='word_1_130' title='bbox 907 1349 1055 1387; x_wconf 91' lang='lat' dir='ltr'>anno</span> <span class='ocrx_word' id='word_1_131' title='bbox 1083 1338 1352 1396; x_wconf 82' lang='lat' dir='ltr'>sequente</span> <span class='ocrx_word' id='word_1_132' title='bbox 1375 1331 1559 1400; x_wconf 76' lang='lat'>(1089)</span> <span class='ocrx_word' id='word_1_133' title='bbox 1574 1337 1755 1385; x_wconf 89' lang='lat' dir='ltr'>trans-</span> 
     </span>
    </p>
   </div>
   <div class='ocr_carea' id='block_1_18' title="bbox 158 1402 1757 1479">
    <p class='ocr_par' dir='ltr' id='par_1_18' title="bbox 158 1402 1757 1479">
     <span class='ocr_line' id='line_1_19' title="bbox 158 1402 1757 1479; baseline -0.004 -17"><span class='ocrx_word' id='word_1_134' title='bbox 158 1409 219 1463; x_wconf 85' lang='lat' dir='ltr'>iit</span> <span class='ocrx_word' id='word_1_135' title='bbox 245 1427 259 1460; x_wconf 87' lang='lat'><strong>:</strong></span> <span class='ocrx_word' id='word_1_136' title='bbox 292 1424 410 1479; x_wconf 89' lang='lat' dir='ltr'>quo</span> <span class='ocrx_word' id='word_1_137' title='bbox 444 1408 508 1479; x_wconf 82' lang='lat' dir='ltr'>in</span> <span class='ocrx_word' id='word_1_138' title='bbox 540 1422 688 1479; x_wconf 83' lang='lat' dir='ltr'>anno</span> <span class='ocrx_word' id='word_1_139' title='bbox 717 1409 1107 1479; x_wconf 60' lang='lat' dir='ltr'>terrtemotus</span> <span class='ocrx_word' id='word_1_140' title='bbox 1132 1404 1244 1457; x_wconf 90' lang='lat' dir='ltr'>fuit</span> <span class='ocrx_word' id='word_1_141' title='bbox 1265 1402 1564 1479; x_wconf 81' lang='lat' dir='ltr'>terribilis._</span> <span class='ocrx_word' id='word_1_142' title='bbox 1588 1423 1613 1453; x_wconf 73' lang='grc' dir='ltr'>ι</span> <span class='ocrx_word' id='word_1_143' title='bbox 1645 1403 1757 1479; x_wconf 83' lang='lat' dir='ltr'>Ho-</span> 
     </span>
    </p>
   </div>
   <div class='ocr_carea' id='block_1_19' title="bbox 160 1473 1747 1546">
    <p class='ocr_par' dir='ltr' id='par_1_19' title="bbox 160 1473 1747 1546">
     <span class='ocr_line' id='line_1_20' title="bbox 160 1473 1747 1546; baseline -0.001 -15"><span class='ocrx_word' id='word_1_144' title='bbox 160 1473 407 1533; x_wconf 74' lang='lat' dir='ltr'>vedeiius</span> <span class='ocrx_word' id='word_1_145' title='bbox 434 1477 508 1532; x_wconf 89' lang='lat' dir='ltr'>ab</span> <span class='ocrx_word' id='word_1_146' title='bbox 538 1478 627 1531; x_wconf 92' lang='lat' dir='ltr'>his</span> <span class='ocrx_word' id='word_1_147' title='bbox 670 1477 823 1531; x_wconf 88' lang='lat' dir='ltr'>haud</span> <span class='ocrx_word' id='word_1_148' title='bbox 851 1475 1113 1529; x_wconf 84' lang='lat' dir='ltr'>dissentit</span> <span class='ocrx_word' id='word_1_149' title='bbox 1135 1480 1281 1546; x_wconf 83' lang='lat' dir='ltr'>part.</span> <span class='ocrx_word' id='word_1_150' title='bbox 1324 1473 1511 1546; x_wconf 84' lang='lat' dir='ltr'>priore</span> <span class='ocrx_word' id='word_1_151' title='bbox 1537 1473 1747 1546; x_wconf 80' lang='lat' dir='ltr'>Annal.</span> 
     </span>
    </p>
   </div>
   <div class='ocr_carea' id='block_1_20' title="bbox 160 1544 1759 1618">
    <p class='ocr_par' dir='ltr' id='par_1_20' title="bbox 160 1544 1759 1618">
     <span class='ocr_line' id='line_1_21' title="bbox 160 1544 1759 1618; baseline -0.004 -16"><span class='ocrx_word' id='word_1_152' title='bbox 160 1552 214 1604; x_wconf 88' lang='lat' dir='ltr'>in</span> <span class='ocrx_word' id='word_1_153' title='bbox 234 1550 530 1602; x_wconf 82' lang='lat' dir='ltr'>Willelmo</span> <span class='ocrx_word' id='word_1_154' title='bbox 560 1548 793 1602; x_wconf 89' lang='lat' dir='ltr'>Juniore</span> <span class='ocrx_word' id='word_1_155' title='bbox 817 1565 829 1599; x_wconf 88' lang='lat'>:</span> <span class='ocrx_word' id='word_1_156' title='bbox 855 1563 1024 1618; x_wconf 87' lang='lat' dir='ltr'>penes</span> <span class='ocrx_word' id='word_1_157' title='bbox 1052 1544 1220 1618; x_wconf 82' lang='lat' dir='ltr'>quem</span> <span class='ocrx_word' id='word_1_158' title='bbox 1251 1545 1446 1618; x_wconf 86' lang='lat' dir='ltr'>eadem</span> <span class='ocrx_word' id='word_1_159' title='bbox 1472 1544 1643 1597; x_wconf 88' lang='lat' dir='ltr'>verba</span> <span class='ocrx_word' id='word_1_160' title='bbox 1658 1560 1759 1618; x_wconf 81' lang='lat' dir='ltr'>pro</span> 
     </span>
    </p>
   </div>
   <div class='ocr_carea' id='block_1_21' title="bbox 161 1614 1764 1690">
    <p class='ocr_par' dir='ltr' id='par_1_21' title="bbox 161 1614 1764 1690">
     <span class='ocr_line' id='line_1_22' title="bbox 161 1614 1764 1690; baseline -0.004 -16"><span class='ocrx_word' id='word_1_161' title='bbox 161 1637 254 1674; x_wconf 87' lang='lat' dir='ltr'>suo</span> <span class='ocrx_word' id='word_1_162' title='bbox 284 1637 449 1674; x_wconf 85' lang='lat' dir='ltr'>more</span> <span class='ocrx_word' id='word_1_163' title='bbox 476 1619 655 1690; x_wconf 88' lang='lat' dir='ltr'>(quod</span> <span class='ocrx_word' id='word_1_164' title='bbox 682 1614 996 1690; x_wconf 46' lang='lat' dir='ltr'>semel—jam</span> <span class='ocrx_word' id='word_1_165' title='bbox 1025 1614 1440 1690; x_wconf 65' lang='lat' dir='ltr'>adnotavimus)</span> <span class='ocrx_word' id='word_1_166' title='bbox 1491 1619 1661 1685; x_wconf 90' lang='lat' dir='ltr'>atque</span> <span class='ocrx_word' id='word_1_167' title='bbox 1702 1614 1764 1667; x_wconf 92' lang='lat' dir='ltr'>in</span> 
     </span>
    </p>
   </div>
   <div class='ocr_carea' id='block_1_22' title="bbox 162 1687 1763 1759">
    <p class='ocr_par' dir='ltr' id='par_1_22' title="bbox 162 1687 1763 1759">
     <span class='ocr_line' id='line_1_23' title="bbox 162 1687 1763 1759; baseline -0.005 -14"><span class='ocrx_word' id='word_1_168' title='bbox 162 1691 448 1745; x_wconf 82' lang='lat' dir='ltr'>Florentio</span> <span class='ocrx_word' id='word_1_169' title='bbox 479 1687 669 1759; x_wconf 73' lang='lat' dir='ltr'>legere</span> <span class='ocrx_word' id='word_1_170' title='bbox 690 1695 793 1743; x_wconf 90' lang='lat' dir='ltr'>est.</span> <span class='ocrx_word' id='word_1_171' title='bbox 813 1688 1089 1743; x_wconf 87' lang='lat' dir='ltr'>Robertus</span> <span class='ocrx_word' id='word_1_172' title='bbox 1108 1687 1177 1741; x_wconf 92' lang='lat' dir='ltr'>de</span> <span class='ocrx_word' id='word_1_173' title='bbox 1196 1688 1385 1759; x_wconf 80' lang='lat' dir='ltr'>Monte</span> <span class='ocrx_word' id='word_1_174' title='bbox 1400 1691 1564 1759; x_wconf 74' lang='lat' dir='ltr'>terrae</span> <span class='ocrx_word' id='word_1_175' title='bbox 1577 1690 1763 1759; x_wconf 73' lang='lat' dir='ltr'>mgtus</span> 
     </span>
    </p>
   </div>
   <div class='ocr_carea' id='block_1_23' title="bbox 159 1756 1766 1817">
    <p class='ocr_par' dir='ltr' id='par_1_23' title="bbox 159 1756 1766 1817">
     <span class='ocr_line' id='line_1_24' title="bbox 159 1756 1766 1817; baseline -0.005 -1"><span class='ocrx_word' id='word_1_176' title='bbox 159 1779 388 1817; x_wconf 85' lang='lat' dir='ltr'>causam</span> <span class='ocrx_word' id='word_1_177' title='bbox 417 1756 669 1815; x_wconf 75' lang='lat' dir='ltr'>ostendit</span> <span class='ocrx_word' id='word_1_178' title='bbox 689 1761 748 1814; x_wconf 91' lang='lat' dir='ltr'>in</span> <span class='ocrx_word' id='word_1_179' title='bbox 769 1760 1046 1814; x_wconf 88' lang='lat' dir='ltr'>Chronico</span> <span class='ocrx_word' id='word_1_180' title='bbox 1070 1774 1175 1811; x_wconf 92' lang='lat' dir='ltr'>ms.</span> <span class='ocrx_word' id='word_1_181' title='bbox 1207 1757 1279 1811; x_wconf 90' lang='lat' dir='ltr'>ad</span> <span class='ocrx_word' id='word_1_182' title='bbox 1306 1756 1365 1810; x_wconf 87' lang='lat' dir='ltr'>id</span> <span class='ocrx_word' id='word_1_183' title='bbox 1393 1756 1529 1810; x_wconf 90' lang='lat' dir='ltr'>anni</span> <span class='ocrx_word' id='word_1_184' title='bbox 1561 1773 1573 1808; x_wconf 89' lang='lat'>:</span> <span class='ocrx_word' id='word_1_185' title='bbox 1602 1756 1766 1809; x_wconf 86' lang='lat' dir='ltr'>«Hoc</span> 
     </span>
    </p>
   </div>
   <div class='ocr_carea' id='block_1_24' title="bbox 160 1827 1767 1898">
    <p class='ocr_par' dir='ltr' id='par_1_24' title="bbox 160 1827 1767 1898">
     <span class='ocr_line' id='line_1_25' title="bbox 160 1827 1767 1898; baseline -0.006 -10"><span class='ocrx_word' id='word_1_186' title='bbox 160 1850 300 1888; x_wconf 88' lang='lat' dir='ltr'>anno</span> <span class='ocrx_word' id='word_1_187' title='bbox 329 1838 505 1887; x_wconf 71' lang='lat' dir='ltr'>terrae</span> <span class='ocrx_word' id='word_1_188' title='bbox 534 1836 720 1885; x_wconf 89' lang='lat' dir='ltr'>motus</span> <span class='ocrx_word' id='word_1_189' title='bbox 748 1831 926 1884; x_wconf 83' lang='lat' dir='ltr'>factus</span> <span class='ocrx_word' id='word_1_190' title='bbox 948 1828 1234 1892; x_wconf 72' lang='lat' dir='ltr'>terribilis,</span> <span class='ocrx_word' id='word_1_191' title='bbox 1250 1827 1590 1898; x_wconf 83' lang='lat' dir='ltr'>protendens</span> <span class='ocrx_word' id='word_1_192' title='bbox 1615 1827 1767 1880; x_wconf 90' lang='lat' dir='ltr'>mala</span> 
     </span>
    </p>
   </div>
   <div class='ocr_carea' id='block_1_25' title="bbox 159 1899 1764 1973">
    <p class='ocr_par' dir='ltr' id='par_1_25' title="bbox 159 1899 1764 1973">
     <span class='ocr_line' id='line_1_26' title="bbox 159 1899 1764 1973; baseline -0.005 -15"><span class='ocrx_word' id='word_1_193' title='bbox 159 1904 392 1958; x_wconf 87' lang='lat' dir='ltr'>forsitan</span> <span class='ocrx_word' id='word_1_194' title='bbox 427 1919 555 1973; x_wconf 79' lang='lat' dir='ltr'>quae</span> <span class='ocrx_word' id='word_1_195' title='bbox 583 1906 812 1972; x_wconf 84' lang='lat' dir='ltr'>prOpter</span> <span class='ocrx_word' id='word_1_196' title='bbox 840 1900 1149 1973; x_wconf 81' lang='lat' dir='ltr'>hominum</span> <span class='ocrx_word' id='word_1_197' title='bbox 1176 1899 1501 1973; x_wconf 77' lang='lat' dir='ltr'>iniquorum</span> <span class='ocrx_word' id='word_1_198' title='bbox 1533 1903 1764 1973; x_wconf 64' lang='lat' dir='ltr'>peccata</span> 
     </span>
    </p>
   </div>
   <div class='ocr_carea' id='block_1_26' title="bbox 154 1968 1763 2046">
    <p class='ocr_par' dir='ltr' id='par_1_26' title="bbox 154 1968 1763 2046">
     <span class='ocr_line' id='line_1_27' title="bbox 154 1968 1763 2046; baseline -0.005 -17"><span class='ocrx_word' id='word_1_199' title='bbox 154 1978 263 2046; x_wconf 86' lang='lat' dir='ltr'>jam</span> <span class='ocrx_word' id='word_1_200' title='bbox 319 1968 541 2046; x_wconf 79' lang='lat' dir='ltr'>nostris</span> <span class='ocrx_word' id='word_1_201' title='bbox 584 1968 959 2046; x_wconf 47' lang='lat' dir='ltr'>temporibus</span> <span class='ocrx_word' id='word_1_202' title='bbox 1001 1971 1239 2046; x_wconf 70' lang='lat' dir='ltr'>vidimus</span> <span class='ocrx_word' id='word_1_203' title='bbox 1287 1969 1539 2046; x_wconf 75' lang='lat' dir='ltr'>impleta.</span> <span class='ocrx_word' id='word_1_204' title='bbox 1589 1968 1763 2046; x_wconf 51' lang='lat' dir='ltr'>PSed</span> 
     </span>
    </p>
   </div>
   <div class='ocr_carea' id='block_1_27' title="bbox 157 2038 1762 2104">
    <p class='ocr_par' dir='ltr' id='par_1_27' title="bbox 157 2038 1762 2104">
     <span class='ocr_line' id='line_1_28' title="bbox 157 2038 1762 2104; baseline -0.005 -5"><span class='ocrx_word' id='word_1_205' title='bbox 157 2038 401 2100; x_wconf 78' lang='lat' dir='ltr'>maxime</span> <span class='ocrx_word' id='word_1_206' title='bbox 432 2062 464 2098; x_wconf 92' lang='lat' dir='ltr'>e</span> <span class='ocrx_word' id='word_1_207' title='bbox 494 2043 634 2097; x_wconf 79' lang='lat' dir='ltr'>vivis</span> <span class='ocrx_word' id='word_1_208' title='bbox 665 2038 884 2098; x_wconf 72' lang='lat' dir='ltr'>sublato</span> <span class='ocrx_word' id='word_1_209' title='bbox 922 2042 987 2097; x_wconf 93' lang='lat' dir='ltr'>B.</span> <span class='ocrx_word' id='word_1_210' title='bbox 1023 2038 1487 2104; x_wconf 42' lang='lat' dir='ltr'>Lanfranco,&quot;ubi</span> <span class='ocrx_word' id='word_1_211' title='bbox 1513 2038 1762 2093; x_wconf 82' lang='lat' dir='ltr'>habenas</span> 
     </span>
    </p>
   </div>
   <div class='ocr_carea' id='block_1_28' title="bbox 156 2109 1760 2186">
    <p class='ocr_par' dir='ltr' id='par_1_28' title="bbox 156 2109 1760 2186">
     <span class='ocr_line' id='line_1_29' title="bbox 156 2109 1760 2186; baseline -0.006 -15"><span class='ocrx_word' id='word_1_212' title='bbox 156 2116 476 2186; x_wconf 85' lang='lat' dir='ltr'>omnigenis</span> <span class='ocrx_word' id='word_1_213' title='bbox 505 2114 810 2186; x_wconf 89' lang='lat' dir='ltr'>sceleribus</span> <span class='ocrx_word' id='word_1_214' title='bbox 832 2114 1074 2186; x_wconf 84' lang='lat' dir='ltr'>laxasset</span> <span class='ocrx_word' id='word_1_215' title='bbox 1093 2111 1432 2186; x_wconf 74' lang='lat' dir='ltr'>Guillelmus</span> <span class='ocrx_word' id='word_1_216' title='bbox 1448 2109 1760 2186; x_wconf 78' lang='lat' dir='ltr'>Rufusrex,</span> 
     </span>
    </p>
   </div>
   <div class='ocr_carea' id='block_1_29' title="bbox 160 2180 1767 2257">
    <p class='ocr_par' dir='ltr' id='par_1_29' title="bbox 160 2180 1767 2257">
     <span class='ocr_line' id='line_1_30' title="bbox 160 2180 1767 2257; baseline -0.005 -16"><span class='ocrx_word' id='word_1_217' title='bbox 160 2196 279 2242; x_wconf 86' lang='lat' dir='ltr'>tum</span> <span class='ocrx_word' id='word_1_218' title='bbox 307 2180 594 2257; x_wconf 70' lang='lat' dir='ltr'>quidquid</span> <span class='ocrx_word' id='word_1_219' title='bbox 609 2184 1015 2257; x_wconf 83' lang='lat' dir='ltr'>nequissimum</span> <span class='ocrx_word' id='word_1_220' title='bbox 1032 2187 1137 2257; x_wconf 79' lang='lat' dir='ltr'>est,</span> <span class='ocrx_word' id='word_1_221' title='bbox 1152 2198 1253 2257; x_wconf 81' lang='lat' dir='ltr'>per</span> <span class='ocrx_word' id='word_1_222' title='bbox 1270 2181 1534 2257; x_wconf 76' lang='lat' dir='ltr'>Angliam</span> <span class='ocrx_word' id='word_1_223' title='bbox 1548 2180 1767 2257; x_wconf 67' lang='lat' dir='ltr'>univer-</span> 
     </span>
    </p>
   </div>
   <div class='ocr_carea' id='block_1_30' title="bbox 160 2251 1758 2383">
    <p class='ocr_par' dir='ltr' id='par_1_30' title="bbox 160 2251 1758 2383">
     <span class='ocr_line' id='line_1_31' title="bbox 160 2251 1758 2383; baseline -0.003 -71"><span class='ocrx_word' id='word_1_224' title='bbox 160 2275 274 2383; x_wconf 52' lang='grc' dir='ltr'>ᾗσι</span> <span class='ocrx_word' id='word_1_225' title='bbox 296 2251 558 2328; x_wconf 69' lang='lat' dir='ltr'>grassari</span> <span class='ocrx_word' id='word_1_226' title='bbox 585 2251 774 2327; x_wconf 44' lang='lat' dir='ltr'>amp—it.</span> <span class='ocrx_word' id='word_1_227' title='bbox 806 2256 888 2310; x_wconf 93' lang='lat' dir='ltr'>De</span> <span class='ocrx_word' id='word_1_228' title='bbox 916 2255 1002 2309; x_wconf 90' lang='lat' dir='ltr'>his</span> <span class='ocrx_word' id='word_1_229' title='bbox 1031 2251 1267 2309; x_wconf 78' lang='lat' dir='ltr'>inferius</span> <span class='ocrx_word' id='word_1_230' title='bbox 1291 2251 1688 2322; x_wconf 85' lang='lat' dir='ltr'>adepistolam</span> <span class='ocrx_word' id='word_1_231' title='bbox 1705 2251 1758 2318; x_wconf 78' lang='lat'>2,</span> 
     </span>
     <span class='ocr_line' id='line_1_32' title="bbox 182 2346 341 2383; baseline -0.006 -1"><span class='ocrx_word' id='word_1_232' title='bbox 182 2347 199 2382; x_wconf 93' lang='grc' dir='ltr'>ι</span> <span class='ocrx_word' id='word_1_233' title='bbox 228 2372 240 2383; x_wconf 94' lang='grc'><em>.</em></span> <span class='ocrx_word' id='word_1_234' title='bbox 280 2346 341 2383; x_wconf 84' lang='lat' dir='ltr'>n.</span> 
     </span>
    </p>
   </div>
   <div class='ocr_carea' id='block_1_31' title="bbox 182 2330 341 2383">
    <p class='ocr_par' dir='ltr' id='par_1_31' title="bbox 182 2330 341 2383">
     <span class='ocr_line' id='line_1_33' title="bbox 182 2330 341 2383; baseline -0.006 -1"><span class='ocrx_word' id='word_1_235' title='bbox 182 2330 240 2383; x_wconf 86' lang='lat' dir='ltr'>it.</span> <span class='ocrx_word' id='word_1_236' title='bbox 280 2346 341 2383; x_wconf 80' lang='grc' dir='ltr'>ι).</span> 
     </span>
    </p>
   </div>
   <div class='ocr_carea' id='block_1_32' title="bbox 225 2346 1769 2470">
    <p class='ocr_par' dir='ltr' id='par_1_32' title="bbox 225 2346 1769 2470">
     <span class='ocr_line' id='line_1_34' title="bbox 225 2346 1769 2470; baseline -0.006 -16"><span class='ocrx_word' id='word_1_237' title='bbox 225 2346 439 2470; x_wconf 53' lang='grc' dir='ltr'>Πῐέιῖιθῐ</span> <span class='ocrx_word' id='word_1_238' title='bbox 464 2399 523 2454; x_wconf 90' lang='lat' dir='ltr'>S.</span> <span class='ocrx_word' id='word_1_239' title='bbox 545 2397 924 2470; x_wconf 88' lang='lat' dir='ltr'>Lanfrancum</span> <span class='ocrx_word' id='word_1_240' title='bbox 941 2401 1065 2470; x_wconf 80' lang='lat' dir='ltr'>tum</span> <span class='ocrx_word' id='word_1_241' title='bbox 1080 2411 1146 2449; x_wconf 85' lang='lat' dir='ltr'>ex</span> <span class='ocrx_word' id='word_1_242' title='bbox 1162 2393 1427 2470; x_wconf 59' lang='lat' dir='ltr'>praefatis,</span> <span class='ocrx_word' id='word_1_243' title='bbox 1444 2398 1574 2470; x_wconf 80' lang='lat' dir='ltr'>tum</span> <span class='ocrx_word' id='word_1_244' title='bbox 1596 2392 1769 2470; x_wconf 74' lang='lat' dir='ltr'>etiam</span> 
     </span>
    </p>
   </div>
   <div class='ocr_carea' id='block_1_33' title="bbox 162 2463 1770 2541">
    <p class='ocr_par' dir='ltr' id='par_1_33' title="bbox 162 2463 1770 2541">
     <span class='ocr_line' id='line_1_35' title="bbox 162 2463 1770 2541; baseline -0.004 -16"><span class='ocrx_word' id='word_1_245' title='bbox 162 2489 225 2525; x_wconf 81' lang='lat' dir='ltr'>ex</span> <span class='ocrx_word' id='word_1_246' title='bbox 271 2463 457 2541; x_wconf 66' lang='lat' dir='ltr'>géstis</span> <span class='ocrx_word' id='word_1_247' title='bbox 493 2469 691 2540; x_wconf 90' lang='lat' dir='ltr'>ipsius,</span> <span class='ocrx_word' id='word_1_248' title='bbox 741 2467 1083 2541; x_wconf 64' lang='lat' dir='ltr'>atquealiis</span> <span class='ocrx_word' id='word_1_249' title='bbox 1129 2463 1525 2541; x_wconf 64' lang='lat' dir='ltr'>scriptoribus,</span> <span class='ocrx_word' id='word_1_250' title='bbox 1559 2463 1770 2518; x_wconf 89' lang='lat' dir='ltr'>infulas</span> 
     </span>
    </p>
   </div>
   <div class='ocr_carea' id='block_1_34' title="bbox 164 2534 1767 2603">
    <p class='ocr_par' dir='ltr' id='par_1_34' title="bbox 164 2534 1767 2603">
     <span class='ocr_line' id='line_1_36' title="bbox 164 2534 1767 2603; baseline -0.006 -7"><span class='ocrx_word' id='word_1_251' title='bbox 164 2534 607 2597; x_wconf 61' lang='lat' dir='ltr'>Cantuarienses</span> <span class='ocrx_word' id='word_1_252' title='bbox 629 2534 793 2594; x_wconf 89' lang='lat' dir='ltr'>annis</span> <span class='ocrx_word' id='word_1_253' title='bbox 818 2534 886 2594; x_wconf 71' lang='lat'>19</span> <span class='ocrx_word' id='word_1_254' title='bbox 915 2537 1210 2603; x_wconf 86' lang='lat' dir='ltr'>detulisse;</span> <span class='ocrx_word' id='word_1_255' title='bbox 1236 2534 1384 2589; x_wconf 77' lang='lat' dir='ltr'>anno</span> <span class='ocrx_word' id='word_1_256' title='bbox 1410 2534 1480 2588; x_wconf 91' lang='lat' dir='ltr'>ab</span> <span class='ocrx_word' id='word_1_257' title='bbox 1500 2535 1767 2589; x_wconf 88' lang='lat' dir='ltr'>Incarna-</span> 
     </span>
    </p>
   </div>
   <div class='ocr_carea' id='block_1_35' title="bbox 162 2605 1770 2691">
    <p class='ocr_par' dir='ltr' id='par_1_35' title="bbox 162 2605 1770 2691">
     <span class='ocr_line' id='line_1_37' title="bbox 162 2605 1770 2691; baseline -0.006 -24"><span class='ocrx_word' id='word_1_258' title='bbox 162 2615 314 2691; x_wconf 76' lang='lat' dir='ltr'>tione</span> <span class='ocrx_word' id='word_1_259' title='bbox 332 2612 568 2691; x_wconf 84' lang='lat' dir='ltr'>Domini</span> <span class='ocrx_word' id='word_1_260' title='bbox 596 2610 761 2691; x_wconf 56' lang='grc' dir='ltr'>1089ι</span> <span class='ocrx_word' id='word_1_261' title='bbox 797 2609 958 2691; x_wconf 87' lang='lat' dir='ltr'>regni</span> <span class='ocrx_word' id='word_1_262' title='bbox 981 2625 1111 2691; x_wconf 73' lang='lat' dir='ltr'>vero</span> <span class='ocrx_word' id='word_1_263' title='bbox 1139 2605 1508 2691; x_wconf 41' lang='lat' dir='ltr'>Gui‘llelm‘i‘II</span> <span class='ocrx_word' id='word_1_264' title='bbox 1685 2622 1770 2659; x_wconf 91' lang='lat' dir='ltr'>se-</span> 
     </span>
    </p>
   </div>
   <div class='ocr_carea' id='block_1_36' title="bbox 164 2675 1767 2746">
    <p class='ocr_par' dir='ltr' id='par_1_36' title="bbox 164 2675 1767 2746">
     <span class='ocr_line' id='line_1_38' title="bbox 164 2675 1767 2746; baseline -0.006 -8"><span class='ocrx_word' id='word_1_265' title='bbox 164 2684 347 2739; x_wconf 87' lang='lat' dir='ltr'>cundo</span> <span class='ocrx_word' id='word_1_266' title='bbox 367 2687 690 2737; x_wconf 87' lang='lat' dir='ltr'>extremum</span> <span class='ocrx_word' id='word_1_267' title='bbox 716 2675 984 2736; x_wconf 74' lang='lat' dir='ltr'>clausisse</span> <span class='ocrx_word' id='word_1_268' title='bbox 1010 2679 1187 2746; x_wconf 88' lang='lat' dir='ltr'>diem;</span> <span class='ocrx_word' id='word_1_269' title='bbox 1241 2676 1372 2731; x_wconf 89' lang='lat' dir='ltr'>hinc</span> <span class='ocrx_word' id='word_1_270' title='bbox 1393 2678 1459 2730; x_wconf 83' lang='lat' dir='ltr'>ﬁt</span> <span class='ocrx_word' id='word_1_271' title='bbox 1496 2680 1563 2730; x_wconf 89' lang='lat' dir='ltr'>ut</span> <span class='ocrx_word' id='word_1_272' title='bbox 1606 2675 1767 2730; x_wconf 91' lang='lat' dir='ltr'>illum</span> 
     </span>
    </p>
   </div>
   <div class='ocr_carea' id='block_1_37' title="bbox 1828 839 3436 912">
    <p class='ocr_par' dir='ltr' id='par_1_37' title="bbox 1828 839 3436 912">
     <span class='ocr_line' id='line_1_39' title="bbox 1828 839 3436 912; baseline 0.003 -20"><span class='ocrx_word' id='word_1_273' title='bbox 1828 844 1925 892; x_wconf 90' lang='lat' dir='ltr'>tur</span> <span class='ocrx_word' id='word_1_274' title='bbox 1953 839 2215 912; x_wconf 76' lang='lat' dir='ltr'>precibus</span> <span class='ocrx_word' id='word_1_275' title='bbox 2235 840 2344 912; x_wconf 88' lang='lat' dir='ltr'>illis</span> <span class='ocrx_word' id='word_1_276' title='bbox 2366 857 2505 911; x_wconf 90' lang='lat' dir='ltr'>quas</span> <span class='ocrx_word' id='word_1_277' title='bbox 2519 839 2689 896; x_wconf 79' lang='lat' dir='ltr'>nocte</span> <span class='ocrx_word' id='word_1_278' title='bbox 2707 846 2761 909; x_wconf 90' lang='lat' dir='ltr'>(a</span> <span class='ocrx_word' id='word_1_279' title='bbox 2782 839 3095 896; x_wconf 75' lang='lat' dir='ltr'>latronibus</span> <span class='ocrx_word' id='word_1_280' title='bbox 3109 841 3294 896; x_wconf 90' lang='lat' dir='ltr'>arbori</span> <span class='ocrx_word' id='word_1_281' title='bbox 3313 844 3436 912; x_wconf 86' lang='lat' dir='ltr'>ejus</span> 
     </span>
    </p>
   </div>
   <div class='ocr_carea' id='block_1_38' title="bbox 1830 910 3431 980">
    <p class='ocr_par' dir='ltr' id='par_1_38' title="bbox 1830 910 3431 980">
     <span class='ocr_line' id='line_1_40' title="bbox 1830 910 3431 980; baseline 0.003 -18"><span class='ocrx_word' id='word_1_282' title='bbox 1830 910 2091 963; x_wconf 89' lang='lat' dir='ltr'>manibus</span> <span class='ocrx_word' id='word_1_283' title='bbox 2126 910 2399 980; x_wconf 71' lang='lat' dir='ltr'>alligatis)</span> <span class='ocrx_word' id='word_1_284' title='bbox 2435 912 2507 965; x_wconf 88' lang='lat' dir='ltr'>ad</span> <span class='ocrx_word' id='word_1_285' title='bbox 2536 913 2712 967; x_wconf 91' lang='lat' dir='ltr'>Deum</span> <span class='ocrx_word' id='word_1_286' title='bbox 2751 913 2948 966; x_wconf 74' lang='lat' dir='ltr'>effudit</span> <span class='ocrx_word' id='word_1_287' title='bbox 2970 912 3029 966; x_wconf 92' lang='lat' dir='ltr'>in</span> <span class='ocrx_word' id='word_1_288' title='bbox 3075 912 3193 967; x_wconf 65' lang='lat' dir='ltr'>haec</span> <span class='ocrx_word' id='word_1_289' title='bbox 3217 910 3388 967; x_wconf 82' lang='lat' dir='ltr'>verba</span> <span class='ocrx_word' id='word_1_290' title='bbox 3419 932 3431 967; x_wconf 91' lang='lat'><strong>:</strong></span> 
     </span>
    </p>
   </div>
   <div class='ocr_carea' id='block_1_39' title="bbox 1835 981 3432 1055">
    <p class='ocr_par' dir='ltr' id='par_1_39' title="bbox 1835 981 3432 1055">
     <span class='ocr_line' id='line_1_41' title="bbox 1835 981 3432 1055; baseline 0.004 -23"><span class='ocrx_word' id='word_1_291' title='bbox 1835 998 1862 1031; x_wconf 86' lang='lat'>«</span> <span class='ocrx_word' id='word_1_292' title='bbox 1895 981 2135 1034; x_wconf 89' lang='lat' dir='ltr'>Domine</span> <span class='ocrx_word' id='word_1_293' title='bbox 2156 981 2553 1055; x_wconf 86' lang='lat' dir='ltr'>Deus_,tantum</span> <span class='ocrx_word' id='word_1_294' title='bbox 2574 988 2797 1055; x_wconf 89' lang='lat' dir='ltr'>tempus</span> <span class='ocrx_word' id='word_1_295' title='bbox 2818 983 2878 1055; x_wconf 87' lang='lat' dir='ltr'>in</span> <span class='ocrx_word' id='word_1_296' title='bbox 2899 984 3162 1037; x_wconf 90' lang='lat' dir='ltr'>discendo</span> <span class='ocrx_word' id='word_1_297' title='bbox 3175 985 3432 1055; x_wconf 84' lang='lat' dir='ltr'>expendi,</span> 
     </span>
    </p>
   </div>
   <div class='ocr_carea' id='block_1_40' title="bbox 1834 1053 3432 1121">
    <p class='ocr_par' dir='ltr' id='par_1_40' title="bbox 1834 1053 3432 1121">
     <span class='ocr_line' id='line_1_42' title="bbox 1834 1053 3432 1121; baseline 0.003 -17"><span class='ocrx_word' id='word_1_298' title='bbox 1834 1056 1891 1105; x_wconf 91' lang='lat' dir='ltr'>et</span> <span class='ocrx_word' id='word_1_299' title='bbox 1911 1067 2111 1121; x_wconf 89' lang='lat' dir='ltr'>corpus</span> <span class='ocrx_word' id='word_1_300' title='bbox 2140 1056 2194 1105; x_wconf 91' lang='lat' dir='ltr'>et</span> <span class='ocrx_word' id='word_1_301' title='bbox 2216 1053 2466 1106; x_wconf 87' lang='lat' dir='ltr'>animam</span> <span class='ocrx_word' id='word_1_302' title='bbox 2507 1053 2566 1106; x_wconf 91' lang='lat' dir='ltr'>in</span> <span class='ocrx_word' id='word_1_303' title='bbox 2591 1053 2791 1107; x_wconf 90' lang='lat' dir='ltr'>studiis</span> <span class='ocrx_word' id='word_1_304' title='bbox 2817 1054 3136 1109; x_wconf 88' lang='lat' dir='ltr'>litterarum</span> <span class='ocrx_word' id='word_1_305' title='bbox 3167 1053 3375 1121; x_wconf 81' lang='lat' dir='ltr'>attrivi,</span> <span class='ocrx_word' id='word_1_306' title='bbox 3402 1073 3432 1108; x_wconf 61' lang='grc' dir='ltr'><strong><em>ῃ</em></strong></span> 
     </span>
    </p>
   </div>
   <div class='ocr_carea' id='block_1_41' title="bbox 1835 1121 3438 1205">
    <p class='ocr_par' dir='ltr' id='par_1_41' title="bbox 1835 1121 3438 1205">
     <span class='ocr_line' id='line_1_43' title="bbox 1835 1121 3438 1205; baseline 0.004 -31"><span class='ocrx_word' id='word_1_307' title='bbox 1835 1127 1939 1175; x_wconf 89' lang='lat' dir='ltr'>etc.</span> <span class='ocrx_word' id='word_1_308' title='bbox 1985 1121 2207 1205; x_wconf 80' lang='lat' dir='ltr'>Etenim</span> <span class='ocrx_word' id='word_1_309' title='bbox 2255 1123 2852 1205; x_wconf 54' lang='lat' dir='ltr'>Rapiaanjampridem,</span> <span class='ocrx_word' id='word_1_310' title='bbox 2911 1131 3216 1205; x_wconf 70' lang='lat' dir='ltr'>antequam</span> <span class='ocrx_word' id='word_1_311' title='bbox 3272 1142 3438 1205; x_wconf 74' lang='lat' dir='ltr'>pera-</span> 
     </span>
    </p>
   </div>
   <div class='ocr_carea' id='block_1_42' title="bbox 1832 1194 3433 1265">
    <p class='ocr_par' dir='ltr' id='par_1_42' title="bbox 1832 1194 3433 1265">
     <span class='ocr_line' id='line_1_44' title="bbox 1832 1194 3433 1265; baseline 0.005 -20"><span class='ocrx_word' id='word_1_312' title='bbox 1832 1198 2053 1262; x_wconf 87' lang='lat' dir='ltr'>grasset</span> <span class='ocrx_word' id='word_1_313' title='bbox 2082 1209 2149 1246; x_wconf 86' lang='lat' dir='ltr'>ex</span> <span class='ocrx_word' id='word_1_314' title='bbox 2176 1198 2336 1265; x_wconf 87' lang='lat' dir='ltr'>parte</span> <span class='ocrx_word' id='word_1_315' title='bbox 2363 1194 2635 1260; x_wconf 70' lang='lat' dir='ltr'>Galliam,</span> <span class='ocrx_word' id='word_1_316' title='bbox 2672 1197 2825 1249; x_wconf 88' lang='lat' dir='ltr'>velut</span> <span class='ocrx_word' id='word_1_317' title='bbox 2872 1194 3121 1250; x_wconf 85' lang='lat' dir='ltr'>scientiis</span> <span class='ocrx_word' id='word_1_318' title='bbox 3152 1194 3433 1265; x_wconf 73' lang='lat' dir='ltr'>omnibus,</span> 
     </span>
    </p>
   </div>
   <div class='ocr_carea' id='block_1_43' title="bbox 1834 1264 3443 1336">
    <p class='ocr_par' dir='ltr' id='par_1_43' title="bbox 1834 1264 3443 1336">
     <span class='ocr_line' id='line_1_45' title="bbox 1834 1264 3443 1336; baseline 0.003 -20"><span class='ocrx_word' id='word_1_319' title='bbox 1834 1264 2022 1336; x_wconf 83' lang='lat' dir='ltr'>legum</span> <span class='ocrx_word' id='word_1_320' title='bbox 2053 1264 2365 1336; x_wconf 65' lang='lat' dir='ltr'>praesertim</span> <span class='ocrx_word' id='word_1_321' title='bbox 2400 1265 2618 1335; x_wconf 85' lang='lat' dir='ltr'>peritia,</span> <span class='ocrx_word' id='word_1_322' title='bbox 2641 1267 2893 1336; x_wconf 86' lang='lat' dir='ltr'>polleret,</span> <span class='ocrx_word' id='word_1_323' title='bbox 2912 1284 2947 1320; x_wconf 90' lang='lat' dir='ltr'>a</span> <span class='ocrx_word' id='word_1_324' title='bbox 2974 1267 3311 1322; x_wconf 90' lang='lat' dir='ltr'>doctissimis</span> <span class='ocrx_word' id='word_1_325' title='bbox 3340 1264 3443 1322; x_wconf 88' lang='lat' dir='ltr'>un-</span> 
     </span>
    </p>
   </div>
   <div class='ocr_carea' id='block_1_44' title="bbox 1836 1334 3439 1408">
    <p class='ocr_par' dir='ltr' id='par_1_44' title="bbox 1836 1334 3439 1408">
     <span class='ocr_line' id='line_1_46' title="bbox 1836 1334 3439 1408; baseline 0.004 -21"><span class='ocrx_word' id='word_1_326' title='bbox 1836 1334 2126 1405; x_wconf 90' lang='lat' dir='ltr'>decunque</span> <span class='ocrx_word' id='word_1_327' title='bbox 2183 1334 2318 1408; x_wconf 69' lang='lat' dir='ltr'>viris</span> <span class='ocrx_word' id='word_1_328' title='bbox 2352 1334 2764 1408; x_wconf 65' lang='lat' dir='ltr'>consulebatur</span> <span class='ocrx_word' id='word_1_329' title='bbox 2817 1338 2985 1408; x_wconf 90' lang='lat' dir='ltr'>(quod</span> <span class='ocrx_word' id='word_1_330' title='bbox 3034 1337 3290 1408; x_wconf 83' lang='lat' dir='ltr'>superius</span> <span class='ocrx_word' id='word_1_331' title='bbox 3330 1339 3439 1393; x_wconf 88' lang='lat' dir='ltr'>fuit</span> 
     </span>
    </p>
   </div>
   <div class='ocr_carea' id='block_1_45' title="bbox 1837 1406 3438 1477">
    <p class='ocr_par' dir='ltr' id='par_1_45' title="bbox 1837 1406 3438 1477">
     <span class='ocr_line' id='line_1_47' title="bbox 1837 1406 3438 1477; baseline 0.002 -18"><span class='ocrx_word' id='word_1_332' title='bbox 1837 1408 2165 1477; x_wconf 88' lang='lat' dir='ltr'>ostensum).</span> <span class='ocrx_word' id='word_1_333' title='bbox 2192 1406 2404 1477; x_wconf 88' lang='lat' dir='ltr'>Deinde</span> <span class='ocrx_word' id='word_1_334' title='bbox 2433 1407 2686 1477; x_wconf 88' lang='lat' dir='ltr'>pluribus</span> <span class='ocrx_word' id='word_1_335' title='bbox 2716 1406 2879 1462; x_wconf 80' lang='lat' dir='ltr'>annis</span> <span class='ocrx_word' id='word_1_336' title='bbox 2897 1406 3152 1463; x_wconf 64' lang='lat' dir='ltr'>Abrincie</span> <span class='ocrx_word' id='word_1_337' title='bbox 3182 1408 3241 1462; x_wconf 92' lang='lat' dir='ltr'>in</span> <span class='ocrx_word' id='word_1_338' title='bbox 3271 1410 3438 1464; x_wconf 90' lang='lat' dir='ltr'>Nort-</span> 
     </span>
    </p>
   </div>
   <div class='ocr_carea' id='block_1_46' title="bbox 1840 1476 3441 1549">
    <p class='ocr_par' dir='ltr' id='par_1_46' title="bbox 1840 1476 3441 1549">
     <span class='ocr_line' id='line_1_48' title="bbox 1840 1476 3441 1549; baseline 0.004 -21"><span class='ocrx_word' id='word_1_339' title='bbox 1840 1476 2072 1549; x_wconf 83' lang='lat' dir='ltr'>mannia</span> <span class='ocrx_word' id='word_1_340' title='bbox 2090 1476 2354 1549; x_wconf 74' lang='lat' dir='ltr'>docuisse</span> <span class='ocrx_word' id='word_1_341' title='bbox 2372 1476 2501 1549; x_wconf 84' lang='lat' dir='ltr'>vero</span> <span class='ocrx_word' id='word_1_342' title='bbox 2521 1478 2703 1532; x_wconf 88' lang='lat' dir='ltr'>simile</span> <span class='ocrx_word' id='word_1_343' title='bbox 2723 1485 2826 1533; x_wconf 89' lang='lat' dir='ltr'>est.</span> <span class='ocrx_word' id='word_1_344' title='bbox 2848 1480 3099 1549; x_wconf 88' lang='lat' dir='ltr'>Denique</span> <span class='ocrx_word' id='word_1_345' title='bbox 3121 1480 3178 1532; x_wconf 90' lang='lat' dir='ltr'>id</span> <span class='ocrx_word' id='word_1_346' title='bbox 3201 1480 3441 1549; x_wconf 88' lang='lat' dir='ltr'>gravita-</span> 
     </span>
    </p>
   </div>
   <div class='ocr_carea' id='block_1_47' title="bbox 1840 1545 3445 1627">
    <p class='ocr_par' dir='ltr' id='par_1_47' title="bbox 1840 1545 3445 1627">
     <span class='ocr_line' id='line_1_49' title="bbox 1840 1545 3445 1627; baseline 0.004 -28"><span class='ocrx_word' id='word_1_347' title='bbox 1840 1547 1913 1600; x_wconf 85' lang='lat' dir='ltr'>tis</span> <span class='ocrx_word' id='word_1_348' title='bbox 1940 1545 2536 1627; x_wconf 57' lang='lat' dir='ltr'>atqué-aeMtis_fuisse,</span> <span class='ocrx_word' id='word_1_349' title='bbox 2559 1550 2945 1627; x_wconf 11' lang='lat' dir='ltr'>_quodpvirum_</span> <span class='ocrx_word' id='word_1_350' title='bbox 2985 1545 3163 1615; x_wconf 81' lang='lat' dir='ltr'>decet,</span> <span class='ocrx_word' id='word_1_351' title='bbox 3205 1545 3378 1627; x_wconf 62' lang='lat' dir='ltr'>quem</span> <span class='ocrx_word' id='word_1_352' title='bbox 3410 1566 3445 1605; x_wconf 89' lang='lat' dir='ltr'>a</span> 
     </span>
    </p>
   </div>
   <div class='ocr_carea' id='block_1_48' title="bbox 1843 1618 3440 1689">
    <p class='ocr_par' dir='ltr' id='par_1_48' title="bbox 1843 1618 3440 1689">
     <span class='ocr_line' id='line_1_50' title="bbox 1843 1618 3440 1689; baseline 0.004 -19"><span class='ocrx_word' id='word_1_353' title='bbox 1843 1618 2088 1671; x_wconf 86' lang='lat' dir='ltr'>consiliis</span> <span class='ocrx_word' id='word_1_354' title='bbox 2105 1618 2352 1687; x_wconf 87' lang='lat' dir='ltr'>elegerat</span> <span class='ocrx_word' id='word_1_355' title='bbox 2375 1618 2706 1674; x_wconf 80' lang='lat' dir='ltr'>Guillelmus</span> <span class='ocrx_word' id='word_1_356' title='bbox 2736 1626 2856 1674; x_wconf 88' lang='lat' dir='ltr'>tum</span> <span class='ocrx_word' id='word_1_357' title='bbox 2894 1618 3280 1675; x_wconf 57' lang='lat' dir='ltr'>Nortmanniie</span> <span class='ocrx_word' id='word_1_358' title='bbox 3309 1622 3440 1689; x_wconf 88' lang='lat' dir='ltr'>dux,</span> 
     </span>
    </p>
   </div>
   <div class='ocr_carea' id='block_1_49' title="bbox 1842 1689 3447 1762">
    <p class='ocr_par' dir='ltr' id='par_1_49' title="bbox 1842 1689 3447 1762">
     <span class='ocr_line' id='line_1_51' title="bbox 1842 1689 3447 1762; baseline 0.003 -22"><span class='ocrx_word' id='word_1_359' title='bbox 1842 1704 1947 1759; x_wconf 89' lang='lat' dir='ltr'>par</span> <span class='ocrx_word' id='word_1_360' title='bbox 1976 1694 2080 1762; x_wconf 70' lang='lat' dir='ltr'>est</span> <span class='ocrx_word' id='word_1_361' title='bbox 2102 1689 2346 1762; x_wconf 72' lang='lat' dir='ltr'>credere.</span> <span class='ocrx_word' id='word_1_362' title='bbox 2386 1690 2581 1762; x_wconf 77' lang='lat' dir='ltr'>Addas</span> <span class='ocrx_word' id='word_1_363' title='bbox 2606 1707 2740 1760; x_wconf 84' lang='lat' dir='ltr'>ergo</span> <span class='ocrx_word' id='word_1_364' title='bbox 2786 1689 2855 1762; x_wconf 68' lang='grc'>45</span> <span class='ocrx_word' id='word_1_365' title='bbox 2897 1691 3060 1745; x_wconf 89' lang='lat' dir='ltr'>annis</span> <span class='ocrx_word' id='word_1_366' title='bbox 3105 1689 3194 1756; x_wconf 79' lang='grc'>47,</span> <span class='ocrx_word' id='word_1_367' title='bbox 3235 1692 3331 1762; x_wconf 91' lang='lat' dir='ltr'>qui</span> <span class='ocrx_word' id='word_1_368' title='bbox 3376 1692 3447 1746; x_wconf 88' lang='lat' dir='ltr'>ab</span> 
     </span>
    </p>
   </div>
   <div class='ocr_carea' id='block_1_50' title="bbox 1845 1757 3447 1830">
    <p class='ocr_par' dir='ltr' id='par_1_50' title="bbox 1845 1757 3447 1830">
     <span class='ocr_line' id='line_1_52' title="bbox 1845 1757 3447 1830; baseline 0.003 -18"><span class='ocrx_word' id='word_1_369' title='bbox 1845 1757 1992 1830; x_wconf 74' lang='lat' dir='ltr'>anno</span> <span class='ocrx_word' id='word_1_370' title='bbox 2019 1757 2163 1814; x_wconf 74' lang='lat'>104&#39;2</span> <span class='ocrx_word' id='word_1_371' title='bbox 2193 1776 2303 1829; x_wconf 92' lang='lat' dir='ltr'>quo</span> <span class='ocrx_word' id='word_1_372' title='bbox 2329 1761 2616 1830; x_wconf 82' lang='lat' dir='ltr'>religionis</span> <span class='ocrx_word' id='word_1_373' title='bbox 2664 1757 2964 1815; x_wconf 74' lang='lat' dir='ltr'>collobium</span> <span class='ocrx_word' id='word_1_374' title='bbox 3018 1757 3326 1830; x_wconf 77' lang='lat' dir='ltr'>assumpsit</span> <span class='ocrx_word' id='word_1_375' title='bbox 3373 1764 3447 1818; x_wconf 90' lang='lat' dir='ltr'>ad</span> 
     </span>
    </p>
   </div>
   <div class='ocr_carea' id='block_1_51' title="bbox 1781 1828 3446 1903">
    <p class='ocr_par' dir='ltr' id='par_1_51' title="bbox 1781 1828 3446 1903">
     <span class='ocr_line' id='line_1_53' title="bbox 1781 1828 3446 1903; baseline 0.004 -21"><span class='ocrx_word' id='word_1_376' title='bbox 1781 1839 1828 1899; x_wconf 82' lang='grc' dir='ltr'>Β</span> <span class='ocrx_word' id='word_1_377' title='bbox 1847 1828 2031 1903; x_wconf 73' lang='lat' dir='ltr'>obitus</span> <span class='ocrx_word' id='word_1_378' title='bbox 2060 1828 2283 1903; x_wconf 77' lang='lat' dir='ltr'>annum</span> <span class='ocrx_word' id='word_1_379' title='bbox 2316 1828 2461 1903; x_wconf 69' lang='lat'>1089</span> <span class='ocrx_word' id='word_1_380' title='bbox 2483 1832 2766 1895; x_wconf 82' lang='lat' dir='ltr'>effluxere,</span> <span class='ocrx_word' id='word_1_381' title='bbox 2800 1832 3047 1903; x_wconf 87' lang='lat' dir='ltr'>reperies</span> <span class='ocrx_word' id='word_1_382' title='bbox 3097 1828 3249 1887; x_wconf 85' lang='lat' dir='ltr'>haud</span> <span class='ocrx_word' id='word_1_383' title='bbox 3278 1832 3446 1889; x_wconf 86' lang='lat' dir='ltr'>dubie</span> 
     </span>
    </p>
   </div>
   <div class='ocr_carea' id='block_1_52' title="bbox 1845 1898 3451 1974">
    <p class='ocr_par' dir='ltr' id='par_1_52' title="bbox 1845 1898 3451 1974">
     <span class='ocr_line' id='line_1_54' title="bbox 1845 1898 3451 1974; baseline 0.002 -18"><span class='ocrx_word' id='word_1_384' title='bbox 1845 1898 2252 1974; x_wconf 14' lang='lat' dir='ltr'>92.Verum_dep</span> <span class='ocrx_word' id='word_1_385' title='bbox 2271 1901 2358 1955; x_wconf 90' lang='lat' dir='ltr'>his</span> <span class='ocrx_word' id='word_1_386' title='bbox 2378 1903 2505 1971; x_wconf 90' lang='lat' dir='ltr'>plus</span> <span class='ocrx_word' id='word_1_387' title='bbox 2526 1903 2682 1957; x_wconf 88' lang='lat' dir='ltr'>satis.</span> <span class='ocrx_word' id='word_1_388' title='bbox 2699 1898 3061 1974; x_wconf 75' lang='lat' dir='ltr'>Epitaphium</span> <span class='ocrx_word' id='word_1_389' title='bbox 3086 1904 3278 1973; x_wconf 88' lang='lat' dir='ltr'>magni</span> <span class='ocrx_word' id='word_1_390' title='bbox 3307 1905 3451 1959; x_wconf 90' lang='lat' dir='ltr'>Lan-</span> 
     </span>
    </p>
   </div>
   <div class='ocr_carea' id='block_1_53' title="bbox 1845 1971 3447 2053">
    <p class='ocr_par' dir='ltr' id='par_1_53' title="bbox 1845 1971 3447 2053">
     <span class='ocr_line' id='line_1_55' title="bbox 1845 1971 3447 2053; baseline 0.005 -30"><span class='ocrx_word' id='word_1_391' title='bbox 1845 1971 2022 2053; x_wconf 74' lang='lat' dir='ltr'>franci</span> <span class='ocrx_word' id='word_1_392' title='bbox 2050 1988 2086 2024; x_wconf 92' lang='lat' dir='ltr'>a</span> <span class='ocrx_word' id='word_1_393' title='bbox 2113 1971 2559 2053; x_wconf 42' lang='lat' dir='ltr'>Philippo‘Bonae</span> <span class='ocrx_word' id='word_1_394' title='bbox 2580 1974 2722 2053; x_wconf 38' lang='lat' dir='ltr'>.S‘pei</span> <span class='ocrx_word' id='word_1_395' title='bbox 2738 1971 2951 2053; x_wconf 64' lang='lat' dir='ltr'>abbate</span> <span class='ocrx_word' id='word_1_396' title='bbox 2969 1976 3052 2043; x_wconf 90' lang='lat' dir='ltr'>(ut</span> <span class='ocrx_word' id='word_1_397' title='bbox 3079 1971 3447 2053; x_wconf 35' lang='lat' dir='ltr'>colo—phonem</span> 
     </span>
    </p>
   </div>
   <div class='ocr_carea' id='block_1_54' title="bbox 1845 2042 3449 2117">
    <p class='ocr_par' dir='ltr' id='par_1_54' title="bbox 1845 2042 3449 2117">
     <span class='ocr_line' id='line_1_56' title="bbox 1845 2042 3449 2117; baseline 0.004 -22"><span class='ocrx_word' id='word_1_398' title='bbox 1845 2042 1999 2096; x_wconf 90' lang='lat' dir='ltr'>hisce</span> <span class='ocrx_word' id='word_1_399' title='bbox 2027 2042 2485 2117; x_wconf 80' lang='lat' dir='ltr'>annotationibus</span> <span class='ocrx_word' id='word_1_400' title='bbox 2527 2042 2752 2113; x_wconf 81' lang='lat' dir='ltr'>addam)</span> <span class='ocrx_word' id='word_1_401' title='bbox 2778 2045 2929 2099; x_wconf 88' lang='lat' dir='ltr'>haud</span> <span class='ocrx_word' id='word_1_402' title='bbox 2959 2042 3243 2117; x_wconf 75' lang='lat' dir='ltr'>Quaquam</span> <span class='ocrx_word' id='word_1_403' title='bbox 3289 2051 3449 2103; x_wconf 80' lang='lat' dir='ltr'>extra</span> 
     </span>
    </p>
   </div>
   <div class='ocr_carea' id='block_1_55' title="bbox 1845 2113 2626 2185">
    <p class='ocr_par' dir='ltr' id='par_1_55' title="bbox 1845 2113 2626 2185">
     <span class='ocr_line' id='line_1_57' title="bbox 1845 2113 2626 2185; baseline 0.004 -19"><span class='ocrx_word' id='word_1_404' title='bbox 1845 2129 1967 2166; x_wconf 89' lang='lat' dir='ltr'>rem</span> <span class='ocrx_word' id='word_1_405' title='bbox 1997 2113 2440 2167; x_wconf 88' lang='lat' dir='ltr'>subnectendum</span> <span class='ocrx_word' id='word_1_406' title='bbox 2470 2120 2626 2185; x_wconf 92' lang='lat' dir='ltr'>puto.</span> 
     </span>
    </p>
   </div>
   <div class='ocr_carea' id='block_1_56' title="bbox 2130 2221 3131 2291">
    <p class='ocr_par' dir='ltr' id='par_1_56' title="bbox 2130 2221 3131 2291">
     <span class='ocr_line' id='line_1_58' title="bbox 2130 2221 3131 2291; baseline 0.002 -16"><span class='ocrx_word' id='word_1_407' title='bbox 2130 2221 2491 2291; x_wconf 76' lang='lat' dir='ltr'>Epitaphium</span> <span class='ocrx_word' id='word_1_408' title='bbox 2518 2224 2783 2290; x_wconf 78' lang='lat' dir='ltr'>magistri</span> <span class='ocrx_word' id='word_1_409' title='bbox 2804 2223 3131 2289; x_wconf 82' lang='lat' dir='ltr'>Lanfranci.</span> 
     </span>
    </p>
   </div>
   <div class='ocr_carea' id='block_1_57' title="bbox 1919 2326 3320 2403">
    <p class='ocr_par' dir='ltr' id='par_1_57' title="bbox 1919 2326 3320 2403">
     <span class='ocr_line' id='line_1_59' title="bbox 1919 2326 3320 2403; baseline 0.004 -23"><span class='ocrx_word' id='word_1_410' title='bbox 1919 2326 2138 2403; x_wconf 55' lang='lat' dir='ltr'>Vigisti,</span> <span class='ocrx_word' id='word_1_411' title='bbox 2167 2328 2482 2403; x_wconf 82' lang='lat' dir='ltr'>venerande</span> <span class='ocrx_word' id='word_1_412' title='bbox 2506 2329 2691 2393; x_wconf 88' lang='lat' dir='ltr'>Pater,</span> <span class='ocrx_word' id='word_1_413' title='bbox 2726 2330 3012 2403; x_wconf 88' lang='lat' dir='ltr'>sapienter</span> <span class='ocrx_word' id='word_1_414' title='bbox 3031 2334 3098 2403; x_wconf 80' lang='lat' dir='ltr'>et</span> <span class='ocrx_word' id='word_1_415' title='bbox 3122 2347 3279 2403; x_wconf 58' lang='lat' dir='ltr'>teque</span> <span class='ocrx_word' id='word_1_416' title='bbox 3309 2350 3320 2385; x_wconf 90' lang='lat'><strong>:</strong></span> 
     </span>
    </p>
   </div>
   <div class='ocr_carea' id='block_1_58' title="bbox 1991 2398 3123 2471">
    <p class='ocr_par' dir='ltr' id='par_1_58' title="bbox 1991 2398 3123 2471">
     <span class='ocr_line' id='line_1_60' title="bbox 1991 2398 3123 2471; baseline 0.004 -21"><span class='ocrx_word' id='word_1_417' title='bbox 1991 2398 2191 2471; x_wconf 83' lang='lat' dir='ltr'>Vixisti</span> <span class='ocrx_word' id='word_1_418' title='bbox 2204 2399 2417 2471; x_wconf 83' lang='lat' dir='ltr'>vivens,</span> <span class='ocrx_word' id='word_1_419' title='bbox 2447 2415 2597 2453; x_wconf 87' lang='lat' dir='ltr'>mors</span> <span class='ocrx_word' id='word_1_420' title='bbox 2617 2398 2839 2471; x_wconf 79' lang='lat' dir='ltr'>quoque</span> <span class='ocrx_word' id='word_1_421' title='bbox 2868 2401 2982 2454; x_wconf 87' lang='lat' dir='ltr'>vita</span> <span class='ocrx_word' id='word_1_422' title='bbox 2996 2400 3123 2471; x_wconf 89' lang='lat' dir='ltr'>tibi.</span> 
     </span>
    </p>
   </div>
   <div class='ocr_carea' id='block_1_59' title="bbox 1920 2468 3167 2541">
    <p class='ocr_par' dir='ltr' id='par_1_59' title="bbox 1920 2468 3167 2541">
     <span class='ocr_line' id='line_1_61' title="bbox 1920 2468 3167 2541; baseline 0.003 -19"><span class='ocrx_word' id='word_1_423' title='bbox 1920 2468 2078 2541; x_wconf 85' lang='lat' dir='ltr'>Inter</span> <span class='ocrx_word' id='word_1_424' title='bbox 2097 2469 2326 2541; x_wconf 83' lang='lat' dir='ltr'>divitias</span> <span class='ocrx_word' id='word_1_425' title='bbox 2354 2486 2585 2541; x_wconf 87' lang='lat' dir='ltr'>pauper,</span> <span class='ocrx_word' id='word_1_426' title='bbox 2622 2468 2944 2537; x_wconf 69' lang='lat' dir='ltr'>Lanfrance,</span> <span class='ocrx_word' id='word_1_427' title='bbox 2979 2470 3167 2538; x_wconf 86' lang='lat' dir='ltr'>fuisti;</span> 
     </span>
    </p>
   </div>
   <div class='ocr_carea' id='block_1_60' title="bbox 1995 2540 3226 2613">
    <p class='ocr_par' dir='ltr' id='par_1_60' title="bbox 1995 2540 3226 2613">
     <span class='ocr_line' id='line_1_62' title="bbox 1995 2540 3226 2613; baseline 0.003 -20"><span class='ocrx_word' id='word_1_428' title='bbox 1995 2540 2207 2594; x_wconf 88' lang='lat' dir='ltr'>Divitiis</span> <span class='ocrx_word' id='word_1_429' title='bbox 2230 2540 2484 2606; x_wconf 75' lang='lat' dir='ltr'>manans,</span> <span class='ocrx_word' id='word_1_430' title='bbox 2516 2558 2826 2613; x_wconf 88' lang='lat' dir='ltr'>pauperum</span> <span class='ocrx_word' id='word_1_431' title='bbox 2854 2548 3076 2597; x_wconf 85' lang='lat' dir='ltr'>amator</span> <span class='ocrx_word' id='word_1_432' title='bbox 3100 2559 3226 2598; x_wconf 88' lang='lat' dir='ltr'>eras</span> 
     </span>
    </p>
   </div>
   <div class='ocr_carea' id='block_1_61' title="bbox 1920 2610 3099 2681">
    <p class='ocr_par' dir='ltr' id='par_1_61' title="bbox 1920 2610 3099 2681">
     <span class='ocr_line' id='line_1_63' title="bbox 1920 2610 3099 2681; baseline 0.002 -16"><span class='ocrx_word' id='word_1_433' title='bbox 1920 2610 2030 2665; x_wconf 91' lang='lat' dir='ltr'>Per</span> <span class='ocrx_word' id='word_1_434' title='bbox 2049 2616 2105 2664; x_wconf 90' lang='lat' dir='ltr'>te</span> <span class='ocrx_word' id='word_1_435' title='bbox 2134 2612 2398 2667; x_wconf 84' lang='lat' dir='ltr'>ﬂorentes</span> <span class='ocrx_word' id='word_1_436' title='bbox 2421 2610 2571 2667; x_wconf 78' lang='lat' dir='ltr'>artes</span> <span class='ocrx_word' id='word_1_437' title='bbox 2599 2610 2824 2667; x_wconf 78' lang='lat' dir='ltr'>valuere</span> <span class='ocrx_word' id='word_1_438' title='bbox 2852 2614 3063 2668; x_wconf 72' lang='lat' dir='ltr'>Latina:</span> <span class='ocrx_word' id='word_1_439' title='bbox 3086 2633 3099 2681; x_wconf 91' lang='lat'><strong>;</strong></span> 
     </span>
    </p>
   </div>
   <div class='ocr_carea' id='block_1_62' title="bbox 1992 2682 3182 2755">
    <p class='ocr_par' dir='ltr' id='par_1_62' title="bbox 1992 2682 3182 2755">
     <span class='ocr_line' id='line_1_64' title="bbox 1992 2682 3182 2755; baseline 0.003 -20"><span class='ocrx_word' id='word_1_440' title='bbox 1992 2682 2187 2736; x_wconf 89' lang='lat' dir='ltr'>Gratia</span> <span class='ocrx_word' id='word_1_441' title='bbox 2218 2683 2289 2737; x_wconf 92' lang='lat' dir='ltr'>de</span> <span class='ocrx_word' id='word_1_442' title='bbox 2315 2683 2470 2738; x_wconf 87' lang='lat' dir='ltr'>vobis</span> <span class='ocrx_word' id='word_1_443' title='bbox 2499 2700 2624 2738; x_wconf 90' lang='lat' dir='ltr'>ecce</span> <span class='ocrx_word' id='word_1_444' title='bbox 2651 2685 2966 2755; x_wconf 87' lang='lat' dir='ltr'>triumphat</span> <span class='ocrx_word' id='word_1_445' title='bbox 2992 2701 3182 2739; x_wconf 88' lang='lat' dir='ltr'>ovans.</span> 
     </span>
    </p>
   </div>
   <div class='ocr_carea' id='block_1_63' title="bbox 207 2954 3409 3067">
    <p class='ocr_par' dir='ltr' id='par_1_63' title="bbox 207 2954 3409 3067">
     <span class='ocr_line' id='line_1_65' title="bbox 207 2954 3409 3067; baseline -0.001 -9"><span class='ocrx_word' id='word_1_446' title='bbox 207 2994 321 3058; x_wconf 87' lang='lat' dir='ltr'>DE</span> <span class='ocrx_word' id='word_1_447' title='bbox 354 2992 624 3056; x_wconf 87' lang='lat' dir='ltr'>BEATI</span> <span class='ocrx_word' id='word_1_448' title='bbox 655 2988 1162 3055; x_wconf 87' lang='lat' dir='ltr'>LANFRANCI</span> <span class='ocrx_word' id='word_1_449' title='bbox 1195 2990 1729 3057; x_wconf 86' lang='lat' dir='ltr'>SANCTITATE</span> <span class='ocrx_word' id='word_1_450' title='bbox 1758 2990 2321 3067; x_wconf 85' lang='lat' dir='ltr'>QUORUMDAM</span> <span class='ocrx_word' id='word_1_451' title='bbox 2352 2954 2831 3055; x_wconf 60' lang='lat' dir='ltr'>AUCTORUM</span> <span class='ocrx_word' id='word_1_452' title='bbox 2857 2991 3409 3056; x_wconf 87' lang='lat' dir='ltr'>TESTlMONIA.</span> 
     </span>
    </p>
   </div>
   <div class='ocr_carea' id='block_1_64' title="bbox 236 3288 3462 3390">
    <p class='ocr_par' dir='ltr' id='par_1_64' title="bbox 236 3288 3462 3390">
     <span class='ocr_line' id='line_1_66' title="bbox 236 3288 3462 3390; baseline -0.001 -17"><span class='ocrx_word' id='word_1_453' title='bbox 236 3319 592 3389; x_wconf 87' lang='lat' dir='ltr'>Quanquam</span> <span class='ocrx_word' id='word_1_454' title='bbox 614 3317 676 3372; x_wconf 91' lang='lat' dir='ltr'>in</span> <span class='ocrx_word' id='word_1_455' title='bbox 704 3314 839 3372; x_wconf 80' lang='lat' dir='ltr'>Vita</span> <span class='ocrx_word' id='word_1_456' title='bbox 861 3313 925 3373; x_wconf 91' lang='lat' dir='ltr'>B.</span> <span class='ocrx_word' id='word_1_457' title='bbox 939 3313 1255 3385; x_wconf 87' lang='lat' dir='ltr'>Lanfranci,</span> <span class='ocrx_word' id='word_1_458' title='bbox 1272 3322 1330 3372; x_wconf 89' lang='lat' dir='ltr'>et</span> <span class='ocrx_word' id='word_1_459' title='bbox 1343 3316 1493 3372; x_wconf 91' lang='lat' dir='ltr'>notis</span> <span class='ocrx_word' id='word_1_460' title='bbox 1509 3318 1581 3373; x_wconf 88' lang='lat' dir='ltr'>ad</span> <span class='ocrx_word' id='word_1_461' title='bbox 1595 3288 1772 3384; x_wconf 85' lang='lat' dir='ltr'>illam,</span> <span class='ocrx_word' id='word_1_462' title='bbox 1791 3319 1836 3381; x_wconf 78' lang='grc' dir='ltr'>Ο</span> <span class='ocrx_word' id='word_1_463' title='bbox 1857 3317 2127 3390; x_wconf 89' lang='lat' dir='ltr'>religione</span> <span class='ocrx_word' id='word_1_464' title='bbox 2153 3334 2218 3372; x_wconf 91' lang='lat' dir='ltr'>ac</span> <span class='ocrx_word' id='word_1_465' title='bbox 2241 3315 2518 3390; x_wconf 88' lang='lat' dir='ltr'>sapientia</span> <span class='ocrx_word' id='word_1_466' title='bbox 2556 3334 2683 3373; x_wconf 87' lang='lat' dir='ltr'>vere</span> <span class='ocrx_word' id='word_1_467' title='bbox 2724 3315 2970 3372; x_wconf 89' lang='lat' dir='ltr'>nobilem</span> <span class='ocrx_word' id='word_1_468' title='bbox 3004 3312 3215 3382; x_wconf 89' lang='lat' dir='ltr'>videre,</span> <span class='ocrx_word' id='word_1_469' title='bbox 3247 3313 3462 3386; x_wconf 90' lang='lat' dir='ltr'>alloqui</span> 
     </span>
    </p>
   </div>
   <div class='ocr_carea' id='block_1_65' title="bbox 164 3405 1780 3479">
    <p class='ocr_par' dir='ltr' id='par_1_65' title="bbox 164 3405 1780 3479">
     <span class='ocr_line' id='line_1_67' title="bbox 164 3405 1780 3479; baseline -0.001 -16"><span class='ocrx_word' id='word_1_470' title='bbox 164 3409 287 3479; x_wconf 89' lang='lat' dir='ltr'>ejus</span> <span class='ocrx_word' id='word_1_471' title='bbox 305 3408 589 3463; x_wconf 79' lang='lat' dir='ltr'>sanctitas</span> <span class='ocrx_word' id='word_1_472' title='bbox 617 3405 756 3461; x_wconf 88' lang='lat' dir='ltr'>satis</span> <span class='ocrx_word' id='word_1_473' title='bbox 792 3422 1069 3477; x_wconf 88' lang='lat' dir='ltr'>superque</span> <span class='ocrx_word' id='word_1_474' title='bbox 1097 3406 1424 3474; x_wconf 88' lang='lat' dir='ltr'>innotuerit,</span> <span class='ocrx_word' id='word_1_475' title='bbox 1449 3423 1559 3478; x_wconf 91' lang='lat' dir='ltr'>quo</span> <span class='ocrx_word' id='word_1_476' title='bbox 1590 3412 1780 3462; x_wconf 89' lang='lat' dir='ltr'>tamen</span> 
     </span>
    </p>
   </div>
   <div class='ocr_carea' id='block_1_66' title="bbox 164 3494 1781 3567">
    <p class='ocr_par' dir='ltr' id='par_1_66' title="bbox 164 3494 1781 3567">
     <span class='ocr_line' id='line_1_68' title="bbox 164 3494 1781 3567; baseline -0.002 -14"><span class='ocrx_word' id='word_1_477' title='bbox 164 3496 467 3553; x_wconf 87' lang='lat' dir='ltr'>nonnullis</span> <span class='ocrx_word' id='word_1_478' title='bbox 496 3496 643 3549; x_wconf 86' lang='lat' dir='ltr'>forte</span> <span class='ocrx_word' id='word_1_479' title='bbox 675 3494 1018 3549; x_wconf 84' lang='lat' dir='ltr'>dubitaturis</span> <span class='ocrx_word' id='word_1_480' title='bbox 1049 3496 1340 3567; x_wconf 90' lang='lat' dir='ltr'>scrupulos</span> <span class='ocrx_word' id='word_1_481' title='bbox 1369 3511 1565 3550; x_wconf 89' lang='lat' dir='ltr'>omnes</span> <span class='ocrx_word' id='word_1_482' title='bbox 1600 3502 1781 3551; x_wconf 88' lang='lat' dir='ltr'>matu-</span> 
     </span>
    </p>
   </div>
   <div class='ocr_carea' id='block_1_67' title="bbox 166 3578 1776 3657">
    <p class='ocr_par' dir='ltr' id='par_1_67' title="bbox 166 3578 1776 3657">
     <span class='ocr_line' id='line_1_69' title="bbox 166 3578 1776 3657; baseline -0.001 -16"><span class='ocrx_word' id='word_1_483' title='bbox 166 3588 283 3642; x_wconf 84' lang='lat' dir='ltr'>rius</span> <span class='ocrx_word' id='word_1_484' title='bbox 315 3584 672 3657; x_wconf 82' lang='lat' dir='ltr'>expedirem,</span> <span class='ocrx_word' id='word_1_485' title='bbox 695 3584 836 3638; x_wconf 90' lang='lat' dir='ltr'>mihi</span> <span class='ocrx_word' id='word_1_486' title='bbox 855 3578 1035 3639; x_wconf 81' lang='lat' dir='ltr'>visum</span> <span class='ocrx_word' id='word_1_487' title='bbox 1050 3590 1147 3641; x_wconf 67' lang='lat' dir='ltr'>,est</span> <span class='ocrx_word' id='word_1_488' title='bbox 1173 3602 1289 3640; x_wconf 89' lang='lat' dir='ltr'>non</span> <span class='ocrx_word' id='word_1_489' title='bbox 1316 3584 1387 3639; x_wconf 89' lang='lat' dir='ltr'>ab</span> <span class='ocrx_word' id='word_1_490' title='bbox 1415 3602 1477 3640; x_wconf 89' lang='lat' dir='ltr'>re</span> <span class='ocrx_word' id='word_1_491' title='bbox 1500 3586 1776 3651; x_wconf 83' lang='lat' dir='ltr'>futurum,</span> 
     </span>
    </p>
   </div>
   <div class='ocr_carea' id='block_1_68' title="bbox 165 3672 1783 3746">
    <p class='ocr_par' dir='ltr' id='par_1_68' title="bbox 165 3672 1783 3746">
     <span class='ocr_line' id='line_1_70' title="bbox 165 3672 1783 3746; baseline -0.001 -15"><span class='ocrx_word' id='word_1_492' title='bbox 165 3677 231 3742; x_wconf 86' lang='lat' dir='ltr'>si,</span> <span class='ocrx_word' id='word_1_493' title='bbox 275 3692 408 3746; x_wconf 69' lang='lat' dir='ltr'>qua:</span> <span class='ocrx_word' id='word_1_494' title='bbox 464 3691 503 3727; x_wconf 86' lang='lat' dir='ltr'>a</span> <span class='ocrx_word' id='word_1_495' title='bbox 552 3673 870 3740; x_wconf 68' lang='lat' dir='ltr'>coaetaneis,</span> <span class='ocrx_word' id='word_1_496' title='bbox 906 3672 1259 3744; x_wconf 89' lang='lat' dir='ltr'>supparibus,</span> <span class='ocrx_word' id='word_1_497' title='bbox 1309 3674 1783 3729; x_wconf 88' lang='lat' dir='ltr'>recentioribusve</span> 
     </span>
    </p>
   </div>
   <div class='ocr_carea' id='block_1_69' title="bbox 166 3762 1784 3837">
    <p class='ocr_par' dir='ltr' id='par_1_69' title="bbox 166 3762 1784 3837">
     <span class='ocr_line' id='line_1_71' title="bbox 166 3762 1784 3837; baseline -0.002 -17"><span class='ocrx_word' id='word_1_498' title='bbox 166 3762 568 3837; x_wconf 64' lang='lat' dir='ltr'>scriptoribus,</span> <span class='ocrx_word' id='word_1_499' title='bbox 600 3778 703 3816; x_wconf 89' lang='lat' dir='ltr'>nec</span> <span class='ocrx_word' id='word_1_500' title='bbox 729 3778 844 3816; x_wconf 90' lang='lat' dir='ltr'>non</span> <span class='ocrx_word' id='word_1_501' title='bbox 873 3766 930 3815; x_wconf 89' lang='lat' dir='ltr'>et</span> <span class='ocrx_word' id='word_1_502' title='bbox 958 3762 1374 3833; x_wconf 87' lang='lat' dir='ltr'>Martyrologiis</span> <span class='ocrx_word' id='word_1_503' title='bbox 1419 3763 1784 3817; x_wconf 86' lang='lat' dir='ltr'>auctoritates</span> 
     </span>
    </p>
   </div>
   <div class='ocr_carea' id='block_1_70' title="bbox 165 3850 1780 3926">
    <p class='ocr_par' dir='ltr' id='par_1_70' title="bbox 165 3850 1780 3926">
     <span class='ocr_line' id='line_1_72' title="bbox 165 3850 1780 3926; baseline -0.003 -17"><span class='ocrx_word' id='word_1_504' title='bbox 165 3852 699 3926; x_wconf 83' lang='lat' dir='ltr'>suppeditarentur,</span> <span class='ocrx_word' id='word_1_505' title='bbox 727 3850 822 3904; x_wconf 89' lang='lat' dir='ltr'>hic</span> <span class='ocrx_word' id='word_1_506' title='bbox 847 3866 950 3921; x_wconf 89' lang='lat' dir='ltr'>per</span> <span class='ocrx_word' id='word_1_507' title='bbox 978 3850 1209 3904; x_wconf 88' lang='lat' dir='ltr'>modum</span> <span class='ocrx_word' id='word_1_508' title='bbox 1231 3850 1401 3921; x_wconf 87' lang='lat' dir='ltr'>sigilli</span> <span class='ocrx_word' id='word_1_509' title='bbox 1420 3867 1780 3922; x_wconf 90' lang='lat' dir='ltr'>apponerem.</span> 
     </span>
    </p>
   </div>
   <div class='ocr_carea' id='block_1_71' title="bbox 164 4027 1787 4098">
    <p class='ocr_par' dir='ltr' id='par_1_71' title="bbox 164 4027 1787 4098">
     <span class='ocr_line' id='line_1_73' title="bbox 164 4027 1787 4098; baseline -0.002 -12"><span class='ocrx_word' id='word_1_510' title='bbox 164 4033 524 4086; x_wconf 69' lang='lat' dir='ltr'>ALEXANDER</span> <span class='ocrx_word' id='word_1_511' title='bbox 546 4042 685 4083; x_wconf 61' lang='lat' dir='ltr'>pars</span> <span class='ocrx_word' id='word_1_512' title='bbox 712 4028 785 4093; x_wconf 94' lang='lat' dir='ltr'>II,</span> <span class='ocrx_word' id='word_1_513' title='bbox 808 4030 871 4083; x_wconf 85' lang='lat' dir='ltr'>in</span> <span class='ocrx_word' id='word_1_514' title='bbox 894 4030 1193 4098; x_wconf 83' lang='lat' dir='ltr'>privilegio</span> <span class='ocrx_word' id='word_1_515' title='bbox 1207 4029 1437 4083; x_wconf 58' lang='lat' dir='ltr'>abbatis</span> <span class='ocrx_word' id='word_1_516' title='bbox 1458 4027 1787 4098; x_wconf 83' lang='lat' dir='ltr'>S.Stephani</span> 
     </span>
    </p>
   </div>
   <div class='ocr_carea' id='block_1_72' title="bbox 461 4114 1532 4187">
    <p class='ocr_par' dir='ltr' id='par_1_72' title="bbox 461 4114 1532 4187">
     <span class='ocr_line' id='line_1_74' title="bbox 461 4114 1532 4187; baseline -0.003 -13"><span class='ocrx_word' id='word_1_517' title='bbox 461 4119 820 4174; x_wconf 81' lang='lat' dir='ltr'>Cadomensis</span> <span class='ocrx_word' id='word_1_518' title='bbox 850 4132 1087 4172; x_wconf 86' lang='lat' dir='ltr'>concesso</span> <span class='ocrx_word' id='word_1_519' title='bbox 1114 4132 1289 4187; x_wconf 85' lang='lat' dir='ltr'>supra</span> <span class='ocrx_word' id='word_1_520' title='bbox 1314 4120 1415 4173; x_wconf 86' lang='lat' dir='ltr'>col.</span> <span class='ocrx_word' id='word_1_521' title='bbox 1443 4114 1532 4174; x_wconf 92' lang='grc'>71.</span> 
     </span>
    </p>
   </div>
   <div class='ocr_carea' id='block_1_73' title="bbox 237 4292 1788 4367">
    <p class='ocr_par' dir='ltr' id='par_1_73' title="bbox 237 4292 1788 4367">
     <span class='ocr_line' id='line_1_75' title="bbox 237 4292 1788 4367; baseline -0.005 -13"><span class='ocrx_word' id='word_1_522' title='bbox 237 4298 410 4354; x_wconf 85' lang='lat' dir='ltr'>Unde</span> <span class='ocrx_word' id='word_1_523' title='bbox 464 4295 624 4367; x_wconf 88' lang='lat' dir='ltr'>quia,</span> <span class='ocrx_word' id='word_1_524' title='bbox 670 4295 997 4350; x_wconf 90' lang='lat' dir='ltr'>charissime</span> <span class='ocrx_word' id='word_1_525' title='bbox 1041 4294 1125 4349; x_wconf 88' lang='lat' dir='ltr'>ﬁli</span> <span class='ocrx_word' id='word_1_526' title='bbox 1151 4294 1463 4355; x_wconf 88' lang='lat' dir='ltr'>Lanfrance</span> <span class='ocrx_word' id='word_1_527' title='bbox 1506 4292 1699 4362; x_wconf 84' lang='lat' dir='ltr'>abbas,</span> <span class='ocrx_word' id='word_1_528' title='bbox 1728 4292 1788 4347; x_wconf 90' lang='lat' dir='ltr'>in</span> 
     </span>
    </p>
   </div>
   <div class='ocr_carea' id='block_1_74' title="bbox 168 4380 1791 4452">
    <p class='ocr_par' dir='ltr' id='par_1_74' title="bbox 168 4380 1791 4452">
     <span class='ocr_line' id='line_1_76' title="bbox 168 4380 1791 4452; baseline -0.005 -11"><span class='ocrx_word' id='word_1_529' title='bbox 168 4392 399 4441; x_wconf 81' lang='lat' dir='ltr'>tantam</span> <span class='ocrx_word' id='word_1_530' title='bbox 446 4388 511 4438; x_wconf 87' lang='lat' dir='ltr'>te</span> <span class='ocrx_word' id='word_1_531' title='bbox 559 4383 865 4437; x_wconf 80' lang='lat' dir='ltr'>excrevisse</span> <span class='ocrx_word' id='word_1_532' title='bbox 902 4382 1235 4452; x_wconf 88' lang='lat' dir='ltr'>religionem</span> <span class='ocrx_word' id='word_1_533' title='bbox 1278 4380 1683 4452; x_wconf 87' lang='lat' dir='ltr'>cognoscimus,</span> <span class='ocrx_word' id='word_1_534' title='bbox 1725 4384 1791 4434; x_wconf 90' lang='lat' dir='ltr'>ut</span> 
     </span>
    </p>
   </div>
   <div class='ocr_carea' id='block_1_75' title="bbox 168 4469 1789 4542">
    <p class='ocr_par' dir='ltr' id='par_1_75' title="bbox 168 4469 1789 4542">
     <span class='ocr_line' id='line_1_77' title="bbox 168 4469 1789 4542; baseline -0.006 -11"><span class='ocrx_word' id='word_1_535' title='bbox 168 4491 286 4530; x_wconf 86' lang='lat' dir='ltr'>non</span> <span class='ocrx_word' id='word_1_536' title='bbox 315 4474 516 4529; x_wconf 82' lang='lat' dir='ltr'>solum</span> <span class='ocrx_word' id='word_1_537' title='bbox 545 4472 618 4525; x_wconf 94' lang='lat' dir='ltr'>de</span> <span class='ocrx_word' id='word_1_538' title='bbox 654 4471 888 4542; x_wconf 88' lang='lat' dir='ltr'>propria</span> <span class='ocrx_word' id='word_1_539' title='bbox 935 4471 1117 4525; x_wconf 84' lang='lat' dir='ltr'>salute</span> <span class='ocrx_word' id='word_1_540' title='bbox 1161 4469 1445 4525; x_wconf 87' lang='lat' dir='ltr'>studiosus</span> <span class='ocrx_word' id='word_1_541' title='bbox 1501 4469 1789 4536; x_wconf 84' lang='lat' dir='ltr'>existeres,</span> 
     </span>
    </p>
   </div>
   <div class='ocr_carea' id='block_1_76' title="bbox 170 4556 1794 4628">
    <p class='ocr_par' dir='ltr' id='par_1_76' title="bbox 170 4556 1794 4628">
     <span class='ocr_line' id='line_1_78' title="bbox 170 4556 1794 4628; baseline -0.002 -12"><span class='ocrx_word' id='word_1_542' title='bbox 170 4563 562 4619; x_wconf 72' lang='lat' dir='ltr'>verumetiam</span> <span class='ocrx_word' id='word_1_543' title='bbox 598 4574 959 4615; x_wconf 90' lang='lat' dir='ltr'>communem</span> <span class='ocrx_word' id='word_1_544' title='bbox 994 4560 1168 4613; x_wconf 88' lang='lat' dir='ltr'>vitam</span> <span class='ocrx_word' id='word_1_545' title='bbox 1200 4556 1534 4628; x_wconf 88' lang='lat' dir='ltr'>eligentibus</span> <span class='ocrx_word' id='word_1_546' title='bbox 1572 4574 1794 4612; x_wconf 81' lang='lat' dir='ltr'>monas-</span> 
     </span>
    </p>
   </div>
   <div class='ocr_carea' id='block_1_77' title="bbox 173 4646 1794 4718">
    <p class='ocr_par' dir='ltr' id='par_1_77' title="bbox 173 4646 1794 4718">
     <span class='ocr_line' id='line_1_79' title="bbox 173 4646 1794 4718; baseline -0.004 -11"><span class='ocrx_word' id='word_1_547' title='bbox 173 4653 389 4707; x_wconf 83' lang='lat' dir='ltr'>terium</span> <span class='ocrx_word' id='word_1_548' title='bbox 421 4654 804 4717; x_wconf 86' lang='lat' dir='ltr'>construeres,</span> <span class='ocrx_word' id='word_1_549' title='bbox 837 4665 903 4703; x_wconf 89' lang='lat' dir='ltr'>ac</span> <span class='ocrx_word' id='word_1_550' title='bbox 927 4648 1165 4703; x_wconf 87' lang='lat' dir='ltr'>formam</span> <span class='ocrx_word' id='word_1_551' title='bbox 1214 4646 1498 4717; x_wconf 86' lang='lat' dir='ltr'>religionis</span> <span class='ocrx_word' id='word_1_552' title='bbox 1535 4646 1794 4718; x_wconf 88' lang='lat' dir='ltr'>provide-</span> 
     </span>
    </p>
   </div>
   <div class='ocr_carea' id='block_1_78' title="bbox 173 4746 438 4796">
    <p class='ocr_par' dir='ltr' id='par_1_78' title="bbox 173 4746 438 4796">
     <span class='ocr_line' id='line_1_80' title="bbox 173 4746 438 4796; baseline -0.004 0"><span class='ocrx_word' id='word_1_553' title='bbox 173 4759 287 4796; x_wconf 85' lang='lat' dir='ltr'>res.</span> <span class='ocrx_word' id='word_1_554' title='bbox 320 4746 438 4795; x_wconf 88' lang='lat' dir='ltr'>etc.</span> 
     </span>
    </p>
   </div>
   <div class='ocr_carea' id='block_1_79' title="bbox 176 4782 1793 4896">
    <p class='ocr_par' dir='ltr' id='par_1_79' title="bbox 176 4782 1793 4896">
     <span class='ocr_line' id='line_1_81' title="bbox 176 4782 438 4808; baseline 0 -13"><span class='ocrx_word' id='word_1_555' title='bbox 176 4782 287 4808; x_wconf 60' lang='grc' dir='ltr'>ηρ,</span> <span class='ocrx_word' id='word_1_556' title='bbox 320 4782 438 4795; x_wconf 63' lang='grc' dir='ltr'>νυν.</span> 
     </span>
     <span class='ocr_line' id='line_1_82' title="bbox 176 4826 1793 4896; baseline -0.003 -12"><span class='ocrx_word' id='word_1_557' title='bbox 176 4831 571 4886; x_wconf 70' lang='grc' dir='ltr'>ῦυιιιεωωε</span> <span class='ocrx_word' id='word_1_558' title='bbox 595 4826 984 4895; x_wconf 60' lang='grc' dir='ltr'>Ριατλνεκεῐε,</span> <span class='ocrx_word' id='word_1_559' title='bbox 1015 4829 1089 4883; x_wconf 85' lang='lat' dir='ltr'>De</span> <span class='ocrx_word' id='word_1_560' title='bbox 1115 4829 1276 4896; x_wconf 84' lang='lat' dir='ltr'>gestis</span> <span class='ocrx_word' id='word_1_561' title='bbox 1308 4826 1604 4883; x_wconf 84' lang='lat' dir='ltr'>Guillelmi</span> <span class='ocrx_word' id='word_1_562' title='bbox 1638 4826 1793 4880; x_wconf 82' lang='lat' dir='ltr'>ducis</span> 
     </span>
    </p>
   </div>
   <div class='ocr_carea' id='block_1_80' title="bbox 252 4917 1791 5082">
    <p class='ocr_par' dir='ltr' id='par_1_80' title="bbox 252 4917 1791 5082">
     <span class='ocr_line' id='line_1_83' title="bbox 252 4917 1791 5082; baseline -0.004 -18"><span class='ocrx_word' id='word_1_563' title='bbox 252 5009 348 5064; x_wconf 90' lang='lat' dir='ltr'>Illi</span> <span class='ocrx_word' id='word_1_564' title='bbox 379 5006 747 5082; x_wconf 82' lang='lat' dir='ltr'>(Lanfranco)</span> <span class='ocrx_word' id='word_1_565' title='bbox 769 4917 1264 5061; x_wconf 46' lang='lat' dir='ltr'>coniiﬁtaliiima:</span> <span class='ocrx_word' id='word_1_566' title='bbox 1301 5021 1434 5072; x_wconf 79' lang='lat' dir='ltr'>suae,</span> <span class='ocrx_word' id='word_1_567' title='bbox 1474 5001 1559 5058; x_wconf 92' lang='lat' dir='ltr'>illi</span> <span class='ocrx_word' id='word_1_568' title='bbox 1597 5020 1791 5075; x_wconf 87' lang='lat' dir='ltr'>specu-</span> 
     </span>
    </p>
   </div>
   <div class='ocr_carea' id='block_1_81' title="bbox 183 5092 1803 5168">
    <p class='ocr_par' dir='ltr' id='par_1_81' title="bbox 183 5092 1803 5168">
     <span class='ocr_line' id='line_1_84' title="bbox 183 5092 1803 5168; baseline -0.004 -16"><span class='ocrx_word' id='word_1_569' title='bbox 183 5098 299 5152; x_wconf 85' lang='lat' dir='ltr'>lam</span> <span class='ocrx_word' id='word_1_570' title='bbox 353 5096 687 5168; x_wconf 88' lang='lat' dir='ltr'>quamdam,</span> <span class='ocrx_word' id='word_1_571' title='bbox 719 5095 871 5149; x_wconf 90' lang='lat' dir='ltr'>unde</span> <span class='ocrx_word' id='word_1_572' title='bbox 919 5093 1209 5148; x_wconf 88' lang='lat' dir='ltr'>ordinibus</span> <span class='ocrx_word' id='word_1_573' title='bbox 1264 5092 1649 5148; x_wconf 88' lang='lat' dir='ltr'>ecclesiasticis</span> <span class='ocrx_word' id='word_1_574' title='bbox 1699 5107 1803 5163; x_wconf 91' lang='lat' dir='ltr'>per</span> 
     </span>
    </p>
   </div>
   <div class='ocr_carea' id='block_1_82' title="bbox 183 5180 1803 5250">
    <p class='ocr_par' dir='ltr' id='par_1_82' title="bbox 183 5180 1803 5250">
     <span class='ocr_line' id='line_1_85' title="bbox 183 5180 1803 5250; baseline -0.004 -9"><span class='ocrx_word' id='word_1_575' title='bbox 183 5202 416 5241; x_wconf 89' lang='lat' dir='ltr'>omnem</span> <span class='ocrx_word' id='word_1_576' title='bbox 456 5183 902 5240; x_wconf 88' lang='lat' dir='ltr'>Nortmanniam</span> <span class='ocrx_word' id='word_1_577' title='bbox 947 5183 1284 5250; x_wconf 88' lang='lat' dir='ltr'>consuleret,</span> <span class='ocrx_word' id='word_1_578' title='bbox 1314 5181 1599 5237; x_wconf 88' lang='lat' dir='ltr'>commisit</span> <span class='ocrx_word' id='word_1_579' title='bbox 1628 5180 1803 5250; x_wconf 90' lang='lat' dir='ltr'>(Guil-</span> 
     </span>
    </p>
   </div>
   <div class='ocr_carea' id='block_1_83' title="bbox 180 5271 1803 5344">
    <p class='ocr_par' dir='ltr' id='par_1_83' title="bbox 180 5271 1803 5344">
     <span class='ocr_line' id='line_1_86' title="bbox 180 5271 1803 5344; baseline -0.003 -16"><span class='ocrx_word' id='word_1_580' title='bbox 180 5275 434 5343; x_wconf 89' lang='lat' dir='ltr'>lelmus).</span> <span class='ocrx_word' id='word_1_581' title='bbox 458 5273 657 5329; x_wconf 89' lang='lat' dir='ltr'>Potuit</span> <span class='ocrx_word' id='word_1_582' title='bbox 679 5288 885 5344; x_wconf 90' lang='lat' dir='ltr'>nempe</span> <span class='ocrx_word' id='word_1_583' title='bbox 911 5271 1016 5326; x_wconf 84' lang='lat' dir='ltr'>viri</span> <span class='ocrx_word' id='word_1_584' title='bbox 1041 5271 1174 5326; x_wconf 86' lang='lat' dir='ltr'>talis</span> <span class='ocrx_word' id='word_1_585' title='bbox 1204 5271 1438 5342; x_wconf 84' lang='lat' dir='ltr'>vigilans</span> <span class='ocrx_word' id='word_1_586' title='bbox 1482 5285 1638 5336; x_wconf 88' lang='lat' dir='ltr'>cura,</span> <span class='ocrx_word' id='word_1_587' title='bbox 1674 5285 1803 5323; x_wconf 90' lang='lat' dir='ltr'>cum</span> 
     </span>
    </p>
   </div>
   <div class='ocr_carea' id='block_1_84' title="bbox 183 5356 1806 5431">
    <p class='ocr_par' dir='ltr' id='par_1_84' title="bbox 183 5356 1806 5431">
     <span class='ocr_line' id='line_1_87' title="bbox 183 5356 1806 5431; baseline -0.004 -14"><span class='ocrx_word' id='word_1_588' title='bbox 183 5365 506 5419; x_wconf 84' lang='lat' dir='ltr'>maximam</span> <span class='ocrx_word' id='word_1_589' title='bbox 531 5362 930 5417; x_wconf 87' lang='lat' dir='ltr'>auctoritatem</span> <span class='ocrx_word' id='word_1_590' title='bbox 958 5360 1249 5431; x_wconf 70' lang='lat' dir='ltr'>sapientiae</span> <span class='ocrx_word' id='word_1_591' title='bbox 1275 5360 1489 5431; x_wconf 88' lang='lat' dir='ltr'>pariter</span> <span class='ocrx_word' id='word_1_592' title='bbox 1512 5375 1577 5413; x_wconf 90' lang='lat' dir='ltr'>ac</span> <span class='ocrx_word' id='word_1_593' title='bbox 1604 5356 1806 5412; x_wconf 84' lang='lat' dir='ltr'>sancti-</span> 
     </span>
    </p>
   </div>
   <div class='ocr_carea' id='block_1_85' title="bbox 1865 3403 3460 3475">
    <p class='ocr_par' dir='ltr' id='par_1_85' title="bbox 1865 3403 3460 3475">
     <span class='ocr_line' id='line_1_88' title="bbox 1865 3403 3460 3475; baseline -0.004 -12"><span class='ocrx_word' id='word_1_594' title='bbox 1865 3414 1923 3463; x_wconf 91' lang='lat' dir='ltr'>et</span> <span class='ocrx_word' id='word_1_595' title='bbox 1946 3406 2266 3462; x_wconf 89' lang='lat' dir='ltr'>cohabitare</span> <span class='ocrx_word' id='word_1_596' title='bbox 2285 3407 2494 3463; x_wconf 85' lang='lat' dir='ltr'>volens.</span> <span class='ocrx_word' id='word_1_597' title='bbox 2527 3405 3008 3460; x_wconf 84' lang='lat' dir='ltr'>Excellentissima</span> <span class='ocrx_word' id='word_1_598' title='bbox 3037 3404 3264 3475; x_wconf 89' lang='lat' dir='ltr'>quidem</span> <span class='ocrx_word' id='word_1_599' title='bbox 3308 3403 3460 3457; x_wconf 89' lang='lat' dir='ltr'>fama</span> 
     </span>
    </p>
   </div>
   <div class='ocr_carea' id='block_1_86' title="bbox 1861 3491 3461 3567">
    <p class='ocr_par' dir='ltr' id='par_1_86' title="bbox 1861 3491 3461 3567">
     <span class='ocr_line' id='line_1_89' title="bbox 1861 3491 3461 3567; baseline -0.004 -16"><span class='ocrx_word' id='word_1_600' title='bbox 1861 3497 2013 3551; x_wconf 90' lang='lat' dir='ltr'>illius</span> <span class='ocrx_word' id='word_1_601' title='bbox 2061 3496 2499 3567; x_wconf 88' lang='lat' dir='ltr'>circumquaque</span> <span class='ocrx_word' id='word_1_602' title='bbox 2543 3495 2959 3565; x_wconf 86' lang='lat' dir='ltr'>percrebuerat,</span> <span class='ocrx_word' id='word_1_603' title='bbox 2991 3499 3049 3548; x_wconf 88' lang='lat' dir='ltr'>et</span> <span class='ocrx_word' id='word_1_604' title='bbox 3084 3491 3461 3547; x_wconf 90' lang='lat' dir='ltr'>nobilissimos</span> 
     </span>
    </p>
   </div>
   <div class='ocr_carea' id='block_1_87' title="bbox 1863 3580 3460 3656">
    <p class='ocr_par' dir='ltr' id='par_1_87' title="bbox 1863 3580 3460 3656">
     <span class='ocr_line' id='line_1_90' title="bbox 1863 3580 3460 3656; baseline -0.004 -16"><span class='ocrx_word' id='word_1_605' title='bbox 1863 3602 2116 3656; x_wconf 89' lang='lat' dir='ltr'>quosque</span> <span class='ocrx_word' id='word_1_606' title='bbox 2143 3585 2472 3639; x_wconf 90' lang='lat' dir='ltr'>clericorum</span> <span class='ocrx_word' id='word_1_607' title='bbox 2503 3584 2576 3638; x_wconf 90' lang='lat' dir='ltr'>ad</span> <span class='ocrx_word' id='word_1_608' title='bbox 2602 3600 2734 3639; x_wconf 90' lang='lat' dir='ltr'>eum</span> <span class='ocrx_word' id='word_1_609' title='bbox 2763 3584 2832 3639; x_wconf 91' lang='lat' dir='ltr'>de</span> <span class='ocrx_word' id='word_1_610' title='bbox 2854 3581 3070 3637; x_wconf 89' lang='lat' dir='ltr'>cunctis</span> <span class='ocrx_word' id='word_1_611' title='bbox 3098 3580 3297 3635; x_wconf 92' lang='lat' dir='ltr'>mundi</span> <span class='ocrx_word' id='word_1_612' title='bbox 3325 3596 3460 3653; x_wconf 87' lang='lat' dir='ltr'>par-</span> 
     </span>
    </p>
   </div>
   <div class='ocr_carea' id='block_1_88' title="bbox 1862 3673 2396 3745">
    <p class='ocr_par' dir='ltr' id='par_1_88' title="bbox 1862 3673 2396 3745">
     <span class='ocr_line' id='line_1_91' title="bbox 1862 3673 2396 3745; baseline -0.004 -17"><span class='ocrx_word' id='word_1_613' title='bbox 1862 3674 2013 3728; x_wconf 89' lang='lat' dir='ltr'>tibus</span> <span class='ocrx_word' id='word_1_614' title='bbox 2039 3673 2261 3745; x_wconf 86' lang='lat' dir='ltr'>agebat,</span> <span class='ocrx_word' id='word_1_615' title='bbox 2289 3678 2396 3727; x_wconf 90' lang='lat' dir='ltr'>etc.</span> 
     </span>
    </p>
   </div>
   <div class='ocr_carea' id='block_1_89' title="bbox 1866 3775 3466 3845">
    <p class='ocr_par' dir='ltr' id='par_1_89' title="bbox 1866 3775 3466 3845">
     <span class='ocr_line' id='line_1_92' title="bbox 1866 3775 3466 3845; baseline -0.003 -9"><span class='ocrx_word' id='word_1_616' title='bbox 1866 3781 2169 3837; x_wconf 77' lang='lat' dir='ltr'>OSBERNUS</span> <span class='ocrx_word' id='word_1_617' title='bbox 2199 3783 2466 3835; x_wconf 82' lang='lat' dir='ltr'>Beccensis</span> <span class='ocrx_word' id='word_1_618' title='bbox 2488 3780 2812 3845; x_wconf 82' lang='lat' dir='ltr'>monachus,</span> <span class='ocrx_word' id='word_1_619' title='bbox 2845 3780 3086 3833; x_wconf 83' lang='lat' dir='ltr'>scribens</span> <span class='ocrx_word' id='word_1_620' title='bbox 3116 3779 3174 3831; x_wconf 87' lang='grc' dir='ltr'>Β.</span> <span class='ocrx_word' id='word_1_621' title='bbox 3208 3775 3466 3832; x_wconf 76' lang='lat' dir='ltr'>Amet-mo</span> 
     </span>
    </p>
   </div>
   <div class='ocr_carea' id='block_1_90' title="bbox 1938 3864 3463 3938">
    <p class='ocr_par' dir='ltr' id='par_1_90' title="bbox 1938 3864 3463 3938">
     <span class='ocr_line' id='line_1_93' title="bbox 1938 3864 3463 3938; baseline -0.003 -14"><span class='ocrx_word' id='word_1_622' title='bbox 1938 3875 2002 3924; x_wconf 82' lang='lat' dir='ltr'>ut</span> <span class='ocrx_word' id='word_1_623' title='bbox 2029 3887 2189 3924; x_wconf 82' lang='lat' dir='ltr'>suam</span> <span class='ocrx_word' id='word_1_624' title='bbox 2216 3872 2708 3938; x_wconf 81' lang='lat' dir='ltr'>inaugurationem</span> <span class='ocrx_word' id='word_1_625' title='bbox 2728 3870 3000 3935; x_wconf 77' lang='lat' dir='ltr'>acceleret,</span> <span class='ocrx_word' id='word_1_626' title='bbox 3025 3868 3120 3921; x_wconf 87' lang='lat' dir='ltr'>lib.</span> <span class='ocrx_word' id='word_1_627' title='bbox 3139 3880 3220 3931; x_wconf 88' lang='lat' dir='ltr'><strong>III,</strong></span> <span class='ocrx_word' id='word_1_628' title='bbox 3249 3864 3463 3934; x_wconf 82' lang='lat' dir='ltr'>cpist.5,</span> 
     </span>
    </p>
   </div>
   <div class='ocr_carea' id='block_1_91' title="bbox 1940 3957 2476 4029">
    <p class='ocr_par' dir='ltr' id='par_1_91' title="bbox 1940 3957 2476 4029">
     <span class='ocr_line' id='line_1_94' title="bbox 1940 3957 2476 4029; baseline -0.004 -16"><span class='ocrx_word' id='word_1_629' title='bbox 1940 3961 2181 4029; x_wconf 84' lang='lat' dir='ltr'>ejusdem</span> <span class='ocrx_word' id='word_1_630' title='bbox 2207 3957 2476 4014; x_wconf 88' lang='lat' dir='ltr'>Anselmi.</span> 
     </span>
    </p>
   </div>
   <div class='ocr_carea' id='block_1_92' title="bbox 1940 4049 3468 4127">
    <p class='ocr_par' dir='ltr' id='par_1_92' title="bbox 1940 4049 3468 4127">
     <span class='ocr_line' id='line_1_95' title="bbox 1940 4049 3468 4127; baseline -0.009 -11"><span class='ocrx_word' id='word_1_631' title='bbox 1940 4057 2358 4127; x_wconf 84' lang='lat' dir='ltr'>Recuperemus</span> <span class='ocrx_word' id='word_1_632' title='bbox 2386 4055 2442 4109; x_wconf 91' lang='lat' dir='ltr'>in</span> <span class='ocrx_word' id='word_1_633' title='bbox 2462 4059 2540 4123; x_wconf 90' lang='lat' dir='ltr'>te,</span> <span class='ocrx_word' id='word_1_634' title='bbox 2568 4055 2717 4126; x_wconf 90' lang='lat' dir='ltr'>quod</span> <span class='ocrx_word' id='word_1_635' title='bbox 2754 4053 2813 4108; x_wconf 90' lang='lat' dir='ltr'>in</span> <span class='ocrx_word' id='word_1_636' title='bbox 2861 4057 3084 4107; x_wconf 89' lang='lat' dir='ltr'>mortuo</span> <span class='ocrx_word' id='word_1_637' title='bbox 3112 4049 3468 4106; x_wconf 88' lang='lat' dir='ltr'>sanctissimo</span> 
     </span>
    </p>
   </div>
   <div class='ocr_carea' id='block_1_93' title="bbox 1867 4140 3464 4212">
    <p class='ocr_par' dir='ltr' id='par_1_93' title="bbox 1867 4140 3464 4212">
     <span class='ocr_line' id='line_1_96' title="bbox 1867 4140 3464 4212; baseline -0.005 -11"><span class='ocrx_word' id='word_1_638' title='bbox 1867 4146 2035 4201; x_wconf 91' lang='lat' dir='ltr'>Patre</span> <span class='ocrx_word' id='word_1_639' title='bbox 2054 4146 2364 4201; x_wconf 85' lang='lat' dir='ltr'>Lanfranco</span> <span class='ocrx_word' id='word_1_640' title='bbox 2391 4160 2494 4199; x_wconf 89' lang='lat' dir='ltr'>nos</span> <span class='ocrx_word' id='word_1_641' title='bbox 2521 4160 2649 4199; x_wconf 90' lang='lat' dir='ltr'>cum</span> <span class='ocrx_word' id='word_1_642' title='bbox 2678 4148 2796 4197; x_wconf 91' lang='lat' dir='ltr'>toto</span> <span class='ocrx_word' id='word_1_643' title='bbox 2839 4142 3049 4196; x_wconf 91' lang='lat' dir='ltr'>mundo</span> <span class='ocrx_word' id='word_1_644' title='bbox 3079 4140 3464 4212; x_wconf 87' lang='lat' dir='ltr'>perdidimus;</span> 
     </span>
    </p>
   </div>
   <div class='ocr_carea' id='block_1_94' title="bbox 1870 4229 3472 4306">
    <p class='ocr_par' dir='ltr' id='par_1_94' title="bbox 1870 4229 3472 4306">
     <span class='ocr_line' id='line_1_97' title="bbox 1870 4229 3472 4306; baseline -0.004 -17"><span class='ocrx_word' id='word_1_645' title='bbox 1870 4251 2038 4306; x_wconf 91' lang='lat' dir='ltr'>quem</span> <span class='ocrx_word' id='word_1_646' title='bbox 2086 4239 2375 4289; x_wconf 88' lang='lat' dir='ltr'>mortuum</span> <span class='ocrx_word' id='word_1_647' title='bbox 2423 4248 2646 4305; x_wconf 89' lang='lat' dir='ltr'>semper</span> <span class='ocrx_word' id='word_1_648' title='bbox 2697 4229 3029 4298; x_wconf 90' lang='lat' dir='ltr'>dolebimus,</span> <span class='ocrx_word' id='word_1_649' title='bbox 3105 4229 3472 4301; x_wconf 89' lang='lat' dir='ltr'>quoadusque</span> 
     </span>
    </p>
   </div>
   <div class='ocr_carea' id='block_1_95' title="bbox 1868 4322 2537 4378">
    <p class='ocr_par' dir='ltr' id='par_1_95' title="bbox 1868 4322 2537 4378">
     <span class='ocr_line' id='line_1_98' title="bbox 1868 4322 2537 4378; baseline -0.004 0"><span class='ocrx_word' id='word_1_650' title='bbox 1868 4324 2031 4378; x_wconf 90' lang='lat' dir='ltr'>illum</span> <span class='ocrx_word' id='word_1_651' title='bbox 2050 4323 2109 4378; x_wconf 91' lang='lat' dir='ltr'>in</span> <span class='ocrx_word' id='word_1_652' title='bbox 2129 4329 2186 4378; x_wconf 90' lang='lat' dir='ltr'>te</span> <span class='ocrx_word' id='word_1_653' title='bbox 2211 4322 2537 4377; x_wconf 89' lang='lat' dir='ltr'>viderimus.</span> 
     </span>
    </p>
   </div>
   <div class='ocr_carea' id='block_1_96' title="bbox 1875 4418 3474 4486">
    <p class='ocr_par' dir='ltr' id='par_1_96' title="bbox 1875 4418 3474 4486">
     <span class='ocr_line' id='line_1_99' title="bbox 1875 4418 3474 4486; baseline -0.004 -9"><span class='ocrx_word' id='word_1_654' title='bbox 1875 4422 2229 4477; x_wconf 82' lang='lat' dir='ltr'>GUILLELMUS</span> <span class='ocrx_word' id='word_1_655' title='bbox 2254 4421 2780 4486; x_wconf 80' lang='lat' dir='ltr'>Malmesburiensis,</span> <span class='ocrx_word' id='word_1_656' title='bbox 2806 4420 2900 4474; x_wconf 88' lang='lat' dir='ltr'>lib.</span> <span class='ocrx_word' id='word_1_657' title='bbox 2918 4432 3000 4485; x_wconf 76' lang='grc' dir='ltr'>ιιι,</span> <span class='ocrx_word' id='word_1_658' title='bbox 3026 4418 3098 4472; x_wconf 86' lang='lat' dir='ltr'>De</span> <span class='ocrx_word' id='word_1_659' title='bbox 3112 4421 3243 4485; x_wconf 84' lang='lat' dir='ltr'>gest.</span> <span class='ocrx_word' id='word_1_660' title='bbox 3277 4431 3474 4485; x_wconf 78' lang='lat' dir='ltr'>regum</span> 
     </span>
    </p>
   </div>
   <div class='ocr_carea' id='block_1_97' title="bbox 2030 4508 3300 4579">
    <p class='ocr_par' dir='ltr' id='par_1_97' title="bbox 2030 4508 3300 4579">
     <span class='ocr_line' id='line_1_100' title="bbox 2030 4508 3300 4579; baseline -0.006 -13"><span class='ocrx_word' id='word_1_661' title='bbox 2030 4512 2226 4579; x_wconf 87' lang='lat' dir='ltr'>Anglo.</span> <span class='ocrx_word' id='word_1_662' title='bbox 2259 4512 2324 4563; x_wconf 86' lang='lat' dir='ltr'>in</span> <span class='ocrx_word' id='word_1_663' title='bbox 2355 4509 2649 4565; x_wconf 72' lang='lat' dir='ltr'>Guilielmo</span> <span class='ocrx_word' id='word_1_664' title='bbox 2676 4511 2879 4577; x_wconf 84' lang='lat' dir='ltr'>primo,</span> <span class='ocrx_word' id='word_1_665' title='bbox 2904 4509 3006 4562; x_wconf 89' lang='lat' dir='ltr'>sub</span> <span class='ocrx_word' id='word_1_666' title='bbox 3036 4508 3300 4561; x_wconf 84' lang='lat' dir='ltr'>medium.</span> 
     </span>
    </p>
   </div>
   <div class='ocr_carea' id='block_1_98' title="bbox 1921 4602 3478 4677">
    <p class='ocr_par' dir='ltr' id='par_1_98' title="bbox 1921 4602 3478 4677">
     <span class='ocr_line' id='line_1_101' title="bbox 1921 4602 3478 4677; baseline -0.004 -13"><span class='ocrx_word' id='word_1_667' title='bbox 1921 4609 2465 4674; x_wconf 84' lang='lat' dir='ltr'>Monasteria,unum</span> <span class='ocrx_word' id='word_1_668' title='bbox 2476 4606 2536 4661; x_wconf 90' lang='lat' dir='ltr'>in</span> <span class='ocrx_word' id='word_1_669' title='bbox 2552 4607 2772 4677; x_wconf 83' lang='lat' dir='ltr'>Anglia,</span> <span class='ocrx_word' id='word_1_670' title='bbox 2780 4606 3020 4660; x_wconf 89' lang='lat' dir='ltr'>alterum</span> <span class='ocrx_word' id='word_1_671' title='bbox 3032 4605 3090 4658; x_wconf 94' lang='lat' dir='ltr'>in</span> <span class='ocrx_word' id='word_1_672' title='bbox 3101 4602 3478 4659; x_wconf 89' lang='lat' dir='ltr'>Nortmannia</span> 
     </span>
    </p>
   </div>
   <div class='ocr_carea' id='block_1_99' title="bbox 1876 4691 3478 4762">
    <p class='ocr_par' dir='ltr' id='par_1_99' title="bbox 1876 4691 3478 4762">
     <span class='ocr_line' id='line_1_102' title="bbox 1876 4691 3478 4762; baseline -0.005 -9"><span class='ocrx_word' id='word_1_673' title='bbox 1876 4696 2473 4754; x_wconf 83' lang='lat' dir='ltr'>construxit.Primum</span> <span class='ocrx_word' id='word_1_674' title='bbox 2502 4693 2756 4762; x_wconf 86' lang='lat' dir='ltr'>Cadomi,</span> <span class='ocrx_word' id='word_1_675' title='bbox 2778 4693 2873 4750; x_wconf 92' lang='lat' dir='ltr'>ubi</span> <span class='ocrx_word' id='word_1_676' title='bbox 2894 4699 2951 4749; x_wconf 88' lang='lat' dir='ltr'>et</span> <span class='ocrx_word' id='word_1_677' title='bbox 2979 4693 3355 4748; x_wconf 89' lang='lat' dir='ltr'>Lanfrancum</span> <span class='ocrx_word' id='word_1_678' title='bbox 3385 4691 3478 4748; x_wconf 88' lang='lat' dir='ltr'>ab-</span> 
     </span>
    </p>
   </div>
   <div class='ocr_carea' id='block_1_100' title="bbox 1877 4780 3477 4857">
    <p class='ocr_par' dir='ltr' id='par_1_100' title="bbox 1877 4780 3477 4857">
     <span class='ocr_line' id='line_1_103' title="bbox 1877 4780 3477 4857; baseline -0.006 -14"><span class='ocrx_word' id='word_1_679' title='bbox 1877 4788 2082 4854; x_wconf 87' lang='lat' dir='ltr'>batem,</span> <span class='ocrx_word' id='word_1_680' title='bbox 2114 4791 2242 4857; x_wconf 89' lang='lat' dir='ltr'>post</span> <span class='ocrx_word' id='word_1_681' title='bbox 2259 4786 2431 4840; x_wconf 90' lang='lat' dir='ltr'>etiam</span> <span class='ocrx_word' id='word_1_682' title='bbox 2460 4783 2778 4839; x_wconf 81' lang='lat' dir='ltr'>Cantuariae</span> <span class='ocrx_word' id='word_1_683' title='bbox 2806 4782 3287 4854; x_wconf 86' lang='lat' dir='ltr'>archiepiscopum</span> <span class='ocrx_word' id='word_1_684' title='bbox 3316 4780 3477 4835; x_wconf 82' lang='lat' dir='ltr'>insti-</span> 
     </span>
    </p>
   </div>
   <div class='ocr_carea' id='block_1_101' title="bbox 1878 4871 3479 4945">
    <p class='ocr_par' dir='ltr' id='par_1_101' title="bbox 1878 4871 3479 4945">
     <span class='ocr_line' id='line_1_104' title="bbox 1878 4871 3479 4945; baseline -0.005 -13"><span class='ocrx_word' id='word_1_685' title='bbox 1878 4877 2007 4944; x_wconf 88' lang='lat' dir='ltr'>tuit,</span> <span class='ocrx_word' id='word_1_686' title='bbox 2036 4876 2219 4931; x_wconf 85' lang='lat' dir='ltr'>virum</span> <span class='ocrx_word' id='word_1_687' title='bbox 2251 4874 2498 4945; x_wconf 90' lang='lat' dir='ltr'>antiquis</span> <span class='ocrx_word' id='word_1_688' title='bbox 2517 4872 2769 4940; x_wconf 89' lang='lat' dir='ltr'>scientia,</span> <span class='ocrx_word' id='word_1_689' title='bbox 2794 4877 2851 4926; x_wconf 91' lang='lat' dir='ltr'>et</span> <span class='ocrx_word' id='word_1_690' title='bbox 2863 4871 3131 4943; x_wconf 87' lang='lat' dir='ltr'>religione</span> <span class='ocrx_word' id='word_1_691' title='bbox 3149 4886 3479 4943; x_wconf 87' lang='lat' dir='ltr'>comparan-</span> 
     </span>
    </p>
   </div>
   <div class='ocr_carea' id='block_1_102' title="bbox 1880 4962 3479 5038">
    <p class='ocr_par' dir='ltr' id='par_1_102' title="bbox 1880 4962 3479 5038">
     <span class='ocr_line' id='line_1_105' title="bbox 1880 4962 3479 5038; baseline -0.007 -15"><span class='ocrx_word' id='word_1_692' title='bbox 1880 4968 2034 5035; x_wconf 87' lang='lat' dir='ltr'>dum,</span> <span class='ocrx_word' id='word_1_693' title='bbox 2067 4967 2137 5021; x_wconf 93' lang='lat' dir='ltr'>de</span> <span class='ocrx_word' id='word_1_694' title='bbox 2157 4983 2268 5038; x_wconf 93' lang='lat' dir='ltr'>quo</span> <span class='ocrx_word' id='word_1_695' title='bbox 2295 4965 2442 5020; x_wconf 85' lang='lat' dir='ltr'>serio</span> <span class='ocrx_word' id='word_1_696' title='bbox 2471 4963 2582 5019; x_wconf 91' lang='lat' dir='ltr'>dici</span> <span class='ocrx_word' id='word_1_697' title='bbox 2609 4966 2794 5035; x_wconf 87' lang='lat' dir='ltr'>potest</span> <span class='ocrx_word' id='word_1_698' title='bbox 2835 4979 2848 5015; x_wconf 90' lang='lat'><strong>:</strong></span> <span class='ocrx_word' id='word_1_699' title='bbox 2889 4964 3104 5016; x_wconf 82' lang='lat' dir='ltr'>Tertius</span> <span class='ocrx_word' id='word_1_700' title='bbox 3124 4978 3150 5015; x_wconf 75' lang='grc' dir='ltr'><strong>β</strong></span> <span class='ocrx_word' id='word_1_701' title='bbox 3178 4964 3303 5016; x_wconf 76' lang='lat' dir='ltr'>calo</span> <span class='ocrx_word' id='word_1_702' title='bbox 3345 4962 3479 5014; x_wconf 83' lang='lat' dir='ltr'>ceci-</span> 
     </span>
    </p>
   </div>
   <div class='ocr_carea' id='block_1_103' title="bbox 1881 5048 3480 5124">
    <p class='ocr_par' dir='ltr' id='par_1_103' title="bbox 1881 5048 3480 5124">
     <span class='ocr_line' id='line_1_106' title="bbox 1881 5048 3480 5124; baseline -0.007 -11"><span class='ocrx_word' id='word_1_703' title='bbox 1881 5060 1963 5113; x_wconf 83' lang='lat' dir='ltr'>dit</span> <span class='ocrx_word' id='word_1_704' title='bbox 1993 5058 2120 5113; x_wconf 79' lang='lat' dir='ltr'>Cato</span> <span class='ocrx_word' id='word_1_705' title='bbox 2149 5076 2164 5110; x_wconf 93' lang='lat'><em>:</em></span> <span class='ocrx_word' id='word_1_706' title='bbox 2199 5056 2339 5110; x_wconf 88' lang='lat' dir='ltr'>adeo</span> <span class='ocrx_word' id='word_1_707' title='bbox 2368 5053 2607 5109; x_wconf 80' lang='lat' dir='ltr'>caelestis</span> <span class='ocrx_word' id='word_1_708' title='bbox 2646 5068 2813 5124; x_wconf 86' lang='lat' dir='ltr'>sapor</span> <span class='ocrx_word' id='word_1_709' title='bbox 2840 5056 3036 5124; x_wconf 89' lang='lat' dir='ltr'>pectus</span> <span class='ocrx_word' id='word_1_710' title='bbox 3058 5052 3201 5121; x_wconf 89' lang='lat' dir='ltr'>ejus,</span> <span class='ocrx_word' id='word_1_711' title='bbox 3235 5053 3292 5104; x_wconf 91' lang='lat' dir='ltr'>et</span> <span class='ocrx_word' id='word_1_712' title='bbox 3319 5048 3480 5119; x_wconf 87' lang='lat' dir='ltr'>pala-</span> 
     </span>
    </p>
   </div>
   <div class='ocr_carea' id='block_1_104' title="bbox 1882 5145 2456 5211">
    <p class='ocr_par' dir='ltr' id='par_1_104' title="bbox 1882 5145 2456 5211">
     <span class='ocr_line' id='line_1_107' title="bbox 1882 5145 2456 5211; baseline -0.009 -9"><span class='ocrx_word' id='word_1_713' title='bbox 1882 5153 2005 5202; x_wconf 91' lang='lat' dir='ltr'>tum</span> <span class='ocrx_word' id='word_1_714' title='bbox 2032 5145 2320 5211; x_wconf 86' lang='lat' dir='ltr'>infecerat,</span> <span class='ocrx_word' id='word_1_715' title='bbox 2350 5148 2456 5198; x_wconf 92' lang='lat' dir='ltr'>etc.</span> 
     </span>
    </p>
   </div>
   <div class='ocr_carea' id='block_1_105' title="bbox 1920 5244 3480 5318">
    <p class='ocr_par' dir='ltr' id='par_1_105' title="bbox 1920 5244 3480 5318">
     <span class='ocr_line' id='line_1_108' title="bbox 1920 5244 3480 5318; baseline -0.01 -8"><span class='ocrx_word' id='word_1_716' title='bbox 1920 5253 2240 5310; x_wconf 77' lang='lat' dir='ltr'>Unnsmcus</span> <span class='ocrx_word' id='word_1_717' title='bbox 2274 5252 2519 5318; x_wconf 75' lang='lat' dir='ltr'>VI&#39;I‘ALIS,</span> <span class='ocrx_word' id='word_1_718' title='bbox 2559 5251 2815 5306; x_wconf 68' lang='lat' dir='ltr'>Historia:</span> <span class='ocrx_word' id='word_1_719' title='bbox 2846 5248 3236 5310; x_wconf 65' lang='lat' dir='ltr'>ecclesiastica,</span> <span class='ocrx_word' id='word_1_720' title='bbox 3269 5244 3373 5300; x_wconf 90' lang='lat' dir='ltr'>lib.</span> <span class='ocrx_word' id='word_1_721' title='bbox 3409 5259 3480 5297; x_wconf 83' lang='lat' dir='ltr'>Iv.</span> 
     </span>
    </p>
   </div>
   <div class='ocr_carea' id='block_1_106' title="bbox 1954 5342 3487 5412">
    <p class='ocr_par' dir='ltr' id='par_1_106' title="bbox 1954 5342 3487 5412">
     <span class='ocr_line' id='line_1_109' title="bbox 1954 5342 3487 5412; baseline -0.009 -5"><span class='ocrx_word' id='word_1_722' title='bbox 1954 5353 2119 5407; x_wconf 90' lang='lat' dir='ltr'>Anno</span> <span class='ocrx_word' id='word_1_723' title='bbox 2147 5348 2450 5407; x_wconf 66' lang='lat' dir='ltr'>Dominicae</span> <span class='ocrx_word' id='word_1_724' title='bbox 2502 5347 2911 5404; x_wconf 90' lang='lat' dir='ltr'>Incarnationis</span> <span class='ocrx_word' id='word_1_725' title='bbox 2942 5343 3100 5412; x_wconf 80' lang='grc'>1070,</span> <span class='ocrx_word' id='word_1_726' title='bbox 3138 5342 3487 5396; x_wconf 88' lang='lat' dir='ltr'>Lanfrancus</span> 
     </span>
    </p>
   </div>
   <div class='ocr_carea' id='block_1_107' title="bbox 188 5429 3488 5524">
    <p class='ocr_par' dir='ltr' id='par_1_107' title="bbox 188 5429 3488 5524">
     <span class='ocr_line' id='line_1_110' title="bbox 188 5429 3488 5524; baseline -0.008 -16"><span class='ocrx_word' id='word_1_727' title='bbox 188 5454 328 5507; x_wconf 80' lang='lat' dir='ltr'>tatis</span> <span class='ocrx_word' id='word_1_728' title='bbox 355 5451 736 5524; x_wconf 63' lang='lat' dir='ltr'>praerogativa</span> <span class='ocrx_word' id='word_1_729' title='bbox 765 5429 1127 5521; x_wconf 71' lang='lat' dir='ltr'>comparavit,</span> <span class='ocrx_word' id='word_1_730' title='bbox 1160 5429 1519 5504; x_wconf 79' lang='lat' dir='ltr'>securitatem</span> <span class='ocrx_word' id='word_1_731' title='bbox 1538 5463 1651 5502; x_wconf 91' lang='lat' dir='ltr'>non</span> <span class='ocrx_word' id='word_1_732' title='bbox 1674 5463 1807 5518; x_wconf 90' lang='lat' dir='ltr'>par-</span> <span class='ocrx_word' id='word_1_733' title='bbox 1887 5440 2324 5498; x_wconf 88' lang='lat' dir='ltr'>Cadomensium</span> <span class='ocrx_word' id='word_1_734' title='bbox 2353 5439 2570 5511; x_wconf 91' lang='lat' dir='ltr'>primus</span> <span class='ocrx_word' id='word_1_735' title='bbox 2597 5436 2768 5491; x_wconf 89' lang='lat' dir='ltr'>abbas</span> <span class='ocrx_word' id='word_1_736' title='bbox 2797 5430 3283 5524; x_wconf 76' lang='lat' dir='ltr'>divinitusAnglis</span> <span class='ocrx_word' id='word_1_737' title='bbox 3321 5429 3488 5485; x_wconf 84' lang='lat' dir='ltr'>insti-</span> 
     </span>
    </p>
   </div>
   <div class='ocr_carea' id='block_1_108' title="bbox 189 5538 1105 5610">
    <p class='ocr_par' dir='ltr' id='par_1_108' title="bbox 189 5538 1105 5610">
     <span class='ocr_line' id='line_1_111' title="bbox 189 5538 1105 5610; baseline -0.003 -14"><span class='ocrx_word' id='word_1_738' title='bbox 189 5558 318 5596; x_wconf 71' lang='lat' dir='ltr'>vam</span> <span class='ocrx_word' id='word_1_739' title='bbox 350 5539 725 5596; x_wconf 90' lang='lat' dir='ltr'>sollicitudini</span> <span class='ocrx_word' id='word_1_740' title='bbox 752 5538 1105 5610; x_wconf 89' lang='lat' dir='ltr'>promittere.</span> 
     </span>
    </p>
   </div>
   <div class='ocr_carea' id='block_1_109' title="bbox 221 5622 1771 5697">
    <p class='ocr_par' dir='ltr' id='par_1_109' title="bbox 221 5622 1771 5697">
     <span class='ocr_line' id='line_1_112' title="bbox 221 5622 1771 5697; baseline -0.005 -10"><span class='ocrx_word' id='word_1_741' title='bbox 221 5631 554 5697; x_wconf 76' lang='lat' dir='ltr'>EDINERUS,</span> <span class='ocrx_word' id='word_1_742' title='bbox 587 5629 734 5684; x_wconf 84' lang='lat' dir='ltr'>libro</span> <span class='ocrx_word' id='word_1_743' title='bbox 757 5641 779 5682; x_wconf 86' lang='grc' dir='ltr'><strong>ι</strong></span> <span class='ocrx_word' id='word_1_744' title='bbox 816 5629 941 5682; x_wconf 70' lang='lat' dir='ltr'>Vitae</span> <span class='ocrx_word' id='word_1_745' title='bbox 969 5627 1027 5684; x_wconf 92' lang='lat' dir='ltr'>S.</span> <span class='ocrx_word' id='word_1_746' title='bbox 1059 5627 1327 5691; x_wconf 81' lang='lat' dir='ltr'>Anselmi,</span> <span class='ocrx_word' id='word_1_747' title='bbox 1356 5630 1478 5695; x_wconf 84' lang='lat' dir='ltr'>post</span> <span class='ocrx_word' id='word_1_748' title='bbox 1513 5622 1771 5680; x_wconf 83' lang='lat' dir='ltr'>initium.</span> 
     </span>
    </p>
   </div>
   <div class='ocr_carea' id='block_1_110' title="bbox 260 5713 1814 5786">
    <p class='ocr_par' dir='ltr' id='par_1_110' title="bbox 260 5713 1814 5786">
     <span class='ocr_line' id='line_1_113' title="bbox 260 5713 1814 5786; baseline -0.006 -10"><span class='ocrx_word' id='word_1_749' title='bbox 260 5719 709 5776; x_wconf 76' lang='lat' dir='ltr'>Nortmanniam</span> <span class='ocrx_word' id='word_1_750' title='bbox 740 5716 862 5771; x_wconf 89' lang='lat' dir='ltr'>adit</span> <span class='ocrx_word' id='word_1_751' title='bbox 886 5713 1324 5786; x_wconf 85' lang='lat' dir='ltr'>(Anselmus),ibi</span> <span class='ocrx_word' id='word_1_752' title='bbox 1343 5713 1645 5786; x_wconf 85' lang='lat' dir='ltr'>quemdam</span> <span class='ocrx_word' id='word_1_753' title='bbox 1672 5713 1814 5768; x_wconf 90' lang='lat' dir='ltr'>Lan-</span> 
     </span>
    </p>
   </div>
   <div class='ocr_carea' id='block_1_111' title="bbox 1887 5520 3491 5594">
    <p class='ocr_par' dir='ltr' id='par_1_111' title="bbox 1887 5520 3491 5594">
     <span class='ocr_line' id='line_1_114' title="bbox 1887 5520 3491 5594; baseline -0.008 -7"><span class='ocrx_word' id='word_1_754' title='bbox 1887 5537 2045 5586; x_wconf 89' lang='lat' dir='ltr'>tutor</span> <span class='ocrx_word' id='word_1_755' title='bbox 2073 5530 2241 5585; x_wconf 83' lang='lat' dir='ltr'>datus</span> <span class='ocrx_word' id='word_1_756' title='bbox 2273 5535 2374 5594; x_wconf 87' lang='lat' dir='ltr'>est,</span> <span class='ocrx_word' id='word_1_757' title='bbox 2410 5534 2468 5582; x_wconf 91' lang='lat' dir='ltr'>et</span> <span class='ocrx_word' id='word_1_758' title='bbox 2495 5524 2893 5580; x_wconf 87' lang='lat' dir='ltr'>honestissima</span> <span class='ocrx_word' id='word_1_759' title='bbox 2926 5520 3218 5586; x_wconf 88' lang='lat' dir='ltr'>electione,</span> <span class='ocrx_word' id='word_1_760' title='bbox 3263 5536 3330 5575; x_wconf 90' lang='lat' dir='ltr'>ac</span> <span class='ocrx_word' id='word_1_761' title='bbox 3358 5521 3491 5575; x_wconf 83' lang='lat' dir='ltr'>fide-</span> 
     </span>
    </p>
   </div>
   <div class='ocr_carea' id='block_1_112' title="bbox 1892 5608 3491 5676">
    <p class='ocr_par' dir='ltr' id='par_1_112' title="bbox 1892 5608 3491 5676">
     <span class='ocr_line' id='line_1_115' title="bbox 1892 5608 3491 5676; baseline -0.009 0"><span class='ocrx_word' id='word_1_762' title='bbox 1892 5620 2109 5676; x_wconf 91' lang='lat' dir='ltr'>lissima</span> <span class='ocrx_word' id='word_1_763' title='bbox 2131 5616 2548 5674; x_wconf 89' lang='lat' dir='ltr'>consecratione</span> <span class='ocrx_word' id='word_1_764' title='bbox 2577 5609 2999 5668; x_wconf 87' lang='lat' dir='ltr'>Cantuariensis</span> <span class='ocrx_word' id='word_1_765' title='bbox 3027 5609 3286 5664; x_wconf 82' lang='lat' dir='ltr'>Ecclesiae</span> <span class='ocrx_word' id='word_1_766' title='bbox 3310 5608 3491 5663; x_wconf 89' lang='lat' dir='ltr'>archi-</span> 
     </span>
    </p>
   </div>
   <div class='ocr_carea' id='block_1_113' title="bbox 1894 5699 3488 5782">
    <p class='ocr_par' dir='ltr' id='par_1_113' title="bbox 1894 5699 3488 5782">
     <span class='ocr_line' id='line_1_116' title="bbox 1894 5699 3488 5782; baseline -0.01 -16"><span class='ocrx_word' id='word_1_767' title='bbox 1894 5708 2101 5782; x_wconf 83' lang='lat' dir='ltr'>praesul</span> <span class='ocrx_word' id='word_1_768' title='bbox 2136 5726 2191 5763; x_wconf 85' lang='lat' dir='ltr'>1v</span> <span class='ocrx_word' id='word_1_769' title='bbox 2218 5707 2344 5763; x_wconf 87' lang='lat' dir='ltr'>Kal.</span> <span class='ocrx_word' id='word_1_770' title='bbox 2395 5700 2742 5777; x_wconf 91' lang='lat' dir='ltr'>Septembris</span> <span class='ocrx_word' id='word_1_771' title='bbox 2772 5699 3180 5755; x_wconf 87' lang='lat' dir='ltr'>inthronizatus</span> <span class='ocrx_word' id='word_1_772' title='bbox 3229 5703 3333 5765; x_wconf 88' lang='lat' dir='ltr'>est,</span> <span class='ocrx_word' id='word_1_773' title='bbox 3380 5704 3488 5753; x_wconf 86' lang='lat' dir='ltr'>etc.</span> 
     </span>
    </p>
   </div>
   <div class='ocr_carea' id='block_1_114' title="bbox 184 5785 3493 5877">
    <p class='ocr_par' dir='ltr' id='par_1_114' title="bbox 184 5785 3493 5877">
     <span class='ocr_line' id='line_1_117' title="bbox 184 5785 3493 5877; baseline -0.008 -10"><span class='ocrx_word' id='word_1_774' title='bbox 184 5811 453 5867; x_wconf 78' lang='lat' dir='ltr'>{raucum</span> <span class='ocrx_word' id='word_1_775' title='bbox 501 5810 691 5867; x_wconf 88' lang='lat' dir='ltr'>virum</span> <span class='ocrx_word' id='word_1_776' title='bbox 743 5805 1005 5862; x_wconf 85' lang='lat' dir='ltr'>videlicet</span> <span class='ocrx_word' id='word_1_777' title='bbox 1044 5804 1211 5861; x_wconf 87' lang='lat' dir='ltr'>valde</span> <span class='ocrx_word' id='word_1_778' title='bbox 1248 5785 1483 5876; x_wconf 86' lang='lat' dir='ltr'>bonum,</span> <span class='ocrx_word' id='word_1_779' title='bbox 1522 5800 1815 5877; x_wconf 74' lang='lat' dir='ltr'>praestanti</span> <span class='ocrx_word' id='word_1_780' title='bbox 1896 5799 2208 5857; x_wconf 85' lang='lat' dir='ltr'>Praesentes</span> <span class='ocrx_word' id='word_1_781' title='bbox 2237 5799 2296 5852; x_wconf 88' lang='lat' dir='ltr'>et</span> <span class='ocrx_word' id='word_1_782' title='bbox 2331 5794 2591 5851; x_wconf 88' lang='lat' dir='ltr'>absentes</span> <span class='ocrx_word' id='word_1_783' title='bbox 2633 5791 2807 5848; x_wconf 89' lang='lat' dir='ltr'>totius</span> <span class='ocrx_word' id='word_1_784' title='bbox 2859 5788 3113 5845; x_wconf 87' lang='lat' dir='ltr'>Albionis</span> <span class='ocrx_word' id='word_1_785' title='bbox 3157 5787 3354 5845; x_wconf 82' lang='lat' dir='ltr'>incolae</span> <span class='ocrx_word' id='word_1_786' title='bbox 3392 5785 3493 5840; x_wconf 81' lang='lat' dir='ltr'>tri-</span> 
     </span>
    </p>
   </div>
  </div>
