3952 6384
488 375 595 437 103

1485 370 1550 427 Β.
1591 369 2009 429 LANFRANCI
2048 368 2406 429 CANTUAR.
2448 367 2784 429 ARCHIEP.

3659 375 3769 435 £04:

490 500 717 555 nomine
746 499 1026 553 titulatur.
1058 497 1219 561 Quod
1247 496 1295 550 si
1322 496 1716 552 inconveniens
1747 496 2084 553 absurdum-
2102 503 2150 562 Α
2169 515 2296 553 eum
2314 515 2430 553 meo
2452 501 2659 567 spiritu
2681 500 2896 554 tradere
2914 500 3233 568 huiusmodi
3247 501 3469 557 Satanas
3484 502 3762 570 (ibidem).

494 605 602 658 que
628 593 731 654 est,
753 587 928 658 ipsius
957 586 1139 655 magis
1172 601 1294 640 esse
1322 587 1603 640 credenda
1630 591 1735 652 est,
1770 603 1894 657 quae
1921 591 2081 642 tanto
2162 588 2229 642 In
2279 587 2525 641 secunda
2559 604 2690 641 vero
2738 588 3062 655 laudantur,
3097 592 3154 642 et
3195 594 3261 643 ut
3288 591 3472 659 magis
3496 606 3561 644 ac
3580 591 3766 660 magis

496 674 764 729 doctrinae
818 691 931 728 suae
976 674 1155 743 fulget
1208 674 1444 745 eloquio.
1483 675 1593 728 Sed
1632 675 1896 744 quoniam
1935 676 2084 746 apud
2163 676 2458 745 proﬁciant
2489 681 2935 730 commonentur.
2970 677 3182 731 Galatae
3210 694 3342 732 vero
3383 679 3503 747 jam
3551 679 3767 733 nullius

495 763 860 817 Hebraeorum
906 762 1179 816 Ecclesias
1213 762 1372 832 quasi
1419 763 1735 816 destructor
1770 763 1908 833 legis
1946 764 2087 818 falsa
2166 764 2415 819 criminis
2450 769 2785 834 arguuntur,
2817 764 2925 817 nisi
2953 766 3119 834 hujus
3147 770 3370 820 tantum
3428 767 3577 836 quod
3604 768 3769 821 calli-

495 851 809 923 suspicione
838 850 1167 917 habebatur,
1200 851 1374 904 voluit
1409 851 1578 905 tacito
1609 851 1836 905 nomine
1860 852 1930 905 de
1948 853 2087 921 ﬁgu-

494 941 574 995 ris
611 941 751 1011 legis
794 945 852 993 et
878 940 1113 993 veritate
1151 939 1357 993 Christi
1387 940 1622 994 reddere
1667 941 1964 1005 rationem,
2015 956 2088 994 ne

496 1029 688 1083 odium
713 1028 957 1082 nominis
988 1028 1048 1081 in
1075 1027 1259 1081 fronte
1310 1029 1638 1099 prmtitulati
1666 1028 1969 1083 utilitatem
2002 1045 2090 1082 ex-

498 1119 749 1173 cluderet
770 1117 1043 1171 lectionis.
1075 1118 1203 1171 Non
1227 1123 1314 1171 est
1342 1134 1477 1171 sane
1508 1118 1715 1171 mirum
1739 1116 1787 1170 si
1823 1117 2092 1186 eloquen-

499 1206 610 1261 tior
660 1207 916 1260 videatur
941 1206 1000 1259 in
1028 1206 1273 1276 proprio,
1306 1206 1364 1259 id
1393 1211 1497 1271 est,
1547 1204 1801 1270 Hebraeo,
1834 1221 2002 1274 quam
2033 1204 2093 1257 in

501 1296 816 1367 peregrino,
838 1295 897 1348 id
926 1300 1030 1359 est,
1061 1295 1121 1347 in
1150 1295 1361 1356 Graeco,
1414 1310 1523 1363 quo
1565 1299 1778 1347 caetera:
1834 1292 2093 1361 Epistolaz

501 1390 633 1438 sunt
662 1385 900 1454 scriptae,
918 1399 1194 1436 sermone.
1213 1384 1397 1435 Movet
1413 1381 1582 1435 etiam
1601 1381 1892 1451 quosdam,
1922 1396 2096 1450 quare

503 1472 889 1528 Romanorum
912 1471 1160 1540 Epistola
1188 1470 1247 1523 in
1270 1470 1450 1540 primo
1479 1470 1553 1523 sit
1577 1469 1778 1540 posita,
1812 1485 1941 1523 cum
1968 1485 2095 1522 eam

502 1576 617 1614 non
644 1561 826 1630 primo
854 1559 1121 1629 scriptam
1158 1558 1303 1611 ratio
1324 1558 1662 1612 manifestet.
1695 1557 1841 1611 Nam
1864 1558 2010 1611 hanc
2036 1574 2097 1612 se

504 1648 949 1720 proﬁciscentem
998 1646 1447 1715 Hierosolymam
1494 1646 1782 1716 scripsisse
1835 1651 2093 1713 testatur,

505 1753 636 1791 cum
665 1735 984 1790 Corinthios
1020 1740 1077 1787 et
1115 1733 1253 1788 alios
1299 1735 1418 1803 jam
1447 1739 1597 1798 ante,
1630 1739 1694 1787 ut
1720 1734 2097 1788 ministerium

2168 852 2415 905 dissimis
2443 852 2924 923 pseudoapostolis
2955 853 3332 909 crediderunt.
3364 855 3593 925 Ephesii
3630 872 3774 909 sane

2169 940 2326 994 nulla
2370 941 2823 1011 reprehensione,
2856 941 2953 995 sed
2985 942 3165 996 multa
3201 943 3366 997 laude
3413 948 3546 998 sunt
3588 944 3771 1014 digni,

2172 1027 2304 1098 quia
2332 1028 2500 1082 ﬁdem
2529 1028 2891 1099 apostolicam
2943 1036 3325 1086 servaverunt.
3379 1031 3778 1102 Philippenses

2175 1115 2345 1169 etiam
2375 1117 2551 1170 multo
2597 1117 2778 1186 magis
2810 1117 3224 1185 collaudantur,
3274 1120 3371 1190 qui
3424 1136 3528 1173 nec
3575 1120 3779 1174 audire

2176 1204 2401 1274 quidem
2424 1206 2593 1259 falsos
2615 1206 2896 1275 apostolos
2932 1207 3781 1263 voluerunt.Thessalonicenses

2174 1291 2542 1346 nihilominus
2569 1293 2627 1346 in
2663 1292 2879 1348 duabus
2898 1288 3146 1364 epistolis
3176 1296 3329 1349 omni
3374 1297 3541 1350 laude
3586 1313 3785 1368 prose-

2178 1380 2387 1450 quitur,
2407 1396 2472 1434 eo
2502 1381 2650 1450 quod
2679 1397 2791 1435 non
2812 1383 2992 1436 solum
3022 1383 3192 1438 ﬁdem
3224 1384 3612 1439 inconcussam
3651 1402 3786 1439 ser-

2177 1468 2428 1522 vaverint
2454 1468 2725 1537 veritatis,
2756 1470 2853 1523 sed
2871 1471 3041 1525 etiam
3070 1472 3129 1525 in
3152 1474 3541 1543 persecutione
3568 1474 3788 1528 civium

2178 1557 2389 1611 fuerint
2412 1563 2733 1612 constantes
2762 1558 2973 1612 inventi
3000 1561 3077 1629 (II
3102 1562 3249 1614 Thes.
3281 1576 3339 1627 II,
3362 1561 3455 1631 c.).
3489 1561 3789 1616 Colossen-

2180 1662 2268 1698 ses
2297 1650 2489 1699 autem
2519 1645 2659 1699 tales
2685 1652 2865 1711 erant,
2896 1652 2962 1701 ut
2990 1664 3117 1701 cum
3146 1648 3217 1701 ab
3242 1650 3508 1719 Apostolo
3527 1651 3630 1703 visi
3659 1666 3791 1704 cor-

2178 1733 2446 1804 poraliter
2475 1750 2588 1787 non
2609 1734 2864 1801 fuissent,
2887 1736 2993 1788 hac
3020 1736 3186 1790 laude
3215 1737 3371 1806 digni
3398 1738 3784 1794 haberentur:

507 1824 655 1896 quod
698 1840 887 1878 secum
937 1828 1263 1894 portaturus
1293 1829 1432 1888 erat,
1489 1824 1836 1893 colligerent,
1895 1823 2099 1877 litteris
2123 1810 2296 1876 BEtsi
2315 1838 2553 1890 corpore,
2588 1823 2794 1893 inquit,
2824 1826 3013 1877 absens
3043 1840 3188 1890 sum,
3229 1827 3320 1878 sed
3345 1829 3555 1893 spiritu
3607 1829 3794 1880 vobis-

506 1913 837 1967 adhortatus
857 1912 948 1965 sit.
978 1912 1137 1965 Unde
1151 1915 1208 1964 et
1233 1911 1472 1982 intelligi
1519 1912 1745 1982 quidam
1783 1912 1978 1966 volunt
2018 1912 2099 1965 ita

507 2018 701 2057 omnes
751 2000 1016 2072 epistolas
1049 1999 1357 2065 ordinatas,
1414 2005 1480 2054 ut
1537 2000 1722 2070 prima
1773 2004 2094 2071 poneretur,

508 2090 762 2161 quamvis
789 2089 1067 2160 posterior
1100 2089 1272 2143 fuerit
1297 2088 1597 2154 destinata,
1628 2093 1695 2141 ut
1726 2105 1826 2158 per
1850 2088 2099 2157 singulas

509 2179 774 2251 epistolas
818 2177 1087 2248 gradibus
1116 2177 1187 2230 ad
1213 2176 1544 2247 perfectiora
1566 2177 1871 2231 veniretur.
1903 2178 2104 2230 Roma-

508 2285 711 2323 norum
736 2284 980 2337 namque
1008 2266 1260 2337 plerique
1291 2271 1405 2319 tam
1438 2266 1607 2320 rudes
1635 2270 1962 2329 erant,ut4
1990 2281 2104 2319 non

509 2356 890 2427 intelligerent
908 2356 1011 2409 Dei
1040 2372 1100 2409 se
1121 2354 1306 2425 gratia
1333 2359 1392 2409 et
1443 2371 1556 2408 non
1587 2354 1704 2408 suis
1740 2352 1956 2407 meritis
1984 2370 2104 2407 esse

510 2445 771 2509 salvatos,
797 2449 854 2498 et
874 2442 943 2497 ob
972 2444 1077 2497 hoc
1099 2444 1209 2498 duo
1233 2444 1381 2497 inter
1399 2460 1458 2497 se
1486 2442 1676 2513 populi
1696 2441 2101 2496 conﬂictarent.

510 2533 725 2589 Idcirco
745 2532 869 2587 illos
909 2532 1161 2602 indigere
1188 2532 1390 2586 asserit
1416 2531 1636 2601 corrigi,
1660 2531 1796 2584 vitia
1814 2530 2104 2601 gentilita-

510 2622 587 2677 tis
612 2623 802 2692 priora
821 2637 1286 2675 commemorans.
1330 2620 1634 2675 Corinthiis
1657 2624 1847 2673 autem
1867 2621 1988 2689 jam
2025 2618 2109 2671 di-

513 2711 591 2765 cit
620 2709 865 2764 scientiae
892 2709 1137 2779 gratiam
1175 2725 1296 2764 esse
1324 2725 1668 2777 concessam,
1723 2713 1780 2761 et
1829 2723 1943 2760 non
1989 2711 2107 2760 tam

515 2813 710 2851 omnes
755 2795 1028 2867 increpat,
1062 2812 1232 2867 quam
1260 2813 1361 2849 cur
1394 2801 1687 2866 peccantes
1713 2810 1827 2849 non
1857 2795 2108 2865 increpa-

513 2886 697 2940 verint
725 2884 1104 2956 reprehendit,
1134 2884 1280 2940 sicut
1301 2883 1381 2937 ait
1415 2884 1696 2939 :Auditur
1724 2885 1872 2937 inter
1886 2899 1974 2937 vos
1992 2883 2109 2950 for-

516 2977 724 3031 nicatio
740 2974 794 3043 (l
820 2975 939 3030 Cor.
965 2991 1017 3041 v,
1048 2972 1125 3042 ‘2).
1181 2973 1251 3027 Et
1295 2973 1503 3027 iterum
1532 2984 1545 3020 ε
1576 2972 1926 3041 Congregatis
1962 2972 2107 3026 vobis

2180 1926 2306 1964 cum
2364 1927 2509 1975 sum,
2562 1914 2806 1977 gaudens
2871 1918 2921 1964 et
2977 1914 3164 1965 videns
3221 1915 3474 1968 ordinem
3535 1921 3792 1970 vestrum

2184 1999 2313 2066 (σοι.
2344 2011 2402 2060 11,
2436 2001 2535 2067 a.).
2595 1999 2676 2051 De
2705 1998 2954 2053 Hebraeis
2994 2015 3124 2053 vero
3158 2000 3293 2071 quid
3318 2001 3615 2057 dicendum
3642 2009 3733 2058 est
3764 2005 3793 2058 ἰ)

2182 2103 2420 2158 quorum
2475 2086 2999 2141 Thessalonicenses
3057 2088 3153 2157 qui
3208 2089 3513 2159 plurimum
3564 2092 3795 2146 laudati

2184 2181 2334 2240 sunt,
2360 2175 2675 2229 imitatores
2698 2175 2830 2230 facti
2854 2192 2975 2230 esse
3014 2176 3293 2231 dicuntur.
3320 2179 3476 2232 Sicut
3511 2179 3631 2250 ipse
3650 2180 3735 2233 ait
3773 2199 3786 2233 :

2184 2265 2250 2317 Et
2270 2280 2357 2316 vos
2379 2266 2584 2331 fratres
2607 2266 2916 2318 imitatores
2960 2267 3099 2332 facti
3126 2269 3251 2319 estis
3286 2268 3659 2322 Ecclesiarum
3684 2270 3795 2323 Dei

2186 2369 2302 2420 quae
2329 2357 2461 2406 sunt
2491 2353 2555 2406 in
2583 2354 2792 2406 Juda'a.
2820 2353 3027 2407 Eadem
3058 2357 3210 2408 enim
3246 2358 3409 2422 passi
3454 2359 3580 2410 estis
3617 2362 3667 2411 et
3694 2374 3795 2412 vos

2186 2456 2222 2494 a
2241 2442 2645 2494 contribulibus
2670 2444 2882 2505 vestris,
2905 2457 3024 2509 qua
3057 2448 3105 2495 et
3128 2445 3219 2496 illi
3241 2460 3277 2496 a
3294 2444 3498 2499 Judaiis
3530 2446 3587 2512 (Ι
3631 2447 3793 2501 Thes.

2187 2543 2248 2596 II,
2273 2528 2364 2598 c.).
2398 2528 2562 2599 Apud
2592 2528 2742 2600 ipsos
2773 2546 2994 2600 quoque
3027 2531 3290 2585 Hebraeos
3329 2532 3526 2586 eadem
3547 2550 3800 2590 comme-

2186 2621 2372 2669 morat
2399 2616 2590 2670 dicens
2624 2636 2635 2669 :
2670 2619 2815 2671 Nam
2844 2623 2893 2670 et
2917 2622 3116 2673 vinetis
3160 2624 3426 2689 compassi
3442 2625 3585 2689 estis,
3610 2628 3658 2676 et
3688 2640 3800 2678 ra-

2181 2706 2383 2773 pinam
2401 2706 2671 2759 bonorum
2693 2712 2999 2760 vestrorum
3031 2724 3158 2761 cum
3192 2711 3396 2776 gaudio
3454 2715 3797 2782 suscepistis,

2187 2799 2553 2860 cognoscentes
2590 2810 2678 2847 vos
2707 2794 2899 2849 habere
2924 2798 3208 2851 meliorem
3239 2803 3289 2852 et
3310 2805 3627 2854 manentem
3655 2803 3798 2855 sub-

2187 2885 2457 2936 stantiam
2483 2882 2637 2953 (Heb.
2664 2899 2714 2949 x,
2746 2880 2856 2951 34).

959 3283 1246 3344 INCIPIT
1288 3283 1702 3345 PROLOGUS
1747 3283 2143 3345 SPECIALIS
2185 3284 2265 3344 IN
2308 3284 2750 3346 EPISTOLAM
2784 3286 2891 3345 AD
2939 3286 3336 3350 ROMANOS.

591 3583 815 3640 ROMANI
842 3588 974 3636 sunt
997 3579 1093 3653 qui
1121 3597 1186 3635 ex
1206 3580 1412 3637 Iudaeis
1458 3586 1514 3635 et
1554 3580 1827 3637 Gentibus
1850 3580 2102 3637 credide-
2119 3587 2163 3646 Ο
2186 3581 2571 3655 deputemini?
2596 3585 2665 3639 Et
2685 3584 2792 3640 hoc
2823 3584 3006 3655 ipsum
3059 3600 3173 3638 non
3213 3582 3586 3639 merebamini
3624 3603 3634 3637 :
3674 3579 3795 3641 nisi

519 3678 671 3729 runt.
696 3672 766 3725 Hi
795 3670 1035 3743 superba
1063 3674 1417 3725 contentione
1428 3669 1686 3725 volebant
1705 3688 1765 3725 se
1778 3672 2114 3727 alterutrum

520 3776 917 3832 superponere.
951 3760 1097 3813 Nam
1139 3759 1316 3817 Judaei
1334 3758 1592 3813 dicebant
1614 3779 1625 3813 :
1651 3761 1767 3814 Nos
1789 3777 1983 3814 sumus
2012 3778 2113 3832 po-

521 3850 687 3922 pulus
730 3848 857 3915 Dei,
899 3864 1038 3918 quos
1092 3846 1162 3901 ab
1201 3847 1362 3901 initio
1390 3848 1584 3902 dilexit
1601 3852 1659 3902 et
1676 3848 1829 3903 fovit.
1862 3849 1979 3903 Nos
2012 3850 2115 3903 cir-

521 3936 753 3992 cumcisi
783 3952 848 3989 ex
891 3951 1099 4006 genere
1130 3934 1433 4000 Abraham,
1485 3941 1677 3990 sancta
1727 3937 2113 3992 descendimus

522 4043 588 4080 ex
613 4026 806 4095 stirpe,
840 4029 897 4078 et
920 4029 1087 4079 notus
1111 4027 1262 4078 retro
1284 4024 1432 4094 apud
1461 4024 1715 4079 Judzeam
1727 4030 1950 4079 tantum
1964 4026 2114 4081 Deus

521 4114 692 4185 (Psal.
728 4130 889 4179 Lxxv,
915 4111 992 4182 2).
1030 4113 1146 4168 Nos
1160 4112 1229 4166 de
1247 4112 1487 4183 [Egypto
1508 4112 1683 4183 signis
1697 4114 1799 4167 Dei
1817 4118 1874 4168 et
1899 4115 2116 4169 virtuti-

524 4203 629 4257 bus
647 4202 889 4260 liberati.
922 4218 1077 4255 mare
1111 4201 1255 4256 sicco
1292 4201 1755 4271 pertransivimus
1795 4203 1955 4274 pede,
1986 4221 2115 4259 cum

523 4290 781 4345 inimicos
838 4295 1060 4345 nostros
1117 4289 1434 4360 gravissimi
1509 4291 1711 4344 ﬂuctus
1774 4291 2120 4346 involverent

529 4380 715 4449 (Exod.
745 4394 853 4445 x1v,
875 4377 988 4445 22).
1030 4376 1205 4432 Nobis
1222 4377 1368 4448 pluit
1383 4393 1591 4431 manna
1626 4378 1899 4433 Dominus
1939 4380 1997 4433 in
2026 4380 2119 4433 de-

527 4473 698 4534 serto,
734 4472 791 4522 et
809 4466 969 4538 quasi
991 4465 1122 4519 ﬁliis
1145 4465 1262 4520 suis
1281 4466 1503 4520 caeleste
1531 4466 1801 4536 pabulum
1837 4468 2119 4522 ministra-

528 4558 626 4613 vit.
655 4558 769 4610 Nos
807 4555 898 4610 die
919 4559 1199 4625 noctuque
1249 4554 1308 4608 in
1351 4555 1612 4609 columna
1654 4557 1819 4611 nubis
1859 4557 2118 4627 ignisque

528 4644 831 4717 praecessit,
864 4649 933 4698 ut
956 4642 1117 4697 nobis
1146 4642 1205 4696 in
1233 4642 1381 4697 invio
1420 4643 1530 4697 iter
1572 4646 1892 4699 ostenderet
1926 4647 2113 4714 (Exod.

526 4732 669 4803 χιιι).
692 4735 876 4804 Atque
903 4737 967 4787 ut
994 4736 1195 4786 caetera
1217 4732 1339 4802 ejus
1367 4732 1515 4787 circa
1534 4749 1636 4787 nos
1655 4734 1935 4788 immensa
1952 4733 2117 4786 bene-

526 4823 650 4877 ficia
666 4827 971 4888 taceamus,
1004 4838 1106 4875 nos
1125 4820 1228 4875 soli
1253 4822 1409 4892 digni
1434 4822 1645 4876 fuimus
1675 4822 1778 4876 Dei
1804 4824 1987 4892 legem
2023 4838 2117 4876 ac-

2197 3673 2328 3744 quia
2356 3674 2515 3742 larga
2547 3690 2769 3744 semper
2787 3675 2889 3728 Dei
2920 3673 3218 3727 clementia
3235 3673 3412 3728 voluit
3438 3690 3533 3729 vos
3562 3673 3633 3728 ad
3660 3691 3797 3729 nos-

2194 3767 2341 3815 tram
2371 3761 2744 3816 imitationem
2773 3762 3089 3816 admittere.

2267 3852 2474 3906 Gentes
2503 3851 2673 3905 etiam
2694 3868 2727 3906 e
2761 3851 3041 3905 contrario
3077 3851 3489 3922 respondebant
3521 3869 3532 3903 :
3565 3850 3796 3913 Quanto

2196 3941 2415 4010 majora
2470 3957 2603 4009 erga
2625 3956 2721 3993 vos
2750 3939 2852 3994 Dei
2879 3938 3152 3993 beneﬁcia
3204 3938 3586 4004 narraveritis,
3626 3943 3796 3992 tanto

2195 4027 2427 4097 majoris
2447 4044 2541 4081 vos
2558 4026 2807 4080 criminis
2836 4043 2962 4080 reos
2977 4043 3098 4081 esse
3118 4027 3519 4081 monstrabitis.
3553 4027 3797 4095 Semper

2197 4115 2349 4169 enim
2393 4116 2482 4169 his
2504 4115 2763 4169 omnibus
2792 4115 3051 4169 extitistis
3077 4115 3304 4185 ingrati.
3338 4117 3485 4170 Nam
3530 4114 3665 4185 ipsis
3694 4131 3796 4183 pe-

2198 4204 2381 4270 dibus,
2411 4203 2611 4275 quibus
2633 4203 2853 4257 aridum
2875 4220 3029 4258 mare
3049 4204 3350 4271 transistis,
3368 4203 3644 4257 ludebatis
3656 4207 3796 4256 ante

2198 4292 2348 4346 idola
2376 4309 2497 4362 quae
2525 4292 2732 4346 fecistis
2759 4309 2769 4345 :
2803 4298 2860 4345 et
2880 4293 2939 4346 in
2958 4293 3080 4363 ipso
3101 4310 3197 4347 ore
3222 4310 3331 4364 quo
3354 4292 3519 4363 paulo
3549 4296 3680 4345 ante
3719 4291 3796 4344 ob

2197 4396 2391 4433 necem
2421 4379 2869 4434 adversariorum
2892 4381 3129 4435 Domino
3160 4378 3796 4445 cantaverat‘is,simula-

2199 4484 2295 4522 cra
2311 4467 2465 4522 vobis
2495 4468 2617 4521 ﬁeri
2656 4469 2958 4540 poposcitis
2989 4483 3001 4517 :
3032 4470 3143 4523 illis
3173 4469 3365 4535 oculis,
3399 4467 3599 4539 quibus
3628 4482 3796 4520 vene-

2199 4558 2376 4611 rando
2412 4558 2591 4612 Deum
2618 4558 2679 4612 in
2710 4557 2858 4612 nube
2889 4558 2972 4612 vel
2999 4557 3128 4628 igne
3165 4557 3484 4628 conspicere
3526 4554 3793 4610 solebatis

2202 4646 2396 4712 (Exod.
2471 4651 2662 4716 xxxn),
2746 4647 3048 4701 simulacra
3123 4645 3514 4700 intuebamini.
3584 4644 3797 4698 Manna

2199 4752 2421 4806 quoque
2482 4736 2634 4790 vobis
2697 4736 2920 4791 fastidio
2973 4737 3083 4791 fuit
3156 4737 3354 4807 (Ibid),
3436 4741 3495 4789 et
3569 4749 3796 4803 semper

2197 4824 2257 4878 in
2317 4825 2539 4887 deserto
2608 4830 2804 4879 contra
2857 4824 3165 4879 Dominum
3224 4823 3639 4887 murmurastis,
3717 4823 3794 4876 ad

525 4911 730 4982 cipere,
765 4927 953 4965 vocem
984 4910 1086 4965 Dei
1115 4911 1394 4981 loquentis
1430 4911 1625 4965 audire
1649 4913 1818 4977 (Rom.
1845 4914 1950 4975 In),
1974 4910 2521 4994 ejus-DZEgyptum,
2553 4914 2704 4967 unde
2729 4930 2825 4967 vos
2853 4930 3025 4969 manu
3062 4913 3245 4967 valida
3290 4914 3549 4983 ejecerat,
3606 4910 3794 4965 redire

527 5015 637 5070 que
670 5016 1005 5070 cognoscere
1033 5000 1397 5053 voluntatem.
1425 5000 1491 5053 In
1527 5016 1638 5069 qua
1656 5000 1779 5068 lege
1804 4997 1966 5052 nobis
1994 5015 2121 5068 pro-

529 5087 737 5142 missus
766 5092 854 5142 est
882 5087 1155 5153 Christus,
1188 5087 1259 5141 ad
1284 5104 1423 5159 quos
1456 5088 1627 5142 etiam
1669 5087 1788 5158 ipse
1816 5103 1875 5140 se
1903 5085 2120 5141 venisse

526 5182 769 5233 testatus
791 5180 897 5244 est,
919 5176 1106 5230 dicens
1139 5194 1151 5230 :
1179 5177 1302 5231 Non
1328 5179 1455 5230 veni
1484 5178 1599 5230 nisi
1619 5177 1693 5230 ad
1729 5191 1845 5229 oves
1874 5191 1991 5244 qua
2030 5191 2121 5244 pe-

528 5270 753 5321 rierunt
798 5267 993 5319 domus
1030 5267 1202 5319 Israel
1246 5266 1465 5328 (Matth.
1497 5267 1624 5331 xv);
1660 5279 1788 5317 cum
1825 5280 1923 5317 vos
1953 5280 2119 5318 canes

529 5355 718 5426 potius
747 5370 916 5425 quam
944 5354 1199 5409 homines
1224 5352 1604 5425 appellaverit.
1635 5352 1955 5422 Equumne
1982 5370 2114 5424 ergo

531 5447 619 5497 est
638 5448 719 5505 ut,
755 5443 905 5496 idola
942 5442 1107 5497 hodie
1151 5439 1702 5511 deserentes,quibus
1744 5440 1812 5494 ab
1838 5441 1997 5496 initio
2026 5442 2120 5496 de-

534 5531 804 5596 servistis,
837 5531 996 5585 nobis
1025 5529 1429 5602 comparemini
1462 5548 1473 5582 :
1508 5534 1565 5582 et
1612 5545 1725 5582 non
1771 5529 1959 5600 potius
1997 5548 2121 5601 pro-

538 5618 848 5690 selytorum
870 5619 1054 5675 locum
1066 5619 1281 5691 exlegis
1304 5616 1637 5673 auctoritate
1649 5623 1707 5673 et
1719 5620 2122 5677 consuetudine

2200 5003 2506 5072 Cupientes.
2552 5002 2698 5065 Quid
2731 5002 2940 5072 plura?
2990 5003 3078 5056 Ita
3132 5007 3317 5073 patres
3372 5000 3543 5055 vestri
3593 4998 3794 5053 crebra

2200 5091 2590 5160 provocatione
2622 5090 2923 5144 Dominum
2950 5090 3330 5156 irritaverunt,
3379 5095 3442 5144 ut
3493 5104 3685 5143 omnes
3731 5088 3795 5143 in

2202 5195 2389 5233 eremo
2418 5183 2793 5246 morerentur,
2846 5195 2948 5233 nec
3002 5179 3128 5249 plus
3157 5196 3221 5234 ex
3250 5177 3561 5232 senioribus
3593 5193 3795 5232 eorum

2202 5283 2370 5338 quam
2392 5266 2503 5321 duo
2523 5267 2781 5321 homines
2800 5272 3013 5321 terram
3045 5264 3494 5337 repromissionis
3513 5264 3797 5320 intrarent

2203 5358 2392 5423 (Nam.
2445 5356 2573 5424 XIV).
2637 5356 2745 5410 Sed
2794 5357 2929 5427 quid
2979 5355 3212 5426 antiqua
3257 5354 3610 5424 replicamus,
3663 5369 3795 5409 cum

2202 5444 2371 5499 etiam
2403 5443 2449 5496 si
2477 5443 2574 5497 illa
2597 5443 2828 5498 minime
2845 5444 3133 5501 fecissetis.
3158 5443 3227 5496 de
3250 5442 3353 5495 hoc
3378 5442 3494 5496 solo
3513 5456 3678 5495 nemo
3694 5458 3793 5496 vos

2203 5533 2400 5603 dignos
2420 5532 2581 5586 venia
2600 5533 2898 5603 judicaret,
2946 5533 3095 5604 quod
3119 5531 3421 5585 Dominum
3480 5531 3787 5598 Christum,

2204 5622 2610 5694 prophetarum
2633 5639 2855 5697 semper
2882 5622 3036 5677 vobis
3084 5619 3310 5676 vocibus
3363 5618 3787 5692 repromissum,
