3952 6388
159 319 256 376 105

870 319 946 374 ΙΝ
984 318 1052 374 Ι).
1093 319 1308 373 PAULI
1351 317 1581 373 EPIST.
1623 317 1997 372 COMMENT.
2041 349 2105 359 —
2145 319 2369 375 EPIST.
2409 322 2506 376 AD
2546 321 2720 376 ROM.

3322 327 3428 388 106

152 460 262 499 non
291 443 484 498 solum
512 443 799 514 suscipere
821 443 1098 510 noluistis,
1121 442 1220 498 sed
1235 442 1407 497 etiam
1427 446 1607 496 morte
1631 457 1758 512 pes-
1774 445 2157 512 Aterponens,
2179 443 2262 497 ita
2281 445 2532 515 partium
2553 445 2770 500 dirimit
2798 445 3158 518 quaestiones,
3189 455 3254 506 ut
3283 468 3430 510 neu-

154 533 293 586 sima
320 529 688 603 peremistis?
718 533 898 596 Quem
918 549 1020 587 nos
1048 538 1112 587 ut
1149 531 1529 602 cognovimus,
1563 531 1755 584 statim
1837 535 1990 585 trum
2006 547 2199 586 eorum
2213 549 2315 587 sua
2324 534 2547 603 justitia
2567 536 2806 589 salutem
2822 538 3095 593 meruisse
3115 542 3430 608 conﬁrmet,

156 619 520 685 credidimus,
552 637 677 675 cum
707 620 871 674 nobis
901 621 970 674 de
995 638 1060 676 eo
1089 626 1256 674 antea
1285 636 1398 674 non
1422 619 1593 672 fuerit
1619 636 1757 690 prae-
1837 619 2030 673 ambos
2057 635 2189 674 vero
2216 623 2453 692 populos
2477 629 2534 678 et
2552 623 2791 679 scienter
2819 631 2876 679 et
2899 628 3148 696 graviter
3165 629 3434 702 deliquis—

157 709 424 763 dicatum.
448 709 615 765 Unde
644 709 916 780 probatur
942 710 1091 780 quod
1120 709 1213 779 [si]
1240 707 1403 762 idolis
1431 707 1756 762 servivimus
1837 724 1916 762 se.
1949 709 2171 763 Judazos
2193 711 2442 780 quidem,
2475 712 2622 782 quod
2652 731 2753 784 per
2798 717 3310 784 praevaricationem
3362 721 3438 774 le-

159 815 266 852 non
278 797 651 852 obstinationi
664 799 989 865 mentis,sed
1005 797 1337 868 ignorantiae
1352 797 1755 866 deputandum.

160 887 263 950 Qui
292 887 447 941 enim
467 887 758 957 cognitum
785 887 929 941 illico
960 887 1269 958 sequimur,
1291 885 1425 938 olim
1456 884 1651 954 utique
1672 902 1761 939 se-

160 993 486 1047 queremur,
519 975 568 1029 si
594 981 766 1029 antea
803 975 1270 1046 cognovissemus.
1320 974 1410 1027 Sic
1451 981 1640 1030 autem
1668 990 1763 1028 vos

160 1065 228 1118 de
265 1064 496 1134 generis
538 1064 834 1118 nobilitate
863 1065 1112 1134 jactatis,
1174 1065 1334 1135 quasi
1380 1083 1494 1120 non
1543 1079 1765 1118 morum

161 1153 404 1207 imitatio
458 1151 644 1222 magis
695 1169 865 1222 quam
910 1153 1150 1207 carnalis
1200 1153 1465 1208 nativitas
1495 1153 1640 1208 ﬁlios
1670 1168 1766 1205 vos

164 1242 330 1296 faciat
359 1257 486 1295 esse
513 1245 857 1294 sanctorum.
882 1241 1133 1312 Denique
1162 1242 1307 1296 Esau
1329 1248 1386 1296 et
1413 1242 1618 1296 Ismael
1639 1257 1768 1294 cum

165 1332 232 1384 de
260 1331 440 1401 stirpe
471 1329 590 1383 sint
614 1328 872 1396 Abrahae,
900 1329 1132 1384 minime
1147 1335 1337 1384 tamen
1367 1331 1425 1385 in
1453 1331 1582 1384 ﬁliis
1608 1345 1770 1400 repu-

166 1426 383 1474 tantur.

238 1507 342 1561 His
359 1507 555 1562 taliter
581 1505 1000 1573 altercantibus,
1020 1507 1321 1578 Apostolus
1348 1523 1408 1562 se
1423 1507 1665 1561 medium
1688 1504 1771 1558 in—

1843 797 1931 866 gis
1969 797 2148 851 Deum
2188 798 2649 854 inhonoraverint
2675 824 2686 858 :
2714 803 2921 856 Gentes
2951 821 3098 871 vero,
3129 808 3279 876 quod
3308 825 3439 863 cum

1846 885 2135 954 cognitum
2181 887 2251 940 de
2282 894 2542 942 creatura
2589 895 2901 945 creatorem
2929 898 2996 946 ut
3021 893 3203 948 Deum
3229 895 3441 950 debue-

1847 978 1978 1026 rant
1996 974 2269 1040 venerari,
2299 975 2536 1044 gloriam
2568 977 2690 1046 ejus
2733 977 2792 1030 in
2837 980 3158 1034 manufacta
3187 989 3440 1038 mutave-

1848 1060 1964 1113 rint
2009 1061 2329 1116 simulacra.
2386 1064 2662 1134 Utrosque
2721 1066 2892 1119 etiam
2922 1067 3182 1123 similiter
3217 1072 3444 1125 veniam

1849 1155 2196 1214 consecutos,
2231 1153 2474 1222 aequales
2500 1170 2621 1206 esse
2649 1154 2942 1208 verissima
2968 1157 3188 1212 ratione
3216 1159 3446 1214 demon-

1850 1243 2011 1304 strat,
2044 1244 2101 1292 et
2129 1241 2440 1310 praesertim
2461 1257 2589 1294 cum
2617 1241 2674 1295 in
2703 1243 2899 1296 eadem
2945 1243 3068 1314 lege
3115 1248 3447 1317 praedictum

1852 1327 1925 1380 sit
1954 1333 2008 1380 et
2033 1328 2255 1382 Judaeos
2294 1333 2350 1382 et
2367 1334 2566 1398 gentes
2595 1330 2666 1383 ad
2696 1331 2903 1385 Christi
2953 1333 3123 1388 ﬁdem
3171 1337 3447 1389 vocandos

1853 1432 1974 1469 esse
2000 1417 2276 1471 ostendat.
2305 1417 2680 1480 Quamobrem
2712 1419 2956 1474 vicissim
2994 1439 3088 1476 eos
3117 1423 3448 1494 humilians,

1851 1503 1924 1556 ad
1954 1520 2149 1574 pacem
2178 1511 2238 1558 et
2263 1506 2616 1560 concordiam
2646 1508 2993 1564 cohortatur.

171 1801 236 1861 ο
263 1795 328 1848 Β.
363 1796 760 1851 LANFRANCI
783 1798 847 1850 in
878 1795 1145 1864 Epistolas
1186 1797 1249 1848 D.
1293 1797 1462 1848 Pauli
1503 1795 1843 1858 Commen-B
1861 1789 2109 1843 cundum
2137 1789 2392 1845 ordinem
2413 1790 2850 1861 Melchisedech;
2893 1810 3000 1850 nec
3033 1811 3260 1851 necesse
3287 1797 3453 1853 foret.

246 1868 533 1944 tartarum
562 1865 903 1944 menzz'ztit_§'.
936 1869 1230 1944 AnssLiiUs
1281 1867 1358 1920 lib
1413 1880 1454 1932 Ι,
1497 1867 1651 1934 θρίδιο
1712 1865 1777 1918 57
1857 1880 1995 1934 Cum
2024 1879 2176 1944 esset,
2210 1883 2318 1932 etc.
2342 1879 2451 1932 Sed
2482 1880 2740 1935 Christus
2770 1887 2858 1936 est
2888 1883 3161 1938 Sacerdos
3201 1885 3262 1939 in
3289 1890 3456 1940 aiter—

248 1940 310 1990 in
341 1940 474 2004 ﬁne,
505 1939 747 1992 scribens
788 1939 961 1991 eidem
988 1939 1324 2005 Lan/‘ranco.

248 2025 531 2096 Epistolas
557 2027 621 2080 B.
668 2025 830 2079 Pauli
873 2030 1058 2080 vestro
1095 2025 1361 2079 mandato
1408 2023 1646 2079 libenter
1677 2041 1782 2094 pa-

179 2119 369 2169 rentes
424 2114 582 2169 vobis
633 2114 912 2169 mittimus
945 2133 956 2166 :
990 2115 1087 2168 sed
1117 2113 1383 2185 quoniam
1426 2114 1574 2184 quod
1606 2114 1666 2167 in
1695 2131 1785 2168 eo-

180 2205 307 2258 dem
335 2205 530 2258 codice
549 2205 620 2258 de
646 2210 831 2259 vestro
855 2221 1022 2275 opere
1042 2209 1150 2274 est,
1181 2203 1312 2258 alibi
1346 2219 1459 2257 non
1489 2202 1778 2266 habemus,

182 2294 319 2347 satis
339 2295 487 2348 scire
515 2294 750 2365 potestis
779 2294 912 2365 quid
938 2311 1034 2350 vos
1081 2293 1384 2364 aliquando
1434 2292 1648 2346 factum
1701 2292 1784 2346 ire

183 2382 594 2437 desideremus.

185 2471 413 2536 Ptruns
437 2473 786 2527 LouBAunUs
813 2488 866 2526 ΙΝ
905 2485 1211 2527 EPISTOLAM
1257 2472 1330 2524 ad
1360 2471 1622 2535 Hebraeos,
1665 2485 1784 2538 cap.

585 2557 706 2608 VIII,
738 2546 870 2597 citat
897 2545 956 2600 Β.
988 2544 1392 2610 Lanfrancum.

255 2630 345 2684 Ad
377 2630 499 2685 haec
523 2629 694 2685 verba
724 2632 795 2698 (si
819 2645 944 2699 ergo
963 2637 1090 2685 esset
1109 2647 1272 2700 super
1284 2636 1514 2695 terram,
1537 2645 1634 2683 nec
1661 2633 1795 2688 esset,

187 2721 459 2783 sacerdos,
491 2721 645 2787 etc.).
679 2719 851 2783 Quasi
879 2719 1030 2774 dicat
1057 2738 1068 2772 :
1095 2719 1172 2773 Et
1199 2719 1332 2790 quia
1377 2718 1560 2772 omnis
1605 2734 1790 2771 sacer-

189 2809 292 2864 dos
309 2809 504 2874 oﬂ‘ert;
539 2825 672 2878 ergo
703 2807 752 2861 si
771 2813 918 2862 esset
941 2808 1143 2879 aliquis
1164 2825 1333 2878 super
1360 2812 1588 2872 terram,
1620 2806 1678 2860 id
1707 2811 1793 2860 est

190 2898 239 2951 si
257 2903 412 2951 esset
423 2896 631 2966 aliquis
643 2902 900 2952 terrenus
921 2897 1299 2967 sacerdos,qui
1310 2901 1501 2967 posset
1518 2895 1792 2950 mundare

189 3003 374 3058 genus
389 2986 831 3052 humanum,nec
845 2991 992 3041 esset
1000 2987 1202 3058 aliquis
1218 2986 1475 3040 sacerdos
1487 2985 1795 3039 secundum

1855 1982 2012 2031 num,
2046 1981 2159 2018 non
2186 1966 2376 2020 Aaron
2390 1986 2418 2021 .:
2439 1969 2628 2022 Aaron
2674 1970 2847 2038 enim,
2879 1971 3016 2043 quia
3041 1978 3299 2029 mortuus
3350 1980 3455 2042 est,

1856 2071 1970 2108 non
1991 2059 2080 2108 est
2099 2055 2394 2109 sacerdos:
2428 2057 2686 2111 Christus
2716 2075 2866 2126 vero,
2925 2061 3026 2130 qui
3076 2062 3226 2128 vivit,
3259 2063 3461 2134 sempi-

1865 2147 2061 2196 ternus
2081 2148 2168 2197 est
2194 2144 2474 2211 sacerdos,
2507 2162 2618 2200 non
2646 2147 2776 2200 talis
2824 2149 3018 2218 quales
3065 2156 3199 2204 sunt
3239 2151 3464 2206 umbra-

1865 2231 1965 2286 tile
2021 2232 2395 2286 sacerdotium
2444 2240 2727 2304 gerentes.
2772 2236 2874 2290 Vel
2913 2237 2996 2291 ita
3027 2257 3040 2291 :
3071 2239 3139 2295 Si
3163 2257 3310 2308 ergo,
3337 2245 3458 2301 etc.

1867 2321 2032 2374 Ratio
2087 2321 2178 2374 hic
2226 2321 2541 2376 ostenditur
2588 2340 2690 2378 cur
2741 2325 2998 2380 Christus
3045 2343 3106 2380 se
3147 2328 3461 2383 obtulerit:

1869 2411 2043 2473 Quasi
2071 2409 2223 2465 dicat
2255 2429 2266 2464 :
2298 2412 2536 2465 Necesse
2567 2418 2653 2466 est
2681 2413 2967 2468 Christum
2995 2415 3206 2486 aliquid
3240 2418 3465 2484 oﬁ'erre,‘

1869 2515 2002 2568 ergo
2023 2498 2288 2568 seipsum,
2318 2506 2375 2554 et
2401 2517 2529 2555 vere
2555 2517 2780 2556 necesse
2825 2509 2910 2558 est
2946 2509 3012 2558 ut
3061 2506 3259 2559 offerat
3283 2526 3300 2561 :
3335 2507 3470 2578 quia

1871 2588 1977 2641 etsi
2004 2593 2153 2642 esset
2179 2605 2349 2659 super
2386 2594 2616 2655 terram,
2672 2592 2822 2661 quod
2869 2609 2971 2663 pro
3014 2600 3241 2664 peccato
3293 2596 3469 2651 totius

1872 2676 2068 2730 mundi
2097 2676 2264 2746 digne
2290 2683 2480 2747 posset
2498 2678 2706 2747 olferri,
2739 2697 2852 2734 non
2880 2687 3029 2736 esset
3055 2688 3248 2738 tamen
3283 2702 3469 2741 sacer-

1875 2766 1976 2819 dos
2004 2765 2205 2819 oll‘erre
2233 2766 2455 2836 dignus.

2192 2875 2328 2926 Item
2358 2876 2539 2928 eodem
2583 2880 2754 2943 capite
2785 2881 2958 2945 paulo
2981 2885 3102 2947 post
3128 2894 3150 2934 :

1947 2979 2033 3031 Ad
2062 2979 2200 3045 haec,
2235 2995 2361 3032 cum
2401 2987 2568 3034 essent
2605 2985 2703 3049 qui
2731 2985 2989 3048 o/I‘errent
3020 3001 3260 3040 munera
3285 3003 3474 3043 secun-

195 3074 456 3129 ordinem
476 3074 884 3129 Melchisedech
899 3093 912 3143 ;
929 3091 1055 3129 cum
1069 3075 1207 3128 satis
1221 3079 1411 3128 essent
1426 3073 1799 3144 quioﬂ‘errent
1816 3127 1856 3151 η
1881 3068 2016 3120 dum
2038 3070 2226 3134 legem.
2251 3067 2447 3121 Restat
2469 3084 2601 3138 ergo
2630 3075 2706 3123 ut.
2724 3070 2841 3140 ipse
2863 3087 2924 3125 se
2953 3073 3169 3141 offerat,
3200 3079 3257 3128 et
3283 3077 3363 3130 sic
3390 3076 3476 3131 in-

196 3179 414 3217 munus
431 3163 954 3233 secundumlegem,
973 3164 1031 3218 id
1050 3168 1155 3230 est,
1179 3163 1275 3234 qui
1296 3160 1794 3231 oiferrentlegalia.
1815 3131 1858 3186 θ
1881 3160 2067 3211 troeat
2093 3155 2153 3209 in
2183 3155 2454 3210 interiora
2478 3157 2621 3210 coeli.
2651 3160 2774 3224 Qui,
2811 3164 2938 3227 etc.,
2971 3168 3159 3216 essent
3191 3163 3288 3234 qui
3317 3165 3481 3220 offer-

197 3253 308 3306 Sed
341 3251 477 3321 quia
503 3251 585 3305 illi
605 3252 873 3306 mortales
901 3258 1080 3318 erant,
1125 3257 1183 3306 et
1206 3256 1544 3322 peccatores,
1589 3254 1646 3304 et
1673 3248 1799 3304 ideo
1880 3249 2009 3299 rent
2029 3261 2282 3311 munera,
2317 3244 2460 3311 dico,
2495 3246 2630 3316 quid
2677 3248 2818 3302 tales
2864 3248 3203 3318 deserviunt,
3260 3251 3321 3306 id
3367 3259 3476 3322 est,

196 3340 479 3394 mundare
503 3341 813 3394 humanum
834 3358 1013 3411 genus
1036 3357 1150 3395 non
1176 3341 1444 3404 valentes,
1474 3338 1628 3392 venit
1649 3338 1798 3391 chri-
1882 3334 2045 3403 plene
2065 3333 2335 3398 serviunt,
2377 3335 2681 3405 exemplari
2711 3336 2767 3390 id
2798 3342 2885 3391 est
2914 3339 3127 3408 figurae.
3160 3341 3250 3408 Et,
3286 3359 3388 3412 pro
3417 3342 3479 3399 id

199 3433 322 3483 stus
338 3429 438 3498 qui
453 3428 860 3482 sufﬁceret.Vel
871 3429 970 3496 ita;
991 3429 1209 3496 Siergo,
1232 3426 1676 3492 etc.Quasidicat
1698 3444 1710 3477 :
1731 3425 1801 3479 Et
1884 3426 1986 3486 est,
2014 3421 2228 3475 umbrae
2253 3422 2562 3476 coelestium
2593 3425 3010 3495 mysteriorum.
3053 3429 3316 3484 Coelestia
3342 3431 3481 3486 dicit

198 3517 336 3588 quia
355 3517 615 3571 Christus
629 3517 1601 3588 constituituradoﬂ‘erendum:ergo
1618 3514 1701 3568 vel
1718 3519 1799 3567 est
1883 3510 2206 3576 Ecclesiam.
2244 3512 2404 3580 cujus
2433 3528 2563 3581 Pars
2592 3512 2650 3566 in
2671 3514 2824 3568 caelis
2853 3532 3118 3585 regnans,
3149 3535 3280 3588 pars
3317 3537 3481 3576 secu-

197 3606 584 3670 terrenus,vel
597 3607 840 3660 caelestis
853 3605 1510 3671 sacerdos;sedterrenus
1522 3620 1651 3668 non,
1670 3602 1803 3673 quia
1883 3603 2014 3652 tura
2056 3599 2450 3670 peregrinatur
2478 3599 2537 3654 in
2573 3601 2761 3656 terris.
2812 3604 3108 3676 Exemplar
3155 3613 3365 3674 autem,
3421 3615 3481 3665 et

202 3694 413 3748 siesset
426 3710 596 3764 super
607 3695 902 3761 terram,id
913 3701 1017 3749 est:
1040 3695 1088 3748 si
1103 3700 1363 3748 terrenus
1377 3698 1527 3747 esset
1538 3691 1802 3763 pontifex,
1889 3687 2120 3741 umbras
2139 3688 2275 3742 dicit
2304 3689 2529 3758 figuras,
2565 3706 2686 3760 quae
2716 3693 3000 3764 exemplar
3019 3701 3170 3763 sunt,
3198 3703 3256 3751 et
3287 3714 3478 3754 exem-

203 3787 272 3835 ut
288 3783 499 3848 Aaron,
520 3799 624 3836 nec
649 3788 799 3837 esset
819 3783 1012 3854 utique
1040 3783 1299 3838 sacerdos
1323 3781 1381 3835 in
1407 3786 1682 3835 aeternum
1724 3796 1808 3833 se-
1889 3776 2044 3846 plum
2057 3781 2314 3846 respectu
2330 3775 2676 3830 diversarum
2698 3795 2907 3833 rerum.

189 3930 1921 3957 Μ

1921 3929 3458 3960 W

209 4055 266 4115 α
349 4039 1017 4134 EPISTOLA
1091 4041 1204 4136 B.
1282 4039 1699 4133 PAULI
1775 4034 2453 4132 APOSTOLI
2529 4037 2718 4129 AD
2789 4039 3476 4157 ROMANOS,

656 4186 1090 4250 GLOSSULA
1155 4185 1706 4249 INTERJECTA
1779 4185 1862 4246 Β.
1935 4183 2437 4247 LANFRANCI
2499 4183 3037 4253 EXPLANATA.

1549 4383 1782 4438 CAPUT
1821 4380 2126 4436 PRIMUM.

284 4484 312 4541 1
338 4485 551 4544 Paulus
580 4505 776 4546 servus
804 4487 937 4546 Jesu
969 4489 1198 4546 Christi.
1232 4487 1286 4549 2.
1316 4495 1548 4546 vocatus
1578 4491 1884 4562 apostolus.
1915 4489 1964 4546 3.
1995 4491 2323 4560 segregatus
2335 4484 2393 4541 in
2418 4484 2786 4561 Evangelium
2801 4491 2903 4547 Dei
2919 4500 3280 4562 (commendat
3297 4503 3481 4561 Eran-

1548 4595 2142 4652 COMMENTARIUS.

281 4699 668 4755 Lsxrmcus.
706 4702 954 4774 Epistola
973 4705 1090 4760 haec
1116 4704 1345 4776 ponitur
1358 4705 1803 4776 prima,propter
1822 4715 1871 4772 1)
1890 4701 2226 4758 humilitatis
2254 4718 2461 4756 nomen
2491 4707 2596 4756 est.
2637 4704 2847 4759 Paulus
2875 4712 3174 4780 posmuam
3204 4716 3482 4776 adductus

211 4788 491 4843 honorem
520 4788 779 4858 civitatis,
809 4792 870 4848 in
899 4810 1010 4865 qua
1034 4795 1340 4866 primatum
1360 4793 1532 4848 totius
1557 4793 1812 4848 Ecclesia:
1893 4797 1980 4846 est
2005 4791 2076 4844 ad
2104 4789 2455 4860 Magistrum,
2490 4790 2585 4861 qui
2605 4790 2687 4844 ait
2717 4809 2730 4844 :
2763 4793 2962 4848 Discite
2989 4813 3025 4849 a
3055 4815 3160 4866 me,
3180 4807 3312 4870 quia
3330 4811 3484 4863 mitis

211 4877 393 4931 voluit
419 4894 544 4933 esse
563 4879 732 4934 Deus.

285 4966 449 5020 CAP.
465 4966 606 5023 I.—l
619 5009 631 5020 .
650 4961 1009 5025 A‘UGUSTINUS
1028 4973 1110 5041 (ea:
1119 4988 1366 5027 sermone
1385 4975 1458 5028 De
1470 4975 1813 5027 conversione

212 5054 270 5108 S.
295 5054 488 5120 Pauli,
525 5071 646 5127 cap.
696 5058 749 5122 4,
783 5062 920 5112 tom.
951 5061 1042 5126 X).
1107 5063 1316 5115 Paulus
1368 5077 1554 5115 servus
1611 5061 1816 5115 Christi

210 5144 361 5197 Iesu.
405 5143 545 5198 Erat
599 5144 734 5200 Saul
781 5164 878 5201 rex
930 5149 1228 5220 pessimus,
1271 5154 1596 5221 persecutor
1638 5149 1816 5202 sancti

213 5230 363 5285 servi
411 5232 516 5286 Dei
556 5233 751 5302 David,
805 5241 861 5290 et
908 5237 1046 5309 ipse,
1089 5239 1137 5293 si
1177 5239 1531 5305 meministis,
1567 5238 1635 5291 de
1666 5237 1817 5292 tribu

214 5319 540 5391 Benjamin.
574 5323 712 5378 Inde
749 5324 856 5379 iste
885 5327 1088 5382 Saulus
1127 5328 1293 5382 ducto
1348 5345 1538 5382 secum
1590 5327 1820 5380 tramite

215 5409 611 5476 saeviendi,sed
627 5411 686 5466 in
703 5413 913 5468 saevitia
940 5431 1052 5470 non
1081 5433 1503 5488 permansurus.
1535 5415 1737 5470 Postea
1774 5415 1820 5470 si

217 5498 426 5554 Saulus
465 5516 502 5554 a
547 5501 736 5569 Saule,
765 5503 974 5560 Paulus
1004 5506 1156 5560 unde
1174 5507 1200 5560 ?
1220 5507 1423 5561 Saulus
1447 5523 1480 5560 a
1500 5523 1632 5576 rege
1657 5521 1820 5562 saevo.

217 5588 362 5644 Cum
393 5588 692 5661 superbus,
728 5607 856 5647 cum
885 5594 1137 5662 saeviens,
1167 5612 1293 5651 cum
1323 5596 1500 5650 caedes
1529 5595 1820 5650 anhelans.

219 5673 431 5735 Paulus
460 5685 656 5736 autem
674 5681 828 5736 unde
850 5683 876 5736 7
903 5683 1131 5754 Paulus,
1163 5685 1296 5756 quia
1324 5684 1596 5752 modicus,
1620 5684 1826 5740 Paulus

463 5779 741 5844 ΡΑτιιοι.
789 5779 912 5845 CL.

1892 4897 2019 4934 sum
2045 4885 2093 4933 et
2120 4881 2352 4933 humilis
2373 4880 2550 4933 corde.
2597 4880 2738 4934 Cum
2785 4881 2994 4938 Paulus
3039 4894 3336 4956 proconsul
3386 4912 3488 4966 per

1897 4969 2019 5037 ejus
2043 4967 2306 5021 militiam
2328 4966 2606 5021 debellata
2630 4968 2909 5039 superbia,
2932 4972 3035 5026 sub
3050 4974 3161 5030 leni
3179 4979 3318 5050 jugo
3332 4983 3490 5039 Chri-

1897 5057 1971 5110 sti
1993 5056 2197 5111 missus
2227 5061 2392 5121 esset,
2435 5055 2584 5126 regis
2612 5057 2804 5125 magni
2835 5061 3190 5128 provincialis
3235 5070 3482 5140 effectus,

1898 5146 2019 5216 ipse
2051 5161 2271 5217 quoque
2300 5161 2365 5198 ex
2391 5143 2577 5214 priore
2606 5144 2774 5198 Saulo
2817 5147 3026 5202 Paulus
3051 5153 3236 5207 vocari
3277 5160 3490 5214 amavit

1901 5234 1971 5288 ob
2000 5240 2117 5288 tam
2149 5248 2420 5304 magnum
2447 5231 2667 5301 insigne
2695 5233 2959 5290 victoriae.

1970 5322 2025 5379 2.
2066 5324 2451 5378 LANFRANCUS.
2497 5323 2734 5377 Vocatus.
2763 5323 2862 5377 Vel
2910 5323 2984 5378 ab
3021 5325 3362 5398 hominibus,
3403 5335 3490 5390 vel

1903 5429 1937 5468 a
1963 5413 2098 5467 Deo.

1972 5501 2028 5555 3.
2059 5500 2403 5570 Segregatus.
2420 5499 2470 5554 A
2498 5498 2712 5554 caeteris
2739 5499 3029 5568 apostolis,
3058 5501 3202 5559 sicut
3236 5505 3297 5561 in
3340 5509 3496 5569 Actis

1906 5592 2290 5664 apostolorum
2313 5589 2450 5644 dicit
2479 5589 2722 5660 Spiritus
2739 5595 2968 5644 sanctus
2999 5609 3014 5645 :
3043 5595 3336 5665 Segregate
3353 5604 3497 5657 mihi

1908 5684 2148 5736 Paulum
2179 5685 2226 5734 et
2249 5679 2568 5736 Barnabam
2619 5680 2685 5735 in
2732 5693 2864 5750 opus
2905 5680 2982 5737 ad
3031 5685 3177 5750 quod
3223 5695 3501 5759 assumpsi

3220 5789 3349 5854 4-
