3952 6426
155 366 246 426 109
879 366 956 422 ΙΝ
994 364 1060 422 D.
1102 362 1319 419 PAULI
1356 361 1584 418 EPIST.
1625 360 1999 415 COMMENT.
2044 389 2110 401 -
2149 360 2375 415 EPIST.
2417 360 2515 413 AD
2555 360 2736 416 ROM.
3323 360 3429 421 110

143 509 223 565 21.
253 511 463 565 Justus
506 515 701 566 autem
750 525 814 567 ex
854 508 964 562 ﬁde
1007 506 1160 561 vivit.
1191 504 1282 569 22.
1312 505 1614 568 Revelatur
1659 502 1812 557 enim
1841 503 1929 557 ira
1954 502 2057 557 Dei
2102 503 2171 557 de
2211 502 2370 564 coelo,
2419 501 2667 569 (justitia
2712 501 2995 557 reveletur
3036 505 3102 558 in
3140 505 3425 571 credente;

146 617 276 654 nam
307 601 406 653 ira
439 601 505 657 in
558 616 669 654 non
701 599 965 666 credente)
998 611 1167 668 super
1213 602 1435 657 omnem
1482 591 1833 663 impietatem
1879 594 1937 646 et
1974 590 2320 662 injustitiam
2365 588 2663 644 hominum
2712 591 3026 660 (emphasis)
3068 602 3294 660 eorum,
3332 594 3428 665 qui

150 689 440 743 veritatem
496 687 625 757 Dei,
678 687 822 757 quod
874 701 994 740 vere
1042 686 1254 745 dicitur
1309 684 1372 736 de
1433 670 1563 747 Deo,
1624 680 1685 734 in
1748 678 2029 751 injustitia
2088 680 2347 734 detinent
2411 678 2777 733 altribuentes
2836 678 3020 749 idolis,
3082 682 3217 752 quia
3279 672 3430 752 quod

148 775 232 834 23.
290 790 520 845 notum,
576 777 781 841 scibile,
830 779 917 833 est
960 772 1081 840 Dei,
1133 768 1496 826 manifestum
1549 772 1636 823 est
1682 768 1743 822 in
1796 768 1928 824 illis.
1962 770 2112 823 Deus
2167 767 2319 823 enim
2364 765 2477 821 illis
2529 762 2927 833 manifestavit.
2968 767 3070 835 24.
3125 762 3433 837 Invisibilia

148 866 284 921 enim
344 866 546 937 ipsius,
591 866 949 921 invisibilitas
982 865 1181 932 ipsius,
1232 877 1266 914 a
1315 865 1575 921 creatura
1621 857 1837 923 mundi,
1885 859 2073 924 solem,
2126 861 2327 911 tunam
2383 861 2433 909 et
2484 857 2622 910 alia.
2660 848 2780 921 ‘Per
2828 873 2894 911 ea
2945 870 3067 928 quae
3104 854 3264 921 facta
3299 864 3431 915 sunt

148 954 446 1025 intellecta,
480 957 545 1008 in
576 950 876 1017 intellectu,
906 950 1344 1021 conspiciuntur.
1375 947 1468 1004 ‘25.
1505 946 1860 1017 Sempiterna
1891 958 2132 1017 quoque,
2165 948 2390 1009 scilicet,
2424 943 2545 1014 ejus
2573 943 2751 999 virtus
2795 949 2856 1000 et
2905 945 3171 1009 divinitas
3215 952 3433 1025 conspi-

147 1047 286 1097 citur
317 1063 337 1097 :
379 1043 463 1097 ita
493 1046 559 1098 ut
592 1041 706 1096 sint
735 1039 1154 1095 inexcusabiles.
1191 1037 1334 1102 Quia
1356 1050 1489 1099 cum
1532 1035 1921 1105 cognovissent
1946 1034 2148 1100 Deum,
2181 1048 2295 1087 non
2339 1032 2485 1087 sicut
2519 1032 2697 1098 Deum
2725 1033 3198 1103 gloriﬁcaverunt,
3228 1050 3287 1103 se
3332 1024 3435 1093 illi

147 1128 501 1200 subjicienda,
533 1134 633 1185 aut
654 1128 870 1203 gratias
901 1132 1155 1201 egerunt,
1189 1122 1283 1183 26.
1323 1120 1423 1180 sed
1453 1127 1802 1178 evanuerunt
1820 1122 1886 1176 in
1914 1120 2348 1193 cogitationibus
2386 1120 2525 1189 suis,
2558 1122 2616 1175 et
2644 1120 3006 1177 obscuratum
3037 1128 3123 1178 est
3158 1122 3431 1195 insipiens

148 1236 231 1273 cor
256 1235 484 1286 eorum,
516 1217 606 1279 27.
641 1217 891 1272 dieentes
921 1216 1069 1270 enim
1098 1232 1158 1270 se
1178 1230 1308 1279 esse
1338 1213 1637 1284 sapientes,
1672 1210 1829 1277 stulti
1860 1211 1993 1265 facti
2038 1214 2190 1265 sunt.
2210 1211 2290 1277 Et
2316 1215 2677 1275 mutaverunt
2722 1211 2963 1281 gloriam
2990 1214 3090 1267 Dci
3116 1214 3332 1279 cultum
3360 1215 3436 1267 ad

152 1310 287 1363 idola
319 1303 1209 1377 transtuleruntincorruptibilis
1237 1303 1358 1368 Dei,
1379 1298 1438 1355 in
1465 1298 1892 1355 similitudinem
1915 1300 2179 1370 imaginis
2208 1294 2308 1365 28.
2333 1295 2712 1377 corruptibilis
2734 1297 2995 1367 hominis,
3037 1304 3095 1354 et
3114 1300 3425 1368 volucrum,

150 1400 197 1449 et
213 1393 653 1473 quadrupedum
674 1399 731 1449 et
748 1395 1115 1473 serpentiUm.
1141 1394 1378 1473 Propter
1399 1389 1547 1461 quod
1567 1387 1804 1443 tradidit
1818 1388 2214 1457 permisitillos
2236 1386 2384 1443 Deus
2398 1388 2463 1441 in
2484 1376 2761 1441 desideria
2785 1384 2967 1443 cordis
2988 1402 3204 1453 eorum,
3228 1384 3297 1444 in
3320 1390 3430 1473 itm-

151 1466 486 1541 mrinditiam
532 1488 601 1545 ut
627 1466 981 1538 contumeliis
1009 1467 1256 1536 afﬁciant
1283 1488 1517 1551 corpora
1544 1493 1647 1532 sua
1675 1476 1736 1530 in
1754 1475 2099 1547 semetipsis.
2120 1474 2208 1533 29.
2234 1474 2345 1540 Qui
2373 1480 2862 1530 eommutaverunt
2892 1475 2979 1531 30.
3007 1478 3302 1543 veritatem
3331 1466 3435 1532 Dei

150 1575 200 1627 in
224 1572 611 1638 mendacium,
646 1578 704 1626 et
739 1572 1034 1626 coluerunt
1059 1576 1117 1624 et
1143 1569 1456 1624 servierunt
1485 1571 1756 1621 creaturae
1793 1565 1983 1645 potius
2012 1580 2183 1635 quam
2205 1563 2486 1628 Creatori,
2534 1564 2631 1635 qui
2659 1569 2761 1629 est,
2804 1566 2905 1633 qui
2947 1582 3057 1619 non
3080 1570 3165 1632 est
3196 1560 3431 1631 idolum,

151 1662 479 1718 benedictus
507 1663 567 1716 in
596 1662 817 1717 saecula.
849 1663 1050 1717 Amen.
1081 1661 1391 1730 Propterea
1419 1654 1655 1711 tradidit
1678 1654 1807 1708 illos
1833 1654 1982 1708 Deus
2008 1653 2071 1707 in
2098 1653 2395 1724 passiones
2439 1652 2784 1723 ignominiaa.
2812 1652 2964 1719 Nam
2983 1653 3210 1709 femina
3239 1670 3437 1722 eorum

147 1752 597 1809 inmutaverunt
618 1750 937 1805 naturalem
963 1748 1216 1811 usumin
1247 1762 1377 1801 eum
1404 1745 1501 1818 qui
1529 1749 1615 1798 est
1642 1747 1838 1797 contra
1864 1748 2145 1796 naturam.
2173 1740 2446 1795 Similiter
2468 1745 2659 1794 autem
2687 1740 2745 1794 et
2772 1742 3024 1808 masculi,
3057 1743 3253 1798 relicto
3277 1740 3438 1809 natu-

150 1841 245 1897 rali
273 1856 387 1897 usu
413 1839 656 1901 feminae,
685 1844 1014 1899 exarserunt
1044 1838 1103 1891 in
1125 1835 1414 1891 desideriis
1445 1832 1562 1887 suis
1592 1832 1650 1886 in
1677 1831 1939 1895 invicem,
1959 1826 2196 1884 masculi
2222 1829 2286 1883 in
2310 1829 2588 1883 masculos
2605 1828 3017 1901 turpitudinem
3041 1838 3360 1903 operantes,
3384 1836 3442 1886 et

152 1928 469 1984 mercedem
502 1945 673 2000 quam
702 1927 957 1999 oportuit
979 1926 1187 1981 erroris
1232 1924 1339 1990 sui,
1364 1924 1431 1978 "in
1459 1920 1795 1992 semetipsis,
1824 1920 1887 1973 ut
1917 1922 2065 1974 illud
2088 1926 2371 1988 peccatum
2392 1925 2631 1988 (poenam
2654 1922 2889 1987 peccati,
2922 1908 3275 1991 recipientes.
3302 1916 3438 1987 l0.

153 2020 215 2073 Et
240 2020 391 2073 sicut
416 2035 534 2072 non
558 2018 941 2089 probaverunt
966 2017 1145 2071 Deum
1175 2015 1384 2069 habere
1409 2013 1467 2067 in
1489 2011 1711 2078 notitia,
1731 2008 1977 2071 tradidit
1998 2007 2132 2073 11108
2162 2008 2311 2061 D8118
2341 2007 2401 2060 in
2430 2007 2732 2078 rePI‘Obum
2761 2024 3012 2075 sensum,
3045 2014 3111 2063 ut
3136 2009 3346 2064 faciant
3374 2026 3442 2063 ea

154 2124 270 2178 qua:
297 2124 418 2162 non
447 2107 812 2172 conveniunt,
848 2105 1091 2176 repletos
1135 2103 1290 2158 omni
1335 2101 1654 2173 iniquitate,
1700 2096 1935 2164 malitia,
1976 2100 2202 2166 rapina,
2230 2096 2616 2163 fornicatione,
2650 2097 2904 2164 avaritia,
2937 2098 3208 2170 nequitia,
3240 2099 3438 2170 plenos

144 2197 379 2263 invidia,
398 2195 738 2262 ‘hamisidio,
756 2189 1714 2264 .contcntionevdolo,malignitate,
1738 2190 1884 2242 clam
1904 2202 2260 2252 susurrones,
2274 2189 2476 2259 palam
2490 2185 3005 2253 .detractores,,Deo
3030 2186 3444 2261 odibiles,,con-

153 2285 506 2351 tumeliosos,
538 2284 831 2355 superbos,
860 2284 1056 2350 elatas,
1080 2283 1408 2347 inventores
1428 2279 1735 2343 malorum,
1759 2275 2088 2347 parentibus
2127 2268 2608 2349 nqnpbedientes,
2628 2274 2995 2348 insipientes,
3024 2275 3442 2349 incompositos,

141 2374 269 2431 sine
292 2374 614 2439 aﬂectione,
626 2371 852 2443 absque
870 2371 1104 2438 foedere,
1122 2370 1251 2435 sine
1272 2365 1818 2435 misericordia.Qui,
1841 2381 1970 2429 cum
1988 2362 2271 2435 justitiam
2284 2363 2389 2421 Dei
2410 2365 2578 2434 prius
2596 2363 3009 2437 cognovissent,
3021 2363 3111 2428 3.1,.
3124 2370 3447 2440 nonmtga

144 2460 968 2537 intellexeruntquoniamqui
986 2459 1123 2519 talia
1146 2464 1329 2532 agunt
1344 2456 1513 2531 digni
1532 2459 1894 2519 suntanimas
1914 2459 2116 2521 morte,
2140 2458 2197 2508 et
2220 2451 2309 2511 32.
2335 2468 2449 2506 non
2478 2451 2661 2508 solum
2680 2452 2778 2524 qui
2797 2469 2867 2508 ea
2892 2452 3125 2521 faciunt,
3152 2453 3448 2527 eadem

152 2552 250 2623 qui
279 2546 1037 2617 consentiuntfacicntibus.

879 366 956 422 1N
994 364 1060 422 D.
1102 362 1319 419 PAULI
1356 361 1584 418 EPIST.
1625 357 1999 415 COMMENT.
2044 389 2110 401 -
2149 356 2375 415 EPIST.
2417 356 2515 413 AD
2555 358 2736 416 ROM.

1614 2649 1866 2709 CAPUT
1901 2650 1955 2706 ΙΙ
1963 2691 1975 2705 .

236 2801 284 2869 1,
310 2800 368 2859 2.
388 2801 642 2881 Propter
664 2799 821 2873 quod
850 2796 1241 2863 inexcusabilis
1262 2814 1341 2866 es,
1368 2813 1400 2853 ο
1419 2796 1588 2852 homo
1615 2794 1817 2862 omnis,
1846 2792 1943 2866 qui
1958 2792 2181 2871 judicas
2200 2798 2252 2847 et
2263 2794 2429 2862 ,facis.
2442 2788 2520 2859 ,In
2539 2810 2651 2866 quo
2675 2794 2913 2861 crimine
2932 2792 3085 2859 enim
3108 2794 3451 2881 (cuiusquam

161 2894 221 2949 de
243 2907 465 2963 genere,
496 2893 577 2969 de
584 2890 943 2962 potestatibus
968 2888 1729 2969 enim‘judiciariisagiturg
1756 2882 1976 2955 judicas
2005 2882 2266 2950 alterum.
2294 2882 2537 2957 teipsum
2564 2882 2818 2951 faciendo
2846 2880 3454 2957 condemnas;,.eade,m

1517 3048 2110 3111 COMMENTARIUS.

225 3209 324 3267 2i.
352 3210 548 3263 Justus
574 3211 789 3262 autem.
810 3207 931 3261 Hoc
957 3206 1016 3261 in
1045 3205 1326 3273 Habacuc,
1357 3222 1479 3278 cap.
1500 3219 1574 3272 ~11,
1601 3222 1766 3277 repe-
1786 3203 2095 3271 A-Romuli,
2122 3202 2272 3259 Jovis
2300 3206 2357 3258 et
2399 3203 2637 3259 aliorum
2681 3203 2798 3259 fere
2835 3203 3352 3275 innumerabilium,
3397 3214 3457 3265 et

164 3299 350 3352 ritur:
389 3300 584 3351 Justus
609 3301 798 3351 autem
822 3300 886 3350 in
924 3298 1027 3364 ﬁde
1049 3310 1154 3350 sua
1362 3294 1775 3350 *Hoc‘testimo-
1859 3292 2102 3347 maxime
2132 3291 2201 3346 ab
2230 3291 2476 3346 adventu
2521 3292 2709 3347 {Encas
2746 3293 2814 3347 in
2848 3293 3116 3363 'Italiam;
3154 3296 3459 3353 volucrum
3492 3360 3503 3375 κ

162 3388 325 3441 nium
354 3393 414 3441 et
430 3385 554 3440 alia
579 3385 841 3457 plurima,
876 3399 1000 3455 quae
1022 3385 1083 3439 in
1112 3389 1376 3439 contextu
1397 3383 1775 3455 Epistolarum

162 3491 403 3530 suarum
442 3474 749 3546 Apostolus
789 3475 965 3545 ponit,
1015 3486 1050 3529 a
1096 3473 1470 3528 translatione
1523 3473 1777 3527 veritatis

164 3564 465 3619 Hebr-sicae
483 3577 598 3634 qua
613 3563 992 3617 nuncutimur
1009 3562 1475 3617 ideodiscordare
1493 3561 1776 3629 videntur,

168 3653 303 3723 quia
324 3652 633 3723 aliquando
664 3651 1029 3706 auctoritates
1055 3656 1190 3705 sunt
1207 3668 1243 3705 a
1262 3649 1632 3705 translatione
1656 3666 1779 3721 sep-

156 3743 438 3813 tuaginta
467 3742 871 3812 lnterpretum.
894 3740 1209 3812 Aliquando
1222 3756 1348 3795 enon
1365 3755 1571 3795 curans
1586 3739 1774 3807 verba,

166 3831 575 3885 tantummodo
593 3814 923 3900 exsequitur
951 3830 1277 3883 sententias.
1614 3846 1621 3853 '

238 3918 335 3974 22.
390 3920 701 3972 Hecatam.
742 3916 975 3971 Justitia
1022 3917 1304 3969 reveletur
1344 3915 1413 3969 in
1471 3916 1773 3981 credente;

168 4022 306 4061 nam
336 4005 426 4059 ira
450 4005 511 4058 in
530 4020 657 4058 non
680 4004 963 4058 credente.
992 4003 1064 4057 Et
1087 4009 1176 4059 est
1194 4005 1315 4058 alia
1340 4018 1514 4059 causa
1537 4024 1549 4072 ;
1581 4004 1778 4076 praedi-

166 4102 395 4150 catores
414 4094 567 4147 enim
599 4092 886 4164 Evangelii
915 4094 1165 4148 revelant
1190 4093 1335 4147 iram
1353 4094 1456 4148 Dei
1483 4098 1777 4149 venturam

152 4198 347 4256 super
373 4190 572 4237 omnes
588 4180 913 4253 -impies,-id
943 4182 1343 4250 est~inﬂdeles;
1387 4187 1446 4236 et
1489 4192 1659 4254 super
1687 4183 1779 4236 in-

160 4275 376 4343 justas,
405 4272 467 4327 id
507 4277 611 4339 est,
643 4271 934 4326 credentes
962 4275 1021 4326 et
1040 4284 1167 4327 non
1194 4272 1472 4327 iacientes
1490 4287 1625 4343 qua;
1650 4286 1777 4326 ere-

162 4363 337 4418 dunt.

238 4451 334 4509 23.
382 4451 537 4518 Quod
584 4454 782 4505 notum
827 4453 906 4505 est
944 4451 1065 4518 Dei,
1106 4448 1166 4504 id
1202 4455 1295 4506 est
1340 4450 1410 4505 de
1455 4451 1573 4505 Deo
1621 4450 1776 4506 nasci

154 4544 384 4612 «potest.

237 4629 333 4686 24.
381 4629 700 4683 Inoisibilia
732 4630 904 4694 enim,
936 4627 1176 4700 Exponit
1202 4628 1433 4683 modum
1460 4642 1575 4700 quo
1602 4628 1781 4683 mani-

1846 3385 2049 3435 autem
2105 3385 2162 3435 et
2212 3382 2559 3453 serpentium
2606 3386 2665 3435 et
2712 3383 3166 3454 quadrupedum,
3224 3398 3293 3441 ex
3347 3404 3458 3460 quo

1857 3470 2197 3525 Alexandria
2253 3469 2324 3524 ab
2373 3470 2630 3541 Augusto
2668 3470 2827 3525 victa
2877 3472 3071 3527 Romae
3119 3474 3208 3529 est
3264 3474 3458 3547 subju-

1848 3565 2009 3629 gata.

1918 3646 2019 3705 ‘29.
2053 3651 2161 3716 Qui
2186 3652 2685 3715 commutaverunt,
2714 3648 2773 3702 id
2802 3654 2906 3716 est,
2931 3649 3087 3721 prius
3102 3650 3176 3706 de
3199 3653 3317 3709 Deo
3336 3668 3459 3710 sen-

1858 3742 2073 3802 serunt,
2104 3736 2244 3790 falsa
2272 3753 2336 3790 ex
2366 3753 2432 3791 eo
2462 3743 2658 3808 postea
2685 3738 2912 3792 credere
2940 3744 3252 3810 coeperunt.
3504 3805 3515 3815 ο

1931 3824 2018 3882 30.
2050 3827 2350 3880 Veritatem
2389 3826 2506 3892 Dei,
2557 3826 2615 3880 id
2658 3830 2761 3893 est,
2808 3838 2980 3898 quam
3016 3828 3088 3883 de
3123 3831 3250 3886 'Deo
3286 3832 3458 3887 habe-

1858 3910 2182 3979 bantyialso
2229 3914 2572 3984 imputantes
2609 3914 2784 3969 idolis
2827 3914 2976 3986 quod
3015 3926 3145 3970 vere
3172 3919 3346 3975 so1ius
3370 3926 3461 3976 est

1858 4002 1981 4057 Dei.
2946 4024 2951 4033 ’

1927 4090 2019 4147 8i.
2056 4093 2182 4147 Non
2208 4093 2620 4158 intellexerunt,
2659 4092 2717 4146 id
2746 4097 2849 4159 est,
2891 4109 3006 4148 non
3032 4094 3217 4151 solum
3244 4098 3314 4153 de
3329 4099 3458 4155 ‘Deo

1846 4179 1999 4234 falsa
2022 4184 2341 4249 senserunt,
2368 4180 2469 4235 sed
2488 4180 2671 4234 etiam
2694 4181 3077 4253 cognitionem
3099 4184 3458 4243 bonarum-ac

1858 4270 2138 4325 malarum
2163 4286 2353 4324 rerum
2380 4270 2710 4325 amiserunt.

1930 4357 2018 4415 32.-
2053 4360 2302 4414 Aunnos.
2338 4360 2462 4414 Non
2507 4362 2686 4414 solum
2715 4362 2816 4430 qui
2842 4363 3066 4429 faciunt
3109 4380 3195 4435 ea,
3230 4367 3321 4421 sed
3359 4370 3460 4437 qui

1845 4451 2208 4502 consentiunt
2225 4449 2578 4515 facientibus.
2597 4449 2741 4503 Sunt
2758 4449 2987 4521 quidam
3006 4451 3102 4523 qui
3122 4464 3183 4508 se
3200 4470 3326 4509 reos
3345 4470 3460 4510 non

1795 4531 1843 4592 B
1858 4542 2078 4608 putant,
2104 4538 2288 4592 sinon
2310 4541 2619 4607 operantur
2641 4554 2762 4609 quae
2792 4540 2943 4594 mala
2968 4546 3119 4607 sunt,
3142 4544 3460 4599 assentiunt

1860 4632 2053 4680 autem
2106 4625 2459 4680 facientibus.
2507 4627 2798 4682 Assentire
2830 4634 3024 4683 autem
3074 4636 3179 4695 est,
3211 4633 3279 4700 si,
3330 4650 3459 4688 cum

150 4717 473 4773 festaverit
497 4717 889 4786 sig-videlicet
906 4718 1054 4774 dans
1076 4718 1167 4773 eis
1202 4718 1593 4773 acutissimum
1629 4718 1782 4797 inge-
1860 4717 2038 4787 possit
2064 4715 2495 4786 reprehendere,
2514 4718 2728 4783 taceat,
2756 4721 2857 4771 aut
2892 4717 3014 4773 haec
3053 4720 3287 4776 audiens
3317 4722 3460 4777 adu-

238 4896 335 4954 !5.
394 4898 751 4967 Scinpitema
796 4913 1023 4969 quoque.
1075 4898 1188 4953 J-Iic
1231 4914 1356 4970 quis
1413 4897 1529 4952 sint
1581 4896 1776 4952 invisi-

156 4986 313 5043 ﬂiia
360 4987 644 5055 ostendit,
708 4990 768 5042 et
821 4991 909 5042 est
964 4996 1191 5060 quoque
1246 4986 1579 5059 completiva
1639 5002 1776 5042 con-

245 5165 338 5223 26.
362 5166 478 5222 Sed
505 5168 873 5233 evanuerunt,
895 5164 953 5219 id
968 5170 1057 5221 est
1074 5167 1466 5239 cogitaverunt
1492 5184 1551 5223 se
1573 5168 1779 5241 cogita-

156 5255 397 5311 tionem
440 5264 636 5309 verum
680 5270 717 5309 a
746 5271 819 5309 se
850 5253 1107 5325 habere;
1150 5256 1300 5312 unde
1340 5257 1552 5313 factum
1590 5262 1675 5311 est
1715 5262 1781 5311 ut

158 5344 577 5415 cogitationem
600 5343 711 5399 Dei
734 5343 1055 5416 perderent.

226 5432 333 5490 ιω.
676 5437 846 5488 enim.
880 5433 1156 5491 :Ostendit
1199 5437 1479 5509 quomodo
1526 5435 1782 5508 superius

152 5523 521 5580 intellexerit
538 5526 898 5579 evanuerunt
912 5526 988 5577 in
1004 5528 1431 5593 cogitationibus
1449 5528 1585 5581 suis.

245 5612 336 5673 28.
367 5614 787 5684 Corruptibilis.
811 5612 986 5668 Moris
1007 5614 1118 5669 fuit
1138 5615 1521 5671 Romanorum
1546 5614 1617 5670 ab
1641 5615 1785 5670 anti-

173 5704 303 5774 quis
336 5699 723 5777 temporibus,
763 5700 1004 5758 adorare
1037 5703 1344 5761 simulacra
1376 5705 1689 5774 hominum,
1721 5709 1786 5761 ut
1812 5730 1815 5733 -

1861 4806 2028 4859 letur.

1918 4894 2083 4949 -ΟΑΡ,
2117 4893 2191 4948 Π.
2222 4923 2287 4934 -—
2315 4893 2369 4949 1.
2403 4894 2614 4948 LANFR.
2647 4896 2874 4964 Propter
2894 4896 3040 4965 quod
3066 4898 3459 4955 inexcusabilis

1848 4998 1927 5050 es,
1961 4998 1992 5038 ο
2018 4984 2194 5048 homo,
2243 4985 2344 5052 qui
2380 4984 2624 5051 judicas.
2644 4983 2899 5039 invectio
2926 4985 2987 5039 in
3014 4992 3279 5043 rectores.
3311 4984 3462 5044 Dicit

1859 5073 2010 5128 enim
2037 5092 2048 5126 :
2091 5074 2230 5127 Cum
2260 5088 2456 5126 omnes
2485 5071 2752 5127 facientes
2790 5077 2849 5127 et
2874 5076 3286 5131 consentientes
3327 5082 3461 5132 sunt

1848 5162 2116 5234 perituri,
2150 5162 2322 5216 etiam
2352 5166 2411 5215 et
2455 5160 2514 5214 hi
2561 5161 2657 5232 qui
2702 5161 2842 5217 alios
2880 5162 3156 5233 judicent,
3184 5166 3233 5219 si
3260 5165 3459 5220 eodem

1846 5255 2087 5324 peccato
2096 5252 2372 5306 tenentur
2398 5249 2678 5321 impliciti.

1932 5344 1985 5397 2.
2016 5343 2260 5396 AMBROS.
2300 5343 2529 5409 Propter
2554 5342 2699 5409 quod
2735 5341 3150 5397 inexcusabilis.
3174 5342 3266 5397 ’Ne
3308 5342 3460 5400 forte

1863 5431 1961 5505 qui
1994 5430 2160 5497 facit,
2216 5435 2276 5484 et
2328 5429 2429 5500 qui
2472 5429 2757 5484 consentit
2794 5429 3132 5511 facientibus
3195 5448 3461 5490 excusare

1863 5539 1924 5576 se
1965 5537 2130 5594 posse
2170 5524 2417 5592 putaret,
2456 5519 2620 5574 docet
2662 5518 2983 5589 hujusmodi
3022 5519 3462 5580 inexcusabilem

1854 5612 2003 5667 fore.
