3952 6436
608 438 704 498 111
894 454 904 461 ·
1589 438 1652 494 Β.
1695 440 2111 497 LANFRANCI
2151 442 2169 494 (

2315 437 2513 495 l‘UAR.
2554 436 2892 491 ARCHIEP.
3775 432 3876 491 112

605 567 758 624 enim
786 566 909 639 agis
938 583 1060 638 quae
1077 565 1318 638 judicas.
1342 565 1395 623 3.
1419 566 1640 623 Scimus
1667 567 1820 623 enim
1849 569 2116 640 quoniam
2134 565 2410 638 judicium
2433 563 2536 619 Dei
2565 568 2652 618 est
2668 562 2723 617 4.
2752 560 3075 617 Secundum
3102 560 3397 615 veritatem
3410 550 3487 614 in
3506 574 3602 613 eos
3622 558 3719 630 qui
3737 557 3879 612 talia

605 661 802 729 agunt.
825 655 879 711 5.
911 654 1208 710 Existimas
1236 660 1428 709 autem
1454 655 1579 720 hoc,
1605 671 1637 709 ο
1665 656 1853 722 homo,
1879 658 1977 728 qui
1997 657 2218 727 judicas
2240 672 2335 709 eos
2362 652 2458 725 qui
2482 652 2621 707 talia
2639 655 2837 722 agunt,
2864 655 2923 705 et
2948 649 3090 704 facis
3121 666 3207 715 ea,
3232 649 3366 720 quia
3388 652 3452 704 tu
3476 647 3706 718 elfugies
3729 646 3881 718 judi-

603 744 756 799 cium
792 743 937 799 Dei?
965 741 1020 800 6.
1067 744 1157 798 An
1185 743 1405 798 divitias
1433 742 1701 798 bonitatis
1737 746 1877 814 ejus,
1925 751 1984 800 et
2028 744 2314 817 patientiae
2360 747 2418 797 et
2456 739 2902 812 longanimitatis
2929 737 3260 804 contemnis,
3303 739 3535 793 nolendo
3563 738 3832 805 respicere
3857 742 3882 788 Ρ

606 832 835 904 ignoras
860 831 1128 903 quoniam
1148 830 1465 902 benignitas
1481 832 1583 886 Dei
1605 832 1678 887 ad
1696 833 2027 903 patientiam
2048 839 2105 888 te
2126 831 2357 888 adducit
2371 829 2398 884 7
2426 829 2747 884 Secundum
2768 833 2961 883 autem
2979 826 3246 882 duritiam
3267 830 3424 881 tuam
3445 830 3502 879 et
3519 823 3882 896 imposnitens

603 937 719 989 cor,
738 921 1086 975 thesaurizas
1100 936 1266 988 auges
1284 918 1389 973 tibi
1406 918 1571 986 iram,
1594 919 1652 973 in
1671 920 1762 974 die
1779 920 1877 975 irae
1896 923 1946 977 7.
1968 927 2026 976 et
2042 919 2399 976 revelationis
2413 918 2554 988 justi
2569 915 2767 988 judicii
2784 915 2904 980 Dei,
2914 915 3012 987 qui
3030 915 3230 970 reddet
3247 913 3550 985 unicuique
3568 912 3881 968 secundum

603 1025 776 1081 opera
789 1009 991 1080 ejus,8.
1004 1007 1074 1062 iis
1089 1007 1314 1080 quidem
1331 1007 1428 1078 qui
1440 1007 1745 1062 secundum
1757 1008 2089 1079 patientiam
2103 1008 2235 1064 boni
2247 1008 2452 1079 operis,
2468 1009 2568 1076 qui
2572 1009 2850 1075 patienter
2865 1007 3068 1059 bonum
3085 1019 3219 1072 opus
3222 998 3599 1073 perﬁciunt,9.
3610 1000 3883 1072 gloriam,

603 1101 792 1153 carnis
806 1099 1289 1152 commutationem
1302 1099 1360 1149 et
1377 1094 1669 1162 honorem,
1688 1098 1824 1165 quia
1839 1098 1952 1164 ﬁlii
1967 1098 2068 1151 Dei
2080 1099 2426 1152 vocabuntur
2444 1093 2530 1152 10.
2548 1098 2607 1149 et
2618 1092 3097 1165 incorruptionem
3117 1090 3570 1163 quaerunt,vitam
3585 1102 3878 1155 aeternam,

603 1202 716 1242 non
743 1187 964 1242 laudem
993 1187 1379 1254 temporalem:
1423 1188 1466 1248 ι
1489 1189 1531 1249 ι
1566 1182 1655 1239 11.
1688 1183 1764 1239 Iis
1785 1190 1976 1240 autem
2004 1185 2101 1257 qui
2129 1189 2264 1240 sunt
2291 1187 2489 1240 vivunt
2532 1181 2619 1239 l2.
2652 1199 2722 1237 ex
2750 1180 3126 1247 contentione,
3159 1185 3218 1235 et
3245 1180 3341 1253 qui
3370 1196 3485 1235 non
3513 1177 3885 1250 acquiescant

601 1273 840 1340 veritati,
874 1272 960 1330 13.
991 1272 1230 1327 credunt
1265 1276 1458 1326 autem
1498 1271 1805 1343 iniquitati.
1843 1273 1927 1329 14.
1960 1274 2047 1328 ira
2075 1278 2133 1328 et
2174 1272 2508 1344 indignatio.
2538 1270 2852 1327 Tribulatio
2881 1276 2938 1326 et
2982 1270 3244 1342 angustia
3270 1271 3530 1325 reddetur
3558 1269 3620 1324 in
3647 1285 3884 1324 omnem

598 1362 848 1418 animam
874 1361 1120 1417 hominis
1149 1360 1437 1433 operantis
1460 1362 1694 1427 malum,
1731 1360 1816 1429 15,
1847 1361 1935 1417 16.
1968 1361 2145 1417 Judaei
2172 1361 2419 1434 primum
2451 1363 2696 1415 maxime
2724 1365 2781 1415 et
2811 1357 2989 1415 Graeci
3012 1378 3026 1429 ;
3064 1358 3148 1416 17.
3179 1358 3363 1430 gloria
3392 1362 3583 1413 autem
3611 1363 3670 1413 et
3693 1357 3885 1412 honor

598 1457 658 1507 et
682 1468 791 1523 pax
816 1467 854 1506 a
885 1452 1339 1520 concupiscentiis
1366 1449 1521 1505 omni
1554 1450 1810 1522 operanti
1832 1449 2045 1506 bonum
2068 1452 2351 1517 reddetur,
2386 1448 2472 1507 18.
2503 1450 2695 1505 Judan
2724 1449 2973 1520 primum
2998 1452 3056 1503 et
3088 1448 3301 1503 Graeco.
3332 1445 3422 1504 19.
3454 1448 3582 1503 Non
3609 1446 3760 1501 enim
3792 1450 3887 1501 est

597 1538 848 1613 acceptio
868 1555 1235 1611 personarum
1258 1540 1407 1611 apud
1422 1540 1623 1593 Deum.
1645 1538 1736 1596 20.
1750 1539 2081 1611 Quicunque
2099 1539 2251 1594 enim
2271 1539 2395 1594 sine
2413 1539 2537 1610 lege
2557 1543 2947 1610 peccaverunt,
2965 1537 3088 1592 sine
3106 1537 3232 1608 lege
3249 1539 3487 1592 crimine
3500 1538 3885 1606 praeuarith

599 1632 733 1698 legis
776 1627 1078 1700 peribunt;
1124 1632 1180 1683 et
1223 1626 1541 1699 quicunque
1579 1628 1638 1682 in
1684 1628 1808 1698 lege
1836 1632 2224 1700 peccaverunt,
2256 1626 2346 1684 21.
2387 1644 2490 1699 per
2528 1628 2711 1698 legem
2744 1643 2847 1697 per
2875 1627 3394 1697 praeuaricationem
3424 1625 3879 1689 damnabantur,

588 1716 1018 1787 judicabuntur.
1044 1718 1169 1772 Non
1197 1716 1349 1771 enim
1385 1717 1668 1772 auditores
1706 1716 1849 1788 legis
1873 1717 2016 1787 justi
2054 1724 2188 1773 sunt
2213 1716 2364 1788 apud
2392 1717 2594 1782 Deum,
2625 1714 2715 1772 22.
2746 1715 2845 1771 sed
2885 1715 3126 1770 factores
3160 1713 3301 1785 legis
3340 1716 3452 1768 sive
3492 1716 3558 1768 in
3597 1715 3721 1782 lege,
3764 1715 3885 1767 sive

594 1808 714 1861 sine
743 1809 854 1876 lege
875 1804 1350 1877 justiﬁcabuntur.
1374 1807 1680 1875 Responsio.
1702 1803 1793 1862 23.
1817 1805 1959 1861 Cum
1984 1806 2135 1861 enim
2157 1810 2376 1877 gentes,
2400 1821 2525 1877 quae
2551 1804 2735 1876 legem
2759 1820 2873 1859 non
2894 1803 3123 1870 habent,
3151 1801 3488 1858 naturaliter
3506 1817 3574 1857 ea
3589 1817 3711 1873 quae
3727 1800 3888 1873 legis

590 1896 728 1949 sunt
746 1893 981 1965 faciunt,
1009 1891 1284 1963 ejusmodi
1312 1893 1495 1963 legem
1513 1895 1779 1963 scriptam
1798 1909 1913 1948 non
1930 1892 2223 1961 habentes,
2244 1893 2353 1966 ipsi
2372 1893 2479 1949 sibi
2497 1898 2632 1950 sunt
2658 1894 2765 1961 lex,
2798 1893 2894 1965 qui
2922 1891 3229 1948 ostendunt
3255 1908 3396 1963 opus
3424 1891 3569 1962 legis
3591 1889 3877 1962 scriptum

1926 2061 2401 2119 COMMENTARI
2412 2063 2517 2119 US.

656 2212 711 2273 3.
774 2212 983 2270 LANFR.
1046 2211 1264 2268 Scimus
1317 2217 1506 2269 autem
1572 2214 1840 2282 quoniam
1905 2215 2188 2282 judicium
2203 2212 2531 2278 Adifﬁdens
2574 2214 2732 2286 pejus
2778 2213 3107 2268 tractandus
3145 2216 3252 2278 est,
3282 2213 3418 2284 quia
3450 2211 3711 2269 Patribus
3741 2211 3883 2283 [al.,

583 2304 685 2358 Dei
754 2307 853 2357 est.
918 2301 1269 2357 Auctoritate
1341 2318 1445 2357 sua
1507 2302 1807 2356 conﬁrmat
1867 2307 2186 2373 peccatores
2267 2301 2502 2375 donum]
2528 2303 2866 2375 promissum
2893 2301 3179 2385 refutavit.

581 2390 1034 2462 supradictorum
1096 2389 1373 2445 scelerum
1433 2390 1776 2461 generaliter
1838 2407 1960 2446 esse
2025 2390 2185 2446 dam-
2341 2390 2426 2448 16.
2450 2392 2662 2447 LANFR.
2687 2392 2890 2446 Judaei.
2909 2390 3023 2446 Per
3039 2391 3283 2457 Iudaeos,
3305 2390 3561 2446 inﬁdeles
3583 2391 3885 2463 intelligit,

580 2479 819 2535 nandos.
2264 2479 2362 2551 qui
2402 2480 2646 2536 maxime
2672 2480 2980 2552 punientur
3010 2479 3059 2534 si
3101 2485 3380 2552 praecepta
3403 2480 3507 2535 Dei
3532 2495 3647 2535 non
3673 2478 3892 2535 obser-‘

650 2569 706 2623 4.
727 2567 1042 2624 Secundum
1056 2570 1366 2638 ueritatem,
1376 2567 1435 2623 id
1455 2571 1560 2631 est,
1582 2568 1888 2624 secundum
1903 2568 2177 2634 iustitiam
2260 2573 2430 2637 vant;
2467 2586 2572 2641 per
2599 2570 2819 2625 Graecos
2843 2573 3061 2639 gentes,
3091 2568 3151 2624 id
3196 2574 3284 2624 est
3307 2568 3562 2624 inﬁdeles
3595 2586 3608 2623 :
3641 2585 3677 2623 a
3703 2573 3891 2639 parte

576 2658 700 2713 sine
725 2657 1046 2729 acceptione
1076 2672 1466 2729 personarum.
2257 2660 2465 2715 totum.

641 2747 1018 2803 5.E:eistimas
1037 2751 1225 2801 autem
1242 2747 1358 2813 hoc,
1381 2763 1411 2800 o
1428 2746 1587 2800 homo
1610 2748 1792 2801 omnis
1817 2748 1918 2816 qui
1923 2747 2170 2816 judicas.
2330 2745 2418 2804 17.
2444 2747 2694 2803 AMBROS.
2722 2748 2913 2803 Gloria
2942 2752 3149 2815 autem,
3199 2753 3249 2802 et
3300 2748 3477 2803 honor
3523 2751 3573 2800 et
3618 2760 3754 2815 pax,
3803 2751 3889 2802 ut

573 2836 801 2891 Putare"
812 2840 1001 2908 posset
1031 2835 1234 2907 aliquis
1257 2835 1553 2907 imperitus
1583 2834 1734 2906 quod
1752 2840 1912 2890 tanto
1941 2834 2175 2891 liberius
2255 2834 2527 2891 honorem
2552 2835 2844 2907 geminum
2872 2834 3135 2903 habeant,
3169 2837 3332 2908 quasi
3360 2834 3489 2891 Filii
3516 2834 3639 2890 Dei.
3669 2832 3892 2891 Gloria

573 2938 806 2997 peccare
833 2924 1045 2993 liceret,
1079 2930 1289 2997 quanto
1332 2923 1658 2995 diligentius
1702 2923 1842 2979 alios
1875 2941 1910 2979 a
1946 2929 2174 2996 peccato
2255 2926 2448 2977 autem
2471 2923 2537 2977 ﬁt
2559 2939 2660 2994 pro
2689 2923 3112 2990 immutatione;
3141 2940 3249 2994 pax
3267 2940 3420 2991 vero,
3450 2939 3517 2978 eo
3540 2920 3690 2994 quod
3714 2920 3883 2978 bene

574 3019 971 3086 compesceret.
2255 3010 2504 3066 viventes
2532 3012 2708 3083 quieti
2732 3017 2899 3066 erunt
2926 3011 2986 3066 in
3013 3012 3224 3080 futuro,
3255 3013 3413 3067 nulla
3440 3010 3891 3084 perturbatione

642 3101 700 3158 6.
723 3103 974 3158 Annos.
1003 3104 1093 3158 An
1116 3102 1343 3157 divitias
1378 3102 1639 3156 bonitatis
1680 3105 1797 3172 ejus
1825 3108 1873 3156 et
1895 3103 2177 3171 patientiae
2258 3099 2546 3154 commoti.

575 3196 624 3245 et
653 3191 1144 3259 longanimitatis?
1183 3190 1313 3244 Haec
1340 3189 1478 3244 dicit
1521 3194 1587 3244 ut
1628 3206 1742 3245 non
1765 3191 1889 3261 jam
1915 3207 1975 3245 se
2016 3194 2178 3262 putet
2331 3186 2417 3245 10.
2448 3189 2656 3243 LANFR.
2703 3190 2906 3244 Iudae.
2950 3190 3129 3245 Judaei
3178 3190 3425 3260 primum
3472 3188 3690 3259 operati
3733 3198 3895 3245 sunt

576 3277 840 3344 evasisse,
871 3277 920 3332 si
945 3277 1160 3350 patitur
1187 3277 1351 3332 illum
1373 3277 1470 3332 diu
1503 3282 1847 3348 peccantem.
2257 3275 2487 3342 bonum,
2508 3282 2703 3348 postea
2731 3277 2928 3334 Graeci.

626 3356 701 3421 ⁷7.
741 3367 811 3422 Et
839 3368 1188 3421 reuelationis
1214 3368 1366 3435 justi
1401 3367 1616 3435 judicii
1657 3369 1775 3421 Dei.
1820 3366 2178 3423 Revelabitur
2331 3362 2417 3421 19.
2457 3366 2582 3421 Non
2609 3369 2761 3422 enim
2790 3372 2866 3422 est
2886 3382 3278 3436 personarum,
3312 3370 3419 3422 etc.
3451 3365 3570 3419 Hoc
3593 3365 3666 3420 ad
3697 3382 3895 3439 supe-

578 3455 729 3528 quod
756 3454 925 3510 modo
965 3453 1219 3509 futurum
1259 3459 1520 3524 negatur.
1551 3453 1695 3510 Cum
1738 3455 1889 3509 enim
1933 3456 2179 3512 ostendit
2256 3451 2410 3508 riora
2427 3454 2673 3526 respicit,
2694 3454 2792 3510 ubi
2811 3455 2895 3509 ait
2917 3472 2929 3508 :
2949 3445 3068 3520 Ira,
3086 3458 3194 3509 etc.
3209 3454 3281 3509 Et
3294 3456 3359 3508 in
3373 3470 3592 3509 omnem
3605 3457 3895 3511 animam

578 3542 730 3617 quod
757 3559 871 3599 non
899 3559 1022 3599 esse
1050 3543 1320 3611 creditur,
1345 3542 1643 3598 revelatur.
1674 3542 1777 3597 His
1804 3542 1956 3597 enim
1986 3548 2177 3600 osten-
2192 3545 2240 3606 B
2256 3546 2533 3612 operantis
2557 3548 2795 3599 malum.
2820 3543 2892 3598 Et
2916 3543 3084 3614 paulo
3107 3548 3235 3615 post
3266 3558 3282 3599 :
3320 3544 3529 3612 Gloria,
3554 3548 3684 3612 etc.,
3709 3541 3900 3602 omni

478 3626 489 3631 ’
577 3632 752 3701 ditur,
781 3632 917 3705 quia
935 3633 1061 3703 [al.,
1083 3631 1202 3704 qui]
1230 3637 1441 3704 negant
1468 3631 1602 3703 quia
1617 3631 1975 3687 credentibus
2000 3634 2179 3689 mani-
2259 3635 2516 3700 aperanti
2538 3634 2762 3688 bonum.

578 3720 782 3777 festum
815 3726 922 3777 est.
2332 3719 2423 3778 20.
2454 3723 2703 3779 Annaos.
2752 3721 3076 3791 Quicunque
3115 3723 3268 3777 enim
3310 3724 3432 3777 sine
3476 3725 3586 3793 lege
3619 3739 3900 3792 peccaue-

646 3808 701 3868 8.
734 3813 814 3867 [is
859 3811 1081 3880 quidem
1120 3810 1425 3865 secundum
1446 3812 1781 3879 patientiam
1824 3811 1953 3865 boni
1978 3814 2174 3880 operis.
2262 3815 2420 3878 runt,
2450 3813 2572 3865 sine
2598 3813 2710 3879 lege
2752 3811 3040 3879 peribunt,
3090 3810 3151 3865 id
3195 3815 3301 3878 est,
3331 3810 3453 3866 sine
3491 3811 3725 3883 judicio.
3758 3814 3901 3879 Qui

577 3898 794 3965 Quibus
828 3899 986 3955 dedit
1008 3899 1158 3954 Deus
1182 3898 1444 3953 ﬁduciam
1481 3897 1633 3965 ﬁdei,
1663 3915 1737 3953 ne
1770 3898 1866 3954 diu
1891 3898 1983 3954 hic
2013 3900 2180 3970 positi
2262 3899 2414 3955 enim
2444 3914 2558 3953 non
2605 3897 2803 3964 credit,
2844 3899 2966 3969 jam
2996 3899 3282 3969 judicatus
3309 3905 3430 3966 est;
3469 3917 3574 3956 nec
3600 3906 3733 3956 ante
3760 3904 3900 3958 tri-

575 3988 848 4045 damnum
871 3987 1164 4043 incurrant
1191 3986 1480 4058 promissae
1500 3986 1647 4042 vitae.
2261 3987 2432 4043 bunal
2461 3986 2673 4043 Christi
2715 3985 2904 4054 stabit,
2938 3988 3039 4043 sed
3073 4004 3379 4060 resurgens
3406 3988 3642 4044 ducetur
3664 3989 3740 4044 ad
3764 3976 3900 4063 ge-

648 4075 703 4133 9.
742 4078 995 4134 Gloriam
1039 4082 1090 4131 et
1135 4077 1417 4131 honorem.
1449 4076 1517 4132 In
1560 4076 1824 4148 praesenti
1861 4076 2011 4132 enim
2044 4077 2174 4149 vita,
2260 4077 2530 4135 bennam.

576 4164 759 4237 gloria
784 4167 873 4220 vel
915 4164 1096 4221 honor
1135 4165 1463 4236 frequenter
1489 4164 1790 4233 amittitur,
1823 4165 1956 4238 quia
1984 4183 2179 4224 corru-
2329 4165 2420 4221 21.
2445 4167 2551 4221 Per
2568 4169 2738 4235 legem
2756 4167 3189 4237 judicabantur.
3210 4167 3460 4224 Peccatis
3482 4184 3678 4224 eorum
3696 4168 3907 4227 adde-

577 4252 791 4325 ptibilis
820 4257 927 4309 est.
2260 4259 2358 4310 tur
2382 4260 2677 4327 peccatum
2699 4255 3196 4327 praevaricationis.

646 4339 738 4399 10.
770 4342 978 4397 Lmen.
1017 4341 1088 4397 Et
1130 4344 1608 4412 incorruptionem
1654 4349 1930 4413 quarunt,
1963 4344 2021 4400 id
2067 4349 2173 4414 est,
2328 4343 2418 4403 22.
2470 4346 2719 4401 Αωθιιοε.
2768 4344 2874 4400 Sed
2921 4346 3154 4413 factores
3200 4347 3335 4415 legis
3371 4348 3891 4417 justiﬁcabuntur.

578 4428 629 4485 si
677 4430 739 4485 in
792 4429 1108 4486 intentione
1166 4435 1427 4502 quaerunt
1477 4430 1651 4486 vitam
1697 4437 1983 4489 mternam.
2013 4434 2179 4490 Multi
2260 4431 2503 4487 Credere
2543 4431 2603 4485 in
2643 4430 2930 4487 Christum
2976 4448 3146 4503 quem
3179 4432 3268 4487 lex
3311 4433 3587 4506 promisit,
3619 4434 3727 4490 hoc
3754 4443 3893 4509 est,

576 4519 731 4574 enim
752 4518 902 4575 bona
927 4524 1235 4591 operantur
1258 4524 1488 4591 propter
1513 4521 1759 4576 favorem
1790 4522 2104 4579 hominum.
2259 4520 2443 4575 facere
2483 4520 2668 4591 legem
2707 4525 2767 4576 et
2810 4536 2951 4592 opus
2991 4520 3133 4592 legis
3176 4521 3450 4594 scriptum
3497 4523 3556 4578 in
3601 4524 3905 4584 cordibus

652 4607 737 4666 11.
768 4609 1014 4664 Αωιιιοε.
1043 4609 1124 4663 Iis
1151 4613 1338 4663 autem
1372 4611 1472 4678 qui
1507 4627 1572 4665 ea:
1597 4615 1958 4679 contentione,
1984 4611 2043 4668 id
2071 4617 2176 4681 est,
2259 4608 2478 4675 vestris,
2504 4608 2645 4664 ﬁdes
2672 4613 2778 4664 est.

578 4696 676 4769 qui
716 4696 820 4753 Dei
856 4701 1237 4767 contemnunt
1272 4696 1624 4770 patientiam,
1668 4700 2016 4756 contendunt
2049 4717 2180 4757 eva-
2330 4696 2422 4757 23.
2442 4698 2691 4754 Ausus'r.
2716 4699 2830 4770 (lib.
2853 4699 2929 4754 De
2946 4702 3086 4770 spir.
3105 4705 3154 4755 et
3180 4700 3291 4767 lit.,
3312 4717 3435 4774 cap.
3461 4698 3550 4768 26,
3572 4705 3712 4759 tom.
3736 4702 3905 4775 III.)

577 4802 747 4851 enare
768 4784 1043 4858 judicium
1072 4785 1196 4844 Dei.
2263 4787 2402 4845 Cum
2421 4789 2572 4842 enim
2598 4792 2780 4856 gentes
2800 4804 2918 4858 quas
2945 4791 3117 4857 legem
3138 4805 3251 4845 non
3269 4791 3489 4847 habent.
3513 4791 3723 4846 Gentes
3741 4809 3908 4865 quae

644 4873 738 4931 12.
783 4875 991 4932 Lmen.
1041 4875 1128 4930 Ea:
1179 4879 1538 4932 contentione.
1599 4878 1678 4932 Ex
1731 4881 1880 4933 coetu
1943 4882 2175 4933 conten-
2198 4870 2244 4934 Ο
2260 4875 2597 4931 naturaliter
2648 4892 2775 4947 quae
2826 4876 2966 4948 legis
3021 4885 3157 4934 sunt
3205 4878 3439 4949 faciunt,
3495 4879 3745 4952 profecto
3797 4887 3908 4943 ad

575 4962 742 5030 tioso,
764 4963 862 5034 qui
882 4962 1251 5019 christianam
1273 4964 1604 5037 religionem
1624 4982 1746 5021 esse
1768 4965 2031 5022 inutilem
2051 4983 2179 5023 con-
2258 4965 2623 5036 Evangelium
2642 4964 2944 5037 pertinent,
2965 4966 3167 5039 quibus
3184 4967 3273 5023 lex
3293 4968 3353 5024 in
3375 4968 3637 5024 cordibus
3654 4970 3908 5043 scripta

575 5052 839 5111 tendunt.
961 5090 967 5095 η
2259 5059 2366 5110 est.
2413 5055 2531 5110 Nec
2575 5059 2800 5110 moveat
2841 5056 2992 5128 quod
3034 5056 3372 5113 naturaliter
3420 5074 3516 5113 eos
3553 5058 3694 5113 dixit
3742 5076 3908 5131 quae

641 5139 734 5200 13.
762 5142 1010 5198 Animos.
1038 5142 1281 5198 Credunt
1307 5149 1495 5199 autem
1525 5145 1848 5214 iniquitati.
1900 5142 2177 5216 Iniquitas
2261 5142 2400 5214 legis
2434 5148 2568 5199 sunt
2591 5143 2795 5213 facere,
2827 5161 2943 5200 non
2970 5145 3183 5217 Spiritu
3211 5146 3333 5215 Dei,
3364 5163 3480 5202 non
3502 5146 3724 5219 gratia;
3762 5148 3908 5211 hoc

571 5238 661 5289 est
702 5248 912 5303 negare
939 5230 1089 5303 quod
1116 5232 1267 5288 Deus
1305 5232 1560 5289 futurum
1590 5250 1717 5288 esse
1756 5233 2017 5306 promisit
2047 5232 2173 5306 [al.,
2261 5232 2413 5288 enim
2443 5232 2564 5305 agit
2592 5233 2835 5306 Spiritus
2860 5234 3060 5307 gratiae
3082 5239 3149 5290 ut
3171 5235 3479 5308 imaginem
3504 5235 3625 5304 Dei,
3658 5235 3721 5292 in
3755 5254 3908 5310 qua

572 5317 880 5395 praedixit].
2259 5323 2594 5379 naturaliter
2620 5323 2754 5378 facti
2778 5340 2995 5392 sumus,
3040 5323 3317 5380 instauret
3347 5325 3408 5381 in
3442 5323 3624 5380 nobis.
3648 5325 3908 5390 Vitium

645 5408 733 5464 14.
762 5411 861 5464 Ira
886 5412 938 5462 et
973 5409 1309 5478 indignatio,
1341 5415 1408 5466 ut
1433 5409 1806 5482 spiritualem,
1837 5425 1952 5465 non
1986 5427 2177 5484 corpo-
2258 5411 2465 5485 quippe
2493 5416 2691 5469 contra
2715 5417 2981 5468 naturam
3007 5418 3116 5482 est,
3138 5414 3289 5486 quod
3315 5415 3512 5487 utique
3539 5418 3708 5483 sanat
3731 5432 3908 5488 gra—

466 5496 471 5503 ’
572 5494 750 5581 ralem
773 5512 999 5567 poenam
1028 5496 1333 5571 intelligas.
2257 5501 2358 5569 tia,
2398 5501 2636 5574 proinde
2680 5501 2937 5559 homines
2980 5503 3318 5560 naturaliter
3360 5519 3485 5576 quae
3522 5503 3665 5576 legis
3708 5514 3908 5581 sunt,

647 5580 733 5641 15.
758 5586 939 5640 ,Ιυάδὶ
962 5589 1224 5657 primum
1246 5592 1297 5642 et
1324 5586 1517 5643 Graeci.
1545 5583 1805 5644 Judaeum
1834 5605 2060 5663 semper
2085 5607 2185 5651 an.
2261 5590 2496 5647 faciunt.

570 5671 809 5747 teponit,
834 5678 902 5731 ut
918 5679 1020 5733 aut
1037 5679 1342 5733 coronetur
1358 5674 1578 5748 primus
1593 5681 1696 5734 aut
1716 5677 2038 5752 damnetur,
2051 5680 2188 5755 quia
