3952 6362
167 259 272 317 113
928 259 1005 315 ΙΝ
1041 259 1110 314 D.
1149 257 1365 313 PAULI
1404 255 1631 313 EPIST.
1675 257 1778 315 COI

1878 261 2051 320 TENT.
2092 291 2159 305 —
2199 262 2424 318 EPIST.
2464 265 2561 319 AD
2599 265 2772 321 ROM.
3360 269 3461 328 114

157 387 222 442 in
241 385 526 443 cordibus
553 388 692 456 suis,
721 385 811 443 24.
841 383 1229 441 testimonium
1255 382 1525 438 reddente
1551 380 1663 438 illis
1692 385 2046 443 conscientia
2074 387 2344 460 ipsorum,
2377 394 2435 444 et
2463 388 2552 447 25.
2584 390 2734 446 inter
2760 409 2822 448 se
2839 388 2938 451 26.
2976 394 3215 450 invicem
3243 397 3460 467 cogita-

160 476 429 531 tionibus
458 475 864 532 accusantibus
883 481 981 530 aut
1010 475 1180 529 etiam
1199 473 1630 528 defendentibus
1655 491 1668 540 ;
1695 472 1754 528 in
1782 475 1890 542 die,
1923 492 2052 530 cum
2071 477 2349 548 judicabit
2374 478 2524 533 Deus
2543 481 2761 535 occulta
2797 481 3111 550 hominum,
3142 485 3454 541 secundum

160 565 552 635 Evangelium
582 582 798 633 meum,
819 581 923 636 per
948 565 1139 619 Jesum
1170 563 1478 619 Christum.
1519 566 1635 628 12
1675 563 1734 617 Si
1769 570 1959 618 autem
1986 563 2076 632 27,
2117 563 2206 622 28.
2247 571 2312 620 tu
2349 567 2575 622 Judaeus
2604 570 3039 639 cognominaris,
3072 578 3130 626 et
3153 573 3462 644 requiescis

159 656 465 708 delecta-ris
504 655 567 708 in
595 655 744 724 lege,
793 659 852 709 et
888 652 1148 723 gloriaris
1188 651 1248 706 in
1285 651 1422 716 Deo,
1467 655 1524 704 et
1552 650 1699 705 nosti
1730 652 2074 707 voluntatem
2104 655 2244 724 ejus,
2268 663 2326 708 et
2353 655 2556 727 probas
2590 657 2835 719 utiliora,
2886 659 3197 715 instructus
3231 660 3324 718 29.
3354 679 3458 734 per

161 744 378 814 legem,
415 745 664 798 conﬁdis
689 749 748 798 te
775 744 966 815 ipsum
993 759 1116 797 esse
1133 743 1332 796 ducem
1356 756 1650 807 caecorum,
1679 740 1871 796 lumen
1910 758 2104 796 eorum
2127 743 2223 813 qui
2252 743 2311 797 in
2339 744 2586 799 tenebris
2615 752 2765 812 sunt,
2808 744 2921 812 30.,
2954 749 3298 804 eruditorem
3325 754 3460 819 legis

158 833 592 904 insipientium,
621 833 958 904 magistrum
984 830 1304 897 infantium,
1337 829 1636 884 habentem
1661 828 1751 886 31.
1778 829 2018 884 formam
2048 835 2328 900 exemplar
2345 833 2594 888 scientia
2614 840 2672 888 et
2697 835 2950 890 veritatis
2978 835 3037 890 in
3061 837 3204 907 lege.
3226 837 3318 892 32.
3351 838 3464 903 Qui

162 938 301 992 ergo
336 922 531 976 alium
558 923 748 990 doces,
777 923 1022 993 teipsum
1041 936 1156 974 non
1175 919 1340 974 doces
1365 937 1379 986 ;
1413 916 1501 974 33.
1536 918 1633 989 qui
1657 919 1928 990 praedicas
1958 935 2072 974 non
2100 920 2426 987 furandum,
2457 922 2664 978 furaris
2693 943 2706 992 ;
2735 925 2832 995 qui
2858 925 2998 979 dicis
3025 941 3140 980 non
3168 927 3456 982 mcechan-

162 1011 326 1077 dum,
357 1012 699 1080 maecharis;
724 1013 824 1082 qui
843 1009 1185 1064 abominaris
1204 1008 1359 1063 idola
1379 1005 1490 1070 34.,
1522 1007 1877 1078 sacrilegium
1897 1008 2052 1074 facis,
2075 1012 2326 1076 teipsum,
2351 1013 2452 1078 qui
2471 1026 2626 1064 sacer
2643 1028 2747 1066 esse
2769 997 3052 1081 debueras,
3071 1016 3260 1069 divino
3279 1017 3464 1070 cultui

163 1101 594 1167 subtrahendo;
626 1101 724 1173 qui
743 1101 803 1155 in
831 1101 955 1170 lege
976 1098 1257 1170 gloriaris,
1284 1114 1386 1168 per
1412 1096 1926 1168 praevaricationem
1951 1095 2090 1166 legis
2117 1096 2297 1150 Deum
2323 1097 2646 1153 inhonoras.
2675 1098 2764 1156 35.
2793 1101 3015 1156 Nomen
3043 1103 3195 1156 enim
3230 1103 3332 1157 Dei
3360 1118 3462 1174 per

166 1206 265 1243 vos
294 1189 738 1262 blasphematur
765 1189 914 1243 inter
937 1194 1155 1260 gentes,
1187 1187 1332 1241 sicut
1351 1185 1624 1256 scriptum
1655 1190 1742 1239 est
1762 1185 1836 1259 (in
1865 1184 2017 1240 Isaia
2045 1199 2149 1251 LII;
2195 1186 2390 1241 Ezech.
2435 1191 2565 1255 va).
2599 1190 2902 1258 Responsio.
2935 1190 3301 1247 Circumcisio
3330 1192 3458 1263 qui-

165 1278 297 1332 dem
329 1279 593 1350 prodest,
626 1279 674 1332 si
704 1280 887 1349 legem
917 1277 1202 1344 observes;
1225 1275 1274 1330 si
1295 1279 1484 1328 autem
1513 1274 1904 1344 praevaricator
1916 1274 2058 1344 legis
2074 1274 2522 1340 sis,circumcisio
2549 1282 2650 1332 tua
2675 1280 3009 1350 przeputium
3038 1280 3184 1336 facta
3211 1286 3316 1336 est.
3334 1280 3459 1336 Non

159 1371 354 1437 pluris
379 1373 462 1422 est
484 1371 762 1437 przputio
787 1367 1112 1436 gentilium.
1152 1365 1210 1420 Si
1239 1364 1412 1434 igitur
1439 1362 1774 1434 praeputium
1810 1361 2059 1432 justitias
2089 1362 2228 1432 legis
2260 1364 2559 1430 custodiat,
2592 1381 2779 1421 nonne
2811 1368 3150 1439 praeputium
3181 1369 3332 1424 illius
3360 1365 3456 1425 36.

163 1457 224 1510 in
253 1457 757 1512 circumcisionem
779 1455 1154 1528 reputabitur,
1183 1457 1346 1509 illius
1375 1453 1664 1506 collatione
1692 1451 2066 1516 damnaberis,
2099 1455 2157 1504 et
2177 1449 2453 1520 judicabit
2473 1452 2530 1506 id
2558 1454 2708 1524 quod
2738 1471 2804 1508 ex
2832 1461 3039 1510 natura
3061 1462 3148 1511 est
3173 1459 3456 1512 naturali-

167 1552 252 1600 ter
278 1549 644 1615 intelligitur
679 1545 1038 1617 praeputium,
1086 1543 1270 1614 legem
1302 1555 1720 1604 consummans,
1757 1540 2045 1607 perﬁciens
2068 1543 2144 1605 te,
2190 1539 2286 1609 qui
2325 1556 2429 1611 per
2471 1541 2720 1597 litteram
2751 1549 2809 1598 et
2835 1544 3314 1600 circumcisionem
3343 1561 3459 1599 non

165 1635 522 1688 observatam
550 1635 945 1705 praevaricator
969 1633 1108 1704 legis
1130 1632 1229 1688 es?
1281 1632 1586 1701 Responsio.
1617 1628 1744 1682 Non
1773 1625 1926 1679 enim
1965 1626 2062 1696 qui
2106 1627 2166 1680 in
2209 1628 2525 1696 manifesto,
2557 1631 2784 1686 Iudaeus
2813 1635 2953 1702 gest;
3006 1649 3190 1704 neque
3225 1650 3352 1706 quae
3387 1633 3449 1687 in

164 1722 498 1789 manifesto,
527 1724 588 1777 in
611 1739 798 1790 carne,
828 1727 916 1778 est
940 1721 1322 1788 circumcisio;
1354 1719 1453 1773 sed
1473 1717 1570 1789 qui
1593 1717 1652 1771 in
1680 1715 2025 1782 abscondito,
2061 1717 2288 1772 Iudaeus
2314 1725 2401 1773 est
2430 1722 2752 1776 laudandus
2782 1729 2858 1777 est
2888 1743 2904 1778 :
2934 1727 3010 1790 et,
3044 1725 3136 1777 sed
3161 1728 3260 1792 qui
3300 1725 3459 1778 habet

166 1812 314 1864 hanc
344 1813 857 1880 circumcisionem,
883 1809 1231 1865 circumcisio
1270 1807 1474 1873 cordis,
1517 1807 1830 1875 amputatio
1858 1807 2128 1862 vitiorum
2158 1807 2218 1862 in
2245 1808 2468 1879 spiritu,
2501 1825 2615 1865 non
2647 1810 2837 1867 littera
2861 1831 2875 1879 ;
2901 1813 3064 1884 cujus
3095 1812 3222 1868 laus
3249 1829 3364 1868 non
3393 1829 3460 1868 ex

167 1897 504 1953 hominibus
535 1899 636 1954 sed
655 1917 720 1954 ex
745 1901 862 1954 Deo
894 1904 998 1966 est,
1028 1901 1162 1970 quia
1189 1901 1358 1953 etiam
1389 1898 1636 1952 homines
1663 1909 2076 1963 nonnunquam
2105 1899 2448 1966 vituperant.

1563 2023 1680 2086 ιθ
1712 2017 1947 2073 CAPUT
1974 2016 2080 2074 III.

246 2129 300 2187 l.
330 2130 594 2199 Objectio.
629 2130 680 2184 l.
715 2129 863 2197 Quid
882 2144 1015 2200 ergo
1044 2127 1287 2200 amplius
1315 2127 1509 2183 Judan
1531 2124 1659 2180 est?
1700 2127 1801 2178 aut
1826 2140 1950 2194 quae
1985 2126 2200 2181 utilitas
2231 2127 2709 2185 circumcisionis?
2735 2133 3046 2200 Responsio.
3079 2132 3321 2188 Multum
3348 2151 3455 2206 per

171 2234 406 2273 omnem
425 2217 683 2274 modum.
711 2216 768 2276 2.
787 2217 1042 2273 Primum
1079 2217 1326 2290 quidem,
1358 2217 1494 2288 quia
1517 2213 1733 2270 credita
1750 2217 1884 2267 sunt
1912 2213 2024 2268 illis
2053 2215 2276 2288 eloquia
2299 2217 2420 2272 Dei.
2442 2219 2748 2288 Responsio.
2780 2219 2928 2285 Quid
2955 2221 3128 2290 enim,
3154 2221 3202 2276 si
3225 2222 3459 2294 quidam

1515 2327 2086 2386 COMMENTARIUS
2097 2373 2110 2388 .

239 2453 334 2508 24.
357 2454 621 2508 AIIIBOS.
673 2453 1067 2507 Testimonium
1106 2451 1382 2505 reddente.
1414 2450 1479 2504 In
1506 2447 1597 2502 die
1633 2445 1850 2517 judi—A
1873 2449 1977 2503 hoc
2004 2455 2108 2518 est,
2131 2455 2195 2504 tu
2223 2451 2319 2522 qui
2349 2452 2588 2523 gentiles
2616 2454 2807 2525 arguis
2838 2455 2988 2526 quod
3009 2456 3129 2511 sine
3142 2457 3266 2528 lege
3280 2457 3466 2514 etDeo

172 2543 266 2609 cii,
299 2543 426 2597 sola
451 2541 700 2596 hominis
739 2539 1082 2595 conscientia
1112 2539 1354 2593 sufﬁciet
1383 2537 1490 2592 sibi
1528 2536 1603 2590 ad
1629 2534 1786 2590 testi-
1865 2536 2256 2610 sint,§teipsum
2281 2557 2394 2595 non
2413 2541 2621 2611 arguis,
2647 2543 2907 2599 difﬁdens
2919 2545 2990 2599 de
3005 2545 3226 2601 Christo
3253 2547 3314 2602 in
3342 2547 3466 2618 lege

173 2632 454 2699 monium,
487 2630 624 2702 quia
645 2645 812 2685 nemo
829 2635 964 2685 tunc
982 2627 1254 2700 judicabit
1279 2627 1388 2682 nisi
1417 2625 1566 2697 quod
1589 2639 1785 2678 verum

173 2724 321 2774 erat.

241 2808 336 2865 25.
368 2810 634 2864 Annos.
664 2809 820 2862 Inter
847 2823 900 2861 se
927 2807 1349 2876 cogitationibus
1372 2802 1778 2859 accusantibus.

175 2898 423 2954 Gentilis
445 2896 790 2952 conscientia
817 2896 1190 2963 accusabitur,
1210 2893 1341 2966 quia
1367 2909 1480 2947 non
1513 2890 1621 2946 sibi
1649 2905 1784 2944 sua-

175 2988 251 3041 sit
279 3002 482 3040 verum
504 3001 629 3040 esse
657 2985 806 3056 quod
837 2990 894 3038 et
918 2984 1189 3039 virtutum
1213 2979 1552 3036 testimoniis
1569 2977 1786 3032 viderat

176 3075 528 3143 conﬁrmari,
577 3079 639 3128 et
683 3073 893 3128 multos
927 3072 1107 3146 sequi.
1151 3070 1426 3126 Eumdem
1474 3065 1778 3133 excusabit,

177 3165 313 3235 quia
340 3151 551 3218 debere
579 3163 805 3218 credere
827 3177 941 3216 non
968 3162 1204 3234 putavit,
1235 3174 1418 3231 neque
1442 3164 1633 3212 tamen
1663 3155 1783 3210 sine

177 3269 346 3322 ptena
373 3252 507 3306 erit.
551 3251 654 3305 Vel
680 3251 1007 3305 haereticum
1055 3250 1202 3305 bona
1239 3247 1525 3320 cogitatio,
1557 3243 1782 3317 quando

177 3357 371 3395 veram
399 3358 526 3396 esse
548 3347 606 3396 et
626 3340 960 3395 catholicam
978 3339 1275 3394 intellexit.
1306 3337 1456 3392 Mala
1482 3340 1674 3390 autem
1695 3349 1783 3387 ac-

179 3430 420 3497 cusabit,
443 3431 598 3502 quia,
626 3447 700 3484 ne
719 3429 1051 3485 emendatus
1079 3428 1385 3493 videretur,
1408 3422 1780 3496 superbiendo

179 3519 524 3574 contradixit
548 3519 794 3574 veritati.

246 3607 339 3664 26.
373 3611 640 3665 Invicem.
668 3610 797 3663 Non
823 3607 960 3663 dicit
989 3606 1138 3679 quod
1173 3605 1382 3661 easdem
1413 3601 1782 3673 cogitationes

180 3704 453 3754 awusent
475 3705 534 3752 et
567 3697 891 3764 defendant,
922 3697 1020 3751 sed
1046 3695 1292 3750 vicissim
1320 3693 1576 3765 quaedam
1620 3706 1784 3744 accu-

1865 2643 2162 2699 promisso.

1937 2717 2026 2775 33.
2070 2721 2178 2787 Qui
2199 2723 2467 2789 praedicas
2506 2737 2619 2776 non
2656 2724 2996 2792 furandum,
3027 2725 3268 2791 furoris.
3303 2725 3465 2782 Facis

1868 2809 2019 2880 quod
2048 2809 2318 2881 praedicas
2349 2811 2473 2865 ﬁeri
2501 2828 2616 2866 non
2637 2811 2860 2880 debere,
2892 2810 3028 2866 dum
3057 2812 3228 2867 ﬁdem
3248 2813 3459 2869 Christi

1866 2915 1900 2953 a
1926 2899 2051 2968 lege
2078 2915 2180 2969 per
2202 2899 2411 2953 malam
2443 2899 2968 2972 interpretationem
2987 2899 3265 2971 subripis;
3297 2907 3356 2955 et
3378 2902 3463 2957 le-

1863 3003 1994 3057 gem
2030 2987 2360 3054 adulteras,‘
2383 3004 2530 3054 cum,
2578 2987 2766 3042 ablata
2811 2988 3064 3054 veritate,
3106 2988 3463 3045 mendacium

1864 3075 2055 3146 ponis;
2089 3081 2146 3130 et
2173 3076 2478 3147 sacrilegus
2507 3093 2583 3142 es,
2616 3077 2749 3131 dum
2781 3077 3089 3145 Christum,
3131 3093 3297 3148 quem
3327 3093 3462 3148 pro-

1862 3165 2118 3236 pheticus
2145 3181 2330 3219 sermo
2349 3165 2648 3236 signiﬁcat,
2679 3181 2872 3237 negas.

1935 3251 2025 3310 34.
2072 3253 2290 3309 Laure.
2332 3254 2724 3322 Sacrilegium.
2771 3255 3139 3327 Sacrilegium
3179 3255 3335 3311 enim
3374 3262 3462 3312 est

1863 3339 2142 3394 culturam
2169 3339 2274 3394 Dei
2302 3339 2546 3406 auferre,
2589 3345 2648 3394 et
2667 3340 3013 3395 daemonibus
3039 3341 3196 3396 dare.

1935 3426 2022 3485 35.
2053 3429 2268 3484 Nomen
2294 3431 2447 3483 enim
2473 3430 2574 3483 Dei
2591 3445 2694 3499 per
2729 3445 2820 3484 vos
2859 3431 3289 3500 blasphematur.
3321 3430 3459 3487 Cre-

1863 3517 2109 3572 dendum
2167 3523 2254 3572 est
2306 3517 2524 3588 aliquos
2576 3534 2643 3572 ex
2699 3518 2908 3573 Iudaeis
2946 3518 3296 3574 Christianos
3337 3536 3462 3575 esse

1865 3607 2042 3675 tales;
2074 3622 2188 3661 non
2216 3611 2406 3661 tamen
2437 3622 2652 3674 omnes,
2683 3623 2756 3662 ne
2784 3607 2860 3662 sit
2885 3607 3201 3663 contrarius
3219 3607 3325 3662 sibi
3355 3609 3466 3680 ipsi

1865 3697 1925 3750 in
1958 3695 2360 3768 superioribus,
2398 3695 2495 3751 ubi
2532 3695 2650 3751 ait:
2683 3698 2837 3751 Fides
2862 3702 3043 3751 vestra
3070 3700 3463 3755 annuntiatur

179 3795 324 3857 sent,
356 3789 616 3860 quaedam
648 3787 954 3843 defendant
975 3793 1173 3842 contra
1204 3785 1582 3856 malignorum
1612 3781 1779 3852 spiri-
1798 3771 1848 3832 Β
1866 3788 1929 3840 in
1957 3788 2214 3840 universo
2242 3787 2470 3840 mundo.
2517 3785 2645 3840 Non
2690 3785 2843 3840 enim
2871 3785 3011 3840 ﬁdes
3046 3785 3169 3842 sine
3198 3785 3462 3857 operibus

179 3883 341 3932 tuum
365 3878 806 3933 accusationem.
837 3878 907 3932 Et
933 3877 1160 3931 attende
1188 3875 1460 3930 ablativos
1487 3889 1589 3945 pro
1615 3870 1779 3942 geni-

179 3967 310 4022 tivis
340 3984 502 4023 more
531 3968 873 4036 Graecorum,
906 3967 1002 4040 qui
1047 3966 1303 4022 ablativis
1330 3969 1544 4018 carent.
1588 3962 1781 4016 Potest

183 4059 286 4112 hoc
309 4058 478 4113 modo
506 4057 692 4112 audiri
717 4077 730 4110 :
761 4062 820 4111 et
843 4056 1182 4111 conscientia
1203 4053 1626 4126 cogitationum.

249 4144 342 4204 27.
377 4149 460 4202 Tu
492 4151 681 4202 autem
717 4148 940 4201 Judaus
983 4145 1412 4215 cognominaris.
1455 4143 1583 4196 Non
1620 4139 1780 4194 valde

184 4253 456 4307 magnum
483 4235 660 4290 videri
687 4235 811 4290 vult
835 4234 882 4289 si
911 4234 1136 4289 Iudaeus
1163 4233 1374 4298 credat,
1417 4231 1622 4302 quippe
1649 4244 1779 4282 cum

185 4328 257 4381 sit
274 4327 585 4381 instructus
614 4342 716 4396 per
744 4325 943 4394 legem.
975 4322 1358 4378 Periculosum
1399 4325 1592 4374 autem
1618 4317 1779 4373 valde

186 4416 230 4470 si
257 4431 373 4469 non
402 4414 624 4481 credat;
655 4413 855 4466 ducem
884 4411 1035 4464 enim
1061 4408 1231 4463 habet
1248 4409 1452 4479 legem.

251 4503 345 4561 28.
369 4504 586 4560 Larum.
622 4503 700 4556 Tu
731 4506 918 4556 autem
944 4501 1165 4554 Judaeus
1197 4499 1628 4567 cognominaris.
1674 4497 1776 4550 Ju-

185 4594 331 4648 deos
359 4591 662 4646 humiliare
677 4594 947 4657 conatur;
980 4588 1076 4659 qui
1097 4603 1164 4642 ex
1186 4592 1414 4657 accepta
1435 4585 1558 4656 lege
1576 4601 1776 4656 super-

186 4682 432 4748 biebant,
461 4687 519 4734 et
543 4685 742 4751 gentes
772 4677 932 4750 quasi
959 4676 1296 4749 peccatrices
1324 4674 1724 4746 despiciebant.

252 4772 342 4830 29.
373 4775 631 4826 AIBBOS.
661 4772 764 4824 Per
817 4773 985 4837 legem
1031 4769 1258 4835 conﬁdis
1303 4771 1350 4820 te
1393 4768 1587 4820 ducem
1627 4781 1781 4819 caeco-

190 4878 335 4917 rum.
356 4861 526 4932 Legis
552 4860 953 4915 documentum
983 4862 1086 4923 est,
1112 4856 1339 4910 erudire
1365 4845 1677 4926 imperitos,
1721 4860 1780 4908 et

187 4953 298 5008 Deo
333 4950 609 5020 subjicere
635 4947 918 5020 profanos,
948 4952 1006 5001 et
1042 4945 1112 5000 ab
1153 4944 1475 5000 idololatria
1501 4944 1573 4998 ad
1610 4944 1779 4998 ﬁdem

190 5056 465 5096 revocare.

1859 3874 2144 3929 laudanda
2166 3876 2274 3929 bst.
2304 3874 2375 3928 Et
2400 3875 2460 3928 in
2479 3873 2967 3946 subsequentibus,
3011 3890 3106 3928 eos
3133 3889 3262 3929 cum
3290 3880 3458 3930 caete-

1860 3964 1940 4018 ris
1966 3964 2163 4035 plenos
2203 3963 2502 4018 dilectione
2541 3980 2683 4018 esse.
2733 3963 2832 4018 Est
2859 3967 3052 4017 autem
3097 3961 3372 4032 scriptum
3394 3962 3455 4018 in

1861 4051 2155 4108 Ezechiele
2184 4072 2197 4108 :
2232 4054 2300 4107 Et
2329 4055 2568 4120 ingressi
2599 4057 2733 4106 sunt
2759 4053 2836 4106 ad
2869 4055 3070 4119 gentes,
3101 4052 3176 4105 ad
3205 4067 3342 4120 quas
3367 4053 3456 4107 in-

1862 4143 2161 4209 troierunt,
2189 4145 2238 4195 et
2249 4143 2573 4208 polluerunt
2593 4154 2794 4193 nomen
2811 4144 3068 4193 sanctum
3096 4140 3460 4210 meum,qu0d

1858 4229 2137 4301 polluistis
2165 4229 2224 4284 in
2251 4227 2533 4300 gentibus.

1933 4319 2022 4375 36.
2071 4323 2140 4376 In
2191 4321 2690 4384 circumcisionem,
2718 4316 2777 4372 id
2806 4323 2911 4385 est,
2959 4320 3185 4371 tantum
3226 4317 3460 4389 prodest

1860 4409 1968 4465 sibi
1998 4410 2094 4482 qui
2121 4408 2349 4481 gentilis
2376 4411 2481 4471 est,
2522 4410 2797 4478 quantum
2825 4405 2874 4459 si
2911 4404 3138 4460 Iudaeus
3180 4409 3348 4459 esset.
3389 4405 3461 4461 Et

1854 4499 2148 4570 judicabit,
2180 4498 2239 4552 id
2263 4502 2349 4551 est
2366 4494 2844 4567 comparationem
2864 4494 2954 4549 sui
2978 4491 3342 4563 judicabilem
3369 4492 3460 4548 fa-

1857 4589 1970 4642 ciet
1995 4595 2054 4643 et
2076 4585 2472 4643 damnabilem.

1931 4677 2088 4732 CAP.
2122 4677 2223 4733 IlI.
2256 4703 2322 4716 -—
2354 4675 2404 4732 1.
2429 4676 2685 4730 AMBROS.
2718 4673 2864 4741 Quid
2887 4687 3013 4740 ergo
3038 4675 3286 4742 amplius
3324 4679 3401 4727 est
3426 4673 3458 4726 ?

1862 4767 2142 4833 Quoniam
2169 4765 2377 4821 Judaeis
2409 4763 2713 4818 incredulis
2731 4759 2874 4816 nihil
2901 4761 3172 4833 proﬁcere
3199 4761 3456 4816 testimo-

1862 4857 2022 4911 nium
2047 4855 2271 4926 generis
2291 4853 2557 4920 ostendit,
2587 4869 2660 4906 ne
2686 4851 2975 4906 credentes
3003 4851 3151 4905 male
3187 4855 3459 4906 tractasse

1858 4946 2163 5012 videretur,
2184 4945 2346 4998 docet
2363 4943 2608 4998 multum
2627 4941 2768 4995 utile
2785 4956 2906 4994 esse
2923 4939 3301 5006 credentibus,
3325 4939 3458 5010 quia

1860 5035 1962 5090 ﬁlii
2009 5035 2249 5090 Abrahae
2303 5037 2455 5088 sunt.
2509 5032 2656 5086 Nam
2701 5030 2785 5085 eis
2827 5034 2962 5084 sunt
2998 5029 3212 5085 credita
3239 5027 3463 5098 eloquia

251 5129 338 5187 30.
376 5130 603 5186 Occulta
632 5129 944 5183 hominum.
977 5126 1208 5182 Occulta
1227 5125 1651 5198 judicabuntur.
1673 5124 1843 5193 Pu-c
1860 5124 1984 5181 Dei.

189 5221 322 5277 blica
349 5237 456 5293 per
483 5218 760 5275 humilem
787 5217 1193 5273 confessionem
1215 5233 1330 5272 non
1350 5214 1775 5287 judicabuntur.

253 5310 338 5370 31.
363 5314 581 5369 LANFR.
618 5309 877 5364 Formam
901 5310 1158 5362 scientia.
1188 5306 1247 5362 Si
1283 5306 1408 5377 quis
1440 5305 1574 5360 velit
1599 5305 1780 5360 scien-

190 5404 316 5459 tiam
361 5407 424 5457 et
446 5399 747 5454 veritatem
775 5396 998 5464 habere,
1032 5396 1092 5451 in
1135 5401 1194 5451 te
1238 5395 1418 5468 possit
1456 5395 1697 5450 formam
1727 5401 1786 5450 et

187 5493 463 5566 exemplar
481 5490 754 5562 aspicere.

248 5585 334 5644 32.
361 5585 628 5640 ΑκΒιῑοε.
661 5581 770 5648 Qui
800 5579 981 5634 alium
1008 5579 1177 5647 doces,
1200 5583 1248 5633 te
1268 5581 1451 5647 ipsum
1479 5595 1592 5633 non
1618 5581 1786 5646 doces,

1929 5215 1984 5274 2.
2011 5215 2218 5272 Laure.
2243 5216 2502 5269 Primum
2524 5213 2765 5282 quidem,
2786 5209 2844 5264 id
2864 5212 2967 5274 est,
2989 5207 3216 5280 quidam
3236 5203 3460 5260 Judmo-

1865 5325 1992 5370 rum
2033 5306 2393 5361 crediderunt
2431 5302 2796 5373 Evangelium
2837 5298 3068 5364 Christi,
3117 5293 3380 5350 instructi
3431 5309 3469 5348 a

1868 5395 2329 5470 pradicatoribus
2373 5393 2515 5448 Novi
2553 5388 2924 5454 Testamenti,
2951 5384 3184 5440 verbum
3223 5383 3368 5454 legis
3406 5387 3466 5438 et

1870 5488 2296 5560 prophetarum,
2318 5482 2469 5556 quod
2496 5480 2716 5535 facilius
2739 5478 2949 5532 factum
2971 5479 3058 5531 est
3083 5474 3144 5529 in
3159 5473 3272 5530 illis
3292 5489 3466 5546 quam

1871 5579 1933 5632 in
1943 5577 2028 5634 eis
2046 5577 2144 5653 qui
2157 5573 2376 5633 Veteris
2394 5569 2740 5628 Testamenti
2759 5566 2984 5641 penitus
3003 5568 3266 5637 expertes
3281 5569 3464 5620 erant.
