3952 6422
163 405 238 471 illi
337 413 409 466 ΙΝ
444 411 506 465 D.
547 407 764 462 PAULI
800 401 1021 458 EPIST.
1064 397 1590 455 COMMENTARII.
1631 427 1699 442 --
1737 398 1815 454 IN
1854 397 2098 454 OMNES
2136 396 2361 453 EPIST.
2399 398 2467 452 D.
2510 385 2727 454 PAULI
2765 399 3162 457 PREFATIO.
3279 399 3380 458 102

161 533 479 608 preparavit;
507 531 657 603 quod
696 534 755 584 et
773 525 1202 598 archiepiscopis
1232 528 1422 578 essent
1453 524 1698 577 delecta-
1714 524 1925 586 Asiam
1953 528 2216 578 canentes
2242 521 2412 576 verba
2456 539 2601 590 mea,
2632 523 2862 577 interim
2907 525 3234 580 sonantibus
3262 542 3377 581 om-

162 624 271 679 tioni
286 629 336 676 et
360 621 574 685 honori,
591 625 650 674 et
661 617 1003 690 pauperibus
1023 613 1467 684 hominibus,qui
1488 613 1702 666 archie-
1783 612 1948 667 nibus
1972 613 2163 682 signis.
2197 613 2332 666 Post
2355 628 2570 665 coenam
2611 613 2826 683 pulsato
2856 613 3015 684 signo
3035 615 3106 668 ad
3134 615 3369 685 vigilias,

161 711 356 782 pisoopis
385 710 574 763 domos
610 707 914 778 sepissime
945 703 1354 776 preparabant,
1382 707 1568 756 essent
1590 699 1699 773 [in]
1784 718 1977 755 omnes
2001 701 2164 755 solito
2192 717 2348 754 more
2378 701 2739 769 conveniant;
2773 703 2924 773 ipsas
2936 703 3150 772 vigilias
3178 704 3373 760 festive

162 801 271 854 tanti
294 798 484 852 laboris
525 795 987 850 sublevationem.
1019 791 1327 846 Ecclesiam
1365 791 1538 844 etiam
1567 790 1701 844 Rof—
1782 797 2080 860 peragant;
2115 790 2490 854 duotertium,
2513 793 2627 843 tres
2646 796 2883 858 sextum,
2909 798 3151 862 quatuor
3168 810 3379 847 nonum

161 891 328 943 fessam
353 904 384 941 a
421 885 803 942 fundamentis
831 882 1078 952 incoepit,
1127 882 1428 950 incmptam
1467 880 1700 932 honeste
1781 881 2199 948 responsorium
2228 884 2452 932 canant.
2486 879 2551 932 ln
2577 880 2821 933 crastino
2853 880 3088 952 quisque
3118 882 3378 936 sacerdos

159 978 360 1049 perfecit,
383 992 550 1046 quam
577 974 772 1028 multis
804 978 861 1026 et
904 971 1153 1025 honestis
1201 969 1484 1023 decoravit
1533 985 1699 1021 orna-
1782 969 2011 1021 missam
2029 983 2200 1021 unam
2215 983 2316 1037 pro
2339 984 2403 1021 eo
2424 967 2707 1021 celebrare
2724 968 2921 1036 debet;
2947 975 3004 1023 et
3020 971 3115 1041 qui
3146 971 3377 1026 missam

159 1066 337 1119 mentis.
367 1065 601 1134 Insuper
637 1068 696 1116 et
737 1061 1098 1115 reverendam
1127 1058 1266 1111 inibi
1295 1058 1699 1112 monachorum
1781 1073 1894 1110 non
1923 1061 2152 1110 cantant
2177 1055 2588 1126 quinquaginta
2614 1057 2860 1126 psalmos
2904 1063 3091 1112 cantet
3148 1060 3211 1132 [ι.
3243 1077 3378 1114 can-

158 1154 434 1224 religionem
460 1151 732 1206 instituit.
771 1151 973 1204 Terras
1001 1149 1071 1201 de
1100 1147 1343 1201 Ecclesia
1367 1147 1532 1215 longo
1559 1151 1701 1198 tem-
1782 1142 2152 1215 tent.]Missa
2164 1144 2222 1196 in
2238 1149 2511 1196 conventu
2531 1144 2590 1196 in
2601 1144 2743 1197 albis
2756 1145 2949 1199 festive
2960 1146 3289 1215 celebretur;
3307 1149 3378 1202 ad

155 1259 261 1313 pore
282 1241 484 1294 ablatas
508 1239 836 1310 acquisivit;
858 1254 997 1307 quas
1013 1236 1299 1290 monachis
1315 1235 1385 1288 ad
1401 1234 1606 1288 victum
1644 1240 1701 1288 et
1782 1249 1950 1303 quam
1970 1239 2167 1286 cantor
2194 1237 2252 1285 et
2278 1249 2405 1285 cum
2435 1247 2498 1284 eo
2524 1232 2634 1286 duo
2659 1233 2756 1285 alii
2786 1234 2989 1288 fratres
3020 1237 3151 1302 sint,
3185 1238 3376 1309 cappis

154 1331 368 1386 mutum
392 1329 602 1383 habere
623 1327 896 1399 permisit.
930 1327 1044 1380 Nec
1072 1342 1187 1378 non
1211 1324 1500 1378 ecclesiam
1520 1324 1576 1379 S.
1608 1324 1702 1376 ΑΙ·
1779 1321 1962 1374 induti
1995 1340 2008 1373 :
2039 1326 2153 1374 tres
2177 1321 2247 1373 ad
2276 1320 2714 1390 responsorium,
2749 1328 2988 1391 quatuor
3003 1325 3074 1376 ad
3103 1330 3369 1392 tractum,

150 1421 252 1473 boni
273 1418 514 1473 fundavit
568 1422 628 1471 et
673 1417 790 1470 fere
820 1414 1227 1469 consummavit
1261 1432 1272 1479 ;
1327 1429 1499 1484 quam
1527 1413 1700 1464 etiam
1781 1410 2040 1463 similiter
2067 1410 2127 1463 in
2155 1409 2362 1480 cappis.
2383 1409 2467 1462 Ad
2498 1425 2771 1480 pauperes
2801 1413 3105 1481 pascendos
3128 1413 3249 1483 ipso
3281 1414 3373 1468 die

150 1507 301 1562 multis
323 1512 378 1562 et
400 1505 666 1578 pretiosis
695 1503 1040 1560 ornamentis
1062 1501 1367 1572 ampliavit.
1781 1499 2117 1552 thesaurarii
2143 1499 2349 1552 debent
2367 1498 2502 1550 dare
2533 1499 2908 1569 quadraginta
2931 1501 3159 1554 solidos.
3193 1503 3378 1556 Servi-

199 1599 403 1665 Semper
430 1597 656 1665 legatur
684 1593 870 1647 obitus
901 1591 1196 1645 Lanfranci
1235 1591 1294 1644 in
1322 1591 1519 1644 ordine
1571 1607 1694 1656 suo,
1779 1589 1923 1642 tium
1953 1587 2229 1641 refectorii
2259 1587 2453 1640 festive
2473 1588 2594 1640 ﬁeri
2623 1587 2807 1654 debet,
2829 1589 2976 1643 sicut
2991 1590 3048 1643 in
3073 1591 3372 1646 festivitate

145 1686 244 1740 licet
263 1686 314 1739 in
340 1683 696 1739 hebdomada
717 1683 1072 1735 Pentecostes
1100 1680 1414 1749 contigerit.
1443 1680 1696 1732 Pronun-
1779 1678 1946 1730 unius
1976 1676 2239 1747 apostoli.
2263 1675 2507 1730 Ecclesia
2542 1683 2741 1746 parata
2764 1684 3110 1747 permaneat,
3147 1680 3290 1735 sicut
3317 1681 3376 1735 in

145 1775 252 1828 tiato
290 1772 681 1827 Anniversario
709 1771 921 1824 domini
960 1769 1259 1823 Lanfranci
1293 1767 1695 1838 archiepiscopi
1775 1766 2074 1820 festivitate
2105 1766 2161 1820 S.
2193 1764 2511 1836 Augustini,
2535 1767 2712 1819 donec
2731 1773 3037 1837 peragatur
3056 1769 3366 1825 servitium.

145 1863 188 1917 in
207 1862 446 1933 capitulo,
471 1877 670 1918 omnes
701 1859 870 1914 simul
889 1858 1089 1912 fratres
1117 1857 1426 1928 procedant
1441 1857 1499 1910 in
1519 1856 1694 1911 eccle-

149 2085 2517 2115 Μ

2519 2085 3364 2118 W

817 2275 1416 2382 BATI
1488 2272 2654 2386 LANPBANCI

439 2503 739 2560 PRIORIS
775 2499 1186 2566 BECCENSIS,
1229 2499 1404 2554 DEIN
1442 2497 1650 2554 PRIMI
1687 2497 1994 2552 ABBATIS
2037 2498 2094 2551 S.
2139 2497 2497 2552 STEPHANI
2539 2497 3019 2567 CADOMENSIS,

1562 2659 1634 2698 AC
1667 2657 1907 2698 TANDEM

1025 2789 1695 2858 ARCHIEPISCOPI
1749 2790 2454 2857 CANTUARIENSIS

407 2964 550 3080 IN
620 2960 1007 3077 OMNES
1071 2955 1454 3072 PAULI
1516 2953 2142 3070 EPISTOLAS
2207 2901 3052 3074 COMHENTARII

747 3161 1030 3256 CUM
1106 3156 1802 3257 GLOSSULA
1877 3155 2749 3258 INTERJECTA.

206 3348 496 3411 Prodeunt
520 3367 679 3408 nunc
703 3348 966 3428 primum
999 3345 1061 3404 in
1081 3342 1277 3428 lucem
1306 3341 1605 3428 ex_codz’ce
1635 3361 1817 3428 manu
1848 3350 2099 3428 antegua
2130 3352 2403 3428 esarata
2421 3345 2776 3405 monasterii
2802 3346 3024 3408 Sancti
3048 3347 3308 3410 Μειαηίί

1062 3421 1422 3482 Redonensz's
1449 3423 1919 3500 congregationis
1949 3422 2168 3483 Sancti
2192 3423 2415 3483 Mauri.

672 3699 741 3760 ³
835 3704 1519 3838 INCIPIT
1620 3685 1746 3766 ‘5‘”
1831 3699 2233 3830 ΡΡυἘ

1227 3704 1519 3835 PIT
1620 3685 1746 3766 (⁵θ)
1831 3696 2788 3830 ΡΒᾸΕῈΑΤΙΟ

1062 3937 1140 3992 ΙΝ
1176 3935 1424 3992 OMNES
1461 3932 1854 3990 EPISTOLAS
1891 3931 2154 3990 SANCTI
2193 3931 2430 3988 PAULI.

203 4197 434 4254 Primum
467 4199 777 4270 [quaeritur
832 4213 1005 4269 quare
1059 4201 1187 4267 post
1231 4193 1550 4264 Evangelia,
1592 4193 1775 4264 quaeB
1795 4196 2093 4258 stamenio,
2115 4196 2176 4246 et
2201 4209 2263 4245 se
2290 4196 2488 4247 contra
2516 4193 2698 4262 legem
2726 4209 2839 4253 non
2865 4193 3048 4252 facere
3075 4196 3274 4267 Moysi,
3313 4197 3387 4252 ad

150 4289 568 4357 supplementum
587 4288 729 4358 legis
753 4293 902 4352 sunt,
940 4293 998 4341 et
1025 4286 1084 4341 in
1111 4283 1313 4356 quibus
1342 4282 1503 4338 nobis
1525 4299 1712 4340 exem—
1794 4297 2094 4340 numerum
2135 4280 2450 4351 primorum
2494 4281 2756 4350 Decalogi
2811 4284 3210 4341 mandatorum
3255 4303 3390 4341 suas

151 4375 225 4442 pla
271 4384 322 4430 et
371 4382 659 4449 praecepta
693 4376 910 4429 vivendi
941 4374 1264 4449 plenissime
1292 4372 1510 4442 digesta
1556 4375 1708 4436 sunt,
1795 4371 2074 4444 Epistolas
2124 4371 2422 4429 destinavit
2478 4369 2828 4441 [ordinavit],
2862 4378 2920 4428 et
2947 4379 3084 4443 quot
3131 4375 3226 4430 ille
3253 4393 3391 4446 pm-

153 4464 354 4519 voluerit
377 4466 685 4538 Apostolus
706 4465 806 4518 has
832 4464 1108 4534 Epistolas
1142 4463 1212 4517 ad
1244 4461 1495 4532 singulas
1524 4460 1715 4516 Eccle-
1795 4461 1971 4533 ceptis
2001 4476 2036 4514 a
2077 4459 2372 4516 Pharaone
2401 4459 2651 4517 instituit
2678 4459 2962 4528 liberatos,
3012 4463 3250 4522 totidem
3298 4466 3390 4519 hic

153 4550 243 4605 sias
270 4554 588 4609 destinare?
612 4555 725 4607 Hac
752 4559 942 4606 autem
968 4568 1141 4607 causa
1156 4551 1368 4606 factum
1385 4549 1621 4616 videtur,
1654 4553 1719 4602 ut
1798 4548 2060 4619 Epistolis
2103 4565 2138 4602 a
2164 4547 2372 4604 diaboli
2407 4553 2464 4604 et
2507 4548 2837 4608 idololatriae
2876 4550 3142 4605 servitute
3198 4553 3398 4608 edocet

153 4641 334 4696 scilicet
354 4644 516 4698 initia
544 4642 827 4697 nascentis
866 4642 1125 4698 Ecclesiae
1179 4639 1336 4695 novis
1385 4638 1568 4694 causis
1599 4637 1715 4692 exi-
1800 4636 2121 4708 acquisitos.
2172 4638 2316 4691 Nam
2341 4641 2402 4690 et
2427 4637 2570 4692 duas
2599 4637 2818 4697 tabulas
2848 4639 3118 4710 lapideas,
3149 4642 3394 4696 duorum

153 4732 394 4786 stentibus
424 4731 778 4803 praeveniret,
812 4735 868 4783 et
887 4737 952 4786 ut
975 4729 1273 4800 praesentia
1290 4733 1458 4799 atque
1479 4726 1720 4783 orientia
1798 4728 2285 4784 Testamentorum
2306 4727 2545 4796 ﬁguram
2576 4726 2842 4783 habuisse
2876 4728 2980 4784 viri
3026 4731 3392 4787 eruditissimi

153 4827 400 4876 resecaret
418 4822 562 4874 vitia
592 4838 602 4871 :
631 4825 688 4873 et
716 4825 842 4889 post
868 4819 1086 4874 futuras
1116 4817 1435 4874 excluderet
1465 4813 1720 4891 quaestio-
1800 4815 2175 4874 tradiderunt.
2207 4815 2512 4885 Epistolam
2542 4832 2680 4873 sane
2711 4833 2834 4886 quae
2863 4818 2934 4873 ad
2965 4819 3228 4874 Hebraeos
3255 4822 3396 4875 seri.

155 4911 500 4982 nes,exemplo
519 4903 939 4982 prophetarum,
971 4907 1085 4978 qui,
1119 4911 1246 4979 post
1289 4904 1499 4960 editam
1537 4903 1720 4974 legem
1801 4905 1971 4971 bitur,
2007 4905 2236 4974 quidam
2270 4905 2432 4960 Pauli
2460 4921 2573 4960 non
2610 4922 2732 4961 esse
2758 4907 3123 4974 contendunt,
3157 4927 3222 4963 eo
3246 4911 3396 4980 quod

156 4993 322 5067 Moysi,
353 5000 412 5053 in
437 5016 555 5070 qua
584 4996 772 5051 omnia
799 4997 900 5052 Dei
931 4996 1198 5052 mandata
1238 4994 1588 5066 legebantur,
1630 4992 1720 5048 ni-
1802 4993 2002 5052 nonsit
2028 4995 2149 5063 ejus
2161 4994 2390 5052 nomine
2407 4994 2719 5059 titulata,et
2739 5001 2972 5066 propter
2988 4998 3263 5054 sermonis
3281 5005 3398 5068 sty-

158 5081 426 5142 hilominus
454 5095 650 5144 tamen
670 5086 925 5142 doctrina
963 5102 1065 5140 sua
1089 5084 1337 5140 rediviva
1372 5098 1594 5154 semper
1618 5097 1718 5154 po-
1801 5083 1950 5154 lique
1980 5082 2327 5146 distantiam,
2363 5083 2465 5138 sed
2496 5088 2596 5140 aut
2622 5084 2892 5144 Barnabas
2914 5086 3074 5154 juxta
3096 5087 3397 5140 Tertullia-

159 5173 254 5238 puli
278 5192 656 5248 compressere
681 5180 927 5246 peccata,
962 5180 1018 5230 et
1046 5179 1275 5246 propter
1305 5171 1619 5242 exemplum
1646 5170 1722 5225 vi-
1803 5189 1958 5237 num,
1993 5177 2090 5229 aut
2113 5174 2274 5228 Lucae
2299 5173 2461 5242 juxta
2497 5173 2790 5242 quosdam,
2822 5174 2908 5228 vel
2949 5181 3101 5228 certe
3141 5176 3396 5230 Clemen-

158 5263 294 5317 vendi
319 5265 490 5320 libros
519 5265 593 5320 ad
623 5270 874 5319 nostram
904 5263 1073 5319 etiam
1101 5262 1432 5319 memoriam
1463 5259 1724 5318 transmi-
1803 5261 1876 5315 tis
1900 5261 2162 5331 discipuli
2187 5261 2570 5332 apostolorum
2612 5271 2668 5320 et
2719 5262 2963 5334 episcopi
2993 5264 3256 5318 Romanas
3300 5266 3400 5318 Ec-

160 5361 342 5407 serunt.
389 5353 610 5409 Deinde
655 5353 926 5424 quaeritur
969 5369 1069 5408 cur
1107 5368 1222 5408 non
1265 5351 1507 5421 amplius
1553 5364 1722 5423 quam
1805 5351 1984 5408 clesiae
2013 5357 2141 5421 post
2168 5351 2448 5422 apostolos
2496 5350 2740 5408 ordinati
2771 5354 3035 5423 (TsanL.
3067 5352 3165 5406 lib.
3198 5355 3272 5407 De
3295 5371 3400 5422 pu-

161 5437 323 5496 decem
338 5443 621 5516 Epistolas
646 5442 718 5495 ad
743 5442 1014 5497 Ecclesias
1037 5441 1355 5512 scripserit:
1376 5441 1568 5498 decem
1587 5442 1725 5494 sunt
1806 5441 2022 5506 dicitia,
2041 5457 2166 5510 cap.
2213 5439 2302 5495 20.
2335 5441 2536 5497 Ensss.
2569 5439 2665 5496 lib.
2721 5455 2777 5494 IV
2808 5442 2952 5495 Hist.
2981 5458 3031 5495 ε.
3066 5442 3116 5508 8,
3151 5441 3404 5514 Epistula

161 5529 284 5586 enim
305 5548 426 5588 cum
449 5549 520 5586 ea
539 5548 661 5602 quae
677 5530 884 5587 dicitur
913 5531 983 5586 ad
1008 5531 1300 5599 Hebraeos;
1331 5546 1463 5584 nam
1491 5529 1723 5602 reliquae
1739 5517 1780 5578 C
1806 5529 1878 5584 ad
1907 5528 2170 5584 Hebraeos
2200 5529 2335 5599 quin
2363 5529 2525 5582 Pauli
2549 5529 2661 5598 sit).
2713 5529 2928 5591 Quibus
2949 5532 3402 5601 respondendum

161 5627 371 5686 quatuor
397 5622 468 5676 ad
499 5620 802 5693 discipulos
825 5620 1140 5690 specialiter
1165 5625 1300 5678 sunt
1329 5624 1617 5690 porrectae.
1650 5617 1726 5680 Ut
1808 5623 1894 5672 est
1923 5636 1934 5669 :
1970 5618 2030 5674 Si
2058 5624 2354 5688 propterea
2409 5617 2570 5676 Pauli
2624 5633 2739 5672 non
2791 5617 2898 5672 erit
2944 5620 3082 5689 quia
3115 5623 3240 5689 ejus
3285 5639 3400 5677 non

159 5710 452 5764 ostenderet
499 5710 723 5763 Novum
759 5725 870 5762 non
929 5709 1244 5780 discrepare
1295 5725 1330 5761 a
1383 5708 1574 5762 Veteri
1625 5709 1726 5762 Te-
1805 5707 1975 5761 habet
2026 5724 2253 5773 nomen,
2311 5723 2441 5776 ergo
2482 5723 2583 5760 nec
2604 5706 2842 5778 alicujus
2871 5708 3000 5779 erit,
3030 5710 3163 5781 quia
3189 5711 3400 5766 nullius

229 5795 325 5863 (50)
349 5799 480 5855 Haec
509 5802 572 5854 et
589 5813 832 5870 sequens
853 5797 1112 5855 Praefatio
1142 5797 1204 5854 in
1229 5796 1418 5854 codice
1444 5813 1550 5854 ms.
1583 5795 1979 5853 adscribuntur
2001 5797 2071 5854 D.
2103 5795 2470 5867 Hieronymo.
