3952 6360
506 354 612 415 103

1504 350 1569 407 Β.
1610 348 2026 408 LANFRANCI
2065 347 2423 407 CANTUAR.
2465 344 2801 407 ARCHIEP.

3676 352 3796 410 104

507 478 736 534 nomine
763 478 1045 532 titulatur.
1077 477 1237 540 Quod
1267 476 1313 531 si
1342 476 1734 531 inconveniens
1766 476 2102 531 absurdum-
2120 482 2168 541 A
2187 493 2314 532 cum
2333 493 2448 531 meo
2469 479 2675 545 spiritu
2698 477 2913 531 tradere
2931 476 3250 545 huiusmodi
3264 476 3486 533 Satanae
3501 479 3787 547 (ibidem).

512 584 621 638 que
647 572 751 633 est,
772 566 947 638 ipsius
977 566 1158 635 magis
1191 582 1313 620 esse
1342 566 1622 620 credenda
1649 570 1752 631 est,
1788 582 1912 636 quze
1940 570 2099 621 tanto
2180 566 2246 621 In
2296 564 2541 619 secunda
2577 580 2706 618 vero
2755 564 3079 631 laudantur,
3114 568 3171 618 et
3212 570 3278 619 ut
3305 566 3489 635 magis
3513 582 3578 620 ac
3597 567 3792 637 magis

514 654 783 709 doctrinae
837 671 950 708 suae
994 654 1174 723 fulget
1227 654 1463 724 eloquio.
1502 653 1612 707 Sed
1650 654 1915 723 quoniam
1952 654 2102 725 apud
2181 654 2475 724 proﬁciant
2506 658 2952 707 commonentur.
2987 654 3199 707 Galatae
3227 671 3359 708 vero
3400 655 3521 724 jam
3569 655 3793 709 nullius

514 743 879 797 Hebraeorum
924 742 1198 796 Ecclesias
1233 741 1391 812 quasi
1438 742 1752 795 destructor
1789 742 1927 811 legis
1962 743 2105 796 falsa
2183 742 2433 797 criminis
2467 747 2803 812 arguuntur,
2834 740 2942 794 nisi
2970 742 3137 811 hujus
3164 746 3387 797 tantum
3445 744 3594 813 quod
3621 744 3794 797 calli-

514 831 828 903 suspicione
857 829 1186 896 habebatur,
1219 830 1393 883 voluit
1428 830 1597 883 tacito
1627 829 1854 883 nomine
1878 830 1947 883 de
1966 832 2105 899 ﬁgu-
2186 830 2433 883 dissimis
2461 829 2941 900 pseudoapostolis
2972 830 3349 885 crediderunt.
3382 832 3609 901 Ephesii
3647 848 3799 886 sane

513 921 593 975 ris
630 921 770 990 legis
813 925 871 973 et
897 919 1131 973 veritate
1169 918 1375 972 Christi
1406 918 1639 972 reddere
1684 918 1981 983 rationem,
2032 934 2105 972 ne
2186 918 2344 971 nulla
2387 918 2841 988 reprehensione,
2874 918 2970 972 sed
3002 919 3183 972 multa
3218 919 3384 973 laude
3431 925 3565 974 sunt
3606 920 3796 990 digni,

515 1009 706 1063 odium
732 1007 975 1062 nominis
1006 1007 1066 1060 in
1094 1007 1277 1060 fronte
1328 1006 1654 1077 praetitulati
1682 1006 1985 1059 utilitatem
2018 1023 2106 1059 ex-

516 1098 768 1153 cluderet
789 1096 1060 1151 lectionis.
1092 1096 1219 1148 Non
1243 1100 1330 1148 est
1359 1111 1493 1148 sane
1524 1095 1730 1148 mirum
1756 1094 1803 1148 si
1840 1095 2110 1164 eloquen-

516 1186 628 1240 tior
678 1186 933 1239 videatur
957 1185 1016 1237 in
1044 1183 1289 1253 proprio,
1322 1183 1380 1236 id
1410 1188 1514 1247 est,
1564 1182 1818 1249 Hebraeo,
1852 1199 2019 1252 quam
2051 1182 2110 1235 in

517 1274 833 1346 peregrino,
855 1273 912 1326 id
942 1277 1046 1337 est,
1077 1272 1137 1325 in
1165 1272 1379 1335 Graeco,
1432 1288 1541 1341 quo
1582 1277 1796 1325 caetera;
1853 1271 2112 1340 Epistolas

517 1369 649 1417 sunt
677 1362 916 1432 scriptae,
935 1377 1211 1414 sermone.
1230 1361 1415 1414 Movet
1431 1359 1600 1413 etiam
1620 1359 1911 1429 quosdam,
1941 1374 2114 1428 quare

519 1450 907 1507 Romanorum
929 1450 1179 1519 Epistola
1207 1449 1265 1502 in
1289 1448 1469 1518 primo
1498 1448 1573 1501 sit
1596 1448 1797 1518 posita,
1830 1463 1958 1500 cum
1987 1463 2114 1500 eam

521 1556 635 1593 non
661 1540 845 1610 primo
872 1538 1139 1608 scriptam
1177 1537 1322 1590 ratio
1343 1536 1680 1590 manifestet.
1714 1535 1859 1589 Nam
1882 1536 2028 1589 hanc
2054 1552 2115 1589 se

522 1628 968 1700 proﬁciscentem
1017 1626 1466 1695 Hierosolymam
1512 1624 1799 1695 scripsisse
1853 1629 2112 1690 testatur,

524 1733 655 1771 cum
684 1715 1003 1770 Corinthios
1039 1720 1096 1767 et
1134 1713 1270 1767 alios
1318 1714 1437 1783 jam
1465 1719 1616 1776 ante,
1648 1717 1713 1766 ut
1739 1712 2116 1766 ministerium

2189 1004 2322 1075 quia
2349 1005 2518 1058 ﬁdem
2546 1006 2910 1075 apostolicam
2961 1012 3343 1062 servaverunt.
3397 1008 3803 1079 Philippeuses

2193 1094 2362 1147 etiam
2393 1094 2570 1147 multo
2615 1094 2795 1163 magis
2828 1094 3241 1161 collaudantur,
3292 1096 3389 1166 qui
3442 1113 3547 1149 nec
3593 1096 3804 1151 audire

2193 1181 2419 1252 quidem
2442 1182 2611 1235 falsos
2633 1183 2914 1251 apostolos
2951 1184 3806 1240 voluerunt.Thessalonicenses

2193 1269 2560 1323 nihilominus
2588 1270 2646 1323 in
2682 1269 2897 1325 duabus
2916 1265 3165 1341 epistolis
3194 1273 3347 1326 omni
3393 1273 3559 1327 laude
3604 1290 3809 1344 prose-

2196 1357 2405 1427 quitur,
2426 1374 2490 1410 eo
2520 1358 2668 1427 quod
2698 1374 2810 1412 non
2830 1360 3010 1412 solum
3041 1359 3210 1414 ﬁdem
3242 1360 3630 1415 inconcussam
3668 1378 3810 1416 ser-

2195 1445 2446 1499 vaverint
2473 1446 2744 1513 veritatis,
2775 1446 2872 1501 sed
2890 1446 3058 1501 etiam
3088 1448 3147 1502 in
3172 1450 3559 1519 persecutione
3587 1450 3810 1504 civium

2196 1534 2408 1589 fuerint
2431 1540 2752 1588 constantes
2780 1535 2991 1588 inventi
3019 1537 3095 1605 (11
3121 1538 3268 1591 Thes.
3299 1552 3358 1604 II,
3380 1538 3473 1607 c.).
3508 1537 3812 1592 Colossen-

2198 1639 2287 1675 ses
2316 1628 2507 1676 autem
2537 1623 2678 1676 tales
2704 1629 2884 1688 erant,
2915 1628 2982 1677 ut
3009 1640 3135 1677 cum
3165 1624 3235 1677 ab
3260 1627 3527 1696 Apostolo
3546 1627 3648 1680 visi
3677 1643 3814 1681 cor-

2197 1710 2465 1781 poraliter
2494 1727 2607 1764 non
2628 1711 2883 1778 fuissent,
2907 1712 3012 1765 hac
3040 1713 3205 1767 laude
3234 1714 3389 1783 digni
3416 1715 3806 1771 haberentur:

525 1804 676 1876 quod
717 1820 906 1858 secum
956 1808 1281 1873 portaturus
1312 1808 1451 1866 erat,
1508 1803 1854 1871 colligerent,
1913 1801 2117 1855 litteris
2142 1787 2315 1854 BEtsi
2333 1815 2573 1867 corpore,
2608 1799 2813 1870 inquit,
2842 1803 3033 1854 absens
3063 1817 3207 1868 sum,
3248 1804 3339 1855 sed
3364 1806 3573 1871 spiritu
3624 1806 3815 1858 vobis-

525 1893 856 1947 adhortatus
876 1892 967 1945 sit.
997 1891 1156 1945 Unde
1170 1895 1226 1944 et
1253 1890 1490 1960 intelligi
1537 1890 1763 1961 quidam
1801 1890 1996 1943 volunt
2038 1889 2119 1942 ita

525 1997 720 2036 omnes
770 1980 1035 2051 epistolas
1068 1979 1376 2044 ordinatas,
1433 1984 1499 2032 ut
1556 1979 1740 2048 prima
1791 1982 2113 2049 poneretur,

526 2069 780 2140 quamvis
808 2068 1085 2139 posterior
1117 2067 1290 2121 fuerit
1315 2067 1615 2133 destinata,
1648 2072 1712 2120 ut
1744 2084 1845 2137 per
1868 2066 2118 2135 singulas

526 2158 791 2229 epistolas
835 2156 1104 2227 gradibus
1133 2155 1204 2209 ad
1231 2155 1563 2226 perfectiora
1584 2156 1889 2209 veniretur.
1922 2156 2123 2208 Roma-

525 2264 729 2302 norum
752 2262 997 2316 namque
1026 2244 1277 2315 plerique
1309 2249 1424 2298 tam
1457 2244 1625 2298 rudes
1654 2248 1982 2307 erant,ut4
2010 2258 2123 2296 non

527 2335 909 2405 intelligerent
927 2335 1030 2388 Dei
1059 2350 1119 2387 se
1140 2333 1324 2403 gratia
1352 2337 1411 2387 et
1462 2349 1575 2386 non
1606 2333 1722 2386 suis
1759 2330 1975 2385 meritis
2003 2347 2124 2384 esse

529 2424 790 2489 salvatos,
816 2428 874 2476 et
894 2421 963 2477 ob
993 2423 1097 2476 hoc
1118 2423 1229 2476 duo
1251 2422 1401 2476 inter
1418 2438 1478 2475 se
1504 2421 1696 2492 populi
1715 2419 2120 2474 conﬂictarent.

530 2512 744 2568 Idcirco
765 2512 889 2565 illos
930 2511 1181 2581 indigere
1208 2510 1411 2564 asserit
1436 2509 1655 2579 corrigi,
1680 2509 1815 2562 vitia
1833 2507 2123 2579 gentilita-

530 2601 607 2655 tis
632 2602 822 2671 priora
841 2615 1306 2655 commemorans.
1350 2598 1653 2653 Corinthiis
1677 2603 1867 2651 autem
1887 2598 2007 2667 jam
2044 2596 2128 2649 di~

533 2690 611 2743 cit
640 2688 884 2743 scientiae
912 2687 1157 2758 gratiam
1195 2704 1317 2742 esse
1344 2703 1687 2755 concessam,
1743 2691 1800 2739 et
1849 2701 1964 2739 non
2008 2689 2126 2738 tam

534 2793 730 2830 omnes
775 2775 1048 2845 increpat,
1082 2791 1252 2846 quam
1281 2790 1382 2828 cur
1415 2779 1706 2844 peccantes
1733 2789 1847 2827 non
1877 2772 2127 2842 increpa-

533 2864 717 2918 verint
744 2863 1124 2934 reprehendit,
1153 2862 1299 2918 sicut
1320 2862 1400 2916 ait
1434 2880 1446 2915 :
1466 2863 1715 2917 Auditur
1743 2864 1891 2915 inter
1906 2877 1994 2915 vos
2010 2862 2128 2928 for-

535 2956 743 3008 nicatio
758 2952 813 3021 (Ι
838 2953 957 3008 Ger.
984 2969 1035 3019 v,
1066 2950 1143 3020 ‘2).
1199 2952 1270 3006 Et
1314 2950 1521 3005 iterum
1552 2963 1564 2998 :
1595 2950 1944 3019 Congregatis
1980 2951 2127 3004 vobis

2199 1904 2325 1941 cum
2384 1903 2527 1951 sum,
2581 1890 2826 1954 gaudens
2889 1894 2939 1942 et
2996 1891 3183 1943 videns
3241 1893 3493 1945 ordinem
3554 1898 3815 1947 vestrum

2202 1977 2331 2043 (Col.
2362 1988 2421 2037 11,
2455 1977 2554 2044 a.).
2614 1976 2695 2029 De
2724 1976 2973 2031 Hebraeis
3012 1993 3142 2030 vero
3177 1978 3311 2048 quid
3337 1979 3634 2034 dicendum
3661 1986 3754 2035 est
3785 1982 3816 2035 ?

2201 2080 2438 2135 quorum
2494 2064 3017 2119 Thessalonicenses
3075 2065 3172 2135 qui
3227 2067 3532 2137 plurimum
3584 2070 3817 2124 laudati

2203 2158 2353 2217 sunt,
2380 2151 2694 2207 imitatores
2717 2152 2849 2207 facti
2872 2170 2994 2207 esse
3033 2154 3313 2208 dicuntur.
3338 2156 3496 2210 Sicut
3530 2157 3649 2227 ipse
3669 2158 3757 2211 ait
3796 2177 3809 2211 :

2202 2242 2269 2295 Et
2289 2257 2376 2293 vos
2398 2242 2602 2308 fratres
2626 2244 2934 2295 imitatores
2979 2244 3117 2310 facti
3145 2246 3269 2297 estis
3305 2245 3678 2299 Ecclesiarum
3703 2248 3819 2301 Dei

2205 2346 2321 2397 qua:
2349 2334 2477 2383 sunt
2510 2330 2573 2383 in
2602 2331 2811 2383 Judza.
2840 2331 3044 2384 Eadem
3077 2334 3229 2385 enim
3267 2335 3428 2401 passi
3474 2336 3598 2387 estis
3637 2339 3687 2388 et
3714 2351 3819 2389 vos

2205 2434 2241 2471 a
2260 2420 2664 2471 contribulibus
2689 2422 2900 2483 vestris,
2924 2436 3043 2486 quae
3077 2425 3124 2472 et
3146 2423 3239 2474 illi
3260 2437 3295 2473 a
3314 2422 3517 2476 Judwis
3549 2423 3606 2489 (Ῑ
3651 2425 3816 2479 Thes.

2206 2521 2267 2573 11,
2291 2507 2383 2575 c.).
2416 2506 2581 2577 Apud
2610 2506 2761 2577 ipsos
2791 2524 3013 2578 quoque
3046 2508 3309 2563 Hebraeos
3349 2510 3545 2564 eadem
3566 2528 3825 2567 comme-

2206 2598 2391 2648 morat
2418 2594 2608 2648 dicens
2642 2614 2653 2648 :
2689 2598 2834 2649 Nam
2863 2601 2911 2648 et
2936 2599 3135 2650 vinctis
3179 2602 3445 2667 compassi
3462 2603 3604 2666 estis,
3629 2606 3678 2653 et
3708 2618 3824 2656 ra-

2200 2685 2401 2751 pinam
2420 2684 2689 2737 bonorum
2712 2690 3018 2738 vestrorum
3051 2702 3178 2739 cum
3211 2689 3416 2754 gaudio
3473 2693 3821 2761 suscepistis,

2206 2778 2570 2839 cognoscentes
2609 2788 2696 2825 vos
2725 2773 2919 2827 habere
2944 2776 3227 2829 meliorem
3258 2781 3309 2829 et
3330 2782 3647 2832 manentem
3675 2781 3823 2833 sub-

2206 2863 2477 2915 stantiam
2502 2860 2656 2931 (Ileb.
2682 2877 2734 2927 x,
2765 2858 2875 2929 34).

978 3261 1265 3322 INCIPIT
1306 3261 1722 3322 PROLOGUS
1767 3262 2162 3323 SPECIALIS
2203 3262 2284 3322 IN
2327 3263 2770 3325 EPISTOLAM
2804 3264 2910 3323 AD
2959 3264 3356 3327 ROMANOS.

612 3560 835 3617 ROMANI
861 3565 994 3613 sunt
1017 3557 1111 3630 qui
1141 3574 1205 3612 ex
1226 3557 1431 3614 Judaeis
1477 3563 1534 3612 et
1574 3557 1847 3615 Gentibus
1870 3559 2121 3615 credide-
2138 3565 2182 3625 C
2205 3559 2591 3634 deputemini?
2615 3562 2684 3616 Et
2705 3561 2810 3616 hoc
2842 3561 3026 3632 ipsum
3079 3577 3192 3616 non
3233 3560 3605 3616 merebamini
3643 3580 3654 3615 :
3694 3557 3817 3618 nisi

538 3656 690 3705 runt.
716 3648 787 3703 Hi
815 3647 1055 3720 superba
1083 3650 1437 3702 contentione
1447 3646 1705 3702 volebant
1724 3666 1784 3703 se
1798 3650 2133 3705 alterutrum

539 3753 937 3809 superponere.
971 3737 1117 3790 Nam
1158 3736 1336 3793 Judaei
1353 3735 1611 3790 dicebant
1634 3756 1645 3790 :
1671 3738 1786 3791 Nos
1808 3755 2002 3792 sumus
2030 3756 2132 3810 po-

538 3827 706 3899 pulus
749 3826 876 3893 Dei,
919 3842 1058 3896 quos
1112 3823 1182 3878 ab
1221 3824 1382 3878 initio
1410 3825 1604 3879 dilexit
1621 3829 1678 3879 et
1696 3826 1847 3880 fovit.
1882 3828 1997 3882 Nos
2030 3828 2134 3881 cir-

539 3914 771 3969 cumcisi
801 3930 866 3967 ex
910 3929 1118 3984 genere
1150 3911 1453 3977 Abraham,
1505 3918 1696 3967 sancta
1746 3915 2133 3969 descendimus

540 4020 607 4057 ex
631 4003 824 4073 stirpe,
859 4006 916 4056 et
940 4006 1107 4056 notus
1131 4004 1282 4054 retro
1304 4001 1451 4071 apud
1481 4002 1509 4055 J
1516 4002 1734 4056 udas-am
1746 4007 1970 4057 tantum
1984 4004 2134 4058 Deus

539 4091 712 4161 (Psal.
748 4107 908 4156 Lxxv,
934 4089 1013 4158 2).
1050 4090 1165 4143 Nos
1180 4089 1249 4142 de
1267 4088 1506 4160 [Egypto
1527 4090 1702 4160 signis
1717 4091 1817 4145 Dei
1835 4097 1892 4145 et
1919 4092 2135 4146 virtuti-

542 4179 648 4233 bus
666 4178 908 4237 liberati.
942 4194 1097 4231 mare
1131 4177 1275 4232 sicco
1313 4178 1773 4248 pertransivimus
1815 4180 1974 4251 pede,
2007 4197 2135 4234 cum

543 4267 801 4322 inimicos
857 4272 1080 4320 nostros
1137 4266 1454 4336 gravissimi
1528 4268 1730 4322 ﬂuctus
1793 4269 2139 4323 involverent

548 4357 734 4425 (Exod.
765 4370 873 4421 x1v,
895 4353 1009 4421 22).
1050 4353 1224 4408 Nobis
1242 4354 1386 4425 pluit
1403 4370 1610 4409 manna
1646 4356 1917 4410 Dominus
1958 4356 2017 4409 in
2046 4356 2137 4410 de-

547 4449 718 4510 serto,
754 4449 811 4497 et
829 4442 990 4514 quasi
1011 4442 1141 4496 ﬁliis
1164 4441 1281 4497 suis
1301 4443 1522 4497 caeleste
1550 4443 1821 4513 pabulum
1856 4445 2138 4499 ministra-

546 4533 645 4589 vit.
674 4534 789 4586 Nos
827 4532 917 4586 die
938 4536 1219 4602 noctuque
1268 4531 1327 4585 in
1371 4532 1632 4586 columna
1673 4534 1839 4587 nubis
1879 4533 2137 4606 ignisque

547 4620 851 4693 praecessit,
883 4626 952 4675 ut
977 4620 1136 4674 nobis
1164 4620 1224 4674 in
1253 4620 1400 4674 invio
1439 4621 1550 4674 iter
1592 4622 1911 4676 ostenderet
1945 4625 2132 4691 (Emod.

545 4709 688 4779 xm).
711 4711 895 4780 Atque
922 4714 987 4764 ut
1014 4714 1214 4763 caetera
1236 4710 1358 4779 ejus
1386 4709 1534 4763 circa
1554 4726 1656 4764 nos
1676 4710 1954 4765 immensa
1972 4711 2137 4765 bene-

545 4799 668 4853 ﬁcia
686 4803 990 4865 taceamus,
1023 4814 1125 4852 nos
1144 4798 1249 4852 soli
1272 4799 1428 4869 digni
1454 4799 1665 4853 fuimus
1694 4800 1797 4853 Dei
1824 4801 2006 4870 legem
2042 4818 2136 4854 ac-

2216 3652 2348 3721 quia
2374 3652 2533 3719 larga
2567 3666 2787 3721 semper
2806 3651 2909 3705 Dei
2938 3651 3237 3705 clementia
3254 3651 3432 3706 voluit
3456 3668 3553 3706 vos
3581 3652 3652 3705 ad
3680 3668 3821 3707 nos-

2213 3746 2360 3793 tram
2391 3738 2763 3792 imitationem
2792 3740 3108 3794 admittere.

2287 3829 2493 3882 Gentes
2522 3828 2693 3882 etiam
2713 3845 2746 3883 e
2781 3830 3060 3883 contrario
3096 3829 3508 3900 respondebant
3540 3846 3552 3881 :
3584 3828 3819 3890 Quanto

2216 3917 2434 3986 majora
2489 3933 2622 3986 erga
2644 3934 2741 3971 vos
2769 3917 2870 3972 Dei
2898 3917 3171 3972 beneﬁcia
3223 3916 3605 3981 narraveritis,
3645 3921 3819 3971 tanto

2215 4003 2446 4072 majoris
2466 4021 2560 4058 vos
2577 4004 2826 4059 criminis
2855 4022 2980 4059 reos
2997 4022 3117 4060 esse
3138 4004 3539 4060 monstrabitis.
3572 4005 3821 4073 Semper

2216 4091 2368 4145 enim
2414 4093 2501 4146 his
2523 4093 2783 4148 omnibus
2811 4095 3070 4149 extitistis
3096 4094 3324 4163 ingrati.
3358 4095 3504 4148 Nam
3550 4093 3685 4163 ipsis
3715 4109 3820 4161 pe-

2217 4180 2401 4248 dibus,
2430 4181 2630 4253 quibus
2652 4183 2872 4237 aridum
2894 4199 3048 4236 mare
3069 4182 3370 4247 transistis,
3388 4180 3664 4235 ludebatis
3676 4186 3818 4234 ante

2217 4268 2367 4324 idola
2395 4288 2516 4341 quae
2544 4271 2751 4325 fecistis
2777 4289 2788 4324 :
2822 4277 2879 4324 et
2900 4271 2958 4324 in
2978 4271 3099 4341 ipso
3121 4287 3217 4324 ore
3242 4287 3351 4341 quo
3374 4270 3539 4340 paulo
3569 4273 3700 4323 ante
3740 4269 3818 4321 ob

2217 4374 2411 4413 necem
2439 4359 2888 4413 adversariorum
2911 4358 3149 4412 Domino
3180 4356 3818 4423 cantaveratis,simula—

2218 4462 2313 4502 cra
2330 4447 2484 4502 vobis
2514 4448 2636 4501 ﬁeri
2676 4446 2978 4517 poposcitis
3010 4459 3021 4494 :
3053 4446 3164 4499 illis
3193 4446 3385 4512 oculis,
3419 4445 3620 4516 quibus
3648 4460 3817 4499 vene-

2218 4538 2395 4591 rando
2431 4537 2611 4590 Deum
2638 4536 2699 4589 in
2730 4535 2878 4590 nube
2909 4535 2991 4588 vel
3019 4534 3148 4605 igne
3186 4534 3504 4605 conspicere
3546 4532 3816 4587 solebatis

2222 4625 2415 4691 (Exod.
2491 4629 2682 4693 xxxn),
2767 4624 3067 4678 simulacra
3143 4622 3534 4677 intuebamini.
3603 4622 3819 4675 Manna

2219 4730 2439 4784 quoque
2502 4713 2654 4767 vobis
2716 4713 2940 4767 fastidio
2993 4714 3103 4767 fuit
3175 4715 3374 4784 (Ibid.),
3456 4718 3515 4767 et
3588 4727 3818 4780 semper

2217 4802 2277 4856 in
2337 4803 2559 4863 deserto
2629 4806 2824 4855 contra
2877 4801 3185 4856 Dominum
3245 4801 3658 4865 murmurastis,
3736 4801 3814 4853 ad

545 4887 750 4959 cipere,
785 4904 972 4942 vocem
1003 4887 1106 4942 Dei
1134 4887 1414 4957 loquentis
1450 4888 1645 4942 audire
1669 4890 1838 4954 (Rom.
1865 4892 1970 4954 111),
1994 4889 2541 4971 ejus-D/Egyptum,
2574 4890 2725 4944 unde
2750 4906 2846 4944 vos
2873 4906 3045 4945 manu
3082 4890 3264 4944 valida
3310 4892 3568 4961 ejecerat,
3625 4888 3815 4943 redire

546 4992 656 5047 que
690 4992 1025 5046 cognoscere
1053 4977 1417 5030 voluntatem.
1446 4977 1510 5030 In
1547 4993 1659 5046 qua
1677 4977 1799 5046 lege
1824 4975 1986 5030 nobis
2014 4993 2141 5046 pro-

548 5065 757 5120 missus
786 5069 873 5118 est
901 5064 1175 5130 Christus,
1208 5065 1279 5118 ad
1304 5081 1443 5136 quos
1477 5066 1647 5119 etiam
1689 5064 1808 5135 ipse
1836 5081 1896 5118 se
1923 5064 2141 5117 venisse

546 5159 789 5210 testatus
810 5158 917 5221 est,
939 5153 1127 5207 dicens
1159 5172 1172 5206 :
1200 5154 1322 5208 Non
1349 5157 1475 5208 veni
1503 5156 1619 5207 nisi
1640 5156 1713 5208 ad
1749 5169 1865 5206 oves
1894 5169 2012 5221 qua:
2051 5168 2141 5220 pe-

549 5246 773 5298 rierunt
819 5244 1013 5296 domus
1050 5244 1222 5296 Israel
1267 5243 1485 5305 (Matth.
1518 5245 1643 5309 xv);
1680 5257 1807 5294 cum
1845 5256 1943 5294 vos
1973 5256 2140 5294 canes

549 5332 738 5403 potius
768 5347 936 5402 quam
965 5330 1219 5385 homines
1245 5330 1625 5403 appellaverit.
1656 5330 1975 5399 [Equumne
2003 5346 2135 5399 ergo

551 5424 639 5473 est
658 5425 739 5482 ut,
774 5419 925 5472 idola
962 5419 1128 5473 hodie
1172 5416 1721 5487 deserentes,quibus
1764 5416 1833 5470 ab
1858 5417 2018 5471 initio
2047 5418 2141 5472 de-

554 5507 825 5573 servistis,
858 5507 1017 5562 nobis
1046 5507 1449 5579 comparemini
1482 5525 1493 5559 :
1528 5511 1585 5558 et
1632 5522 1745 5559 non
1792 5505 1980 5576 potius
2018 5524 2141 5577 pro-

559 5594 868 5666 selytorum
890 5596 1075 5652 locum
1086 5613 1153 5652 ex
1162 5596 1301 5667 legis
1325 5593 1658 5649 auctoritate
1669 5599 1726 5650 et
1739 5596 2143 5653 consuetudine

2220 4979 2526 5048 Cupientes.
2573 4978 2719 5041 Quid
2752 4979 2961 5049 plura?
3010 4980 3097 5033 Ita
3152 4984 3337 5050 patres
3392 4978 3562 5033 vestri
3613 4976 3814 5031 crebra

2221 5066 2610 5137 provocatione
2642 5067 2943 5121 Dominum
2970 5067 3350 5135 irritaverunt,
3398 5072 3461 5121 ut
3512 5082 3705 5120 omnes
3752 5066 3816 5121 in

2222 5171 2410 5209 eremo
2438 5160 2813 5222 morerentur,
2866 5172 2969 5209 nec
3022 5156 3147 5226 plus
3177 5173 3241 5211 ex
3269 5154 3580 5210 senioribus
3612 5170 3815 5209 eorum

2223 5259 2391 5314 quam
2413 5243 2523 5296 duo
2544 5243 2801 5298 homines
2820 5248 3033 5298 terram
3065 5244 3514 5315 repromissionis
3534 5244 3817 5297 intrarent

2223 5334 2413 5399 (Nam.
2466 5332 2594 5401 XIV).
2658 5333 2765 5387 Sed
2814 5333 2948 5403 quid
2999 5333 3232 5404 antiqua
3277 5333 3630 5403 replicamus,
3683 5347 3815 5387 cum

2223 5420 2393 5475 etiam
2423 5420 2470 5473 si
2498 5419 2595 5473 illa
2618 5420 2848 5475 minime
2866 5421 3152 5477 fecissetis.
3178 5421 3247 5474 de
3270 5421 3373 5474 hoc
3398 5421 3514 5475 solo
3533 5435 3698 5473 nemo
3714 5436 3813 5473 vos

2223 5509 2421 5579 dignos
2442 5508 2602 5562 venia
2621 5510 2919 5579 judicaret,
2966 5510 3115 5581 quod
3139 5509 3440 5563 Dominum
3499 5508 3807 5575 Christum,

2225 5599 2631 5671 prophetarum
2654 5616 2876 5673 semper
2902 5598 3056 5655 vobis
3105 5597 3330 5654 vocibus
3382 5596 3807 5670 repromissum,
