3952 6394
83 2545 88 2548 _
185 2477 414 2532 Psrnus
437 2477 788 2532 Loumanus
815 2494 869 2531 m
907 2491 1214 2533 EPISTOLAM
1259 2478 1332 2530 ad
1363 2477 1624 2542 Hebraeos,

160 325 257 382 105

873 325 950 380 ΙΝ
987 324 1054 379 Ι).
1095 325 1310 379 PAULI
1352 323 1583 378 EPIST.
1625 323 1998 378 COMMENT.
2043 355 2106 365 —
2146 324 2372 381 EPIST.
2412 328 2508 382 AD
2548 326 2722 382 ROM.

3323 333 3430 393 106

155 465 262 504 non
289 449 488 504 solum
516 449 802 520 suscipere
824 449 1101 516 noluistis,
1123 449 1222 504 sed
1238 448 1409 503 etiam
1429 451 1609 502 morte
1632 463 1760 518 pes-
1776 451 2159 518 Aterponens,
2181 449 2264 503 ita
2283 451 2534 521 partium
2555 451 2771 506 dirimit
2800 452 3159 524 quaestiones,
3191 460 3256 512 ut
3285 473 3430 515 neu-

156 538 293 591 sima
320 535 690 608 peremistis?
719 538 901 602 Quem
921 555 1022 593 nos
1050 544 1115 592 ut
1152 537 1530 608 cognovimus,
1565 537 1757 591 statim
1838 540 1992 590 trum
2008 553 2201 591 eorum
2215 555 2318 592 sua
2326 540 2549 609 justitia
2568 541 2808 595 salutem
2824 543 3096 598 meruisse
3116 547 3432 614 conﬁrmet,

157 625 524 691 credidimus,
554 643 678 680 cum
709 625 874 680 nobis
904 627 973 680 de
997 644 1063 681 eo
1091 632 1258 680 antea
1287 642 1399 678 non
1423 625 1595 679 fuerit
1621 642 1759 696 prae-
1839 624 2033 680 ambos
2059 641 2191 680 vero
2219 630 2454 698 populos
2479 633 2536 683 et
2554 629 2794 684 scienter
2821 637 2878 685 et
2900 633 3149 702 graviter
3167 635 3436 707 deliquis-

159 715 426 769 dicatum.
451 715 617 770 Unde
646 714 919 786 probatur
945 716 1094 786 quod
1123 716 1216 785 [si]
1243 713 1405 768 idolis
1434 714 1757 768 servivimus
1840 731 1918 768 se.
1951 715 2173 769 Judaeos
2195 717 2444 786 quidem,
2476 719 2624 787 quod
2655 736 2755 789 per
2799 722 3312 790 praevaricationem
3364 726 3439 780 le-

160 820 266 857 non
278 803 653 858 obstinationi
665 803 992 870 mentis,sed
1008 803 1339 873 ignorantiae
1354 802 1757 871 deputandum.

162 893 264 955 Qui
293 892 451 946 enim
471 891 760 963 cognitum
789 892 932 946 illico
963 892 1271 963 sequimur,
1293 890 1427 944 olim
1458 889 1653 960 utique
1673 907 1763 944 se-

161 998 492 1052 queremur,
523 981 570 1034 si
597 987 767 1035 antea
804 981 1272 1052 cognovissemus.
1322 979 1411 1032 Sic
1453 986 1642 1035 autem
1670 996 1765 1033 vos

163 1071 229 1123 de
265 1069 502 1139 generis
541 1069 837 1123 nobilitate
867 1070 1115 1140 jactatis,
1176 1071 1336 1140 quasi
1383 1088 1496 1125 non
1545 1085 1768 1124 morum

163 1157 407 1212 imitatio
462 1157 644 1228 magis
696 1175 867 1228 quam
913 1158 1152 1212 carnalis
1202 1159 1467 1213 nativitas
1498 1159 1642 1213 ﬁlios
1672 1174 1769 1211 vos

165 1247 331 1302 faciat
360 1263 490 1300 esse
517 1251 859 1300 sanctorum.
884 1246 1135 1317 Denique
1164 1247 1309 1302 Esau
1331 1253 1388 1302 et
1415 1248 1622 1302 Ismael
1641 1263 1771 1300 cum

167 1337 233 1390 de
260 1337 443 1406 stirpe
473 1335 591 1389 sint
616 1333 874 1402 Abrahae,
903 1335 1135 1390 minime
1148 1340 1339 1390 tamen
1368 1336 1427 1390 in
1455 1336 1584 1390 ﬁliis
1609 1351 1773 1406 repu-

167 1430 386 1479 tantur.

238 1513 342 1567 His
359 1512 556 1567 taliter
582 1510 1002 1579 altercantibus,
1022 1513 1324 1583 Apostolus
1350 1530 1410 1568 se
1425 1512 1668 1567 medium
1691 1510 1774 1564 in-

1845 803 1933 872 gis
1971 804 2150 857 Deum
2191 804 2652 860 inhonoraverint
2677 829 2689 864 :
2716 808 2923 862 Gentes
2953 827 3099 876 vero,
3131 813 3281 881 quod
3310 830 3440 868 cum

1848 891 2137 960 cognitum
2183 893 2253 946 de
2284 899 2544 948 creatura
2591 900 2903 950 creatorem
2931 903 2998 952 ut
3023 899 3204 954 Deum
3231 901 3442 956 debue-

1850 983 1980 1032 rant
1998 979 2271 1046 venerari,
2301 981 2539 1050 gloriam
2571 982 2693 1051 ejus
2735 982 2795 1036 in
2839 985 3160 1040 manufacta
3189 993 3442 1044 mutave-

1850 1066 1966 1119 rint
2011 1066 2331 1122 simulacra.
2386 1070 2665 1140 Utrosque
2723 1071 2894 1124 etiam
2924 1073 3183 1128 similiter
3219 1077 3445 1130 veniam

1851 1161 2198 1220 consecutos,
2233 1159 2476 1227 aequales
2501 1176 2623 1212 esse
2651 1159 2944 1214 verissima
2970 1163 3190 1218 ratione
3217 1165 3448 1219 demon-

1852 1248 2013 1309 strat,
2046 1249 2103 1298 et
2132 1247 2442 1315 praesertim
2463 1264 2592 1300 cum
2619 1247 2677 1300 in
2706 1248 2901 1302 eadem
2948 1249 3070 1320 lege
3117 1253 3449 1322 praedictum

1855 1332 1927 1385 sit
1955 1338 2011 1386 et
2036 1333 2257 1388 Iudaeos
2297 1340 2351 1388 et
2370 1340 2568 1404 gentes
2597 1335 2668 1389 ad
2698 1337 2906 1391 Christi
2955 1339 3125 1393 fidem
3172 1343 3449 1395 vocandos

1856 1437 1977 1475 esse
2002 1422 2277 1477 ostendat.
2307 1423 2682 1487 Quamobrem
2714 1425 2959 1480 vicissim
2997 1444 3090 1482 eos
3118 1429 3450 1500 humilians,

1854 1509 1926 1562 ad
1957 1526 2152 1580 pacem
2180 1516 2240 1564 et
2265 1512 2618 1567 concordiam
2647 1513 2995 1570 cohortatur.

172 1807 236 1867 θ
263 1801 328 1854 Β.
365 1801 761 1857 LANFRANCI
785 1804 849 1856 in
880 1801 1147 1870 Epistolas
1189 1802 1251 1854 D.
1296 1803 1464 1854 Pauli
1505 1794 2111 1864 Commen-Bcundum
2139 1795 2394 1851 ordinem
2414 1797 2852 1867 Melchisedech;
2895 1816 3002 1856 nec
3034 1817 3261 1857 necesse
3288 1803 3454 1859 foret.

246 1874 536 1949 tariorum
563 1871 1232 1949 meminit-$.A1vssmws
1283 1873 1360 1925 lib
1415 1886 1456 1938 Ι,
1499 1873 1653 1940 epist.
1715 1871 1780 1924 57

1881 1886 1997 1937 7am
2027 1885 2177 1949 esset,
2212 1889 2320 1938 etc.
2344 1884 2453 1939 Sed
2483 1886 2742 1941 Christus
2771 1893 2860 1942 est
2890 1889 3162 1944 Sacerdos
3203 1891 3263 1944 in
3289 1895 3457 1946 aeter-

248 1945 310 1995 in
341 1945 476 2010 ﬁne,
507 1945 749 1997 scribens
791 1945 963 1996 eidem
990 1945 1325 2011 Lanfranco.

247 2031 534 2102 Epistolas
558 2032 622 2085 B.
669 2031 832 2085 Pauli
875 2036 1060 2085 vestro
1097 2031 1363 2085 mandato
1409 2029 1649 2084 libenter
1680 2047 1784 2100 pa-

181 2124 369 2174 rentes
427 2120 583 2174 vobis
634 2119 915 2174 mittimus
947 2139 958 2172 :
992 2121 1089 2174 sed
1119 2119 1386 2190 quoniam
1429 2119 1577 2190 quod
1608 2120 1668 2173 in
1698 2136 1788 2173 eo-

182 2210 308 2264 dem
336 2210 531 2264 codice
550 2210 620 2264 de
646 2216 833 2264 vestro
857 2227 1024 2281 opere
1044 2215 1152 2279 est,
1182 2209 1314 2263 alibi
1348 2225 1461 2262 non
1490 2209 1780 2272 habemus,

183 2299 319 2352 satis
339 2300 488 2353 scire
517 2299 752 2370 potestis
780 2300 914 2370 quid
940 2316 1036 2355 vos
1083 2299 1386 2370 aliquando
1436 2298 1650 2352 factum
1703 2297 1786 2352 ire

185 2387 594 2442 desideremus.

587 2491 788 2532 manus
815 2494 869 2531 η(
907 2491 1214 2533 EPISTOLAM
1259 2491 1332 2530 aa
1363 2491 1624 2542 ueoravos,
1667 2491 1786 2544 cap.

587 2563 708 2613 vm,
739 2551 873 2602 citat
900 2551 959 2605 Β.
990 2550 1394 2616 Lanfrancum.

255 2636 345 2690 Ad
377 2635 499 2690 haec
525 2635 695 2690 verba
725 2639 797 2703 (si
822 2651 947 2704 ergo
965 2642 1093 2691 esset
1110 2652 1274 2706 super
1287 2641 1516 2701 terram,
1538 2650 1636 2688 nec
1663 2639 1798 2688 esset.

188 2727 458 2789 sacerdos,
490 2727 646 2792 etc.).
680 2724 854 2789 Quasi
882 2725 1033 2780 dicat
1059 2744 1071 2778 :
1097 2725 1174 2779 Et
1201 2724 1334 2796 quia
1380 2724 1562 2778 omnis
1607 2740 1793 2777 sacer-

189 2814 292 2868 dos
308 2814 504 2880 oﬂ‘ert;
540 2830 674 2884 ergo
704 2813 754 2867 si
774 2819 922 2868 esset
943 2814 1145 2885 aliquis
1166 2830 1336 2884 super
1361 2818 1591 2878 terram,
1622 2813 1681 2866 id
1710 2817 1795 2866 est

191 2903 238 2956 si
257 2907 408 2956 esset
423 2902 634 2972 aliquis
644 2908 903 2957 terrenus
924 2903 1302 2973 sacerdos,qui
1313 2907 1503 2973 posset
1520 2901 1794 2955 mundare

191 3009 372 3062 genus
385 2993 835 3058 humanum,nec
849 2997 996 3046 esset
1003 2992 1205 3064 aliquis
1219 2992 1476 3046 sacerdos
1489 2991 1796 3045 secundum

1857 1987 2014 2036 num,
2049 1987 2161 2025 non
2188 1973 2378 2026 Aaron
2392 1992 2419 2028 .:
2441 1975 2631 2028 Aaron
2676 1975 2848 2043 enim,
2881 1977 3017 2049 quia
3042 1983 3300 2034 mortuus
3351 1986 3456 2048 est,

1858 2076 1973 2114 non
1993 2065 2082 2114 est
2101 2061 2396 2115 sacerdos:
2429 2063 2688 2118 Christus
2717 2081 2868 2132 vero,
2927 2067 3026 2136 qui
3076 2067 3226 2134 vivit,
3260 2069 3462 2141 sempi-

1867 2152 2062 2202 ternus
2083 2154 2170 2202 est
2197 2151 2476 2218 sacerdos,
2509 2168 2620 2205 non
2647 2153 2777 2206 talis
2825 2155 3020 2224 quales
3067 2161 3200 2210 sunt
3241 2157 3464 2212 umbra-

1867 2237 1968 2291 tile
2023 2238 2397 2292 sacerdotium
2446 2246 2726 2310 gerentes.
2774 2241 2876 2296 Vel
2915 2243 2997 2297 ita
3029 2262 3042 2296 :
3073 2245 3140 2300 Si
3165 2262 3311 2314 ergo,
3339 2250 3459 2307 etc.

1869 2325 2034 2380 Ratio
2090 2327 2180 2380 hic
2228 2327 2543 2382 ostenditur
2591 2346 2691 2384 cur
2741 2330 2998 2385 Christus
3047 2349 3108 2387 se
3149 2334 3419 2389 obtulerit
3446 2354 3463 2388 :

1871 2416 2044 2479 Quasi
2073 2414 2225 2471 dicat
2257 2435 2268 2469 :
2299 2417 2538 2471 Necesse
2568 2424 2654 2472 est
2682 2419 2969 2474 Christum
2996 2421 3208 2492 aliquid
3242 2424 3465 2490 offerre;

1871 2521 2005 2574 ergo
2025 2504 2290 2574 seipsum,
2320 2511 2377 2559 et
2403 2522 2531 2560 vere
2556 2523 2781 2562 necesse
2826 2514 2912 2562 est
2947 2515 3013 2564 ut
3063 2511 3302 2566 offerat:
3337 2513 3472 2583 quia

1873 2593 1979 2647 etsi
2006 2599 2155 2647 esset
2181 2611 2351 2664 super
2388 2599 2618 2662 terram,
2673 2597 2823 2667 quod
2870 2615 2972 2669 pro
3014 2605 3243 2669 peccato
3295 2602 3471 2656 totius

1875 2682 2070 2736 mundi
2099 2682 2267 2752 digne
2292 2689 2482 2753 posset
2501 2683 2708 2753 offerri,
2740 2703 2853 2740 non
2881 2692 3031 2742 esset
3056 2694 3249 2744 tamen
3284 2707 3470 2746 sacer-

1877 2772 1977 2825 dos
2007 2771 2208 2825 oll‘erre
2235 2771 2457 2842 dignus.

2194 2880 2330 2932 Item
2360 2881 2541 2934 eodem
2585 2885 2755 2949 capite
2787 2886 2960 2951 paulo
2983 2890 3104 2952 post
3129 2899 3152 2940 :

1950 2984 2034 3036 Ad
2064 2985 2202 3050 haec,
2236 3001 2363 3038 cum
2403 2992 2572 3039 essent
2607 2991 2705 3055 qui
2733 2991 2990 3053 offerrent
3021 3006 3261 3045 munera
3287 3008 3476 3048 secun-

196 3079 456 3134 ordinem
476 3079 915 3149 Melchisedech;
931 3097 1058 3135 cum
1073 3081 1209 3134 satis
1224 3085 1414 3134 essent
1428 3079 1801 3150 quiolferrent
1818 3133 1858 3156 Π
1882 3074 2018 3126 dum
2040 3075 2227 3139 legem.
2253 3072 2450 3127 Restat
2471 3089 2603 3144 ergo
2632 3080 2708 3128 ut
2727 3076 2842 3146 ipse
2865 3093 2926 3130 se
2955 3078 3171 3146 offerat,
3201 3085 3258 3134 et
3285 3081 3365 3136 sic
3391 3081 3478 3136 in-

197 3185 412 3222 manus
431 3169 742 3222 secundum
755 3170 956 3238 legem,
976 3169 1034 3223 id
1053 3174 1157 3236 est,
1181 3168 1278 3239 qui
1297 3169 1564 3222 offerrent
1575 3166 1797 3236 legalia.
1817 3136 1860 3192 Ο
1884 3165 2069 3215 troeat
2095 3161 2154 3214 in
2185 3161 2457 3215 interiora
2479 3163 2623 3215 cmli.
2653 3165 2776 3230 Qui,
2813 3170 2940 3232 etc.,
2973 3173 3161 3221 essent
3193 3169 3290 3239 qui
3319 3171 3482 3225 offer—

199 3258 309 3311 Sed
340 3257 478 3327 quia
505 3257 586 3310 illi
607 3258 876 3312 mortales
903 3263 1083 3324 erant,
1127 3263 1185 3312 et
1208 3262 1546 3327 peccatores,
1591 3260 1648 3309 et
1675 3253 1801 3310 ideo
1882 3255 2011 3304 rent
2030 3266 2284 3316 munera,
2319 3250 2462 3317 dico,
2498 3251 2632 3321 quid
2679 3253 2821 3306 tales
2866 3254 3204 3323 deserviunt,
3261 3257 3322 3311 id
3369 3263 3478 3327 est,

198 3346 480 3400 mundare
503 3346 816 3400 humanum
837 3363 1016 3416 genus
1039 3363 1153 3401 non
1178 3346 1445 3410 valentes,
1477 3344 1630 3398 venit
1651 3343 1800 3396 chri-
1884 3339 2047 3408 plene
2067 3339 2337 3404 serviunt,
2379 3341 2683 3410 exemplari
2712 3341 2770 3395 id
2800 3347 2887 3396 est
2916 3344 3129 3414 ﬁgurae.
3162 3346 3252 3412 Et,
3287 3363 3390 3418 pro
3419 3333 3481 3404 id

199 3439 322 3488 stus
338 3434 440 3504 qui
455 3433 863 3488 sufﬁceret.Vel
875 3434 973 3502 ita;
993 3435 1056 3490 Si
1065 3451 1212 3502 ergo,
1235 3432 1518 3496 etc.Quasi
1530 3432 1678 3485 dicat
1700 3450 1712 3483 :
1733 3431 1803 3484 Et
1885 3431 1988 3491 est,
2016 3426 2230 3480 umbrae
2255 3427 2562 3482 caelestium
2595 3430 3011 3500 mysteriorum.
3055 3434 3316 3489 Caelestia
3344 3435 3482 3492 dicit

199 3522 337 3593 quia
356 3523 618 3577 Christus
632 3523 1070 3596 constituiturad
1081 3523 1603 3590 offerendum:ergo
1619 3519 1704 3574 vel
1719 3524 1801 3572 est
1885 3515 2208 3582 Ecclesiam,
2246 3517 2405 3585 cuius
2435 3533 2565 3586 Pars
2593 3517 2652 3570 in
2673 3519 2826 3573 COEliS
2854 3537 3120 3590 regnanS,
3151 3540 3282 3594 pars
3318 3542 3483 3581 secu-

198 3612 587 3675 terrenus,vel
600 3611 842 3666 caelestis
856 3611 1512 3678 sacerdos;sedterrenus
1524 3626 1653 3672 non,
1672 3607 1805 3679 quia
1884 3608 2015 3658 tura
2058 3604 2452 3675 peregrinatur
2479 3605 2539 3658 in
2575 3606 2762 3661 terris.
2814 3609 3110 3681 Exemplar
3155 3618 3366 3679 autem,
3423 3620 3483 3671 et

203 3699 250 3753 si
259 3706 414 3754 esset
427 3716 599 3770 super
610 3705 840 3767 terram,
849 3700 904 3754 id
916 3706 1020 3754 est:
1043 3700 1090 3754 si
1104 3705 1365 3754 terrenus
1379 3703 1528 3752 esset
1540 3696 1803 3768 pontifex,

203 3792 273 3841 ut
288 3789 501 3854 Aaron,
523 3804 626 3842 nec
652 3793 801 3843 esset
820 3788 1015 3860 utique
1043 3788 1302 3843 sacerdos
1325 3787 1683 3842 inaeternum
1726 3801 1810 3838 se-

1890 3692 2121 3746 umbras
2141 3693 2277 3746 dicit
2305 3695 2531 3764 ﬁguras,
2566 3711 2689 3764 quae
2718 3699 3002 3769 exemplar
3020 3705 3171 3768 sunt,
3200 3708 3258 3757 et
3288 3720 3480 3759 exem-

1891 3781 2047 3851 plum
2058 3787 2316 3851 respectu
2331 3781 2678 3835 diversarum
2699 3799 2910 3838 rerum.

191 3935 1922 3962 Μ

1923 3934 3460 3966 Μ

212 4060 268 4120 α
351 4044 1020 4140 EPISTOLA
1093 4046 1206 4142 B.
1284 4044 1701 4138 PAULI
1776 4040 2455 4137 APOSTOLI
2529 4043 2720 4134 AD
2791 4045 3478 4162 ROMANOS,

658 4191 1093 4255 GLOSSULA
1157 4190 1260 4252 IN
1264 4192 1372 4253 TE
1375 4191 1538 4253 RJE
1544 4191 1595 4254 C
1604 4193 1708 4253 TA

1781 4191 1863 4251 Β.
1937 4189 2439 4252 LANFBANCI
2501 4189 3039 4258 EXPLANATA.

1551 4388 1784 4444 CAPUT
1822 4385 2128 4441 PRIMUM.

291 4487 314 4546 1
342 4488 554 4548 Paulus
583 4510 778 4551 servus
806 4494 940 4551 Jesu
971 4495 1200 4551 Christi.
1235 4493 1288 4554 2.
1318 4501 1550 4552 vocatus
1580 4495 1885 4567 apostolus.
1916 4493 1965 4550 3.
1997 4497 2325 4565 segregatus
2338 4488 2396 4545 in
2420 4489 2789 4566 Evangelium
2803 4496 2904 4552 Dei
2921 4505 3281 4567 (commendat
3298 4508 3482 4565 Eran-

1550 4601 2144 4657 COMMENTARIUS.

285 4703 670 4761 Laxramcvs.
709 4707 957 4779 Epistola
975 4710 1092 4765 haec
1118 4709 1347 4781 ponitur
1360 4709 1561 4780 prima,
1576 4714 1804 4781 propter
1824 4720 1872 4778 ι)
1891 4707 2227 4763 humilitatis
2257 4723 2464 4762 nomen
2493 4712 2598 4762 est.
2639 4709 2849 4764 Paulus
2877 4716 3176 4784 postquam
3206 4720 3484 4781 adductus

215 4793 493 4848 honorem
521 4794 782 4864 civitatis,
812 4797 872 4852 in
901 4815 1012 4870 qua
1035 4801 1342 4871 primatum
1362 4798 1534 4853 totius
1558 4798 1814 4854 Ecclesiae
1895 4803 1981 4851 est
2007 4796 2078 4849 ad
2105 4795 2457 4865 Magistrum,
2492 4795 2587 4866 qui
2606 4795 2689 4849 ait
2719 4813 2732 4848 :
2764 4798 2964 4853 Discite
2991 4817 3027 4854 a
3056 4819 3162 4870 me,
3181 4811 3313 4874 quia
3331 4814 3486 4867 mitis

213 4883 394 4936 voluit
421 4899 545 4938 esse
564 4884 734 4939 Deus.

287 4971 450 5025 CAP.
467 4971 607 5029 I.—l
621 5014 633 5026 .
651 4965 1011 5031 Abousrmus
1030 4978 1112 5045 (ea:
1121 4993 1368 5032 sermone
1387 4981 1460 5034 De
1471 4980 1815 5032 conversione

213 5060 273 5114 S.
297 5060 489 5126 Pauli,
525 5077 649 5132 cap.
699 5063 752 5128 4,
785 5067 922 5118 tom.
954 5066 1044 5132 X).
1109 5069 1318 5120 Paulus
1371 5082 1557 5120 servus
1613 5067 1818 5121 Christi

212 5149 364 5202 Iesu.
406 5149 547 5204 Erat
601 5148 737 5206 Saul
783 5169 880 5206 rex
933 5155 1230 5224 pessimus,
1273 5160 1599 5226 persecutor
1640 5154 1818 5208 sancti

217 5236 365 5290 servi
413 5237 518 5291 Dei
557 5239 754 5307 David,
807 5246 864 5296 et
911 5242 1048 5314 ipse,
1093 5244 1140 5298 si
1179 5244 1533 5310 meministis,
1569 5244 1637 5297 de
1668 5243 1820 5298 tribu

217 5325 542 5396 Benjamin.
576 5328 715 5383 Inde
751 5329 858 5384 iste
889 5331 1090 5387 Saulus
1130 5333 1296 5387 ducto
1351 5349 1539 5387 secum
1593 5332 1821 5386 tramite

218 5414 614 5482 sazviendi,sed
628 5417 688 5471 in
705 5418 916 5474 saevitia
943 5436 1055 5476 non
1083 5438 1506 5493 permansurus.
1538 5421 1739 5475 Postea
1776 5420 1822 5475 si

221 5503 428 5559 Saulus
468 5521 504 5559 a
549 5505 739 5573 Saule,
768 5508 976 5564 Paulus
1006 5511 1202 5566 unde?
1222 5512 1426 5567 Saulus
1449 5528 1482 5565 a
1503 5527 1634 5580 rege
1659 5527 1822 5567 saevo.

1893 4902 2020 4939 sum
2046 4890 2095 4939 et
2122 4886 2354 4938 humilis
2374 4885 2552 4938 corde.
2599 4885 2740 4938 Cum
2786 4886 2996 4942 Paulus
3040 4898 3338 4961 proconsul
3387 4917 3490 4970 per

1899 4975 2020 5044 ejus
2046 4973 2307 5026 militiam
2330 4971 2607 5026 debellata
2632 4973 2910 5044 superbia.
2933 4976 3036 5030 sub
3050 4979 3162 5035 leni
3180 4984 3319 5054 jugo
3333 4987 3491 5042 Chri-

1899 5063 1972 5115 sti
1995 5062 2199 5116 missus
2229 5066 2394 5127 esset,
2435 5060 2586 5131 regis
2613 5062 2805 5130 magni
2837 5065 3190 5133 provincialis
3236 5074 3484 5144 effectus,

1900 5151 2020 5222 ipse
2052 5167 2272 5222 quoque
2301 5165 2366 5203 ex
2392 5148 2579 5219 priore
2608 5149 2776 5203 Saulo
2817 5151 3027 5207 Paulus
3052 5158 3238 5211 vocari
3279 5164 3491 5219 amavit

1904 5239 1972 5293 ob
2002 5245 2118 5293 tam
2149 5253 2422 5309 magnum
2449 5237 2669 5306 insigne
2697 5237 2960 5294 victoriae.

1971 5327 2026 5384 2.
2068 5330 2452 5384 LANFRANCUS.
2497 5328 2735 5382 Vocatus.
2765 5327 2864 5382 Vel
2911 5327 2986 5383 ab
3022 5329 3364 5403 hominibus,
3404 5340 3491 5396 vel

1904 5434 1940 5473 a
1965 5419 2100 5472 Deo.

1974 5506 2030 5560 3.
2061 5505 2404 5575 Segregatus.
2422 5505 2472 5559 A
2500 5503 2714 5560 caeteris
2741 5503 3030 5574 apostolis,
3059 5506 3203 5563 sicut
3237 5509 3298 5566 in
3342 5514 3498 5574 Actis

221 5592 366 5647 Cum
396 5593 696 5666 superbus,
730 5613 860 5652 cum
888 5599 1139 5668 saeviens,
1170 5617 1296 5656 cum
1325 5600 1502 5655 caedes
1531 5601 1822 5655 anhelans.
1908 5597 2292 5668 apostolorum
2315 5595 2452 5649 dicit
2481 5595 2724 5665 Spiritus
2741 5601 2970 5649 sanctus
3001 5613 3015 5650 :
3045 5600 3336 5669 Segregate
3354 5609 3499 5662 mihi

222 5677 434 5740 Paulus
463 5689 660 5740 autem
677 5685 831 5740 unde
854 5687 879 5741 7
906 5689 1132 5758 Paulus,
1165 5690 1298 5761 quia
1326 5689 1598 5757 modicus,
1622 5689 1828 5745 Paulus
1909 5689 2150 5741 Paulum
2181 5689 2228 5740 et
2251 5684 2570 5740 Barnabam
2621 5685 2687 5741 in
2734 5698 2866 5755 opus
2906 5685 2983 5742 ad
3033 5689 3178 5756 quod
3224 5699 3502 5764 assumpsi

467 5783 744 5849 ΡΑτιιοι.
792 5783 885 5849 GL
901 5831 916 5850 .

3222 5794 3350 5860 4-.
