3952 6428
155 367 240 426 109
877 368 954 423 ΙΝ
992 365 1058 423 D.
1102 365 1318 419 PAULI
1358 365 1584 419 EPIST.
1625 365 1998 416 COMMENT.
2045 391 2109 403 —
2149 365 2374 416 EPIST.
2416 365 2514 415 AD
2555 365 2734 418 ROM.
3322 365 3427 424 110

143 509 218 564 2i.
247 511 455 564 Justus
502 515 698 565 autem
747 525 811 567 ex
853 509 962 562 ﬁde
1006 507 1158 561 vivit.
1191 505 1281 563 22.
1313 506 1613 568 Revelatur
1659 504 1812 558 enim
1840 505 1928 559 ira
1953 505 2056 558 Dei
2102 505 2170 559 de
2211 505 2368 567 coelo,
2418 504 2665 572 (justitia
2711 505 2992 560 reveletur
3035 509 3100 561 in
3139 510 3422 575 credente;

145 617 268 653 nam
301 602 399 652 ira
432 602 499 653 in
554 616 666 654 non
699 599 964 666 credente)
997 613 1166 668 super
1212 611 1435 657 omnem
1481 593 1832 664 impietatem
1878 597 1936 647 et
1974 593 2318 664 injustitiam
2364 592 2660 647 hominum
2710 595 3024 664 (emphasis)
3071 613 3291 663 eorum,
3330 599 3426 669 qui

147 689 434 742 veritatem
493 687 622 756 Dei,
676 689 820 756 quod
873 702 993 740 vere
1040 687 1252 739 dicitur
1308 685 1370 744 de
1432 684 1557 747 Deo,
1617 682 1683 736 in
1749 681 2028 752 injustitia
2089 682 2345 736 detinent
2410 681 2774 746 altribuentes
2836 684 3018 750 idolis,
3080 686 3215 756 quia
3277 676 3427 756 quod

877 368 954 423 IN
992 365 1058 423 D.
1102 363 1318 419 PAULI
1358 363 1584 419 EPIST.
1625 360 1998 416 COMMENT.
2045 391 2109 403 —
2149 359 2374 416 EPIST.
2416 359 2514 415 AD
2555 361 2734 418 ROM.

145 775 225 833 ‘23.
286 791 516 843 notum,
573 778 778 840 scibile,
829 780 915 833 est
959 773 1079 841 Dei,
1132 771 1495 826 manifestum
1548 774 1634 830 est
1682 771 1741 824 in
1797 770 1926 826 illis.
1961 772 2110 825 Deus
2166 771 2316 825 enim
2362 769 2474 824 illis
2528 766 2925 835 manifestavit.
2965 772 3067 839 .24.
3123 769 3431 830 Invisibilia

145 865 278 919 enim
338 866 543 936 ipsius,
587 867 947 921 invisibilitas
986 866 1179 932 ipsius,
1226 879 1265 921 ea
1314 866 1573 922 creatura
1621 875 1771 913 mum

1884 862 2071 926 solem,
2124 863 2325 913 lunam
2381 865 2431 912 et
2483 861 2619 913 alia.
2659 860 2777 923 Ῥει-
2826 877 2892 914 ea
2943 873 3065 932 quae
3101 858 3261 926 --facta
3297 869 3428 919 sunt

145 954 440 1026 intellecta,
466 957 542 1014 in
574 954 874 1016 intellectu,
904 952 1342 1021 conspiciuntur.
1375 949 1466 1005 25.
1505 948 1858 1018 Sempiterna
1890 963 2130 1018 quoque,
2164 951 2387 1011 scilicet,
2422 947 2542 1016 ejus
2570 947 2748 1002 virtus
2795 953 2853 1002 et
2903 948 3169 1006 divinitas
3213 957 3429 1022 conspi-

146 1047 280 1095 citur
312 1061 330 1096 :
374 1044 458 1096 ita
488 1047 556 1097 ut
589 1042 703 1096 sint
734 1039 1152 1095 inexcusabiles.
1190 1039 1332 1102 Quia
1355 1053 1487 1100 cum
1531 1037 1920 1107 cognovissent
1948 1037 2146 1102 Deum,
2181 1051 2293 1089 non
2337 1035 2483 1089 sicut
2517 1036 2693 1100 Deum
2723 1036 3195 1106 gloriﬁcaverunt,
3226 1057 3284 1107 se
3335 1043 3432 1097 illi

146 1131 497 1198 mbjiciendo,
531 1135 631 1184 aut
653 1129 867 1201 gratias
900 1134 1152 1200 egerunt,
1189 1123 1280 1183 2B.
1321 1125 1421 1180 sed
1451 1131 1800 1179 evanuerunt
1821 1124 1884 1178 in
1913 1123 2345 1194 cogitationibus
2384 1124 2522 1191 suis,
2556 1129 2613 1178 et
2641 1124 3003 1180 obscuratum
3035 1133 3120 1182 est
3156 1128 3428 1200 insipiens

147 1236 227 1272 cor
253 1236 480 1285 eorum,
515 1217 604 1274 27.
639 1218 888 1272 dicentes
919 1201 1067 1270 cnim
1097 1233 1156 1270 se
1177 1231 1306 1277 esse
1336 1215 1636 1285 sapientes,
1671 1213 1827 1278 stulti
1859 1213 1991 1267 facti
2037 1217 2188 1267 sunt.
2208 1214 2288 1278 Et
2315 1218 2673 1276 mutaverunt
2720 1215 2960 1284 gloriam
2987 1219 3088 1270 Dei
3114 1219 3329 1283 cultum
3357 1220 3433 1272 ad

151 1309 281 1362 idola
314 1304 1207 1378 translulerunt,incorruptibilis
1235 1304 1355 1369 Dei,
1378 1303 1436 1356 in
1463 1301 1890 1356 similitudinem
1914 1302 2176 1372 imaginis
2213 1299 2305 1358 28.
2331 1300 2709 1372 corruptibilis
2731 1301 2992 1370 hominis,
3035 1309 3092 1357 et
3112 1305 3422 1372 volucrum,

149 1401 194 1448 et
210 1397 650 1470 quadrupedum
673 1399 729 1448 et
746 1395 1113 1472 serpentium.
1140 1395 1376 1473 Propter
1397 1391 1544 1462 quod
1566 1390 1801 1444 tradidit
1817 1391 2211 1460 permisit'illos
2234 1391 2382 1444 Deus
2399 1390 2460 1443 in
2477 1380 2759 1455 desideria
2782 1391 2964 1446 Cordis
2986 1409 3201 1457 eorum,
3227 1393 3293 1448 in
3319 1395 3426 1448 im-

150 1485 482 1540 munditiam
532 1489 596 1544 ut
625 1483 978 1537 contumeliis
1007 1481 1254 1536 afﬁciant
1281 1489 1515 1551 corpora
1543 1495 1644 1533 sua
1673 1477 1732 1531 in
1753 1479 2096 1549 semetipsis.
2118 1477 2204 1534 29.
2235 1479 2342 1542 Qui
2371 1484 2859 1533 commutaverunt
2889 1479 2976 1535 30.
3004 1483 3298 1546 veritatem
3328 1473 3432 1536 Dei

151 1575 197 1626 in
221 1574 607 1637 mendacium,
645 1578 701 1626 et
737 1572 1032 1626 coluerunt
1057 1577 1114 1624 et
1141 1570 1453 1624 servierunt
1483 1573 1753 1622 creaturae
1793 1568 1980 1638 potius
2009 1583 2180 1638 quam
2203 1567 2483 1631 Creatori,
2532 1567 2628 1638 qui
2657 1573 2758 1633 est,
2801 1571 2902 1636 qui
2945 1586 3053 1623 non
3077 1576 3161 1636 est
3193 1572 3428 1636 idolum,

151 1662 474 1717 benedictus
503 1662 564 1716 in
593 1663 814 1716 szecula.
846 1664 1047 1717 Amen.
1080 1663 1388 1731 Propterea
1417 1657 1652 1712 tradidit
1677 1657 1805 1710 illos
1831 1656 1978 1710 Deus
2007 1656 2068 1709 in
2095 1656 2393 1726 passiones
2437 1655 2781 1725 ignominiae.
2808 1657 2960 1722 Nam
2981 1657 3207 1712 feminae
3236 1674 3434 1726 eorum

147 1752 594 1808 Mmutaverunt
615 1751 934 1804 naturalem
961 1767 1126 1810 usum
1145 1750 1213 1802 in
1245 1765 1375 1802 eum
1403 1747 1497 1818 qui
1527 1751 1612 1799 est
1640 1749 1835 1799 contra
1862 1750 2142 1797 naturam.
2171 1743 2442 1798 Similiter
2466 1749 2655 1797 autem
2685 1745 2742 1797 et
2769 1745 3020 1812 masculi,
3054 1747 3249 1802 relicto
3275 1749 3435 1802 natu-

150 1841 240 1895 rali
269 1857 381 1896 usu
409 1839 653 1899 feminae.
683 1845 1011 1898 exarserunt
1042 1839 1100 1891 in
1123 1836 1411 1891 desideriis
1443 1833 1560 1888 suis
1590 1835 1648 1887 in
1675 1833 1936 1897 invicem,
1957 1831 2193 1886 masculi
2223 1832 2282 1885 in
2309 1833 2585 1886 masculos
2601 1833 3013 1903 turpitudinem
3038 1842 3356 1906 operantes,
3380 1841 3438 1890 et

150 1928 463 1983 mercedem
499 1945 671 1999 quam
701 1929 953 1998 oportuit
977 1927 1184 1981 erroris
1231 1926 1336 1990 sui,
1361 1926 1427 1978 in
1457 1923 1791 1993 semetipsis,
1822 1923 1885 1975 ut
1914 1924 2062 1976 illud
2085 1928 2368 1990 peccatum
2390 1929 2623 1990 (poenam
2651 1926 2885 1990 peccati,
2919 1924 3271 1994 recipientes.
3298 1921 3434 1991 ιθ.

152 2019 211 2073 Et
236 2020 384 2072 sicut
411 2035 530 2072 non
554 2018 936 2088 probaverunt
963 2018 1142 2071 Deum
1172 2015 1382 2069 habere
1406 2015 1464 2068 in
1487 2013 1707 2079 notitia,
1729 2010 1974 2072 tradidit
2003 2010 2128 2069 illos
2158 2011 2308 2063 Deus
2340 2010 2398 2063 in
2426 2011 2728 2080 reprobum
2759 2028 3008 2077 sensum,
3042 2019 3107 2066 ut
3133 2014 3342 2068 faciant
3370 2030 3438 2067 ea

152 2124 264 2177 quae
292 2124 413 2161 non
443 2107 806 2172 conveniunt,
845 2106 1088 2176 repletos
1133 2104 1286 2158 omni
1333 2103 1650 2174 iniquitate,
1698 2099 1931 2166 malitia,
1973 2103 2198 2167 rapina,
2227 2098 2612 2166 fornicatione,
2647 2101 2901 2167 avaritia,
2935 2103 3205 2173 nequitia,
3237 2103 3434 2174 plenos

151 2197 374 2262 invidia,
397 2195 735 2261 homicidio,
762 2195 1314 2260 contentione,.dolo,
1341 2191 1710 2265 malignitate,
1736 2193 1880 2243 clam
1901 2204 2256 2253 susurrones,
2274 2191 2472 2256 palam
2488 2188 2861 2255 .detractores,
2878 2191 3001 2254 Deo
3033 2190 3440 2262 odibiles,,con-

152 2285 501 2350 tumeliosos,
534 2285 826 2354 superbos,
857 2284 1052 2350 elatos,
1077 2285 1405 2346 inventores
1425 2280 1731 2344 malorum,
1756 2277 2084 2348 parentibus
2124 2275 2604 2350 nqnobcdientes,
2627 2277 2990 2350 insipientes,
3021 2279 3438 2352 incompositos,

141 2374 264 2430 sine
288 2374 610 2438 affectione,
625 2371 848 2442 absque
867 2372 1100 2438 foedere,
1123 2371 1248 2426 sine
1269 2367 1814 2434 misecicordia.Qui,
1837 2383 1966 2422 cum
1985 2365 2266 2436 justitiam
2281 2365 2386 2422 Dei
2407 2369 2574 2436 prius
2593 2367 3004 2438 cognovissent,
3018 2367 3443 2443 3.1.,nonpostea

143 2460 964 2536 Maemnmnoniamgui
981 2460 1120 2516 talia
1145 2465 1326 2532 agunt
1342 2457 1508 2530 digni
1529 2460 1891 2518 suntanimae
1912 2461 2112 2522 morte,
2136 2460 2194 2509 et
2216 2453 2305 2513 32.
2331 2471 2445 2508 non
2475 2451 2657 2510 solum
2677 2456 2774 2527 qui
2795 2473 2862 2510 ea
2889 2456 3120 2524 faciunt,
3149 2457 3248 2528 sed
3259 2457 3443 2526 {etiam

149 2552 245 2622 qui
275 2549 648 2610 consentiunt
663 2549 1032 2612 facientibus.

1626 2650 1862 2709 CAPUT
1897 2652 1950 2706 ΙΙ
1960 2693 1970 2705 .

230 2801 278 2867 l,
305 2800 362 2857 2.
383 2802 638 2873 Propter
666 2800 816 2872 quod
846 2797 1236 2858 inexcusabilis
1258 2816 1336 2866 es,
1363 2797 1584 2861 ohomo
1612 2796 1813 2863 omnis,
1842 2794 1939 2866 qui
1955 2794 2177 2872 judicas
2197 2800 2247 2848 et
2260 2791 2515 2863 ,facis..In
2535 2813 2646 2878 quo
2672 2797 2908 2862 crimine
2928 2795 3446 2881 enimlconseguens

157 2893 215 2947 de
239 2907 460 2961 genere,
493 2893 572 2969 de
579 2891 938 2961 potestatibus
963 2893 1114 2952 enim
1139 2889 1724 2960 judiciariis;agitur,)
1752 2883 1971 2956 judicas
2001 2884 2261 2952 alterum,
2289 2884 2532 2956 teipsum
2561 2886 2813 2953 faciendo
2842 2887 3216 2955 condemnas;
3235 2885 3449 2956 eadem

1511 3051 2105 3110 COMMENTARIUS.

221 3209 316 3265 21.
347 3211 545 3262 Justus
571 3212 783 3261 autem.
806 3208 926 3261 Hoc
952 3207 1011 3261 in
1041 3206 1320 3274 Habacuc,
1353 3223 1474 3278 cap.
1495 3221 1569 3271 -Π,
1598 3223 1760 3278 repe-
1781 3205 2089 3272 ARomuli,
2118 3205 2266 3260 Jovis
2295 3209 2352 3259 et
2395 3205 2632 3260 aliorum
2676 3206 2793 3261 fere
2830 3207 3346 3278 innumerabilium,
3392 3219 3452 3268 et

159 3298 305 3352 ritur
331 3316 344 3350 :
384 3299 580 3350 Justus
604 3301 792 3350 autem
818 3300 881 3350 in
919 3298 1022 3363 ﬁde
1045 3312 1148 3350 sua
1176 3299 1332 3350 vivit.
1357 3295 1770 3350 Hoc-testimo-

159 3389 318 3440 nium
350 3392 408 3440 et
431 3385 548 3439 alia
574 3385 835 3456 plurima,
871 3400 995 3455 quae
1018 3385 1078 3438 in
1108 3390 1371 3439 contextu
1392 3384 1770 3456 Epistolarum

158 3491 398 3529 suarum
439 3474 742 3545 Apostolus
784 3474 960 3545 ponit,
1011 3491 1045 3528 a
1094 3474 1464 3528 translatione
1519 3474 1770 3528 veritatis

159 3564 458 3617 Hebraicae
478 3579 591 3633 qua
607 3562 987 3617 nuncutimur
1006 3562 1132 3616 ideo
1145 3563 1470 3616 discordare
1489 3562 1770 3630 videntur,

162 3654 298 3722 quia
319 3652 626 3722 aliquando
657 3651 1024 3705 auctoritates
1051 3657 1184 3704 sunt
1202 3651 1626 3705 a-translatione
1651 3667 1772 3721 sep-

157 3742 433 3812 tuaginta
451 3742 864 3811 .Interpretum.
888 3741 1202 3811 Aliquando
1217 3757 1342 3795 \non
1361 3757 1563 3795 curans
1580 3741 1768 3808 verba,

161 3831 568 3884 tantummodo
587 3815 917 3900 exsequitur
945 3830 1271 3883 sententias.

232 3918 328 3972 22.
371 3920 694 3972 Revelatur.
736 3916 968 3970 Justitia
1017 3917 1298 3970 reveletur
1338 3916 1406 3969 in
1465 3917 1766 3982 credente;

163 4023 298 4060 nam
332 4005 419 4058 ira
445 4005 504 4057 in
531 4020 649 4058 non
676 4004 956 4058 credente.
987 4004 1058 4057 Et
1083 4011 1170 4059 est
1193 4006 1309 4058 alia
1335 4020 1507 4059 causa
1531 4025 1542 4073 ;
1575 4005 1772 4077 praedi-

160 4102 387 4149 catores
408 4094 560 4147 enim
593 4093 880 4163 Evangelii
910 4094 1159 4148 revelant
1185 4094 1328 4148 iram
1347 4095 1450 4149 Dei
1477 4100 1771 4148 venturam

161 4199 340 4256 super
367 4195 564 4236 omnes
583 4181 817 4252 impios,
851 4182 907 4236 id
937 4187 1023 4236 est
1039 4183 1336 4251 inﬁdeles;
1381 4188 1439 4237 et
1482 4197 1652 4254 super
1681 4185 1772 4238 in-

156 4275 368 4343 justos,
398 4273 458 4326 id
499 4277 603 4338 est,
636 4272 928 4326 credentes
957 4276 1014 4326 et
1035 4289 1160 4326 non
1189 4273 1466 4327 facientes
1493 4287 1618 4343 qua:
1645 4289 1770 4327 cre-

161 4363 329 4417 dunt.

232 4450 327 4508 23.
375 4452 528 4518 Quod
577 4455 774 4505 notum
821 4454 899 4505 est
938 4453 1058 4518 Dei,
1100 4450 1159 4504 id
1197 4457 1287 4506 est
1332 4452 1402 4506 'de
1449 4452 1564 4506 Deo
1614 4452 1769 4506 nosci

149 4544 376 4611 potest.

231 4629 326 4684 24.
375 4630 692 4683 Invisibilia
725 4631 897 4693 enim,
929 4628 1168 4700 Exponit
1196 4629 1426 4683 modum
1457 4647 1568 4701 quo
1595 4630 1773 4684 mani-

162 4717 464 4772 festaverit
490 4717 594 4785 eis,
622 4717 881 4772 videlicet
901 4718 1047 4773 dans
1071 4719 1158 4772 eis
1197 4719 1585 4774 acutissimum
1623 4720 1774 4790 inge-

147 4808 351 4862 Vnium.

231 4895 330 4953 25.
392 4898 742 4967 Sempi'terna
789 4913 1016 4968 quoque.
1069 4898 1180 4953 Hic
1223 4915 1348 4970 quae
1405 4898 1521 4952 sint
1573 4897 1768 4953 invisi-

357 4987 635 5055 ostendit,
701 4990 760 5042 et
815 4992 901 5042 est
956 5003 1183 5060 quoque
1239 4988 1570 5059 completiva
1633 5005 1768 5043 con-

148 5075 398 5134 vinctio.

239 5164 332 5221 26.
361 5166 472 5221 Sed
499 5169 865 5232 evanuerunt,
887 5164 944 5219 id
961 5171 1049 5220 est
1069 5168 1457 5238 cogitaverunt
1484 5186 1542 5223 se
1565 5169 1772 5242 cogita-

151 5255 391 5308 ﬁonem
433 5267 628 5308 veram
671 5270 710 5308 a
751 5272 810 5309 se
843 5253 1098 5324 habere;
1143 5258 1292 5312 unde
1333 5259 1544 5314 factum
1582 5265 1666 5312 est
1707 5263 1773 5312 ut

157 5344 570 5414 cogitationem
595 5343 704 5398 Dei
727 5344 1046 5416 perderent.

219 5430 328 5488 ~27.
378 5435 627 5488 Dicente:
668 5437 837 5488 enim.
873 5435 1147 5490 Ostendit
1191 5439 1470 5509 quomodo
1518 5437 1773 5509 superius

147 5523 515 5578 intellexerit
537 5527 889 5577 evanuerunt
905 5526 979 5578 in
995 5529 1421 5593 cogitationibus
1441 5531 1576 5582 sitis.

236 5612 332 5672 28.
365 5614 780 5682 Corruptibilis.
804 5612 976 5667 Moris
999 5615 1109 5669 fuit
1130 5615 1512 5671 Romanorum
1538 5617 1608 5671 ab
1633 5617 1777 5671 anti-

163 5703 296 5772 quis
333 5699 714 5775 temporibus,
755 5701 994 5758 adorare
1029 5703 1335 5762 simulacra
1368 5707 1681 5775 hominum,
1713 5711 1778 5761 ut

1855 3294 2096 3348 maxime
2127 3292 2195 3347 ab
2225 3293 2470 3347 adventu
2517 3294 2704 3349 Enen:
2741 3295 2809 3349 in
2843 3296 3110 3366 italiam;
3150 3299 3454 3356 volucrum
3489 3364 3496 3376 η

1841 3387 2044 3436 autem
2099 3387 2156 3436 et
2207 3383 2553 3454 serpentium
2602 3389 2659 3437 et
2713 3385 3160 3456 quadrupedum,
3219 3405 3287 3443 ex
3342 3408 3453 3463 quo

1851 3472 2191 3525 Alexandria
2247 3471 2318 3525 ab
2368 3471 2625 3542 Augusto
2665 3472 2822 3527 victa
2873 3475 3065 3529 Romae
3115 3479 3202 3531 est
3259 3478 3452 3550 subju-

1853 3566 2004 3630 gata.

1917 3648 2012 3705 29.
2047 3653 2155 3717 Qui
2181 3655 2678 3716 commutaverunt,
2709 3650 2768 3704 id
2797 3656 2900 3718 est,
2926 3652 3081 3723 prius
3099 3654 3170 3709 de
3191 3656 3310 3711 Deo
3331 3673 3454 3713 sen-

1853 3743 2066 3803 serunt,
2099 3739 2238 3791 falsa
2266 3755 2330 3791 ex
2361 3755 2426 3792 eo
2456 3745 2651 3810 postea
2679 3740 2905 3794 credere
2935 3747 3246 3812 coeperunt.
3499 3809 3508 3818 ,

1925 3826 2011 3883 30.
2057 3829 2343 3881 Veritatem
2383 3828 2500 3893 Dei,
2553 3828 2608 3882 id
2653 3834 2755 3892 est,
2805 3845 2974 3899 quam
3011 3831 3082 3886 de
3119 3834 3243 3888 'Deo
3280 3836 3452 3890 habe-

1853 3913 2175 3980 bant,-ialso
2223 3916 2566 3985 imputantes
2611 3917 2776 3970 idolis
2821 3919 2970 3988 quod
3010 3931 3138 3973 vere
3165 3922 3340 3977 salius
3365 3931 3455 3979 est

1852 4004 1974 4058 Dei.

1922 4091 2012 4148 31.
2051 4095 2613 4160 Non-intellexerunt,
2653 4094 2710 4148 id
2740 4099 2842 4160 est,
2885 4112 2999 4150 non
3026 4097 3210 4153 solum
3238 4101 3307 4156 de
3324 4103 3451 4159 'Deo

1841 4181 1992 4235 falsa
2016 4186 2334 4252 senserunt,
2361 4183 2462 4236 sed
2487 4182 2663 4236 etiam
2688 4183 3069 4254 cognitionem
3093 4187 3368 4245 bonarum
3387 4208 3452 4246 ac

1852 4272 2129 4326 malarum
2156 4288 2346 4326 rerum
2374 4272 2702 4326 amiserunt.

1924 4359 2010 4416 32.
2046 4362 2296 4416 AMBROS.
2332 4362 2455 4415 Non
2501 4365 2680 4417 solum
2709 4365 2808 4431 qui
2836 4367 3058 4432 faciunt
3103 4383 3187 4438 ca,
3223 4371 3314 4424 sed
3353 4374 3454 4440 qui

1850 4453 2199 4503 consentiunt
2218 4451 2571 4516 facientibus.
2591 4452 2733 4505 Sunt
2755 4452 2980 4522 quidam
2999 4455 3094 4526 qui
3115 4472 3175 4511 se
3193 4474 3318 4512 reos
3338 4475 3452 4513 non

1788 4533 1835 4593 B
1851 4543 2071 4609 putant,
2097 4539 2143 4592 si
2168 4554 2281 4592 non
2303 4543 2611 4609 operantur
2634 4548 2755 4611 quae
2786 4543 2935 4596 mala
2961 4549 3112 4612 sunt,
3137 4547 3452 4602 assentiunt

1854 4634 2045 4681 autem
2099 4627 2452 4681 facientibus.
2500 4630 2790 4683 Assentire
2827 4637 3017 4686 autem
3067 4639 3171 4698 est,
3205 4637 3272 4702 si,
3323 4654 3451 4691 cum

1841 4717 2030 4788 possit
2057 4717 2488 4787 reprehendere,
2507 4720 2720 4785 taceat,
2749 4724 2850 4774 aut
2886 4720 3006 4775 haec
3046 4723 3280 4779 audiens
3310 4727 3452 4780 adu-

1854 4807 2020 4860 letur.

1910 4896 2076 4950 -ΟΑΡ,
2109 4895 2183 4949 ΙΙ.
2215 4927 2280 4936 -
2307 4895 2361 4950 1.
2395 4897 2606 4950 LANFR.
2639 4899 2867 4966 Propter
2888 4901 3032 4968 quod
3059 4903 3451 4959 inexcusabilis

1843 5001 1919 5051 es,
1954 5001 1984 5038 ο
2010 4986 2186 5051 homo,
2237 4988 2336 5054 qui
2373 4987 2616 5053 judicas.
2637 4987 2891 5042 ‘Invectio
2919 4988 2979 5042 in
3008 4996 3271 5046 rectores.
3304 4989 3453 5047 Dicit

1851 5075 2002 5129 enim
2029 5093 2040 5127 :
2084 5076 2222 5128 Cum
2253 5091 2447 5129 omnes
2477 5075 2744 5130 facientes
2783 5081 2842 5130 et
2867 5080 3278 5135 consentientes
3319 5087 3453 5135 sunt

1841 5164 2108 5235 perituri,
2143 5164 2314 5218 etiam
2345 5168 2403 5218 et
2448 5163 2506 5216 hi
2554 5165 2648 5235 qui
2695 5165 2834 5220 alios
2873 5167 3148 5237 judiCant,
3177 5170 3225 5223 si
3253 5169 3450 5224 eodem

1837 5257 2079 5326 peccato
2090 5255 2364 5308 tenentur
2391 5252 2669 5324 impliciti.

1925 5346 1977 5398 2.
2008 5345 2252 5398 AMBROS.
2293 5346 2520 5412 Propter
2547 5345 2690 5412 quod
2727 5347 3141 5400 inexcusabilis.
3167 5346 3258 5400 'Ne
3301 5346 3451 5403 forte

1847 5433 1952 5505 qui
1991 5433 2152 5499 facit,
2209 5439 2268 5487 et
2323 5432 2421 5503 qui
2465 5433 2747 5487 consentit
2795 5433 3124 5488 facientibus
3186 5451 3452 5493 excusare

1855 5540 1915 5576 se
1958 5539 2122 5595 posse
2163 5527 2409 5594 putaret,
2449 5522 2610 5577 docet
2654 5521 2974 5592 hujusmodi
3015 5512 3452 5583 inexcusabilem

1855 5614 1995 5668 fore.
