3952 6412
609 422 706 482 111

1589 421 1652 477 Β.
1696 423 2113 481 LANFRANCI
2151 422 2514 479 OANTUAR.
2555 421 2893 477 ARCHIEP.

3770 419 3866 478 112

605 550 757 607 enim
785 549 908 621 agis
938 565 1060 622 quae
1078 548 1318 621 judicas.
1342 548 1396 606 3.
1420 548 1640 605 Scimus
1668 550 1821 606 enim
1850 553 2117 624 quoniam
2136 550 2410 623 judicium
2434 548 2537 604 Dei
2567 553 2653 603 est
2668 547 2724 603 4.
2754 546 3076 603 Secundum
3104 545 3398 601 veritatem
3427 546 3489 600 in
3508 560 3604 600 eos
3623 544 3715 617 qui
3733 544 3868 599 talia

605 643 800 710 agunt.
823 637 877 693 5.
911 637 1208 693 Existimas
1236 642 1428 692 autem
1455 638 1580 705 hoc,
1605 654 1638 693 o
1666 640 1854 707 homo,
1880 641 1978 713 qui
1998 641 2218 711 judicas
2241 656 2336 694 eos
2363 638 2460 710 qui
2483 638 2623 692 talia
2641 642 2838 708 agunt,
2865 641 2925 691 et
2950 635 3092 690 facis
3122 652 3208 702 ea,
3232 635 3367 706 quia
3390 639 3453 690 tu
3477 633 3704 705 effugies
3726 634 3870 704 judi-

602 726 755 782 cium
791 725 936 782 Dei?
964 724 1020 783 6.
1068 728 1156 781 An
1184 726 1405 782 divitias
1434 726 1702 782 bonitatis
1738 730 1878 799 ejus,
1926 736 1985 784 et
2029 729 2315 801 patienti-ce
2361 732 2419 782 et
2458 725 2903 797 longanimitatis
2930 724 3260 790 contemnis,
3304 726 3536 779 nolendo
3564 724 3825 792 respicere
3848 728 3871 775 ?

605 815 834 887 ignoras
860 814 1128 886 quoniam
1149 813 1466 886 benignitas
1481 815 1584 870 Dei
1605 816 1679 873 ad
1697 817 2029 887 patientiam
2049 823 2106 872 te
2127 814 2399 872 adducit?
2427 815 2748 870 Secundum
2770 819 2962 869 autem
2979 812 3246 868 duritiam
3268 817 3426 867 tuam
3446 816 3503 866 et
3520 810 3871 882 impmnitens

602 920 718 971 cor,
738 903 1087 959 thesaurizas
1100 919 1266 972 auges
1284 902 1389 957 tibi
1407 902 1571 971 iram,
1596 903 1654 958 in
1673 904 1765 959 die
1780 905 1879 960 ira;
1897 906 1947 961 7.
1969 911 2027 961 et
2043 904 2399 960 revelationis
2414 903 2555 973 justi
2571 901 2768 973 judicii
2785 901 2905 967 Dei,
2916 901 3012 973 qui
3031 901 3230 956 reddet
3249 899 3551 971 unicuique
3569 899 3872 954 secundum

603 1008 776 1064 opera
789 992 990 1063 ejus,8.
1003 991 1074 1046 iis
1090 991 1315 1064 quidem
1332 991 1429 1063 qui
1441 992 1748 1047 secundum
1759 993 2090 1064 patientiam
2104 993 2237 1049 boni
2248 994 2453 1064 Operis,
2469 995 2569 1061 qui
2573 995 2851 1060 patienter
2866 992 3069 1044 bonum
3086 1005 3220 1058 opus
3223 985 3600 1058 perﬁciunt,9.
3611 986 3873 1059 gloriam,

602 1084 792 1136 carnis
807 1083 1291 1135 commutationem
1303 1084 1362 1134 et
1379 1080 1670 1147 honorem,
1689 1083 1826 1150 quia
1842 1083 1954 1148 ﬁlii
1969 1083 2070 1136 Dei
2082 1083 2427 1137 vocabuntur
2446 1078 2531 1137 10.
2549 1084 2607 1134 et
2618 1078 3097 1150 incorruptionem
3118 1076 3571 1149 quaerunt,vitam
3586 1088 3869 1142 aeternam,

603 1186 716 1225 non
744 1171 965 1225 laudem
994 1172 1382 1239 temporalem:
1425 1173 1467 1234 ι
1491 1174 1533 1234 ι
1569 1167 1657 1224 11.
1689 1168 1766 1224 Iis
1787 1174 1978 1224 autem
2005 1170 2102 1242 qui
2130 1174 2265 1225 sunt
2293 1172 2489 1225 vivunt
2534 1166 2620 1224 i2.
2654 1184 2724 1222 ex
2751 1166 3127 1233 contentione,
3160 1171 3218 1221 et
3245 1166 3342 1238 qui
3371 1182 3486 1221 non
3514 1164 3877 1237 acquiescunt

602 1257 841 1325 veritati,
876 1256 963 1315 13.
993 1258 1232 1313 credunt
1267 1261 1460 1312 autem
1499 1256 1806 1328 iniquitati,
1843 1258 1928 1314 14.
1960 1258 2049 1313 ira
2076 1263 2134 1313 et
2176 1257 2509 1329 indignatio.
2539 1255 2853 1312 Tribulatio
2882 1261 2940 1311 et
2982 1255 3244 1328 angustia
3270 1257 3531 1311 reddetur
3559 1255 3620 1310 in
3648 1272 3875 1311 omnem

599 1347 850 1403 animam
876 1346 1121 1402 hominis
1150 1345 1437 1418 Operantis
1460 1346 1695 1413 malum,
1733 1345 1817 1412 15,
1847 1346 1935 1401 16.
1968 1346 2147 1402 Judaei
2174 1346 2420 1419 primum
2452 1348 2696 1401 maxime
2724 1351 2783 1400 et
2812 1344 2989 1400 Graeci
3012 1364 3027 1414 ;
3065 1343 3149 1402 17.
3179 1344 3363 1416 gloria
3393 1349 3585 1399 autem
3612 1349 3669 1399 et
3691 1343 3877 1399 honor

599 1441 659 1491 et
684 1452 792 1507 pax
817 1452 855 1490 a
885 1437 1339 1504 concupiscentiis
1366 1433 1521 1489 omni
1554 1434 1810 1505 Operanti
1833 1433 2045 1490 bonum
2069 1436 2352 1502 reddetur,
2386 1433 2473 1492 18.
2503 1435 2696 1490 Iudaeo
2725 1434 2974 1506 primum
2999 1438 3057 1489 et
3088 1434 3302 1489 Graeco.
3332 1432 3422 1490 19.
3455 1434 3582 1489 Non
3609 1432 3758 1487 enim
3789 1437 3880 1488 est

597 1523 848 1596 acceptio
867 1539 1235 1595 personarum
1257 1524 1407 1594 apud
1422 1523 1624 1578 Deum.
1646 1522 1737 1580 20.
1751 1523 2081 1596 Quicunque
2100 1524 2252 1579 enim
2272 1524 2396 1579 sine
2413 1524 2538 1595 lege
2558 1528 2947 1595 peccaverunt,
2966 1523 3089 1577 sine
3106 1522 3232 1594 lege
3249 1525 3488 1577 crimine
3500 1524 3877 1592 prmricata:

599 1615 733 1681 legis
776 1611 1077 1684 peribunt;
1124 1616 1181 1667 et
1222 1611 1541 1683 quicunque
1578 1612 1639 1666 in
1686 1612 1809 1683 lege
1837 1618 2226 1684 peccaverunt,
2257 1611 2347 1669 21.
2388 1628 2492 1684 per
2529 1612 2712 1683 legem
2745 1628 2848 1682 per
2876 1613 3395 1682 praearicationem
3425 1611 3873 1676 damnabantur,

588 1700 1018 1770 judicabuntur.
1044 1701 1168 1755 Non
1197 1700 1349 1756 enim
1384 1701 1669 1756 auditores
1709 1700 1850 1772 legis
1875 1702 2017 1772 justi
2055 1708 2189 1757 sunt
2214 1701 2365 1773 apud
2393 1701 2594 1767 Deum,
2625 1698 2716 1757 22.
2746 1701 2845 1756 sed
2886 1700 3126 1755 factores
3161 1698 3301 1770 legis
3340 1701 3453 1754 sive
3492 1702 3559 1754 in
3597 1701 3719 1768 lege,
3762 1701 3879 1753 sive

594 1791 714 1845 sine
742 1793 853 1859 lege
873 1788 1351 1860 justiﬁcabuntur.
1373 1791 1681 1859 Responsio.
1703 1788 1794 1846 23.
1818 1790 1961 1845 Cum
1985 1791 2136 1846 enim
2158 1794 2377 1861 gentes,
2401 1807 2525 1862 quae
2553 1789 2735 1861 legem
2761 1805 2874 1844 non
2894 1788 3124 1856 habent,
3152 1787 3489 1844 naturaliter
3507 1803 3575 1843 ea
3590 1804 3709 1859 quae
3725 1787 3881 1859 legis

590 1880 727 1933 sunt
746 1875 981 1947 faciunt,
1010 1874 1285 1946 ejusmodi
1312 1876 1496 1948 legem
1514 1879 1780 1947 scriptam
1799 1893 1913 1933 non
1931 1877 2224 1945 habentes,
2245 1878 2353 1951 ipsi
2372 1878 2479 1934 sibi
2497 1883 2633 1935 sunt
2657 1878 2765 1947 lex,
2799 1878 2894 1950 qui
2923 1877 3229 1934 ostendunt
3255 1894 3395 1949 opus
3424 1877 3569 1948 legis
3592 1876 3872 1948 scriptum

1927 2046 2402 2103 COMMENTARI
2413 2048 2517 2104 US.

657 2197 712 2257 3.
775 2197 984 2254 Lam-‘3.
1047 2195 1266 2252 Scimus
1318 2201 1506 2252 autem
1573 2199 1840 2266 quoniam
1905 2198 2531 2267 judiciumAditﬁdens
2573 2200 2733 2272 pejus
2778 2198 3107 2254 tractandus
3145 2201 3253 2264 est,
3282 2198 3417 2270 quia
3450 2197 3710 2254 Patribus
3739 2198 3878 2269 [al.,

585 2289 686 2342 Dei
755 2291 854 2342 est.
919 2284 1270 2341 Auctoritate
1341 2301 1446 2340 sua
1508 2286 1806 2341 conﬁrmat
1866 2292 2186 2357 peccatores
2267 2287 2501 2360 donum]
2528 2288 2866 2360 promissum
2892 2286 3176 2342 refutavit.

581 2374 1034 2447 supradictorum
1096 2373 1373 2429 scelerum
1433 2374 1776 2446 generaliter
1837 2391 1960 2430 esse
2023 2375 2185 2431 dam-

580 2463 819 2519 nandos.

649 2553 704 2608 4.
726 2551 1041 2608 Secundum
1055 2555 1365 2623 veritatem,
1375 2551 1434 2607 id
1455 2556 1559 2615 est,
1581 2552 1887 2608 secundum
1902 2553 2177 2618 iustitiam

575 2642 698 2698 sine
724 2642 1046 2714 acceptione
1074 2657 1465 2714 personarum.

639 2732 697 2788 5.
710 2732 1016 2786 Existimas
1036 2736 1223 2787 autem
1241 2732 1356 2799 hoc,
1379 2748 1409 2785 ο
1426 2731 1586 2785 homo
1609 2733 1791 2785 omnis
1816 2733 1916 2801 qui
1923 2732 2169 2800 judicas.

571 2820 800 2876 Putare"
810 2825 1000 2893 posset
1029 2820 1232 2892 aliquis
1255 2819 1552 2892 imperitus
1582 2819 1733 2891 quod
1751 2824 1912 2875 tanto
1940 2819 2174 2875 liberius

572 2923 805 2982 peccare
832 2908 1044 2977 liceret,
1078 2914 1288 2982 quanto
1331 2908 1658 2980 diligentius
1701 2908 1841 2964 alios
1875 2924 1911 2963 a
1945 2914 2173 2980 peccato

574 3003 971 3071 compesceret.

642 3086 700 3142 6.
723 3088 974 3143 AMBROB.
1003 3088 1093 3141 An
1116 3086 1343 3141 divitias
1377 3088 1639 3141 bonitatis
1681 3089 1797 3157 ejus
1825 3092 1875 3141 et
1894 3087 2177 3156 patientiae

575 3182 624 3230 et
653 3176 1101 3243 longanimitatis
1118 3179 1143 3227 ?
1182 3174 1313 3229 Haec
1339 3174 1477 3229 dicit
1520 3178 1587 3228 ut
1628 3190 1742 3229 non
1766 3176 1889 3245 jam
1915 3192 1975 3230 se
2015 3179 2178 3246 putet

574 3262 839 3329 evasisse,
870 3262 919 3316 si
945 3262 1159 3334 patitur
1186 3262 1350 3316 illum
1372 3262 1470 3316 diu
1502 3267 1847 3333 peccantem.

626 3340 700 3406 ‘7.
740 3351 810 3406 Et
837 3352 1187 3406 reuelationis
1213 3353 1365 3420 justi
1400 3352 1616 3420 judicii
1657 3353 1776 3406 Dei.
1819 3350 2178 3408 Revelabitur

576 3439 727 3513 quod
754 3439 923 3495 modo
963 3438 1216 3495 futurum
1258 3444 1519 3509 negatur.
1550 3438 1694 3495 Cum
1738 3439 1890 3495 enim
1933 3441 2178 3496 ostendit

2340 2375 2426 2434 16.
2449 2378 2660 2432 LANFR.
2687 2378 2890 2432 Judaei.
2909 2375 3023 2431 Per
3039 2361 3283 2443 Juda‘eos,
3305 2376 3561 2433 inﬁdeles
3583 2377 3882 2449 intelligit,

2264 2465 2363 2536 qui
2403 2466 2646 2521 maxime
2672 2465 2981 2537 punientur
3010 2465 3059 2520 si
3100 2471 3379 2538 praecepta
3403 2466 3506 2521 Dei
3533 2482 3646 2521 non
3673 2464 3888 2521 obser-

2259 2559 2430 2622 vant;
2467 2571 2571 2626 per
2598 2556 2819 2610 Graecos
2843 2559 3061 2625 gentes,
3091 2554 3150 2609 id
3195 2560 3284 2610 est
3307 2554 3562 2610 inﬁdeles
3595 2572 3608 2610 :
3640 2571 3676 2609 a
3703 2559 3887 2625 parte

2257 2646 2464 2700 totum.

2330 2730 2417 2788 17.
2444 2731 2693 2787 Λλωιιοε.
2723 2732 2913 2787 Gloria
2942 2737 3149 2801 autem,
3198 2739 3248 2788 et
3300 2734 3477 2788 honor
3522 2737 3571 2786 et
3619 2747 3754 2801 par,
3805 2737 3887 2787 ut

2254 2818 2527 2875 honorem
2553 2819 2845 2890 geminum
2872 2819 3135 2888 habeant,
3169 2822 3331 2893 quasi
3359 2820 3489 2877 Filii
3516 2820 3639 2876 Dei.
3669 2819 3889 2876 Gloria

2254 2911 2448 2961 autem
2471 2908 2536 2961 ﬁt
2559 2923 2660 2979 pro
2688 2907 3112 2975 immutatione;
3141 2925 3249 2979 pax
3267 2926 3419 2977 vero,
3451 2925 3516 2964 eo
3540 2907 3691 2980 quod
3714 2906 3884 2964 bene

2256 2994 2503 3051 viventes
2532 2996 2709 3068 quieti
2732 3001 2900 3051 erunt
2926 2995 2986 3051 in
3012 2997 3224 3065 futuro,
3255 2999 3413 3053 nulla
3439 2996 3892 3070 perturbatione

2257 3084 2547 3140 commoti.

2331 3170 2418 3229 10.
2448 3174 2656 3228 LANFR.
2702 3175 2906 3229 Judzo.
2950 3175 3129 3231 Judaei
3177 3175 3425 3247 primum
3472 3175 3690 3245 operati
3733 3183 3897 3231 sunt

2256 3259 2487 3327 bonum,
2508 3267 2702 3332 postea
2730 3262 2928 3318 Graeci.

2331 3347 2417 3406 19.
2457 3351 2582 3406 Νοη
2609 3354 2760 3407 enim
2789 3357 2866 3406 est
2885 3367 3277 3421 personarum,
3310 3356 3418 3408 etc.
3451 3351 3570 3405 Hoc
3592 3350 3666 3406 ad
3698 3368 3899 3426 supe-

2256 3436 2410 3492 riora
2426 3439 2672 3511 respicit,
2693 3439 2790 3495 ubi
2810 3440 2894 3494 ait
2915 3458 2928 3494 :
2949 3430 3068 3506 Ira,
3085 3444 3193 3495 etc.
3208 3440 3281 3494 Et
3293 3442 3359 3494 in
3372 3456 3592 3495 omnem
3605 3443 3899 3496 animam

575 3528 727 3602 quod
754 3544 868 3585 non
898 3544 1020 3584 esse
1049 3527 1318 3596 creditur,
1342 3528 1643 3583 revelatur.
1674 3526 1777 3582 His
1804 3527 1955 3582 enim
1985 3530 2533 3597 osten-Boperantis
2558 3533 2794 3585 malum.
2820 3529 2891 3584 Et
2916 3529 3083 3600 paulo
3107 3534 3235 3601 post
3265 3544 3282 3586 :
3319 3530 3529 3598 Gloria,
3553 3533 3685 3598 etc.,
3711 3528 3904 3588 omni

476 3610 487 3617 ’
575 3618 749 3686 ditur,
780 3617 915 3690 quia
933 3618 1058 3689 [al.,
1081 3617 1200 3689 qui]
1228 3622 1440 3689 negant
1467 3616 1601 3689 quia
1617 3615 1974 3672 credentibus
2000 3618 2178 3674 mani-

575 3705 780 3762 festum
813 3712 921 3762 est.

643 3793 698 3854 8.
732 3798 812 3852 Iis
857 3797 1080 3865 quidem
1119 3796 1424 3850 secundum
1445 3796 1781 3864 patientiam
1823 3796 1953 3850 boni
1978 3800 2174 3865 operis.

575 3884 793 3951 Quibus
827 3885 985 3940 dedit
1006 3885 1156 3939 Deus
1180 3883 1443 3938 ﬁduciam
1480 3882 1632 3950 ﬁdei,
1663 3900 1735 3939 ne
1769 3883 1866 3939 diu
1891 3883 1983 3939 hic
2013 3884 2180 3954 positi

573 3974 847 4030 damnum
870 3973 1163 4028 incurrant
1190 3971 1479 4043 promissae
1499 3971 1646 4027 vitae.

646 4060 701 4119 9.
741 4063 994 4119 Gloriam
1038 4066 1090 4115 et
1134 4061 1416 4115 honorem.
1448 4061 1515 4116 In
1558 4060 1824 4133 presenti
1860 4060 2011 4117 enim
2044 4062 2174 4133 vita,

573 4149 757 4222 gloria
782 4150 871 4204 vel
914 4149 1096 4205 honor
1133 4149 1461 4220 frequenter
1488 4149 1789 4218 amittitur,
1822 4150 1956 4223 quia
1983 4168 2179 4209 corru-

574 4237 789 4311 ptibilis
818 4241 925 4294 est.

643 4324 736 4384 10.
768 4327 976 4382 Lamia.
1015 4325 1085 4381 Et
1128 4329 1606 4397 incorruptionem
1652 4334 1931 4399 quaerunt,
1962 4328 2022 4384 id
2067 4334 2172 4399 est,

575 4414 626 4471 si
674 4415 736 4470 in
790 4414 1105 4471 intentione
1163 4421 1425 4488 quaerunt
1475 4416 1649 4472 vitam
1695 4422 1983 4473 aeternam.
2013 4419 2178 4474 Multi

574 4505 728 4560 enim
749 4503 899 4559 bona
924 4509 1232 4577 Operantur
1255 4510 1486 4577 propter
1511 4506 1758 4561 favorem
1789 4506 2104 4563 hominum.

649 4592 734 4651 11.
766 4594 1012 4650 Annos.
1041 4595 1122 4649 Iis
1148 4599 1336 4649 autem
1370 4597 1470 4664 qui
1506 4611 1571 4650 ea:
1597 4599 1958 4664 contentione,
1983 4596 2043 4653 id
2070 4601 2176 4667 est,

576 4682 673 4755 qui
714 4681 817 4738 Dei
864 4687 1235 4738 contemnunt
1270 4683 1624 4755 patientiam,
1667 4686 2016 4741 contendunt
2049 4702 2179 4742 eva-

575 4787 744 4835 cuare
765 4769 1041 4842 judicium
1069 4771 1194 4830 Dei.

2259 3620 2516 3685 aperanti
2538 3618 2761 3674 bonum.

2332 3703 2422 3762 20.
2454 3708 2702 3765 AMBROS.
2751 3708 3075 3777 Quicunque
3114 3710 3267 3763 enim
3310 3710 3431 3763 sine
3476 3711 3586 3779 lege
3619 3724 3904 3778 peccave-

2263 3800 2420 3863 runt,
2449 3798 2571 3850 sine
2597 3800 2710 3866 lege
2752 3798 3039 3866 peribunt,
3089 3796 3150 3852 id
3195 3801 3300 3863 est,
3330 3796 3453 3852 sine
3490 3796 3726 3869 judicio.
3759 3800 3904 3865 Qui

2262 3884 2414 3940 enim
2444 3901 2559 3940 non
2604 3884 2802 3951 credit,
2844 3885 2966 3955 jam
2995 3885 3281 3955 judicatus
3308 3891 3429 3953 est;
3468 3903 3573 3941 nec
3600 3892 3735 3942 ante
3763 3890 3904 3944 tri-

2261 3972 2432 4028 bunal
2461 3972 2672 4029 Christi
2715 3971 2904 4039 stabit,
2937 3973 3038 4028 sed
3073 3989 3378 4045 resurgens
3404 3974 3642 4030 ducetur
3664 3975 3743 4030 ad
3766 3962 3904 4049 ge-

2259 4062 2530 4121 bennam.

2328 4151 2420 4207 21.
2446 4153 2551 4206 Per
2569 4154 2738 4219 legem
2757 4151 3188 4220 judicabantur.
3209 4152 3459 4209 Peccatis
3481 4170 3679 4210 eorum
3697 4154 3904 4214 adde-

2258 4244 2357 4295 tur
2383 4244 2677 4312 peccatum
2698 4239 3195 4311 praevaricationis.

2328 4329 2418 4386 22.
2470 4330 2719 4385 AMBROS.
2767 4328 2874 4385 Sed
2920 4331 3152 4398 factores
3199 4333 3333 4401 legis
3369 4334 3904 4403 justiﬁcabuntur.

2260 4416 2503 4472 Credere
2542 4415 2603 4470 in
2642 4415 2929 4472 Christum
2974 4433 3144 4489 quem
3178 4418 3267 4473 lex
3310 4419 3586 4492 promisit,
3618 4420 3730 4476 hoc
3758 4430 3904 4496 est,

2259 4505 2443 4560 facere
2482 4504 2667 4576 legem
2706 4510 2766 4561 et
2808 4522 2950 4578 Opus
2990 4506 3132 4578 legis
3175 4507 3449 4579 scriptum
3497 4508 3555 4564 in
3599 4510 3904 4571 cordibus

2259 4593 2477 4660 vestris,
2504 4594 2644 4649 ﬁdes
2671 4599 2776 4650 est.

2330 4681 2421 4743 23.
2442 4683 2689 4739 Auensr.
2714 4685 2828 4755 (lib.
2851 4685 2928 4740 De
2945 4687 3085 4755 spir.
3104 4690 3153 4741 et
3179 4686 3289 4753 lit.,
3310 4703 3434 4760 cap.
3460 4683 3549 4755 26,
3570 4691 3715 4745 tom.
3740 4690 3904 4761 111.]

2261 4772 2401 4830 Cum
2420 4775 2571 4828 enim
2597 4777 2779 4842 gentes
2799 4789 2916 4844 quae
2944 4776 3116 4842 legem
3136 4790 3249 4830 non
3268 4776 3488 4833 habent.
3512 4776 3727 4832 Gentes
3745 4796 3904 4851 qua:

641 4858 736 4916 12.
781 4859 989 4919 Lamia.
1039 4861 1126 4916 Ea:
1176 4864 1538 4917 contentione.
1598 4863 1678 4917 Ex
1730 4866 1879 4917 ccetu
1942 4867 2175 4918 conten-
2198 4855 2595 4920 Cnaturaliter
2647 4878 2774 4933 quae
2824 4861 2966 4933 legis
3020 4869 3156 4918 sunt
3203 4864 3437 4934 faciunt,
3493 4865 3749 4938 profecto
3804 4875 3904 4929 ad

573 4947 740 5015 tioso,
762 4948 859 5020 qui
880 4948 1249 5004 christianum
1272 4950 1603 5022 religionem
1623 4967 1745 5007 esse
1768 4951 2031 5007 inutilem
2049 4968 2178 5008 con-

573 5038 837 5096 tendunt.
959 5075 965 5081 η

639 5124 731 5185 13.
760 5127 1008 5184 Αδωιιοε.
1036 5128 1281 5184 Gredunt
1307 5134 1495 5184 autem
1524 5130 1847 5200 iniquitati.
1899 5127 2176 5201 Iniquitas

569 5223 659 5274 est
700 5233 910 5289 negare
937 5215 1088 5289 quod
1114 5218 1266 5273 Deus
1304 5216 1560 5275 futurum
1589 5235 1716 5274 esse
1755 5218 2016 5292 promisit
2045 5217 2172 5292 [al.,

569 5303 878 5380 prmdixit].

643 5393 731 5449 14.
759 5396 858 5450 Ira
884 5398 935 5449 et
972 5395 1308 5464 indignatio,
1340 5400 1407 5451 ut
1432 5394 1805 5468 spiritualem,
1836 5410 1951 5450 non
1985 5412 2176 5470 corpo~

462 5482 469 5489 ί
570 5481 747 5536 ralem
770 5498 999 5553 poenam
1027 5481 1332 5556 intelligas.

645 5565 731 5625 15.
756 5572 938 5625 ,Ιαάδί
962 5574 1222 5641 primum
1244 5578 1296 5628 et
1323 5572 1516 5628 Graeci.
1544 5568 1805 5629 Judaeum
1833 5590 2058 5648 semper
2083 5592 2183 5636 an.

567 5656 808 5731 teponit,
832 5662 902 5715 ut
917 5663 1020 5716 aut
1036 5664 1341 5718 coronetur
1357 5659 1577 5733 primus
1592 5666 1694 5719 aut
1715 5662 2036 5736 damnetur,
2050 5665 2186 5740 quia

2257 4950 2621 5023 Evangelium
2640 4950 2944 5023 pertinent,
2964 4951 3166 5024 quibus
3182 4952 3272 5008 lex
3291 4954 3352 5010 in
3374 4954 3636 5010 cordibus
3655 4957 3904 5030 scripta

2258 5044 2365 5095 est.
2412 5040 2530 5095 Nec
2573 5045 2798 5095 moveat
2839 5040 2990 5112 quod
3033 5042 3371 5099 naturaliter
3419 5060 3515 5100 eos
3552 5044 3696 5099 dixit
3747 5063 3904 5118 qua

2259 5128 2400 5200 legis
2433 5133 2566 5184 sunt
2589 5128 2793 5198 facere,
2826 5145 2941 5185 non
2968 5130 3182 5201 Spiritu
3209 5131 3331 5201 Dei,
3364 5149 3478 5188 non
3501 5133 3729 5204 gratia;
3769 5136 3904 5195 hcc

2259 5217 2413 5273 enim
2442 5217 2563 5290 agit
2591 5217 2834 5291 Spiritus
2859 5219 3058 5291 gratiae
3080 5224 3148 5274 ut
3170 5219 3477 5292 imaginem
3502 5220 3624 5289 Dei,
3659 5220 3725 5277 in
3761 5241 3904 5296 qua

2257 5307 2592 5364 naturaliter
2618 5307 2751 5363 facti
2777 5324 2994 5377 sumus,
3039 5308 3315 5365 instauret
3346 5309 3406 5364 in
3440 5307 3622 5365 nobis.
3648 5310 3904 5375 Vitiun

2257 5396 2464 5469 quippe
2492 5401 2690 5454 contra
2713 5402 2980 5454 naturam
3006 5404 3114 5466 est,
3137 5398 3288 5471 quod
3314 5399 3511 5472 utique
3537 5404 3710 5468 sanat
3736 5418 3904 5474 gra.

2256 5486 2357 5555 tia,
2396 5485 2634 5559 proinde
2678 5486 2935 5544 homines
2978 5487 3317 5545 naturaliter
3359 5504 3484 5561 quae
3520 5488 3666 5561 legis
3711 5504 3904 5554 sunt

2260 5575 2494 5632 faciunt.
