3952 6352
163 255 268 313 113
925 255 1003 310 ΙΝ
1041 254 1108 309 D.
1147 251 1363 308 PAULI
1401 250 1628 308 EPIST.
1673 253 2048 314 COMMENT.
2089 286 2156 300 --
2196 257 2422 313 EPIST.
2461 261 2558 314 AD
2597 260 2770 316 ROM.
3357 263 3456 322 114

152 383 216 438 in
236 381 522 438 cordibus
551 384 690 451 suis,
719 381 810 439 24.
839 378 1226 436 testimonium
1253 377 1522 432 reddente
1548 375 1660 433 illis
1689 380 2043 438 conscientia
2071 383 2342 456 ipsorum,
2374 390 2432 439 et
2461 382 2550 442 25.
2582 385 2732 441 inter
2758 403 2818 443 se
2837 383 2935 446 26.
2973 389 3213 444 invicem
3240 391 3458 461 cogita-

155 471 426 527 tionibus
455 471 863 527 accusantibus
881 475 980 525 aut
1008 470 1178 524 etiam
1197 468 1628 524 defendentibus
1652 487 1666 536 ;
1692 468 1752 523 in
1779 470 1887 537 die,
1920 487 2050 526 cum
2068 471 2347 542 judicabit
2371 473 2522 528 Deus
2540 476 2758 530 occulta
2795 476 3108 544 hominum,
3139 479 3451 536 secundum

156 561 551 631 Evangelium
581 578 796 629 meum,
817 576 921 632 per
946 560 1137 614 Iesum
1168 558 1475 614 Christum.
1517 562 1632 624 ιπ
1673 558 1731 612 Si
1767 565 1956 613 autem
1983 558 2074 627 ‘27,
2115 558 2204 618 28.
2245 567 2310 615 tu
2346 562 2573 617 Iudaeus
2602 565 3036 634 cognominaris,
3069 571 3127 620 et
3151 569 3459 638 requiescis

156 652 461 703 delectaris
501 649 566 704 in
593 651 742 720 lege,
791 655 851 704 et
886 647 1146 719 gloriaris
1186 646 1246 701 in
1282 645 1419 712 Deo,
1465 651 1522 700 et
1549 645 1697 700 nosti
1727 647 2072 702 voluntatem
2102 650 2242 719 ejus,
2267 658 2324 704 et
2351 651 2554 722 probas
2589 653 2833 714 utiliora,
2883 654 3194 710 instructus
3229 655 3322 713 29.
3351 673 3456 729 per

158 740 374 810 legem,
413 740 663 794 confidis
688 745 746 794 te
774 740 963 810 ipsum
991 755 1114 793 esse
1131 739 1330 792 ducem
1354 751 1647 802 caecorum,
1677 735 1868 791 lumen
1908 753 2101 792 eorum
2125 739 2221 808 qui
2250 738 2309 792 in
2337 739 2584 794 tenebris
2612 746 2763 806 sunt,
2805 739 2919 807 30.,
2951 744 3296 799 eruditorem
3323 748 3458 813 legis

155 829 591 900 insipientium,
619 829 956 900 magistrum
983 826 1302 893 infantium,
1335 824 1633 879 habentem
1659 824 1750 881 31.
1775 825 2016 880 formam
2047 830 2326 895 exemplar
2343 827 2591 883 scientiae
2612 835 2670 884 et
2696 830 2948 885 veritatis
2975 831 3035 886 in
3059 832 3202 902 lege.
3225 831 3316 887 32.
3349 833 3462 898 Qui

159 933 298 988 ergo
333 917 528 972 alium
557 919 746 985 doces,
775 918 1020 989 teipsum
1039 931 1153 970 non
1173 915 1338 969 doces
1363 933 1376 982 ;
1411 911 1500 970 33.
1535 913 1631 984 qui
1656 915 1926 986 praedicas
1956 931 2070 968 non
2099 915 2424 982 furandum,
2456 916 2662 972 furaris
2691 937 2704 986 ;
2733 919 2830 990 qui
2856 919 2996 974 dicis
3023 937 3138 975 non
3166 922 3454 976 mechan-

159 1006 323 1073 dum,
352 1007 698 1076 maecharis;
723 1008 822 1078 qui
841 1005 1183 1060 abominaris
1202 1004 1356 1058 idola
1377 1001 1488 1066 3-i.,
1520 1003 1875 1073 sacrilegium
1895 1003 2051 1068 facis,
2073 1007 2324 1072 teipsum,
2349 1007 2450 1072 qui
2469 1021 2624 1058 sacer
2641 1022 2745 1060 esse
2767 1007 3050 1076 debueras,
3069 1011 3259 1064 divino
3278 1012 3462 1064 cultui

161 1097 558 1152 subtrahendo
572 1117 591 1163 ;
624 1097 722 1168 qui
741 1097 800 1150 in
827 1097 952 1166 lege
974 1094 1255 1166 gloriaris,
1282 1110 1384 1165 per
1410 1091 1924 1163 praevaricationem
1949 1091 2089 1162 legis
2115 1091 2295 1145 Deum
2321 1091 2644 1148 inhonorus.
2673 1092 2763 1150 35.
2793 1095 3013 1151 Nomen
3041 1097 3192 1150 enim
3228 1097 3331 1152 Dei
3357 1112 3461 1168 per

163 1201 262 1239 vos
291 1185 737 1257 blasphematur
764 1185 912 1239 inter
936 1189 1153 1255 gentes,
1184 1183 1330 1237 sicut
1349 1180 1622 1252 scriptum
1653 1185 1740 1234 est
1759 1180 1834 1254 (in
1863 1179 2015 1234 Isaia
2043 1193 2147 1246 LII;
2194 1180 2388 1236 Ezech.
2433 1186 2564 1250 va).
2598 1185 2900 1252 Responsio.
2933 1185 3300 1241 Circumcisio
3329 1186 3456 1258 qui-

162 1274 294 1328 dem
326 1275 592 1345 prodest,
625 1274 674 1328 si
703 1275 886 1344 legem
915 1272 1200 1339 observes;
1223 1271 1482 1325 siautem
1511 1268 1902 1340 praevaricator
1915 1269 2056 1339 legis
2071 1269 2520 1335 sis,circumcisio
2547 1277 2648 1326 tua
2673 1275 3006 1345 przeputium
3036 1275 3182 1330 facta
3209 1280 3314 1330 est.
3331 1275 3458 1330 Non

157 1367 351 1432 pluris
377 1369 460 1417 est
483 1366 761 1432 przputio
786 1363 1110 1431 gentilium.
1150 1360 1208 1415 Si
1236 1359 1410 1430 igitur
1437 1356 1772 1429 praeputium
1808 1355 2058 1427 justitias
2088 1357 2226 1427 legis
2259 1359 2558 1425 custodiat,
2590 1376 2778 1415 nonne
2810 1363 3149 1433 praeputium
3179 1364 3331 1418 illius
3359 1359 3454 1420 36.

161 1453 220 1506 in
249 1453 756 1507 circumcisionem
777 1450 1152 1523 reputabitur,
1182 1453 1344 1504 illius
1373 1450 1662 1502 collatione
1690 1446 2064 1511 damnaberis,
2097 1449 2156 1498 et
2174 1445 2452 1515 judicabit
2471 1447 2528 1501 id
2557 1449 2707 1519 quod
2737 1466 2802 1503 ex
2830 1455 3038 1505 natura
3059 1457 3146 1505 est
3171 1453 3454 1506 naturali.

164 1549 248 1596 ter
276 1544 642 1610 intelligitur
679 1541 1038 1612 praeputium,
1084 1538 1268 1610 legem
1300 1550 1718 1600 consummans,
1755 1535 2044 1603 perﬁciens
2067 1538 2143 1600 te,
2189 1533 2284 1604 qui
2324 1551 2427 1606 per
2470 1536 2720 1592 litteram
2750 1543 2808 1593 et
2834 1539 3312 1594 circumcisionem
3342 1555 3458 1594 non

161 1631 520 1684 observatam
548 1630 944 1701 prmvaricator
967 1628 1106 1699 legis
1129 1628 1228 1682 es?
1278 1627 1583 1696 Responsio.
1614 1623 1742 1677 Non
1770 1621 1924 1675 enim
1963 1621 2060 1692 qui
2105 1621 2165 1676 in
2207 1623 2524 1691 manifesto,
2556 1625 2783 1681 Iudaeus
2812 1631 2951 1696 gest;
3005 1644 3189 1699 neque
3223 1645 3350 1700 quae
3385 1627 3447 1682 in

160 1717 497 1784 manifesto,
525 1719 587 1772 in
609 1734 796 1785 carne,
826 1722 915 1773 est
939 1716 1320 1783 circumcisio;
1353 1714 1452 1768 sed
1471 1713 1568 1784 qui
1591 1712 1650 1766 in
1678 1711 2024 1777 abscondito,
2059 1712 2286 1768 Judaeus
2312 1719 2399 1768 est
2429 1717 2750 1771 laudandus
2781 1723 2856 1772 est
2887 1738 2904 1773 :
2933 1723 3008 1784 et,
3042 1720 3134 1772 sed
3158 1722 3258 1787 qui
3298 1719 3456 1772 habet

163 1807 312 1860 hanc
341 1809 856 1875 circumcisionem,
882 1804 1230 1860 circumcisio
1269 1803 1472 1868 cordis,
1516 1803 1828 1870 amputatio
1857 1802 2126 1857 vitiorum
2156 1802 2216 1856 in
2243 1803 2467 1874 spiritu,
2500 1821 2614 1860 non
2646 1805 2836 1862 littera
2861 1826 2874 1874 ;
2900 1808 3062 1879 cujus
3094 1807 3221 1862 laus
3247 1823 3362 1862 non
3390 1823 3457 1862 ex

163 1892 502 1949 hominibus
533 1894 634 1949 sed
652 1912 720 1950 ex
743 1895 860 1950 Deo
893 1899 997 1961 est,
1027 1897 1161 1965 quia
1189 1896 1357 1949 etiam
1387 1893 1634 1946 homines
1662 1904 2074 1958 nonnunquam
2103 1894 2447 1962 vituperant.

1563 2018 1679 2082 la
1710 2012 1946 2068 CAPUT
1973 2011 2078 2068 III.

244 2126 298 2182 1.
328 2126 593 2195 Objectio.
628 2125 678 2179 1.
713 2124 862 2192 Quid
881 2140 1014 2195 ergo
1043 2123 1286 2196 amplius
1314 2122 1508 2178 Judaao
1529 2119 1658 2175 est?
1699 2122 1800 2173 aut
1825 2135 1948 2190 quae
1983 2121 2200 2176 utilitas
2229 2123 2708 2180 circumcisionis?
2735 2127 3044 2195 Responsio.
3078 2126 3320 2182 Multum
3346 2145 3452 2200 per

167 2229 404 2268 omnem
424 2213 681 2269 modum.
710 2212 767 2271 2.
787 2213 1042 2268 Primum
1079 2212 1325 2285 quidem,
1357 2211 1492 2283 quia
1516 2209 1732 2264 credita
1749 2213 1884 2262 sunt
1911 2208 2022 2264 illis
2051 2211 2275 2284 eloquia
2297 2213 2418 2268 Dei.
2442 2215 2748 2284 Responsio.
2779 2214 2927 2280 Quid
2954 2215 3126 2284 enim,
3153 2215 3201 2270 si
3224 2216 3456 2289 quidam

1513 2323 2108 2383 COMMENTARIUS.

239 2449 333 2504 24.
355 2450 620 2504 AIBBOS.
672 2449 1066 2502 Testimonium
1105 2446 1381 2500 reddente.
1413 2445 1478 2499 In
1505 2442 1595 2498 die
1632 2440 1849 2512 judi-A
1871 2444 1976 2498 hoc
2003 2450 2106 2513 est,
2130 2450 2194 2500 tu
2222 2446 2319 2517 qui
2348 2447 2587 2518 gentiles
2615 2449 2806 2520 arguis
2837 2450 2986 2521 quod
3007 2450 3128 2506 sine
3141 2451 3265 2522 lege
3278 2452 3464 2508 etDeo

170 2539 264 2604 cii,
299 2539 426 2592 sola
450 2536 698 2591 hominis
737 2535 1081 2590 conscientia
1111 2534 1353 2589 sufficiet
1383 2532 1488 2588 sibi
1527 2531 1601 2586 ad
1630 2529 1785 2586 testi-

169 2627 454 2692 monium,
487 2625 623 2697 quia
643 2641 811 2680 nemo
829 2631 963 2679 tunc
982 2623 1254 2695 judicabit
1278 2622 1388 2678 nisi
1416 2621 1565 2693 quod
1588 2634 1784 2674 verum

172 2720 321 2770 erat.

240 2803 336 2861 25.
369 2805 633 2860 Αιβηοε.
663 2804 820 2857 Inter
846 2819 900 2856 se
927 2803 1348 2872 cogitationibus
1371 2798 1777 2854 accusantibus.

174 2893 424 2949 Gentilis
445 2891 789 2947 conscientia
817 2891 1188 2958 accusabitur,
1209 2889 1340 2962 quia
1367 2904 1480 2943 non
1512 2885 1620 2941 sibi
1649 2901 1784 2939 sua-

175 2983 252 3037 sit
279 2997 482 3036 verum
505 2997 629 3036 esse
656 2980 806 3052 quod
835 2985 894 3034 et
918 2979 1188 3034 virtutum
1211 2975 1550 3031 testimoniis
1569 2972 1786 3028 viderat

177 3071 529 3138 conﬁrmari,
578 3076 637 3124 et
683 3069 893 3123 multos
926 3068 1107 3141 sequi.
1151 3065 1424 3121 Eumdem
1473 3061 1778 3127 excusabit,

177 3160 313 3231 quia
341 3159 552 3214 debere
579 3159 804 3214 credere
827 3173 941 3212 non
968 3157 1204 3229 putavit,
1234 3170 1416 3226 neque
1442 3159 1632 3208 tamen
1662 3151 1783 3204 sine

179 3265 347 3319 pana
375 3248 507 3303 erit.
551 3247 653 3302 Vel
679 3247 1006 3301 haereticum
1055 3246 1200 3301 bona
1237 3243 1524 3315 cogitatio,
1557 3239 1782 3312 quando

177 3353 372 3392 veram
400 3353 526 3392 esse
548 3342 605 3392 et
625 3335 960 3392 catholicam
978 3335 1274 3390 intellexit.
1305 3333 1455 3388 Mala
1481 3335 1674 3385 autem
1694 3344 1783 3382 ac-

180 3427 421 3493 cusabit,
443 3427 598 3498 quia,
625 3443 700 3480 ne
717 3425 1050 3480 emendatus
1078 3424 1384 3489 videretur,
1407 3417 1780 3492 superbiendo

181 3515 523 3570 contradixit
548 3515 794 3570 veritati.

247 3603 340 3660 26.
374 3608 640 3661 Invicem.
667 3606 796 3660 Non
821 3603 959 3659 dicit
987 3601 1137 3674 quod
1172 3600 1382 3656 eaedem
1412 3597 1782 3668 cogitationes

181 3701 452 3750 accusent
475 3700 534 3749 et
567 3693 891 3760 defendant,
921 3693 1019 3747 sed
1045 3691 1292 3746 vicissim
1319 3689 1577 3760 quaedam
1620 3701 1783 3740 accu-

1865 2531 2255 2606 sint,:teipsum
2279 2551 2394 2590 non
2411 2537 2620 2606 arguis,
2645 2537 2906 2594 difﬁdens
2918 2539 2988 2594 de
3003 2540 3224 2595 Christo
3251 2541 3312 2596 in
3340 2541 3464 2612 lege

1864 2639 2162 2694 promisso.

1935 2713 2026 2770 33.
2069 2716 2177 2782 Qui
2198 2717 2466 2784 praedicas
2505 2733 2618 2771 non
2655 2719 2995 2786 furandum,
3025 2719 3267 2785 furoris.
3302 2719 3464 2776 Facis

1867 2805 2018 2876 quod
2047 2805 2318 2876 praedicas
2350 2806 2473 2860 ﬁeri
2501 2822 2615 2861 non
2636 2805 2860 2873 debere,
2891 2805 3028 2860 dum
3057 2806 3228 2861 ﬁdem
3247 2807 3457 2863 Christi

1865 2910 1900 2948 a
1926 2894 2050 2964 lege
2077 2910 2179 2964 per
2201 2895 2410 2948 malam
2443 2894 2968 2966 interpretationem
2987 2893 3264 2965 subripis;
3295 2901 3355 2949 et
3377 2895 3462 2950 le-

1863 2999 1994 3052 gem
2030 2982 2360 3049 adulteras,‘
2382 2999 2529 3050 cum,
2577 2982 2765 3037 ablata
2809 2983 3063 3048 veritate,
3105 2982 3462 3039 mendacium

1864 3071 2054 3141 ponis;
2089 3077 2145 3125 et
2171 3071 2476 3142 sacrilegus
2506 3088 2582 3137 es,
2615 3071 2748 3126 dum
2780 3071 3088 3140 Christum,
3129 3086 3296 3142 quem
3326 3087 3462 3142 pro-

1862 3160 2117 3231 pheticus
2144 3176 2330 3214 sermo
2349 3160 2647 3231 signiﬁcat,
2679 3176 2870 3231 negas.

1935 3246 2025 3305 34.
2073 3249 2290 3304 Lassa.
2332 3249 2723 3317 Sacrilegium.
2769 3249 3137 3321 Sacrilegium
3178 3249 3334 3305 enim
3373 3255 3461 3306 est

1863 3333 2142 3388 culturam
2170 3335 2274 3389 Dei
2302 3334 2545 3402 auferre,
2588 3340 2647 3390 et
2667 3334 3012 3390 daemonibus
3038 3335 3195 3390 dare.

1935 3422 2022 3480 35.
2055 3424 2268 3479 Nomen
2294 3426 2446 3478 enim
2473 3425 2573 3478 Dei
2590 3440 2693 3494 per
2728 3440 2820 3478 vos
2858 3426 3288 3494 blasphematur.
3321 3425 3458 3481 Cre~

1863 3512 2110 3567 dendum
2168 3518 2254 3567 est
2305 3511 2523 3582 aliquos
2576 3529 2642 3566 ex
2698 3513 2907 3568 Iudaeis
2945 3513 3296 3568 Christianos
3337 3531 3462 3570 esse

1864 3602 2042 3669 tales;
2075 3617 2188 3656 non
2216 3606 2406 3656 tamen
2437 3617 2651 3668 omnes,
2683 3618 2755 3656 ne
2783 3602 2860 3656 sit
2885 3602 3200 3657 contrarius
3219 3602 3326 3657 sibi
3356 3604 3466 3675 ipsi

1865 3693 1925 3746 in
1959 3690 2360 3763 superioribus,
2398 3690 2496 3746 ubi
2532 3690 2614 3745 ait
2639 3710 2651 3746 :
2681 3693 2836 3746 Fides
2861 3697 3042 3746 vestra
3070 3695 3463 3750 annuntiatur

181 3791 327 3852 sent,
357 3785 616 3856 quadam
647 3783 954 3839 defendant
974 3789 1172 3837 contra
1204 3781 1581 3852 malignorum
1611 3776 1779 3848 spiri-
1798 3767 1848 3828 B
1866 3784 1929 3835 in
1956 3784 2215 3834 universo
2243 3782 2470 3835 mundo.
2517 3780 2645 3835 Non
2689 3780 2842 3834 enim
2871 3780 3010 3835 ﬁdes
3046 3780 3169 3836 sine
3197 3781 3462 3852 operibus

181 3880 342 3929 tuum
365 3874 806 3929 accusationem.
837 3873 907 3928 Et
932 3872 1160 3926 attende
1188 3871 1460 3926 ablativos
1487 3884 1590 3940 pro
1616 3865 1780 3937 geni-

182 3964 311 4018 tivis
340 3981 501 4019 more
530 3964 873 4032 Gmcorum,
905 3963 1001 4036 qui
1046 3961 1303 4017 ablativis
1330 3965 1543 4014 carent.
1587 3958 1781 4012 Potest

185 4054 286 4108 hoc
308 4054 477 4109 modo
506 4054 690 4108 audiri
715 4073 729 4107 :
760 4058 819 4107 et
842 4052 1182 4106 conscientia
1203 4049 1625 4121 cogitationum.

251 4140 342 4200 27.
378 4145 459 4198 Tu
491 4148 680 4198 autem
717 4143 939 4196 Judzus
982 4141 1412 4210 cognominaris.
1456 4138 1583 4191 Non
1620 4133 1781 4189 valde

186 4248 454 4304 magnum
483 4222 659 4286 videri
688 4231 810 4286 vult
835 4230 881 4285 si
910 4229 1136 4284 Judazus
1163 4228 1374 4294 credat,
1416 4226 1622 4296 quippe
1649 4239 1779 4277 cum

187 4323 258 4378 sit
275 4323 585 4377 instructus
613 4337 715 4392 per
743 4321 942 4390 legem.
974 4317 1358 4373 Periculosum
1399 4320 1591 4369 autem
1618 4313 1779 4367 valde

189 4412 232 4466 si
257 4427 372 4465 non
403 4410 624 4476 credat;
654 4409 854 4462 ducem
883 4405 1035 4460 enim
1062 4404 1231 4459 habet
1248 4404 1452 4474 legem.

253 4499 344 4556 28.
370 4500 585 4556 ωιτη.
621 4499 699 4552 Tu
730 4501 917 4550 autem
943 4497 1165 4550 Judarus
1196 4494 1628 4562 cognominaris.
1675 4491 1776 4545 Ju-

187 4590 331 4644 deos
359 4587 662 4641 humiliare
676 4590 946 4652 conatur;
979 4583 1076 4654 qui
1097 4599 1163 4637 ex
1187 4587 1414 4653 accepta
1435 4581 1558 4650 lege
1576 4595 1776 4651 super-

189 4677 431 4742 biebant,
460 4682 518 4730 et
541 4681 742 4746 gentes
772 4673 932 4745 quasi
958 4671 1296 4744 peccatrices
1324 4670 1724 4741 despiciebant.

252 4769 342 4826 29.
374 4771 631 4822 ΑκΒειοε.
661 4767 764 4820 Per
815 4768 984 4833 legem
1030 4763 1258 4830 conﬁdis
1303 4766 1351 4816 te
1394 4763 1586 4815 ducem
1627 4776 1782 4814 caco-

193 4874 335 4912 rum.
356 4857 525 4928 Legis
551 4855 952 4910 documentum
982 4857 1086 4919 est,
1113 4851 1338 4906 erudire
1366 4841 1678 4922 imperitos,
1722 4855 1781 4904 et

190 4949 299 5004 Deo
334 4945 609 5016 subjicere
633 4943 917 5016 profanos,
948 4947 1005 4997 et
1041 4942 1113 4996 ab
1154 4939 1475 4996 idololatria
1501 4939 1574 4994 ad
1611 4939 1780 4994 ﬁdem

191 5051 464 5092 revocare.

1859 3869 2144 3924 laudanda
2166 3871 2274 3924 est.
2305 3869 2376 3924 Et
2401 3869 2460 3924 in
2479 3867 2967 3940 subsequentibus,
3011 3885 3106 3923 eos
3132 3885 3262 3923 cum
3290 3875 3458 3924 cete-

1859 3959 1940 4013 ris
1966 3959 2163 4030 plenos
2203 3959 2502 4013 dilectione
2541 3974 2684 4012 esse.
2733 3958 2832 4013 Est
2859 3962 3052 4011 autem
3097 3955 3371 4026 scriptum
3394 3957 3455 4012 in

1861 4047 2155 4102 Ezechiele
2185 4067 2198 4102 :
2233 4049 2300 4102 Et
2330 4049 2568 4115 ingressi
2600 4051 2734 4101 sunt
2759 4048 2835 4101 ad
2869 4050 3070 4114 gentes,
3101 4047 3176 4100 ad
3204 4061 3342 4114 quas
3367 4048 3457 4101 in-

1863 4139 2161 4204 troierunt,
2189 4140 2239 4190 et
2249 4138 2574 4204 polluerunt
2593 4149 2794 4188 nomen
2811 4138 3068 4188 sanctum
3096 4134 3461 4204 meum,un

1859 4225 2137 4297 polluistis
2164 4223 2225 4279 in
2251 4222 2533 4295 gentibus.

1934 4315 2022 4369 36.
2072 4319 2140 4371 In
2191 4315 2690 4378 circumcisionem,
2719 4311 2777 4367 id
2806 4317 2910 4380 est,
2958 4314 3185 4365 tantum
3225 4311 3460 4383 prodest

1861 4404 1968 4460 sibi
1999 4405 2095 4476 qui
2121 4403 2349 4476 gentilis
2377 4405 2482 4466 est,
2523 4405 2798 4473 quantum
2826 4400 2874 4454 si
2911 4399 3136 4455 Iudaeus
3179 4403 3348 4453 esset.
3389 4399 3461 4454 Et

1853 4493 2148 4564 judicabit,
2181 4492 2240 4547 id
2264 4497 2350 4546 est
2367 4489 2844 4562 comparationem
2864 4488 2954 4543 sui
2978 4485 3342 4558 judicabilem
3369 4487 3461 4542 fa-

1858 4583 1970 4638 ciet
1995 4590 2054 4638 et
2077 4580 2474 4638 damnabilem.

1931 4673 2090 4728 CAP.
2123 4671 2223 4728 IlI.
2257 4698 2322 4711 -
2355 4670 2404 4727 1.
2430 4671 2686 4725 Alanos.
2720 4668 2864 4735 Quid
2888 4682 3012 4734 ergo
3037 4669 3286 4736 amplius
3324 4673 3401 4721 est
3427 4666 3458 4720 9

1862 4762 2142 4828 Quoniam
2170 4760 2378 4816 Judaais
2411 4757 2714 4814 incredulis
2733 4753 2876 4811 nihil
2902 4755 3171 4826 proficere
3199 4755 3457 4810 testimo-

1862 4852 2022 4907 nium
2048 4850 2272 4922 generis
2292 4848 2558 4915 ostendit,
2589 4863 2661 4902 ne
2687 4845 2976 4900 credentes
3003 4845 3151 4899 male
3186 4849 3458 4900 tractasse

1859 4942 2164 5006 videretur,
2185 4940 2347 4994 docet
2364 4939 2610 4994 multum
2629 4935 2769 4990 utile
2785 4951 2907 4989 esse
2924 4933 3302 5000 credentibus,
3325 4933 3459 5004 quia

1861 5031 1963 5084 ﬁlii
2010 5030 2250 5085 Abrahae
2303 5033 2456 5083 sunt.
2510 5027 2658 5081 Nam
2703 5025 2786 5080 eis
2828 5029 2962 5079 sunt
2999 5023 3212 5079 credita
3239 5021 3463 5092 eloquia

253 5125 341 5182 30.
377 5126 602 5181 Occulta
632 5125 944 5179 hominum.
977 5122 1209 5178 Occulta
1228 5121 1652 5193 judicabuntur.
1674 5120 1844 5188 Pu-c
1861 5119 1984 5176 Dei.

191 5216 325 5272 blica
351 5233 456 5288 per
483 5214 760 5270 humilem
787 5212 1194 5268 confessionem
1215 5229 1330 5268 non
1351 5210 1776 5282 judicabuntur.

256 5306 340 5364 31.
367 5309 581 5364 LANFR.
617 5305 878 5359 Formam
901 5306 1158 5358 scientiae.
1189 5302 1248 5358 Si
1285 5302 1410 5373 quis
1441 5301 1574 5356 velit
1601 5300 1781 5356 scien-

193 5399 320 5454 tiam
364 5402 425 5452 et
446 5395 747 5450 veritatem
776 5392 999 5459 habere,
1033 5392 1093 5448 in
1137 5397 1195 5447 te
1240 5391 1419 5464 possit
1458 5391 1698 5446 formam
1728 5396 1787 5445 et

192 5487 465 5561 exemplar
484 5486 754 5558 aspicere.

255 5579 340 5638 32.
369 5580 628 5634 Annos.
662 5577 772 5643 Qui
800 5575 983 5629 alium
1009 5575 1178 5642 doces,
1201 5579 1250 5628 te
1269 5577 1453 5642 ipsum
1480 5589 1594 5628 non
1619 5575 1787 5641 doces,

1930 5210 1986 5269 2.
2011 5211 2219 5267 Lanam
2244 5211 2503 5264 Primum
2525 5207 2766 5277 quidem,
2786 5204 2845 5259 id
2865 5207 2968 5268 est,
2990 5201 3217 5273 quidam
3236 5197 3461 5254 Indea-

1866 5320 1994 5365 rum
2034 5301 2394 5356 crediderunt
2433 5297 2796 5367 Evangelium
2838 5291 3068 5357 Christi,
3118 5287 3380 5343 instructi
3431 5303 3468 5342 a

1869 5390 2330 5465 praedicatoribus
2374 5387 2516 5444 Novi
2554 5382 2924 5448 Testamenti,
2951 5378 3184 5434 verbum
3224 5376 3368 5448 legis
3406 5381 3466 5432 et

1871 5483 2297 5554 prophetarum,
2319 5477 2470 5550 quod
2497 5475 2717 5529 facilius
2740 5472 2950 5526 factum
2971 5473 3058 5524 est
3083 5468 3145 5522 in
3161 5466 3274 5523 illis
3292 5483 3466 5540 quam

1873 5573 1935 5626 in
1945 5572 2029 5627 eis
2047 5571 2145 5646 qui
2157 5567 2378 5626 Veteris
2395 5562 2740 5622 Testamenti
2760 5559 2984 5633 penitus
3004 5562 3266 5630 erpertes
3281 5563 3464 5614 erant.
