3952 6354
161 335 246 391 121
856 335 934 390 IN
972 335 1039 389 D.
1081 334 1296 390 PAULI
1333 333 1557 390 EPIST.
1595 333 1970 388 COMMENT.
2010 361 2078 374 -
2117 331 2338 387 EPIST.
2379 332 2476 388 AD
2514 333 2688 388 ROM.
3295 317 3398 379 1‘22

165 477 320 530 mors,
349 464 408 514 et
443 459 530 514 ita
552 459 610 516 in
636 473 833 513 omnes
855 458 1111 514 homines
1136 475 1287 514 mors
1314 459 1660 532 pertransiit,
1690 459 1750 512 in
1779 474 1890 530 quo
1920 474 2115 512 omnes
2151 464 2537 530 peccaverunt.
2570 455 2622 515 8.
2665 458 2852 529 Usque
2893 456 2966 510 ad
3018 455 3204 522 legem
3247 445 3396 502 enim

163 555 431 620 peccatum
462 548 662 602 eratin
690 548 921 602 mundo.
944 549 998 603 9.
1023 549 1322 603 Peccatum
1337 553 1528 603 autem
1544 564 1658 602 non
1677 546 2081 619 imputabatur,
2129 563 2257 600 cum
2284 547 2373 601 lex
2401 564 2514 601 non
2541 551 2708 601 esset.
2744 545 2853 602 Sed
2881 542 3138 615 regnavit
3152 555 3303 594 mors
3326 536 3397 590 ab

166 639 321 692 Adam
350 653 534 708 usque
555 637 625 690 ad
658 637 890 708 Moysen
923 656 936 703 ;
978 637 1150 691 etiam
1176 635 1266 693 10.
1290 637 1349 691 in
1369 653 1464 692 eos
1481 637 1577 708 qui
1599 652 1714 690 non
1746 641 2115 706 peccaverunt
2132 634 2214 692 11.
2237 636 2296 690 in
2307 636 2732 690 similitudinem
2750 629 3221 706 praevaricationis
3241 627 3395 691 Adae,

170 727 239 790 ll,
273 726 349 792 12,
377 725 464 781 13.
491 725 593 796 qui
621 730 706 778 est
730 724 910 778 forma
933 724 1128 778 futuri.
1159 723 1245 780 14.
1281 725 1392 779 Sed
1419 724 1502 781 15.
1534 741 1647 778 non
1663 724 1808 778 sicut
1833 725 2118 791 delictum,
2152 725 2233 778 ita
2263 730 2321 778 et
2347 725 2584 791 donum;
2609 725 2657 778 si
2670 723 2819 777 enim
2835 723 3004 776 unius
3021 719 3223 774 delicto
3235 713 3401 770 multi

161 814 340 867 mortui
367 819 524 880 sunt,
557 810 648 868 16.
681 814 862 867 multo
889 813 1072 883 magis
1098 813 1284 884 gratia
1306 813 1409 868 Dei
1438 819 1494 867 et
1521 813 1732 867 donum
1767 812 1850 868 17.
1874 813 1934 866 in
1960 813 2145 882 gratia
2172 813 2340 867 unius
2363 813 2610 868 hominis
2636 814 2665 867 J
2671 829 2770 866 esu
2796 809 3005 866 Christi
3023 807 3106 865 18.
3131 808 3188 862 in
3210 806 3401 876 plures

161 902 460 956 abundavit.
495 901 583 958 19.
613 903 684 956 Et
698 917 813 956 non
831 899 920 958 20.
952 901 1098 955 sicut
1115 918 1216 972 per
1242 918 1418 956 unum
1445 908 1754 973 peccatum,
1804 902 1887 956 ita
1935 907 1994 955 et
2040 903 2251 955 donum
2283 921 2298 968 ;
2339 918 2472 955 nam
2521 901 2798 970 judicium
2829 899 3058 970 quidem
3104 913 3170 950 ex
3196 910 3309 949 uno
3339 893 3398 946 in

159 991 703 1058 condemnationem;
733 989 824 1046 21.
882 990 1067 1060 gratia
1123 996 1313 1045 autem
1365 1007 1431 1044 ex
1483 991 1679 1045 multis
1719 990 1937 1045 delictis
1973 991 2028 1044 in
2051 990 2530 1058 justificationem.
2557 991 2616 1044 Si
2637 988 2790 1043 enim
2826 989 2995 1042 unius
3015 987 3218 1041 delicto
3247 999 3398 1036 mors

162 1081 390 1150 regnavit
416 1097 524 1152 per
547 1096 749 1144 unum,
781 1079 958 1133 multo
986 1080 1164 1149 magis
1191 1078 1282 1137 22.
1313 1079 1716 1135 abundantiam
1734 1079 1930 1150 gratiae
1952 1086 2006 1132 et
2031 1078 2347 1132 donationis
2377 1084 2435 1133 et
2455 1079 2690 1148 justitiae
2710 1077 3064 1148 accipientes,
3088 1071 3180 1129 23.
3203 1071 3262 1125 in
3285 1071 3397 1124 vita

159 1169 449 1238 regnabunt
477 1185 587 1239 per
613 1185 790 1222 unum
818 1169 1008 1223 Jesum
1026 1169 1346 1237 Christum;
1380 1171 1554 1239 igitur
1570 1171 1716 1223 sicut
1743 1185 1845 1240 per
1873 1168 2039 1222 unius
2068 1167 2355 1236 delictum,
2380 1168 2439 1221 in
2467 1183 2662 1222 omnes
2693 1167 2950 1220 homines
2969 1165 3029 1217 in
3057 1161 3398 1216 condemna-

162 1258 365 1324 tionem,
396 1259 479 1312 sic
500 1265 563 1312 et
583 1257 669 1314 24.
701 1274 802 1329 per
827 1258 994 1312 unius
1017 1259 1294 1328 justitiam
1322 1259 1380 1312 in
1410 1276 1604 1313 omnes
1631 1259 1889 1314 homines
1907 1262 1965 1314 in
1988 1261 2443 1330 justlﬁcationem
2467 1261 2611 1314 vitae.
2649 1263 2734 1314 Ita
2762 1259 3146 1313 misericordia
3176 1257 3276 1308 Dei
3298 1270 3396 1322 per

159 1348 609 1415 uniusjustitiam
636 1348 702 1399 in
730 1361 914 1399 omnes
942 1346 1188 1399 homines
1212 1349 1490 1423 processit.
1521 1347 1608 1405 25.
1639 1349 1795 1404 Sicut
1822 1350 1973 1404 enim
2002 1367 2103 1424 per
2130 1349 2568 1404 inobedientiam
2598 1350 2764 1404 unius
2801 1345 3045 1402 hominis
3074 1348 3394 1416 peccatores

1581 1580 1823 1638 CAPUT
1845 1580 1939 1641 VI.

211 1775 260 1831 8.
292 1777 461 1845 Usque
488 1778 569 1831 ad
589 1780 758 1844 legem
778 1779 948 1832 enim.
990 1779 1294 1833 Peccatum
1311 1777 1546 1849 quidem
1571 1779 1801 1842 inhisA
1887 1781 1972 1839 18.
2001 1784 2070 1838 In
2093 1787 2304 1853 plures.
2354 1783 2550 1838 Plures
2587 1783 2740 1849 dicit,
2791 1795 2904 1835 non
2951 1778 3023 1834 ad
3077 1792 3398 1844 numerum,

160 1863 302 1918 etiam
327 1865 422 1935 qui
467 1865 658 1934 legem
689 1870 1035 1935 acceperant,
1067 1867 1194 1934 fuit,
1226 1867 1326 1921 sed
1350 1882 1462 1920 non
1480 1871 1722 1936 tantum,

159 1958 404 2020 quantum
435 1954 633 2024 prius;
667 1970 768 2025 per
786 1954 992 2024 legales
1011 1955 1161 2010 enim
1185 1955 1566 2010 observantias
1586 1957 1728 2012 mul-

161 2039 193 2092 ti
214 2041 585 2096 salvabantur.

215 2129 259 2183 9.
282 2132 569 2185 Peccatum
609 2135 780 2186 enim.
831 2132 1010 2187 Aliter
1035 2133 1126 2188 hic
1150 2119 1440 2205 peccatum
1468 2134 1731 2206 intelligit

165 2234 304 2286 quam
331 2221 615 2290 superius.
650 2220 946 2276 Peccatum
975 2223 1126 2277 enim
1146 2223 1251 2278 hoc
1276 2223 1335 2277 in
1363 2223 1486 2277 loco
1521 2223 1731 2294 signiﬁ-

163 2312 233 2358 cat
268 2308 784 2378 praevaricationem
826 2309 982 2381 legis,
1026 2327 1150 2382 quae
1201 2327 1316 2365 non
1346 2311 1732 2382 imputabatur

164 2411 266 2448 cum
286 2396 369 2450 lex
393 2413 504 2452 non
537 2403 704 2452 esset.

218 2473 294 2532 10.
323 2479 572 2532 AUGUST.
600 2480 697 2544 (De
713 2486 1057 2548 peccatorum
1079 2483 1294 2534 meritis
1322 2485 1370 2535 et
1389 2483 1602 2546 remis.,
1637 2481 1729 2533 de-

168 2579 246 2628 gue
267 2567 571 2636 Bap.par-n.
603 2567 701 2620 lib.
741 2581 780 2634 Ι,
821 2583 940 2638 cap.
972 2583 1046 2634 x1,
1077 2572 1218 2622 tom.
1241 2567 1386 2634 VII.)
1409 2569 1477 2621 In
1506 2585 1589 2622 eos
1617 2584 1730 2622 non

169 2663 510 2723 peccaverunt,
556 2657 614 2710 id
637 2662 741 2720 est,
775 2657 870 2727 qui
889 2657 1139 2711 nondum
1168 2673 1270 2710 sua
1299 2662 1356 2710 et
1383 2655 1610 2728 propria
1632 2672 1728 2709 vo-

169 2740 370 2811 luntate,
402 2745 551 2800 sicut
567 2746 682 2812 ille,
715 2752 1102 2818 peccaverunt,
1131 2746 1230 2800 sed
1258 2745 1328 2800 ab
1371 2745 1466 2800 illo
1496 2745 1729 2820 origine

168 2835 423 2897 peccatum
450 2839 772 2890 traxerunt.

223 2918 297 2974 11.
325 2922 530 2978 ΕΔΜ-Ἦ.
577 2927 646 2979 In
687 2927 1136 2993 similitudinem,
1174 2925 1232 2979 id
1260 2927 1362 2991 est,
1392 2922 1487 2994 qui
1517 2939 1730 2994 praeva-

170 3007 300 3064 ricati
321 3020 451 3068 sunt
479 3019 767 3086 praecepta
783 3014 903 3081 Dei,
937 3015 1083 3069 sicut
1109 3015 1309 3068 Adam.

1809 1873 1907 1927 sed
1937 1873 2071 1944 quia
2096 1871 2154 1927 in
2185 1873 2333 1927 vitiis
2358 1875 2566 1944 plures.
2621 1872 2802 1926 Adam
2831 1870 2981 1924 enim
3001 1885 3102 1940 per
3127 1867 3399 1937 originale

1809 1963 1965 2016 dedit
2017 1967 2277 2029 mortem,
2327 1961 2584 2017 Christus
2610 1977 2740 2016 vero
2769 1961 2839 2014 de
2867 1957 3179 2014 actualibus
3210 1962 3268 2010 et
3295 1955 3404 2010 ori-

1809 2052 2090 2122 ginalibus
2114 2051 2389 2106 liberavit.

1881 2139 1970 2198 19.
2029 2143 2277 2196 Αυαυετ.
2331 2142 2505 2212 (ibid.,
2558 2158 2678 2212 cap.
2722 2139 2838 2208 15.)
2881 2139 2947 2193 Et
3003 2153 3116 2192 non
3143 2139 3287 2190 sicut
3301 2150 3404 2204 per

1811 2247 2012 2285 unum.
2063 2230 2147 2284 Ab
2191 2231 2394 2297 Adam,
2443 2234 2508 2285 in
2550 2247 2654 2300 quo
2681 2245 2864 2284 omnes
2890 2227 3252 2297 peccavimus,
3288 2239 3402 2278 non

1813 2321 2004 2376 omnia
2046 2326 2238 2375 nostra
2283 2325 2531 2392 peccata,
2573 2319 2671 2374 sed
2699 2324 2924 2373 tantum
2959 2313 3231 2385 originale
3255 2301 3404 2368 'tra—

1813 2409 2092 2465 duximus.
2120 2411 2168 2464 A
2198 2410 2419 2464 Christo
2439 2425 2588 2470 vero,
2603 2409 2663 2463 in
2680 2425 2788 2479 quo
2800 2423 2993 2461 omnes
3005 2403 3400 2476 justiﬁcamur,

1813 2516 1926 2556 non
1953 2501 2104 2554 illius
2157 2505 2379 2553 tantum
2408 2498 2712 2569 originalis,
2749 2497 2845 2550 sed
2876 2496 3046 2549 etiam
3073 2499 3403 2548 cazterorum

1814 2606 1936 2660 quae
1955 2589 2392 2660 ipsiaddidimus
2407 2587 2792 2641 remissionem
2823 2582 3240 2654 consequimur.
3273 2579 3404 2634 Ideo

1810 2695 1924 2733 non
1944 2678 2088 2732 sicut
2115 2695 2216 2749 per
2243 2693 2419 2732 unum
2451 2680 2792 2748 peccantem,
2825 2675 2905 2728 ita
2925 2678 2982 2727 et
3003 2673 3235 2726 donum.
3254 2671 3400 2724 Nam

1806 2767 2083 2838 judicium
2099 2767 2247 2840 quod
2269 2767 2393 2837 [al.,
2425 2763 2678 2837 quidem]
2711 2780 2777 2818 ex
2804 2779 2918 2817 uno
2955 2761 3156 2816 delicto
3189 2759 3253 2826 (si
3287 2774 3401 2813 non

1811 2858 2155 2926 remittatur)
2168 2856 2225 2910 id
2245 2862 2332 2910 est
2355 2855 2634 2926 originali,
2661 2855 2722 2908 in
2748 2850 3270 2907 condemnationem
3281 2849 3402 2918 jam

1811 2951 1998 3018 potest
2015 2946 2238 3000 ducere.
2264 2945 2459 2999 Gratia
2481 2960 2611 2999 vero
2631 2960 2696 2997 ex
2716 2941 2910 2996 multis
2950 2939 3168 2994 delictis
3209 2937 3405 2991 remis-

1812 3036 1908 3102 sis,
1947 3036 2054 3090 hoc
2081 3040 2184 3102 est,
2216 3050 2328 3088 non
2358 3034 2541 3088 solum
2568 3031 2852 3102 originali,
2876 3045 3071 3084 verum
3099 3027 3268 3082 etiam
3290 3041 3406 3078 om-

223 3096 428 3193 illoui
449 3108 528 3156 est
557 3104 746 3193 forma
798 3104 1011 3170 futuri.
1077 3102 1266 3193 Adam
1310 3103 1491 3157 form?-
1520 3098 1788 3166 Οὶᾘ’ίεῗιίΒ
1810 3096 1974 3180 nibus
2003 3096 2238 3193 caeteris,
2272 3123 2344 3176 ad
2365 3096 2826 3193 justiﬁcationem
2841 3116 3116 3190 perducit.

171 3183 269 3240 fuit.
297 3188 431 3254 Quia
467 3193 618 3246 sicut
647 3192 744 3246 ille
781 3196 940 3263 pater
969 3192 1220 3247 omnium
1265 3193 1570 3248 secundum
1604 3207 1728 3245 car-

170 3289 290 3343 nem,
335 3279 414 3334 sic
435 3281 700 3335 Christus
725 3287 886 3352 pater
908 3282 1159 3336 ﬁdelium
1186 3283 1494 3338 secundum
1536 3283 1724 3337 fidem.

176 3360 227 3415 Et
246 3364 376 3420 sicut
391 3385 455 3422 ex
484 3370 667 3423 latere
692 3369 844 3435 Adaa,
869 3370 1110 3424 formata
1130 3377 1215 3426 est
1238 3372 1369 3437 Eva,
1397 3371 1477 3425 sic
1503 3387 1570 3425 ex
1593 3372 1730 3425 late-

173 3465 219 3504 re
244 3453 434 3511 Christi
460 3458 855 3530 proﬂuxerunt
881 3466 1249 3524 sacramenta,
1275 3477 1378 3532 per
1405 3477 1528 3531 qua:
1557 3461 1733 3515 salva-

175 3539 247 3590 tur
267 3541 517 3600 Ecclesia.

235 3629 302 3685 12.
343 3635 586 3693 AUGUST.
619 3637 812 3708 (Ibid)
840 3638 948 3705 Qui
967 3643 1041 3692 est
1066 3640 1271 3706 forma.
1325 3638 1469 3702 Quia
1515 3638 1574 3691 in
1613 3643 1731 3703 18

178 3715 251 3771 ﬂlo
273 3729 582 3780 constructa
632 3731 720 3779 est
772 3727 954 3781 forma
1006 3727 1488 3782 condemnationis
1527 3727 1733 3782 futuris

178 3812 374 3877 posteris
397 3816 490 3885 qui
522 3817 648 3887 ejus
679 3816 947 3888 progenie
975 3822 1321 3871 crearentur.

237 3896 308 3953 13.
332 3902 579 3960 Annnos.
613 3907 720 3972 Qui
746 3909 826 3958 est
854 3907 1039 3974 forma
1073 3908 1280 3974 futuri.
1305 3905 1560 3960 Decrevit
1579 3905 1729 3959 enim

179 3981 298 4041 Deus
306 4006 397 4059 per
417 4009 596 4047 unum
619 3993 940 4058 (Christum)
960 3994 1260 4048 emendare
1281 3995 1429 4065 quod
1441 4011 1542 4066 per
1553 4010 1731 4048 unum

179 4074 362 4168 (fuam)
390 4087 683 4152 peccatum
727 4089 829 4150 est,
871 4084 1018 4138 sicut
1044 4085 1104 4138 in
1130 4084 1464 4158 Apocalypsi
1489 4085 1733 4139 Joannes

183 4165 332 4234 inquit
355 4193 367 4224 :
388 4173 578 4240 Agnus
598 4175 701 4241 qui
711 4175 916 4227 occisus
937 4178 1010 4227 est
1029 4190 1065 4228 a
1084 4177 1470 4228 constitutione
1507 4176 1726 4229 mundi.

235 4251 309 4308 14.
337 4257 434 4314 Sed
449 4277 564 4316 non
581 4263 724 4315 sicut
738 4263 1016 4316 delictum.
1045 4263 1162 4317 Hoc
1177 4261 1332 4329 dixit,
1351 4263 1732 4334 quiaformam

187 4339 319 4397 unius
339 4346 541 4404 Christi
572 4349 712 4404 dixit
736 4367 914 4405 unum
941 4350 1141 4405 Adam.

219 4429 313 4524 _15.
340 4434 539 4496 Lara.
561 4439 667 4495 Sed
695 4456 807 4494 non
831 4444 973 4494 sicut
1018 4441 1297 4497 delictum.
1329 4440 1480 4496 Ordo
1513 4458 1524 4493 :
1562 4439 1734 4504 Quasi

191 4513 359 4576 diceret
384 4544 395 4579 :
427 4528 685 4597 quamvis
730 4529 909 4584 Adam
937 4529 1120 4584 forma
1147 4527 1256 4582 fuit
1297 4529 1523 4595 Christi,
1554 4529 1733 4599 majo-

189 4619 280 4661 rem
296 4616 468 4670 tamen
492 4617 606 4671 vim
635 4616 806 4672 habet
831 4617 1041 4673 donum
1063 4617 1290 4672 Christi.
1325 4618 1458 4672 Plus
1478 4617 1629 4671 enim
1649 4622 1735 4672 est

193 4694 421 4758 viviﬁcare
441 4723 612 4778 quam
641 4706 913 4761 occidere.

243 4783 317 4840 16.
342 4792 582 4850 Αυαυετ.
623 4796 807 4862 (ibid.)
832 4796 1005 4849 Multo
1029 4797 1208 4863 magis
1235 4796 1444 4862 gratia.
1473 4795 1600 4849 Non
1621 4811 1736 4848 ma-

195 4871 258 4937 gis
283 4879 483 4948 multos,
521 4887 580 4936 et
606 4882 786 4936 multo
819 4883 1008 4953 plures
1046 4882 1320 4937 homines.
1357 4883 1553 4953 Neque
1583 4883 1734 4937 enim

196 4956 342 5055 Phll'es
392 4969 772 5037 justiﬁcantur
815 4986 986 5040 quam
1050 4969 1515 5024 condemnentur.
1556 4971 1736 5023 Adam

202 5058 360 5142 ‘llllppe
378 5071 438 5109 ex
463 5075 566 5112 suo
603 5058 806 5113 delicto
833 5075 958 5112 reos
989 5059 1204 5128 genuit.
1239 5059 1495 5112 Christus
1547 5064 1738 5113 autem

352 5159 461 5214 qua:
501 5147 759 5201 homines
802 5148 1004 5202 delicta
1051 5147 1292 5219 propria;
1327 5147 1631 5201 voluntatis
1668 5147 1739 5201 ad

207 5229 420 5311 Oﬁginale
444 5237 500 5293 in
529 5255 640 5307 quo
669 5243 1038 5309 peccaverunt
1067 5237 1194 5311 [al.,
1227 5238 1347 5292 nati
1375 5238 1551 5308 sunt],
1585 5237 1738 5292 addi-

207 5309 390 5391 derunt;
411 5327 592 5396 gratia
604 5344 710 5382 sua
736 5327 899 5382 solvit
927 5309 1097 5398 atque
1133 5327 1376 5381 donavit.

261 5403 330 5460 Π.
356 5411 547 5470 Μυκη.
581 5418 651 5471 In
677 5419 866 5484 gratia
894 5419 1068 5470 unius
1093 5417 1355 5471 hominis.
1375 5415 1442 5468 In
1453 5415 1658 5485 gratia,
1681 5415 1740 5470 id

212 5498 288 5559 θεῖ,
330 5512 534 5574 prepter
582 5505 848 5576 gratiam.
899 5505 1153 5560 Gratiam
1196 5510 1388 5559 autem
1442 5504 1531 5559 hic
1579 5511 1742 5560 vocat

213 5582 542 5666 Effectionem
591 5593 867 5648 virtutum
918 5611 1088 5666 quam
1125 5595 1295 5649 homo
1343 5593 1459 5662 ille,
1491 5609 1526 5648 a
1558 5594 1741 5650 Verbo

219 5664 353 5729 Patris
375 5688 700 5754 assumptus,
719 5699 820 5754 per
835 5664 1078 5752 gratiam
1097 5682 1198 5737 Dei
1227 5681 1442 5736 habuit.

1885 3232 1974 3288 20.
1996 3233 2201 3286 Lassa.
2233 3231 2302 3285 Et
2337 3247 2449 3284 non
2479 3232 2640 3284 sicut.
2673 3227 2854 3282 Aliter
2884 3244 2896 3280 :
2928 3226 3034 3280 etsi
3056 3223 3201 3278 sicut
3217 3237 3407 3294 pecca-

1814 3328 1956 3388 tum,
1979 3322 2061 3376 ita
2078 3326 2135 3375 et
2152 3320 2383 3387 donum,
2409 3319 2466 3373 id
2497 3322 2600 3385 est,
2625 3322 2865 3387 utraque
2895 3314 3054 3386 paria
3098 3328 3211 3366 non
3251 3316 3404 3366 sunt.

1882 3429 1972 3484 21.
2005 3431 2198 3486 Gratia
2245 3433 2432 3481 autem
2483 3443 2547 3480 ea:
2589 3427 2806 3480 multis.
2867 3422 3018 3477 Ordo
3050 3426 3136 3475 est
3167 3437 3178 3473 :
3208 3416 3404 3472 Gratia

1813 3525 2004 3574 autem
2031 3519 2090 3573 in
2113 3516 2574 3588 justificationem
2595 3531 2662 3568 ex
2689 3513 2882 3568 multis
2899 3510 3136 3566 delictis.

1883 3625 1972 3683 22.
2000 3627 2240 3680 Aunus'r.
2275 3622 2890 3693 (ibid.)Abundantiam
2918 3621 3133 3687 gratiae.
3161 3615 3306 3680 Quid
3324 3623 3410 3669 est

1813 3721 2005 3771 autem
2031 3713 2435 3769 abundantiam
2461 3713 2658 3781 gratiae
2686 3715 2742 3764 et
2786 3705 3206 3780 justificationis
3235 3712 3293 3759 et
3314 3706 3408 3775 ju-

1812 3805 1980 3860 stitiae
2003 3803 2304 3874 accipiunt,
2333 3801 2442 3855 nisi
2461 3800 2606 3871 quod
2627 3816 2740 3853 non
2765 3799 2845 3852 eis
2868 3801 3092 3851 tantum
3116 3798 3409 3866 peccatum

1813 3895 1871 3949 in
1903 3911 2012 3965 quo
2040 3909 2233 3947 omnes
2253 3894 2640 3962 peccaverunt,
2672 3888 2770 3942 sed
2818 3887 2988 3941 etiam
3009 3884 3158 3955 quod
3185 3881 3410 3936 addide-

1811 3988 1964 4048 runt,
1995 3981 2180 4052 gratia
2206 3978 2556 4033 remissionis
2585 3977 2752 4031 datur
2779 3975 2807 4028 ?

1885 4087 1972 4145 23.
2010 4092 2076 4144 In
2105 4091 2220 4142 vita
2250 4087 2579 4154 regnabant.
2617 4084 2687 4137 Et
2714 4081 2849 4154 quid
2877 4086 2981 4146 est,
3020 4079 3200 4133 multo
3230 4078 3409 4148 magis

1815 4181 1874 4234 in
1903 4180 2018 4234 vita
2035 4177 2353 4248 regnabunt
2371 4193 2383 4242 ;
2417 4190 2545 4228 cum
2560 4172 2757 4226 mortis
2771 4187 3008 4242 regnum
3021 4169 3200 4223 multo
3218 4168 3409 4239 plures

1814 4270 1874 4324 in
1911 4274 2178 4324 aeternam
2202 4280 2426 4338 pmnam
2483 4262 2703 4316 trahat?
2749 4260 2872 4314 Nisi
2900 4258 3287 4328 intelligamus
3312 4272 3409 4311 eos

1750 4357 1794 4418 C
1817 4360 1875 4412 in
1895 4357 2030 4429 ipsis
2058 4358 2180 4428 [al.,
2214 4371 2308 4409 eos
2337 4352 2509 4424 ipsos]
2540 4352 2600 4405 in
2628 4356 2867 4420 utroque
2902 4347 3030 4414 dici,
3079 4346 3176 4417 qui
3221 4351 3410 4400 trans-

1817 4453 1952 4502 eunt
1980 4447 2049 4500 ab
2075 4445 2257 4499 Adam
2287 4443 2358 4497 ad
2390 4442 2696 4506 Christum,
2741 4439 2800 4492 id
2833 4442 2918 4492 est
2963 4453 2996 4490 a
3027 4441 3207 4490 morte
3232 4435 3303 4489 ad
3327 4435 3408 4488 vi-

1815 4543 1952 4600 tam,
1982 4534 2116 4605 quia
2147 4533 2206 4588 in
2250 4532 2367 4585 vita
2392 4536 2602 4586 aeterna
2631 4529 2752 4584 sine
2780 4529 2892 4581 ﬁne
2920 4525 3256 4596 regnabunt,
3289 4541 3411 4578 ma-
3437 4583 3446 4590 ο

1814 4625 1900 4696 gis
1933 4641 2102 4696 quam
2129 4623 2189 4677 in
2217 4623 2298 4676 eis
2328 4637 2480 4674 mors
2507 4617 2894 4688 temporaliter
2909 4621 2967 4670 et
2993 4632 3120 4670 cum
3152 4615 3264 4670 fine
3283 4630 3410 4683 reg-

1816 4714 1973 4769 nabit
1995 4714 2119 4783 [al.,
2145 4710 2441 4782 regnavit].
2830 4720 2834 4728 '

1885 4801 1974 4856 24.
2004 4802 2217 4856 LANFR.
2251 4802 2352 4853 Per
2371 4801 2546 4852 unius
2567 4797 2876 4864 justitiam.
2911 4793 3024 4848 Per
3045 4793 3328 4865 justitiam
3357 4797 3415 4848 et

1818 4890 2195 4946 obedientiam
2216 4887 2444 4944 Christi.
2469 4887 2584 4940 vita
2607 4885 2860 4939 omnium
2881 4883 3228 4938 credentium
3248 4882 3414 4953 justi-

1817 4982 1984 5035 ﬁcata
2008 4985 2120 5037 est.
2180 4978 2324 5043 Quia
2352 4977 2482 5030 inde
2519 4975 2700 5029 factus
2729 4979 2815 5028 est
2846 4973 3029 5028 hostia
3055 4971 3413 5043 acceptabilis

1817 5070 1933 5125 Deo
1953 5085 2054 5141 pro
2075 5067 2316 5139 peccatis
2336 5065 2608 5130 omnium,
2647 5063 2782 5134 quia
2805 5065 2993 5133 justus
3033 5069 3092 5116 et
3139 5062 3414 5114 immacu-

1820 5160 1967 5213 latus
1996 5158 2118 5212 sine
2146 5163 2393 5228 peccato,
2442 5160 2498 5209 et
2541 5153 2807 5208 obediens
2831 5152 2936 5206 fuit
2963 5167 3141 5222 usque
3169 5149 3239 5203 ad
3269 5165 3415 5202 mor-

1819 5253 1956 5303 tem.

1889 5337 1979 5394 25.
2012 5335 2167 5391 Sicut
2218 5338 2390 5390 enim.
2435 5331 2829 5404 Comprobatio
2858 5334 2915 5384 et
2944 5327 3216 5398 expositio
3255 5343 3416 5399 supe-

1821 5427 1986 5482 rioris
2021 5442 2252 5480 versus:
2283 5423 2467 5478 omnis
2505 5422 2654 5476 enim
2686 5418 3083 5483 inobedientia,
3120 5416 3168 5470 si
3195 5421 3417 5472 tantum

1823 5517 1972 5572 mala
1991 5522 2095 5582 est,
2126 5515 2393 5570 delictum
2417 5532 2430 5580 ;
2462 5517 2519 5566 et
2542 5509 2722 5566 omnis
2751 5506 3088 5573 obedientia,
3118 5507 3166 5562 si
3194 5513 3418 5563 tantum

1823 5606 1971 5660 bona
2002 5611 2106 5672 est,
2123 5603 2362 5675 justitia.
