3952 6352
484 346 590 407 123
1469 348 1534 406 B‘.
1577 342 1997 409 LANFRANCI
2031 344 2390 409 CAN‘TUAR.
2430 342 2768 404 ARCl-ﬂm".
3652 339 3778 397 124

488 470 780 528 constituti
805 478 938 528 sunt
964 474 1150 540 multi,
1180 474 1260 527 ita
1290 478 1345 527 et
1371 466 1459 529 26.
1494 489 1594 547 per
1623 473 1789 527 unius
1809 473 2182 531 obed’nionem
2196 474 2335 546 justi
2354 472 2769 527 constituentur
2782 464 3074 534 multii‘t,
3101 464 3192 528 28.
3215 466 3535 522 Lexautem
3560 462 3785 520 subim-

494 560 685 626 travit,
742 565 807 615 ut
858 561 1171 617 abundaret
1225 560 1508 617 delictum.
1538 552 1643 617 Ubi
1673 568 1862 618 autem
1891 563 2196 617 abundavit
2226 562 2510 623 delictum.
2539 556 3139 630 29L'superabundavit
3158 555 3364 626 gratia,
3392 553 3479 611 30.
3512 559 3581 609 ut
3602 554 3787 608 sicut

494 647 757 720 regnavit
770 654 1058 722 peccatum
1088 650 1157 703 in-
1180 654 1440 716 mortem,
1462 650 1543 704 ita
1563 642 1651 716 3f,
1679 649 1770 704 32.
1807 655 1862 704 et
1886 651 2070 724 gratia
2098 657 2295 725 regnet
2316 650 2403 710 33.
2436 664 2538 725 per
2554 648 2835 720 justitiam
2858 647 3117 702 invitam
3130 652 3419 712 aeternam,
3443 644 3777 719 perJesum

494 732 785 793 Christum
814 738 1115 795 Dominum
1144 743 1417 794 nostrum.

1960 824 2211 887 CAPUT
2228 828 2326 889 VI.

565 952 717 1016 Quid
744 965 881 1023 ergo
907 952 1159 1010 dicemus
1174 953 1201 1006 ?
1224 952 1693 1009 Permanebimus
1705 954 1763 1008 in
1792 958 2041 1023 peccato,
2065 960 2133 1010 ut
2143 956 2343 1025 gratia
2361 955 2652 1012 abundet?
2675 955 2838 1013 Absit
2858 956 2872 1010 l
2905 955 3023 1022 Qui
3044 953 3095 1011 1.
3131 954 3293 1010 enim.
3316 951 3531 1011 mortui
3558 967 3787 1011 sumus

496 1046 747 1111 pacato,
779 1043 1061 1112 quomodo
1089 1043 1274 1098 adhuc
1298 1042 1543 1098 vivemus
1570 1043 1630 1099 in
1658 1044 1798 1098 illo?
1829 1045 1912 1096 An
1940 1042 2232 1111 ignoratis
2260 1044 2403 1115 quia
2421 1044 2741 1116 quicunque
2762 1043 3029 1115 δειρωῆ
3054 1060 3253 1099 sumus
3273 1042 3339 1099 in.
3358 1042 3585 1098 Christo
3598 1042 3787 1106 Jesu.

491 1127 549 1185 2.
590 1128 641 1187 3.
684 1131 745 1186 in
780 1137 967 1186 morte
983 1131 1162 1202 ipsius
1190 1132 1455 1202 baptizati
1474 1133 1711 1188 sumus?
1728 1132 1786 1188 4.
1815 1133 2144 1202 Consepulti
2163 1133 2315 1189 enim
2346 1150 2542 1190 sumus
2568 1150 2699 1189 cum
2717 1134 2814 1189 ilio
2842 1150 2943 1204 per
2960 1132 3302 1204 baptismum
3329 1130 3389 1186 in
3407 1134 3670 1196 morm,
3700 1132 3791 1186 ut.

496 1216 776 1285 quomodo
805 1217 1061 1274 Christus
1078 1219 1373 1274 surrexita
1396 1221 1636 1275 mortuis
1656 1237 1758 1290 per
1782 1220 2023 1291 gloriam
2055 1222 2260 1289 Patris,
2273 1222 2359 1277 ita
2373 1228 2431 1278 et
2457 1239 2560 1277 nos
2578 1223 2631 1277 5.
2661 1223 2722 1277 in
2740 1222 2984 1278 novitate
3000 1219 3515 1277 vitaambulomus.
3538 1217 3590 1287 6,
3612 1217 3669 1273 '7.
3704 1218 3785 1276 Si.

493 1305 645 1361 enim
674 1307 1041 1377 complantati
1067 1308 1202 1363 facti
1224 1325 1421 1364 sumus
1442 1309 1495 1365 8.
1518 1309 1875 1365 similitudini
1904 1311 2103 1366 mortis
2121 1312 2264 1381 ejus,
2299 1308 2350 1367 9.
2385 1312 2555 1367 simul
2575 1317 2634 1367 et
2648 1309 3081 1367 resurrectionis
3102 1308 3334 1365 erimus.
3377 1308 3499 1363 Hoc
3514 1306 3785 1365 scientes

496 1393 581 1449 10.
609 1394 743 1465 quia
770 1402 930 1449 vetus
958 1397 1127 1450 homo
1157 1403 1349 1451 noster
1367 1398 1535 1451 simul
1558 1398 1854 1453 crueiﬁxus
1879 1404 1984 1465 est,
2016 1400 2103 1456 11.
2128 1407 2194 1454 ut
2221 1400 2545 1455 destruatur
2575 1399 2659 1457 l2.
2686 1416 2890 1471 corpus
2907 1398 3139 1469 peccati,
3158 1403 3217 1451 et
3239 1397 3390 1451 ultra
3410 1412 3522 1451 non
3542 1396 3775 1450 servia-

492 1499 619 1536 mus
651 1489 899 1553 peccato.
936 1483 1021 1540 13.
1048 1484 1156 1549 Qui
1176 1486 1325 1539 enim
1356 1492 1613 1540 mortuus
1641 1492 1745 1552 est,
1769 1488 2113 1556 justificatus
2140 1493 2227 1543 est
2254 1506 2289 1542 a
2312 1494 2555 1560 peccato.
2582 1487 2669 1544 14.
2699 1488 2757 1543 Si
2782 1494 2969 1542 autem
2987 1486 3196 1540 mortui
3226 1502 3421 1540 sumus
3448 1500 3572 1539 cum
3595 1484 3776 1573 Chri-

492 1576 600 1636 sto,
633 1573 914 1626 credimus
952 1574 1085 1643 quia
1115 1574 1285 1628 simul
1313 1575 1482 1629 etiam
1512 1576 1764 1630 vivemus
1790 1593 1919 1631 cum
1949 1577 2191 1643 Christe,
2216 1577 2455 1631 scientes
2475 1578 2623 1647 quod
2652 1577 2909 1632 Christus
2933 1591 3231 1646 resurgens
3278 1591 3346 1628 ex
3381 1573 3618 1627 mortuis
3631 1573 3773 1642 jam

492 1675 606 1713 non
626 1660 884 1726 moritur,
904 1678 1055 1715 mors
1078 1662 1161 1716 illi
1177 1663 1327 1717 ultra
1346 1680 1459 1718 non
1471 1665 1869 1720 dominabitur.
1897 1665 1978 1722 15.
2002 1666 2162 1730 Quod
2196 1672 2232 1731 |
2246 1671 2441 1731 οσιθ
2455 1667 2604 1720 enim
2627 1672 2883 1719 mortuus
2894 1670 2997 1730 est,
3016 1669 3262 1735 peccato,
3288 1667 3545 1716 mortuus
3567 1665 3773 1715 estse-

493 1747 628 1812 mei,
645 1748 795 1817 quod
810 1755 1001 1806 autem
1016 1749 1306 1815 vivit,vivit
1318 1752 1453 1808 Deo.
1484 1753 1568 1811 lii.
1593 1755 1677 1809 lta
1690 1760 1749 1811 et
1766 1771 1863 1811 vos
1892 1755 2210 1813 existimate
2229 1771 2327 1809 vos
2350 1762 2602 1810 mutos
2631 1755 2855 1826 quam
2876 1770 3001 1810 esse
3018 1757 3269 1824 peccato.
3298 1752 3774 1810 viventesautun

493 1836 635 1900 Deo;
658 1836 719 1894 in
746 1837 975 1896 Christo
998 1839 1137 1897 Jesu
1162 1840 1402 1898 Domino
1429 1846 1643 1901 nostro.
1677 1844 1767 1908 17,
1795 1841 1881 1900 18.
1901 1844 2030 1901 Non
2059 1860 2193 1913 ergo
2212 1850 2411 1914 regnet
2440 1845 3013 1915 peccaminva
3033 1842 3527 1912 mendicantem
3548 1840 3781 1900 uteba-

494 1923 667 1982 diatis
694 1927 1160 1997 concupiscentiis
1191 1930 1333 1998 eius.
1366 1928 1479 1989 Sed
1512 1930 1599 1990 i9.
1632 1948 1817 2002 neque
1843 1931 2155 1991 exhibeatis
2182 1932 2435 1987 membra
2462 1941 2647 1989 vestra
2678 1931 2777 1990 Ἡ).-
2802 1931 3313 2002 minimis
3336 1934 3614 2001 peccata;
3655 1930 3777 1989 sed

494 2012 750 2068 exhibete
778 2030 874 2068 vos
905 2016 1021 2070 Deo
1043 2022 1314 2088 tanquam
1343 2036 1408 2074 ex
1445 2020 1693 2080 mortuis
1732 2021 1999 2087 viventes,
2030 2026 2091 2081 et
2134 2022 2391 2078 membra
2417 2029 2603 2077 vestra
2628 2040 2786 2077 arma
2809 2021 3047 2093 justitiae
3076 2022 3212 2076 Deo.
3264 2020 3565 2077 Pw
3601 2018 3781 2078 enim

1832 2128 2421 2184 COMMENTARIUS.

559 2222 658 2287 26.
717 2233 820 2286 Per
886 2234 1061 2286 unius
1120 2235 1506 2289 obedientiam.
1556 2234 1665 2289 Per
1705 2235 2082 2290 obedientiam
2099 2249 2147 2308 Α
2237 2235 2289 2295 6.
2322 2239 2573 2296 Ansnos.
2607 2236 2671 2292 Si
2705 2230 2856 2291 ém’m
2901 2236 3281 2305 comptantati.
3323 2232 3479 2288 'hmc
3507 2246 3609 2286 nos
3632 2231 3778 2287 feli-

490 2310 719 2384 Ch‘risti,
748 2318 889 2393 justi
920 2326 1053 2374 sunt
1094 2320 1258 2375 multi
1292 2341 1305 2392 ;
1345 2322 1432 2376 vel
1462 2323 1595 2393 quia
1636 2323 1953 2378 obedientia
1982 2325 2086 2379 ho-
2167 2327 2306 2382 citer
2329 2327 2464 2382 dicit
2488 2344 2649 2398 posse
2699 2338 3008 2396 resurgere,
3055 2325 3102 2378 si
3149 2320 3507 2378 similitudini
3558 2322 3778 2376 mortis

489 2405 657 2459 etiam
684 2408 1113 2463 commendavit.
1129 2409 1230 2463 Vel
1259 2411 1390 2483 quia
1411 2408 1729 2467 obedientia
1754 2413 1825 2467 ad
1844 2420 2086 2468 mortem

494 2486 777 2549 Christum
809 2497 1085 2567 perduxit.
1114 2499 1278 2552 Fides
1299 2504 1489 2553 autem
1518 2501 1717 2555 mortis
1746 2504 1886 2573 ejus,
1913 2502 2089 2572 justi~

492 2583 694 2637 tlcavit.
1830 2593 1836 2599 ‘
2002 2599 2010 2606 '

563 2669 650 2727 27.
686 2673 791 2726 Lex
809 2678 994 2728 autem
1022 2677 1378 2731 subintram't.
1429 2678 1599 2735 Moris
1630 2684 1714 2732 est
1769 2679 2085 2734 divinarum

492 2758 831 2826 litterarum,
879 2762 977 2816 ubi
1018 2764 1208 2837 plures
1235 2780 1419 2820 causa!
1464 2773 1615 2833 sunt,
1661 2782 1833 2822 unam
1862 2774 2099 2824 tantum.

494 2862 643 2920 saepe
668 2862 1019 2918 enumerare,
1049 2853 1195 2908 sicut
1227 2854 1285 2908 in
1315 2855 1421 2909 hoc
1447 2856 1617 2910 loco-:
1648 2858 1780 2911 data
1821 2864 1905 2913 est
1935 2858 2084 2913 enim

493 2937 603 3005 lex,
630 2944 695 2993 ut
722 2941 1102 3011 praedestinati
1128 2943 1199 2997 ad
1218 2945 1388 2998 vitam
1418 2960 1521 3015 per
1549 2945 1757 3016 legales
1792 2946 2087 3002 observane.

490 3027 598 3082 tias
629 3028 982 3084 salvarentur
1012 3050 1024 3098 ;
1068 3032 1445 3102 praedestinati
1474 3040 1663 3089 autem
1707 3034 1778 3090 ad
1822 3042 2081 3104 mortem,

490 3134 592 3189 per
618 3119 755 3188 legis
813 3121 1327 3189 praevarlcationem
1356 3123 1538 3194 magis
1571 3125 1927 3195 punirentur.
1977 3126 2086 3181 Sed

491 3206 643 3260 iuius
662 3216 848 3264 causa
882 3209 975 3263 hic
1000 3215 1221 3265 tantum
1246 3213 1587 3267 mentionem
1609 3213 1761 3279 facit,
1793 3230 1899 3286 per
1914 3230 2084 3286 quam

492 3296 713 3350 Judaos
749 3306 816 3350 ex
863 3305 1091 3369 accepta
1148 3300 1272 3370 legs
1333 3302 1721 3372 superbientes
1782 3304 2087 3359 humiliari!

490 3390 940 3533 mgnum.
1000 3477 1105 3536 LM
1128 3483 1317 3538 aettem
1365 3481 1728 3540 subinmwﬂ.
1785 3482 2089 3552 Apostolus

2167 2419 2289 2493 ejus
2316 2417 2589 2475 fuerimus
2623 2414 3004 2489 complantati,
3035 2414 3092 2467 id
3119 2419 3223 2483 est,
3274 2412 3322 2468 si
3377 2412 3436 2465 in
3479 2409 3775 2485 baptismo

2166 2504 2357 2561 omnia
2378 2507 2514 2561 vitia
2550 2505 2911 2578 deponentes,
2944 2504 3004 2557 in
3027 2518 3228 2557 novam
3262 2500 3435 2556 vitam
3474 2500 3769 2573 translati,

2166 2594 2236 2651 de
2256 2602 2455 2653 caetero
2479 2612 2590 2651 non
2610 2610 2920 2667 peccemus.

2234 2689 2294 2742 7.
2326 2685 2535 2743 LANFB.
2570 2683 2633 2740 Si
2658 2687 2807 2739 enim
2827 2683 3204 2754 complantati.
3236 2679 3362 2735 Alia
3380 2676 3527 2736 ratio
3555 2694 3657 2732 cur
3699 2678 3776 2737 in

2165 2779 2348 2828 morte
2369 2773 2544 2845 ipsius
2571 2772 2937 2844 baptizemur,
2958 2771 3334 2839 complantati,
3360 2767 3418 2822 id
3439 2773 3543 2836 est,
3584 2766 3768 2837 affixi,

2165 2864 2250 2919 vel
2278 2864 2646 2921 adhzsrentes.

2238 2953 2290 3009 8.
2323 2951 2727 3018 Similitudini,
2749 2950 2803 3006 id
2821 2955 2923 3009 est.
2958 2948 3007 3003 si
3027 2945 3441 3021 semelPeccato
3460 2943 3767 3013 morimur,

2166 3042 2404 3101 similem
2435 3039 2900 3097 resurrectionem
2928 3035 3174 3093 habituri
3205 3051 3418 3092 sumus.

2238 3131 2292 3191 9.
2324 3131 2507 3187 Simul
2537 3134 2585 3184 et
2615 3123 3366 3197 resurrectionis,subaudis;
3400 3121 3768 3181 similitudini

2168 3238 2309 3281 eius.

2361 3310 2506 3380 Quia
2535 3311 2685 3362 vetus
2706 3307 2885 3371 homo,
2916 3304 2973 3359 id
3003 3308 3107 3373 est,
3126 3320 3228 3361 nos
3247 3303 3308 3357 in
3335 3317 3401 3361 eo
3432 3299 3581 3377 quod
3601 3316 3767 3360 more

2166 3398 2371 3458 veteris
2400 3394 2642 3452 hominis
2671 3412 2984 3470 peccamus.

2242 3486 2327 3545 ii.
2373 3487 2434 3542 Ut
2462 3488 2786 3541 destruatur
2826 3494 3018 3554 corpus
3065 3482 3290 3553 peccati,
3336 3479 3394 3534 id
3423 3483 3530 3549 est,
3558 3496 3769 3551 corpus

493 3563 741 3652 ostendit
776 3564 912 3639 quid
964 3566 1283 3641 provenerit
1338 3567 1468 3625 data
1508 3570 1651 3643 lege,
1686 3586 1800 3641 non
1837 3571 1973 3642 quid
1997 3572 2423 3652 lexnnostrum
2440 3578 2501 3633 in
2530 3594 2596 3634 eo
2635 3576 2782 3652 quod
2808 3578 3019 3649 peccat.

493 3650 706 3711 fecerit.

564 3742 649 3802 29.
676 3744 883 3803 Lars.
905 3744 1388 3817 Superabundabit
1407 3753 1622 3819 gratia.
1657 3748 1830 3815 Quasi
1844 3749 2082 3807 diceret:

494 3846 527 3890 ο
547 3831 757 3889 Judaei!
788 3850 884 3893 vos
920 3835 1132 3910 putatis
1162 3834 1310 3911 quod
1332 3837 1588 3896 Christus
1640 3837 1905 3909 gentibus
1959 3839 2087 3913 plus

491 3922 788 3993 dimiserit,
840 3926 938 3979 sed
982 3926 1318 3998 quibusdam
1371 3933 1619 3987 vestrum
1666 3929 1794 4001 plus
1847 3928 2089 4002 dimisit,

493 4028 632 4089 quos
658 4014 1115 4089 pravaricatores
1143 4016 1284 4087 legis
1302 4016 1536 4095 invenit.

566 4099 652 4165 30.
681 4104 743 4158 Ut
771 4108 915 4161 sicut
936 4110 1207 4177 regnavit,
1240 4105 1297 4160 id
1328 4112 1432 4174 est,
1462 4106 1768 4179 praevaluit.

564 4190 654 4255 3i,
682 4195 765 4250 Ita
793 4200 842 4251 et
871 4198 1059 4267 gratia
1079 4202 1285 4265 regnet,
1309 4195 1365 4253 id
1391 4203 1493 4265 est,
1520 4198 1837 4273 praevaleat.

566 4280 654 4342 32.
682 4280 930 4341 “suos.
962 4276 1158 4343 Gratia
1186 4289 1389 4355 regnet.
1422 4286 1642 4359 Regnat
1666 4287 1853 4361 gratia
1880 4306 1982 4362 per
2002 4291 2090 4361 ju-

492 4372 730 4441 stitiam,
791 4372 838 4431 si
895 4378 1123 4447 accepta
1176 4373 1525 4443 remissione,
1558 4376 1839 4447 justitiam
1885 4394 2088 4453 sequa-

490 4478 638 4519 mur.

566 4548 654 4613 33.
683 4553 785 4611 Per
801 4554 1110 4622 justitiam,
1142 4551 1350 4612 scilicet
1378 4550 1605 4608 Christi.

565 4634 725 4694 CAP.
756 4641 850 4696 VI.
886 4671 957 4684 —
1003 4640 1052 4697 1.
1101 4636 1307 4697 LANFR.
1341 4642 1449 4710 Qui
1474 4644 1625 4699 enim
1662 4647 1875 4700 mortui
1896 4662 2089 4701 sumus

495 4736 726 4803 peccato,
786 4729 1015 4795 scilicet,
1048 4731 1108 4789 in
1136 4729 1446 4803 baptismo;
1478 4734 1541 4786 in
1579 4732 1793 4790 Christo
1827 4734 1976 4804 Jesu,
2029 4734 2086 4789 id

496 4830 600 4885 est,
634 4819 693 4879 in
723 4820 833 4877 ﬁde
864 4820 1072 4877 Christi
1102 4816 1255 4874 Jesu.

2105 3631 2154 3691 B
2176 3631 2578 3736 “viiﬁt‘orpus
2590 3631 2830 3738 peccati
2845 3662 3050 3719 Omnia
3065 3664 3293 3737 peccata
3306 3659 3475 3716 simul
3491 3658 3767 3733 appellat,

2167 3774 2361 3826 corpus
2382 3758 2610 3826 peccati.

2241 3845 2326 3905 13.
2376 3846 2483 3913 Qui
2514 3847 2665 3900 enim
2706 3847 2961 3900 mortuus
2993 3845 3086 3897 est.
3132 3838 3296 3896 Ratio
3334 3853 3435 3893 cur
3478 3853 3594 3892 non
3638 3853 3769 3895 ser-

2166 3935 2427 3995 viendum
2454 3935 2529 3993 sit
2568 3936 2817 4010 peccato.
2860 3929 3094 3986 Peccato
3139 3927 3292 3986 enim
3316 3926 3640 4001 justiﬁcatio
3668 3943 3771 3999 pe-

2168 4026 2265 4085 rit.

2245 4110 2331 4175 14.
2363 4114 2427 4172 Si
2470 4118 2658 4171 autem
2704 4111 2920 4167 mortui
2960 4125 3172 4175 sumus,
3217 4106 3276 4162 id
3316 4108 3420 4176 est,
3470 4105 3518 4163 si
3561 4120 3768 4165 revera

2171 4204 2427 4262 Christus
2471 4199 2777 4257 secundum
2819 4215 3046 4256 carnem
3076 4203 3331 4255 mortuus
3350 4199 3472 4250 est:
3504 4210 3607 4252 nos
3628 4209 3767 4267 pec-

2170 4293 2310 4347 catis
2343 4290 2603 4346 omnibus
2629 4288 2836 4345 mortui
2866 4305 3079 4355 sumus,
3113 4287 3407 4353 credimus,
3436 4287 3544 4341 etc.

2244 4379 2330 4440 15.
2362 4381 2567 4439 LANFB.
2601 4379 2752 4446 Quod
2774 4381 2925 4433 enim
2940 4381 3194 4430 mortuus
3209 4378 3284 4431 est
3302 4377 3537 4447 peccato,
3559 4369 3772 4429 subau-

2170 4470 2257 4545 dis
2288 4484 2300 4518 ε
2333 4467 2565 4527 humani
2579 4466 2802 4543 generis
2828 4465 3085 4522 delenda.

2244 4557 2329 4616 16.
2360 4560 2446 4617 Ita
2477 4564 2526 4615 et
2550 4574 2659 4623 vos,
2691 4573 2792 4630 pro
2820 4555 3031 4630 itaque.

2245 4644 2330 4703 17.
2362 4649 2487 4701 Νοη
2524 4663 2649 4714 ergo
2708 4649 2896 4713 regnet
2932 4646 3236 4713 peccatum,
3295 4638 3355 4696 id
3407 4644 3511 4711 est,
3564 4655 3770 4697 concu-

2169 4737 2443 4809 pissentia
2468 4735 2701 4810 peccati.

2102 4864 2147 4923 Ο
2245 4824 2326 4885 18.
2358 4827 2606 4882 Αωηιοε.
2636 4822 2759 4880 Νοη
2778 4837 2906 4891 ergo
2926 4824 3130 4920 regnet.
3163 4818 3400 4919 Mortale
3423 4834 3651 4923 corpus
3683 4818 3771 4923 diT

566 4908 618 4969 2.
653 4911 721 4967 In
749 4914 923 4966 morte
942 4912 1134 4983 ipsius,
1168 4908 1224 4962 id
1254 4912 1358 4979 est,
1389 4910 1535 4965 sicut
1570 4909 1665 4965 ille
1709 4917 1967 4967 mortuus
2004 4904 2147 4969 est”
2169 4930 2318 4982 cens,
2348 4919 2531 4971 totum
2579 4909 2863 4969 hominem
2910 4908 3113 4982 signat,
3164 4907 3297 4985 quia
3344 4906 3440 4980 qui
3492 4904 3772 4963 obediunt

494 4999 685 5063 semel.
713 5004 771 5057 et
796 5015 1018 5072 semper
1054 4998 1207 5063 vivit,
1242 4996 1325 5052 ita
1376 5002 1433 5052 et
1484 5016 1587 5054 nos
1639 5001 1813 5056 semel
1862 5005 2087 5075 peccato

492 5088 825 5159 moriamur,
858 5095 917 5148 et
943 5090 1002 5147 in
1021 5088 1165 5147 bene
1193 5090 1353 5149 factis
1390 5108 1611 5164 semper
1637 5090 1907 5145 vivamus.

564 5177 618 5232 3.
651 5180 901 5234 Aunnos.
939 5182 1009 5235 In
1048 5186 1222 5234 morte
1270 5184 1460 5249 ipsius.
1517 5181 1661 5235 Cum
1714 5176 2082 5249 baptizamur,

492 5270 894 5328 commorimur
924 5269 1175 5335 Christo;
1204 5271 1310 5328 hoc
1333 5277 1419 5328 est
1445 5270 1505 5327 in
1536 5274 1719 5324 morte
1751 5269 1874 5340 ejus
1898 5266 2083 5339 bapti-

493 5358 627 5416 zari.
654 5359 776 5417 Illic
803 5358 954 5417 enim
985 5364 1211 5430 peccata
1247 5359 1586 5417 moriuntur.

490 5504 495 5509 .
563 5444 619 5503 4.
650 5446 856 5505 Lars.
882 5448 1192 5519 Conseputti
1209 5452 1379 5505 enim.
1405 5445 1751 5521 Designatio,
1777 5442 2001 5517 quando
2028 5442 2087 5501 et

492 5550 593 5589 cur
616 5535 676 5588 in
703 5541 884 5590 morte
915 5537 1124 5591 Christi
1150 5535 1517 5607 baptizemur.

567 5625 617 5681 5.
650 5626 719 5680 In
746 5628 1005 5696 novitate,
1033 5626 1093 5680 id
1120 5631 1229 5694 est,
1259 5642 1295 5680 a
1319 5624 1469 5679 vitiis
1498 5634 1877 5695 resurgamus.

2168 5006 2397 5077 peccato
2427 5000 2693 5058 mortales
2721 4999 3001 5057 dicuntur.
3036 4998 3240 5053 Anima
3294 4995 3443 5051 enim
3482 5011 3605 5071 quae
3632 5012 3769 5071 pec-

2169 5098 2280 5161 cat,
2311 5092 2434 5167 ipsa
2461 5091 2754 5154 morietur.
2785 5089 2843 5147 id
2867 5095 2954 5147 est
2975 5095 3129 5145 totus
3161 5086 3346 5144 homo.

2236 5179 2326 5241 19.
2386 5182 2566 5251 Neque
2622 5181 2935 5237 eahibeatis.
2992 5179 3119 5235 Non
3168 5177 3304 5234 dicit
3351 5192 3607 5251 corpora,
3664 5178 3770 5233 sed

2166 5270 2436 5325 membra.
2486 5267 2753 5328 Membris
2812 5267 2964 5327 enim
3020 5265 3392 5338 ministratur,
3431 5266 3567 5325 'non
3637 5270 3764 5320 toto

2164 5376 2415 5434 corpore.

2235 5445 2325 5506 20.
2363 5450 2573 5508 LANFR.
2619 5450 2796 5507 Arma
2852 5450 3193 5523 iniquitatis,
3240 5446 3299 5507 id
3334 5453 3441 5516 est,
3500 5446 3763 5522 concupi-

2164 5538 2409 5597 soentiae.
