3952 6368
163 327 246 393 12's
825 329 903 386 IN
939 328 1006 382 D.
1046 316 1267 383 pA-UL!
1301 315 1526 384 EPIsI'.
1989 357 2064 371 --
2362 321 2460 381 AD
2498 327 2676 382 ROM.
3285 317 3408 389 423-

160 457 286 513 vobis
311 470 420 511 non
447 449 858 521 dominabitur;
897 452 986 519 Si,
1011 452 1099 510 22.
1124 469 1237 507 non
1257 454 1411 507 enim
1437 453 1540 507 sub
1572 453 1694 521 lege
1715 453 1868 518 estis,
1893 455 1994 507 sed
2010 454 2116 509 sub
2137 453 2338 523 gratia.
2364 452 2512 516 Quid
2530 453 2700 523 ergo?
2723 453 3101 522 Peccabim'us,
3125 457 3394 526 quoniam

161 565 247 602 non
271 561 456 602 sumus
484 542 589 598 sub
615 545 756 613 lege,
797 543 896 596 sed
936 543 1039 596 sub
1072 543 1293 611 gratia?
1324 543 1520 596 Absit!
1547 542 1787 596 Nescitis
1817 544 2082 612 quoniam
2118 544 2209 597 cui
2241 542 2514 596 exhibetis
2539 558 2635 596 vos
2674 556 2864 596 servos
2894 544 2966 598 ad
2994 534 3387 612 obedientium,

160 636 273 688 servi
299 635 423 688 estis
451 634 596 702 ejus,
629 633 718 686 cui
749 631 1002 696 obeditis,
1037 631 1150 684 sive
1175 629 1388 701 peccati
1426 631 1502 684 ad
1527 637 1788 693 mortem,
1818 631 1933 685 sive
1962 632 2297 686 obeditionis
2327 632 2396 684 ad
2441 631 2722 701 justitiam
2740 632 2765 684 Ἰ
2795 633 3020 686 Gratias
3058 639 3249 688 autem
3276 636 3396 689 Deo

161 723 278 795 quod
302 723 480 777 fuistis
509 722 660 775 servi
688 720 901 792 peccati
926 739 940 787 ;
971 719 1236 773 obcdistis
1265 724 1454 773 autem
1484 735 1548 772 ex
1573 720 1744 773 corde
1771 721 1832 773 in
1862 736 1987 774 eam
2015 722 2253 774 formam
2283 721 2571 787 doctrinae,
2604 719 2692 776 23'.
2725 721 2785 774 in
2817 737 2984 792 quam
3022 724 3216 777 traditi

160 811 362 868 liberati
385 817 577 865 autem
621 827 655 864 a
696 814 942 880 peccato,
976 809 1120 862 servi
1149 810 1288 863 facti
1313 809 1448 863 estis
1470 809 1722 878 justitiae.
1756 807 1850 874 24,
1881 810 1968 863 25.
2002 811 2329 864 Humanum
2359 810 2502 875 dico,
2535 814 2767 880 prepter
2791 811 3180 866 inﬁrmitatem
3213 813 3398 866 carnis

158 910 344 967 vestr-aa;
501 901 649 953 sicut
677 899 824 952 enim
856 896 1182 951 exhibuistis
1211 897 1465 951 membra
1495 903 1682 950 vestra
1700 898 1914 952 servire
1931 899 2310 953 immunditiae
2336 904 2393 952 et
2419 899 2707 968 iniquitati
2735 900 2808 953 ad
2833 899 3210 970 iniquitatem,
3241 904 3397 955 sciti-

158 995 218 1044 rei
234 991 584 1058 implendam,
609 989 688 1041 ita
708 1003 862 1040 nunc“
887 986 1142 1040 exhibete
1159 986 1413 1040 membra
1432 992 1617 1039 vestra
1645 986 1852 1040 servire
1878 988 2118 1057 justitiae
2143 990 2197 1042 in
2227 989 2748 1054 sancti‘iicationem,
2775 991 2840 1042 id
2861 995 2958 1056 est,
2980 995 3046 1042 ut
3067 991 3404 1058 sanctiﬁcatt'

155 1084 262 1133 sitis.
293 1079 425 1133 Cum
455 1075 549 1134 27'.
583 1077 732 1130 enim
761 1076 904 1130 servi
935 1076 1131 1129 essetis
1158 1076 1390 1146 peccati,
1425 1074 1609 1142 liberi,
1638 1077 1694 1125 id
1723 1080 1819 1139 est,
1847 1084 2083 1145 expertes
2123 1077 2306 1132 fuistis
2345 1077 2597 1148 justitiam
2633 1077 2810 1140 Quem
2852 1093 2988 1148 ergo
3016 1079 3262 1133 fructum
3290 1080 3395 1133 ha-

156 1169 318 1221 buistis
339 1174 471 1220 tunc
502 1167 567 1218 in
588 1166 699 1219 illis
728 1167 788 1219 in
817 1164 1019 1235 quibus
1047 1180 1197 1218 nunc
1217 1163 1579 1218 erubescitis?
1606 1164 1754 1216 Nam
1783 1164 1911 1217 finis
1934 1164 2158 1219 illorum
2186 1183 2336 1219 mors
2357 1171 2462 1219 est.
2485 1167 2648 1219 Nune
2673 1181 2803 1219 vero
2833 1166 3055 1220 liberati
3085 1184 3116 1221 a
3145 1171 3393 1237 peccato,

155 1257 267 1310 servi
293 1265 478 1310 autem
505 1255 644 1308 facti
667 1255 802 1319 Deo,
832 1251 1049 1306 habetis
1075 1253 1319 1306 fructum
1349 1258 1598 1306 vestrum
1626 1252 1687 1304 in
1715 1253 2230 1317 sanctiﬁcationem,
2259 1257 2319 1307 id
2339 1260 2430 1319 est,
2456 1256 2676 1320 fructus
2695 1257 2863 1307 vestri
2886 1259 3062 1323 operis
3083 1261 3157 1308 est
3185 1257 3398 1310 sancti-

154 1348 317 1412 manu,
342 1345 509 1398 ﬁnem
532 1359 666 1397 vero
692 1344 863 1396 vitam
887 1347 1173 1395 aeternam.
1195 1339 1283 1397 28.
1317 1341 1607 1412 Stipendia
1629 1340 1778 1394 enim
1798 1343 2032 1413 peccati,
2060 1359 2231 1400 mors.
2252 1343 2342 1410 29,
2367 1341 2454 1399 30.
2480 1342 2676 1396 Gratia
2694 1348 2887 1397 autem
2908 1345 3028 1407 Dei,
3051 1345 3164 1398 vita
3185 1349 3396 1399 aeterna

154 1434 195 1487 in
219 1433 418 1488 Christo
448 1433 590 1486 Iesu
618 1431 856 1486 Domino
886 1437 1097 1484 nostro.

1553 1518 1788 1573 CAPUT
1824 1520 1928 1574 VII
1934 1561 1946 1573 .

206 1639 246 1695 l.
267 1641 345 1696 An
371 1638 670 1710 ignoratis,
694 1637 914 1702 fratres,
940 1631 1256 1702 (scientibus
1278 1635 1428 1689 enim
1460 1636 1642 1704 legem
1673 1635 1896 1707 loquor)
1914 1636 2046 1708 quia
2078 1638 2164 1692 lex
2194 1638 2253 1691 in
2283 1638 2508 1692 homine
2541 1637 2882 1701 dominatur,
2908 1640 3118 1708 quanto
3139 1641 3404 1708 tempore

150 1727 281 1780 vivit?
319 1727 462 1782 Nam
494 1744 622 1810 quas
666 1725 768 1779 sub
815 1725 931 1778 viro
964 1731 1048 1779 est
1089 1723 1310 1790 mulier,
1355 1724 1571 1776 vivente
1601 1723 1738 1791 viro,
1772 1725 2002 1796 alligata
2032 1732 2117 1780 est
2145 1727 2256 1797 legi
2285 1747 2295 1779 :
2341 1728 2388 1781 si
2413 1733 2600 1784 autem
2639 1731 2895 1782 mortuus
2939 1725 3110 1780 fuerit
3136 1725 3218 1782 vir
3249 1727 3394 1796 ejus,

150 1817 298 1894 soluta
323 1825 405 1872 est
436 1835 469 1872 a
501 1807 630 1886 lege
660 1817 783 1880 viri.
816 1815 1011 1885 Igitur,
1039 1814 1255 1876 vivente
1285 1814 1421 1881 viro,
1452 1813 1739 1867 vocabitur
1777 1814 2034 1869 adultera
2063 1817 2108 1869 si
2149 1796 2317 1870 fuerit
2348 1833 2474 1870 cum
2504 1816 2613 1872 alio
2645 1815 2762 1871 viro
2791 1835 2803 1883 ;
2839 1815 2888 1868 si
2918 1820 3104 1868 autem
3135 1796 3395 1870 mortuus

150 1907 282 1963 fuerit
311 1907 388 1962 vir
414 1908 562 1976 ejus,
600 1905 837 1990 liberata
867 1911 951 1962 est
981 1922 1014 1957 a
1045 1905 1166 1974 lege
1187 1903 1291 1956 viri
1317 1910 1380 1958 ut
1413 1920 1526 1957 non
1556 1903 1628 1956 sit
1659 1903 1914 1956 adultera
1947 1903 1993 1956 si
2025 1904 2194 1958 fuerit
2223 1921 2348 1960 cum
2376 1905 2486 1959 alio
2519 1905 2654 1959 viro.
2691 1905 2908 1975 Itaque,
2940 1903 3144 1960 fratres
3173 1902 3303 1968 mei,
3338 1907 3396 1956 et

151 2012 223 2050 vos
242 1994 290 2050 2.
319 1988 645 2050 mortiﬁcati
675 1993 727 2048 3.
765 1994 898 2047 estis
929 1994 1034 2063 legi
1064 2010 1163 2064 per
1191 2010 1390 2063 corpus
1421 1991 1650 2054 Christi,
1679 1997 1744 2044 ut
1772 1992 1892 2045 sitis
1932 1992 2182 2060 alterius,
2217 1994 2311 2064 qui
2343 2012 2408 2047 ex
2439 1994 2674 2048 mortuis
2704 1993 3028 2054 resurrexit.
3061 1998 3125 2049 ut
3151 1983 3392 2050 fructifi-
3431 1987 3436 1992 ’

149 2100 300 2137 cemus
325 2086 436 2139 Deo
467 2084 521 2140 4.
553 2086 694 2138 Cum
727 2083 879 2136 enim
911 2098 1160 2135 essemus
1189 2083 1247 2135 in
1274 2098 1461 2148 carne,
1496 2081 1786 2151 passiones
1812 2081 2189 2150 peccatorum,
2225 2099 2347 2152 quae
2377 2099 2477 2152 per
2505 2083 2684 2151 legem
2713 2086 2891 2146 erant,
2925 2081 3304 2151 operabantur
3331 2081 3396 2135 in‘

148 2174 368 2228 membris
401 2173 722 2242 nostris,ut
749 2171 1151 2226 fructiﬁcarent
1182 2171 1368 2225 morti.
1392 2172 1555 2224 Nunc
1583 2175 1774 2224 autem
1801 2170 1969 2223 soluti
1993 2187 2187 2224 sumus
2212 2170 2265 2226 5.
2291 2188 2324 2224 a
2343 2171 2466 2240 lege
2497 2171 2714 2237 mortis,
2740 2170 2799 2223 in
2829 2185 2942 2240 qua
2971 2169 3388 2236 detinebamur,

1448 2267 2044 2340 COMMENTARIUS.

199 2385 276 2443 Ἦ.
302 2389 420 2441 Non
459 2360 616 2443 enim
654 2388 755 2440 sub
795 2390 901 2452 lege
940 2388 1082 2439 estis.
1133 2383 1430 2437 Evidenter
1463 2383 2058 2444 ostenditAaeternam
2092 2384 2208 2440 dat.

151 2477 262 2544 quod
290 2476 754 2550 concupiscentiae
782 2467 1135 2546 peccatorum
1167 2473 1438 2542 majorem
1468 2469 1579 2523 vim
1604 2471 1706 2523 ha-

152 2562 316 2620 bebant
337 2568 393 2620 in
421 2565 636 2632 Judzeis
663 2580 832 2638 quam
867 2563 924 2616 in
953 2559 1310 2615 Christianis.

202 2654 274 2709 2‘2.
300 2657 540 2722 Auous'r.
576 2656 703 2723 (lib.
743 2655 815 2707 De
843 2657 987 2719 grat.
1022 2657 1068 2704 ct
1112 2651 1207 2704 lib.
1238 2651 1428 2718 arbit.,
1464 2667 1584 2720 cap.
1624 2647 1706 2718 [2,

151 2751 251 2796 ωω.
282 2745 419 2810 VII.)
446 2747 577 2798 Non.
626 2745 778 2796 enim
818 2742 916 2796 sub
960 2745 1068 2808 lege
1117 2740 1261 2791 estis.
1295 2739 1422 2792 Non
1450 2739 1581 2808 quia
1622 2740 1709 2791 lex

152 2833 282 2898 mala,
296 2834 389 2888 sed
418 2833 556 2908 quia
578 2832 686 2886 sub
705 2830 799 2890 illa
823 2834 974 2897 sunt,
992 2844 1132 2902 quos
1151 2843 1276 2880 reos
1293 2827 1427 2881 facit
1439 2827 1704 2900 jubendo,

151 2936 236 2988 non
254 2924 584 2993 adiuvando.

201 3009 272 3066 23.
299 3013 497 3066 Lmen.
532 3013 605 3065 In
650 3026 820 3078 quam
861 3013 1057 3065 traditi
1101 3015 1244 3077 estis,
1282 3010 1338 3063 id
1369 3013 1473 3074 est,
1509 3007 1565 3060 in
1596 3023 1706 3080 qua

153 3099 422 3156 tradidistis
448 3119 549 3156 vos
575 3100 694 3154 Deo
719 3100 779 3152 in
801 3100 892 3154 die
921 3099 1356 3154 conversationis
1380 3103 1594 3151 vestrae.

169 3187 272 3243 ,Ἃ
302 3192 629 3256 Ηωηαηωη
682 3191 825 3258 dico,
871 3189 928 3252 id
976 3195 1081 3254 est,
1128 3189 1236 3245 vile
1294 3187 1559 3260 quiddam
1607 3202 1705 3238 vo-

150 3274 213 3328 bis
251 3279 515 3350 prmcipio,
573 3280 725 3350 quod
771 3278 884 3332 vim
930 3278 1297 3334 humanitatis
1344 3281 1550 3330 nostrae
1594 3292 1707 3329 non

153 3368 340 3423 excedit.

205 3454 276 3510 25.
303 3460 546 3514 Annuus.
587 3460 916 3514 Humanum
961 3459 1098 3512 dico.
1131 3459 1279 3525 Dum
1321 3453 1708 3529 inﬁrmitatem

154 3545 294 3598 carnis
338 3552 638 3612 memorat,
685 3546 872 3601 minus
929 3562 988 3599 se
1039 3545 1318 3616 signiﬁcat
1362 3544 1582 3614 exigere
1641 3542 1710 3595 ab

154 3628 336 3688 homine
361 3653 530 3708 quam
555 3635 796 3706 dignum
821 3639 906 3708 est
929 3634 1075 3692 circa
1097 3633 1197 3687 Dei
1219 3633 1518 3686 culturam.

1861 2473 1948 2529 30.
1981 2474 2227 2527 AMBROS.
2261 2473 2454 2527 Gratia
2507 2476 2692 2524 autem
2743 2471 2858 2524 Dei.
2913 2469 3032 2524 Hoc
3076 2467 3393 2524 rationibus

1789 2553 1877 2639 his
1932 2562 2229 2636 Apostolus
2287 2562 2673 2616 demonstrare
2728 2559 2966 2612 videtur.
3025 2561 3142 2613 Aut
3194 2563 3279 2613 est
3333 2559 3394 2612 in

1792 2641 2031 2717 Christo,
2068 2658 2168 2704 aut
2212 2652 2269 2704 in
2312 2651 2454 2721 lege.
2499 2649 2835 2703 Mortificata
2885 2653 2967 2701 est
2999 2647 3149 2701 enim
3177 2648 3264 2701 lex
3294 2663 3397 2720 per

1791 2759 1991 2815 corpus
2021 2740 2250 2804 Christi,
2283 2743 2347 2792 ut
2389 2739 2539 2792 illius
2571 2737 2712 2802 sitis,
2747 2738 2842 2813 qui
2874 2753 2907 2789 a
2936 2736 3174 2791 mortuis
3203 2753 3395 2795 resur-

1791 2830 1951 2884 rexit.
1969 2831 2110 2884 Nam
2127 2829 2182 2882 in
2201 2828 2326 2882 aliis
2338 2827 2557 2897 legibus
2571 2827 2718 2880 idem
2732 2811 2969 2883 videtur.
2987 2824 3225 2880 Moritur
3240 2823 3396 2878 enim

1793 2927 1852 2987 τε
1871 2927 1905 2985 Ι
1946 2920 2114 2972 homo
2144 2917 2310 2970 alicui
2340 2916 2469 2986 legi,
2501 2922 2564 2969 ut
2582 2916 2700 2988 jam
2731 2914 2825 2967 alii
2851 2915 3017 2967 vivat.
3042 2915 3187 2968 Nam
3219 2929 3394 2986 quan-

1787 3009 1884 3062 diu
1915 3007 2047 3060 vivit
2075 3005 2267 3079 priori,
2314 3005 2409 3058 alii
2443 3004 2620 3057 vivere
2649 3020 2763 3059 non
2800 3008 3002 3073 potest.
3035 3003 3198 3058 Prior
3237 3002 3394 3062 enim

1788 3097 1968 3152 adhuc
1996 3094 2336 3148 dominatur.
2364 3092 2559 3148 Mulier
2582 3092 2755 3155 enim,
2779 3091 2967 3143 vivens
2990 3089 3235 3144 maritali
3264 3089 3392 3159 lege

1788 3186 1891 3239 viri
1921 3184 2027 3250 sui,
2060 3200 2169 3237 non
2194 3186 2378 3256 potest
2407 3181 2586 3234 vivere
2616 3179 2725 3252 legi
2756 3180 2989 3233 alterius
3013 3178 3390 3248 viri.Alligata

1789 3281 1876 3330 est
1917 3274 2066 3336 enim
2114 3269 2231 3325 viro
2276 3288 2396 3325 suo.
2439 3271 2584 3323 Nam
2635 3269 2680 3323 si
2728 3269 3003 3324 moriatur
3041 3267 3151 3339 legi
3189 3266 3393 3338 prioris

1788 3363 1911 3430 viri,
1942 3361 2173 3416 alterius
2214 3365 2396 3431 potest
2426 3360 2607 3412 vivere
2634 3359 2765 3428 legi.
2797 3357 2982 3427 Igitur
3009 3355 3194 3409 vivens
3218 3355 3393 3409 mari-

1791 3453 1890 3505 tali
1916 3453 2026 3522 legi
2051 3451 2282 3518 (scilicet
2311 3449 2533 3502 vivente
2552 3448 2696 3516 viro)
2724 3463 2834 3500 non
2860 3450 3044 3520 potest
3074 3445 3160 3514 [f.,
3186 3441 3392 3515 vivere]

1793 3541 2026 3594 alterius
2044 3541 2155 3609 legi
2177 3539 2298 3591 viri.
2326 3538 2383 3591 Si
2414 3536 2561 3592 enim
2593 3541 2728 3590 tunc
2749 3529 2919 3592 fuerit
2948 3550 3076 3588 cum
3105 3533 3214 3594 alio
3242 3533 3390 3600 viro;

1790 3629 2079 3683 vocabitur
2101 3629 2378 3682 adultera.

207 3706 545 3779 25.Arcus'r.
589 3727 678 3792 (ex
720 3706 874 3792 epist.
929 3725 1001 3778 ad
1036 3727 1230 3779 Anast.
1272 3720 1398 3788 144,
1443 3725 1580 3786 tom.
1613 3706 1778 3784 II).B
1817 3792 1822 3796 Ι
1866 3709 2022 3772 CAP.
2068 3717 2189 3784 VII.
2228 3746 2288 3755 —
2326 3714 2373 3770 1.
2423 3714 2635 3769 LANFR.
2685 3714 2774 3767 An
2823 3714 3114 3778 ignoratis,
3165 3710 3394 3777 fratres.

156 3808 433 3878 Humanum
478 3817 626 3878 dico,
669 3812 804 3882 quia
842 3812 968 3882 plus
1017 3810 1314 3865 dicendum
1344 3809 1553 3881 aliquid
1582 3809 1706 3874 fuit,

156 3893 189 3946 Si
204 3897 304 3964 jam
328 3900 403 3954 illi
430 3902 618 3956 facere
651 3899 776 3970 [al.,
799 3899 965 3968 ferre]
994 3899 1326 3970 potuissent.
1352 3899 1484 3959 Plus
1506 3897 1711 3968 quippe

155 3987 389 4042 servitutis
409 3989 653 4043 debetur
669 3988 903 4058 justitiae
919 4004 1088 4058 quam
1111 3994 1355 4058 peccato.
1371 3988 1513 4040 Nam
1535 4002 1711 4056 poenae

155 4077 356 4146 corporis
379 4084 647 4142 revocant
670 4076 740 4131 ab
770 4093 935 4150 opere
964 4077 1197 4148 peccati.
1222 4075 1451 4130 Justitia
1477 4091 1606 4134 vero
1632 4075 1713 4129 sic

155 4165 352 4220 amanda
380 4174 464 4222 est
489 4172 557 4236 ut
587 4166 658 4220 ab
689 4167 813 4236 ejus
838 4165 1098 4237 operibus
1120 4165 1290 4220 etiam
1318 4182 1494 4238 poenae
1522 4180 1714 4238 corpo-

158 4254 211 4302 ris
234 4268 318 4308 nos
346 4257 606 4311 cohibere
630 4271 746 4314 non
773 4254 1030 4322 debeant.

207 4338 280 4395 '26.
312 4345 484 4416 (Ibid).
514 4345 675 4400 Sicut
720 4347 868 4400 enim
901 4330 1245 4398 exhibuistis.
1279 4342 1423 4408 Quid
1456 4345 1541 4396 est
1568 4333 1714 4398 sicut

157 4425 280 4496 illud,
297 4433 368 4500 ita
381 4443 436 4488 et
449 4436 593 4489 hoc?
614 4433 722 4508 nisi
746 4453 757 4486 :
784 4431 1256 4504 quemadmodum
1274 4432 1344 4486 ad
1367 4432 1712 4506 peccandum

160 4518 308 4574 nullus
333 4524 563 4596 cogebat
593 4523 783 4588 timor,
815 4522 910 4576 sed
935 4521 1113 4592 ipsius
1144 4521 1314 4575 libido
1346 4522 1712 4592 voluptasque

159 4611 356 4681 peccati;
403 4614 481 4667 sic
522 4612 597 4666 ad
633 4613 789 4680 juste
836 4609 1134 4668 vivendum
1174 4627 1287 4670 non
1330 4627 1423 4663 vos
1454 4610 1712 4684 supplicii

161 4701 302 4750 metus
329 4707 538 4770 urgeat,
576 4701 674 4754 sed
706 4699 1000 4753 delectatio
1023 4699 1262 4769 justitize
1286 4705 1508 4769 urgeat.

211 4781 280 4837 ⁵27-
317 4787 519 4852 LANFR.
573 4791 710 4845 Cum
751 4791 900 4842 enim
928 4793 1090 4842 servi.
1138 4787 1301 4842 Ratio
1354 4805 1453 4842 cur
1504 4787 1710 4842 servire

159 4866 344 4933 institue
362 4895 451 4934 eos
474 4883 750 4954 oporteat.
784 4879 898 4950 Aut
917 4877 1065 4940 enim
1081 4877 1334 4947 justitim,
1362 4882 1461 4932 aut
1481 4882 1708 4948 peccato

163 4959 325 5017 servire
344 4983 562 5022 necesse
585 4973 688 5022 est.
715 4967 824 5020 Sed
853 4981 979 5021 cum
1011 4955 1251 5019 servitur
1280 4971 1527 5037 peccato,
1553 4966 1711 5019 abest

1791 3805 2036 3861 Probare
2065 3805 2286 3858 videtur
2316 3803 2464 3878 quod
2494 3803 2582 3856 lex
2627 3801 2948 3856 Judzeorum
2995 3798 3252 3852 fidelibus
3282 3813 3396 3850 non

1792 3901 1878 3949 est
1895 3893 2259 3950 observanda.
2287 3893 2412 3945 Non
2435 3897 2520 3944 est
2548 3891 2698 3944 enim
2718 3889 2850 3942 data
2876 3889 2980 3941 nisi
3001 3887 3070 3941 ad
3092 3887 3392 3940 adventum

1794 3984 2020 4038 Christi.
2070 3983 2139 4036 Et
2178 3986 2262 4052 est
2303 3979 2610 4054 responsio.
2655 3978 2825 4041 Quasi
2879 3975 3083 4048 aliquis
3133 3974 3391 4027 diceret:

1793 4091 1892 4127 cur
1917 4070 2105 4126 dixisti
2132 4071 2190 4124 in
2233 4063 2455 4124 Christo
2492 4069 2644 4132 Jesu,
2678 4071 2734 4120 et
2776 4073 2893 4119 non
2935 4057 2995 4118 in
3040 4061 3397 4131 obServantia

1795 4163 1934 4234 legis
1955 4164 1978 4215 ?

1864 4250 1916 4306 ‘2.
1972 4241 2293 4315 Mortiﬁcati
2345 4248 2469 4300 estis
2521 4241 2650 4312 legi.
2707 4244 2877 4307 Quasi
2937 4236 3148 4295 diceret
3189 4259 3200 4293 :
3251 4239 3397 4294 nihil

1796 4338 2009 4392 debetis
2039 4336 2168 4409 legi.
2193 4335 2304 4390 Lex
2328 4327 2477 4388 enim
2505 4333 2636 4393 data
2668 4337 2754 4385 est
2780 4346 2959 4401 usque
2989 4329 3061 4384 ad
3092 4330 3396 4383 adventum

1797 4427 2026 4482 Christi.

1868 4515 1924 4574 3.
1961 4517 2204 4570 AMBROS.
2238 4511 2562 4582 Mortiﬁcati
2607 4509 2731 4564 estis
2780 4511 2903 4577 legi.
2953 4506 3228 4572 Quoniam
3269 4505 3394 4561 Sal-

1794 4610 1954 4661 vator
2000 4621 2202 4675 corpus
2259 4618 2425 4658 suum
2479 4599 2700 4654 diabolo
2754 4597 3080 4667 cruciﬁgere
3117 4594 3394 4666 permisit.

1795 4693 2004 4749 Idcirco
2053 4683 2155 4769 per
2207 4709 2408 4764 corpus
2466 4688 2695 4753 Christi,
2743 4683 2923 4740 salvos
2969 4702 3071 4740 nos
3122 4681 3259 4738 dicit
3309 4685 3393 4737 fa-

1795 4788 1912 4837 ctos
1924 4824 1935 4835 .

1861 4873 1914 4926 4.
1945 4873 2154 4926 LANFR.
2188 4871 2325 4926 Cum
2354 4871 2504 4922 enim
2535 4881 2767 4920 essemus
2798 4867 2861 4918 in
2891 4879 3075 4917 carne.
3103 4858 3274 4926 Quasi
3297 4859 3401 4916 ali-

1794 4961 1917 5033 quis
1969 4960 2181 5014 diceret
2225 4977 2236 5012 :
2291 4969 2390 5011 cur
2435 4954 2642 5020 dixisti,
2693 4959 2760 5007 ut
2808 4953 3208 5006 fructiﬁcemus
3254 4951 3392 5015 Deo,

163 5044 351 5111 iustitia.
373 5057 692 5128 Acquiritur
719 5056 936 5128 fructus
965 5054 1114 5108 unde
1144 5035 1524 5124 erubescitur;
1561 5054 1709 5125 quod
1731 5049 1952 5123 Cquasi
1996 5065 2109 5102 non
2156 5045 2638 5106 fructificaremus,
2687 5059 2816 5096 cum
2873 5043 3054 5114 legem
3094 5035 3394 5093 carnaliter

166 5142 227 5190 est
247 5139 632 5200 inconveniens.
666 5144 906 5209 Iustitiae
934 5143 1110 5214 igitur
1135 5141 1491 5198 serviendum
1518 5149 1624 5196 est.

216 5223 286 5287 ‘33..
313 5231 606 5303 Stipendia.
637 5235 818 5300 Causa
846 5250 946 5296 cur
984 5231 1205 5287 liberati
1237 5234 1350 5286 sint
1383 5250 1418 5288 a
1458 5229 1703 5303 peccato,

168 5317 209 5364 et
234 5331 315 5371 cur
353 5325 488 5378 servi
536 5323 672 5388 facti
721 5324 856 5378 Deo.
891 5307 955 5378 Et
1002 5330 1086 5389 est
1130 5339 1326 5376 sensus
1362 5341 1372 5374 :
1415 5328 1708 5394 peccatum

166 5395 244 5454 hoc
258 5407 588 5481 stipendium,
607 5412 665 5466 id
693 5417 796 5478 est,
821 5411 964 5465 hanc
989 5401 1416 5465 retributionem
1433 5407 1548 5477 dat,
1567 5410 1710 5464 mor-

170 5491 254 5550 tem
271 5497 478 5556 scilicet.

218 5577 287 5635 ‘29.
327 5588 504 5643 Gratia
549 5596 738 5644 autem
783 5591 898 5658 Dei,
950 5585 1007 5656 id
1054 5583 1159 5656 est,
1210 5585 1392 5660 virtus
1442 5588 1564 5662 quae
1607 5605 1708 5662 per

1790 5127 2254 5192 observaremus?
2285 5122 2388 5199 Ita,
2425 5132 2628 5203 inquit,
2672 5143 2800 5186 cum
2835 5138 3084 5184 essemus
3114 5128 3173 5181 in
3202 5141 3390 5191 carne,

1791 5227 1846 5281 id
1879 5231 1982 5290 est,
2015 5225 2076 5279 in
2103 5211 2313 5279 carnali
2339 5215 2712 5287 observantia,
2751 5223 2855 5274 etc.

1864 5318 1910 5371 5.
1949 5321 1987 5371 Α
2024 5319 2132 5382 tege
2162 5315 2376 5376 mortis,
2408 5311 2464 5364 id
2514 5316 2616 5374 est,
2665 5327 2787 5380 quae
2834 5307 2956 5361 sine
2998 5304 3114 5357 ulla
3156 5303 3393 5357 misera-

1791 5403 1963 5470 tione,
2008 5398 2301 5475 peccantes
2341 5399 2579 5455 interilci
2603 5398 2856 5469 jubebat.
2880 5395 2999 5458 Vel,
3027 5407 3149 5463 quas
3178 5389 3396 5463 passio-

1793 5512 1892 5548 nes
1935 5482 2310 5565 peccatorum,
2346 5506 2467 5561 quaa
2498 5503 2648 5541 mors
2685 5485 2886 5540 animos
2923 5485 3077 5548 sunt,
3120 5483 3246 5553 [per
3293 5483 3391 5537 Eb.

1789 5573 1884 5657 P.]
1907 5572 2345 5656 prohibitionem
2369 5576 2629 5647 augebat.

170 5671 359 5730 gratiam
393 5677 486 5733 Dei
523 5679 711 5745 datur,
752 5678 868 5732 vita
905 5682 1116 5733 aeterna
1152 5683 1258 5745 est,
1291 5677 1348 5733 id
1386 5677 1493 5746 est,
1533 5665 1708 5732 vitam
1804 5681 1809 5684 ’
