3952 6384
527 300 627 361 r27
1499 311 1565 366 B.
1609 310 2031 367 LANFRANCI
2069 311 2427 374 CANTUAR.
2472 313 2810 372 ARCHIEP.
3693 307 3806 368 128

522 427 605 484 ita
623 435 690 485 ut
716 432 1024 488 serviamus
1049 434 1109 490 in
1135 435 1381 491 novitate
1412 435 1661 507 spiritus,
1691 437 1748 490 id
1775 442 1869 502 est,
1899 438 2216 491 innovando
2235 440 2502 506 spiritum
2528 439 2631 505 ﬁde
2657 443 2707 492 et
2730 439 2982 507 operibus
3003 439 3178 502 bonis,
3209 442 3266 491 et
3287 451 3400 490 non
3427 435 3488 489 in
3514 437 3804 490 vetustate

522 516 744 586 litterae,
771 523 833 574 id
865 528 958 588 est,
991 528 1217 578 carnali
1242 526 1629 579 observatione.
1663 524 1809 588 Quid
1837 541 1969 596 ergo
1997 525 2279 581 dicemus?
2307 528 2393 580 lex
2423 532 2712 598 peccatum
2743 528 2869 581 est?
2904 529 3107 581 scilicet
3136 529 3270 596 quia
3299 527 3553 593 superius
3583 526 3733 578 dixit
3763 541 3803 579 a

525 610 636 674 lege
659 614 874 677 mortis,
905 615 986 665 vel
1011 616 1290 680 passiones
1314 618 1683 682 peccatorum,
1711 630 1828 682 qua:
1850 631 1951 682 per
1979 619 2145 682 legem
2177 622 2356 669 erant.
2383 603 2578 670 Absit!
2615 617 2721 670 Sed
2751 616 2804 669 6.
2837 620 3126 687 peccatum
3151 631 3263 669 non
3285 613 3535 684 cognovi,
3558 612 3664 666 nisi
3693 629 3808 684 per

522 695 706 766 legem
730 717 743 766 ;
788 715 920 752 nam
948 701 1474 772 concupiscentiam,
1506 705 1710 756 scilicet
1738 719 1842 755 esse
1861 709 2162 770 peccatum,
2195 703 2529 770 nesciebam,
2564 708 2644 759 vel
2675 721 2786 758 non
2817 721 2972 758 eram
3000 709 3250 773 expertus
3278 702 3388 756 nisi
3418 702 3508 756 lex
3534 702 3752 756 diceret
3786 719 3801 754 :

523 784 652 839 Non
679 789 1054 859 concupisces.
1096 790 1416 855 Occasione,
1449 791 1510 844 id
1536 795 1630 855 est,
1679 793 2104 858 opportunitate,
2139 797 2329 846 autem
2367 798 2614 864 accepta,
2644 798 2955 864 peccatum,
2998 794 3058 846 id
3085 797 3178 859 est,
3222 793 3390 860 fomes
3437 793 3656 860 peccati,
3691 807 3807 862 per

523 875 854 931 mandatum
882 876 934 932 7.
958 884 1252 950 operatum
1273 883 1359 933 est
1379 879 1439 932 in
1462 895 1551 932 me
1574 894 1799 931 omnem
1827 879 2349 950 concupiscentiam.
2374 878 2427 936 8.
2458 881 2589 934 Sine
2617 881 2738 951 lege
2764 881 2916 935 enim
2943 884 3235 952 peccatum
3257 883 3543 934 mortuum
3567 884 3712 932 erat.
3738 879 3799 934 9.

523 961 640 1032 Ego
669 971 858 1019 autem
887 967 1136 1020 vivebam
1182 969 1303 1021 sine
1344 967 1466 1037 lege
1512 966 1831 1036 aliquando.
1879 966 1976 1024 10.
2017 967 2126 1020 Sed
2167 985 2294 1022 cum
2323 970 2568 1024 venisset
2604 970 2956 1037 mandatum,
3002 973 3293 1041 peccatum
3325 967 3542 1021 revixit.
3579 966 3637 1023 11
3674 968 3805 1038 Ego

524 1057 714 1106 autem
744 1061 998 1110 mortuus
1018 1073 1165 1122 sum,
1192 1063 1248 1110 et
1275 1056 1564 1110 inventum
1585 1061 1672 1109 est
1698 1054 1836 1108 mihi
1859 1062 1984 1122 ππ
2005 1057 2353 1125 mandatum,
2388 1062 2446 1112 id
2473 1066 2568 1126 est,
2601 1062 2838 1128 cognitio
2863 1061 3141 1127 mandati,
3167 1058 3318 1129 quod
3347 1063 3469 1111 erat
3496 1056 3568 1110 ad
3594 1057 3798 1119 vitam,

523 1144 727 1195 scilicet
755 1148 977 1209 servati,
1010 1145 1113 1199 hoc
1140 1161 1262 1199 esse
1295 1146 1365 1199 ad
1394 1150 1655 1211 mortem,
1687 1148 1894 1199 scilicet
1938 1162 2050 1199 non
2088 1151 2312 1200 servati.
2342 1147 2432 1201 12.
2477 1149 2622 1202 Nam
2672 1153 2983 1219 peccatum,
3015 1149 3076 1202 id
3111 1153 3206 1214 est,
3247 1149 3420 1216 fomes
3454 1148 3677 1214 peccati,
3713 1149 3804 1200 vel

524 1229 774 1284 diabolus
802 1231 889 1288 13.
917 1235 1205 1288 occasione
1226 1241 1452 1306 accepta
1479 1251 1581 1305 per
1609 1234 1958 1300 mandatum,
1983 1235 2204 1290 seduxit
2227 1252 2336 1303 me,
2361 1241 2418 1289 et
2445 1252 2548 1306 per
2575 1236 2713 1290 illud
2737 1237 2956 1291 occidit.
2990 1236 3188 1305 Itaque
3213 1234 3300 1287 lex
3321 1234 3548 1305 quidem
3575 1239 3801 1298 sancta,

521 1321 579 1370 et
605 1319 931 1375 mandatum
965 1328 1242 1390 sanctum,
1279 1329 1339 1378 et
1376 1326 1590 1393 justum
1623 1329 1680 1377 et
1706 1323 1933 1378 bonum.
1970 1323 2130 1388 Quod
2171 1340 2304 1393 ergo
2335 1323 2543 1378 bonum
2574 1329 2678 1390 est,
2713 1324 2853 1378 mihi
2882 1324 3091 1378 factum
3122 1329 3208 1377 est
3233 1323 3426 1376 mors?
3453 1321 3647 1376 Absit!
3682 1321 3807 1376 Sed

520 1413 830 1479 peccatum,
849 1417 915 1466 ut
933 1416 1224 1482 appareat,
1251 1415 1455 1466 scilicet
1476 1416 1539 1466 in
1560 1429 1729 1480 opere,
1750 1416 1832 1466 vel
1857 1415 1990 1482 quia
2015 1413 2266 1467 diabolus
2287 1419 2381 1479 est,
2396 1419 2706 1484 peccatum,
2727 1429 2828 1485 per
2847 1413 3056 1468 bonum
3073 1418 3367 1484 operatum
3387 1417 3474 1465 est
3489 1410 3628 1464 mihi
3646 1426 3808 1464 mor—

520 1503 665 1552 tem:
689 1504 755 1553 ut
771 1501 872 1554 fiat
893 1499 974 1556 14.
994 1500 1084 1556 15.
1109 1517 1281 1572 supra
1300 1501 1530 1556 modum
1551 1517 1786 1572 peccans
1805 1506 2116 1572 peccatum,
2140 1504 2200 1556 id
2220 1508 2314 1568 est,
2331 1519 2434 1571 per
2445 1505 2960 1570 praevaricationem
2977 1504 3202 1570 peccati,
3227 1517 3327 1572 per
3343 1499 3694 1554 mandatum.
3708 1495 3802 1553 16.

521 1587 741 1644 Scimus
763 1588 911 1642 enim
950 1589 1083 1662 quia
1100 1589 1186 1642 lex
1206 1589 1513 1660 spiritualis
1535 1595 1640 1656 est,
1664 1591 1724 1643 id
1743 1596 1836 1656 est,
1865 1593 2131 1659 spiritum
2157 1593 2444 1655 nutriens;
2473 1606 2576 1664 ego
2606 1593 2794 1659 (causa
2813 1607 2916 1644 cur
2931 1596 3215 1663 peccatum
3237 1594 3525 1659 operatum
3549 1591 3622 1642 sit
3650 1590 3716 1640 in
3737 1602 3806 1640 eo

520 1678 777 1746 mortem)
805 1682 996 1731 autem
1023 1678 1262 1732 carnalis
1291 1695 1436 1745 sum,
1476 1679 1558 1736 17.
1589 1679 1938 1735 venundatus
1968 1679 2072 1734 sub
2101 1685 2349 1750 peccato.
2384 1679 2470 1736 18.
2517 1681 2672 1745 Quod
2703 1680 2853 1734 enim
2877 1697 3096 1754 operor,
3131 1678 3220 1736 19.
3254 1696 3368 1736 non
3396 1679 3684 1749 intelligo;
3727 1676 3810 1737 20

522 1779 636 1818 non
665 1765 834 1832 enim,
862 1769 1122 1835 expositio
1160 1770 1462 1836 superioris
1494 1783 1700 1834 versus,
1742 1768 1890 1838 quod
1936 1768 2059 1822 volo
2093 1767 2320 1834 bonum,
2348 1768 2454 1822 hoc
2481 1785 2623 1838 ago:
2661 1768 2760 1821 sed
2790 1769 2939 1839 quod
2969 1770 3061 1823 odi
3093 1768 3328 1835 malum,
3358 1768 3500 1822 illud
3526 1766 3688 1820 facio.
3740 1767 3805 1822 Si

521 1858 712 1907 autem
739 1852 828 1910 21.
849 1855 996 1925 quod
1016 1856 1144 1909 nolo
1174 1855 1309 1909 illud
1342 1856 1506 1921 facio,
1532 1856 1821 1910 consentio
1852 1856 1984 1926 legi,
2007 1856 2272 1926 quoniam
2295 1855 2443 1911 bona
2463 1862 2549 1910 est
2569 1895 2581 1908 .
2597 1854 2762 1910 Nunc
2788 1861 2980 1910 autem
3000 1859 3120 1926 jam
3147 1872 3261 1910 non
3282 1871 3384 1925 ego
3411 1871 3612 1927 operor
3630 1854 3803 1920 illud,

520 1942 622 2021 sed
653 1943 802 2014 quod
842 1944 1077 2011 habitat,
1109 1947 1555 2014 inseparabiliter
1583 1947 1832 2012 inhaeret,
1866 1945 1924 1999 in
1953 1961 2043 2000 me
2070 1950 2385 2017 peccatum,
2416 1947 2476 1999 id
2505 1951 2601 2011 est,
2632 1948 3071 2013 concupiscentia
3096 1948 3322 2015 peccati.
3354 1943 3447 2002 22.
3489 1944 3613 1998 Scio
3643 1943 3805 1998 enim

523 2031 655 2108 quia
692 2049 804 2088 non
847 2033 1063 2093 habitat
1108 2033 1165 2090 in
1211 2051 1320 2102 me,
1363 2035 1468 2090 hoc
1497 2040 1601 2105 est,
1633 2035 1691 2089 in
1727 2051 1894 2090 carne
1932 2051 2078 2102 mea,
2105 2034 2334 2090 bonum.
2367 2033 2459 2089 23.
2488 2033 2634 2088 Nam
2664 2033 2804 2088 velle
2833 2033 3054 2106 adjacet
3091 2033 3266 2101 mihi;
3308 2033 3578 2105 perlicere
3602 2037 3804 2088 autem

1855 2245 2440 2301 COMMENTARIUS.

594 2420 646 2475 6.
683 2424 968 2476 Peccatum
1005 2438 1116 2476 non
1169 2426 1410 2490 cognovi,
1471 2423 1528 2476 id
1575 2428 1679 2488 est,
1735 2427 1953 2478 tantam
1997 2422 2176 2488 vimA
2269 2423 2355 2477 15.
2383 2421 2589 2477 anrn.
2623 2423 2807 2491 Supra
2858 2424 3103 2500 inodum,
3149 2420 3206 2475 id
3251 2423 3357 2487 est,
3387 2419 3563 2476 valde.
3592 2417 3747 2473 Ordo
3784 2437 3796 2470 :

521 2510 984 2581 concupiscentiae
1011 2515 1176 2564 antea
1206 2526 1319 2564 non
1349 2527 1501 2566 eram
1529 2515 1813 2584 expertus,
1847 2517 2118 2583 quantam
2199 2517 2264 2566 ut
2301 2517 2610 2583 peccatum,
2657 2511 2884 2577 scilicet,
2937 2516 3166 2566 auctum
3213 2526 3316 2583 per
3351 2513 3660 2580 peccatum,
3696 2508 3808 2560 ﬁat

521 2603 756 2670 postea;
806 2599 954 2669 quod
1004 2599 1235 2669 cognovi
1283 2617 1403 2654 esse
1449 2601 1814 2672 prohibitum.
1847 2600 1969 2667 Vel,
2017 2616 2133 2670 nea
2201 2618 2373 2672 supra
2400 2601 2649 2654 modum.
2681 2600 2944 2666 Peccans,
2975 2598 3032 2652 id
3065 2604 3168 2665 est,
3198 2613 3433 2668 peccans
3461 2596 3531 2662 ei,
3562 2594 3804 2649 locutio-

524 2684 766 2739 sciebam
793 2687 1300 2758 concupiscentiam
1329 2705 1449 2742 esse
1477 2694 1788 2759 peccatum.
2201 2690 2290 2743 nis
2315 2689 2480 2744 modo
2505 2705 2615 2761 quo
2637 2688 2879 2760 qualitas
2903 2691 3131 2742 vocatur
3154 2686 3338 2757 quale,
3363 2702 3428 2739 eo
3450 2685 3599 2756 quod
3627 2684 3806 2739 faciat

597 2775 651 2830 7.
679 2777 927 2832 AMBROS.
962 2777 1257 2845 Operatu-m
1288 2783 1364 2830 est
1394 2781 1458 2830 in
1486 2794 1590 2832 me.
1629 2818 1642 2832 .
1688 2818 1701 2832 .
1749 2817 1760 2830 .
1807 2817 1819 2830 .
1868 2816 1880 2829 .
1913 2792 2037 2848 quae
2066 2779 2123 2829 et
2205 2779 2390 2850 quale.

525 2864 705 2933 ιθεθω
729 2864 1094 2919 transcendit
1478 2869 1486 2878 ’
2279 2865 2363 2923 16.
2395 2866 2612 2922 Scimus
2654 2869 2824 2921 enim.
2855 2864 3119 2921 Probatio
3148 2864 3296 2936 quod
3333 2863 3422 2917 lex
3451 2862 3664 2917 bonum
3694 2867 3808 2916 est.

595 2951 650 3010 8.
672 2955 918 3010 AUGUST.
939 2954 1170 3026 (Contra
1207 2957 1346 3010 duas
1394 2960 1547 3025 epist.
1572 2957 1752 3025 Pelag.
1775 2956 1849 3009 ad
1872 2955 2120 3023 Boni/ac.
2205 2956 2384 3011 Omne
2431 2956 2582 3010 enim
2623 2955 2935 3028 spirituale,
2964 2955 3021 3008 id
3061 2959 3167 3022 est,
3212 2953 3476 3025 spiritum
3518 2950 3806 3017 nutriens,

528 3033 624 3097 lib.
656 3057 694 3109 Ι,
728 3059 851 3114 cap.
881 3039 934 3110 9,
960 3049 1097 3098 tom.
1131 3044 1277 3112 VII.)
1303 3044 1436 3099 Sine
1479 3048 1590 3113 lege
1618 3047 1790 3100 enim.
1819 3043 2121 3098 Peccatum
2203 3044 2415 3099 bonum
2438 3054 2542 3101 est.

522 3137 812 3185 mortuum
847 3137 950 3198 est,
990 3149 1102 3186 non
1147 3133 1528 3206 intelligamus
1562 3133 1670 3188 nisi
1699 3139 1972 3206 tanquam
2004 3148 2121 3186 non
2281 3134 2364 3190 17.
2418 3137 2665 3190 AUGUs'r.
2716 3136 2832 3193 (lib.
2883 3133 3137 3188 LXXXIII
3180 3134 3398 3200 Quaest,
3461 3133 3657 3200 quaest.
3709 3124 3808 3197 66,

526 3219 637 3287 sit;
689 3219 846 3285 latet,
896 3236 1008 3274 non
1050 3228 1322 3292 apparet;
1374 3222 1599 3294 penitus
1643 3221 1956 3291 ignoratur,
1995 3225 2126 3274 tan-
2204 3227 2344 3278 tom.
2377 3223 2501 3294 IV.)
2539 3225 2907 3289 Venundatus,
2938 3222 2994 3275 id
3041 3226 3144 3289 est,
3183 3235 3417 3292 peccans
3443 3217 3624 3290 pretio
3653 3222 3810 3272 tem-

527 3324 698 3381 quam
740 3308 989 3364 innescio
1036 3309 1238 3381 quibus
1285 3311 1615 3382 ignorantiae
1662 3309 1909 3364 tenebris
1936 3307 2125 3378 sepul-
2205 3311 2484 3382 poralium
2516 3311 2884 3382 voluptatum.

525 3401 668 3452 tum.
2288 3398 2367 3457 18.
2402 3401 2606 3455 anrn.
2642 3402 2795 3468 Quod
2822 3403 2973 3454 enim
3001 3415 3212 3469 operor.
3239 3396 3500 3453 Probatio
3530 3396 3681 3467 quod
3707 3413 3811 3450 ve-

598 3483 653 3541 9.
686 3487 928 3542 AMBROS.
952 3488 1063 3556 Ego
1080 3493 1266 3542 autem
1288 3489 1553 3555 vivebam,
1563 3488 1697 3553 sine
1717 3486 1941 3551 timore,
1964 3500 2123 3539 secu-
2203 3490 2489 3544 nundatus
2529 3495 2615 3544 est
2655 3489 2758 3543 sub
2801 3494 3046 3560 peccato.
3081 3491 3147 3543 In
3174 3493 3397 3542 tantum
3426 3486 3576 3540 enim
3604 3501 3812 3556 pecca-

523 3583 623 3628 rus
646 3575 795 3645 quod
824 3592 938 3629 non
968 3582 1116 3631 esset
1141 3578 1290 3631 Deus
1316 3577 1688 3647 judicaturus.
2204 3584 2327 3633 tum
2352 3579 2696 3644 dominatur,
2723 3583 2789 3631 ut
2816 3583 3080 3648 operetur
3107 3577 3255 3647 quod
3284 3592 3398 3630 non
3425 3575 3562 3629 vult.

603 3662 687 3719 10.
715 3666 959 3719 AUGUST.
1003 3668 1097 3736 (De
1144 3668 1294 3721 Verb.
1333 3668 1521 3735 Apost.
1581 3682 1752 3721 serm.
1782 3665 1835 3730 5,
1875 3681 1994 3736 cap-
2024 3679 2117 3732 vn,
2271 3667 2362 3722 19.
2392 3669 2516 3722 Non
2548 3670 2820 3734 intelligo.
2849 3668 3154 3736 Acceptum
3186 3681 3298 3718 non
3335 3662 3534 3731 habeo,
3567 3662 3715 3716 sicut
3746 3662 3812 3716 in

527 3738 667 3807 tom.
699 3753 792 3822 Χ.)
821 3752 926 3808 Sed
954 3771 1080 3809 cum
1107 3757 1356 3812 venisset.
1393 3755 1537 3818 Quid
1565 3761 1669 3821 est,
1702 3754 1901 3808 revixit
1927 3749 2418 3829 pecca-Bpsalmo
2441 3769 2453 3804 :
2480 3758 2731 3824 Intellige
2759 3757 3058 3808 clamorem
3086 3770 3298 3812 meum,

526 3843 691 3897 tum?
731 3859 1004 3915 apparere
1041 3843 1228 3916 caepit,
1273 3843 1542 3898 rebellare
1582 3844 1848 3898 adversus
1891 3859 1982 3896 me
2011 3859 2122 3896 cce-
2270 3846 2361 3901 20.
2392 3847 2636 3900 AUGUST.
2665 3845 2779 3914 (lib.
2799 3843 2978 3898 Serm.
3004 3845 3067 3897 de
3089 3849 3275 3911 temp.,
3301 3838 3575 3906 serm.45,
3601 3856 3725 3910 cap.
3747 3838 3810 3906 6)

528 3931 633 4002 Ρίίο
2205 3937 2329 3992 Non
2357 3939 2509 3990 enim
2537 3936 2681 4004 quod
2718 3937 2856 4000 volo,
2888 3933 2946 3986 id
2993 3937 3097 4000 est,
3130 3931 3260 3986 nolo
3304 3929 3714 4001 concupiscere,
3748 3937 3814 3983 et

605 4021 689 4078 11.
721 4024 899 4093 (ibid).
932 4025 1040 4092 Ego
1067 4029 1253 4078 autem
1280 4030 1554 4091 mortuus,
1584 4022 1642 4077 id
1668 4026 1774 4093 est,
1804 4022 2126 4093 praevarica-
2207 4024 2559 4096 concupisco.

528 4113 621 4164 tor
646 4111 825 4165 factus
852 4128 995 4166 sum.
2273 4114 2364 4168 21.
2396 4115 2602 4169 Laure.
2663 4114 2815 4182 Quod
2859 4114 3002 4166 nolo.
3061 4111 3141 4164 De
3196 4107 3646 4180 concupiscentia
3700 4111 3813 4160 hoc

606 4197 693 4254 12·
728 4201 940 4268 (θηεδίο
965 4202 1038 4255 83
1067 4203 1186 4268 lib"
1212 4205 1408 4271 quaest-
1442 4198 1530 4267 66,
1553 4199 1826 4263 tom-IV-l
1852 4200 1996 4254 Nam
2008 4216 2127 4269 pec-
2206 4203 2633 4273 intelligendum
2680 4207 2785 4258 est.
2835 4199 3006 4264 Quasi
3046 4199 3259 4253 diceret
3300 4217 3311 4252 :
3361 4199 3561 4252 vellem
3609 4211 3811 4249 cavere

531 4293 738 4345 catum.
787 4289 948 4353 Quod
995 4294 1185 4343 autem
1225 4290 1306 4343 ait
1356 4309 1367 4344 :
1421 4289 1638 4344 Fefellit
1679 4305 1770 4343 me
1811 4294 2120 4360 peccatum,
2206 4291 2735 4363 concupiscentiam,
2767 4295 2824 4344 et
2851 4306 2964 4344 non
2988 4305 3246 4360 possum.

531 4377 818 4432 occasione
849 4383 1078 4448 accepta
1103 4395 1205 4448 per
1234 4379 1602 4449 mandatum;
1640 4379 1754 4432 sive
1783 4378 1915 4450 quia
1935 4377 2124 4433 suasio
2276 4381 2367 4436 22.
2400 4381 2522 4435 Scio
2560 4384 2734 4438 enim.
2774 4380 2883 4435 Per
2931 4377 3268 4432 ablutionem
3318 4376 3486 4430 unius
3535 4375 3810 4429 contrarii

528 4467 916 4523 delectationis
961 4467 1032 4520 ad
1073 4473 1363 4538 peccatum
1410 4469 1793 4523 vehementior
1837 4474 1942 4532 est,
1992 4485 2120 4522 cum
2205 4487 2362 4525 more
2390 4485 2491 4523 suo
2521 4469 2720 4540 probat
2763 4469 3025 4524 alterum.
3062 4467 3208 4531 Quia
3253 4466 3314 4520 in
3351 4465 3624 4535 religione
3651 4464 3810 4517 chri-

530 4556 692 4610 adest
719 4555 1042 4627 prohibitio,
1064 4557 1180 4610 sive
1202 4557 1334 4628 quia
1351 4557 1520 4612 etiam
1544 4558 1592 4612 si
1618 4558 1752 4628 quid
1781 4559 1948 4611 homo
1974 4557 2120 4612 fece-
2202 4559 2406 4625 stiana,
2439 4558 2767 4612 immediate
2810 4562 2943 4611 sunt
2979 4556 3190 4610 bonum
3238 4559 3296 4608 et
3341 4554 3571 4607 malum.
3606 4552 3812 4606 Omnis

527 4646 606 4702 rit
633 4645 940 4700 secundum
981 4645 1142 4715 jussa
1185 4646 1342 4715 legis,
1378 4646 1427 4700 si
1474 4647 1655 4700 adhuc
1691 4663 1803 4700 non
1841 4646 1917 4699 sit
1959 4646 2118 4712 fides,
2204 4647 2355 4701 enim
2378 4647 2566 4713 homo,
2599 4645 2906 4700 secundum
2928 4643 3257 4713 religionem
3285 4641 3672 4705 Christianam,
3704 4646 3815 4693 aut.

530 4751 654 4807 quae
697 4735 920 4805 integra
947 4738 1051 4801 est,
1091 4735 1207 4788 vult
1253 4735 1358 4789 sibi
1394 4735 1724 4804 retribuere,
1757 4752 1870 4790 non
1897 4737 2033 4801 Deo,
2067 4739 2124 4789 et
2204 4736 2404 4802 bonus,
2438 4742 2538 4789 aut
2565 4736 2748 4788 malus
2774 4738 2879 4788 est.

525 4825 900 4896 superbiendo
927 4828 1052 4899 plus
1078 4831 1288 4898 peccat.
2275 4823 2366 4881 23.
2419 4827 2566 4879 Nam
2621 4827 2754 4878 velle
2799 4824 3028 4892 adiacet.
3071 4820 3334 4876 Probatio
3385 4818 3531 4890 quod
3591 4814 3812 4872 bonum

597 4913 692 4972 13.
740 4917 986 4972 Aunnos.
1040 4918 1323 4972 Occasione
1369 4920 1603 4984 accepta.
1649 4915 1946 4968 Peccatum
1991 4911 2127 4965 dicit
2206 4931 2320 4968 non
2347 4913 2564 4967 habitet
2583 4913 2641 4966 in
2670 4927 2837 4965 carne
2863 4928 2984 4965 sua.
3019 4911 3198 4965 Omne
3227 4910 3376 4963 enim
3417 4907 3622 4961 bonum
3655 4907 3810 4976 quod

525 5005 837 5074 diabolum,
890 5007 987 5078 qui
1043 5007 1294 5061 invidens
1357 5005 1589 5071 homini,
1650 5022 1817 5076 quem
1883 4989 2184 5056 habebatc
2206 5003 2266 5057 in
2293 5003 2522 5056 homine
2551 5007 2654 5068 est,
2694 5007 2794 5056 aut
2819 5000 2968 5055 bona
2993 5001 3272 5064 voluntas,
3308 5003 3408 5052 aut
3433 4996 3581 5050 bona
3603 5010 3813 5065 opera-

521 5096 811 5166 provisum
840 5113 942 5167 per
967 5097 1151 5166 legem
1190 5095 1416 5161 exarsit,
1447 5099 1512 5148 ut
1548 5093 1630 5147 illi
1666 5094 1850 5163 legem
1879 5091 2122 5144 inverte-
2205 5092 2306 5146 tio.
2341 5091 2448 5145 Sed
2477 5091 2637 5155 velle,
2667 5090 2872 5161 inquit,
2893 5089 3104 5144 bonum
3125 5105 3238 5142 non
3263 5091 3352 5140 est
3379 5085 3438 5139 in
3458 5099 3625 5138 carne
3653 5098 3810 5137 mea.

495 5185 632 5250 ‘ret,
667 5187 764 5258 qui
813 5192 946 5241 ante
993 5187 1176 5256 legem
1208 5186 1368 5257 quasi
1397 5191 1654 5240 mortuus
1701 5189 1839 5249 erat,
1883 5181 2017 5252 quia
2052 5178 2122 5232 ab
2206 5180 2288 5234 Ex
2332 5179 2619 5233 vicinitate
2667 5179 2817 5233 enim
2866 5179 3069 5232 animae
3116 5177 3355 5247 adjacet,
3387 5174 3446 5228 id
3493 5176 3580 5226 est
3605 5171 3808 5225 vitium

522 5275 784 5331 illusione
813 5275 1090 5330 cessabat.
2205 5268 2313 5322 sibi
2341 5273 2443 5322 est.
2494 5269 2767 5323 Perﬁcere
2811 5276 3001 5323 autem
3039 5267 3274 5335 bonum,
3299 5264 3358 5318 id
3406 5267 3493 5317 est
3521 5260 3811 5333 operatio-

595 5364 680 5421 14.
711 5368 960 5422 Auaus'r.
1013 5366 1199 5429 (BEDA.
1240 5369 1305 5420 in
1344 5381 1463 5434 cap.
1501 5366 1556 5429 8,
1610 5365 1683 5416 ad
1716 5363 1888 5432 Rom.)
1932 5361 2121 5431 Supra
2203 5375 2334 5412 nem
2361 5359 2567 5413 bonam
2594 5375 2708 5412 non
2731 5358 2952 5412 invenio
2990 5357 3050 5410 in
3075 5373 3144 5410 ea
3170 5354 3444 5409 habitare.
3476 5352 3604 5406 Non
3628 5349 3816 5420 igitur

522 5455 748 5508 modum
765 5471 1010 5523 peccans.
1034 5455 1176 5519 Quia
1195 5455 1366 5509 etiam
1387 5459 1447 5508 et
1464 5450 2120 5524 praevaricatio.Quando
2202 5449 2413 5502 bonum
2458 5447 2618 5514 mihi,
2667 5447 2725 5500 id
2769 5452 2856 5500 est
2895 5446 3054 5500 carni
3097 5461 3270 5512 meae;
3311 5459 3424 5497 non
3461 5440 3614 5494 enim
3656 5441 3810 5509 quod

522 5543 676 5597 enim
739 5543 1102 5616 delinquebat
1166 5545 1289 5599 sine
1359 5543 1644 5605 mandato,
1721 5539 1906 5594 minus
1977 5545 2118 5594 erat.
2202 5538 2440 5593 volo.....
2476 5557 2488 5594 :
2519 5537 2693 5601 Quasi
2721 5536 2933 5590 diceret
2965 5554 2978 5588 :
3012 5534 3223 5589 bonum
3252 5548 3367 5588 non
3393 5529 3616 5586 invenio
3642 5526 3813 5583 habi-

521 5631 755 5695 Quando
803 5632 1035 5704 deliquit
1081 5649 1184 5704 per
1229 5632 1582 5696 mandatum,
1624 5627 1842 5682 excedit
1868 5628 2119 5683 modum.
2203 5632 2348 5694 tare,
2378 5627 2476 5681 sed
2505 5626 2719 5681 malum
2747 5625 2898 5697 quod
2927 5641 3053 5693 ago.
