3952 6352
202 327 293 386 129
899 334 979 389 ΙΝ
1013 335 1083 390 D.
1122 334 1339 407 PAULI
1379 334 1606 392 EPIST.
1645 336 2019 392 COMMENT.
2063 365 2131 379 --
2170 338 2395 396 EPIST.
2432 342 2531 397 AD
2569 342 2744 398 ROM.
3338 350 3447 412 130

198 450 409 520 bonum,
444 469 564 509 non
586 454 832 513 invenio.
869 456 997 513 Non
1016 457 1169 513 enim
1191 458 1341 530 quod
1363 459 1488 514 volo
1506 458 1739 527 bonum,
1771 460 1879 516 hoc
1907 461 2073 530 facio;
2105 463 2202 517 sed
2236 464 2386 535 quod
2407 465 2537 520 nolo
2569 464 2803 531 malum,
2825 464 2932 520 hoc
2957 482 3092 538 ago.
3136 467 3226 526 24.
3261 472 3321 529 Si
3349 491 3446 530 au-

196 548 297 597 tem
323 543 473 614 quod
500 544 652 611 nolo,
678 543 820 599 illud
846 545 1017 609 facio;
1043 547 1164 617 jam
1193 563 1305 602 non
1338 564 1442 619 ego
1470 565 1673 620 operor
1698 548 1861 616 illud,
1888 547 1988 608 25.
2029 552 2129 606 sed
2159 553 2309 623 quod
2351 553 2571 608 habitat
2598 553 2658 609 in
2688 570 2797 620 me,
2824 561 3135 627 peccatum.
3168 558 3257 615 26.
3290 563 3446 619 Inve-

197 632 277 685 nio
302 630 474 702 igitur
494 629 593 688 27.
618 633 821 702 legem,
860 638 984 700 28
1006 632 1104 693 28.
1128 636 1335 690 volenti
1363 636 1504 690 mihi
1534 638 1719 691 facere
1745 635 1978 703 bonum,
2008 639 2199 705 (causa
2220 657 2323 694 cur
2339 643 2545 696 dizcerit
2573 646 2820 712 volenti,)
2854 646 3120 716 quoniam
3152 651 3293 705 mihi
3322 668 3446 706 ma-

198 720 301 774 lum
330 720 556 790 adjacet
587 739 601 774 :
632 719 722 778 29.
753 723 1108 779 condelector
1134 724 1285 779 enim
1313 725 1427 796 legi
1453 725 1556 780 Dei
1602 726 1913 781 secundum
1957 726 2287 785 interiorem
2332 730 2622 786 hominem
2668 753 2681 786 :
2730 733 2888 789 video
2918 740 3111 791 autem
3156 737 3245 796 30.
3276 740 3447 797 aliam

198 810 355 879 legem
404 808 467 862 in
521 809 796 865 membris
830 812 992 875 meis,
1039 817 1448 884 repugnantem
1504 812 1593 870 31.
1642 815 1757 885 legi
1811 814 2017 869 mentis
2061 833 2225 881 meae,
2276 822 2335 873 et
2377 821 2754 890 captivantem
2800 840 2891 878 me
2937 824 2997 879 in
3048 826 3174 897 lege
3208 831 3444 900 peccati,

197 914 304 968 qua:
328 902 414 952 est
440 897 504 952 in
539 899 814 954 membris
852 900 1018 958 meis.
1052 900 1151 961 32.
1181 901 1380 958 Infelix
1401 918 1504 974 ego
1530 903 1728 957 homo!
1753 903 1880 975 quis
1898 919 1991 959 me
2017 903 2279 960 liberabit
2304 906 2375 961 de
2403 924 2637 981 corpore
2672 912 2870 966 mortis
2900 913 3106 984 hujus?
3125 897 3322 973 Gratia
3343 919 3447 976 Dei

196 986 489 1057 perlesum
510 987 805 1044 Christum
833 989 1137 1045 Dominum
1159 995 1437 1051 nostrum.
1461 991 1644 1062 Igitur
1667 1008 1771 1064 ego
1798 992 1921 1065 ipse
1938 998 2129 1048 mente
2155 994 2336 1050 servio
2354 996 2468 1068 legi
2489 998 2625 1068 Dei;
2651 1016 2820 1057 carne
2839 1009 3055 1072 autem,
3078 1004 3192 1078 legi
3211 1008 3446 1080 peccati.

1593 1143 1829 1199 CAPUT
1860 1143 1988 1201 VIII
1999 1188 2016 1202 .

254 1264 401 1320 Nihil
427 1280 573 1336 ergo
602 1279 771 1332 nunc,
794 1267 857 1320 id
883 1271 977 1333 est,
1007 1266 1074 1321 in
1102 1266 1199 1321 hoc
1227 1270 1463 1337 tempore
1484 1270 1699 1336 gratias,
1733 1267 2115 1324 damnationis
2144 1274 2233 1326 est
2257 1271 2326 1326 iis
2356 1272 2452 1344 qui
2480 1279 2617 1330 sunt
2638 1274 2697 1329 in
2730 1262 2955 1334 Christo
2990 1281 3147 1354 Jesu,
3178 1287 3239 1340 id
3264 1292 3360 1355 est,
3381 1289 3447 1344 in

196 1356 284 1439 {ide
303 1359 350 1409 et
369 1357 654 1410 manoria
681 1359 818 1425 ejus,
848 1355 946 1427 qui
981 1371 1096 1410 non
1123 1357 1434 1411 secundum
1464 1372 1692 1412 carnem
1720 1357 2015 1447 ambulant
2046 1358 2095 1425 1,
2122 1357 2185 1417 2.
2218 1360 2332 1415 Lex
2368 1362 2519 1417 enim
2547 1362 2777 1435 spiritus
2805 1366 2934 1423 vitae
2954 1368 3012 1424 in
3042 1370 3263 1429 Christo
3288 1376 3442 1447 Jesu,

198 1430 249 1496 itl
270 1446 359 1508 est,
394 1444 461 1496 in
497 1445 695 1511 gratia
744 1444 956 1499 Christi
1006 1446 1158 1514 Jesu,
1186 1450 1237 1498 et
1264 1448 1537 1500 memoria
1572 1449 1710 1516 ejus,
1758 1445 2020 1502 liberavit
2065 1464 2102 1502 a
2154 1448 2298 1519 lege,
2340 1451 2401 1504 id
2442 1456 2519 1505 est
2554 1430 2828 1522 suasione,
2870 1460 3087 1528 peccati
3122 1466 3180 1516 et
3213 1430 3439 1524 mortis:

197 1528 241 1586 3.
267 1531 409 1584 Nam
454 1530 615 1603 quod
655 1530 1002 1603 impossibile
1047 1538 1172 1588 erat
1197 1532 1328 1604 legi,
1361 1533 1421 1588 in
1471 1550 1581 1606 quo
1629 1534 2027 1590 inﬁrmabatur
2058 1551 2160 1607 per
2207 1553 2454 1606 carnem,
2488 1540 2638 1595 Deus
2675 1541 2882 1599 Filium
2915 1563 3083 1603 suum
3123 1550 3354 1607 mittens
3388 1554 3452 1613 in

196 1617 610 1675 similitudinem
638 1621 824 1675 carnis
851 1622 1082 1693 peccati,
1100 1620 1155 1679 4.
1189 1623 1248 1680 5.
1274 1627 1333 1677 et
1357 1623 1428 1677 de
1450 1628 1678 1694 peccato
1710 1623 1996 1679 damnavit
2019 1630 2332 1695 peccatum,
2352 1630 2415 1682 id
2439 1636 2534 1698 cst,
2556 1635 2671 1686 vim
2691 1638 3154 1706 concupiscentia,
3179 1640 3240 1695 in
3259 1658 3446 1716 carne,

194 1709 381 1761 scilicet
398 1708 679 1775 ﬁdelium,
710 1712 775 1763 ut
796 1709 1127 1780 justiﬁcatio
1153 1710 1294 1781 legis
1321 1710 1654 1783 impleretur
1677 1710 1737 1765 in
1764 1711 1944 1778 nobis,
1974 1715 2035 1768 id
2063 1720 2161 1781 est,
2192 1720 2328 1785 quia
2357 1718 2444 1773 lea;
2462 1724 2841 1792 promittebat,
2870 1726 2966 1796 qui
3004 1743 3119 1783 non
3144 1708 3455 1789 secundum

196 1810 402 1850 carnem
428 1796 495 1850 id
522 1801 624 1864 est,
651 1800 904 1852 carnales
927 1799 1317 1866 observantias,
1344 1802 1430 1854 vel
1456 1800 1730 1854 desideria
1749 1802 1958 1867 carnis,
1981 1801 2358 1871 ambulamus,
2381 1807 2481 1861 sed
2503 1811 2813 1866 secundum
2833 1814 3115 1885 spiritum,
3140 1820 3201 1873 id
3219 1826 3312 1889 est,
3335 1824 3455 1892 spi-

200 1887 445 1939 ritualem
466 1886 930 1953 intelligentiam,
953 1886 1037 1941 vel
1057 1901 1219 1954 opera
1248 1888 1508 1955 spiritus.
1540 1882 1595 1942 6.
1624 1887 1733 1950 Qui
1762 1888 1913 1942 enim
1942 1892 2251 1947 secundum
2275 1910 2503 1951 carnem
2525 1904 2678 1964 sunt,
2697 1917 2820 1971 qua:
2843 1882 3028 1960 carnis
3042 1882 3177 1962 sunt
3195 1882 3451 1981 sapiunt;

200 1972 283 2043 qui
304 1989 441 2028 vero
469 1971 529 2029 7.
563 1973 876 2029 secundum
903 1973 1165 2046 spiritum
1194 1979 1346 2041 sunt,
1379 1990 1503 2046 quae
1526 1978 1661 2029 sunt
1687 1975 1919 2047 spiritus
1937 1978 2208 2034 sentiunt.
2227 1983 2404 2051 {Ratio
2432 2001 2538 2039 cur
2558 2003 2672 2042 non
2691 1990 2977 2047 ambulent
3002 1971 3305 2051 secundum
3326 1971 3456 2055 car:-

203 2077 331 2128 ηοω,
349 2064 441 2117 sed
457 2063 770 2117 secundum
785 2062 1091 2135 spiritum).
1121 2063 1268 2118 Nam
1290 2063 1592 2159 prudentia
1616 2063 1820 2131 carnis,
1847 2081 1999 2119 mors
2028 2073 2140 2136 est;
2172 2070 2475 2159 prudentia
2502 2078 2689 2130 autem
2702 2081 2826 2143 24
2837 2080 3088 2152 spiritus,
3115 2083 3229 2140 vita
3247 2092 3306 2141 et
3324 2103 3455 2159 pax.

204 2150 469 2214 Quoniam
498 2148 785 2223 sapientia
803 2152 989 2206 carnis
1016 2151 1246 2207 inimica
1274 2157 1363 2207 est
1386 2153 1503 2207 Deo
1524 2150 1608 2209 :8.
1627 2152 1764 2224 Legi
1786 2153 1937 2209 enim
1962 2156 2064 2211 Dei
2084 2173 2195 2212 non
2216 2164 2302 2214 est
2330 2158 2603 2232 subjecta,
2626 2181 2730 2220 nec
2743 2148 2895 2222 enim
2916 2175 3119 2241 potest.
3136 2172 3246 2238 Qui
3260 2148 3454 2234 autem

204 2239 256 2294 in
282 2257 444 2295 carne
462 2245 623 2309 sunt,
646 2240 770 2296 Deo
797 2241 1017 2313 placere
1046 2257 1160 2296 non
1193 2247 1448 2314 possunt.
1478 2242 1592 2297 Vos
1618 2246 1809 2296 autem
1837 2241 1898 2296 in
1926 2259 2095 2299 carne
2122 2262 2237 2301 non
2266 2248 2422 2332 estis,
2444 2251 2545 2306 sed
2571 2252 2631 2307 in
2656 2254 2891 2325 spiritu;
2918 2239 2972 2312 si
2997 2263 3192 2316 tamen
3212 2263 3457 2335 Spiritus

201 2328 292 2383 Dei
317 2330 537 2385 habitat
568 2331 630 2385 in
658 2330 836 2387 vobis.
869 2329 930 2388 Si
957 2330 1083 2402 quis
1110 2335 1300 2420 autem
1338 2328 1611 2403 spiritum
1642 2330 1853 2386 Christi
1890 2347 2005 2387 non
2033 2333 2223 2403 habet,
2241 2328 2330 2392 hic
2358 2353 2473 2395 non
2495 2345 2583 2396 est
2607 2343 2750 2414 ejus.
2790 2345 2849 2400 Si
2877 2352 3069 2403 autem
3090 2328 3362 2420 Christus,
3394 2356 3459 2410 id

205 2423 268 2475 est
296 2434 454 2474 amor
481 2419 717 2488 Christi,
740 2418 802 2473 in
827 2418 984 2473 vobis
1011 2425 1116 2487 est,
1135 2418 1198 2477 9.
1231 2435 1453 2491 corpus,
1481 2420 1543 2473 id
1565 2424 1642 2473 est
1660 2425 2099 2490 concupiscentia
2122 2430 2385 2495 corporis,
2410 2433 2616 2485 scilicet
2630 2438 2892 2503 vestrum,
2919 2438 3145 2509 quidem
3166 2418 3458 2501 mortuum

206 2512 280 2561 est
301 2511 533 2579 propter
547 2512 863 2579 peccatum,
890 2510 956 2562 in
981 2525 1035 2562 se
1057 2509 1315 2575 deletum,
1338 2507 1570 2602 spiritus
1599 2524 1732 2602 vero
1760 2509 1897 2602 vivit
1919 2517 2151 2583 propter
2162 2515 2721 2589 justiﬂcationem,id
2739 2529 2831 2590 est,
2857 2507 3084 2596 propter
3106 2542 3271 2600 opera
3287 2536 3460 2602 justi.

208 2596 283 2649 tia:
304 2612 418 2665 qua
445 2599 685 2653 exercet.
724 2594 886 2660 Quod
925 2595 974 2650 si
1002 2595 1236 2668 spiritus
1269 2596 1409 2667 ejus,
1441 2595 1539 2668 qui
1568 2596 1863 2652 suscitavit
1897 2599 2091 2656 Jesum
2118 2618 2155 2656 a
2182 2605 2441 2674 mortuis,
2472 2606 2692 2664 habitat
2715 2609 2775 2665 in
2811 2594 2998 2684 vobis;
3036 2594 3152 2688 qui"
3169 2594 3461 2680 suscitavit

264 2822 345 2882 2i.
391 2826 656 2882 Avocat.
714 2825 819 2913 7(lib
873 2830 1067 2881 contra
1100 2827 1240 2881 duas
1279 2829 1435 2897 epist.
1476 2829 1662 2895 Pelag.
1715 2827 1994 2899 aquuae
2020 2837 2106 2886 est
2145 2833 2377 2904 spiritus
2411 2838 2556 2904 vitae,
2588 2856 2691 2910 per
2728 2844 2975 2913 gratiam
3002 2848 3136 2904 Jesu
3164 2849 3375 2907 Christi
3402 2857 3463 2910 et

212 2914 394 2981 Boni/2,
428 2932 483 2985 q.
528 2914 581 2980 1,
615 2931 665 2967 c.
709 2912 789 2979 ιο,
820 2918 959 2969 tom.
1001 2914 1130 2982 VII)
1157 2916 1222 2971 Si
1248 2920 1435 2970 autem
1463 2919 1607 2985 quod
1638 2919 1780 2971 nolo.
1868 2934 1970 2987 per
2004 2923 2333 3008 memoriam
2371 2927 2491 2995 ejus
2519 2912 2782 2985 liberabit
2822 2949 2919 2987 eos
2946 2951 2982 2989 a
3013 2936 3136 3007 lege
3164 2942 3376 3008 peccati
3402 2947 3463 2999 et

209 2999 321 3056 Ideo
338 3002 632 3057 consentio
653 3002 766 3073 legi
786 3003 934 3074 quod
966 3019 1081 3057 non
1103 3005 1241 3061 vult.

267 3089 349 3146 25.
384 3092 638 3146 ΑΜΒιιοε.
670 3089 775 3145 Sed
801 3093 944 3160 quod
979 3092 1276 3147 inhabitat.
1308 3094 1437 3163 Ipsa
1478 3095 1629 3149 enim
1658 3113 1789 3167 pec-

212 3178 305 3233 cati
342 3180 650 3253 corruptio,
706 3196 810 3251 per
863 3179 1243 3237 conditionem
1293 3182 1616 3239 otfensionis
1662 3200 1786 3238 ma-

212 3272 296 3322 net
317 3267 374 3324 in
400 3286 661 3342 corpore.

270 3354 354 3411 26.
384 3356 595 3412 Lara.
644 3357 872 3411 Invenio
899 3372 1044 3426 ergo.
1093 3356 1391 3414 Concludit
1430 3360 1581 3431 quod
1628 3376 1790 3433 supe-

215 3441 315 3498 rius
340 3444 697 3517 quazrebatur
723 3448 782 3499 et
803 3443 1101 3516 probatum
1130 3450 1236 3515 est,
1287 3446 1473 3518 legem
1523 3464 1647 3503 esse
1684 3448 1787 3503 bo-

214 3546 352 3599 num,
377 3533 426 3590 si
442 3540 642 3590 tamen
671 3532 879 3589 bonum
907 3533 1068 3592 velit.

271 3619 352 3677 27.
385 3624 574 3693 Legem
627 3622 824 3677 Ordo:
873 3621 1094 3678 invenio
1139 3625 1323 3696 legem
1368 3624 1600 3693 bonum,
1651 3625 1789 3681 mihi

219 3706 399 3765 volenti
424 3712 613 3767 tacere
639 3710 871 3766 bonum.
904 3711 1075 3775 Quasi
1103 3711 1317 3768 diceret
1345 3732 1358 3767 :
1392 3713 1444 3768 si
1487 3712 1633 3768 bona
1659 3730 1784 3785 ago,

219 3795 293 3851 lex
314 3798 447 3854 mihi
463 3800 618 3855 bona
643 3805 759 3868 est;
784 3799 832 3854 si
859 3816 990 3854 vero
1018 3801 1187 3868 mala,
1219 3800 1307 3855 lex
1336 3801 1476 3856 mihi
1504 3819 1658 3858 mors
1680 3806 1785 3857 est.

275 3883 359 3943 ‘28.
401 3889 609 3945 Valenti
657 3889 818 3943 mihi.
869 3888 1136 3945 Voluntas
1187 3888 1390 3944 animae
1444 3896 1548 3957 est,
1582 3908 1704 3963 quae
1730 3891 1829 3945 in-

224 3972 322 4030 Deo
358 3975 571 4033 bonum
601 3977 719 4032 vult
760 3977 966 4043 facere,
1012 3983 1079 4033 ut
1104 3979 1318 4034 malum
1345 3980 1609 4052 expellat,
1641 3980 1791 4052 quod

224 4060 315 4117 sibi
338 4065 554 4136 adiacet
573 4082 640 4121 ex
667 4065 951 4120 vicinitate
978 4067 1181 4123 carnis.

283 4150 362 4208 29.
388 4155 751 4211 Condelector.
782 4155 888 4209 Hic
912 4161 1108 4226 aperte
1132 4156 1363 4228 exponit
1383 4174 1507 4230 quae
1534 4157 1792 4230 superius
1809 4171 1860 4234 Β

227 4239 397 4297 multis
423 4242 608 4299 modis
632 4241 867 4299 obscure
893 4243 1054 4312 dixit,
1084 4250 1144 4300 et
1167 4244 1413 4302 maxime
1437 4246 1793 4319 superiorem

229 4341 443 4388 Versum.

256 4344 583 4478 exilium
612 4425 801 4491 legem.
843 4421 1030 4479 Aliam
1055 4423 1240 4496 legem
1268 4423 1360 4480 hic
1388 4429 1566 4493 vocat,
1598 4425 1794 4481 horta-

232 4512 398 4564 menta
430 4510 933 4583 concupiscentiae;
966 4528 1089 4584 quae
1118 4513 1281 4585 quasi
1312 4513 1556 4587 imperat
1579 4514 1796 4571 homini

290 4640 509 4739 fﬁgi
528 4672 730 4727 mentis
750 4645 1077 4730 meatMens
1088 4670 1252 4744 jubet
1275 4690 1312 4729 a
1329 4671 1493 4729 malis
1515 4673 1799 4731 discedere

235 4757 284 4806 et
304 4753 437 4812 bona
463 4758 669 4826 facere,
700 4763 758 4814 et
785 4758 903 4816 haec
930 4765 1015 4817 est
1044 4762 1133 4817 lex
1158 4758 1300 4834 ejus.

295 4840 372 4900 32.
393 4846 778 4903 Aususmms.
804 4850 910 4921 (De
947 4848 1094 4906 verb.
1123 4854 1295 4921 apost.
1328 4866 1498 4907 serm.
1534 4853 1589 4917 6,
1628 4869 1676 4908 c.
1711 4848 1799 4920 1‘2,

238 4932 354 4986 tom.
380 4934 487 5007 X.)
510 4937 722 5005 Infelix
738 4953 833 5006 ego
850 4938 1012 4994 homo
1026 4942 1046 4993 I
1060 4928 1169 5007 Sic,
1190 4936 1272 4993 sic
1290 4936 1618 4996 liberaberis
1638 4957 1673 4995 a
1687 4957 1804 4995 cor-

240 5034 354 5088 pore
388 5023 584 5079 mortis
606 5025 795 5095 hujus,
844 5031 909 5082 ut
935 5027 1174 5084 mortale
1201 5027 1308 5084 hoc
1352 5027 1553 5085 induat
1577 5029 1807 5085 immor-

243 5107 573 5181 talitatem,et
589 5113 949 5186 corruptibile
969 5115 1076 5171 hoc
1088 5115 1290 5172 induat
1306 5115 1803 5190 incorruptionem.

302 5196 450 5261 CAP.
485 5200 645 5260 VIII.
695 5231 764 5246 -
801 5200 854 5262 1.
901 5203 1156 5264 Alanos.
1199 5206 1299 5262 Lee:
1345 5208 1494 5262 enim
1546 5210 1801 5278 spiritus.

250 5282 368 5348 Quia
390 5290 541 5361 prior
579 5291 669 5347 lex
699 5290 770 5347 ab
794 5307 986 5350 errore
1012 5295 1162 5350 malo
1185 5294 1417 5354 imbuit.
1454 5286 1599 5352 Haec.
1614 5291 1807 5352 autem

249 5388 356 5429 cum
372 5393 467 5435 nec
493 5380 553 5436 in
581 5381 750 5438 corde
775 5397 1007 5454 peccare
1034 5383 1170 5440 dicit
1197 5383 1420 5454 debere,
1450 5384 1541 5440 lex
1576 5384 1808 5458 spiritus

251 5469 467 5536 Vocetur,
494 5475 561 5525 ut
582 5474 771 5526 totum
805 5471 977 5528 faciat
1002 5472 1291 5548 hominem
1318 5472 1696 5547 spiritualem.

310 5549 359 5607 2ο
384 5555 591 5615 Μυκη.
619 5559 726 5616 Lee:
752 5563 903 5617 enim
928 5565 1181 5632 spiritus.
1223 5564 1409 5623 Causa
1447 5581 1549 5621 cur
1581 5581 1697 5621 non
1730 5582 1816 5621 se-

1868 3007 2085 3076 mortis,
2116 3009 2175 3064 id
2203 3017 2306 3078 est,
2340 3029 2411 3067 ne
2433 3017 2743 3072 secundum
2768 3036 2994 3076 carnem
3021 3007 3329 3084 ambulent.

1943 3095 2000 3152 3.
2052 3099 2200 3151 Nam
2227 3102 2372 3168 quod
2410 3105 2760 3171 impossibile.
2800 3108 2964 3163 Ratio
3010 3127 3113 3166 cur
3153 3114 3357 3172 dixerit
3397 3117 3464 3175 in

1871 3183 2093 3239 Christo
2119 3186 2150 3239 J
2155 3202 2275 3276 esu.
2317 3189 2489 3253 Quasi
2528 3191 2777 3248 diceret:
2815 3195 3160 3267 impossibile
3188 3209 3311 3258 erat
3348 3205 3462 3276 legi

1868 3289 1970 3344 per
1997 3275 2248 3330 carnales
2275 3276 2690 3337 observationes
2725 3282 2966 3340 liberare
2985 3303 3020 3341 a
3044 3290 3309 3348 suasione
3335 3275 3465 3365 pec-

1870 3363 1982 3418 cati
2008 3368 2067 3418 et
2092 3364 2320 3435 mortis;
2339 3368 2437 3422 sed
2456 3369 2613 3425 misit
2637 3371 2786 3427 Deus
2812 3373 3014 3430 Filium
3035 3394 3203 3435 suum
3223 3380 3283 3436 in
3312 3363 3467 3439 simi-

1868 3450 2163 3508 litudinem
2184 3454 2444 3513 humanae
2458 3458 2660 3525 carnis,
2688 3477 2814 3532 quae
2832 3465 3047 3535 peccati
3065 3470 3465 3542 concupiscen-

1867 3540 1963 3595 tiis
2004 3558 2149 3614 sepe
2190 3549 2443 3612 vexatur,
2474 3552 2537 3602 ut
2574 3551 2851 3606 memoria
2884 3540 3289 3614 incarnationis
3318 3561 3463 3632 ejus,

1870 3630 2160 3686 suasiones
2187 3634 2397 3703 peccati
2427 3651 2463 3689 a
2489 3636 2741 3693 ﬁdelium
2769 3656 2937 3697 carne
2977 3646 3295 3716 repelleret.

1941 3718 1995 3774 4.
2028 3721 2101 3775 De
2130 3727 2346 3790 peccato
2373 3724 2683 3780 damnavit.
2718 3726 3019 3786 Peccatum
3047 3733 3139 3789 hic
3158 3741 3320 3792 vocat
3347 3754 3469 3793 cor«

1872 3824 1978 3879 pus
2006 3808 2232 3877 Christi,
2254 3811 2404 3882 quod
2429 3811 2538 3867 fuit
2564 3814 2750 3870 hostia
2767 3834 2870 3887 pro
2889 3826 3138 3890 peccato,
3155 3823 3300 3879 sicut
3323 3826 3466 3883 alias

1872 3914 2008 4022 teumt
2032 3898 2128 3969 qui
2155 3915 2271 3956 non
2288 3909 2521 3958 noverat
2537 3910 2847 3974 peccatum,
2864 3914 3155 3979 peccatum
3173 3929 3276 3984 pro
3302 3914 3467 3970 nobis

1895 3985 1982 4022 θοι
2015 4011 2027 4022 .

1895 3985 2027 4023 CCIII.

1947 4038 1997 4095 5.
2048 4040 2297 4099 AMBROS.
2331 4044 2404 4098 De
2430 4049 2661 4113 peccato.
2696 4047 2953 4105 Christus
2981 4067 3109 4106 cum
3140 4069 3172 4108 a
3216 4058 3467 4126 peccato,

1877 4129 2026 4199 quod
2046 4135 2134 4185 est
2161 4132 2418 4198 Satanas,
2431 4134 2799 4206 cruciﬁgitur,
2820 4141 3071 4210 peccavit
3086 4139 3148 4197 in
3166 4156 3334 4200 carne
3353 4142 3475 4201 Sal-

1877 4218 2104 4286 vatoris,
2128 4234 2238 4292 quo
2267 4226 2494 4293 peccato
2521 4223 2824 4281 damnatus
2852 4232 2960 4299 est,
2987 4228 3194 4287 amisso
3222 4230 3473 4291 dominio

1874 4311 2227 4364 retentarum
2256 4308 2598 4368 animarum.

1948 4395 2000 4452 6.
2031 4397 2285 4454 AUGUST.
2321 4400 2416 4467 (De
2445 4402 2592 4456 verb.
2623 4400 2808 4473 Apost.
2855 4422 3027 4462 serm.
3070 4405 3124 4476 7,
3157 4425 3206 4464 c.
3254 4406 3306 4482 9)
3366 4409 3501 4479 Qui‘

1876 4488 2028 4541 enim
2054 4487 2358 4543 secundum
2385 4505 2631 4547 carnem.
2664 4492 2985 4551 Secundum
3011 4512 3238 4554 carnem
3275 4499 3478 4556 ambu—

1878 4575 2016 4642 lare,
2044 4581 2132 4631 est
2153 4575 2470 4633 carnalibus
2502 4581 2968 4652 concupiscentiis
2995 4586 3331 4644 consentire.

1953 4666 2005 4721 7.
2031 4667 2210 4733 (ibid)
2233 4665 2550 4723 Secundum
2564 4673 2850 4739 spiritum.
2875 4672 3196 4730 Secundum
3214 4676 3479 4749 spiritum

1881 4752 2191 4822 ambulare,
2221 4759 2309 4810 est
2337 4755 2592 4828 adjuvari
2618 4755 2681 4814 in
2707 4765 2899 4817 mente
2925 4761 3147 4834 spiritu,
3180 4771 3239 4822 et
3270 4768 3483 4835 conch

1883 4842 2170 4915 piscentiis
2202 4844 2387 4899 carnis
2414 4861 2529 4900 non
2559 4845 2812 4904 obedire.

1954 4931 1991 4986 8
2043 4933 2220 5004 (ibid.,
2242 4950 2363 5006 cap.
2392 4932 2478 5004 10)
2503 4937 2631 5004 Legi
2655 4940 2810 4992 enim
2838 4940 2957 4995 Dei.
2987 4940 3106 4996 Hoc
3132 4958 3247 4998 non
3271 4946 3478 5015 potest,

1886 5022 1984 5077 sed
2014 5023 2314 5094 prudentia
2331 5021 2515 5079 carnis
2538 5040 2652 5081 non
2670 5032 2888 5098 potest;
2920 5029 3116 5085 vitium
3142 5047 3257 5086 non
3271 5037 3480 5103 potest,

1887 5128 2001 5166 non
2028 5118 2251 5168 natura.
2284 5113 2574 5177 Quomodo
2602 5113 2651 5170 si
2678 5115 2892 5173 diceres
2914 5134 2931 5169 :
2955 5117 3286 5175 claudicatio
3314 5125 3483 5178 rectm

1888 5201 2263 5258 ambulationi
2288 5219 2403 5258 non
2433 5208 2521 5259 est
2558 5202 2830 5276 subjecta.
2862 5206 3058 5279 Neque
3095 5207 3246 5262 enim
3271 5214 3479 5281 potest,

1888 5307 1986 5363 pes
2004 5296 2190 5363 potest
2217 5291 2380 5364 [sed],
2429 5292 2763 5349 claudicatio
2789 5311 2904 5350 non
2929 5300 3133 5367 potest.

1960 5380 2014 5437 9.
2047 5382 2323 5452 (Anaus'r.
2344 5398 2409 5437 ea:
2433 5382 2850 5453 Tract.inpsal.
2875 5379 2964 5448 85,
2990 5383 3113 5440 sub.
3136 5386 3311 5457 med,
3340 5392 3481 5447 tom.

1822 5448 1873 5534 9
1893 5448 2281 5542 ἮΙΙ)Ὀονριι.ς
2307 5472 2549 5542 quidem.
2582 5448 2796 5544 Corpus
2814 5477 3071 5547 nostrum
3097 5448 3487 5551 cemparatum

1895 5561 1979 5618 illi
2009 5561 2159 5634 quod
2181 5561 2435 5618 futurum
2455 5565 2558 5630 est,
2590 5559 2874 5621 invenitur
2897 5568 3208 5638 mortuum,
3231 5570 3487 5642 quamvis

256 5641 470 5705 cundum
486 5663 716 5708 carnem
733 5649 1047 5711 ambulant.
1060 5652 1338 5712 Memoria
1346 5653 1498 5712 enim
1519 5653 1662 5727 legis
1678 5655 1812 5725 Dei;
1899 5652 2082 5709 adhuc
2109 5650 2323 5708 habens
2361 5649 2630 5708 animam.
