3952 6356
504 322 619 384 119
1482 323 1529 384 Β
1584 326 2003 387 LANFRANCI
2042 334 2065 386 (

2245 333 2402 388 UAR.
2442 330 2791 389 ARCHIEP.
3659 322 3806 382 120

504 451 578 506 Et
611 451 838 524 signum
887 454 1105 524 accepit
1138 452 1595 522 circumcisionis,
1644 456 1997 526 signaculum
2034 456 2270 527 justitize
2321 457 2472 526 fidei,
2516 475 2641 528 quae
2680 460 2768 511 est
2816 455 2876 509 in
2924 453 3216 525 praeputio,
3253 450 3345 509 10.
3390 455 3457 506 ut
3500 449 3574 505 sit
3599 454 3831 522 pater‘

507 541 761 594 omnium
790 541 1137 595 credentium
1167 557 1271 612 per
1296 543 1657 613 praeputium,
1685 548 1751 598 ut
1776 550 2071 616 reputetur
2096 550 2154 600 et
2185 545 2298 599 illis
2326 548 2397 600 ad
2420 548 2701 618 justitiam
2730 565 2743 614 ;
2776 550 2836 600 et
2860 544 2936 599 sit
2971 548 3132 614 pater
3157 539 3616 606 circumcisionis,
3646 554 3811 593 non

508 627 581 681 iis
615 632 838 683 tantum
868 630 966 700 qui
1010 635 1145 685 sunt
1182 646 1249 684 ex
1280 631 1725 701 circumcisione,
1751 632 1851 687 sed
1892 638 1951 687 et
1989 635 2057 689 iis
2089 635 2186 706 qui
2227 641 2515 690 sectantur
2560 636 2639 693 I1.
2682 633 2918 704 vestigia
2942 633 3095 698 ﬁdei,
3126 648 3249 703 quae
3277 635 3363 685 est
3397 629 3458 684 in
3487 627 3808 700 praeputio

508 716 688 785 patris
715 718 896 772 nostri
931 716 1196 776 Abrahae.
1234 715 1320 774 12.
1350 720 1479 774 Non
1521 720 1672 773 enim
1699 737 1802 792 per
1828 722 2009 792 legem
2043 721 2128 778 13.
2160 723 2457 794 promissio
2502 723 2740 778 Abrahae
2783 727 2882 776 aut
2920 720 3122 775 semini
3166 721 3288 791 ejus
3314 722 3381 773 ut
3411 718 3587 773 haeres
3616 718 3817 770 esset

493 798 710 860 'mundi
735 824 749 874 ;
777 807 878 861 sed
904 824 1007 878 per
1026 807 1307 877 justitiam
1335 808 1490 864 ﬁdei.
1523 808 1583 863 Si
1608 809 1758 863 enim
1797 810 1894 880 qui
1923 827 1990 864 ex
2016 812 2160 882 lege,
2190 812 2438 866 haeredes
2463 816 2616 876 sunt,
2646 809 2936 864 exinanita
2970 812 3058 863 est
3082 807 3243 873 ﬁdes,
3271 804 3478 862 abolita
3518 808 3606 859 est
3630 818 3809 874 pro—

509 893 723 949 missio.
760 894 846 952 14.
876 895 989 950 Lex
1016 897 1166 950 enim
1194 896 1338 951 iram
1364 902 1650 967 operatur.
1680 898 1770 952 15.
1795 899 1902 953 Ubi
1933 901 2085 954 enim
2112 916 2227 955 non
2256 907 2342 955 est
2366 902 2474 967 lex,
2502 916 2607 955 nec
2631 897 3028 971 praevaricatio.
3060 895 3195 952 Ideo
3225 912 3294 949 ex
3319 895 3453 963 ﬁde,
3477 898 3545 947 ut
3569 907 3811 946 secun-

508 981 645 1037 dum
672 984 916 1053 gratiam
946 985 1110 1039 ﬁrma
1136 985 1212 1039 sit
1236 986 1534 1056 promissio
1561 983 1650 1042 16.
1675 988 1830 1042 omni
1857 988 2078 1056 semini,
2105 1006 2221 1044 non
2248 991 2300 1044 ei
2322 991 2419 1060 qui
2450 1007 2517 1044 ex
2543 991 2665 1059 lege
2696 992 2781 1042 est
2808 988 3011 1051 solum,
3040 984 3139 1039 sed
3168 987 3226 1038 et
3253 983 3306 1037 ei
3334 982 3431 1053 qui
3452 999 3521 1036 ex
3540 981 3650 1035 ﬁde
3675 984 3804 1035 est

506 1070 766 1137 Abmhzn,
800 1073 897 1143 qui
923 1079 1085 1144 pater
1109 1078 1197 1128 est
1219 1074 1471 1129 omnium
1496 1080 1755 1130 nostrum
1781 1076 1943 1146 (sicut
1970 1062 2251 1150 Scriptum
2288 1084 2375 1132 est
2403 1096 2415 1131 :
2444 1077 2586 1142 Quia
2625 1078 2849 1130 Patrem
2880 1074 3190 1127 multarum
3210 1070 3468 1142 gentium
3495 1068 3656 1142 posui
3684 1072 3797 1139 te)

510 1165 645 1215 ante
670 1161 872 1227 Deum,
921 1163 1013 1216 cui
1064 1163 1316 1226 credidit,
1359 1163 1456 1233 qui
1486 1165 1727 1218 viviﬁcat
1763 1171 2036 1232 mortuos,
2065 1174 2120 1221 et
2147 1174 2305 1223 vocat
2339 1185 2405 1222 ea
2452 1183 2574 1237 qua:
2611 1181 2725 1219 non
2762 1168 2895 1218 sunt
2920 1168 3193 1233 tanquam
3222 1176 3289 1214 ea
3313 1176 3435 1230 quae
3461 1164 3595 1213 sunt
3624 1176 3635 1212 :
3669 1158 3805 1228 qui

509 1253 707 1303 eontra
730 1265 888 1320 spem
916 1251 975 1305 in
1002 1267 1160 1322 spem
1190 1251 1427 1306 credidit
1444 1258 1509 1305 ut
1535 1254 1697 1306 ﬁeret
1720 1259 1882 1324 pater
1907 1255 2218 1310 multarum
2248 1257 2525 1327 gentium,
2550 1254 2858 1308 secundum
2892 1251 3041 1322 quod
3069 1251 3283 1304 dictum
3307 1253 3393 1302 est
3420 1248 3473 1301 ei
3507 1265 3518 1299 :
3549 1247 3640 1300 Sic
3659 1247 3802 1301 erit

509 1340 704 1392 Semen
730 1342 920 1407 tuum;
954 1343 1013 1393 et
1042 1355 1155 1393 non
1182 1339 1499 1394 inﬁrmatus
1525 1346 1611 1394 est
1634 1342 1764 1408 ﬁde,
1791 1359 1896 1395 nec
1927 1344 2297 1398 consideravit
2324 1360 2526 1415 corpus
2554 1358 2720 1397 suum
2749 1344 3090 1403 emortuum,
3122 1353 3246 1391 cum
3264 1336 3385 1405 jam
3403 1335 3518 1389 fere
3539 1340 3801 1410 centum

508 1424 660 1480 esset
699 1442 996 1494 annorum,
1036 1432 1096 1481 et
1115 1433 1451 1482 'emortuam
1475 1430 1698 1483 vulvam
1740 1429 1911 1485 Same.
1944 1432 2010 1486 In
2038 1432 2470 1502 repromissione
2509 1430 2681 1484 etiam
2710 1429 2815 1484 Dei
2853 1443 2966 1481 non
2994 1424 3273 1480 haesitavit
3303 1422 3635 1486 diffidentia,
3668 1422 3798 1476 sed

508 1514 858 1568 confortatus
886 1519 973 1569 est
991 1514 1122 1581 ﬁde,
1144 1515 1285 1570 dans
1312 1516 1550 1587 gloriam
1579 1517 1715 1584 Deo,
1743 1519 2067 1589 plenissime
2094 1521 2275 1574 sciens
2296 1519 2430 1591 quia
2457 1532 2802 1588 quaecunque
2830 1513 3107 1586 promisit,
3139 1517 3337 1582 potens
3364 1513 3451 1564 est
3477 1514 3535 1562 et
3560 1508 3791 1563 facere.

508 1601 645 1670 Ideo
672 1608 730 1670 et
754 1608 1081 1675 reputatum
1109 1610 1194 1660 est
1221 1605 1303 1659 illi
1331 1606 1402 1660 ad
1425 1606 1724 1676 justitiam.
1757 1608 1884 1662 Non
1911 1614 1997 1664 est
2025 1615 2214 1664 autem
2243 1609 2513 1680 scriptum
2540 1610 2765 1660 tantum
2792 1607 3022 1674 pr0pter
3049 1600 3254 1672 ipsum,
3281 1598 3415 1670 quia
3443 1602 3793 1672 reputatum

509 1697 598 1746 est
632 1692 715 1746 illi
742 1693 813 1747 ad
848 1694 1151 1763 justitiam,
1185 1695 1283 1748 sed
1311 1699 1368 1749 et
1399 1701 1628 1767 propter
1653 1713 1776 1758 nos,
1818 1698 2020 1769 quibus
2059 1698 2417 1771 reputabitur
2452 1694 2809 1750 credentibus
2854 1693 2913 1746 in
2956 1707 3085 1746 eum
3134 1689 3230 1764 qui
3262 1686 3550 1744 suscitavit
3574 1686 3791 1743 Iesum

510 1780 800 1835 Christum
837 1782 1140 1847 Dominum
1168 1793 1425 1838 nostrum
1455 1800 1491 1837 a
1517 1786 1778 1852 mortuis,
1825 1787 1923 1857 qui
1957 1787 2201 1843 traditus
2231 1794 2317 1843 est
2352 1791 2582 1859 propter
2611 1784 2814 1839 delicta
2859 1786 3070 1849 nostra,
3116 1776 3205 1837 17.
3238 1783 3297 1833 et
3342 1775 3648 1833 resurrexit
3672 1772 3783 1833 18.

508 1874 744 1942 propter
765 1871 1230 1941 justiﬁcationem
1256 1877 1531 1929 nostram.

1969 1974 2203 2029 CAPUT
2243 1974 2311 2027 V.

540 2076 545 2081 '
592 2071 637 2132 ι
654 2071 707 2132 α
738 2067 792 2121 1.
822 2066 1123 2121 Justiﬁeati
1148 2083 1282 2138 ergo
1305 2083 1377 2122 ex
1399 2068 1531 2135 ﬁde,
1561 2085 1758 2140 pacem
1776 2069 2086 2126 habeamus
2104 2071 2176 2126 ad
2195 2072 2372 2126 Deum
2396 2087 2496 2142 per
2519 2069 2819 2125 Dominum
2849 2070 3108 2122 nostrum
3129 2065 3158 2119 J
3163 2079 3320 2119 esum
3342 2062 3646 2128 Christum,
3668 2078 3793 2134 per

510 2171 684 2225 quem
712 2161 771 2211 et
797 2156 1070 2211 habemus
1097 2162 1382 2212 accessum
1421 2175 1523 2229 per
1549 2159 1720 2214 ﬁdem
1758 2158 1810 2215 2.
1854 2159 1914 2213 in
1941 2160 2184 2230 gratiam
2220 2161 2406 2228 istam,
2437 2161 2496 2215 in
2536 2177 2647 2231 qua
2674 2164 2893 2214 stamus
2929 2162 2987 2211 et
3025 2154 3337 2225 gloriamur
3360 2152 3420 2207 in
3448 2168 3546 2224 spe
3572 2152 3785 2222 gloriae

510 2244 754 2300 ﬁliorum
779 2246 901 2300 Dei.
934 2247 1062 2303 Non
1089 2247 1273 2301 solum
1311 2252 1522 2315 autem,
1553 2250 1652 2304 sed
1679 2255 1733 2304 et
1757 2250 2068 2320 gloriamur
2094 2252 2154 2306 in
2176 2249 2654 2316 tribulationibus,
2687 2247 2925 2302 scientes
2951 2244 3100 2316 quod
3125 2241 3412 2298 tribulatio
3440 2240 3790 2312 patientiam

511 2340 796 2406 operatur,
826 2336 1102 2406 patientia
1129 2342 1317 2392 autem
1348 2338 1754 2409 probationem,
1786 2339 2042 2411 probatio
2060 2356 2191 2394 vero
2219 2356 2398 2411 spem,
2422 2337 2474 2395 3.
2506 2354 2633 2408 spes
2664 2344 2855 2391 autem
2881 2351 2996 2389 non
3015 2331 3325 2397 confundit,
3367 2328 3500 2401 quia
3527 2327 3793 2383 charitas

510 2422 615 2477 Dei
638 2424 842 2480 diffusa
867 2430 955 2480 est
980 2426 1042 2479 in
1066 2426 1328 2481 cordibus
1354 2427 1563 2482 nostris
1587 2445 1686 2499 per
1706 2429 1979 2500 Spiritum
2009 2434 2266 2483 sanctum
2295 2430 2390 2499 qui
2415 2428 2581 2481 datus
2610 2431 2697 2481 est
2719 2424 2899 2479 nobis.
2921 2424 2997 2478 Ut
3015 2422 3151 2494 quid
3170 2420 3320 2475 enim
3341 2419 3617 2485 Christus,
3642 2434 3794 2472 cum

511 2511 696 2579 adhuc
720 2512 932 2567 inﬁrmi
959 2530 1226 2581 essemus,
1250 2516 1556 2570 secundum
1577 2523 1802 2588 tempus
1824 2535 1927 2589 pro
1952 2517 2142 2589 impiis
2171 2522 2427 2571 mortuus
2447 2516 2570 2570 est?
2592 2515 2697 2568 Vix
2723 2514 2875 2568 enim
2898 2529 2999 2584 pro
3022 2512 3178 2582 justo
3195 2510 3319 2581 quis
3338 2509 3604 2574 moritur;
3637 2521 3792 2560 nam

503 2616 608 2673 pro
642 2601 788 2656 bono
827 2603 1063 2657 forsitan
1092 2603 1218 2674 quis
1261 2604 1469 2659 audeat
1498 2607 1661 2660 mori.
1695 2607 2068 2661 Commendat
2098 2610 2290 2660 autem
2317 2606 2650 2660 charitatem
2678 2621 2840 2659 suam
2870 2604 3019 2659 Deus
3047 2602 3108 2656 in
3135 2600 3314 2666 nobis,
3342 2599 3609 2671 quoniam
3637 2614 3786 2653 cum

512 2691 696 2746 adhuc
728 2696 1049 2763 peccatores
1079 2710 1348 2762 essemus,
1384 2694 1439 2752 4.
1471 2697 1780 2752 secundum
1798 2702 2033 2768 tempus
2063 2694 2319 2749 Christus
2342 2710 2443 2765 pro
2473 2693 2632 2747 nobis
2659 2693 2710 2748 5.
2741 2697 2998 2746 mortuus
3029 2694 3146 2758 est;
3179 2689 3359 2743 multo
3389 2687 3565 2758 igitur
3591 2686 3791 2757 magis

510 2796 662 2834 nunc
681 2781 977 2852 justiﬁcati
1000 2782 1061 2836 in
1087 2784 1362 2854 sanguine
1395 2783 1592 2855 ipsius,
1627 2785 1763 2840 salvi
1794 2785 2005 2840 erimus
2034 2782 2106 2836 ab
2132 2782 2219 2836 ira
2247 2798 2348 2853 per
2370 2782 2575 2853 ipsum.
2604 2780 2663 2835 Si
2685 2780 2837 2835 enim
2873 2795 3003 2833 cum
3029 2777 3247 2832 inimici
3276 2792 3545 2842 essemus,
3574 2791 3789 2829 recon-

510 2867 685 2923 ciliati
703 2885 900 2924 sumus
918 2871 1035 2924 Deo
1062 2887 1165 2941 per
1188 2877 1431 2927 mortem
1449 2873 1577 2927 Filii
1599 2874 1748 2944 ejus;
1774 2874 1952 2927 multo
1974 2871 2174 2941 magis,
2198 2871 2563 2937 reconciliati,
2585 2869 2722 2925 salvi
2752 2868 2962 2923 erimus
2989 2867 3049 2921 in
3076 2866 3194 2921 vita
3211 2865 3388 2937 ipsius
3402 2910 3414 2923 .
3442 2865 3570 2920 Non
3590 2863 3790 2920 solum

510 2961 724 3025 autem,
736 2955 791 3014 6.
810 2959 910 3014 sed
923 2960 1300 3030 etgloriamur
1312 2961 1373 3016 in
1394 2962 1510 3017 Deo
1530 2979 1633 3035 per
1646 2963 1950 3018 Dominum
1970 2966 2228 3016 nostrum
2247 2962 2276 3015 J
2281 2978 2439 3015 esum
2456 2959 2761 3025 Christum,
2784 2974 2886 3030 per
2905 2973 3073 3029 quem
3087 2972 3238 3023 nunc
3262 2953 3789 3010 reconciliationem

507 3047 846 3120 accepimus.
878 3045 933 3104 7.
962 3049 1270 3121 Propterea
1295 3051 1442 3106 sicut
1463 3069 1567 3123 per
1590 3069 1769 3107 unum
1796 3052 2085 3107 hominem
2117 3058 2407 3123 peccatum
2433 3050 2494 3104 in
2513 3050 2664 3103 hunc
2692 3048 2971 3103 mundum
2997 3046 3245 3113 intravit,
3278 3050 3336 3101 et
3358 3060 3460 3117 per
3481 3047 3789 3116 peccatum

1839 3166 2407 3221 COMMENTARIUS
2421 3212 2434 3225 .

510 3260 1201 3330 ostenderetureajustitia
1212 3278 1381 3332 quam
1392 3261 1511 3316 sola
1521 3261 1660 3316 ﬁdes
1673 3262 1988 3317 contulerat
2000 3263 2102 3317 illi.
2127 3267 2171 3323 A
2189 3267 2356 3333 dere;
2378 3281 2493 3319 non
2517 3268 2718 3339 autem
2737 3277 2929 3317 omnes
2946 3261 3126 3331 legem
3152 3258 3414 3329 implere.

589 3347 676 3404 10.
706 3349 966 3404 AMBROS.
1003 3349 1065 3403 Ut
1078 3353 1152 3403 sit
1164 3357 1327 3419 pater
1346 3353 1806 3405 circumcisionis.
1825 3352 1944 3405 Hoc
1972 3351 2119 3406 dicit
2262 3352 2345 3411 17.
2378 3355 2627 3408 AMBROS.
2662 3353 2727 3406 Et
2756 3352 3061 3405 resurrexit
3085 3352 3328 3417 propter.
3361 3345 3497 3399 Post
3522 3359 3791 3400 resurre-

510 3441 580 3493 ut
607 3437 684 3490 sit
707 3441 871 3508 pater
896 3436 1331 3493 circumcisionis
1369 3439 1570 3506 cordis,
1602 3456 1716 3493 non
1757 3445 1980 3494 tantum
2010 3457 2104 3495 eo-
2189 3445 2430 3499 ctionem
2458 3443 2606 3496 enim
2633 3444 2893 3510 acceptus
2917 3436 3179 3508 Spiritus,
3202 3434 3274 3488 ad
3302 3432 3589 3488 cumulum
3616 3432 3792 3488 nobis

512 3542 642 3581 rum
668 3526 763 3597 qui
792 3530 926 3580 sunt
953 3543 1021 3580 ex
1041 3527 1164 3596 ejus
1195 3526 1430 3597 origine,
1463 3527 1581 3581 sed-
1600 3532 1657 3582 et
1682 3544 1877 3583 eorum
1905 3529 2002 3600 qui
2029 3529 2104 3583 si-
2184 3531 2606 3604 justiﬁcationis
2634 3527 2910 3600 provenit.

516 3615 731 3669 militer
748 3615 986 3669 credunt
1007 3631 1073 3669 ex
1095 3615 1380 3686 gentibus.
2267 3621 2351 3678 18.
2382 3621 2587 3675 Lsnrn.
2619 3620 2843 3686 Propter
2862 3616 3340 3685 justiﬁcationem,
3367 3612 3426 3666 id
3453 3616 3557 3681 est,
3578 3615 3644 3667 ut
3669 3628 3799 3668 cre-

589 3702 679 3759 11.
710 3704 916 3759 LANFR.
954 3706 1183 3772 Vestigia
1205 3706 1351 3772 ﬁdei.
1384 3705 1534 3759 Ordo
1558 3723 1571 3758 :
1602 3706 1835 3776 vestigia
1860 3707 1990 3761 ﬁdei
2014 3723 2110 3778 pa—
2191 3710 2389 3764 dentes
2417 3723 2546 3762 eum
2576 3703 2949 3760 resurrexisse
2971 3702 3434 3772 justiﬁcarentur.
3462 3701 3532 3755 Et
3560 3717 3595 3755 a
3622 3705 3793 3771 parte

512 3791 621 3846 tris
673 3791 854 3847 nostri
903 3791 1163 3857 Abrahae,
1196 3809 1319 3863 quae
1361 3797 1447 3847 est
1485 3794 1545 3848 in
1592 3795 1884 3866 praeputio,
1918 3796 1975 3850 id
2003 3801 2106 3862 est,
2191 3804 2310 3854 tota
2332 3798 2471 3852 ﬁdes
2496 3795 2842 3865 designatur.

515 3897 685 3954 quam
703 3879 903 3936 habuit
929 3881 990 3935 in
1018 3883 1313 3953 praeputio.
2263 3886 2419 3941 CAP.
2451 3885 2521 3939 V.
2546 3914 2610 3925 —
2640 3885 2695 3937 1.
2723 3885 2977 3937 AMBROS.
3007 3882 3311 3950 Justiﬁcati
3346 3882 3546 3948 igitur.
3579 3879 3790 3935 Pacem

590 3968 656 4026 12
685 3972 812 4026 Non
851 3972 1005 4024 enim
1039 3985 1140 4038 per
1184 3974 1372 4038 legem.
1403 3972 1572 4036 Quasi
1613 3972 1817 4044 aliquis
1847 3973 2061 4028 diceret
2092 3991 2104 4027 :
2192 3975 2399 4030 habere
2427 3989 2557 4027 cum
2599 3972 2735 4038 Deo,
2780 3972 2919 4026 ﬁdes
2962 3970 3113 4038 facit,
3146 3985 3260 4024 non
3293 3969 3402 4023 lex.
3442 3969 3573 4023 Haec
3631 3968 3791 4023 enim

514 4075 618 4114 cur
645 4059 833 4113 dixisti
878 4057 1113 4128 vestigia
1141 4058 1292 4126 ﬁdei,
1324 4065 1381 4114 et
1407 4076 1519 4115 non
1541 4062 1732 4116 dixisti
1759 4063 1999 4132 vestigia
2025 4062 2109 4115 le-
2191 4081 2296 4119 nos
2322 4064 2439 4118 Deo
2463 4060 2859 4115 reconciliavit.

515 4147 647 4219 gis?
678 4147 737 4201 Si
768 4146 922 4201 enim
946 4147 1018 4201 ad
1040 4147 1436 4203 inconveniens
1463 4150 1619 4205 ducit
1655 4151 1946 4206 adversam
1986 4167 2112 4222 par-
2262 4152 2316 4206 2.
2351 4154 2420 4207 In
2439 4152 2687 4220 gratiam
2714 4153 2902 4204 istam.
2936 4148 3099 4204 Prius
3127 4148 3279 4204 enim
3303 4146 3584 4219 jacuimus
3618 4163 3631 4213 ;
3664 4160 3791 4200 cre-

514 4240 653 4303 tem,
721 4252 836 4290 non
889 4240 1080 4289 autem
1123 4236 1291 4291 simul
1324 4254 1464 4305 esse,
1510 4239 1688 4294 solam
1729 4240 1870 4311 legis
1918 4239 2110 4293 obser-
2193 4242 2391 4296 dentes
2414 4245 2604 4294 autem
2632 4239 2804 4293 erecti
2831 4254 3046 4293 sumus.

515 4323 766 4379 vantiam
783 4324 1132 4392 haereditatis
1158 4343 1280 4380 esse
1298 4344 1525 4382 causam
1556 4333 1615 4383 et
1634 4329 1936 4398 ﬁdem,aut
1964 4328 2111 4382 solos
2264 4329 2316 4386 3.
2347 4329 2475 4399 Spes
2499 4333 2686 4382 autem
2710 4344 2823 4382 non
2842 4328 3154 4395 confundit.
3174 4327 3314 4397 Spes
3332 4341 3447 4380 non
3474 4322 3788 4393 confundit,

515 4412 742 4469 Iudaeos
769 4429 891 4467 esse
918 4414 1168 4468 haeredes
1197 4420 1254 4469 et
1278 4422 1496 4487 gentes.
2193 4419 2327 4474 dum
2346 4418 2504 4473 stulti
2515 4422 2573 4471 et
2586 4415 2813 4471 hebetes
2832 4433 2867 4470 a
2884 4416 3114 4488 perﬁdis
3126 4416 3470 4486 judicantur,
3492 4414 3788 4468 credentes

590 4501 679 4557 13.
697 4503 949 4558 AMBROS.
967 4505 1263 4558 Promissio
1276 4505 1526 4559 Abrahae.
1546 4506 1802 4561 Christus
1817 4507 1913 4578 qui
1932 4507 2111 4560 haeres
2193 4524 2317 4579 quae
2334 4507 2619 4561 mundana
2636 4511 2831 4561 carent
2850 4505 3087 4559 ratione.
3103 4504 3316 4575 Pignus
3331 4503 3481 4558 enim
3501 4500 3791 4557 charitatis

517 4597 605 4646 est
628 4590 904 4662 gentium,
923 4596 990 4645 ut
1013 4592 1189 4646 David
1217 4593 1367 4647 canit
1393 4612 1405 4648 :
1436 4594 1505 4647 Et
1525 4596 1661 4649 dabo
1692 4598 1794 4649 tibi
1811 4601 1990 4663 gentes
2013 4596 2115 4648 ἡκ-
2129 4579 2177 4640 Β
2196 4594 2468 4650 habemus
2496 4594 2554 4648 in
2584 4593 2744 4648 nobis
2764 4609 2866 4665 per
2888 4592 3161 4664 Spiritum
3180 4596 3437 4645 sanctum
3462 4589 3641 4644 nobis.

511 4681 804 4734 reditatem
817 4686 994 4745 tuam;
1013 4686 1063 4735 et
1074 4686 1460 4750 possessionem
1476 4687 1634 4737 tuam
1650 4686 1916 4737 terminos
1932 4688 2109 4737 terra.
2264 4685 2316 4738 4.
2349 4685 2665 4740 Secundum
2695 4689 2924 4751 tempus.
2951 4681 3038 4735 Ad
3065 4686 3289 4752 tempus
3335 4679 3487 4733 enim
3533 4682 3791 4733 mortuus

517 4768 633 4839 Ipsi
657 4768 810 4822 enim
836 4769 1112 4824 morimur
1139 4775 1195 4824 et
1215 4771 1456 4825 vivimus
1478 4787 1604 4825 cum
1633 4788 1719 4837 eo,
1743 4772 1875 4826 Ideo
1895 4789 1961 4825 ex
1978 4772 2109 4826 ﬁde.
2194 4777 2297 4839 est,
2346 4773 2478 4844 quia
2524 4772 2693 4827 tertia
2746 4770 2837 4825 die
2865 4769 3190 4824 resurrexit.
3222 4769 3327 4823 Vel
3369 4768 3501 4823 huic
3546 4768 3789 4838 tempori

519 4856 637 4911 Sub
663 4857 788 4928 lege
813 4858 1113 4928 promissio
1137 4859 1261 4913 dari
1281 4876 1394 4914 non
1415 4864 1617 4930 potest,
1635 4866 1734 4914 aut
1762 4875 1830 4914 ex
1858 4860 1987 4928 ﬁde,
2003 4877 2115 4931 qua
2195 4867 2450 4917 mortuus
2472 4868 2576 4927 est,
2597 4860 2693 4916 ubi
2723 4860 2806 4915 sol
2826 4860 3006 4915 oritur
3029 4864 3088 4913 et
3117 4858 3335 4913 occidit.
3364 4856 3615 4911 Excessit
3638 4855 3790 4910 enim

517 4962 714 5000 omnes
737 4947 1035 5016 puriﬁcati,
1068 4949 1214 5002 ﬁunt
1239 4948 1394 5019 digni
1422 4949 1534 5002 dici
1561 4948 1683 5002 ﬁlii.
2197 4968 2227 5005 e
2252 4968 2484 5023 corpore
2509 4951 2580 5005 ad
2611 4950 2818 5005 inferos
2837 4948 2959 5017 (ubi
2987 4959 3210 5021 tempus
3241 4964 3356 5002 non
3385 4952 3489 5012 est,
3519 4945 3607 4999 vel
3633 4946 3789 5018 aetas)

590 5033 678 5091 14.
698 5035 905 5092 LANFR.
926 5038 1032 5091 Lee:
1050 5040 1204 5091 enim
1226 5040 1377 5090 iram
1396 5043 1674 5105 operatur.
1690 5038 1873 5093 Causa
1897 5054 1999 5093 cur
2018 5056 2119 5110 per
2198 5057 2299 5111 pro
2328 5041 2509 5095 salute
2537 5040 2877 5094 animarum.

513 5125 832 5195 legemxnon
851 5125 927 5179 sit
949 5126 1246 5196 promissio
1274 5125 1637 5179 hereditatis.
1663 5128 1813 5181 Iram
1843 5128 1994 5181 enim
2014 5128 2116 5183 Dei
2271 5127 2323 5184 5.
2365 5128 2571 5182 LANFR.
2623 5129 2874 5182 Mortuus
2906 5132 3000 5181 est.
3052 5127 3195 5181 Cum
3228 5124 3414 5179 adhuc
3455 5124 3788 5196 temporalia

516 5212 1539 5285 expraevaricationenonimplentium
1552 5215 1739 5285 potius
1753 5222 2063 5287 operatum,
2194 5217 2572 5288 diligeremus,
2587 5218 2697 5272 nisi
2724 5216 2885 5272 nobis
2912 5233 3073 5289 spem
3100 5215 3308 5270 bonam
3336 5216 3516 5282 daret,
3539 5230 3662 5285 quae
3685 5230 3787 5270 nos

592 5301 676 5357 15.
722 5304 821 5357 Ubi
861 5305 1012 5358 enim
1044 5319 1158 5357 non
1198 5307 1274 5356 est
1322 5305 1425 5355 lea}.
1451 5302 1523 5355 Et
1550 5302 1673 5370 hoc,
1705 5305 1908 5377 inquit,
1937 5305 2113 5361 videri
2194 5308 2679 5365 confunderet.....
3527 5316 3532 5321 ’
3780 5322 3783 5323 ⁷

512 5394 701 5462 potest
719 5391 851 5461 quia
876 5392 966 5446 lex
993 5391 1137 5445 iram
1154 5394 1439 5460 operatur,
1461 5392 1610 5461 quod
1628 5392 1724 5447 ubi
1750 5393 1838 5448 lex
1861 5410 1975 5450 non
2004 5402 2107 5465 est,
2265 5395 2319 5455 6.
2351 5397 2456 5453 Sed
2482 5404 2530 5451 et
2557 5400 2893 5465 gloriamur,
2939 5395 2997 5450 id
3026 5399 3129 5462 est,
3163 5399 3455 5466 sperantes
3482 5409 3586 5447 nos
3627 5391 3786 5446 habi-

514 5493 621 5532 nec
645 5480 1050 5549 praevaricatio,
1077 5495 1203 5550 quae
1228 5484 1319 5533 est
1344 5495 1515 5534 causa
1537 5480 1660 5540 irae.
2193 5491 2352 5555 turos
2377 5485 2637 5557 gloriam,
2671 5502 2842 5558 quam
2870 5486 3080 5540 habent
3109 5484 3212 5538 ﬁlii
3239 5484 3363 5540 Dei.

592 5565 678 5622 16.
710 5569 879 5625 Omni
902 5570 1125 5636 semini,
1154 5568 1213 5623 id
1234 5573 1338 5636 est,
1362 5569 1516 5624 omni
1534 5570 1807 5627 imitatori
1823 5573 1975 5642 ﬁdei,
1998 5575 2113 5629 sive
2264 5575 2318 5630 7.
2351 5577 2642 5645 Propterea
2682 5578 2843 5630 sicut.
2893 5574 3109 5629 Pendet
3153 5573 3437 5628 sententia
3467 5588 3779 5644 usque......

512 5655 724 5725 Judeo,
753 5658 871 5714 sive
887 5656 1107 5728 gentili.
1137 5658 1348 5714 Omnes
1370 5659 1520 5714 enim
1546 5667 1782 5733 possunt
1806 5663 1969 5719 facile
1998 5680 2114 5719 cre-
2193 5663 2400 5734 legitur
2432 5682 2443 5716 :
2476 5664 2623 5719 sicut
2639 5679 2741 5736 per
2761 5663 2930 5719 unius
2955 5663 3243 5729 delictum,
3267 5667 3371 5718 etc.
