3952 6352
167 329 276 384 121
907 330 986 385 ΙΝ
1023 329 1090 384 D.
1131 329 1347 385 PAULI
1384 328 1608 385 EPIST.
1647 328 2021 384 COMMENT.
2061 356 2130 369 —
2167 327 2390 382 EPIST.
2430 327 2527 382 AD
2566 328 2738 383 ROM.
3347 313 3449 374 1‘2‘2

173 471 364 524 mors,
395 460 457 508 et
494 454 578 508 ita
599 453 659 509 in
687 467 884 507 omnes
906 453 1162 508 homines
1186 471 1338 510 mors
1365 454 1710 527 pertransiit,
1741 454 1802 507 in
1830 469 1941 524 quo
1971 469 2166 507 omnes
2202 459 2588 525 peccaverunt.
2621 450 2674 510 8.
2715 453 2902 524 Usque
2944 451 3017 506 ad
3069 450 3256 518 legem
3298 440 3447 498 enim

173 549 482 615 peccatum
514 548 639 597 erat
655 543 716 596 in
742 543 971 596 mundo.
995 543 1048 598 9.
1075 544 1373 598 Peccatum
1389 548 1579 598 autem
1595 559 1708 596 non
1728 541 2132 614 imputabatur,
2180 559 2308 596 cum
2335 543 2424 596 lex
2451 559 2566 596 non
2592 546 2758 596 esset.
2795 541 2904 597 Sed
2932 537 3188 610 regnavit
3203 551 3353 589 mors
3378 531 3447 585 ab

177 633 368 687 Adam
401 648 584 703 usque
604 631 676 685 ad
710 632 941 702 Moysen
974 651 986 697 ;
1029 632 1202 686 etiam
1228 629 1318 688 10.
1341 632 1400 686 in
1421 648 1516 686 eos
1532 631 1628 702 qui
1651 647 1764 685 non
1796 636 2166 701 peccaverunt
2182 629 2265 686 11.
2288 631 2347 685 in
2357 631 2783 685 similitudinem
2801 624 3272 701 praevaricationis
3293 622 3446 686 Adae,

183 720 272 786 11,
310 720 400 786 12,
429 719 520 776 13.
545 721 644 791 qui
674 725 759 773 est
782 719 961 773 forma
984 719 1179 773 futuri.
1211 719 1297 775 14.
1333 721 1442 774 Sed
1470 719 1554 776 15.
1585 735 1698 773 non
1714 719 1860 773 sicut
1885 720 2170 786 delictum,
2203 720 2284 774 ita
2314 725 2372 774 et
2397 721 2635 785 donum;
2661 720 2708 772 si
2721 718 2870 772 enim
2886 717 3054 771 unius
3071 715 3274 769 delicto
3287 709 3452 765 multi

175 809 393 862 mortui
420 815 577 875 sunt,
608 804 700 862 16.
733 809 913 862 multo
941 808 1124 878 magis
1149 809 1335 878 gratia
1357 808 1460 864 Dei
1488 814 1545 862 et
1572 808 1784 862 donum
1819 807 1901 864 17.
1924 808 1985 862 in
2011 809 2196 877 gratia
2222 809 2391 862 unius
2415 808 2660 862 hominis
2687 809 2820 862 Jesu
2847 804 3056 860 Christi
3073 803 3157 860 18.
3182 803 3238 856 in
3261 801 3452 872 plures

175 897 517 951 abundavit.
549 896 634 953 19.
666 897 736 951 Et
750 912 864 951 non
883 894 970 952 20.
1003 896 1149 950 sicut
1166 913 1267 968 per
1293 913 1470 951 unum
1497 903 1806 968 peccatum,
1855 897 1938 951 ita
1987 903 2044 950 et
2091 897 2302 950 donum
2334 915 2349 963 ;
2389 913 2523 950 nam
2571 896 2849 965 judicium
2880 894 3108 965 quidem
3155 908 3220 946 ex
3247 905 3360 944 uno
3389 888 3449 942 in

173 986 755 1053 condemnationem;
785 984 876 1041 ‘21.
933 985 1118 1055 gratia
1174 991 1364 1040 autem
1416 1003 1482 1040 ex
1535 987 1729 1040 multis
1769 985 1988 1040 delictis
2024 987 2078 1039 in
2103 985 2580 1053 justiﬁcationem.
2609 986 2668 1039 Si
2688 983 2840 1038 enim
2877 983 3046 1037 unius
3066 981 3268 1036 delicto
3297 994 3450 1032 mors

176 1076 447 1145 regnavit
472 1091 579 1146 per
600 1091 800 1139 unum,
831 1075 1009 1128 multo
1037 1075 1216 1144 magis
1242 1074 1334 1131 22.
1364 1074 1766 1130 abundantiam
1785 1075 1981 1145 gratiae
2003 1081 2058 1127 et
2083 1074 2398 1128 donationis
2428 1080 2486 1128 et
2506 1074 2740 1144 justitise
2761 1072 3115 1143 accipientes,
3139 1066 3231 1124 23.
3254 1067 3314 1120 in
3335 1067 3448 1119 vita

175 1164 508 1233 regnabunt
535 1180 639 1234 per
666 1180 842 1217 unum
869 1165 1060 1218 Jesum
1077 1165 1397 1232 Christum;
1431 1165 1605 1234 igitur
1621 1166 1767 1218 sicut
1793 1181 1897 1234 per
1923 1163 2089 1218 unius
2119 1162 2405 1232 delictum,
2431 1163 2490 1216 in
2518 1179 2713 1217 omnes
2743 1162 3000 1216 homines
3021 1159 3079 1212 in
3107 1156 3449 1211 condemna-

178 1253 422 1319 tionem,
452 1254 538 1307 sic
557 1259 615 1307 et
634 1253 720 1308 24.
753 1269 854 1323 per
878 1253 1044 1308 unius
1068 1254 1345 1323 justitiam
1373 1254 1431 1308 in
1461 1271 1654 1308 omnes
1682 1255 1940 1308 homines
1959 1257 2016 1309 in
2039 1257 2494 1325 justlﬂcationem
2517 1255 2661 1309 vitae.
2699 1257 2785 1309 Ita
2813 1255 3197 1308 misericordia
3227 1251 3327 1304 Dei
3349 1265 3448 1318 per

173 1345 354 1395 unius
363 1343 660 1410 justitiam
687 1343 753 1394 in
781 1356 965 1394 omnes
993 1341 1238 1394 homines
1263 1345 1541 1418 processit.
1571 1343 1658 1400 25.
1690 1345 1845 1400 Sicut
1872 1345 2024 1399 enim
2053 1361 2154 1419 per
2180 1344 2618 1399 inobedientiam
2649 1345 2815 1398 unius
2852 1341 3096 1397 hominis
3126 1343 3444 1412 peccatores

1631 1575 1874 1633 CAPUT
1895 1576 1990 1638 VI.

244 1771 303 1828 8.
341 1773 522 1840 Usque
546 1773 809 1840 adiegem
829 1775 1000 1826 enim.
1041 1773 1345 1828 Peccatum
1361 1773 1597 1844 quidem
1622 1774 1852 1837 inhisA
1937 1775 2022 1834 18.
2052 1779 2121 1833 In
2144 1782 2354 1848 plures.
2404 1778 2601 1833 Plures
2637 1777 2791 1845 dicit,
2841 1790 2955 1830 non
3001 1773 3074 1829 ad
3127 1787 3449 1839 numerum,

176 1860 351 1914 etiam
379 1860 482 1930 qui
526 1860 709 1930 legem
740 1865 1086 1930 acceperant,
1119 1862 1245 1929 fuit,
1277 1861 1376 1916 sed
1401 1877 1512 1915 non
1531 1866 1773 1930 tantum,

175 1955 462 2018 quantum
494 1949 684 2019 prius;
718 1965 820 2020 per
837 1949 1043 2019 legales
1063 1950 1212 2005 enim
1237 1950 1617 2005 observantias
1637 1953 1779 2006 mul-

176 2037 219 2090 ti
245 2037 636 2091 salvabantur.

248 2126 301 2181 9.
328 2128 621 2181 Peccatum
660 2129 831 2181 enim.
883 2127 1062 2182 Aliter
1086 2129 1177 2182 hic
1201 2114 1490 2200 peccatum
1519 2129 1782 2201 intelligit

177 2232 352 2285 quam
383 2215 666 2286 superius.
701 2215 997 2270 Peccatum
1027 2217 1177 2271 enim
1197 2218 1301 2272 hoc
1326 2217 1385 2271 in
1413 2218 1536 2272 loco
1572 2219 1782 2290 signiﬁ-

176 2310 268 2358 cat
310 2303 835 2376 przevaricationem
877 2305 1034 2376 legis,
1077 2322 1200 2376 quae
1253 2322 1366 2360 non
1397 2305 1783 2376 imputabatur

175 2409 307 2447 cum
332 2393 425 2446 lex
449 2409 561 2446 non
591 2398 754 2448 esset.

248 2470 340 2529 10.
373 2474 624 2527 AUGUST.
651 2475 748 2540 (De
764 2481 1108 2543 peccatorum
1130 2477 1345 2528 meritis
1373 2480 1421 2529 et
1440 2478 1652 2541 remis.,
1687 2476 1780 2528 de-

179 2578 283 2629 quc
307 2565 623 2631 Bap.parv.
655 2562 752 2615 lib.
792 2575 831 2630 Ι,
871 2578 991 2632 cap.
1023 2577 1096 2629 xx,
1129 2567 1268 2616 tom.
1292 2563 1437 2629 VII.)
1459 2564 1527 2616 In
1556 2580 1640 2617 eos
1668 2579 1780 2617 non

181 2657 566 2717 peccaverunt,
609 2652 665 2705 id
689 2657 792 2715 est,
826 2652 921 2722 qui
940 2653 1189 2706 nondum
1219 2668 1320 2705 sua
1349 2657 1406 2705 et
1434 2651 1660 2722 prOpria
1682 2667 1778 2704 vo-

180 2741 424 2807 luntate,
458 2741 604 2795 sicut
620 2741 732 2807 ille,
766 2747 1152 2813 peccaverunt,
1182 2741 1280 2795 sed
1309 2740 1378 2794 ab
1421 2740 1517 2794 illo
1546 2740 1779 2815 origine

178 2832 479 2898 peccatum
508 2833 822 2884 traxerunt.

251 2916 341 2973 11.
373 2919 584 2972 Lam-'3.
627 2922 697 2974 In
738 2922 1188 2988 similitudinem,
1225 2919 1282 2974 id
1311 2922 1412 2986 est,
1443 2917 1537 2988 qui
1568 2933 1780 2988 praeva-

178 3008 343 3063 ricati
367 3015 508 3062 sunt
537 3014 817 3080 praecepta
833 3009 954 3076 Dei,
987 3009 1133 3064 sicut
1159 3009 1360 3063 Adam.

1860 1868 1958 1922 sed
1987 1869 2121 1939 quia
2147 1867 2204 1922 in
2235 1868 2384 1922 vitiis
2409 1870 2616 1939 plures.
2671 1867 2853 1921 Adam
2881 1865 3032 1919 enim
3052 1881 3154 1935 per
3177 1862 3450 1932 originale

1859 1957 2016 2011 dedit
2067 1962 2327 2024 mortem,
2377 1957 2636 2012 Christus
2660 1972 2791 2010 vero
2821 1956 2889 2010 de
2918 1952 3230 2009 actualibus
3260 1957 3318 2006 et
3346 1951 3456 2005 ori-

1859 2046 2140 2117 ginalibus
2164 2045 2439 2101 liberavit.

1931 2134 2022 2193 19.
2079 2139 2326 2192 AUGUST.
2382 2137 2556 2207 (ibid,
2608 2153 2729 2207 cap.
2773 2134 2888 2203 15.)
2932 2135 2999 2188 Et
3055 2148 3168 2187 non
3195 2135 3338 2186 sicut
3351 2146 3454 2200 per

1862 2242 2063 2280 unum.
2113 2225 2198 2280 Ab
2243 2226 2445 2293 Adam,
2494 2229 2558 2280 in
2601 2243 2705 2296 quo
2732 2240 2916 2279 omnes
2941 2224 3312 2304 peccavimus,
3339 2235 3453 2274 non

1863 2316 2055 2371 omnia
2096 2321 2289 2370 nostra
2333 2320 2582 2387 peccata,
2624 2315 2722 2369 sed
2751 2319 2974 2368 tantum
3010 2309 3282 2381 originale
3327 2313 3455 2363 tra—

1863 2404 2142 2460 duximus.
2170 2407 2218 2459 A
2248 2405 2470 2460 Christo
2489 2421 2638 2465 vero,
2655 2404 2714 2458 in
2731 2421 2840 2475 quo
2851 2418 3044 2456 omnes
3055 2398 3450 2471 justificamur,

1863 2511 1976 2552 non
2003 2495 2154 2549 illius
2208 2499 2430 2548 tantum
2459 2494 2763 2564 originalis,
2800 2492 2895 2546 sed
2927 2491 3096 2545 etiam
3124 2494 3454 2543 ceterorum

1864 2601 1986 2654 qum
2006 2584 2442 2655 ipsiaddidimus
2457 2582 2842 2636 remissionem
2873 2578 3290 2650 consequimur.
3323 2575 3455 2629 Ideo

1860 2690 1974 2728 non
1995 2673 2139 2727 sicut
2165 2690 2266 2744 per
2293 2689 2470 2727 unum
2502 2675 2842 2743 peccantem,
2876 2670 2956 2724 ita
2976 2673 3033 2722 et
3054 2668 3286 2721 donum.
3305 2666 3450 2720 Nam

1857 2762 2133 2833 judicium
2149 2762 2298 2834 quod
2319 2762 2443 2832 [at.,
2476 2758 2730 2832 quidem]
2763 2775 2828 2814 ex
2855 2774 2969 2812 uno
3005 2757 3206 2811 delicto
3239 2755 3304 2822 (si
3337 2769 3451 2808 non

1861 2853 2206 2921 remittatur)
2219 2851 2276 2904 id
2296 2857 2383 2906 est
2405 2851 2686 2921 originali,
2712 2850 2772 2904 in
2799 2845 3322 2903 condemnationem
3331 2845 3453 2914 jam

1861 2947 2048 3014 potest
2065 2941 2288 2995 ducere.
2315 2940 2510 2994 Gratia
2531 2955 2662 2994 vero
2681 2955 2747 2992 ex
2768 2937 2962 2992 multis
3001 2935 3218 2990 delictis
3259 2932 3456 2986 remis-

1862 3031 1958 3098 sis,
1998 3031 2104 3085 hoc
2131 3035 2235 3097 est,
2267 3046 2379 3083 non
2409 3029 2592 3083 solum
2619 3027 2902 3097 originali,
2928 3040 3121 3079 verum
3149 3022 3318 3076 etiam
3341 3036 3456 3074 om-

250 3095 485 3188 11._Qui
508 3103 582 3188 est
610 3099 796 3188 forma
849 3099 1062 3165 futuri.
1127 3097 1316 3188 Adam
1360 3097 1542 3152 forma
1571 3093 1840 3161 ChristiB
1861 3093 2025 3174 nibus
2054 3093 2289 3188 ceteris,
2323 3118 2394 3172 ad
2416 3093 2877 3188 justificationem
2892 3111 3167 3186 perducit.

178 3185 306 3240 fuit.
339 3186 488 3251 Quia
525 3187 670 3241 sicut
698 3187 794 3240 ille
831 3191 990 3258 pater
1020 3187 1270 3242 omnium
1315 3188 1621 3242 secundum
1654 3202 1779 3240 car-

179 3292 331 3342 nem,
384 3275 469 3329 sic
493 3275 750 3330 Christus
775 3282 936 3348 pater
959 3276 1209 3331 ﬁdelium
1237 3277 1545 3333 secundum
1587 3278 1774 3331 fidem.

182 3363 251 3417 Et
277 3363 429 3417 sicut
445 3380 514 3416 ex
541 3364 718 3417 latere
743 3364 894 3430 Adae,
920 3364 1159 3420 formata
1180 3372 1266 3420 est
1288 3367 1420 3432 Eva,
1447 3366 1528 3420 sic
1554 3383 1620 3419 ex
1643 3367 1781 3420 late-

181 3469 242 3507 re
273 3453 490 3507 Christi
518 3453 906 3523 proﬂuxerunt
931 3461 1300 3519 sacramenta,
1326 3471 1429 3526 per
1456 3471 1578 3527 quae
1607 3456 1784 3510 salva-

181 3541 276 3594 tur
302 3540 572 3595 Ecclesia.

259 3629 343 3686 1‘2.
392 3631 637 3687 AUGUST.
669 3632 863 3702 (Ibid)
890 3633 999 3700 Qui
1018 3639 1092 3687 est
1116 3635 1321 3700 forma.
1376 3633 1519 3697 Quia
1567 3633 1625 3686 in
1664 3638 1781 3698 ιδ

184 3720 280 3774 illo
308 3724 633 3774 constructa
683 3725 770 3774 est
823 3721 1004 3776 forma
1057 3721 1538 3776 condemnatiouis
1577 3722 1784 3777 futuris

186 3809 428 3883 posteris
451 3810 547 3881 qui
577 3812 699 3882 ejus
729 3812 998 3883 progenie
1025 3817 1372 3866 crearentur.

262 3898 348 3956 '13.
378 3899 630 3956 Ausaos.
663 3901 771 3968 Qui
797 3905 876 3953 est
905 3903 1089 3969 forma
1123 3903 1330 3969 futuri.
1356 3900 1611 3955 Decrevit
1629 3900 1780 3954 enim

186 3987 336 4042 Deus
347 4003 451 4059 per
472 4004 646 4041 unum
670 3988 990 4054 (Christum)
1010 3989 1311 4043 emendare
1331 3990 1479 4060 quod
1492 4006 1592 4061 per
1604 4005 1782 4043 unum

187 4077 413 4144 (Adam)
444 4083 733 4148 peccatum
777 4084 879 4145 est,
922 4079 1069 4133 sicut
1095 4079 1154 4132 in
1181 4079 1515 4152 Apocalypsi
1540 4080 1783 4134 Joannes

191 4166 375 4238 inquit
404 4190 418 4220 :
440 4168 629 4236 Agnus
649 4170 752 4237 qui
762 4171 966 4222 occisus
987 4173 1059 4222 est
1080 4185 1115 4222 a
1134 4172 1521 4223 constitutione
1558 4171 1776 4224 mundi.

257 4256 286 4309 1
297 4254 348 4310 4.
381 4255 488 4311 Sed
502 4272 614 4311 non
632 4259 774 4311 sicut
789 4258 1066 4311 delictum.
1095 4258 1212 4313 Hoc
1227 4256 1382 4324 dixit,
1401 4258 1783 4330 quiaformam

193 4344 359 4398 unius
383 4344 593 4398 Christi
623 4345 762 4400 dixit
787 4361 962 4400 unum
991 4345 1192 4400 Adam.

265 4433 350 4489 15.
383 4433 591 4491 Lassa.
611 4434 718 4490 Sed
745 4451 857 4489 non
881 4439 1022 4490 sicut
1069 4436 1347 4492 delictum.
1379 4435 1530 4491 Ordo
1563 4453 1575 4488 :
1613 4435 1784 4499 Quasi

195 4522 404 4576 diceret
434 4541 446 4576 :
479 4523 736 4592 quamvis
780 4524 959 4578 Adam
987 4525 1171 4580 forma
1197 4523 1307 4578 fuit
1347 4524 1573 4591 Christi,
1605 4525 1784 4594 majo-

195 4628 309 4666 rem
330 4617 524 4666 tamen
547 4611 656 4666 vim
685 4611 856 4667 habet
882 4613 1091 4668 donum
1113 4613 1340 4668 Christi.
1376 4613 1509 4668 Plus
1529 4613 1679 4667 enim
1699 4617 1786 4667 est

195 4702 472 4754 viviﬁcare
494 4717 662 4771 quam
692 4701 962 4756 occidere.

259 4788 350 4844 16.
381 4790 632 4845 Auousr.
673 4791 857 4858 (ibid.)
881 4792 1056 4845 Multo
1079 4793 1258 4858 magis
1285 4792 1495 4857 gratia.
1523 4790 1650 4845 Non
1671 4807 1786 4843 ma-

195 4881 275 4950 gis
306 4877 537 4942 multos,
573 4883 632 4931 et
657 4877 836 4931 multo
868 4879 1058 4949 plures
1095 4878 1370 4932 homines.
1407 4879 1603 4948 Neque
1634 4878 1784 4932 enim

196 4967 379 5038 plures
438 4965 822 5035 justiﬁcantur
865 4981 1036 5036 quam
1100 4965 1565 5019 condemnantur.
1607 4965 1786 5019 Adam

200 5053 398 5124 quippe
420 5069 486 5106 ex
515 5069 617 5107 suo
655 5053 856 5108 delicto
883 5070 1009 5108 reos
1039 5054 1255 5123 genuit.
1289 5053 1546 5108 Christus
1597 5060 1788 5108 autem

201 5143 362 5196 etiam
387 5158 512 5213 quae
553 5143 810 5196 homines
851 5143 1054 5197 delicta
1102 5141 1342 5214 propriae
1377 5143 1681 5197 voluntatis
1718 5143 1790 5196 ad

202 5233 464 5304 originale
492 5233 551 5288 in
579 5249 690 5299 quo
719 5239 1088 5304 peccaverunt
1117 5232 1244 5306 [at.,
1277 5233 1397 5288 nati
1425 5233 1601 5303 sunt],
1635 5233 1790 5287 addi-

202 5324 428 5392 derunt;
453 5323 642 5394 gratia
655 5339 760 5378 sua
786 5323 950 5377 solvit
978 5328 1148 5393 atque
1183 5323 1426 5377 donavit.

268 5410 352 5467 17.
384 5413 596 5467 mura.
630 5413 700 5466 In
727 5414 917 5480 gratia
945 5414 1118 5465 unius
1144 5412 1405 5466 hominis.
1426 5411 1491 5464 In
1503 5411 1708 5480 gratia,
1731 5411 1790 5465 id

202 5509 296 5570 est,
350 5508 583 5574 propter
632 5501 898 5571 gratiam.
950 5499 1203 5554 Gratiam
1247 5506 1437 5554 autem
1491 5499 1581 5554 hic
1630 5506 1792 5555 vocat

206 5591 592 5664 perfectionem
643 5589 917 5644 virtutum
969 5606 1139 5661 quam
1175 5591 1345 5644 homo
1393 5589 1510 5657 ille,
1541 5605 1577 5643 a
1608 5589 1792 5644 Verbo

205 5681 372 5737 Patris
402 5684 750 5750 assumptus,
769 5694 870 5749 per
885 5678 1128 5748 gratiam
1149 5678 1250 5733 Dei
1277 5677 1492 5732 habuit.

1935 3227 2025 3284 20.
2047 3227 2252 3281 LANFR.
2283 3227 2353 3280 Et
2388 3242 2500 3280 non
2529 3228 2690 3279 sicut.
2724 3222 2905 3278 Aliter
2935 3240 2946 3274 :
2978 3221 3084 3274 etsi
3107 3218 3252 3274 sicut
3267 3233 3458 3300 pecca-

1865 3322 2007 3384 tum,
2030 3317 2112 3371 ita
2128 3321 2186 3370 et
2202 3315 2433 3382 donum,
2459 3314 2517 3368 id
2547 3317 2650 3381 est,
2676 3317 2916 3382 utraque
2945 3309 3104 3382 paria
3149 3323 3261 3362 non
3301 3311 3454 3361 sunt.

1932 3424 2022 3479 21.
2055 3426 2248 3480 Gratia
2296 3429 2482 3477 autem
2534 3439 2598 3476 ea;
2640 3423 2858 3475 multis.
2917 3417 3068 3472 Ordo
3100 3421 3186 3470 est
3217 3433 3228 3468 :
3258 3412 3455 3468 Gratia

1863 3520 2054 3570 autem
2082 3514 2141 3568 in
2164 3511 2625 3584 justificationem
2645 3527 2712 3564 ex
2739 3508 2932 3563 multis
2950 3505 3187 3561 delictis.

1933 3620 2024 3678 22.
2050 3622 2290 3676 Αυῦυετ.
2325 3617 2502 3689 (ibid)
2520 3618 2940 3672 Abundantium
2969 3617 3184 3682 gratias.
3212 3611 3358 3676 Quid
3375 3617 3460 3665 est

1864 3717 2055 3766 autem
2081 3709 2486 3764 abundantiam
2512 3708 2709 3777 gratiae
2736 3710 2793 3760 et
2837 3701 3256 3775 justiﬁcationis
3286 3707 3344 3754 et
3364 3701 3460 3771 ju-

1862 3800 2030 3855 stitiae
2053 3798 2354 3870 accipiunt,
2384 3796 2493 3850 nisi
2511 3796 2657 3867 quod
2679 3811 2790 3849 non
2815 3794 2895 3848 eis
2918 3796 3141 3846 tantum
3167 3794 3460 3862 peccatum

1863 3891 1922 3944 in
1952 3906 2062 3960 quo
2090 3904 2283 3942 omnes
2303 3890 2692 3957 peccaverunt,
2722 3883 2820 3938 sed
2868 3883 3039 3936 etiam
3059 3879 3208 3950 quod
3235 3876 3460 3932 addide-

1861 3983 2015 4043 runt,
2045 3976 2231 4047 gratia
2257 3974 2606 4029 remissionis
2635 3973 2804 4026 datur
2829 3970 2858 4023 ?

1935 4083 2023 4140 23.
2060 4088 2127 4140 In
2156 4087 2270 4138 vita
2300 4083 2630 4150 regnabant.
2667 4080 2737 4133 Et
2764 4077 3032 4156 quidgest,
3071 4075 3250 4128 multo
3281 4073 3459 4144 magis

1865 4176 1925 4230 in
1953 4175 2069 4229 vita
2085 4172 2404 4244 regnabunt
2421 4189 2434 4238 ;
2468 4185 2596 4224 cum
2610 4167 2807 4222 mortis
2821 4182 3058 4237 regnum
3072 4164 3250 4218 multo
3268 4163 3459 4234 plures

1865 4265 1924 4318 in
1962 4269 2228 4318 aeternam
2253 4275 2477 4333 pmnam
2533 4257 2753 4312 trahat?
2800 4255 2922 4310 Nisi
2951 4254 3337 4324 intelligamus
3363 4268 3459 4306 eos

1801 4352 1844 4414 C
1866 4355 1925 4408 in
1946 4353 2081 4424 ipsis
2109 4353 2231 4422 [al.,
2265 4367 2359 4404 eos
2387 4347 2560 4420 ipsos]
2591 4347 2651 4401 in
2678 4351 2918 4416 utroque
2953 4343 3081 4409 dici,
3129 4341 3226 4413 qui
3272 4346 3460 4396 trans-

1867 4449 2003 4497 eunt
2031 4442 2100 4495 ab
2126 4441 2308 4494 Adam
2337 4439 2408 4492 ad
2441 4437 2746 4501 Christum,
2792 4434 2849 4488 id
2883 4437 2969 4487 est
3013 4449 3047 4486 a
3077 4437 3258 4485 morte
3283 4431 3354 4484 ad
3376 4431 3458 4484 vi-

1865 4538 2003 4594 tam,
2033 4530 2166 4600 quia
2196 4529 2256 4582 in
2301 4528 2416 4581 vita
2442 4532 2652 4581 aeterna
2681 4525 2802 4580 sine
2831 4524 2943 4576 ﬁne
2970 4520 3306 4592 regnabunt,
3339 4535 3460 4574 ma—
3487 4579 3497 4585 _

1864 4621 1951 4691 gis
1983 4636 2154 4691 quam
2179 4618 2240 4672 in
2268 4618 2349 4671 eis
2378 4633 2530 4670 mors
2557 4613 2944 4684 temporaliter
2959 4617 3017 4665 et
3043 4627 3171 4665 cum
3203 4611 3314 4664 ﬁne
3333 4625 3460 4679 reg-

1865 4709 2024 4764 nabit
2045 4710 2170 4779 [al.,
2195 4705 2492 4777 regnavit].
2879 4714 2885 4724 '

1935 4797 2024 4852 24.
2055 4798 2268 4852 LANFR.
2301 4797 2402 4849 Per
2422 4797 2596 4847 unius
2617 4792 2926 4861 justitiam.
2962 4789 3074 4844 Per
3095 4789 3378 4860 justitiam
3407 4793 3465 4843 et

1869 4885 2245 4942 obedientiam
2267 4882 2494 4940 Christi.
2520 4882 2635 4935 vita
2657 4881 2910 4935 omnium
2931 4878 3278 4932 credentium
3299 4877 3465 4948 justi-

1867 4978 2034 5030 ﬁcata
2058 4981 2170 5033 est.
2231 4973 2375 5038 Quia
2402 4972 2532 5025 inde
2569 4971 2750 5024 factus
2779 4975 2865 5024 est
2896 4969 3080 5023 hostia
3106 4966 3464 5038 acceptabilis

1868 5066 1984 5120 Deo
2003 5081 2104 5136 pro
2125 5062 2367 5134 peccatis
2386 5060 2658 5126 omnium,
2698 5059 2832 5130 quia
2855 5060 3043 5129 justus
3083 5063 3142 5112 et
3189 5057 3463 5110 immacu-

1870 5156 2018 5208 latus
2046 5154 2168 5207 sine
2196 5158 2443 5223 peccato,
2492 5155 2548 5204 et
2591 5149 2857 5203 obediens
2881 5148 2986 5202 fuit
3013 5163 3191 5218 usque
3219 5145 3289 5199 ad
3319 5160 3465 5198 mor-

1869 5249 2006 5298 tem.

1939 5331 2029 5389 25.
2062 5331 2217 5386 Sicut
2269 5333 2440 5384 enim.
2485 5326 2879 5399 Comprobatio
2908 5329 2965 5379 et
2993 5322 3266 5394 expositio
3305 5338 3466 5394 supe-

1871 5422 2036 5477 rioris
2071 5437 2302 5475 versus:
2333 5419 2517 5473 omnis
2554 5417 2704 5471 enim
2736 5413 3133 5478 inobedientia,
3170 5412 3218 5465 si
3245 5416 3468 5468 tantum

1872 5513 2021 5567 mala
2041 5518 2146 5578 est,
2176 5510 2442 5565 delictum
2467 5526 2480 5575 ;
2512 5513 2569 5561 et
2591 5505 2773 5560 omnis
2801 5501 3138 5568 obedientia,
3168 5503 3216 5557 si
3245 5507 3468 5557 tantum

1873 5602 2021 5656 bona
2052 5606 2155 5666 est,
2173 5598 2412 5669 justitia.
