3952 6396
473 366 580 436 123
1458 368 1522 431 B‘.
1566 370 1985 434 LANFRANCI
2020 370 2391 433 omnium:
2420 366 2758 430 ARCHIEP‘.
3638 364 3759 421 ne

478 498 769 555 constituti
792 504 925 555 sunt
946 498 1137 566 'm’ulti,
1167 498 1247 553 ita
1277 504 1333 552 et
1359 492 1447 555 26.
1482 512 1583 573 per
1612 498 1777 553 unius
1797 498 2171 556 obeditionem
2185 499 2324 571 justi
2344 497 2761 553 constituentur
2772 493 2958 550 multi.
2972 490 3063 560 27,
3091 490 3181 552 28.
3205 491 3524 546 Lerautem
3550 488 3767 544 sutrina

483 588 672 653 travit,
729 590 793 642 ut
845 588 1157 644 abundaret
1212 585 1497 643 delictum.
1526 576 1633 642 Ubi
1662 593 1851 645 autem
1880 588 2185 643 abundavit
2215 586 2500 649 delictum,
2529 581 3129 655 29.‘superabundavit
3148 580 3353 652 gratia,
3381 578 3468 636 30.
3501 583 3571 633 ut
3593 578 3773 633 sicut

484 674 745 748 regnavit
758 682 1045 749 peccatum
1077 676 1143 729 in’
1167 680 1429 743 mortem,
1451 675 1533 730 ita
1553 666 1641 743 3f,
1669 675 1759 730 32.
1796 681 1852 730 et
1876 677 2059 751 gratia
2087 683 2285 751 regnet
2306 675 2393 736 33.
2427 688 2529 751 per
2544 674 2835 746 justitiam
2847 672 3107 727 invitam
3120 676 3408 736 sternam,
3432 669 3760 743 perJesum

483 762 773 821 Christum
802 765 1104 822 Dominum
1131 768 1406 821 nostrum.

1950 852 2199 912 CAPUT
2217 854 2317 914 VI.

553 979 707 1042 Quid
732 992 870 1050 ergo
896 979 1189 1037 dicemus?
1214 979 1683 1037 Permanebimue
1696 981 1755 1035 in
1784 984 2033 1050 peccato,
2056 981 2333 1051 utgraﬁa-
2352 980 2642 1038 abundet?
2666 980 2862 1037 Absit!
2895 979 3011 1047 Qui
3034 977 3085 1036 1.
3121 978 3283 1035 enim
3307 975 3520 1036 mortui
3548 991 3775 1035 sumus

485 1074 736 1139 peccato,
767 1069 1050 1140 quomodo
1079 1070 1265 1125 adhuc
1288 1070 1535 1126 vivemus
1562 1071 1622 1126 in
1650 1070 1789 1124 illo?
1820 1072 1903 1122 An
1934 1068 2223 1137 ignoratis
2252 1070 2391 1141 quia
2413 1070 2731 1141 quicunque
2751 1068 3018 1141 δερώεή
3043 1084 3243 1125 sumus
3263 1067 3329 1123 in
3348 1066 3575 1122 Christo
3588 1066 3775 1130 Iesu.

480 1156 539 1213 2.
579 1156 631 1215 3.
674 1159 735 1214 in
770 1165 957 1215 morte
974 1159 1153 1230 ipsius
1180 1160 1447 1230 baptizati
1466 1161 1702 1215 sumus?
1720 1158 1777 1214 4.
1806 1159 2135 1229 Consepulti
2155 1159 2307 1215 enim
2337 1176 2533 1215 sumus
2559 1175 2689 1214 cum
2707 1158 2805 1215 ilio
2832 1174 2933 1229 per
2950 1157 3292 1228 baptismum
3318 1155 3380 1211 in
3397 1158 3655 1221 mortem,
3683 1156 3777 1210 ut.

486 1244 767 1314 quomodo
796 1246 1053 1303 Christus
1070 1248 1365 1302 surrexita
1388 1248 1627 1303 mortuis
1648 1264 1750 1317 per
1773 1247 2013 1317 gloriam
2046 1248 2351 1315 Patris,ita
2364 1254 2423 1303 et
2448 1264 2551 1303 nos
2569 1249 2622 1302 5.
2652 1248 2713 1302 in
2731 1247 2975 1303 novitate
2990 1247 3121 1301 vita
3132 1244 3506 1301 ambulemus.
3528 1242 3582 1311 6,
3602 1241 3656 1298 Ἰ.
3686 1242 3771 1301 εί.

484 1334 637 1390 enim
666 1336 1032 1406 complantati
1058 1336 1192 1391 facti
1216 1354 1412 1392 sumus
1433 1337 1486 1392 8.
1509 1336 1865 1391 similitudini
1895 1337 2094 1392 mortis
2112 1338 2255 1407 ejus,
2290 1334 2342 1393 9.
2376 1337 2546 1392 simul
2565 1342 2625 1393 et
2639 1334 3072 1392 resurrectionis
3093 1334 3325 1390 erimus.
3367 1333 3490 1388 Hoc
3505 1330 3773 1389 scientes»

488 1422 573 1478 10.
602 1424 734 1493 quia
763 1430 921 1478 vetus
949 1425 1117 1478 homo
1148 1430 1340 1478 noster
1357 1424 1525 1478 simul
1548 1425 1844 1479 cruciﬁxus
1870 1431 1974 1491 est,
2006 1425 2094 1482 11.
2119 1433 2184 1480 ut
2212 1426 2536 1481 destruatur
2566 1424 2650 1482 12.
2677 1441 2881 1496 corpus
2899 1423 3130 1494 peccati,
3149 1428 3207 1476 et
3230 1422 3381 1475 ultra
3400 1437 3513 1475 non
3533 1420 3758 1474 servia-

483 1528 611 1564 mus
641 1517 890 1581 peccato.
926 1510 1011 1567 13.
1038 1511 1145 1575 Qui
1166 1513 1316 1566 enim
1347 1519 1604 1567 mortuus
1632 1519 1735 1579 est,
1760 1514 2104 1583 justiﬁcatus
2130 1519 2217 1568 est
2245 1531 2279 1568 a
2303 1519 2546 1585 peccato.
2573 1512 2661 1568 14.
2690 1513 2748 1568 Si
2772 1519 2959 1567 autem
2978 1511 3187 1565 mortui
3217 1526 3411 1565 sumus
3439 1525 3564 1563 cum
3586 1508 3760 1585 Chri-

483 1604 589 1664 sto,
622 1600 903 1653 credimus
942 1601 1075 1670 quia
1105 1601 1275 1655 simul
1303 1602 1473 1656 etiam
1503 1603 1755 1657 vivemus
1781 1620 1909 1657 cum
1939 1603 2181 1670 Christe,
2206 1602 2446 1657 scientes
2466 1602 2615 1673 quod
2644 1602 2900 1657 Christus
2924 1616 3222 1671 resurgens
3269 1616 3336 1653 ex
3372 1597 3610 1652 mortuis
3622 1576 3756 1666 jam

483 1703 596 1741 non
617 1688 873 1753 moritur,
893 1705 1044 1742 mors
1069 1689 1151 1743 illi
1166 1691 1317 1744 ultra
1336 1707 1449 1744 non
1462 1691 1861 1746 dominabitur.
1887 1691 1968 1748 15.
1993 1692 2152 1756 Quod
2187 1698 2223 1757 Ι
2237 1697 2432 1757 ιηθ
2446 1691 2596 1745 enim
2619 1698 2874 1745 mortuus
2885 1696 2988 1756 est,
3008 1694 3252 1760 peccato,
3278 1691 3537 1740 mortuus
3559 1689 3756 1739 estse-

484 1775 619 1838 mei;
635 1775 784 1844 quod
799 1782 992 1833 autem
1006 1776 1297 1842 vivit,vivi‘l
1309 1779 1444 1835 Deo.
1475 1779 1559 1837 lli.
1584 1782 1669 1835 lta
1682 1786 1740 1837 et
1754 1797 1854 1837 vos
1883 1781 2201 1840 existimate
2220 1797 2317 1836 vos
2342 1787 2594 1835 nmmos
2623 1780 2846 1851 quidem
2867 1795 2991 1836 esse
3010 1782 3260 1849 peccato.
3289 1777 3757 1834 viventesautom

484 1863 623 1926 Dee.-
648 1863 709 1920 in
736 1864 963 1923 Christo
988 1866 1125 1923 Jesu
1151 1867 1394 1925 Domine
1420 1873 1635 1928 nostro.
1668 1870 1759 1935 t7,
1787 1868 1872 1927 18.
1892 1870 2021 1927 Non
2050 1886 2076 1927 e

2203 1876 2403 1940 regnet
2430 1876 2720 1941 peccem
2735 1870 3005 1926 iuvent-ar
3025 1866 3253 1927 mortali
3264 1880 3521 1936 corpore.
3539 1864 3767 1924 uteba-

484 1951 658 2009 αἰκία
685 1953 1151 2023 concupiscentiis
1182 1956 1325 2025 eius.
1358 1955 1473 2015 Sed
1504 1955 1591 2017 19.
1624 1974 1808 2028 neque
1834 1958 2146 2017 «bibentis
2173 1959 2426 2014 umbra
2453 1966 2639 2015 vestra
2670 1956 2769 2015 90..
2794 1974 2957 2014 arm
2981 1956 3305 2027 mimis
3327 1959 3606 2026 ροοιωοος
3647 1954 3761 2013 sed

486 2039 742 2095 exhibete
769 2057 866 2096 vos
896 2042 1012 2097 Deo
1035 2048 1307 2114 tanquam
1335 2062 1400 2100 ex
1437 2047 1684 2107 mortuis
1724 2047 1990 2113 viventes.
2021 2052 2082 2107 et
2124 2048 2381 2104 membra
2408 2055 2594 2104 vestra
2620 2064 2778 2103 arma
2801 2047 3039 2119 justitiaa
3068 2047 3204 2101 Deo.
3254 2045 3559 2101 Peccatum
3594 2042 3767 2102 enim.

1823 2154 2412 2210 COMMENTARIUS.

508 2254 511 2257 ’
552 2248 652 2316 26.
711 2261 813 2313 Per
880 2262 1054 2313 unius
1113 2262 1498 2314 obedientiam.
1548 2258 1656 2316 Per
1697 2262 2074 2317 obedientiam
2090 2276 2138 2335 Α
2228 2261 2281 2320 6.
2312 2266 2564 2322 Αιωιὶοε.
2598 2261 2663 2318 Si
2697 2255 2848 2317 énim
2894 2261 3272 2329 comptantatt.
3314 2256 3472 2312 Tunc
3498 2271 3601 2310 nos
3623 2255 3765 2311 feli-

483 2338 711 2412 Christi,
740 2346 881 2419 justi
912 2353 1046 2401 sunt
1087 2348 1251 2401 multi
1284 2367 1296 2419 ;
1337 2349 1424 2403 vel
1454 2350 1586 2420 quia
1628 2350 1944 2405 obedientia
1973 2352 2077 2405 ho-

482 2433 648 2488 stiam
675 2436 1104 2489 commendavit.
1122 2436 1223 2491 Vel
1251 2437 1382 2513 quia
1402 2437 1719 2493 obe‘dientia
1746 2440 1817 2493 ad
1836 2447 2077 2495 mortem

486 2520 768 2577 Christum
801 2524 1077 2594 perduxit.
1106 2524 1270 2579 Fides
1291 2531 1480 2581 autem
1510 2529 1709 2582 mortis
1738 2530 1877 2600 ejus,
1905 2528 2081 2599 justi-

484 2611 685 2665 ilcavit.
1821 2620 1828 2626 '
1993 2625 2001 2632 '

555 2698 642 2756 ‘27.
678 2701 782 2754 Lex
800 2705 986 2755 autem
1014 2705 1370 2757 subintravit.
1422 2705 1589 2762 Moris
1622 2711 1706 2759 est
1761 2706 2077 2761 divinarum

484 2787 822 2855 litterarum,
871 2789 968 2844 ubi
1009 2792 1200 2866 piures
1227 2808 1411 2847 causa:
1457 2800 1607 2859 sunt,
1653 2810 1826 2849 unam
1854 2801 2076 2850 tantum

486 2884 632 2948 saepe
661 2892 1011 2947 enumerare,
1042 2881 1188 2935 sicut
1220 2882 1278 2935 in
1308 2882 1413 2936 hoc
1439 2882 1610 2937 loco:
1641 2884 1772 2938 data
1813 2890 1897 2939 est
1927 2885 2076 2939 enim

487 2966 597 3033 lex,
623 2971 688 3022 ut
716 2970 1095 3040 praedestinati
1122 2970 1193 3024 ad
1212 2972 1381 3024 vitam
1411 2988 1515 3042 per
1542 2972 1749 3043 legales
1784 2972 2080 3028 observan~

485 3057 593 3111 tias
624 3058 977 3113 salvarentur
1007 3078 1019 3127 ;
1064 3059 1439 3130 przedestinati
1468 3068 1656 3115 autem
1700 3062 1771 3117 ad
1814 3068 2075 3130 mortem,

484 3163 586 3218 per
612 3147 750 3217 legis
808 3148 1320 3218 praevaricationem
1350 3150 1531 3221 magis
1565 3151 1919 3222 punirentur.
1970 3151 2079 3207 Sed

486 3236 639 3289 illius
656 3248 841 3293 causa
875 3238 967 3291 hic
992 3244 1215 3292 tantum
1240 3240 1581 3294 mentionem
1603 3240 1754 3306 facit,
1786 3256 1891 3313 per
1906 3256 2077 3312 quam

486 3325 707 3379 Judaos
742 3336 809 3379 ex
856 3332 1084 3397 accepta
1141 3328 1266 3398 lege
1326 3329 1714 3400 superbientes
1775 3331 2079 3386 humilius

483 3414 680 3484 possit.

556 3499 645 3557 28.
684 3504 932 3563 Amnes.
992 3507 1097 3564 bos
1122 3511 1311 3566 autem
1358 3509 1720 3567 mbintrauit.
1778 3509 2081 3580 Apostolus

487 3592 734 3650 ostendit
770 3593 905 3669 quid
957 3595 1276 3670 provenerit
1331 3595 1461 3654 data
1502 3598 1644 3671 lege,
1678 3614 1793 3656 non
1830 3599 1967 3670 quid
1990 3600 2079 3652 lex

487 3680 699 3740 feCeriL

557 3772 643 3831 2’9.
670 3773 876 3831 Lassa.
898 3774 1381 3847 Superabundabit
1400 3780 1615 3847 gratia.
1651 3776 1823 3842 Quasi
1837 3776 2075 3834 diceret:

489 3877 522 3921 0
541 3861 751 3920 Judaei!
782 3880 877 3922 vos
915 3863 1126 3939 putatis
1156 3863 1303 3938 quod
1326 3866 1582 3923 Christus
1634 3864 1898 3937 gentibus
1953 3865 2081 3939 plus

487 3952 783 4022 dimiserit,
836 3954 933 4008 sed
977 3954 1312 4024 quibusdam
1365 3962 1613 4015 vestrum
1659 3958 1788 4031 plus
1842 3954 2079 4029 dimisit,

488 4059 627 4119 quos
654 4043 1109 4117 praevaricatores
1138 4044 1278 4114 legis
1296 4044 1529 4124 invenit.

561 4128 647 4193 30.
676 4132 739 4187 Ut
766 4136 910 4189 sicut
930 4138 1201 4204 regnavit,
1234 4132 1291 4188 id
1323 4140 1425 4203 est,
1454 4134 1763 4207 prinV'aluit.

559 4220 648 4284 3i.
676 4224 758 4279 Ita
787 4227 836 4281 et
864 4225 1052 4295 gratia
1074 4229 1280 4293 regnet,
1302 4222 1359 4281 id
1384 4230 1487 4293 est,
1514 4225 1832 4301 praevaleat.

561 4310 649 4372 32.
676 4310 924 4369 Auanos.
957 4308 1152 4371 Gratia
1180 4318 1383 4384 regnet.
1416 4314 1638 4387 Regnat
1662 4314 1849 4388 gratia
1875 4332 1978 4388 per
1997 4316 2086 4386 ju-

488 4402 725 4471 stitiam,
785 4401 832 4460 si
889 4408 1116 4475 accepta
1169 4401 1519 4471 remissione,
1553 4402 1835 4474 justitiam
1881 4420 2084 4479 sequa-

486 4507 633 4549 mur.

561 4578 649 4642 33-
679 4583 781 4640 Per
796 4583 1105 4650 justitiam,
1136 4580 1345 4641 scilicet
1372 4578 1602 4637 Christi.

560 4669 720 4724 CAP.
750 4668 846 4725 VI.
882 4700 952 4713 —
998 4669 1047 4727 1.
1096 4668 1303 4726 Laure.
1336 4671 1445 4738 Qui
1470 4672 1621 4727 enim
1658 4670 1872 4725 mortui
1893 4688 2086 4727 sumus

491 4766 721 4835 peccato,
782 4759 1010 4825 scilicet,
1044 4760 1104 4817 in
1132 4758 1442 4832 baptismo;
1474 4761 1538 4812 in
1576 4758 1789 4816 Christo
1824 4760 1973 4831 Jesu,
2024 4760 2083 4816 id

491 4860 596 4915 est,
629 4849 689 4908 in
719 4848 829 4907 ﬁde
860 4849 1068 4907 Christi
1097 4850 1250 4905 Jesu.

2158 2353 2297 2408 citer
2320 2354 2455 2407 dicit
2479 2370 2641 2424 posse
2690 2364 3000 2421 resurgere,
3046 2349 3093 2403 si
3141 2345 3499 2402 similitudini
3551 2345 3765 2400 mortis

2158 2446 2281 2519 ejus
2308 2443 2581 2499 fuerimus
2615 2439 2996 2515 complantati,
3027 2439 3084 2491 id
3112 2442 3214 2507 est,
3267 2436 3314 2493 sl
3369 2436 3429 2489 in
3471 2434 3763 2509 baptismo

2157 2532 2349 2587 omnia
2369 2533 2506 2587 vitia
2542 2531 2903 2603 deponentes,
2935 2529 2995 2583 in
3019 2543 3221 2581 novam
3255 2525 3427 2580 vitam
3466 2523 3756 2597 translati,

2158 2621 2227 2677 de
2248 2628 2447 2680 caetero
2471 2638 2581 2676 non
2602 2635 2912 2692 peccemus.

2226 2715 2287 2769 ’7.
2318 2712 2527 2769 LANFB.
2562 2709 2626 2766 Si
2651 2712 2798 2764 enim
2819 2707 3196 2778 complantati.
3229 2703 3355 2759 Alia
3373 2701 3520 2760 ratio
3548 2718 3649 2755 cur
3691 2701 3765 2759 in

2157 2805 2340 2855 morte
2361 2799 2536 2871 ipsius
2562 2798 2929 2869 baptizemur,
2950 2795 3327 2864 comptantati,
3353 2791 3411 2846 id
3432 2797 3536 2860 est,
3577 2790 3757 2861 afﬁxi,

2157 2890 2242 2945 vel
2269 2890 2638 2947 adhaerentes.

2231 2979 2283 3035 8.
2316 2977 2719 3045 Simititudini,
2741 2976 2796 3031 id
2814 2980 2915 3035 est.
2950 2974 2999 3028 si
3019 2970 3192 3029 semel
3207 2975 3434 3046 peccato
3454 2967 3759 3037 morimur,

2159 3069 2396 3127 similem
2428 3065 2893 3122 resurrectionem
2920 3060 3168 3119 habituri
3198 3076 3412 3117 sumus.

2231 3157 2284 3217 9.
2316 3157 2500 3213 Simul
2529 3160 2577 3210 et
2607 3148 3360 3220 resurrectionis,subaudis;
3394 3143 3765 3204 similitudini

2160 3250 2301 3321 ejus.

2227 3336 2317 3395 10.
2354 3337 2498 3407 Quia
2528 3338 2678 3388 vetus
2699 3332 2878 3394 homo,
2908 3329 2966 3383 id
2996 3332 3101 3398 est,
3119 3343 3221 3385 nos
3240 3326 3301 3380 in
3328 3340 3395 3384 eo
3425 3322 3575 3400 quod
3595 3338 3763 3381 more

2158 3426 2364 3485 veteris
2392 3420 2635 3478 hominis
2665 3435 2977 3495 peccamus.

2234 3514 2320 3571 11.
2365 3514 2427 3568 Ut
2456 3514 2780 3566 destruatur
2820 3524 3012 3578 corpus
3058 3505 3284 3577 peccati,
3330 3502 3387 3558 id
3417 3506 3522 3571 est,
3551 3519 3761 3574 corpus

2163 3611 2418 3663 nostrum
2434 3603 2496 3659 in
2524 3619 2590 3659 eo
2629 3600 2776 3676 quod
2802 3602 3013 3673 peccat.

2098 3657 2147 3717 B
2164 3657 2572 3762 “litamus
2585 3657 2824 3763 peccati
2838 3685 3044 3743 Omnia
3059 3687 3287 3762 peccata
3300 3682 3468 3741 simul
3484 3680 3759 3757 appellat,

2161 3800 2355 3852 corpus
2376 3783 2604 3851 peccati.

2235 3871 2320 3931 13.
2371 3871 2478 3938 Qui
2509 3872 2660 3924 enim
2700 3872 2955 3924 mortuus
2987 3869 3080 3921 est.
3126 3862 3289 3920 Ratio
3328 3877 3428 3917 cur
3472 3876 3587 3915 non
3632 3875 3761 3919 ser-

2161 3960 2422 4020 viendum
2449 3958 2523 4017 sit
2563 3962 2811 4035 peccato.
2854 3954 3088 4011 Peccato
3134 3952 3286 4010 enim
3310 3949 3634 4025 justiﬁcatio
3662 3965 3765 4023 pe-

2164 4051 2260 4110 rit.

2240 4136 2325 4200 14.
2358 4139 2422 4197 Si
2465 4143 2652 4196 autem
2698 4136 2913 4193 mortui
2954 4149 3167 4199 sumus,
3212 4129 3270 4186 id
3310 4132 3415 4199 est,
3465 4128 3513 4187 si
3556 4143 3763 4186 revera

2166 4229 2422 4288 Christus
2466 4225 2772 4283 secundum
2814 4240 3041 4281 carnem
3070 4226 3326 4279 mortuus
3345 4222 3467 4273 est:
3498 4233 3602 4275 nos
3623 4232 3762 4291 pec-

2166 4318 2305 4373 catis
2338 4315 2598 4372 omnibus
2624 4313 2831 4371 mortui
2861 4330 3074 4379 sumus,
3109 4311 3403 4377 credimus,
3431 4311 3539 4365 etc.

2239 4405 2326 4466 15.
2357 4407 2562 4466 LANFB.
2596 4405 2747 4473 Quod
2769 4405 2919 4459 enim
2935 4404 3190 4455 mortuus
3204 4402 3280 4455 est
3298 4400 3533 4469 peccato,
3555 4392 3767 4451 subau-

2166 4495 2253 4571 dis
2284 4510 2296 4545 ε
2328 4492 2560 4553 humani
2575 4491 2797 4569 generis
2824 4490 3081 4547 delendo.

2240 4584 2325 4643 16.
2356 4587 2442 4645 Ita
2473 4591 2521 4641 et
2547 4600 2655 4649 vos,
2686 4599 2788 4655 pro
2816 4580 3027 4655 itaque.

2242 4671 2326 4731 17.
2358 4675 2484 4728 Νοη
2520 4689 2645 4741 ergo
2703 4674 2891 4738 regnet
2928 4671 3232 4738 peccatum,
3291 4662 3351 4719 id
3404 4667 3508 4733 est,
3561 4677 3765 4720 concu~

2165 4764 2440 4836 piscentia
2464 4760 2697 4837 peccati.

2099 4890 2143 4951 ο
2240 4852 2323 4913 18.
2355 4853 2602 4909 AMBROS.
2633 4848 2756 4906 Non
2775 4861 2903 4916 ergo
2923 4848 3128 4945 regnet.
3160 4842 3397 4943 Mortale
3419 4857 3648 4951 corpus.
3680 4841 3766 4951 di:

562 4938 614 4998 2.
649 4940 717 4997 In
745 4943 918 4996 morte
939 4941 1130 5013 ipsius,
1163 4937 1221 4991 id
1250 4940 1354 5005 est,
1386 4937 1532 4993 sicut
1568 4935 1664 4992 ille
1706 4943 1964 4995 mortuus
2001 4928 2143 4997 estu
2166 4958 2316 5009 cens,
2344 4946 2528 4997 totum
2576 4935 2861 4994 hominem
2907 4932 3110 5007 signat,
3161 4932 3294 5007 quia
3340 4929 3438 5004 qui
3489 4928 3767 4985 obediunt

490 5028 683 5091 semel.
710 5033 768 5086 et
793 5044 1014 5101 semper
1051 5027 1203 5092 vivit,
1239 5026 1323 5081 ita
1373 5030 1430 5079 et
1482 5043 1584 5080 nos
1636 5028 1809 5083 semel
1858 5034 2084 5103 peccato

491 5118 822 5184 moriamur,
855 5124 914 5177 et
940 5119 998 5176 in
1018 5118 1161 5177 bene
1190 5118 1351 5177 factis
1388 5135 1609 5191 semper
1634 5118 1903 5172 vivamus.

561 5207 615 5262 3.
649 5209 898 5263 AMBROS.
936 5212 1006 5264 In
1045 5216 1219 5263 morte
1266 5212 1458 5278 ipsius.
1514 5208 1657 5263 Cum
1711 5204 2079 5278 baptizamur,

489 5299 891 5359 commorimur
921 5299 1172 5365 Christo;
1201 5300 1308 5356 hoc
1331 5305 1417 5356 est
1444 5298 1504 5355 in
1534 5303 1716 5353 morte
1747 5298 1871 5369 ejus
1895 5295 2081 5368 bapti-

490 5388 625 5447 zari.
652 5388 773 5447 Illic
800 5388 950 5447 enim
982 5393 1209 5463 peccata
1246 5387 1583 5445 moriuntur.

487 5538 491 5542 _
560 5476 616 5534 4.
646 5477 853 5535 hara.
879 5479 1191 5549 Consepulti
1208 5480 1377 5535 enim.
1403 5475 1748 5550 Designatio,
1774 5470 1999 5547 quando
2026 5470 2085 5528 et

489 5582 591 5621 cur
614 5558 674 5619 in
702 5571 883 5621 morte
914 5566 1123 5621 Christi
1148 5564 1514 5636 baptizemur.

564 5657 616 5712 5.
648 5657 718 5711 In
744 5658 1004 5725 novitate,
1033 5655 1092 5710 id
1119 5660 1227 5724 est,
1257 5671 1294 5709 a
1316 5654 1467 5710 vitiis
1495 5664 1876 5724 resurgamus.

2164 5035 2394 5105 peccato
2425 5026 2690 5084 mortales
2718 5025 2999 5081 dicuntur.
3032 5022 3237 5077 Anima
3291 5019 3441 5075 enim
3479 5034 3601 5095 quae
3629 5035 3764 5095 pec-

2167 5126 2277 5189 cat,
2308 5120 2432 5193 ipsa
2460 5116 2752 5179 morietur,
2783 5114 2840 5170 id
2864 5119 2952 5170 est
2972 5120 3126 5169 totus
3159 5112 3344 5167 homo.

2234 5207 2324 5268 19.
2384 5208 2565 5277 Neque
2620 5206 2933 5262 exhibeatz's.
2989 5203 3116 5259 Non
3166 5202 3302 5257 dicit
3349 5216 3604 5274 corpora,
3662 5200 3765 5256 sed

2164 5296 2434 5351 membra.
2485 5292 2750 5352 Membris
2809 5291 2962 5351 enim
3017 5289 3390 5361 ministratur,
3429 5289 3564 5348 'non
3635 5294 3759 5343 toto

2162 5402 2414 5459 corpore.

2234 5472 2324 5533 20.
2361 5475 2572 5534 LANPB.
2617 5476 2795 5533 Arma
2850 5473 3191 5548 iniquitatis,
3237 5470 3298 5530 id
3333 5476 3439 5539 est,
3497 5468 3759 5545 concupi-

2163 5564 2408 5623 soentiae.
