3952 6352
138 312 253 384 425
871 322 950 379 IN
985 320 1054 376 D.
1092 308 1314 376 rem!
1347 308 1572 377 mer.
1615 308 1987 377 om;
2035 350 2110 364 -
2143 310 2367 377 sm.
2408 314 2506 374 Am
2545 319 2723 376 ROM.
3331 310 3459 383 iis?

138 440 309 504 vobis
335 461 461 503 non
489 438 906 513 dominabitur;
943 444 1033 512 21,
1056 444 1146 503 22.
1170 462 1283 500 non
1303 446 1459 500 enim
1483 445 1587 500 sub
1617 445 1743 514 lege
1761 446 1915 511 estis,
1939 447 2041 500 sed
2056 447 2163 502 sub
2182 447 2385 517 gratia.
2409 444 2561 509 Quid
2576 446 2747 517 ergo?
2770 446 3148 516 Peoeabimus,
3170 450 3442 520 quoniam

141 555 258 594 non
288 552 501 594 sumus
528 534 633 591 sub
659 536 804 606 lege,
844 535 943 589 sed
982 535 1086 588 sub
1118 536 1341 605 gratia?
1370 536 1567 613 Absitt
1594 535 1834 588 Nescitis
1863 536 2131 605 quoniam
2164 537 2257 590 cui
2287 535 2561 590 exblbetis
2586 550 2682 589 vos
2720 546 2911 590 sentos
2940 537 3012 591 ad
3040 527 3433 606 obedientium,

142 627 293 681 servi
324 626 467 680 estis
497 626 641 695 ejus,
674 626 765 678 cui
795 623 1049 689 obeditis,
1082 624 1197 678 sive
1221 620 1434 694 peccati
1472 624 1549 677 ad
1573 629 1834 687 mortem,
1864 624 1980 678 sive
2008 625 2344 679 obeditionis
2373 625 2443 678 ad
2487 625 2812 695 iustitiam?
2840 625 3066 681 Gratias
3104 631 3296 681 autem
3321 629 3443 682 Deo

144 713 299 787 quod
328 712 527 769 fuistis
555 713 707 768 servi
734 712 987 787 peccati;
1018 712 1282 766 obedistis
1310 716 1501 767 autem
1530 728 1595 765 ex
1619 713 1792 766 corde
1817 714 1879 767 in
1908 728 2034 767 eam
2062 715 2300 768 formam
2329 714 2618 781 doctrinae,
2649 712 2739 770 23.
2770 714 2831 768 in
2863 730 3031 785 quam
3067 717 3262 770 traditi
3287 718 3441 775 estis.

143 802 403 860 liberati
428 809 625 858 autem
666 819 702 856 α
744 807 989 873 peccato,
1022 802 1169 855 servi
1195 801 1335 855 facti
1359 802 1495 855 estis
1515 801 1768 871 justitite.
1802 800 1896 867 24,
1926 802 2015 857 25.
2047 804 2375 857 Humanum
2405 803 2548 869 dico,
2581 807 2814 873 pmpter
2837 804 3227 859 inﬁrmitatem
3259 806 3445 860 carnis

142 902 346 948 *εδει-δε
369 913 386 961 ;
549 892 697 946 sicut
723 892 872 945 enim
902 889 1229 944 exhibuistis
1258 890 1513 944 membra
1541 895 1728 943 vestra
1746 890 1961 945 servire
1977 892 2357 947 immunditiis
2382 896 2439 945 et
2465 891 2753 962 iniquitati
2781 893 2855 946 ad
2879 892 3256 964 iniquitatem,
3286 897 3444 949 scili-

142 988 229 1037 cet
249 982 630 1051 implendam,
654 981 735 1034 ita
754 994 909 1033 nunc
933 978 1189 1033 exhibete
1206 978 1460 1033 membra
1478 984 1664 1032 vestra
1691 978 1899 1034 servire
1924 980 2164 1050 iustitiae
2189 982 2244 1035 in
2273 981 2795 1047 sanctiﬁcationem,
2821 984 2887 1036 id
2906 987 3005 1049 est,
3026 987 3093 1036 ut
3113 984 3451 1051 sanetz'ﬁcatt'

140 1075 286 1125 sitis.
323 1071 475 1125 Cum
504 1067 597 1126 27.
630 1070 780 1123 enim
808 1067 953 1122 servi
980 1068 1177 1121 essetis
1203 1068 1436 1138 peccati,
1469 1066 1655 1135 liberi,
1684 1069 1742 1118 id
1769 1072 1865 1132 est,
1892 1076 2130 1139 expertes
2167 1070 2353 1125 fuistis
2390 1069 2643 1140 justitie.
2678 1069 2857 1133 Quem
2897 1086 3035 1141 ergo
3062 1072 3309 1126 fructum
3336 1073 3443 1126 ha-

142 1160 355 1215 buistis
380 1164 523 1213 tunc
553 1160 615 1211 in
634 1157 745 1212 illis
775 1159 834 1212 in
864 1156 1065 1228 quibus
1093 1171 1243 1211 nunc
1263 1152 1626 1210 erubescitis?
1652 1156 1802 1209 Nam
1828 1156 1958 1210 finis
1979 1157 2205 1212 illorum
2231 1175 2383 1213 mors
2403 1164 2508 1212 est.
2532 1160 2694 1213 Nune
2718 1170 2850 1212 vero
2879 1159 3105 1213 liberati
3131 1177 3164 1214 ει
3191 1164 3440 1231 peccato,

141 1249 294 1304 servi
324 1253 530 1302 autem
556 1247 689 1301 facti
714 1247 849 1312 Deo,
879 1243 1096 1299 habetis
1120 1245 1365 1299 fructum
1395 1250 1644 1299 vestrum
1672 1244 1734 1297 in
1761 1245 2277 1309 sanctiﬁcationem,
2304 1249 2369 1301 id
2383 1253 2476 1312 est,
2502 1249 2723 1313 fructus
2741 1250 2910 1300 vestri
2932 1251 3109 1316 aperis
3129 1254 3203 1301 est
3231 1250 3445 1303 sancti-

143 1338 356 1405 ﬁcatio,
386 1338 561 1391 tinem
581 1352 713 1390 vero
737 1336 909 1389 vitam
932 1338 1219 1388 aeternam.
1240 1332 1329 1390 28.
1363 1333 1653 1404 Stipendia
1675 1333 1824 1388 enim
1844 1336 2078 1406 peccati,
2106 1351 2277 1393 mors.
2298 1335 2388 1403 29,
2412 1334 2500 1392 30.
2525 1334 2722 1390 (ἔτιεῶ
2739 1340 2933 1391 autem
2954 1338 3075 1401 Dei,
3096 1338 3211 1392 vita
3231 1342 3443 1392 eterna

143 1428 202 1481 in
232 1424 469 1481 Christo
500 1424 637 1479 Iesu
663 1423 905 1479 Domino
931 1428 1143 1478 nostro.

1598 1510 1839 1566 CAPUT
1869 1512 1992 1567 VII.

220 1633 271 1689 ι.
290 1633 391 1691 An
420 1629 717 1715 ignoratis,
739 1630 960 1695 fratres,
985 1627 1303 1697 (scientibus
1323 1628 1475 1685 enim
1505 1628 1688 1698 legem
1714 1627 1943 1715 loquor)
1960 1628 2093 1701 quia
2122 1630 2210 1684 lex
2239 1630 2299 1684 in
2328 1631 2554 1687 homine
2586 1630 2929 1695 dominatur,
2954 1632 3164 1701 quanto
3184 1633 3442 1701 tempore

142 1718 313 1777 vivit?
360 1712 516 1774 Nam
547 1736 668 1803 quae
711 1717 814 1772 sub
860 1717 976 1771 viro
1008 1722 1095 1772 est
1134 1716 1356 1783 mulier,
1400 1716 1617 1769 vivente
1646 1715 1785 1784 viro,
1818 1708 2049 1789 alligata
2077 1724 2163 1773 est
2191 1720 2303 1790 legi
2331 1738 2341 1772 :
2386 1720 2435 1774 si
2458 1724 2646 1777 autem
2684 1724 2941 1777 mortuus
2983 1716 3156 1774 fuerit
3181 1718 3264 1776 vir
3294 1720 3440 1795 ejus,

143 1811 335 1889 soluta
364 1816 457 1866 est
489 1827 524 1864 a
553 1797 677 1879 lege
706 1808 829 1871 viri.
861 1806 1057 1879 Igitur,
1084 1806 1301 1871 vivente
1330 1806 1467 1874 viro,
1496 1806 1785 1860 vocabitur
1822 1788 2080 1861 adultera
2108 1809 2155 1862 si
2194 1788 2363 1863 fuerit
2392 1826 2520 1864 cum
2549 1809 2658 1866 alio
2690 1807 2808 1867 viro
2837 1828 2849 1875 ;
2884 1808 2933 1861 si
2963 1813 3151 1863 autem
3180 1788 3451 1865 mdntuus'

144 1901 317 1959 fuerit
348 1900 440 1955 vir
465 1900 611 1969 ejus,
646 1896 884 1983 liberata
912 1903 997 1957 est
1026 1914 1059 1950 a
1091 1896 1213 1966 lege
1233 1895 1337 1949 viri
1362 1902 1427 1951 ut
1460 1912 1571 1950 non
1601 1895 1674 1949 sit
1704 1895 1961 1949 adultera
1992 1895 2039 1950 si
2070 1896 2241 1952 fuerit
2269 1914 2395 1953 cum
2422 1898 2532 1953 alio
2563 1897 2700 1953 viro.
2736 1896 2954 1969 Itaque,
2986 1896 3190 1955 fratres
3219 1894 3349 1962 mei,
3384 1898 3445 1950 et

146 2006 243 2045 vos
268 1988 326 2045 2.
358 1980 691 2055 mortiﬁcati
720 1985 773 2042 3.
809 1986 943 2040 estis
973 1985 1079 2056 legi
1110 2002 1209 2057 per
1236 2002 1437 2056 corpus
1466 1983 1695 2045 Christi,
1724 1988 1789 2037 ut
1817 1984 1938 2038 sitis
1978 1982 2228 2054 alterius,
2262 1986 2357 2058 qui
2388 2004 2454 2041 ex
2484 1987 2720 2041 mortuis
2749 1986 3074 2048 resurrexit.
3106 1990 3171 2043 ut
3196 1974 3439 2043 fru‘ctiﬁ“
3474 1978 3485 1989 ’

142 2094 339 2131 remus
367 2078 490 2131 Deo
521 2075 573 2132 4.
602 2077 741 2131 Cum
772 2075 924 2128 enim
956 2091 1207 2128 essemus
1234 2074 1293 2127 in
1320 2091 1507 2140 carne,
1541 2073 1832 2144 passiones
1857 2074 2234 2144 peccatorum,
2270 2092 2392 2145 quae
2423 2093 2523 2146 per
2550 2076 2731 2145 legem
2758 2080 2937 2140 erant,
2970 2074 3351 2145 operabantur
3377 2074 3441 2128 in

143 2166 419 2222 membris
451 2165 769 2235 nostris,ut
794 2164 1197 2218 fructiﬁcarent
1226 2164 1414 2218 morti.
1437 2164 1601 2218 Nunc
1628 2168 1819 2217 autem
1846 2162 2015 2216 soluti
2038 2179 2234 2218 sumus
2256 2163 2311 2220 5.
2335 2180 2370 2217 a
2388 2164 2512 2233 lege
2542 2163 2760 2231 mortis,
2785 2163 2845 2217 in
2875 2178 2988 2234 qua
3016 2162 3434 2230 detinebamur,

1493 2274 2090 2333 COMMENTARIUS.

212 2379 311 2449 2i.
342 2381 475 2435 Non
512 2351 662 2435 enim
699 2380 801 2432 sub
840 2382 947 2445 tege
985 2380 1127 2431 estis.
1177 2375 1476 2439 Evidenter
1509 2375 2104 2439 ostenditAzeternam
2138 2376 2254 2433 dat.

147 2471 295 2541 quod
327 2468 800 2541 concupiscean
826 2471 1181 2539 peccatorum
1212 2465 1483 2535 majorem
1514 2460 1624 2516 vim
1648 2462 1752 2516 ha-

147 2558 359 2614 bebant
382 2560 446 2613 in
473 2557 683 2613 Judmis
709 2546 877 2633 quam
914 2555 970 2620 in
998 2550 1355 2608 Christianis.

214 2648 309 2707 22.
339 2651 592 2717 Ausus'r.
623 2648 750 2715 (tib.
786 2646 861 2699 De
888 2649 1033 2713 grat.
1067 2648 1114 2697 et
1157 2644 1253 2697 tib.
1283 2642 1474 2709 arbit,
1508 2658 1630 2713 cap.
1668 2639 1751 2711 1'2,

147 2748 283 2791 tom.
318 2737 472 2804 VII.)
499 2738 625 2791 Non
671 2737 823 2788 enim
863 2734 961 2791 sub
1005 2736 1113 2800 tege
1162 2731 1306 2783 estis.
1341 2718 1469 2784 Non
1495 2731 1626 2801 quia
1668 2732 1755 2784 lex

147 2827 320 2893 mala,
334 2826 442 2899 sed
470 2824 607 2901 quia
625 2823 731 2885 sub,
749 2822 845 2883 illa
868 2827 1019 2891 sunt,
1037 2836 1178 2899 quos
1196 2835 1322 2873 reos
1338 2819 1472 2874 facit
1484 2820 1750 2893 jubendo,

148 2933 265 2985 non
285 2915 632 2989 adiuvando-

214 3003 308 3061 23.
337 3006 551 3059 Lupa.
582 3004 652 3057 In
695 3018 866 3071 quam
906 3005 1103 3058 traditi
1146 3007 1289 3070 estis,
1326 3002 1384 3057 id
1414 3005 1519 3069 est,
1553 3000 1611 3054 in
1640 3014 1751 3073 qua

501 3110 599 3147 vos
621 3091 739 3147 Deo
763 3091 825 3145 in
846 3092 938 3146 die
965 3091 1401 3165 conversationis
1424 3096 1639 3145 vestrae.

170 3235 187 3241 -
215 3182 308 3241 24.
340 3174 675 3249 Humanum
726 3178 871 3257 dico,
915 3181 972 3249 id
1021 3187 1127 3247 est,
1173 3181 1281 3238 vile
1338 3178 1605 3255 quiddam
1650 3194 1750 3232 vo-

148 3272 232 3326 bis
280 3271 568 3343 praecipio,
620 3272 772 3343 quod
816 3270 929 3325 vim
974 3270 1343 3329 humanitatis
1388 3274 1597 3327 nostrae
1639 3284 1753 3322 non

151 3362 387 3421 excedit.

219 3451 313 3509 25.
340 3452 597 3523 Amos.
633 3452 962 3525 Humanum
1006 3451 1144 3507 dico.
1176 3450 1323 3517 Dum
1365 3446 1754 3517 inﬁrmitatem

152 3540 331 3593 carnis
381 3544 684 3609 memorat,
728 3537 918 3607 minus
973 3554 1034 3593 se
1084 3538 1363 3609 signiﬁcat
1407 3535 1628 3609 exigere
1685 3533 1755 3588 ab

154 3627 381 3687 homine
408 3644 582 3701 quam
603 3628 842 3701 dignum
866 3614 952 3703 est
974 3626 1121 3687 circa
1142 3626 1242 3680 Dei
1264 3625 1564 3680 culturam.

1906 2464 1994 2523 30.
2026 2467 2273 2521 AMBROS.
2306 2464 2501 2521 Gratia'
2551 2469 2739 2518 autem
2788 2464 2904 2517 Dei.
2958 2462 3077 2518 Hoc
3121 2459 3439 2517 rationibus

1834 2544 1923 2611 his
1977 2555 2275 2633 Apostolus
2332 2555 2719 2610 demonstrare
2773 2550 3011 2605 videtur.
3070 2554 3187 2606 Aut
3239 2556 3325 2606 est
3378 2552 3440 2606 in

1837 2644 2077 2710 Christo,
2113 2650 2214 2697 aut
2258 2644 2315 2697 in
2357 2644 2500 2714 lege.
2544 2641 2881 2696 Mortificata
2930 2646 3012 2695 est
3044 2641 3193 2694 enim
3223 2641 3310 2694 le‘x
3339 2656 3443 2723 per

1836 2751 2037 2808 corpus
2066 2732 2296 2797 Christi,
2328 2732 2393 2786 ut
2434 2732 2585 2786 illius
2616 2729 2757 2799 sitis,
2792 2730 2887 2805 qui
2919 2746 2953 2782 a
2980 2726 3219 2785 mortuis
3247 2746 3440 2789 resur-

1836 2824 1997 2877 rexit.
2014 2823 2156 2876 Nam
2172 2822 2227 2875 in
2246 2821 2371 2874 aliis
2383 2820 2603 2891 legibus
2616 2819 2763 2873 idem
2777 2818 3015 2877 videtur.
3033 2817 3271 2873 Moritur
3285 2817 3441 2873 enim

1838 2920 1897 2980 π
1916 2920 1951 2979 ι
1991 2912 2159 2965 homo
2189 2909 2356 2965 alicui
2385 2909 2515 2980 legi,
2546 2914 2610 2962 ut
2627 2909 2746 2982 jam
2776 2907 2871 2961 alii
2896 2906 3062 2960 vivat.
3087 2906 3233 2960 Nam
3264 2922 3440 2981 quan-

1831 3001 1930 3056 diu
1959 2999 2093 3053 vivit
2119 2998 2312 3072 priori,
2359 2997 2455 3051 alii
2488 2996 2665 3053 vivere
2694 3013 2808 3053 non
2845 3001 3047 3066 potest.
3080 2995 3244 3055 Prior
3282 2995 3441 3055 enim

1833 3089 2014 3144 adhuc
2042 3087 2382 3142 dominatur.
2409 3085 2605 3142 Mulier
2627 3084 2800 3149 enim,
2823 3084 3013 3137 vivens
3035 3081 3280 3137 maritali
3310 3082 3438 3153 lege

1833 3178 1937 3237 viri
1966 3177 2073 3243 sui,
2104 3194 2215 3243 non
2240 3179 2423 3250 potest
2452 3173 2631 3228 vivere
2661 3170 2771 3246 legi
2801 3172 3034 3226 alterius
3057 3168 3436 3241 viri.Alliga'ta

1834 3273 1921 3323 est
1962 3266 2112 3321 enim
2158 3258 2276 3318 viro
2321 3281 2441 3318 suo.
2483 3263 2629 3317 Nam
2679 3262 2726 3317 si
2772 3261 3047 3320 moriatur
3085 3259 3197 3335 legi
3232 3258 3439 3331 priOris

1832 3356 1957 3423 viri,
1986 3352 2218 3410 alterius
2258 3357 2441 3424 potest
2470 3353 2653 3406 vivere
2678 3352 2811 3422 legi.
2842 3350 3027 3421 Igitur
3053 3348 3240 3403 vivens
3262 3347 3439 3402 mari—

1836 3445 1936 3501 tali
1960 3445 2072 3515 legi
2095 3443 2327 3511 (scilicet
2356 3442 2578 3499 vivente
2597 3441 2741 3509 viro)
2768 3456 2880 3493 non
2904 3443 3089 3515 potest
3118 3438 3206 3508 [f.,
3229 3433 3441 3509 vivere]

1837 3534 2071 3588 alterius
2090 3533 2200 3603 legi
2222 3531 2343 3585 viri.
2371 3530 2429 3585 Si
2458 3528 2607 3586 enim
2637 3534 2772 3585 tunc
2792 3524 2965 3587 fuerit
2992 3543 3121 3582 cum
3149 3524 3260 3589 allo
3286 3526 3435 3594 viro;

1835 3622 2124 3677 vocabitur
2146 3621 2424 3675 adultera.

221 3718 312 3774 ‘25.
342 3699 595 3771 Ancosr.
633 3699 724 3785 (et:
765 3699 920 3785 epist.
974 3717 1047 3775 ad
1080 3718 1276 3773 Anast.
1316 3712 1444 3781 144,
1487 3718 1624 3781 tom.
1658 3712 1750 3781 II).
1774 3699 1823 3767 Β
1860 3784 1869 3791 ο
1910 3702 2066 3765 CAP.
2112 3709 2235 3777 VII.
2273 3739 2332 3748 —
2372 3707 2418 3764 Ῑ.
2467 3706 2680 3763 LANFR.
2731 3707 2820 3762 An
2867 3706 3159 3772 ignoratis,
3210 3702 3439 3771 fratres.

158 3807 484 3877 Humanum
530 3806 673 3872 dico,
714 3803 849 3874 quia
888 3804 1013 3875 plus
1061 3802 1359 3861 dicendum
1388 3802 1599 3874 aliquid
1626 3800 1751 3867 fuit,

157 3893 201 3946 si
217 3895 341 3964 jam
368 3893 452 3947 illi
480 3892 664 3947 facere
696 3890 1010 3969 [al.,lferre]
1038 3890 1371 3962 potuissent.
1396 3891 1529 3945 Plus
1551 3889 1756 3962 quippe

156 3982 438 4036 servitutis
458 3980 699 4035 debetur
714 3979 948 4050 justitiae
964 3996 1134 4050 quam
1155 3985 1400 4050 peccato.
1414 3980 1558 4033 Nam
1578 3994 1756 4050 pmnae

156 4071 402 4144 corporis
426 4075 692 4131 revocant
715 4068 785 4123 ab
814 4085 981 4145 opere
1008 4069 1242 4141 peccati.
1267 4068 1497 4123 Iustitia
1521 4083 1651 4127 vero
1676 4067 1758 4122 sic

158 4160 396 4216 amanda
428 4165 515 4214 est
541 4162 605 4229 ut
632 4158 704 4213 ab
734 4159 859 4228 ejus
883 4157 1143 4229 operibus
1164 4158 1335 4213 etiam
1361 4174 1539 4231 poenae
1566 4172 1759 4231 corpo-

159 4250 228 4303 ris
253 4266 356 4303 nos
387 4248 652 4302 cohibere
675 4263 791 4309 non
818 4246 1075 4305 debeant.

219 4337 311 4396 26.
347 4338 535 4411 (Ibid).
563 4336 720 4405 Sicut
764 4339 914 4393 enim
945 4322 1290 4391 exhibuz'stz's.
1324 4334 1468 4400 Quid
1500 4336 1586 4390 est
1613 4333 1759 4391 sicut

158 4428 311 4493 illud,
328 4427 413 4483 ita
427 4433 484 4482 et
499 4426 639 4481 hoc?
659 4425 766 4481 nisi
789 4445 803 4479 :
828 4424 1301 4496 quemadmodum
1319 4424 1389 4479 ad
1410 4424 1757 4499 peccandum

158 4518 341 4581 nullus
370 4515 609 4589 cogebat
638 4515 828 4580 timor,
859 4514 955 4569 sed
979 4513 1158 4584 ipsius
1188 4513 1359 4568 libido
1390 4515 1757 4585 voluptasque

159 4607 399 4677 peccati;
448 4605 530 4660 sic
569 4604 643 4658 ad
677 4604 833 4674 juste
881 4602 1179 4661 vivendum
1218 4619 1332 4663 non
1375 4620 1469 4656 vos
1498 4602 1758 4676 supplicii

160 4701 334 4749 metus
363 4698 585 4763 urgeat,
621 4692 719 4746 sed
750 4691 1045 4745 delectatio
1067 4690 1307 4762 justitiae
1330 4697 1552 4761 urgeat.

222 4782 309 4841 27.
351 4783 567 4849 μυξη.
617 4782 756 4838 Cum
795 4783 945 4841 enim
972 4784 1135 4835 servi.
1182 4779 1347 4834 Ratio
1398 4797 1499 4834 cur
1548 4779 1755 4835 servire

156 4872 381 4940 justitize
401 4887 498 4927 eos
520 4874 795 4941 oporteat.
828 4871 943 4945 Aut
960 4869 1110 4931 enim
1125 4868 1378 4940 justitiae,
1407 4875 1507 4924 aut
1525 4875 1753 4941 peccato

162 4958 359 5025 servire
381 4976 608 5025 necesse
629 4964 733 5025 est.
759 4958 869 5013 Sed
896 4974 1024 5017 cum
1055 4947 1296 5012 servitur
1325 4946 1571 5030 peccato,
1597 4958 1756 5012 abest

1835 3798 2081 3854 Probare
2110 3797 2332 3851 videtur
2360 3795 2509 3871 quod
2539 3795 2627 3849 lex
2671 3794 2993 3851 Judmorum
3040 3791 3297 3847 ﬁdelibus
3326 3806 3441 3845 non

1837 3894 1922 3943 est
1940 3886 2304 3942 observanda.
2330 3886 2458 3939 Non
2480 3889 2565 3938 est
2592 3884 2742 3937 enim
2762 3882 2895 3936 data
2920 3882 3025 3935 nisi
3045 3880 3116 3934 ad
3137 3880 3437 3934 adventum

1839 3976 2065 4032 Christi.
2115 3976 2184 4029 Et
2222 3979 2308 4045 est
2347 3972 2655 4049 responsio.
2699 3970 2870 4035 Quasi
2923 3968 3129 4041 aliquis
3177 3968 3436 4022 diceret:

1837 4083 1936 4121 cur
1960 4063 2150 4120 dixisti
2177 4064 2235 4118 in
2277 4048 2500 4118 Christo
2536 4061 2689 4126 Jesu,
2722 4065 2779 4114 et
2821 4064 2937 4113 non
2979 4048 3040 4112 in
3085 4056 3442 4126 observantia

1839 4156 1979 4229 legis
1999 4155 2023 4208 ?

1909 4242 1962 4299 2.
2017 4230 2338 4309 Mort-iﬁcati
2390 4241 2514 4293 estis
2566 4236 2696 4305 tegi.
2751 4236 2923 4301 Quasi
2981 4230 3193 4289 diceret
3234 4252 3245 4288 :
3296 4232 3442 4287 nihil

1840 4330 2054 4385 debetis
2082 4329 2213 4403 legi.
2237 4328 2349 4385 Lex
2373 4316 2522 4382 enim
2549 4326 2681 4387 data
2713 4330 2799 4379 est
2825 4339 3004 4394 usque
3033 4322 3106 4377 ad
3136 4323 3441 4377 adventum

1841 4420 2071 4475 Christi.

1911 4507 1970 4567 3.
2006 4511 2249 4564 AMBROS.
2282 4503 2607 4576 Mortiﬁcatz'
2652 4502 2777 4557 estis
2824 4504 2948 4571 tegi.
2997 4499 3272 4566 Quoniam
3314 4496 3440 4569 Sal-

1838 4602 2000 4654 vator
2044 4614 2248 4668 corpus
2303 4611 2469 4651 suum
2522 4592 2746 4647 diabolo
2798 4591 3124 4661 cruciﬁgere
3161 4588 3439 4660 permisit.

1839 4684 2049 4743 Idcirco
2097 4676 2199 4762 per
2250 4692 2453 4758 Corpus
2510 4680 2740 4748 Christi,
2786 4678 2967 4734 salvos
3014 4695 3117 4733 nos
3166 4674 3304 4732 dicit
3352 4677 3439 4731 fa-

1839 4780 1957 4830 ctos
1968 4816 1979 4828 .

1905 4865 1958 4933 4.
1989 4865 2198 4923 LANFR.
2232 4863 2370 4923 Cum
2398 4864 2549 4915 enim
2579 4873 2812 4914 essemus
2842 4859 2905 4911 in
2935 4870 3120 4911 carne.
3147 4852 3319 4920 Quasi
3340 4852 3446 4910 all-

1838 4953 1962 5027 quis
2013 4934 2225 5007 diceret
2269 4970 2281 5005 :
2335 4958 2435 5004 cur
2480 4946 2686 5014 dixisti,
2737 4952 2804 5000 ut
2852 4944 3252 5000 fructiﬁcemus
3299 4943 3437 5010 Deo,

158 5049 388 5119 justitia.
410 5036 737 5121 Acquiritur
765 5048 979 5121 fructus
1009 5045 1159 5100 unde
1188 5028 1569 5117 erubescitur;
1604 5045 1754 5117 quod
1775 5058 1817 5116 ο
1837 5041 1996 5113 quasi
2041 5056 2155 5095 non
2200 5030 2683 5121 fructiﬁcaremus,
2731 5051 2860 5089 cum
2916 5035 3099 5107 legem
3138 5028 3439 5087 carnaliter

164 5146 241 5197 est
263 5138 691 5215 inconveniens.
710 5126 950 5199 Justitiae
979 5130 1155 5206 igitur
1179 5134 1536 5192 serviendum
1562 5141 1669 5189 est.

226 5227 309 5291 28.
339 5228 651 5298 Stipendia.
681 5227 862 5293 Causa
889 5242 991 5291 cur
1028 5220 1249 5279 liberati
1281 5226 1395 5280 sint
1427 5242 1463 5281 a
1503 5220 1747 5295 peccato,

164 5322 216 5372 st
244 5334 342 5379 cur
384 5316 533 5391 servi
581 5314 716 5381 facti
765 5304 899 5373 Deo.
934 5300 1000 5385 Et
1045 5322 1130 5381 est
1174 5310 1417 5381 sensus:
1460 5320 1752 5387 peccatum

164 5405 257 5460 hoc
273 5405 635 5480 stipendium,
652 5404 710 5458 id
736 5409 840 5471 est,
864 5403 1009 5458 hanc
1032 5394 1461 5459 retributionem
1477 5394 1592 5471 dat,
1610 5402 1755 5457 mor-

165 5505 268 5557 tem
286 5494 537 5567 scilicet.

224 5583 305 5641 29.
350 5585 548 5639 Gratia
592 5587 783 5636 autem
824 5583 941 5651 Dei,
992 5576 1051 5634 id
1088 5574 1204 5667 est,
1254 5572 1436 5653 virtus
1486 5580 1608 5655 quae
1638 5596 1753 5667 ‘per

1834 5122 2299 5185 observaremus?
2328 5114 2433 5192 Ita,
2469 5125 2673 5197 inquit,
2716 5134 2845 5179 cum
2878 5130 3128 5178 creemus
3158 5120 3217 5175 in
3246 5124 3435 5185 carne,

1834 5218 1890 5274 id
1922 5222 2026 5285 est,
2059 5214 2121 5272 in
2147 5206 2358 5271 carnali
2383 5208 2757 5281 observantia,
2795 5214 2900 5268 etc.

1908 5310 1955 5363 5.
1993 5314 2032 5364 Α
2068 5312 2177 5375 lege
2206 5308 2422 5371 mortis,
2452 5304 2508 5358 id
2558 5309 2661 5369 est,
2710 5320 2832 5374 quae
2879 5299 3001 5354 sine
3042 5297 3158 5352 ulla
3200 5296 3438 5352 misera-

1835 5394 2007 5463 tione,
2052 5401 2346 5469 peccantes
2385 5392 2623 5448 interfici
2647 5391 2900 5462 jubebat.
2924 5388 3044 5452 Vel,
3071 5396 3194 5457 qua:
3221 5382 3440 5457 passio-

1836 5504 1936 5541 nes
1979 5476 2355 5558 peccatOrum,
2390 5496 2512 5554 qum
2542 5482 2693 5535 mors
2730 5478 2931 5533 anime
2967 5478 3121 5543 sunt,
3164 5476 3291 5549 [per
3337 5476 3436 5531 En.

1832 5566 1928 5650 P.]
1951 5564 2389 5651 prohibitionem
2413 5566 2674 5641 augebat.

165 5673 386 5742 gratiam
424 5672 527 5727 Dei
565 5671 755 5739 datur,
795 5670 912 5726 vita
947 5654 1160 5726 aeterna
1196 5652 1302 5738 est,
1334 5668 1392 5725 id
1429 5652 1536 5739 est,
1577 5652 1752 5723 vitam
1847 5671 1853 5677 δ
