3952 6384
520 299 621 358 127
1494 309 1559 364 Β.
1603 309 2025 366 LANFRANCI
2063 309 2421 372 CANTUAR.
2466 311 2803 371 ARCHIEP.
3685 306 3794 367 128

516 424 598 482 ita
617 433 682 482 ut
709 430 1018 486 serviamus
1043 432 1103 488 in
1129 433 1376 490 novitate
1407 433 1656 507 spiritus,
1686 436 1742 488 id
1769 441 1862 501 est,
1892 437 2210 490 innovando
2229 438 2495 505 spiritum
2521 437 2624 504 ﬁde
2651 441 2702 490 et
2724 438 2976 506 operibus
2997 439 3172 502 bonis,
3203 440 3259 490 et
3281 450 3394 490 non
3421 435 3482 488 in
3508 437 3793 489 vetustate

515 514 737 584 litterae,
765 521 826 573 id
859 527 952 587 est,
985 526 1211 577 carnali
1237 525 1624 579 observatione.
1657 523 1804 588 Quid
1832 540 1962 594 ergo
1990 524 2273 578 dicemus?
2299 526 2388 578 lex
2416 531 2706 596 peccatum
2737 527 2863 580 est?
2898 529 3100 581 scilicet
3130 528 3264 595 quia
3292 527 3547 593 superius
3577 525 3723 578 dixit
3753 540 3793 578 a

519 608 629 672 lege
653 612 868 676 mortis,
900 614 980 664 vel
1004 615 1284 680 passiones
1309 617 1677 681 peccatorum,
1705 629 1822 681 quae
1844 629 1944 681 per
1972 617 2139 680 legem
2170 620 2350 668 erant.
2377 601 2572 668 Absit!
2610 616 2715 669 Sed
2745 615 2798 668 6.
2831 619 3120 686 peccatum
3144 631 3256 668 non
3279 612 3529 683 cognovi,
3552 611 3660 666 nisi
3685 629 3797 684 per

515 693 736 764 legem;
781 714 914 752 nam
942 700 1468 771 concupiscentiam,
1500 704 1704 756 scilicet
1731 717 1835 754 esse
1854 707 2156 769 peceatum,
2188 702 2523 769 nesciebam,
2558 707 2638 758 vel
2669 720 2781 757 non
2811 720 2966 758 eram
2994 708 3243 773 expertus
3272 702 3381 755 nisi
3412 702 3500 754 lex
3527 701 3741 755 diceret
3775 718 3790 754 :

516 782 644 837 Non
672 788 1046 858 concupisces.
1090 789 1409 854 Occasione,
1442 790 1503 842 id
1530 795 1624 854 est,
1673 791 2097 857 opportunitate,
2133 795 2322 845 autem
2361 796 2608 863 accepta,
2638 798 2950 862 peccatum,
2992 794 3051 845 id
3079 797 3173 858 est,
3216 793 3384 859 fomes
3430 792 3650 858 peccati,
3683 806 3796 860 per

516 874 846 930 mandatum
875 875 927 932 7.
951 883 1246 948 operatum
1267 883 1353 932 est
1373 878 1432 932 in
1456 894 1545 931 me
1567 893 1793 930 omnem
1821 877 2344 948 concupiscentiam.
2368 877 2422 936 8.
2453 880 2583 934 Sine
2610 880 2733 950 lege
2758 881 2909 934 enim
2937 883 3229 951 peccatum
3250 883 3537 932 mortuum
3561 883 3701 932 erat.
3726 879 3788 932 9.

516 960 633 1030 Ego
662 969 852 1018 autem
880 965 1129 1020 vivebam
1176 968 1297 1020 sine
1337 967 1460 1036 lege
1506 965 1826 1036 aliquando.
1873 965 1970 1023 10.
2011 966 2120 1020 Sed
2161 983 2288 1021 cum
2318 969 2563 1023 venisset
2599 969 2950 1036 mandatum,
2996 973 3286 1040 peccatum
3318 965 3536 1020 revixit.
3573 965 3631 1022 11
3668 967 3794 1036 Ego

516 1056 707 1105 autem
738 1059 992 1108 mortuus
1012 1071 1159 1122 sum,
1185 1062 1242 1109 et
1270 1056 1556 1109 inventum
1579 1060 1666 1108 est
1693 1055 1830 1108 mihi
1853 1061 1978 1122 ππ
2000 1057 2347 1124 mandatum,
2385 1061 2440 1111 id
2467 1065 2562 1126 est,
2596 1062 2832 1128 cognitio
2857 1060 3135 1126 mandati,
3161 1057 3312 1128 quod
3341 1062 3463 1110 erat
3489 1055 3561 1109 ad
3589 1055 3789 1117 vitam,

515 1142 719 1194 scilicet
749 1147 970 1208 servati,
1004 1144 1108 1197 hoc
1134 1161 1256 1198 esse
1289 1145 1359 1198 ad
1387 1149 1648 1210 mortem,
1681 1147 1887 1198 scilicet
1933 1161 2044 1200 non
2082 1150 2306 1200 servati.
2337 1147 2427 1200 12.
2471 1148 2616 1201 Nam
2666 1153 2977 1218 peccatum,
3008 1148 3070 1201 id
3105 1152 3199 1212 est,
3240 1147 3413 1215 fomes
3448 1147 3671 1213 peccati,
3702 1148 3792 1198 vel

517 1227 768 1282 diabolus
795 1230 883 1287 13.
910 1233 1199 1286 occasione
1220 1240 1446 1304 accepta
1473 1250 1574 1304 per
1602 1233 1952 1300 mandatum,
1977 1235 2198 1289 seduxit
2221 1252 2330 1302 me,
2355 1241 2412 1289 et
2440 1252 2542 1306 per
2569 1235 2707 1289 illud
2731 1235 2950 1290 occidit.
2983 1235 3181 1304 Itaque
3207 1233 3294 1286 lex
3315 1233 3542 1304 quidem
3569 1237 3790 1296 sancta,

515 1319 572 1367 et
597 1317 925 1373 mandatum
959 1326 1237 1389 sanctum,
1272 1327 1332 1376 et
1368 1324 1583 1392 justum
1616 1328 1673 1376 et
1700 1322 1927 1378 bonum.
1964 1323 2124 1388 Quod
2167 1340 2298 1393 ergo
2329 1323 2537 1378 bonum
2568 1329 2672 1389 est,
2707 1323 2847 1376 mihi
2876 1323 3084 1377 factum
3116 1327 3201 1376 est
3227 1322 3419 1375 mors?
3446 1320 3642 1374 Absit!
3677 1319 3795 1374 Sed

513 1411 823 1477 peccatum,
843 1414 908 1463 ut
927 1414 1217 1481 appareat,
1245 1414 1447 1465 scilicet
1469 1415 1532 1465 in
1553 1428 1723 1480 opere,
1744 1416 1826 1466 vel
1851 1415 1984 1481 quia
2009 1413 2261 1466 diabolus
2281 1418 2375 1478 est,
2390 1417 2700 1484 peccatum,
2721 1428 2822 1484 per
2841 1411 3050 1466 bonum
3067 1417 3360 1482 operatum
3380 1416 3466 1464 est
3483 1408 3622 1462 mihi
3641 1424 3797 1462 mor—

512 1501 658 1550 tem:
683 1503 749 1551 ut
764 1499 865 1552 fiat
886 1498 967 1554 14.
988 1499 1078 1555 15.
1103 1516 1273 1570 supra
1292 1499 1524 1554 modum
1544 1517 1780 1571 peccans
1799 1505 2110 1572 peccatum,
2135 1503 2194 1555 id
2214 1507 2308 1568 est,
2326 1517 2428 1570 per
2439 1504 2954 1569 pravaricationem
2971 1503 3196 1569 peccati,
3221 1517 3321 1571 per
3337 1494 3791 1552 mandatum.16.

514 1585 735 1642 Scimus
756 1587 904 1641 enim
943 1587 1076 1660 quia
1094 1588 1180 1642 lex
1200 1587 1507 1659 spiritualis
1528 1595 1634 1655 est,
1658 1592 1718 1643 id
1737 1596 1830 1655 est,
1860 1592 2126 1660 spiritum
2152 1593 2438 1653 nutriens;
2467 1605 2570 1662 ego
2601 1591 2787 1658 (causa
2806 1605 2910 1643 cur
2924 1595 3209 1660 peccatum
3231 1593 3518 1658 operatum
3541 1589 3614 1640 sit
3644 1589 3707 1639 in
3725 1600 3795 1639 eo

512 1676 770 1744 mortem)
798 1681 989 1730 autem
1017 1677 1255 1731 carnalis
1284 1694 1430 1745 sum,
1470 1678 1552 1736 17.
1583 1679 1932 1735 venundatus
1962 1679 2067 1734 sub
2096 1685 2343 1749 peccato.
2379 1677 2464 1735 18.
2511 1679 2666 1744 Quod
2697 1680 2847 1733 enim
2871 1696 3089 1752 operor,
3125 1677 3213 1736 19.
3247 1695 3362 1735 non
3389 1678 3679 1747 intelligo;
3717 1674 3799 1736 20

513 1778 628 1817 non
658 1763 826 1831 enim,
854 1769 1116 1833 expositio
1153 1770 1457 1835 superioris
1488 1783 1695 1834 versus,
1737 1768 1886 1838 quod
1931 1768 2053 1821 volo
2086 1767 2314 1834 bonum,
2341 1767 2448 1821 hoc
2475 1784 2617 1837 ago:
2655 1767 2754 1820 sed
2783 1767 2934 1838 quod
2962 1768 3055 1822 odi
3086 1767 3321 1833 malum,
3352 1767 3492 1821 illud
3520 1765 3682 1819 facio.
3728 1765 3795 1821 Si

513 1857 705 1906 autem
731 1851 820 1910 21.
842 1854 988 1924 quod
1009 1855 1137 1909 nolo
1168 1855 1303 1909 illud
1337 1855 1501 1922 facio,
1527 1856 1815 1910 consentio
1847 1856 1978 1926 legi,
2001 1856 2267 1927 quoniam
2289 1854 2437 1910 bona
2457 1861 2543 1910 est
2563 1894 2575 1906 .
2591 1853 2755 1909 Nunc
2782 1860 2974 1909 autem
2994 1857 3113 1926 jam
3141 1871 3254 1909 non
3275 1870 3377 1924 ego
3405 1869 3607 1924 operor
3624 1852 3793 1920 illud,

513 1941 616 2020 sed
647 1943 795 2013 quod
834 1943 1070 2011 habitat,
1103 1947 1550 2014 inseparabiliter
1577 1947 1827 2012 inheret,
1861 1945 1918 1998 in
1947 1961 2038 1999 me
2065 1949 2379 2017 peccatum,
2409 1946 2470 1998 id
2499 1949 2594 2010 est,
2626 1947 3064 2012 concupiscentia
3090 1947 3315 2014 peccati.
3347 1942 3440 2000 22.
3482 1943 3606 1997 Scio
3637 1942 3795 1997 enim

516 2030 650 2106 quia
687 2047 799 2087 non
839 2032 1058 2092 habitat
1102 2033 1159 2090 in
1206 2051 1314 2102 me,
1358 2035 1463 2090 hoc
1492 2039 1596 2104 est,
1627 2034 1687 2088 in
1722 2051 1888 2089 carne
1926 2051 2073 2102 mea,
2099 2034 2329 2089 bonum.
2361 2032 2453 2088 23.
2482 2033 2627 2088 Nam
2658 2033 2798 2088 velle
2826 2033 3047 2106 adjacet
3084 2031 3260 2100 mihi;
3302 2032 3571 2104 perficere
3595 2036 3793 2087 autem

1849 2244 2434 2300 COMMENTARIUS.

589 2419 640 2475 6.
678 2423 962 2476 Peccatum
999 2437 1110 2476 non
1163 2425 1404 2490 cognovi,
1465 2422 1522 2475 id
1569 2427 1673 2488 est,
1729 2427 1948 2477 tantam
1992 2421 2171 2487 vimA
2263 2422 2350 2476 15.
2377 2421 2582 2476 LANFR.
2616 2422 2801 2490 Supra
2850 2423 3097 2499 modum,
3143 2419 3200 2474 id
3245 2422 3350 2486 est,
3380 2418 3556 2474 valde.
3585 2416 3739 2472 Ordo
3775 2435 3788 2469 :

515 2509 978 2581 concupiscentiae
1005 2515 1171 2564 antea
1199 2526 1313 2564 non
1343 2527 1496 2566 eram
1523 2515 1807 2584 expertus,
1841 2516 2112 2582 quantam
2193 2516 2259 2565 ut
2295 2516 2604 2582 peccatum,
2650 2509 2878 2577 scilicet,
2931 2515 3159 2565 auctum
3208 2525 3309 2581 per
3345 2511 3653 2579 peccatum,
3689 2506 3799 2559 fiat

515 2603 749 2669 postea;
799 2599 947 2669 quod
998 2599 1229 2668 cognovi
1278 2616 1397 2654 esse
1444 2600 1809 2671 prohibitum.
1841 2599 1964 2666 Vel,
2013 2615 2114 2654 ne-
2194 2617 2366 2671 supra
2393 2600 2643 2654 modum.
2675 2599 2937 2664 Peccans,
2969 2597 3026 2651 id
3058 2602 3161 2663 est,
3192 2611 3427 2667 peccans
3455 2595 3524 2661 ei,
3555 2593 3796 2647 locutio-

517 2684 759 2739 sciebam
787 2687 1294 2757 concupiscentiam
1323 2704 1443 2741 esse
1471 2693 1783 2758 peccatum.
2195 2689 2284 2742 nis
2309 2688 2474 2743 modo
2499 2704 2609 2760 quo
2631 2687 2873 2758 qualitas
2897 2691 3124 2740 vocatur
3147 2685 3331 2756 quale,
3357 2701 3422 2738 eo
3443 2684 3593 2756 quod
3622 2682 3799 2737 faciat

589 2775 644 2829 7.
673 2777 921 2831 Annaos.
956 2776 1251 2843 Operatum
1283 2782 1359 2829 est
1389 2780 1452 2830 in
1481 2793 1585 2830 me.
1623 2817 1636 2831 .
1682 2818 1696 2831 .
1743 2817 1754 2829 .
1801 2817 1814 2830 .
1862 2815 1874 2828 .
1908 2791 2031 2847 quae
2060 2778 2117 2828 et

517 2863 700 2932 legem
724 2863 1089 2918 transcendit.
1473 2868 1481 2878 '

591 2950 646 3008 8.
667 2954 913 3008 Anausr.
935 2953 1165 3025 (Contra
1202 2955 1342 3009 duas
1389 2958 1542 3024 epist.
1567 2955 1746 3024 Pelag.
1770 2955 1843 3008 ad
1867 2954 2114 3021 Boni/ac.

523 3034 620 3096 lib.
652 3056 691 3108 ι,
725 3058 847 3113 cap.
877 3039 930 3110 9,
957 3049 1093 3097 tom.
1127 3043 1273 3110 VII.)
1299 3042 1432 3098 Sine
1475 3046 1586 3112 lege
1613 3046 1785 3098 enim.
1813 3042 2116 3097 Peccatum

517 3136 807 3184 mortuum
843 3137 946 3198 est,
985 3148 1098 3186 non
1143 3132 1524 3205 intelligamus
1558 3131 1665 3187 nisi
1694 3137 1967 3204 tanquam
1999 3146 2115 3184 non

521 3218 633 3286 sit;
684 3219 842 3285 latet,
890 3236 1003 3274 non
1046 3226 1317 3291 apparet;
1369 3221 1594 3293 penitus
1639 3220 1950 3290 ignoratur,
1990 3223 2120 3272 tan-

522 3323 693 3381 quam
735 3307 984 3363 innescio
1030 3308 1233 3380 quibus
1279 3310 1610 3381 ignorantiae
1657 3307 1904 3364 tenebris
1931 3306 2119 3377 sepul-

519 3401 663 3451 tum.

593 3484 648 3542 9.
680 3486 922 3541 AMBROS.
945 3488 1057 3556 Ego
1075 3492 1260 3542 autem
1283 3490 1548 3555 vivebam,
1557 3487 1691 3552 sine
1713 3485 1935 3552 timore,
1957 3499 2117 3538 secu-

518 3583 617 3628 rus
640 3575 789 3646 quod
818 3592 932 3630 non
962 3582 1110 3630 esset
1135 3577 1285 3631 Deus
1311 3577 1683 3648 judicaturus.

597 3662 682 3720 10.
709 3666 953 3720 AUGUST.
997 3668 1092 3735 (De
1139 3668 1289 3721 Verb.
1327 3669 1515 3735 Apost.
1575 3682 1746 3720 serm.
1776 3664 1828 3730 5,
1868 3681 1988 3736 cap.
2018 3679 2110 3732 v11,

2198 2779 2384 2849 quale.

2273 2865 2357 2922 16.
2389 2865 2606 2921 Scimus
2648 2869 2818 2920 enim.
2849 2863 3112 2920 Probatio
3142 2863 3290 2935 quod
3326 2862 3416 2916 lex
3444 2861 3656 2916 bonum
3687 2865 3802 2914 est.

2199 2955 2378 3010 Omne
2425 2955 2575 3009 enim
2617 2954 2929 3026 spirituale,
2957 2953 3015 3008 id
3054 2958 3160 3020 est,
3207 2951 3470 3023 spiritum
3512 2948 3800 3014 nutriens,

2198 3043 2409 3098 bonum
2432 3053 2536 3100 est.

2275 3133 2358 3190 17.
2411 3135 2658 3188 AUGUST.
2710 3134 2826 3192 (lib.
2878 3133 3131 3187 LXXXIII
3174 3132 3392 3199 Quaest,
3455 3132 3651 3198 quaest.
3703 3122 3802 3195 66,

2198 3227 2338 3278 tom.
2370 3223 2494 3294 IV.)
2531 3224 2900 3286 Venundatus,
2930 3221 2989 3274 id
3035 3225 3138 3287 est,
3177 3233 3411 3290 peccans
3437 3215 3618 3286 pretio
3647 3221 3805 3269 tem-

2199 3311 2478 3382 poralium
2508 3310 2879 3381 voluptatum.

2281 3398 2360 3457 18.
2395 3401 2600 3455 Laure.
2636 3401 2789 3467 Quod
2815 3401 2966 3452 enim
2994 3411 3206 3466 operor.
3232 3392 3494 3449 Probatio
3523 3393 3673 3464 quod
3700 3410 3807 3447 ve-

2197 3490 2482 3544 nundatus
2522 3494 2608 3544 est
2648 3488 2752 3542 sub
2793 3491 3040 3558 peccato.
3075 3486 3140 3539 In
3169 3489 3390 3538 tantum
3419 3483 3570 3537 enim
3597 3498 3806 3553 pecca-

2197 3584 2321 3632 tum
2345 3578 2690 3642 dominatur,
2717 3581 2782 3630 ut
2810 3579 3074 3646 operetur
3100 3573 3248 3644 quod
3277 3589 3390 3626 non
3419 3572 3554 3625 vult.

2266 3665 2356 3723 19.
2385 3669 2510 3721 Non
2542 3668 2813 3732 intelligo.
2842 3665 3147 3734 Acceptum
3179 3678 3290 3715 non
3329 3659 3527 3728 habeo,
3561 3659 3706 3713 sicut
3739 3660 3804 3714 in

522 3738 662 3808 tom.
693 3754 786 3822 X.)
815 3753 920 3808 Sed
947 3772 1074 3808 cum
1102 3758 1351 3812 venisset.
1387 3755 1532 3818 Quid
1559 3759 1664 3819 est,
1697 3754 1894 3807 revixit
1921 3748 2412 3828 pecca-Bpsalmo
2435 3769 2447 3803 :
2474 3757 2725 3822 Intellige
2752 3755 3051 3806 clamorem
3079 3767 3290 3809 meum.

521 3843 686 3897 tum?
727 3860 998 3916 apparere
1035 3843 1222 3916 coepit,
1267 3843 1537 3898 rebellare
1576 3843 1842 3898 adversus
1886 3859 1977 3897 me
2005 3859 2116 3896 cae-

523 3931 628 4002 pit.

601 4022 684 4078 11.
717 4023 895 4093 (ib-id).
927 4024 1036 4092 Ego
1063 4027 1248 4077 autem
1276 4029 1548 4090 mortuus,
1577 4022 1636 4077 id
1661 4025 1768 4094 est,
1797 4021 2120 4094 praevarica-

523 4114 616 4165 tor
641 4110 820 4166 factus
847 4127 990 4166 sum.

601 4198 688 4254 12.
723 4201 934 4268 (Qua'st.
960 4203 1033 4255 83
1062 4202 1180 4267 lib.,
1207 4205 1401 4271 quaest.
1435 4199 1523 4268 66,
1546 4205 1685 4254 tom.
1706 4199 1821 4264 IV.)
1846 4201 1991 4254 Nam
2003 4216 2122 4268 pee-

527 4294 733 4344 calum.
781 4289 942 4354 Quod
989 4295 1179 4344 autem
1220 4289 1300 4343 ait
1350 4308 1361 4343 :
1414 4289 1632 4344 Fefellit
1672 4306 1764 4342 me
1805 4292 2116 4359 peccatum,

527 4377 814 4432 occasione
843 4385 1072 4449 accepta
1098 4396 1199 4449 per
1228 4379 1554 4434 mandatum
1579 4399 1596 4449 ;
1634 4379 1748 4432 sive
1777 4378 1909 4449 quia
1931 4375 2120 4432 suasio

523 4467 910 4524 delectationis
955 4468 1027 4521 ad
1067 4473 1357 4538 peccatum
1404 4468 1788 4522 vehementior
1832 4473 1938 4531 est,
1988 4482 2117 4519 cum

525 4557 688 4610 adest
714 4555 1035 4627 prohibitio,
1058 4557 1172 4612 sive
1195 4557 1327 4628 quia
1344 4557 1514 4612 etiam
1538 4557 1587 4612 si
1612 4557 1747 4627 quid
1776 4557 1944 4609 homo
1969 4555 2116 4609 fece-

523 4646 600 4703 rit
628 4646 934 4701 secundum
975 4646 1135 4716 jussa
1177 4647 1336 4716 legis,
1372 4647 1420 4700 si
1467 4647 1650 4700 adhuc
1687 4661 1798 4699 non
1837 4644 1913 4697 sit
1955 4643 2113 4709 fides,

525 4752 649 4808 quae
693 4735 914 4806 integra
942 4739 1045 4802 est,
1084 4737 1200 4790 vult
1245 4736 1351 4790 sibi
1389 4735 1720 4802 retribuere,
1752 4750 1866 4788 non
1894 4734 2028 4798 Deo,
2062 4736 2119 4786 et

520 4826 896 4897 superbiendo
922 4829 1047 4899 plus
1072 4832 1282 4899 peccat.

593 4914 688 4972 13.
735 4917 981 4973 Annnos.
1034 4919 1316 4972 Occasione
1363 4919 1598 4984 accepta.
1645 4914 1941 4967 Peccatum
1987 4909 2123 4964 dicit

2265 3845 2356 3900 20.
2385 3846 2630 3899 AUGUST.
2659 3843 2772 3912 (lib.
2793 3840 2972 3895 Serm.
2997 3842 3060 3894 de
3082 3846 3268 3908 temp.,
3293 3854 3463 3892 serm.
3481 3835 3568 3904 45,
3595 3853 3718 3908 cap.
3741 3835 3802 3904 6)

2200 3936 2323 3991 Non
2352 3937 2503 3989 enim
2531 3934 2675 4002 quod
2712 3935 2848 3997 volo,
2881 3930 2940 3984 id
2987 3935 3090 3997 est,
3123 3929 3252 3984 nolo
3297 3927 3706 3999 concupiscere,
3742 3934 3807 3980 et

2201 4022 2553 4094 concupisco.

2269 4113 2358 4166 21.
2391 4112 2597 4166 LANFR.
2657 4112 2808 4180 Quod
2853 4112 2996 4164 nolo.
3053 4108 3134 4162 De
3190 4104 3640 4178 concupiscentia
3693 4108 3804 4157 hoc

2201 4199 2627 4270 intelligendum
2674 4205 2779 4255 est.
2829 4197 3000 4262 Quasi
3040 4197 3253 4251 diceret
3293 4215 3305 4249 :
3354 4196 3555 4249 vellem
3603 4207 3802 4246 cavere

2201 4289 2729 4360 concupiscentiam,
2761 4293 2818 4342 et
2845 4303 2958 4342 non
2981 4303 3240 4358 possum.

2271 4378 2362 4432 22.
2394 4378 2516 4433 Scio
2555 4381 2728 4436 enim.
2769 4377 2877 4432 Per
2925 4375 3261 4430 ablationem
3311 4373 3479 4428 unius
3529 4372 3802 4426 contrarii

2200 4484 2356 4522 more
2385 4483 2486 4521 suo
2515 4467 2714 4538 probat
2757 4467 3019 4522 alterum.
3055 4465 3202 4529 Quia
3248 4465 3308 4517 in
3345 4461 3618 4532 religione
3645 4461 3802 4513 chri-

2197 4556 2400 4623 stiana,
2435 4556 2762 4610 immediata
2804 4559 2938 4609 sunt
2973 4554 3184 4607 bonum
3232 4557 3290 4606 et
3334 4551 3566 4604 malum.
3600 4548 3805 4603 Omnis

2200 4645 2350 4698 enim
2373 4645 2561 4711 homo,
2593 4643 2900 4698 secundum
2921 4641 3252 4711 religionem
3279 4637 3667 4702 Christianam,
3699 4642 3808 4690 aut

2199 4733 2398 4800 bonus,
2433 4740 2532 4788 aut
2561 4734 2743 4787 malus
2769 4737 2874 4786 est.

2271 4821 2360 4879 23.
2414 4825 2560 4877 Nam
2616 4826 2749 4876 velle
2794 4822 3022 4890 adiacet.
3065 4817 3328 4873 Probatio
3379 4815 3526 4887 quod
3586 4811 3806 4869 bonum

2201 4929 2315 4966 non
2343 4911 2559 4966 habitet
2577 4911 2636 4964 in
2665 4926 2832 4964 carne
2858 4926 2979 4964 sua.
3013 4909 3192 4963 Omne
3221 4906 3371 4960 enim
3411 4904 3617 4958 bonum
3649 4904 3805 4973 quod

521 5005 832 5073 diabolum,
885 5007 982 5078 qui
1039 5008 1289 5062 invidens
1351 5005 1585 5069 homini,
1646 5020 1813 5074 quem
1879 4988 2180 5055 habebatC
2201 5001 2261 5056 in
2288 5002 2517 5056 homine
2546 5007 2649 5066 est,
2689 5005 2788 5055 aut
2814 4999 2963 5054 bona
2988 4999 3267 5063 voluntas,
3303 4999 3403 5049 aut
3429 4993 3576 5047 bona
3598 5007 3808 5062 opera-

517 5097 807 5168 provisum
835 5113 938 5167 per
962 5097 1144 5166 legem
1184 5094 1413 5160 exarsit,
1442 5099 1508 5147 ut
1545 5092 1626 5146 illi
1662 5092 1846 5161 legem
1875 5089 2118 5143 inverte-

491 5186 628 5250 'ret,
662 5188 759 5258 qui
809 5193 941 5241 ante
988 5188 1170 5258 legem
1203 5186 1364 5257 quasi
1392 5189 1650 5238 mortuus
1697 5187 1835 5248 erat,
1878 5179 2012 5251 quia
2047 5177 2118 5232 ab

517 5275 782 5331 illusione
809 5276 1084 5332 cessabat.

592 5365 677 5421 14.
707 5369 954 5423 Auous'r.
1007 5368 1195 5433 (BEDA.
1236 5368 1301 5419 in
1341 5379 1458 5431 cap.
1497 5364 1552 5425 8,
1605 5363 1679 5415 ad
1711 5361 1883 5430 Rom.)
1927 5361 2116 5431 Supra

518 5455 744 5508 modum
760 5471 1004 5524 peccans.
1029 5456 1173 5519 Quia
1191 5454 1363 5507 etiam
1383 5457 1442 5504 et
1460 5450 1861 5522 praevaricatio.
1881 5450 2115 5514 Quando

518 5543 672 5598 enim
734 5545 1099 5616 delinquebat
1163 5543 1286 5597 sine
1354 5540 1638 5605 mandato,
1716 5539 1901 5594 minus
1972 5546 2113 5594 erat.

517 5632 752 5696 Quando
799 5633 1031 5703 deliquit
1077 5647 1180 5702 per
1225 5629 1578 5695 mandatum,
1619 5629 1838 5683 excedit
1863 5629 2114 5684 modum.

2200 5091 2301 5145 tio.
2335 5090 2444 5144 Sed
2472 5089 2632 5153 velle,
2661 5089 2866 5159 inquit,
2888 5087 3100 5142 bonum
3121 5102 3234 5139 non
3258 5088 3346 5138 est
3373 5083 3434 5136 in
3453 5096 3620 5136 carne
3649 5096 3804 5134 mea.

2201 5179 2284 5232 Ex
2327 5178 2614 5232 vicinitate
2662 5178 2812 5232 enim
2861 5177 3064 5230 animae
3111 5175 3350 5244 adjacet,
3382 5172 3441 5226 id
3488 5174 3575 5224 est
3600 5167 3805 5222 vitium

2201 5268 2308 5322 sibi
2336 5273 2438 5321 est.
2489 5268 2762 5322 Perﬁcere
2805 5273 2996 5320 autem
3035 5265 3270 5333 bonum,
3295 5262 3353 5316 id
3401 5265 3488 5314 est
3516 5258 3806 5330 operatio-

2199 5374 2329 5412 nem
2357 5357 2562 5412 bonam
2589 5373 2703 5411 non
2726 5356 2948 5410 invenio
2985 5355 3046 5408 in
3071 5371 3139 5409 ea
3165 5351 3440 5406 habitare.
3471 5350 3599 5403 Non
3623 5347 3812 5416 igitur

2197 5447 2408 5502 bonum
2452 5445 2612 5514 mihi,
2663 5445 2720 5499 id
2764 5451 2851 5499 est
2891 5444 3050 5498 carni
3093 5459 3266 5510 meaa;
3307 5456 3420 5494 non
3456 5437 3609 5492 enim
3651 5439 3806 5506 quod

2197 5537 2436 5593 volo.....
2471 5556 2483 5592 :
2514 5535 2688 5600 Quasi
2717 5535 2929 5589 diceret
2961 5553 2974 5586 :
3009 5533 3220 5588 bonum
3249 5546 3363 5586 non
3388 5526 3611 5583 invenio
3638 5524 3808 5580 habi-

2197 5632 2344 5693 tare,
2374 5626 2472 5680 sed
2502 5625 2714 5681 malum
2742 5623 2894 5698 quod
2923 5639 3049 5692 ago.
