3912 6358
497 315 598 391 isi
1483 329 1548 386 B.
1585 328 2003 386 LAWRAN‘ID!
2033 325 2402 383 :GANTUAB.
2440 321 2775 379 sum.
3658 316 3779 375 132

475 456 686 514 Iesum
1032 473 1070 511 ι
1102 456 1360 515 momnis,
1389 455 1689 510 viviﬁcabit
1711 460 1774 509 et
1797 453 2063 509 mortalia
2094 468 2330 522 corpora
2352 453 2560 508 vestra.
2585 451 2814 518 propter
2833 444 3248 500 inhabitantem
3268 445 3536 516 spiritum
3557 443 3776 513 .ejnsin

488 544 664 602 vobis.
691 546 862 616 Ergo.
877 547 1108 606 fratres,
1135 547 1370 613 spiritui
1383 543 1666 597 debitores
1677 560 1877 598 sumus
1899 559 2010 596 non
2035 541 2210 605 carni,
2231 545 2296 593 ut
2315 539 2622 592 secundum
2637 541 2862 589 carnem
2884 535 3061 588 viVam
3071 551 3159 592 us.
3189 535 3419 588 Sienim
3441 533 3773 589 secundum

493 647 723 692 (samem
751 633 1018 700 vixeritis,
1053 632 1402 699 moriemini;
1437 633 1484 685 si
1513 638 1700 685 autem
1732 632 1935 702 spiritu
1967 633 2116 685 fama
2146 629 2328 683 carnis
2354 624 2840 688 mortiﬁcaveritis,
2875 623 3091 677 vivetis.
3129 621 3214 678 10.
3241 623 3579 692 Quicunque
3610 621 3777 674 enim

467 723 700 796 Spiritu
720 726 823 780 Dei
838 731 1106 796 aguntur,
1132 725 1176 778 ii
1205 730 1339 779 sunt
1360 724 1461 777 ﬁlii
1485 723 1610 778 Dei.
1636 722 1723 776 41.
1751 723 1876 775 Non
1894 721 2051 774 enim
2079 718 2392 788 accepistis,
2412 719 2551 768 sicut
2577 715 2758 767 Judaei
2779 716 2842 765 in
2870 716 3053 765 triente
3071 712 3230 775 Sina,
3245 712 3506 783 spiritum
3528 711 3779 764 servitu-

466 813 559 874 tis
586 814 794 868 iterum
837 814 894 868 in
933 814 1154 877 timore,
1177 813 1273 866 sed
1305 810 1597 881 accepistis
1617 809 1879 880 spiritum
1894 807 2216 877 adoptionis
2243 807 2505 867 ﬁliorum,
2539 802 2619 867 ιε,
2649 801 2810 857 13.1ειει
2835 818 2945 871 quo
2970 800 3487 854 clamamuszAbba
3511 801 3727 867 (Pater)
3751 841 3767 854 .

483 902 616 972 Ipse
629 902 785 956 enim
812 902 1045 972 spiritus
1072 899 1458 954 testimonium
1482 897 1670 952 reddit
1695 896 1921 967 Spiritui
1951 898 2144 948 nostro
2174 894 2322 964 quod
2355 909 2548 947 sumus
2691 891 2817 947 Dei.
2837 891 2901 944 Si
2931 896 3122 944 autem
3142 890 3261 953 ﬁlii,
3282 890 3603 943 eat-heredes
3621 908 3640 952 ';
3678 887 3766 943 i4.

492 989 748 1045 heredes
797 991 1024 1061 quidem
1073 990 1191 1052 Dei,
1225 989 1547 1042 cohaeredes
1583 991 1776 1040 autem
1821 985 2029 1039 Christi
2059 1006 2073 1044 ;
2107 984 2154 1036 si
2207 989 2399 1036 tamen
2452 981 2844 1051 compsit-iur,
2895 981 2958 1032 id
2993 982 3091 1044 est,
3145 980 3374 1032 advma
3429 982 3495 1032 in
3529 978 3772 1032 Christo

487 1081 877 1142 sustineamus,
929 1081 1072 1130 sicut
1117 1080 1226 1144 ipse
1258 1092 1357 1142 pro
1407 1075 1580 1138 nobis,
1633 1079 1697 1128 ut
1743 1079 1801 1127 et
1836 1072 2346 1143 congloriﬁcemur.
2414 1070 2680 1124 Existimo
2737 1069 2887 1122 enim
2937 1069 3081 1138 quod
3126 1073 3422 1121 non'sunt
3474 1066 3776 1136 condignae

485 1166 776 1236 passiones
831 1167 997 1235 hujus
1047 1164 1316 1234 temporis
1370 1164 1440 1217 ad
1489 1164 1735 1216 futuram
1791 1163 2049 1232 gloriam,
2103 1162 2308 1214 scilicet
2355 1161 2729 1221 obtinendam,
2786 1174 2908 1226 qua:
2942 1155 3281 1210 revelabitur
3327 1157 3384 1208 in
3431 1154 3610 1208 nobis.
3665 1153 3764 1210 15.

489 1254 635 1308 Nam
699 1253 1036 1324 exspectatio
1087 1258 1358 1308 creatum
1401 1251 1808 1306 .revelationem
1865 1251 2116 1304 ﬁliorum
2163 1248 2266 1301 Dei
2325 1251 2631 1317 exspectat,
2702 1244 2784 1308 16,
2842 1245 2936 1300 1.7.
2989 1245 3239 1300 Vanitati
3290 1244 3448 1301 enim
3501 1248 3778 1297 creatura

488 1347 613 1407 25
632 1341 886 1412 subiecta
911 1348 1019 1402 est.
1048 1357 1165 1395 non
1192 1340 1402 1404 volens,
1426 1339 1516 1393 1'8.
1551 1340 1650 1394 sed
1671 1345 1908 1410 :propter
1925 1355 2061 1392 eum
2090 1337 2186 1408 qui
2213 1335 2449 1405 subiecit
2475 1351 2607 1389 eam
2635 1334 2699 1390 in
2727 1351 2849 1404 spe,
2886 1333 3018 1403 quia
3039 1339 3102 1387 et
3131 1334 3255 1404 ipsa
3272 1338 3538 1388 creatura
3564 1331 3752 1387 libera

469 1415 640 1484 ibitur
677 1448 715 1484 a
736 1430 1014 1484 .servitute
1059 1428 1433 1498 corruptionis
1467 1427 1526 1480 in
1551 1427 1871 1482 libertatem
1889 1426 2364 1497 gloniteﬁlioru-m
2393 1424 2521 1480 Dei.
2571 1424 2791 1478 Scimus
2815 1423 2972 1478 enim
3007 1423 3156 1492 quod
3182 1420 3271 1478 19.
3300 1421 3482 1478 munis
3507 1426 3781 1475 creatura

479 1513 1049 1587 _ingemiscit,sciticct
1070 1531 1168 1583 pro
1189 1517 1435 1568 uanitate
1463 1530 1630 1582 quam
1653 1516 1896 1582 patitur,
1916 1515 1978 1567 id
2000 1518 2243 1576 esu-cum
2262 1529 2470 1579 magno
2489 1518 2700 1566 «conatu
2723 1518 2985 1580 operatur
3011 1513 3071 1564 id
3093 1513 3220 1565 boni
3237 1512 3390 1579 ,ρειοά
3412 1516 3695 1578 operatur,
3721 1514 3776 1561 ct

479 1607 734 1679 parturit
760 1622 940 1676 usque
957 1605 1166 1660 adhuc.
1191 1605 1316 1658 Non
1339 1604 1523 1657 solum
1553 1609 1748 1657 autem
1769 1603 1885 1667 illa,
1913 1602 2010 1655 sed
2035 1607 2093 1655 et
2122 1616 2222 1656 nos
2249 1602 2357 1671 ipsi
2376 1601 2662 1671 primitias
2687 1600 2922 1670 spiritus
2943 1598 3237 1662 habentes,
3257 1600 3436 1662 idest,
3463 1602 3562 1667 qui
3588 1599 3777 1665 primi

471 1685 770 1764 Spiritum
782 1698 1037 1748 sanctum
1053 1695 1356 1761 accepimus
1371 1710 1386 1754 ;
1409 1695 1466 1744 et
1483 1691 1590 1760 ipsi
1613 1691 1766 1744 intra
1788 1705 1891 1742 nos
1908 1689 2206 1757 gemimus,
2217 1690 2586 1759 adoptionem
2608 1689 2852 1743 ﬁliorum
2867 1688 2970 1744 Dei
2989 1692 3391 1758 exspectantes,
3408 1685 3493 1743 20.
3512 1686 3780 1756 redemp-

485 1783 706 1838 tionem
735 1781 982 1853 corporis
1009 1781 1213 1838 nostri.
1253 1779 1349 1838 21.
1379 1779 1490 1849 Spe
1518 1779 1669 1833 enim
1697 1777 1834 1832 sal-vi
1857 1777 1993 1831 facti
2011 1793 2230 1833 sumus.
2262 1779 2398 1848 Spes
2418 1785 2608 1832 autem
2629 1794 2751 1848 quae
2771 1778 3011 1841 videtur,
3029 1792 3149 1831 non
3172 1781 3258 1832 est
3279 1792 3406 1846 spes
3423 1794 3435 1842 ;
3453 1792 3592 1832 nam
3609 1774 3779 1844 quod

1815 1865 2388 1922 COMMENTARIUS
2403 1912 2415 1923 .
2557 1860 2562 1864 ’

561 1957 652 2013 10.
681 1958 888 2014 Lmen.
928 1959 1249 2024 Quicunque
1279 1957 1451 2011 enim.
1491 1953 1748 2009 Probatio
1784 1953 1917 2023 quia
1943 1952 2156 2013 factaA
2249 1955 2332 2012 l7.
2388 1958 2644 2012 Auous'r.
2687 1956 2810 2021 (tib.
2847 1953 3110 2012 ΜΧΧΙΗ
3150 1959 3370 2021 quast,
3427 1957 3622 2023 quaest.
3665 1950 3778 2022 267)

487 2047 678 2102 carnis
725 2045 1136 2100 mortiﬁcantes
1187 2044 1390 2098 vivant.
1429 2043 1555 2097 Filii
1593 2043 1744 2098 enim
1787 2042 1888 2096 Dei
1933 2048 2088 2108 sunt,
2179 2046 2426 2101 .Vam'tati
2438 2045 2801 2100 enimtldomo
2819 2043 3024 2114 quippe
3041 2047 3240 2113 sponte
3260 2041 3780 2111 peccavit,sed:non

489 2152 633 2209 quos
662 2135 844 2190 vivere
860 2135 1018 2190 haud
1047 2133 1278 2189 dubium
1308 2138 1412 2186 est.
2163 2138 2372 2203 sponte
2399 2134 2696 2189 damnatus
2717 2138 2821 2189 est.
2846 2132 3148 2188 Peccatum
3169 2131 3363 2199 itaque
3387 2135 3779 2200 spontaneum

477 2213 480 2216 ’
566 2223 653 2281 1-1.
676 2226 812 2278 .Non
850 2226 999 2277 enim
1019 2225 1325 2291 accepistis.
1371 2221 1582 2276 Probat
1613 2238 1717 2274 eos
1765 2221 1861 2291 qui
1883 2219 2089 2291 spiritu
2173 2222 2315 2288 fuit;
2344 2227 2564 2283 contra,
2609 2226 2954 2292 praeceptum
2993 2221 3196 2283 facere,
3241 2219 3510 2275 vanitatis.
3538 2218 3778 2278 Peccati

487 2313 599 2370 Dei
626 2318 872 2383 aguntur
902 2328 1028 2366 esse
1054 2312 1216 2368 ﬁlios.
1248 2311 1377 2366 Non
1399 2311 1568 2373 enim,
1596 2309 1806 2380 inquit,
1837 2309 2084 2380 spiritus,
2164 2317 2361 2367 autem
2390 2324 2573 2382 penna,
2603 2309 3244 2380 .ulqiicitfallaoiae.,Non
3270 2308 3421 2364 enim
3450 2309 3571 2377 [δίη
3601 2307 3777 2379 ergo]

494 2418 662 2473 quem
691 2401 1003 2471 accepistis,
1037 2416 1225 2453 servos
1263 2415 1360 2453 vos
1411 2399 1558 2452 fecit.
1609 2399 1816 2452 Omnes
1843 2415 2090 2469 namque

493 2491 738 2544 cultores
768 2488 887 2555 Dei,
912 2488 978 2542 in
1007 2503 1337 2558 quocunque
1362 2492 1640 2557 tempore,
1669 2491 1771 2541 aut
1788 2487 1944 2540 ser-vi
1972 2488 2090 2542 fue-

485 2582 649 2644 runt,
676 2583 748 2636 .ut
780 2575 986 2641 Judaei,
1017 2580 1116 2634 aut
1157 2576 1281 2639 .ﬁlii,
1326 2581 1396 2630 .ut
1449 2575 1768 2632 Christiani.
1819 2576 1977 2630 Unde
2029 2576 2088 2632 in

493 2666 795 2735 Evangelio
819 2663 1088 2719 Dominus
1107 2663 1270 2716 dicit:
1300 2666 1427 2718 Ja-m
1445 2680 1556 2717 non
1570 2665 1754 2716 dicam
1773 2680 1861 2717 vos
1887 2680 2083 2729 servos,

495 2757 587 2809 sed
613 2758 836 2819 amicos,
869 2758 971 2807 etc.

569 2843 657 2899 12.
680 2843 925 2916 A-Uetm'.
962 2843 1051 2904 (De
1074 2842 1220 2893 verb.
1249 2845 1446 2908 apost,
1480 2855 1650 2894 serm.
1696 2838 1783 2905 13,
1823 2857 1945 2910 cap.
1982 2838 2087 2907 14.)

491 2934 564 2987 Jn
589 2948 696 3001 quo
723 2935 1030 2985 ctammus
1066 2948 1082 2983 :
1110 2930 1277 2993 Abba,
1314 2929 1540 2999 (Pater).
1577 2930 1703 2998 Ipse
1741 2929 1870 2982 huic
1898 2928 2013 2982 voc‘i
2035 2935 2092 2983 et

493 3019 701 3084 animo,
736 3034 847 3088 quo
873 3019 1194 3071 clamamus
1227 3035 1238 3069 :
1272 3017 1446 3080 Abba,
1488 3018 1672 3080 Pater,
1717 3017 1948 3087 spiritus
1985 3017 2088 3071 Dei

487 3108 876 3162 testimonium
904 3107 1019 3167 dat,
1051 3105 1184 3158 dum
1225 3111 1416 3158 manet
1443 3105 1502 3157 in
1531 3105 1691 3158 nobis
1712 3105 1954 3160 haerens.

573 3197 652 3252 l3.
687 3197 934 3249 Auens'r.
971 3197 1037 3248 In
1072 3210 1176 3261 quo
1204 3197 1511 3247 clamamus
1545 3212 1556 3246 :
1592 3195 1740 3248 Abba
1769 3199 1950 3249 Pater.
1985 3195 2087 3249 Ut-

2159 2407 2370 2470 ‘s-ponte
2397 2400 2632 2459 vanitati
2651 2405 2923 2457 creatura
2943 2397 3203 2468 subjecta
3238 2402 3344 2454 est.

2250 2488 2332 2545 18.
2379 2490 2563 2558 Ubid.)
2593 2489 2710 2546 ..ςεά
2743 2493 2964 2557 propter
2996 2503 3142 2543 eum.
3189 2486 3436 2556 Propter
3485 2500 3620 2540 eum
3667 2486 3781 2554 qui

2161 2577 2409 2648 subjecit
2454 2595 2590 2634 .eam
2619 2577 2677 2630 in
2704 2594 2822 2648 spe,
2854 2577 2911 2631 id
2937 2581 3049 2640 est,
3083 2580 3312 2646 propter
3341 2575 3462 2644 ejus
3483 2573 3783 2643 justitiam

2174 2672 2342 2737 atque
2384 2666 2760 2730 clementiam,
2805 2663 2900 2735 qui
2941 2681 3043 2717 nec
3083 2663 3427 2734 impunitum
3473 2668 3782 2732 peccatum

2172 2754 2442 2825 relinquit
2471 2755 2592 2823 [at.,
2645 2752 2917 2823 reliquit],
2963 2768 3144 2822 neque
3187 2751 3560 2805 insanabilem
3589 2751 3784 2806 voluit

2174 2857 2293 2897 esse
2313 2847 2655 2913 peccantem.

2242 2931 2332 2987 49.
2356 2932 2607 2985 AUGUST.
2635 2930 2860 2990 (Contra
2892 2931 3138 2984 Prisci“.
3178 2935 3226 2982 ct
3253 2927 3505 2996 0rigen.,
3541 2927 3610 2982 ad
3640 2944 3785 2983 con-

2171 3021 2301 3074 sult.
2345 3021 2474 3074 Oro.
2507 3037 2553 3072 c.
2587 3018 2641 3080 8,
2669 3024 2808 3072 tom.
2841 3019 2960 3085 VI.)
2993 3020 3188 3073 Omnis
3217 3023 3495 3072 creatura.
3523 3018 3594 3071 'In
3620 3033 3782 3072 uno-

2172 3126 2392 3180 quoque
2417 3109 2647 3162 homine
2669 3108 2848 3162 omnis
2875 3113 3133 3160 creatura
3155 3107 3393 3175 intelligi
3414 3110 3616 3176 potest,
3633 3107 3785 3177 quia

2171 3197 2538 3251 ratibnalis‘in
2558 3197 2654 3251 illo
2677 3204 2779 3260 est,
2797 3204 2963 3265 quam
2986 3195 3170 3264 angeli
3186 3194 3400 3246 habere
3425 3193 3778 3261 creduntur;

447 3315 451 3318 -
487 3299 736 3355 rumque
775 3283 949 3337 voluit
971 3283 1271 3352 Apostolus
1297 3282 1498 3346 dicere,
1537 3283 1669 3351 quia
1694 3283 1918 3338 videbat
1948 3269 2466 3354 lapi-Bsensualis,
2503 3301 2627 3338 cum
2673 3282 2902 3348 bestiis;
2946 3282 3126 3334 vitalis
3165 3281 3382 3349 privata
3415 3287 3603 3344 sensu",
3637 3296 3780 3336 cum

489 3373 623 3426 dem
651 3371 1014 3441 angularem,
1049 3386 1236 3440 quem,
1269 3370 1726 3440 reprbba‘verunt,
1772 3371 1864 3441 qui
1894 3372 2093 3444 recipit

480 3466 801 3530 fatrumque
823 3460 1102 3529 parietem
1149 3459 1322 3513 etiam
1367 3460 1446 3513 de
1492 3460 1709 3514 diverso
1744 3455 2090 3515 venientium

483 3551 624 3621 "[al.,
645 3549 1003 3617 venientem].
1026 3548 1167 3602 Hinc
1185 3547 1548 3612 circumcisio,
1571 3549 1702 3602 hinc
1722 3551 2054 3621 praeputium
2074 3569 2085 3616 ;

489 3638 624 3693 inde
653 3638 830 3704 Abba,
865 3637 995 3690 inde
1022 3637 1205 3690 Pater.

570 3728 655 3784 14.
679 3729 805 3794 (tib.
826 3727 1088 3781 ιΙλΧΧΧΙΙΙ
1112 3732 1320 3795 quast,
1341 3745 1395 3797 q.
1419 3726 1643 3786 75.tom
1659 3771 1670 3783 .
1706 3728 1825 3791 IV.)
1848 3729 2089 3782 Herodes

479 3819 709 3887 quidem
751 3818 865 3870 Dei.
889 3814 957 3868 Si
1000 3821 1285 3884 quaeratur
1307 3816 1592 3885 quomodo
1634 3815 1808 3868 simus
1840 3815 2088 3869 hacredes

479 3905 764 3972 'Deigcum
786 3904 1082 3958 hieroditas
1103 3910 1283 3958 morte
1303 3905 1611 3958 decessoris
1625 3906 1787 3957 firma
1805 3910 2084 3967 teneatur,

491 3995 896 4066 respondetur:
924 3995 1059 4046 Cum
1089 3996 1297 4048 venerit
1321 3995 1464 4063 quod
1487 3996 1790 4061 perfectum
1820 4000 1916 4054 est,
1939 3994 2090 4047 aufe-

492 4089 650 4138 retur
698 4083 846 4153 quod
886 4098 948 4134 ex
997 4085 1154 4152 parte
1197 4085 1299 4134 est.
1347 4081 1432 4134 Ita
1477 4079 1637 4132 nobis
1677 4079 2087 4149 quodammodo

492 4171 732 4227 moritur
751 4169 915 4226 Pater
938 4170 1003 4224 "in
1024 4170 1339 4241 aenigmate,
1373 4174 1429 4222 et
1453 4168 1600 4221 idem
1625 4168 1745 4238 ipse
1762 4169 1827 4221 fit
1858 4169 2086 4224 haeredi-

490 4265 598 4327 tas,
631 4278 757 4314 cum
777 4255 913 4313 facie
943 4260 1010 4312 ad
1044 4257 1241 4312 faciem
1285 4256 1602 4327 possidetur
1631 4257 1761 4325 ['al..
1797 4257 2082 4327 videtur.].

564 4349 652 4404 15..
686 4350 890 4404 LANFR.
930 4349 1075 4402 Nam
1119 4346 1460 4414 exspectatio.
1494 4342 1703 4396 Probat
1740 4342 1976 4414 gloriam
2019 4347 2086 4398 fi-

489 4436 1089 4495 liorum'rcvelandam
1130 4433 1198 4486 ab
1231 4431 1564 4485 auctoritate
1595 4432 1769 4487 totius
1807 4434 2082 4497 Ecclesia,

492 4545 658 4599 quam
683 4531 998 4580 creaturam
1027 4523 1116 4575 hic
1144 4525 1320 4584 vocat,
1352 4519 1496 4574 sicut
1523 4521 1693 4574 alias:
1729 4521 1790 4575 Si
1815 4539 1923 4591 qua
1947 4541 2086 4578 nova

2174 3371 2483 3426 arboribus.
2505 3373 2647 3426 Nam
2669 3373 2728 3425 in
2757 3370 2917 3424 nobis
2941 3369 3061 3422 sine
3083 3385 3249 3422 sensu
3272 3357 3623 3423 nostrofiunt
3649 3387 3784 3424 cor-

2171 3462 2324 3532 poris
2356 3461 2724 3518 incrementa.

2243 3546 2332 3604 20.
2355 3549 2564 3601 LANFR.
2586 3549 3017 3614 Rcdcmptionem
3040 3549 3300 3615 corporis.
3323 3547 3465 3600 Vere
3486 3551 3778 3618 exspecta-

2174 3650 2300 3690 mus
2330 3636 2770 3707 redemptionem
2802 3635 3068 3705 corpor'is,
3114 3635 3245 3705 quia
3287 3651 3578 3705 speramus
3616 3637 3778 3710 quod

2173 3731 2277 3778 est.
2298 3725 2407 3778 ‘Ubi
2424 3725 2560 3778 dicit
2574 3739 2673 3796 per
2693 3724 3021 3795 patientiam
3039 3731 3773 3795 exspectamus,Speramus,

2171 3813 2303 3883 quia
2325 3830 2421 3883 5pc
2450 3813 2585 3866 salvi
2605 3814 2739 3866 facti
2770 3829 2981 3874 sumus,
3008 3819 3063 3866 et
3091 3814 3194 3866 hoc
3216 3812 3430 3882 probat.
3461 3811 3590 3883 quia
3613 3813 3771 3881 quod

2171 3919 2281 3955 non
2312 3903 2580 3967 videmus,
2613 3919 2921 3972 speramus,
2952 3902 3162 3955 scilicet
3189 3904 3359 3955 a‘Dco
3390 3902 3764 3971 promissum;

2170 3991 2267 4044 sed
2296 3991 2606 4061 redemptio
2628 3992 2875 4061 corporis
2904 3996 2988 4044 est
3025 3992 3316 4061 promissa.
3343 3991 3576 4050 Probat,
3611 3991 3767 4060 quod

2170 4097 2283 4132 non
2335 4081 2584 4133 videmus
2638 4097 2950 4150 speramus.
2977 4081 3110 4150 quia
3160 4080 3306 4151 quod
3353 4079 3605 4132 videmus
3647 4095 3768 4133 non

2169 4185 2480 4239 speramus.
2511 4171 2579 4223 Et
2614 4169 2719 4223 hoc
2746 4170 2964 4240 probat,
2990 4170 3119 4239 quia
3147 4169 3285 4222 visio
3310 4174 3504 4222 nostra
3532 4183 3645 4222 non
3676 4176 3771 4224 est

2169 4275 2319 4328 spes.
2360 4259 2427 4311 Et
2442 4259 2557 4311 'hoc
2585 4257 2801 4328 probat,
2829 4259 2959 4329 quia
2997 4275 3123 4329 spes
3146 4273 3267 4329 quae
3296 4259 3518 4312 videtur
3543 4265 3658 4311 non
3677 4265 3771 4312 est

2169 4364 2313 4416 spes,
2347 4347 2480 4417 quia
2508 4347 2662 4401 nulla
2689 4347 2846 4413 visio,
2869 4364 2994 4418 spes
3026 4353 3128 4400 est.
3165 4349 3229 4401 Et
3257 4348 3360 4400 hoc
3389 4345 3606 4418 probat,
3630 4348 3771 4417 quia

2171 4436 2317 4506 qhod
2366 4435 2513 4489 videt
2565 4436 2706 4507 quis,
2755 4436 2887 4506 quid
2925 4436 3149 4506 sperat?
3180 4436 3323 4498 Quia
3352 4437 3540 4489 nullus
3571 4435 3768 4491 Videris

2169 4530 2374 4595 sperat.
2399 4520 2447 4578 πῖ
2451 4526 2500 4578 e1
2529 4524 2607 4578 ita
2629 4531 2846 4579 :utrum
2879 4531 3260 4596 exspectemus
3280 4524 3728 4595 redemptionem
3742 4528 3768 4579 '2

491 4623 750 4672 creatura
782 4617 844 4668 in
867 4614 1098 4667 Christo.
1119 4610 1190 4663 Et
1209 4608 1409 4663 Jacob:
1443 4609 1501 4663 Ut
1523 4613 1697 4663 simus
1726 4614 1960 4665 initium
1984 4613 2572 4684 ali-CRespondetur,
2605 4630 2754 4679 vere,
2796 4615 2930 4682 quia
2977 4630 3269 4684 speramus
3317 4615 3463 4684 quod
3495 4631 3591 4684 spe
3622 4615 3766 4670 salvi

488 4706 632 4776 quod
659 4707 928 4757 creatura:
957 4702 1091 4766 ejus.
1127 4695 1297 4760 Quasi
1327 4697 1536 4750 diceret
1568 4711 1578 4744 :
1607 4698 1856 4753 Ecclesia
1879 4695 2085 4753 Christi

488 4793 773 4862 exspectat
801 4785 1037 4840 revelari
1068 4785 1174 4839 sibi
1191 4783 1439 4856 gloriam
1471 4785 1714 4839 ﬁliorum
1743 4787 1865 4852 Dei,
1890 4787 1946 4841 id
1977 4794 2080 4854 est,

489 4880 813 4935 societatem
837 4874 1044 4930 habere
1067 4891 1195 4928 cum
1224 4875 1436 4945 angelis
1455 4875 1580 4930 Dei.

559 4964 650 5022 '16.
685 4966 934 5018 'Vanitati
962 4966 1130 5016 enim.
1177 4964 1348 5027 Quasi
1381 4964 1504 5035 quis
1544 4965 1754 5019 diceret
1786 4982 1799 5019 :
1840 4965 2084 5021 Ecclesia

493 5074 616 5131 quae
642 5058 860 5110 tantam
885 5053 1355 5123 exspectationem
1402 5054 1589 5121 habet,
1632 5073 1732 5110 cur
1763 5072 1904 5110 vana
1933 5058 2082 5128 cogi-

482 5147 615 5201 tat?
651 5145 765 5199 Cur
792 5150 932 5195 Vana
961 5159 1364 5214 nonnunquam
1393 5143 1716 5198 desiderat?
1740 5145 1824 5198 Ad
1853 5143 1958 5199 hoc
1990 5163 2078 5200 re-

492 5234 732 5308 spondet
774 5249 784 5282 :
829 5247 941 5285 non
982 5232 1171 5286 volens
1203 5231 1315 5286 'hoc
1358 5234 1598 5303 patitur.
1631 5233 1739 5288 Sed
1768 5234 1848 5287 ita
1875 5235 2083 5304 placuit

489 5327 627 5391 Deo,
645 5323 784 5394 quia
803 5320 1037 5377 vanitati
1061 5338 1185 5375 eam
1216 5321 1468 5392 subjecit,
1502 5322 1641 5375 dans
1670 5323 1749 5376 eis
1777 5340 1929 5394 spem
1953 5325 2082 5394 quia

430 5421 434 5424 ’
490 5413 827 5488 quandoque
855 5410 1188 5465 liberabitur
1215 5428 1248 5464 a
1287 5411 1553 5465 servitute
1583 5411 1846 5466 vanitatis
1875 5415 1931 5466 et
1967 5430 2082 5482 con-

488 5500 768 5576 ruptionis
794 5519 806 5566 ;
827 5517 952 5554 cum
973 5499 1107 5554 data
1130 5499 1234 5556 Sibi
1246 5499 1419 5556 fuerit
1442 5498 1669 5555 libertas
1686 5501 1885 5575 gloriae
1915 5490 2081 5575 quam

482 5595 596 5653 ’ΠΙἱὶ
611 5591 726 5650 Dei
753 5587 984 5646 habent.

2167 4701 2298 4754 facti
2320 4719 2530 4755 sumus.
2556 4701 2643 4755 Ita
2671 4701 2910 4772 explicat
2937 4720 2947 4754 :
2975 4702 3020 4754 si
3044 4719 3354 4772 speramus,
3376 4709 3766 4773 exspectamus

2168 4791 2313 4859 quod
2345 4795 2430 4844 est
2463 4807 2473 4842 :
2510 4791 2567 4844 Si
2605 4798 2794 4844 autem
2839 4791 2986 4861 quod
3013 4808 3124 4844 non
3156 4791 3406 4846 videmus
3445 4809 3760 4864 speramus,

2157 4895 2266 4950 per
2284 4879 2613 4950 patientiam
2641 4883 3025 4950 exspectamus
3065 4881 3410 4952 (assumptio)
3433 4882 3540 4935 sed
3566 4898 3763 4954 spera-

2166 4985 2292 5020 mus
2333 4969 2479 5037 quod
2515 4985 2625 5022 non
2655 4967 2943 5036 videmus,
2966 4967 3042 5022 Et
3070 4967 3174 5022 hoc
3204 4969 3402 5040 probat
3451 4970 3582 5040 quia
3610 4971 3763 5040 quod

2165 5056 2401 5122 videtur,
2437 5074 2549 5111 non
2571 5063 2832 5128 speratur
2853 5059 3138 5128 quodest;
3169 5076 3294 5128 spes
3320 5064 3508 5112 autem
3540 5075 3660 5127 quae
3682 5059 3764 5114 .vi-

2166 5145 2349 5210 detur,
2367 5163 2480 5200 non
2497 5150 2582 5200 est
2593 5165 2737 5218 spes.
2758 5147 2826 5200 Et
2843 5146 2948 5200 hoc
2965 5145 3192 5218 probat;
3214 5147 3546 5201 namnullus
3564 5142 3761 5202 videns

2166 5241 2357 5307 sperat
2386 5235 2531 5307 quod
2563 5240 2674 5301 est;
2705 5253 2837 5290 nam
2869 5237 3015 5306 quod
3038 5237 3188 5290 videt
3208 5235 3332 5306 quis
3362 5236 3496 5307 quid
3533 5237 3760 5306 sperat?

2233 5324 2322 5380 ‘21.
2370 5326 2471 5395 Spc
2503 5329 2670 5379 enim.
2715 5325 2886 5389 Quasi
2914 5325 3117 5396 aliquis
3152 5323 3362 5379 diceret
3391 5343 3401 5378 :
3436 5341 3621 5384 nonne
3660 5325 3756 5400 qui

2162 5412 2278 5468 Deo
2311 5414 2582 5483 serviunt,
2616 5415 2786 5468 etiam
2832 5413 2890 5467 in
2918 5414 3024 5468 hac
3054 5413 3164 5468 vita
3205 5432 3238 5467 a
3265 5413 3509 5472 vanitate
3540 5421 3597 5467 et
3630 5431 3757 5474 cor-

2161 5503 2423 5575 ruptione
2475 5503 2827 5562 liberantur?
2889 5503 3034 5557 Huic
3092 5502 3391 5572 objectioni
3451 5503 3756 5573 respondet

2161 5593 2482 5667 Apostolus,
2512 5593 2702 5649 dicens
2728 5607 2738 5641 ε
2762 5593 2930 5666 Spem
2945 5590 3216 5646 habemus
3239 5591 3386 5654 utin
3411 5597 3621 5654 aeterna
3638 5591 3756 5656 vita
