3912 6392
557 328 654 392 135
1237 345 1240 348 ’
1531 321 1596 374 Β.
1636 317 2049 374 LANFRANCI
2088 311 2449 372 CANTUAR.
2490 315 2826 373 ARCHIEP.
3696 317 3812 376 136

550 463 683 514 sunt
717 451 938 525 cognati
958 448 1072 504 mei
1100 446 1408 502 secundum
1429 459 1676 509 carnem,
1701 441 1796 513 qui
1811 445 1946 495 sunt
1963 440 2250 506 Israelitze,
2271 456 2512 511 quorum
2537 440 2762 511 adoptio
2785 445 2872 494 est
2883 440 3148 507 ﬁliorum,
3171 441 3232 493 id
3245 444 3319 494 est
3344 441 3444 509 qui
3470 440 3812 509 estadoptati

549 550 682 598 sunt
712 547 774 596 in
800 543 1025 608 ﬁtios,et
1041 534 1091 592 4.
1122 535 1321 605 gloria,
1347 539 1403 587 et
1426 536 1915 596 testamentum,et
1930 530 2225 599 legislatio,
2243 537 2300 583 et
2317 529 2646 600 obsequium
2661 535 2717 583 et
2733 530 3011 600 promissa
3028 548 3039 582 :
3060 545 3299 601 quorum
3314 533 3585 600 patres,et
3601 545 3666 582 ex
3679 528 3813 600 qui-

549 635 654 687 bus
685 635 770 686 est
799 629 1057 685 Christus
1077 624 1382 680 secundum
1424 638 1671 685 carnem,
1707 618 1803 690 qui
1845 624 1930 672 est
1963 636 2134 689 super
2167 619 2357 672 omnia
2401 619 2548 673 Deus
2581 618 2904 673 benedictus
2940 620 2998 673 in
3028 619 3250 674 saecula.
3280 619 3479 672 Amen.
3513 619 3638 671 Non
3661 619 3716 682 5,
3752 617 3810 672 6.

550 727 740 776 autem
773 719 920 789 quod
952 713 1217 770 exciderit
1238 712 1471 766 verbum
1499 710 1619 764 Dei.
1652 711 1778 763 Non
1801 709 1951 760 enim
1975 724 2171 761 omnes
2197 707 2291 778 qui
2321 724 2385 760 ex
2402 708 2576 760 Israel
2605 712 2755 774 sunt,
2780 711 2983 762 scilicet
3011 709 3314 762 secundum
3345 724 3590 771 carnem,
3611 705 3651 758 ii
3673 711 3816 760 sunt

550 808 600 864 7.
636 807 925 870 Israelitse,
961 819 1144 874 neque
1175 800 1270 872 qui
1299 816 1492 853 semen
1523 802 1655 851 sunt
1669 796 1926 860 Abrahae,
1957 793 2011 851 8.
2037 811 2232 849 omnes
2252 796 2374 858 ﬁlii,
2393 798 2598 849 scilicet
2617 797 2914 848 secundum
2938 811 3162 849 carnem
3185 814 3200 858 ;
3220 793 3270 850 9.
3293 795 3391 849 sed
3407 795 3465 849 in
3485 797 3818 849 Isaacvoca-

551 898 704 951 bitur
732 895 834 949 tibi
864 909 1074 958 semen,
1098 893 1302 944 scilicet
1321 889 1675 951 hzreditatis,
1705 885 1761 938 id
1787 890 1890 950 est,
1922 901 2034 938 non
2070 884 2164 954 qui
2195 884 2296 937 ﬁlii
2327 883 2530 947 carnis,
2566 884 2624 936 hi
2649 884 2749 936 filii
2778 884 2915 949 Dei;
2949 884 3046 937 sed
3077 884 3172 954 qui
3202 883 3302 938 ﬁlii
3331 889 3465 938 sunt
3481 883 3816 954 promissio-

550 987 657 1049 nis,
690 984 1042 1038 azstimantur
1066 980 1124 1033 in
1145 977 1383 1046 semine,
1413 977 1619 1029 scilicet
1646 975 1954 1042 spirituali,
1980 975 2039 1025 id
2067 977 2162 1035 est,
2195 976 2382 1040 quales
2403 975 2732 1040 promisisti,
2773 978 2907 1026 sunt
2942 976 3092 1041 justi
3119 974 3385 1026 videlicet.
3414 972 3818 1026 Promissionis

549 1076 698 1130 enim
719 1072 951 1126 verbum
979 1071 1085 1123 hoc
1105 1074 1226 1134 est;
1261 1065 1568 1121 secundum
1598 1063 1703 1117 hoc
1729 1068 1953 1132 tempus
1971 1062 2164 1128 futuri
2189 1063 2353 1127 anni,
2374 1062 2474 1114 hac
2501 1063 2588 1114 die
2616 1061 2856 1125 veniam,
2881 1067 2939 1115 et
2958 1061 3067 1114 erit
3095 1061 3246 1114 Sara:
3273 1061 3440 1115 ﬁlius.
3469 1060 3552 1116 10.
3573 1060 3701 1115 Non
3719 1077 3820 1115 so-

550 1166 666 1220 lum
696 1168 890 1217 autem
920 1161 1035 1226 illa,
1073 1157 1156 1225 11,
1182 1156 1266 1214 1'2.
1297 1156 1396 1210 sed
1425 1155 1615 1217 et(hoc
1640 1153 1832 1222 probat
1853 1154 1987 1220 quia
2018 1165 2132 1202 non
2161 1165 2345 1202 omnes
2373 1151 2484 1216 ﬁlii
2509 1152 2718 1216 carnis,
2733 1152 2843 1216 ﬁlii
2861 1157 2993 1204 sunt
3015 1151 3128 1216 Dei)
3161 1149 3415 1204 Rebecca
3443 1167 3508 1204 ex
3539 1167 3651 1204 uno
3673 1167 3819 1204 con-

549 1249 742 1306 cubitu
771 1247 1004 1311 habens,
1037 1245 1196 1298 Isaac
1226 1240 1403 1312 patris
1447 1237 1646 1293 nostri.
1695 1238 1836 1292 Cum
1859 1237 2011 1290 enim
2038 1237 2291 1290 nondum
2310 1237 2430 1290 nati
2461 1237 2717 1304 fuissent,
2751 1242 2850 1292 aut
2876 1238 3089 1308 aliquid
3113 1237 3243 1291 boni
3267 1238 3513 1308 egissent
3535 1245 3634 1294 aut
3653 1239 3820 1305 mali,

555 1340 636 1409 (ut
655 1336 964 1392 secundum
994 1333 1344 1396 electionem,
1360 1329 1420 1382 id
1437 1333 1511 1382 est
1534 1329 1803 1394 gratiam,
1822 1326 2170 1396 propositum
2190 1333 2311 1392 28
2333 1326 2434 1380 Dei
2458 1332 2731 1393 maneret,
2754 1331 3099 1396 propositum
3118 1328 3218 1381 Dei
3229 1329 3341 1394 fuit
3367 1330 3530 1382 Jacob
3547 1331 3823 1396 praeferre

552 1429 697 1482 Esau
719 1428 897 1493 fratri
924 1423 1068 1488 suo.)
1087 1436 1200 1473 non
1231 1435 1298 1472 ex
1323 1415 1608 1487 cperibus,
1636 1415 1733 1468 sed
1762 1431 1827 1468 ex
1856 1421 2109 1480 vocante,
2142 1417 2201 1468 id
2233 1421 2309 1468 est
2346 1432 2409 1468 ea:
2435 1419 2624 1482 gratia
2653 1420 2916 1481 vocantis,
2949 1415 3162 1469 dictum
3193 1420 3280 1470 est
3307 1416 3361 1470 ei
3392 1435 3404 1470 :
3440 1417 3583 1480 Quia
3629 1419 3826 1487 major

549 1506 754 1569 serviet
780 1509 1004 1575 minori,
1037 1508 1182 1561 sicut
1200 1505 1472 1576 scriptum
1504 1507 1624 1557 est:
1657 1502 1828 1557 Jacob
1851 1505 2039 1570 dilexi,
2067 1506 2213 1558 Esau
2243 1509 2430 1559 autem
2463 1505 2591 1558 odio
2613 1505 2801 1558 habui.
2823 1507 2931 1559 Hoc
2953 1508 3330 1560 testimonium
3359 1512 3434 1559 est
3456 1509 3518 1559 in
3535 1508 3824 1560 Malachia

548 1603 830 1673 propheta,
855 1617 977 1670 cap.
1010 1612 1052 1650 1.
1075 1596 1222 1660 Quid
1254 1611 1386 1665 ergo
1419 1593 1669 1647 dicemus
1688 1593 1712 1646 ’ἶ
1731 1591 1815 1658 13,
1838 1592 1920 1650 14.
1935 1593 2202 1665 Nunquid
2217 1593 2485 1664 iniquitas
2503 1594 2652 1664 apud
2672 1592 2895 1648 Deum?
2925 1592 3087 1647 Absit
3105 1591 3216 1648 !15.
3255 1593 3436 1664 Moysi
3455 1594 3606 1647 enim
3625 1593 3771 1648 dicit
3805 1611 3820 1647 :

559 1690 641 1748 16.
672 1687 999 1754 Miserebor,
1032 1687 1193 1755 cujus
1220 1684 1520 1748 misereor;
1551 1685 1608 1734 et
1634 1681 2075 1736 misericordiam
2106 1681 2401 1753 praestabo,
2435 1683 2597 1752 cujus
2627 1680 2956 1736 miserebor.
2986 1681 3172 1756 Igitur
3199 1697 3313 1735 non
3337 1681 3592 1748 volentis,
3621 1698 3821 1753 neque

552 1887 762 1944 indicat
795 1902 897 1957 pro
926 1881 1192 1937 fratribus
1223 1880 1367 1946 suis,
1393 1893 1631 1950 quorum
1660 1877 1841 1948 legem
1863 1789 2580 1948 ἱῐῗῐῖεῗροιί,
2625 1877 2720 1931 alii
2764 1877 3023 1948 reprobi;
3064 1894 3197 1932 nam
3225 1893 3408 1949 neque
3458 1895 3523 1932 ex
3557 1878 3832 1950 operibus

554 1977 773 2033 catione
801 1971 1087 2043 Evangelii
1122 1971 1414 2024 destruere
1441 1966 1751 2022 videbatur.

623 2065 678 2124 4.
715 2067 960 2120 AUGUST.
995 2061 1089 2131 (ex
1116 2059 1211 2112 lib.
1262 2071 1343 2112 xu
1389 2061 1532 2110 cont.
1589 2057 1739 2123 faus.
1793 2056 2144 2110 Manicheum

553 2173 674 2228 cap.
709 2153 760 2221 3,
783 2153 840 2208 in
867 2149 1048 2216 med.)
1070 2149 1133 2202 Et
1153 2149 1354 2216 gloria.
1379 2145 1446 2199 Et
1465 2160 1586 2214 quae
1600 2144 2011 2214 gloriaeorum,
2035 2144 2145 2198 nisi

553 2244 829 2317 praecipue
857 2241 957 2295 illa
995 2237 1127 2309 quia
1171 2235 1384 2290 credita
1433 2238 1568 2288 sunt
1612 2232 1723 2287 illis
1776 2233 2000 2304 eloquia
2020 2233 2143 2287 Dei.

553 2335 678 2388 Jam
718 2346 848 2384 vero
887 2330 1224 2382 testamenta
1273 2339 1372 2377 cur
1420 2322 1559 2376 dixit
1589 2322 1660 2376 ad
1690 2323 1974 2376 Israelitas
2013 2321 2142 2394 [al.,

552 2398 830 2494 praecipue
859 2413 1188 2488 pertinere],
1230 2413 1338 2467 nisi
1375 2412 1510 2482 quia
1537 2417 1594 2465 et
1618 2412 1793 2465 Vetus
1819 2412 2146 2466 Testamen-

552 2517 676 2566 tum
720 2508 833 2563 illis
861 2511 946 2560 est
973 2505 1188 2569 datum,
1226 2507 1285 2556 et
1329 2501 1546 2556 Novum
1605 2500 1664 2553 in
1689 2501 1892 2554 Vetere
1943 2501 2148 2569 ﬁgura-

553 2597 725 2654 tum?
823 2646 838 2660 ,

625 2686 678 2740 5.
704 2686 913 2740 LANFR.
937 2684 1060 2737 Non
1075 2685 1260 2734 autem
1280 2680 1424 2748 quod
1451 2678 1729 2733 exciderit.
1763 2677 2033 2748 Superius
2061 2677 2148 2730 di-

556 2774 637 2829 xit
657 2773 790 2844 quia
813 2769 1088 2842 promissa
1105 2773 1326 2822 aeterna:
1350 2765 1689 2820 haereditatis
1711 2767 1858 2819 facta
1887 2769 2018 2819 sunt
2048 2765 2148 2818 Ju-

557 2863 711 2918 daeis.
746 2859 854 2916 Sed
886 2859 1018 2930 quia
1045 2856 1222 2911 Judaei
1245 2871 1453 2924 magna
1480 2871 1544 2907 ex
1585 2859 1744 2925 parte
1783 2854 2005 2908 Christo
2035 2870 2148 2907 non

557 2950 932 3013 crediderunt,
958 2944 1251 2999 videbatur
1270 2943 1499 2997 verbum
1515 2942 1615 2996 Dei
1633 2958 1745 2996 non
1768 2958 1889 2995 esse
1909 2942 2147 3011 comple-

556 3048 700 3096 tum.
740 3038 826 3093 Ad
861 3038 966 3090 hoc
995 3033 1298 3105 respondet
1345 3049 1356 3084 :
1392 3033 1519 3085 Non
1556 3036 1745 3084 autem
1782 3029 1988 3084 excidit
2030 3046 2148 3083 ver-

559 3132 692 3184 bum
719 3126 842 3182 Dei.
869 3124 1117 3178 Verbum
1158 3121 1262 3176 Dei
1291 3119 1562 3186 excidere,
1619 3120 1706 3173 vel
1745 3119 2009 3173 excedere
2037 3124 2141 3186 est,

558 3234 669 3272 non
689 3215 923 3286 implere
947 3210 1242 3282 promissa.

626 3305 682 3360 6.
713 3305 956 3358 Aususr.
989 3299 1262 3367 Nunquid
1286 3298 1548 3351 exciderit
1577 3297 1802 3349 verbum
1846 3297 1957 3349 Dei.
1997 3296 2148 3358 Quo-

562 3395 713 3449 niam
743 3391 962 3445 dixerat
981 3388 1232 3442 dolorem
1261 3384 1468 3438 habere
1497 3400 1558 3437 se
1585 3383 1770 3437 cordis
1798 3383 2145 3450 continuum,

559 3498 730 3538 causa
770 3475 1179 3534 incredulitatis
1227 3488 1421 3528 eorum
1463 3489 1478 3537 ;
1545 3488 1694 3526 nunc
1757 3471 2151 3526 consolabatur

560 3589 780 3640 se,......
815 3567 963 3622 enim
991 3566 1115 3636 lege
1133 3563 1367 3628 invenit,
1399 3560 1532 3632 quia
1575 3577 1688 3614 non
1735 3577 1928 3614 omnes
1957 3560 2052 3631 qui
2083 3577 2149 3613 ex

559 3660 733 3716 Israel
760 3658 847 3712 vel
872 3655 1158 3711 Abraham
1187 3656 1320 3706 sunt
1346 3649 1634 3704 credituri.
1653 3648 1856 3703 Minuit
1885 3666 2018 3719 ergo
2049 3650 2150 3703 do-

557 3751 733 3805 lorem
764 3745 1051 3802 inveniens
1081 3743 1186 3796 hoc
1213 3741 1346 3794 olim
1370 3739 1717 3809 praedictum.
1751 3739 2002 3802 Quorum
2021 3737 2150 3791 ado-

557 3839 674 3912 ptio
699 3837 769 3893 ad
791 3836 1020 3891 Galatas
1039 3831 1245 3885 dicitur
1269 3847 1280 3882 :
1318 3829 1455 3883 Cum
1479 3829 1628 3881 venit
1636 3828 1922 3896 plenitudo
1954 3831 2150 3894 tempo-

554 3933 658 3998 ris,
702 3930 856 3982 misit
895 3926 1033 3978 Deus
1073 3922 1281 3974 Filium
1307 3932 1475 3971 suum
1515 3922 1577 3969 ut
1613 3917 1960 3984 adoptionem
2001 3917 2152 3980 ﬁlio-

555 4033 689 4071 rum
715 4018 1097 4083 recipercmus.

628 4105 678 4159 7.
713 4105 920 4158 Lassa.
954 4098 1234 4154 Israelita.
1257 4095 1384 4148 Non
1410 4110 1602 4148 omnes
1631 4093 1860 4146 fuerunt
1887 4091 2154 4145 Israelitae

559 4192 654 4265 qui
677 4193 909 4248 fuerunt
946 4185 1049 4241 sub
1077 4183 1298 4238 cultura
1343 4181 1444 4236 Dei
1489 4186 1547 4236 et
1591 4179 1944 4234 observantia
1990 4179 2150 4250 legis.

559 4281 798 4347 Quidam
821 4278 972 4333 enim
999 4273 1348 4329 transierunt
1375 4270 1433 4324 in
1459 4269 1602 4324 ritus
1628 4267 1924 4339 gentilium
1950 4273 2008 4322 et
2034 4269 2153 4322 cul-

557 4378 746 4426 turam
772 4368 1086 4430 idolorum;
1115 4363 1261 4416 sicut
1285 4365 1540 4430 tempore
1577 4357 1875 4413 Jeroboam
1912 4357 2157 4411 maxima

2226 1967 2423 2037 patris,
2457 1971 2554 2021 aut
2573 1967 2791 2034 matris,
2817 1967 2950 2038 quia
2978 1984 3043 2021 ex
3071 1983 3184 2021 uno
3211 1966 3508 2021 concubitu
3559 1973 3692 2022 sunt
3717 1987 3732 2036 ;
3768 1975 3835 2023 et

2226 2055 2344 2109 suis
2363 2072 2495 2122 non,
2519 2055 2650 2126 quia
2679 2055 2931 2109 nondum
2959 2056 3171 2127 aliquid
3200 2057 3469 2126 fecerant,
3513 2057 3647 2128 quia
3699 2058 3834 2112 nati

2227 2160 2341 2197 non
2370 2149 2551 2199 erant.

2297 2231 2388 2288 11.
2410 2233 2660 2287 AUGUST.
2693 2234 2870 2304 (epist.
2910 2233 3012 2289 105
3056 2235 3130 2287 ad
3168 2235 3394 2289 Sixtum
3425 2236 3689 2303 presbyt.,
3717 2234 3836 2288 sub

2228 2321 2417 2387 ﬁnem,
2448 2325 2586 2375 tom.
2606 2319 2862 2389 II)Sedet
2882 2321 3251 2385 Rebecca.Quo
3268 2321 3513 2392 pertinet
3529 2321 3656 2395 [al.,
3689 2339 3837 2392 per—

2228 2409 2420 2478 tinuit]
2450 2414 2514 2463 ut
2542 2408 2774 2463 abderet
2793 2426 2859 2462 ex
2887 2426 2999 2463 uno
3028 2409 3348 2475 concubitu,
3369 2410 3477 2465 nisi
3505 2417 3569 2465 ut
3595 2427 3706 2465 non
3735 2429 3838 2466 so-

2228 2498 2345 2551 lum
2373 2497 2442 2551 de
2479 2497 2614 2564 suis,
2634 2515 2816 2568 neque
2835 2499 2904 2552 de
2923 2504 3222 2569 parentum
3239 2499 3472 2565 meritis,
3497 2499 3593 2554 sed
3622 2517 3729 2554 nec
3761 2501 3839 2555 de

2228 2585 2428 2656 ipsius,
2460 2587 2518 2640 id
2548 2592 2650 2652 est,
2677 2587 2844 2640 unius
2868 2587 3044 2659 patris
3072 2592 3293 2642 mutata
3343 2589 3487 2642 forte
3524 2589 3582 2642 in
3619 2589 3838 2643 melius

2229 2675 2516 2730 voluntate
2563 2677 2838 2744 gloriatur
2866 2677 2986 2746 [al.,
3019 2676 3383 2750 gloriaretur]
3415 2677 3584 2731 Jacob
3630 2677 3840 2733 dicens

2230 2765 2357 2818 ideo
2385 2781 2418 2818 a
2442 2770 2692 2818 creatore
2713 2781 2772 2818 se
2801 2765 3087 2832 dilectum,
3117 2765 3248 2836 quia
3265 2771 3426 2838 pater
3451 2767 3500 2836 ej
3510 2784 3575 2820 us
3598 2769 3842 2836 quando

2229 2870 2354 2908 cum
2387 2853 2683 2908 seminavit
2709 2853 3034 2907 melioribus
3047 2854 3385 2908 laudabilior
3412 2855 3663 2908 moribus
3680 2855 3843 2910 fuit?

2229 2941 2307 2995 Ex
2334 2958 2467 3008 uno,
2483 2941 2989 3012 inquit,concubitu
3008 2942 3114 2995 fuit
3132 2959 3307 2996 unum
3318 2948 3454 2997 tunc
3469 2945 3539 2997 ad
3556 2960 3650 2997 eos
3661 2945 3843 2999 semi-

2230 3031 2445 3084 nandos
2461 3031 2725 3084 meritum
2738 3031 3120 3100 patris,unum
3141 3032 3212 3085 ad
3225 3032 3694 3102 concupiscendos
3717 3031 3842 3105 [al.

2229 3118 2644 3192 concipiendos]
2677 3120 2875 3173 matris
2897 3119 3160 3174 meritum
3192 3141 3208 3186 ;
3235 3125 3293 3174 et
3319 3137 3447 3175 cum
3479 3121 3678 3175 eodem
3700 3122 3845 3193 [al.,

2165 3203 2212 3264 B
2231 3225 2297 3262 ex
2317 3208 2535 3278 eodem]
2551 3213 2727 3278 patre,
2763 3209 2954 3262 eadem
2973 3214 3170 3272 matre,
3205 3224 3317 3262 uno
3347 3209 3646 3262 concubitu
3675 3216 3848 3266 ante-

2232 3313 2400 3366 quam
2421 3297 2634 3366 aliquid
2660 3297 2906 3365 egissent
2933 3296 3064 3349 boni
3092 3301 3194 3350 aut
3220 3297 3374 3362 mali,
3407 3296 3648 3350 alterum
3679 3297 3847 3355 Deus

2231 3385 2422 3454 elegit,
2453 3384 2694 3438 alterum
2733 3383 2869 3437 odit.
2902 3383 3188 3452 Intelligat
3214 3383 3382 3437 Jacob
3413 3400 3478 3438 ex
3515 3385 3613 3438 illa
3640 3401 3848 3443 massa

2231 3472 2547 3542 iniquitatis
2571 3471 2878 3543 originalis,
2908 3471 3004 3525 ubi
3032 3472 3285 3538 fratrem,
3313 3489 3442 3528 cum
3491 3490 3602 3544 quo
3630 3474 3847 3532 habuit

2231 3577 2453 3614 omnem
2484 3577 2730 3627 causam,
2763 3561 2911 3614 videt
2938 3576 3038 3631 per
3053 3561 3336 3631 justitiam
3358 3563 3631 3616 meruisse
3673 3563 3847 3618 dam-

2231 3648 2374 3715 nari,
2407 3665 2520 3702 non
2548 3648 2656 3703 nisi
2687 3665 2786 3719 per
2816 3649 3058 3718 gratiam
3087 3666 3146 3703 se
3174 3649 3425 3720 potuisse
3452 3650 3718 3704 discerni.

2306 3737 2392 3791 12.
2426 3739 2630 3792 LANFR.
2657 3739 2760 3793 Sed
2789 3744 2838 3792 et
2857 3740 3099 3793 Rebecca.
3133 3739 3283 3792 Ordo
3308 3757 3320 3792 ε
3348 3739 3597 3794 Rebecca
3609 3739 3838 3797 habens

2233 3825 2395 3892 ﬁlios,
2427 3843 2495 3880 ex
2513 3843 2626 3880 uno
2656 3825 2958 3881 concubitu
2985 3828 3159 3881 Isaac.

2303 3915 2391 3970 15.
2413 3917 2686 3984 Nunquid
2703 3919 2994 3984 iniquitas.
3042 3915 3362 3988 Iniquitatis
3397 3915 3690 3971 videbatur
3705 3935 3844 3976 esse

2233 4003 2379 4058 Esau
2407 4019 2521 4058 non
2541 4009 2865 4074 peccantem
2881 4004 3228 4076 reprobasse.
3253 4007 3447 4076 Neque
3471 4010 3661 4060 tamen
3684 4007 3845 4064 hanc

2235 4109 2501 4162 magnam
2521 4098 2579 4146 et
2604 4094 2839 4148 arduam
2869 4093 3234 4164 quaestionem
3264 4092 3446 4149 solvit.

2309 4179 2394 4236 14.
2425 4183 2672 4236 AUGUST.
2701 4184 2849 4247 (ibid.
2880 4183 3046 4253 paulo
3067 4185 3214 4252 ante)
3238 4184 3510 4251 Nunquid
3529 4186 3836 4252 iniquitas.

2237 4269 2377 4323 Cum
2397 4271 2547 4324 enim
2573 4270 2823 4338 dixisset,
2838 4270 2987 4325 absit
3005 4277 3071 4325 ut
3081 4271 3154 4325 sit
3176 4271 3447 4341 iniquitas
3457 4272 3607 4342 apud
3622 4273 3836 4329 Deum!

2235 4357 2432 4429 Itaque
2458 4359 2772 4431 [tanquam]
2819 4359 2871 4414 ei
2909 4360 3195 4414 dicemus:
3225 4360 3384 4414 Unde
3421 4360 3526 4414 hoc
3555 4363 3837 4430 ostendis,

559 4477 690 4531 pars
720 4473 935 4521 eorum,
969 4454 1074 4507 hoc
1100 4450 1450 4521 signiﬁcante
1477 4448 1614 4513 Deo,
1647 4446 1796 4517 quod
1825 4445 1884 4498 in
1912 4439 2360 4502 adventuCcum
2387 4463 2606 4503 asseras
2640 4450 2767 4503 Non
2797 4466 2862 4503 ex
2897 4449 3180 4519 operibus,
3230 4447 3328 4502 sed
3369 4464 3436 4501 ex
3481 4455 3716 4503 vocante
3750 4452 3843 4505 di-

561 4549 771 4606 Christi
801 4545 1029 4618 quidam
1063 4544 1252 4596 essent
1291 4537 1580 4601 credituri,
1625 4541 1684 4590 et
1737 4535 1983 4590 maxima
2021 4553 2152 4607 pars

561 4654 756 4696 eorum
784 4637 843 4691 in
866 4632 1198 4689 inﬁdelitate
1227 4625 1566 4682 remansuri.

632 4730 684 4783 8.
714 4728 908 4782 Omnes
931 4723 1060 4790 ﬁlii.
1089 4718 1261 4774 Filios
1287 4720 1448 4770 vocat
1496 4713 1700 4768 liberos
1729 4729 1795 4766 ex
1820 4713 1988 4783 legali
2015 4729 2150 4768 con-

554 4817 714 4890 jugio
767 4814 1108 4886 procreatos,
1139 4807 1285 4861 sicut
1311 4804 1384 4858 ad
1429 4801 1694 4857 Hebraeos
1725 4820 1740 4856 :
1770 4802 1913 4869 Ergo
1941 4804 2151 4857 adulte-

559 4908 684 4962 rini
719 4909 768 4958 et
800 4917 912 4956 non
941 4901 1051 4967 ﬁlii
1078 4899 1222 4952 estis.
1277 4894 1325 4949 Ii
1355 4892 1458 4946 soli
1508 4890 1694 4946 Patris
1721 4891 1969 4946 haeredes
1997 4897 2147 4948 sunt.

629 4995 684 5050 9.
715 4993 965 5046 AUGUST.
1017 4985 1140 5057 (lib.
1185 4997 1273 5038 xvx
1302 4985 1375 5037 De
1403 4983 1510 5038 civ.
1545 4981 1659 5047 Dei,
1691 4996 1813 5050 cap.
1857 4979 1969 5051 32).
2023 4981 2153 5048 (Sed

559 5087 624 5139 in
654 5080 833 5150 Isaac)
863 5079 1156 5148 Exponens
1183 5069 1483 5142 Apostolus
1511 5069 1644 5139 quid
1693 5068 1768 5122 sit
1795 5072 1860 5122 in
1887 5070 2043 5122 Isaae
2066 5086 2145 5122 υο-

566 5175 787 5228 rabitur
801 5183 1002 5236 semen,
1032 5161 1252 5234 inquit:
1283 5161 1408 5215 Non
1425 5160 1530 5223 ﬁlii
1545 5163 1674 5212 sunt
1695 5160 1906 5223 carnis,
1938 5158 1997 5210 hi
2019 5163 2152 5211 sunt

562 5265 672 5332 filii
693 5261 809 5316 Dei.
828 5256 932 5312 Sed
951 5256 1060 5323 ﬁlii
1075 5250 1460 5320 promissionis
1479 5249 1823 5315 deputantur
1841 5249 1905 5300 in
1923 5249 2149 5300 semine.

563 5356 641 5407 Ac
667 5365 768 5423 per
785 5349 890 5402 hoc
917 5343 1020 5399 ﬁlii
1039 5338 1446 5413 promissionis,
1474 5341 1540 5391 ut
1565 5336 1680 5390 sint
1707 5350 1900 5389 semen
1917 5332 2154 5388 Abrahae

563 5443 622 5495 in
649 5441 826 5504 Isaac,
857 5435 918 5490 in
949 5430 1238 5488 Christum
1291 5430 1524 5482 vocante
1576 5423 1763 5494 gratia
1805 5438 2152 5492 congregan-

562 5536 675 5584 tur.

639 5613 724 5674 10.
747 5614 950 5670 Lassa.
980 5612 1306 5686 Nonssotum
1325 5609 1534 5661 autem.
1574 5601 1677 5656 Vel
1721 5615 1835 5656 non
1859 5600 2040 5656 solum
2065 5601 2148 5660 illi

2233 4542 2387 4592 ctum
2419 4543 2540 4605 est;
2575 4540 2754 4607 Major
2768 4541 2963 4592 serviet
2991 4539 3251 4591 minori?
3280 4537 3499 4609 Moyses
3527 4537 3701 4607 enim,
3738 4540 3839 4596 in-

2234 4626 2375 4698 quit,
2399 4626 2554 4682 dicit.

2301 4713 2390 4770 15.
2426 4717 2630 4770 LANFR.
2662 4717 2837 4783 Moysi
2855 4715 3165 4770 enim.Non
3178 4717 3481 4788 respondet
3497 4713 3837 4788 quaestioni;

2233 4804 2330 4860 sed
2357 4804 2635 4876 superiori
2673 4804 2984 4872 sententiae,
3018 4821 3130 4875 qua
3158 4805 3370 4860 dictum
3418 4811 3505 4861 est
3547 4808 3712 4860 Jacob
3750 4809 3844 4860 di-

2234 4896 2360 4960 lexi,
2385 4899 2498 4950 etc.

2311 4981 2401 5039 16.
2440 4983 2775 5039 Miserentis.
2813 4981 2880 5037 In
2928 4983 3114 5050 Jacob,
3150 4983 3351 5056 inquit,
3406 4988 3593 5055 potest
3628 4983 3837 5054 videri,

2235 5071 2369 5142 quia
2418 5087 2601 5142 neque
2628 5071 2902 5139 voluntas,
2934 5089 3117 5144 neque
3145 5072 3260 5127 vita
3291 5073 3470 5127 salvat
3494 5073 3785 5128 hominem
3821 5094 3836 5144 ;

2235 5161 2332 5214 sed
2354 5159 2738 5214 misericordia
2774 5161 2896 5228 Dei,
2929 5179 3042 5233 qua
3071 5162 3217 5217 bona
3257 5163 3513 5217 voluntas
3571 5168 3627 5216 et
3682 5160 3843 5219 bona

2235 5264 2407 5320 opera
2432 5247 2798 5320 inspirantur.

2309 5335 2394 5393 16.
2427 5339 2742 5406 Miserebor,
2799 5343 2904 5396 etc.
2958 5339 3168 5394 Probat
3213 5340 3348 5410 quia
3385 5339 3578 5394 dilexit
3632 5340 3837 5411 Jacob,

2237 5425 2371 5497 quia
2418 5443 2613 5482 omnes
2641 5427 2827 5500 diligit
2871 5429 3178 5484 secundum
3226 5430 3597 5501 propositum,
3630 5428 3690 5484 id
3721 5435 3835 5499 est,

2233 5516 2506 5587 gratiam;
2535 5534 2669 5574 nam
2692 5518 2830 5574 dicit
2859 5535 2872 5572 :
2903 5520 3212 5584 Miserebor,
3255 5523 3360 5574 etc.
