3912 6390
91 344 175 405 137
775 343 856 402 ΙΝ
892 345 959 401 D.
999 347 1216 403 PAULI
1246 344 1475 402 EPIST.
1511 338 1883 398 COMMENT.
1917 369 1983 380 —
2009 338 2233 394 EPIST.
2276 338 2374 393 AD
2411 338 2586 394 ROM.
3190 347 3298 405 138

92 469 329 524 currentis
352 470 561 522 scilicet
588 473 652 522 ut
690 470 953 537 salvetur,
984 471 1084 524 sed
1121 470 1441 525 miserentis
1487 472 1574 524 est
1615 466 1736 522 Dei.
1765 465 1918 521 Dicit
1951 464 2103 519 enim
2130 462 2221 519 17.
2260 465 2552 537 Scriptura
2580 464 2861 520 Pharaoni
2893 484 2907 520 :
2935 466 3080 531 Quia
3106 468 3168 523 in
3193 469 3301 524 hoc

94 562 245 631 ipsum
269 557 500 613 excitavi
528 562 608 625 te,
630 563 697 612 ut
725 559 1020 614 ostendam
1042 560 1101 613 in
1130 564 1187 614 te
1215 560 1482 614 virtutem
1509 574 1729 612 meam:
1764 560 1821 610 et
1845 560 1913 609 ut
1923 554 2293 608 annuntietur
2318 571 2527 609 nomen
2556 570 2746 608 meum
2765 554 2825 608 in
2841 554 3104 611 universa
3127 562 3300 613 terra.

97 650 336 702 Conclusio
357 650 651 717 utriusque
672 652 1005 718 quaestionis.
1040 649 1186 719 Ergo
1211 650 1371 719 cujus
1387 648 1508 701 vult
1536 646 1919 711 miseretur,et
1942 660 2110 715 quem
2124 644 2242 697 vult
2264 643 2512 699 indurat.
2528 642 2678 697 Dicis
2698 643 2889 715 itaque
2911 644 3051 698 mihi
3079 662 3092 698 :
3120 643 3301 712 18,19.

97 737 208 801 Quid
232 736 403 791 adhuc
422 735 740 806 quaeritur?
770 737 1044 791 voluntati
1066 738 1187 807 ejus
1216 736 1340 807 quis
1372 734 1625 790 resistit?
1652 731 1743 790 20.
1771 733 1817 787 Ο
1840 734 2031 797 homo,
2056 739 2122 786 tu
2152 732 2248 802 qui
2269 748 2349 796 es,
2380 731 2477 802 qui
2500 732 2839 802 respondeas
2854 733 3010 787 Deo?
3034 734 3305 805 Nunquid

96 824 200 878 dicit
222 826 550 895 ﬁgmentum
571 824 622 878 ei
640 824 736 894 qui
752 842 812 879 se
833 825 994 880 ﬁnxit
1026 843 1038 877 :
1067 825 1214 889 Quid
1233 842 1321 879 me
1334 823 1517 878 fecisti
1537 823 1617 877 sic
1637 828 1659 875 ἲ
1679 824 1767 875 An
1791 838 1906 876 non
1920 820 2090 874 habet
2109 824 2446 890 potestatem
2467 820 2670 890 ﬁgulus
2692 820 2797 874 luti
2810 838 2876 875 ex
2895 822 3093 876 eadem
3118 839 3308 878 massa

97 913 241 968 facere
274 914 423 967 aliud
469 913 702 984 quidem
744 931 842 968 vas
876 914 936 969 in
972 916 1264 981 honorem,
1307 914 1462 967 aliud
1499 922 1629 966 vero
1660 911 1721 965 in
1749 910 2182 965 contumeliam?
2224 908 2314 967 21.
2358 910 2518 973 Quod
2546 909 2592 963 si
2615 911 2764 965 Deus
2792 912 2981 966 volens
3010 914 3307 970 ostendere

100 1002 276 1071 scilicet
304 1005 364 1055 in
384 1003 589 1069 futuro
616 1004 825 1072 szwlo)
853 1003 1016 1070 iram,
1049 1009 1106 1058 et
1140 1010 1333 1059 notam
1371 1003 1555 1056 facere
1592 999 1906 1070 potentiam
1934 1015 2117 1066 suam,
2152 999 2423 1054 sustinuit
2457 1000 2517 1054 in
2545 1002 2726 1059 multa
2754 1003 3028 1073 patientia
3049 1021 3182 1059 vasa
3209 1006 3307 1061 iraa

97 1096 199 1162 apta
218 1090 273 1145 in
299 1090 619 1157 interitum,
642 1095 708 1145 ut
736 1092 1056 1146 ostenderet
1082 1092 1306 1146 divitias
1323 1089 1514 1161 gloria;
1528 1106 1642 1143 suae
1657 1088 1716 1141 in
1732 1104 1867 1141 vasa
1886 1088 2301 1153 misericordiae,
2328 1105 2451 1159 quae
2466 1091 2800 1161 praeparavit
2817 1092 2876 1147 in
2890 1094 3308 1164 gloriam.Quos

98 1186 140 1232 et
160 1179 347 1232 vocavit
364 1196 469 1233 nos
499 1196 616 1233 non
646 1180 827 1233 solum
856 1196 923 1233 ex
942 1179 1167 1246 Iudaeis,
1188 1180 1285 1234 sed
1306 1174 1559 1233 etiam'ex
1580 1176 2072 1248 gentibus.Probat
2093 1177 2227 1243 quia
2248 1178 2537 1228 vocavitex
2550 1179 2821 1243 gentibus,
2846 1181 2991 1233 sicut
3006 1183 3069 1235 in
3085 1181 3205 1235 Osee
3224 1184 3309 1237 di-

98 1270 232 1331 citur,
244 1282 285 1320 c.
302 1283 362 1332 1.,
385 1266 553 1320 Sicut
578 1266 639 1319 in
665 1266 808 1321 Osee
828 1265 996 1319 dicit:
1035 1265 1124 1321 22.
1156 1265 1379 1320 Vocabo
1405 1283 1518 1320 non
1547 1265 1767 1337 plebem
1796 1280 2001 1328 meam,
2016 1262 2238 1333 plebem
2254 1279 2471 1329 meam;
2503 1269 2560 1317 et
2587 1280 2699 1319 non
2719 1266 2998 1335 dilectam,
3023 1269 3305 1339 dilectam;

98 1362 257 1409 etnon
282 1355 729 1409 misericordiam
751 1361 880 1422 πθ
906 1360 1282 1421 consecutam,
1296 1355 1739 1409 misericordiam
1761 1357 2138 1408 consecutam.
2161 1350 2253 1408 23.
2272 1353 2343 1406 Et
2363 1353 2487 1420 erit,
2502 1354 2562 1408 in
2582 1354 2720 1423 loco,
2735 1355 2831 1410 ubi
2850 1357 3063 1413 dictum
3080 1366 3167 1416 est
3184 1362 3266 1417 eis
3290 1379 3304 1416 :

98 1443 194 1495 Non
210 1440 354 1513 plebs
382 1458 518 1497 mea
534 1459 653 1509 vos,
682 1442 760 1496 ibi
789 1443 1137 1497 vocabuntur
1156 1444 1255 1497 ﬁlii
1285 1444 1385 1497 Dei
1410 1444 1538 1498 vivi.
1563 1445 1762 1500 Probat
1794 1444 1938 1512 quod
1957 1459 2021 1495 e1:
2050 1442 2256 1495 Iudaeis
2278 1444 2507 1505 vocavit,
2528 1445 2663 1511 quia
2704 1449 2936 1499 testatur
2970 1449 3165 1516 Isaias,
3190 1468 3237 1505 c.
3269 1469 3307 1506 ι.

99 1531 238 1585 Isaias
254 1537 441 1586 autem
470 1532 684 1586 clamat
697 1548 798 1603 pro
829 1534 1021 1597 Israel,
1043 1550 1145 1602 pro
1165 1536 1515 1588 conversione
1526 1537 1698 1589 Israel
1720 1549 1730 1584 :
1754 1530 1843 1588 24.
1880 1532 1939 1586 Si
1968 1529 2139 1584 fuerit
2157 1545 2425 1584 numerus
2446 1530 2690 1585 ﬁliorum
2714 1533 2888 1588 Israel
2902 1540 3174 1607 tanquam
3192 1555 3314 1595 are-

100 1635 155 1673 na
182 1620 357 1687 maris,
386 1620 480 1686 25,
509 1619 603 1676 26.
627 1620 885 1691 reliquiae
913 1621 1077 1676 salvae
1112 1622 1267 1675 ﬁent.
1297 1620 1384 1687 '27,
1417 1620 1762 1677 28.Verbum
1794 1622 1891 1689 (vel
1920 1620 2148 1672 verbum
2171 1618 2453 1672 Christum
2479 1621 2807 1689 breviatum,
2840 1626 2983 1677 sicut
3007 1626 3186 1691 illud;
3206 1627 3318 1683 Mi-

103 1712 245 1761 nuiin
267 1725 388 1762 eum
404 1712 582 1777 paulo
604 1713 797 1764 minus
824 1712 893 1764 ab
921 1711 1161 1780 angelis)
1192 1710 1342 1764 enim
1364 1726 1779 1773 consummans,
1814 1713 1871 1762 et
1898 1705 2246 1772 abbrevians,
2284 1708 2343 1760 id
2372 1711 2448 1760 est
2473 1714 2738 1777 praecepta
2765 1713 2916 1779 legis,
2944 1711 3004 1766 in
3031 1714 3318 1786 aequitate,

102 1795 206 1865 quia
218 1796 440 1851 verbum
457 1796 777 1870 breviatum
808 1797 992 1865 faciet,
1020 1801 1226 1853 scilicet
1246 1800 1461 1867 jubebit
1482 1795 2058 1862 observari,Dominus
2071 1811 2240 1865 super
2253 1800 2548 1861 terram,et
2563 1796 2709 1851 sicut
2718 1799 2977 1867 praedixit
2995 1800 3201 1858 Isaias:
3224 1803 3317 1861 29.

102 1882 197 1937 5715i
215 1882 480 1939 Dominus
515 1884 753 1939 sabaoth
784 1885 1104 1957 reliquisset
1134 1884 1223 1942 30.
1258 1885 1418 1939 nobis
1453 1901 1667 1950 semen,
1699 1884 1840 1939 sicut
1871 1885 2115 1941 Sodoma
2142 1884 2273 1939 facti
2293 1900 2561 1951 essemus,
2585 1888 2647 1939 id
2668 1892 2743 1941 est
2760 1892 3319 1963 penituspericlitati,

102 1978 144 2024 et
165 1972 292 2026 sicut
320 1973 642 2027 Gomorrha
668 1974 880 2028 similes
906 1974 1227 2029 fuissemus.
1254 1974 1399 2038 Quid
1424 1991 1556 2044 ergo
1572 1974 1820 2028 dicemus
1838 1975 2165 2029 700nclusio
2188 1976 2334 2042 quod
2348 1977 2485 2028 dicit
2513 1976 2626 2029 :Ea:
2650 1979 2904 2042 gentibus
2930 1984 3156 2049 vocavit,
3174 1984 3327 2054 quod

102 2066 278 2129 gentes,
312 2079 433 2133 quae
463 2060 581 2117 non
620 2063 981 2117 sectabantur
1005 2062 1308 2133 justitiam,
1343 2062 1836 2133 apprehenderunt
1885 2062 2195 2133 justitiam;
2237 2061 2518 2131 justitiam
2563 2068 2773 2131 autem,
2807 2082 2932 2136 quae
2962 2084 3029 2121 ex
3065 2070 3177 2124 ﬁde
3218 2077 3324 2126 est.

105 2148 247 2203 Israel
267 2166 393 2204 vero
418 2151 692 2205 sectando
717 2151 899 2221 legem
913 2151 1168 2221 justitize,
1203 2152 1265 2205 id
1287 2156 1362 2205 est
1398 2152 1655 2205 carnales
1692 2151 2104 2217 observationes,
2139 2166 2256 2219 quas
2277 2166 2379 2219 per
2414 2153 2577 2218 ﬁdem
2605 2155 3019 2223 justiﬁcantur,
3052 2156 3112 2211 in
3140 2158 3328 2229 legem

86 2264 91 2269 η
103 2234 295 2304 justitim
318 2255 431 2293 non
462 2238 741 2310 pervenit.
773 2239 1000 2303 Quare?
1021 2240 1165 2303 Quia
1184 2255 1297 2292 non
1318 2255 1385 2292 ex
1406 2239 1535 2304 ﬁde,
1564 2241 1770 2293 scilicet
1792 2241 2069 2307 putabant
2097 2239 2376 2293 hominem
2396 2242 2726 2308 justiﬁcari,
2742 2241 2839 2295 sed
2877 2244 3039 2314 quasi
3066 2261 3134 2299 ex
3152 2247 3332 2318 operi-

106 2322 186 2377 bus
212 2326 329 2382 :31.
368 2328 732 2382 offenderunt
760 2327 910 2381 enim
938 2327 997 2382 in
1026 2328 1273 2399 lapidem
1302 2327 1645 2403 offensionis,
1677 2327 1766 2381 32.
1812 2327 1958 2381 sicut
2004 2326 2284 2398 scriptum
2315 2332 2400 2380 est
2428 2345 2440 2379 :
2475 2325 2618 2383 Ecce
2642 2344 2788 2400 pono
2819 2330 2879 2384 in
2908 2331 3044 2387 Sion
3080 2333 3329 2405 lapidem

109 2414 402 2482 oﬁensionis,
437 2422 497 2471 et
528 2422 753 2488 petram
773 2416 1040 2485 scandali,
1073 2422 1132 2471 et
1158 2417 1341 2471 omnis
1372 2416 1468 2487 qui
1499 2416 1679 2471 credit
1712 2415 1774 2470 in
1803 2432 2101 2482 eum,vnon
2131 2414 2524 2470 confundetur.

1425 2522 2018 2579 COMMENTARIUS.

170 2626 239 2682 17.
278 2627 592 2701 Scriptura.
623 2631 937 2694 Quamdam
989 2635 1214 2686 tantum
1255 2632 1561 2686 utilitatem
1600 2648 1667 2685 ex
1685 2645 1738 2702 Α
1821 2628 1909 2683 23.
1953 2630 2017 2683 Et
2054 2631 2162 2683 erit
2194 2632 2260 2683 in
2303 2632 2433 2683 loco.
2466 2630 2645 2686 Judaei
2686 2648 2790 2703 per
2827 2635 3034 2691 multas
3084 2640 3342 2697 nationes

118 2712 427 2772 induratioue
471 2719 791 2775 inﬁdelium
819 2736 1114 2791 provemre
1160 2721 1439 2788 ostendit;
1488 2736 1671 2791 neque
1754 2717 1925 2771 etiam
1965 2720 2097 2770 ante
2137 2716 2439 2770 adventum
2470 2718 2677 2773 Christi
2706 2722 2887 2791 sparsi
2930 2731 3117 2794 erant;
3150 2744 3186 2781 a
3227 2729 3348 2799 qui-

119 2804 281 2871 probat
311 2811 506 2862 tamen
547 2808 698 2877 quod
746 2807 1011 2880 iniquitas
1050 2825 1164 2863 non
1198 2808 1371 2863 fuerit
1405 2810 1554 2865 Esau
1580 2825 1673 2862 re-
1754 2804 1859 2859 bus
1897 2804 2188 2859 dicebatur
2231 2822 2377 2876 saepe
2420 2806 2684 2875 gentibus
2732 2809 2868 2879 quia
2911 2811 3069 2883 plebs
3104 2814 3207 2870 Dei
3232 2833 3347 2873 non

121 2890 359 2958 probasse.
1755 2898 1962 2949 essent.

175 2978 251 3034 18.
271 2983 515 3038 Auens'r.
541 2983 718 3054 (ibid)
743 2986 887 3052 Quid
917 2987 1100 3040 adhuc
1120 2990 1419 3056 queritur?
1437 2987 1555 3041 Hoc
1579 2986 1679 3041 'est
1828 2979 1918 3038 24.
1950 2981 2015 3037 Si
2040 2983 2234 3048 fuerit.
2267 2981 2531 3036 Probatio
2557 2983 2689 3053 quia
2715 3001 2849 3039 vasa
2866 2987 3264 3048 misericordiae
3282 3011 3353 3049 ex

130 3067 246 3121 enim
268 3069 445 3125 dicere
468 3090 479 3124 :
519 3072 667 3136 Quid
689 3073 758 3127 de
787 3072 945 3128 nobis
975 3076 1038 3128 ﬁt
1060 3075 1290 3144 querela
1326 3075 1474 3145 quod
1500 3075 1680 3128 Deum
1761 3069 1967 3125 Judaeis
1992 3086 2028 3124 a
2051 3070 2168 3123 Deo
2211 3074 2604 3139 vocataxsunt,
2644 3073 2843 3142 fuerit;
2874 3075 3145 3133 inusitata
3172 3085 3355 3137 trans-

132 3154 421 3214 oﬁendimus
456 3161 611 3215 male
636 3160 900 3228 vivendo;
935 3180 1063 3217 cum
1091 3163 1240 3218 illius
1271 3163 1546 3218 voluntati
1579 3180 1681 3217 ne-
1762 3159 1971 3213 latione
1998 3158 2079 3212 ita
2106 3158 2419 3229 reperiatur
2442 3176 2454 3211 :
2487 3159 2547 3213 Si
2573 3160 2744 3215 fuerit
2767 3165 3007 3235 populus
3030 3171 3163 3222 tuus
3179 3169 3358 3226 Israel

132 3258 203 3297 mo
219 3249 376 3316 possit
393 3250 682 3317 resistere,
707 3251 915 3321 quinos
928 3250 1224 3306 obduravit
1242 3251 1684 3305 misericordiam
1767 3247 1927 3317 quasi
1980 3263 2155 3301 arena
2211 3247 2410 3315 maris,
2451 3247 2681 3320 reliquae
2724 3257 3119 3310 convertentur
3156 3272 3226 3312 ex
3253 3274 3352 3314 eo:

134 3345 221 3386 non
244 3338 587 3405 praestando?
1766 3336 2178 3392 consummatio
2212 3335 2536 3391 abbreviata
2562 3339 2852 3407 mandavit
2870 3343 3183 3415 justitiam;
3231 3363 3363 3402 con-

196 3419 265 3477 19.
291 3425 491 3481 Lassa.
518 3428 665 3493 Quid
677 3428 859 3482 adhuc
877 3432 1132 3497 queritur
1148 3436 1172 3483 P
1195 3430 1406 3485 Audito
1424 3430 1532 3487 hoc
1569 3446 1688 3483 ver-

141 3505 207 3575 bo,
227 3528 371 3579 quem
396 3520 517 3570 vult
551 3517 807 3582 indurat,
827 3517 1175 3588 interrogare
1195 3524 1418 3590 poterat
1443 3519 1686 3573 carnalis

144 3592 350 3667 homo,et
365 3604 751 3681 voluntatibus
758 3607 1237 3673 vivens,adversus
1245 3609 1424 3661 Deum
1438 3624 1689 3661 murmu-

144 3697 260 3750 rans,
289 3696 342 3744 et
368 3693 571 3747 divinae
597 3694 871 3748 voluntati
913 3712 1028 3748 non
1075 3696 1208 3749 vitio
1250 3712 1350 3750 suo
1406 3696 1686 3766 deputans

147 3776 260 3841 quod
272 3780 390 3835 talis
400 3783 501 3836 sit:
527 3781 675 3845 Quid
695 3781 877 3837 adhuc
890 3782 1210 3853 disputatur
1226 3784 1249 3835 ?
1268 3783 1523 3853 Intelligo
1539 3784 1688 3855 quod

145 3864 369 3932 sequitur.
402 3870 561 3924 Nihil
595 3870 745 3923 valet
763 3876 959 3925 contra
986 3871 1121 3925 vitia
1159 3871 1319 3926 labor
1346 3889 1524 3937 meus,
1558 3872 1690 3926 inu-

1767 3425 2201 3509 summationem
2257 3424 2407 3479 enim
2465 3430 2524 3480 et
2573 3425 3048 3487 abbreviationem
3088 3434 3360 3491 Dominus

1767 3515 1917 3568 Deus
1944 3514 2292 3568 exercituum
2314 3514 2483 3569 faciet
2502 3514 2562 3569 in
2588 3515 2772 3571 medio
2793 3519 2977 3574 omnis
3006 3526 3192 3578 terrae.

1837 3600 1925 3658 25.
1959 3604 2239 3670 Reliquiae,
2272 3601 2330 3654 id
2374 3606 2477 3668 est,
2509 3602 2647 3657 viles
2674 3605 2854 3675 pauci,
2890 3607 2987 3679 qui
3029 3610 3099 3664 de
3122 3628 3361 3670 numero

1767 3689 2078 3744 inﬁdelium
2099 3689 2402 3760 impiorum
2428 3691 2764 3761 regnabant.

1838 3777 1928 3831 26.
1954 3779 2209 3832 AMBROS.
2253 3779 2513 3847 Reliquiae
2563 3784 2725 3835 salvae
2763 3784 2914 3849 ﬁent.
2948 3785 3358 3846 Recedentibus

1771 3866 1978 3920 Judzeis
2006 3883 2042 3920 a
2067 3866 2270 3920 merito
2299 3872 2357 3920 et
2385 3868 2751 3937 promissione
2774 3873 3092 3940 patrum,hi
3111 3876 3361 3948 reliquiae

147 3948 233 4004 tilis
262 3961 337 4009 est
360 3957 643 4013 industria
674 3974 821 4013 mea.
851 3959 1002 4013 Talis
1040 3976 1135 4014 ero
1165 3962 1389 4031 qualem
1419 3977 1511 4014 me
1538 3961 1688 4015 Deus
1708 3961 1922 4022 Bsunt,
1956 3954 2052 4026 qui
2072 3955 2131 4009 in
2158 3955 2269 4009 ﬁde
2295 3956 2622 4026 persistunt.

146 4039 339 4098 voluerit
357 4062 496 4103 esse.
530 4046 824 4101 Voluntati
849 4047 1003 4102 enim
1024 4049 1143 4117 ejus
1165 4049 1290 4119 quis
1317 4049 1581 4103 resistet?

198 4125 271 4183 20.
296 4132 533 4192 Araus'r.
578 4134 769 4206 (ibid.)
799 4136 841 4190 0
866 4137 1045 4205 homo,
1086 4142 1145 4191 tu
1174 4139 1298 4205 quis
1335 4153 1405 4190 es.
1438 4136 1587 4192 Satis
1615 4137 1689 4192 sit

149 4212 328 4274 interim
346 4239 408 4276 ex
429 4223 756 4279 Christiana
781 4224 889 4278 ﬁde
918 4223 1047 4296 [al.,
1076 4225 1395 4280 Christiano
1425 4242 1493 4280 ex
1522 4225 1682 4299 ﬁde],

150 4302 292 4361 adhuc
314 4310 540 4378 viventi,
576 4316 635 4367 et
662 4312 911 4367 nondum
939 4313 1191 4368 cernenti
1209 4314 1354 4385 quod
1377 4315 1687 4386 perfectum

153 4398 231 4459 est,
267 4399 353 4454 sed
393 4418 465 4456 ex
510 4406 671 4472 parte
698 4401 898 4456 scienti
930 4418 1094 4457 nosse
1122 4402 1208 4456 vel
1237 4403 1499 4471 credere;
1542 4404 1691 4474 quod

154 4484 383 4543 neminem
427 4490 585 4545 Deus
630 4489 833 4545 liberet
862 4490 972 4544 nisi
1013 4490 1264 4561 gratuita
1307 4491 1693 4546 misericordia

160 4581 235 4635 Per
255 4572 541 4633 Dominum
564 4584 821 4633 nostrum
857 4580 887 4633 J
891 4596 1051 4634 esum
1081 4580 1399 4648 Christum;
1428 4586 1486 4635 et
1511 4582 1693 4636 nemi-

159 4669 257 4713 nem
292 4664 514 4722 damnet
554 4666 665 4721 nisi
687 4667 1008 4739 zequissima
1032 4669 1270 4723 veritate
1307 4686 1408 4740 per
1433 4671 1694 4724 eumdem

161 4741 406 4809 Dominum
416 4761 677 4811 nostrum
701 4757 731 4810 J
736 4772 894 4811 esum
914 4757 1217 4813 Christum.
1238 4758 1353 4811 Cur
1374 4762 1564 4811 autem
1594 4774 1695 4829 po-

163 4829 247 4887 tius
271 4836 412 4896 illum
442 4859 612 4913 quam
640 4842 801 4897 illum
830 4842 1049 4909 liberet,
1081 4847 1365 4898 scrutetur
1388 4843 1485 4915 qui
1511 4850 1697 4915 potest

165 4915 442 4986 iudiciorum
471 4932 594 5001 ejus
618 4935 735 4986 tam
764 4948 1033 5004 magnum
1059 4932 1424 5004 profundum;
1471 4950 1695 4988 verum-

164 5009 310 5068 tamen
327 5024 509 5075 caveat
534 5020 925 5092 praecipitium.

216 5094 287 5154 21.
310 5104 502 5163 Lam.
541 5110 695 5176 Quod
737 5112 787 5163 si
819 5111 961 5164 Deus
997 5113 1198 5165 volens.
1243 5110 1485 5166 Causam
1512 5109 1698 5164 reddit

172 5196 244 5238 cur
265 5188 494 5253 inﬁdeles
530 5196 901 5266 obdurentur,
921 5198 1191 5254 vedelicet
1217 5204 1301 5265 ut,
1335 5216 1436 5270 per
1470 5198 1697 5270 patien—

1839 4043 1930 4102 27.
1972 4046 2200 4099 Verbum
2220 4047 2389 4100 enim.
2416 4044 2955 4114 Quoniam,sublatis
2973 4052 3361 4112 omnibuscar-

1769 4133 1989 4188 nalibus
2030 4134 2171 4203 legis
2213 4132 2598 4202 observantiis,
2636 4136 2757 4191 sola
2794 4140 2933 4195 ﬁdes
2961 4148 3050 4197 est
3077 4145 3261 4215 posita
3290 4148 3363 4202 ad

1768 4224 2027 4278 salutem.

1840 4310 1930 4368 28.
1963 4312 2166 4367 Lassa.
2210 4313 2437 4366 Verbum
2462 4315 2633 4369 enim.
2673 4315 2922 4373 Verbum
2961 4337 3355 4381 consummans

1771 4404 1931 4454 vocat
1949 4400 2306 4455 dilectionem
2326 4400 2448 4467 Dei,
2473 4406 2532 4455 et
2567 4403 2828 4474 proximi,
2852 4424 2953 4478 per
2970 4425 3139 4481 quam
3158 4413 3358 4469 salvati

1772 4494 1906 4543 sunt
1935 4489 2122 4560 plures
2142 4488 2263 4543 sine
2284 4488 2556 4559 legalibus
2584 4490 3082 4556 observationibus.

1844 4576 1936 4633 29.
1976 4579 2221 4633 AMBROS.
2261 4580 2389 4633 Nisi
2415 4580 2686 4635 Dominus
2730 4584 2971 4642 sabaoth.
3020 4588 3366 4649 Salvatorem

1775 4666 2033 4721 relictum
2071 4665 2233 4721 nobis
2279 4666 2415 4720 dicit
2443 4666 2514 4720 ad
2552 4668 2881 4741 suffragium
2919 4674 3064 4745 vitze,
3098 4696 3265 4751 quem
3296 4683 3368 4738 ab

1775 4753 1938 4809 initio
1968 4755 2239 4810 Dominus
2267 4755 2422 4809 nasci
2450 4755 2723 4825 decrevit;
2752 4776 2919 4831 quem
2945 4763 3153 4822 idcirco
3173 4787 3369 4828 semen

1777 4843 1931 4910 dicit,
1965 4844 2098 4914 quia
2136 4860 2237 4915 per
2268 4843 2454 4916 ipsum
2496 4850 2822 4917 reparatum
2851 4856 2938 4906 est
2958 4870 3139 4924 genus
3166 4859 3370 4917 huma-

1775 4950 1933 4988 num.

1847 5019 1934 5078 30.
1969 5022 2173 5076 LANFR.
2204 5022 2369 5077 Nobis
2400 5038 2602 5079 semen.
2650 5024 2854 5082 Semen
2888 5036 3051 5087 vocat
3092 5038 3372 5107 apostolos

1778 5115 1836 5165 et
1860 5110 2201 5181 primitivam
2228 5109 2547 5165 Ecclesiam.

1846 5198 1937 5255 31.
1973 5200 2347 5267 Offenderunt.
2381 5200 2566 5255 Causa
2596 5217 2697 5256 cur
2737 5219 2849 5258 non
2893 5219 3268 5276 pervenerunt
3310 5217 3371 5271 in

173 5270 664 5371 tribulationis
692 5285 764 5341 ab
785 5286 898 5342 illis
922 5288 1111 5355 illatae,
1134 5288 1326 5343 ﬁdeles
1342 5293 1700 5355 coronentur,
1718 5278 1761 5339 C
1783 5289 1964 5360 legem
1986 5289 2241 5358 justitiee,
2264 5293 2321 5343 et
2347 5305 2449 5343 cur
2474 5306 2587 5345 non
2607 5292 2840 5346 credant
2861 5270 3147 5353 hominem
3170 5301 3376 5371 justiﬁ-

177 5365 457 5431 retibuente
475 5376 592 5431 Deo
614 5375 678 5430 in
694 5376 906 5432 futuro.

224 5450 294 5510 ‘22.
326 5461 505 5521 Vocabo
540 5481 657 5520 non
690 5468 920 5535 plebem.
950 5466 1214 5522 Probatio
1245 5467 1395 5539 quod
1435 5483 1571 5521 vasa
1594 5467 1703 5521 mi-

1783 5378 1899 5433 cari
1926 5394 1997 5432 ex
2024 5378 2152 5433 ﬁde.

1858 5466 1947 5525 32.
1977 5466 2134 5523 Sicut
2151 5472 2421 5537 scriptum
2443 5474 2535 5533 est,
2561 5467 2849 5535 subaudis,
2870 5469 2929 5525 in
2949 5488 3060 5544 quo
3076 5476 3190 5535 ﬁda
3207 5498 3377 5542 aemu.

147 5541 427 5646 'fericqrdiae
448 5571 514 5609 ex
550 5553 816 5626 gentibus
833 5554 1109 5611 vocaverit
1135 5557 1304 5612 Deus.
1326 5557 1534 5612 Gentes
1553 5556 1705 5611 enim
1788 5556 1945 5613 latio.
1989 5557 2116 5611 Zelo
2145 5556 2292 5613 bono
2321 5574 2446 5646 nos
2469 5556 2825 5646 aemulantur,
2868 5558 2917 5614 si
2952 5541 3213 5625 nesciunt
3243 5576 3378 5646 quid

176 5638 256 5685 non
269 5635 400 5705 plebs
416 5643 516 5700 Dei
538 5648 674 5698 ante
702 5643 873 5700 ﬁdem
897 5651 1081 5706 erant.

387 5738 650 5805 ΡΑ-ηιοι..
680 5740 801 5822 CL,

1789 5645 2022 5715 faciunt,
2047 5646 2324 5729 justitiam
2350 5642 2455 5701 Dei
2481 5661 2604 5717 quae
2631 5659 2732 5717 per
2754 5644 2926 5704 ﬁdem
2944 5650 3155 5713 Christi
3181 5642 3285 5715 est:

3101 5761 3139 5816 5
