3912 6440
540 377 644 438 139
1523 375 1586 429 Β.
1618 373 2030 430 LANF'RANCI
2057 373 2418 429 CANTUAR.
2451 371 2786 430 ARCHIEP.
3692 362 3794 426 MO

1964 496 2205 555 CAPUT
2233 500 2301 553 X.

609 614 854 679 Fratres.
882 611 1140 669 voluntas
1161 611 1328 682 quasi
1345 610 1489 681 quod
1512 609 1649 676 dico,
1682 623 1796 660 non
1827 605 1946 660 dico
1971 622 2074 675 pro
2104 607 2226 659 odio
2249 607 2590 672 Juda’orum,
2623 607 2759 674 quia
2783 618 2885 677 pro
2914 607 2989 658 eis
3019 615 3114 657 oro
3143 601 3315 657 Deum
3351 599 3579 672 quidem
3608 599 3792 655 cordis

537 703 667 768 mei,
703 707 760 759 et
787 701 1096 758 obsecratio
1115 693 1188 755 ad
1210 699 1404 759 Deum,
1443 693 1506 758 ﬁt
1528 713 1628 767 pro
1650 693 1760 749 illis
1784 696 1841 749 in
1870 693 2132 751 salutem.
2162 694 2570 751 Testimonium
2591 695 2739 748 enim
2770 692 3034 764 perhibeo
3055 691 3184 756 illis,
3207 691 3353 766 quod
3375 689 3791 744 aemulationem

535 792 638 852 Dei
666 790 894 850 habent.
931 791 1046 846 ideo
1071 790 1385 851 obsecratio,
1405 785 1537 858 quia
1557 788 1966 840 aemulationem.
1988 785 2084 837 Dei
2095 782 2292 838 habent
2316 801 2328 849 ;
2357 783 2452 836 sed
2482 799 2592 838 non
2622 781 2930 839 secundum
2953 781 3267 835 scientiam.
3290 778 3622 848 Ignorantes
3639 778 3792 830 enim

530 880 810 950 justitiam
845 872 965 939 Dei.
1002 893 1118 950 quae
1146 881 1220 930 est
1247 888 1345 944 per
1375 875 1682 941 ﬁdemJesu
1709 871 1930 935 Christi,
1966 872 2015 926 l.
2050 875 2106 924 et
2142 887 2300 924 suam
2336 874 2463 943 30
2483 877 2796 941 quaerentes
2823 875 3092 935 statuere,
3112 866 3348 939 justitiae
3378 867 3479 922 Dei
3507 882 3619 921 non
3647 871 3795 920 sunt

536 961 811 1039 subjecti;
841 968 1038 1036 probat
1069 968 1203 1037 quia
1235 960 1448 1018 Christo
1493 979 1604 1016 non
1641 962 1773 1014 sunt
1819 960 2065 1028 subjecti.
2103 959 2282 1028 Quare
2312 975 2424 1012 non
2467 963 2616 1025 legi?
2659 962 2792 1027 quia
2822 959 3072 1014 Christus
3100 958 3173 1011 ad
3201 959 3623 1025 implementum
3655 955 3791 1039 tegis

536 1038 718 1124 est.72,
743 1049 795 1116 3.
828 1048 980 1116 Finis
1011 1055 1158 1109 enim
1183 1049 1344 1124 legis,
1377 1049 1651 1116 Christus,
1682 1049 1752 1104 ad
1773 1047 2051 1122 justitiam
2077 1047 2228 1103 omni
2257 1046 2525 1100 credenti.
2559 1044 2612 1098 4.
2646 1044 2867 1117 Moyses
2893 1045 3037 1099 enim
3071 1044 3297 1116 scripsit
3331 1041 3599 1118 quoniam
3617 1038 3793 1113 justi-

532 1145 692 1219 tiam,
725 1163 849 1221 quae
878 1158 944 1200 ex
980 1143 1104 1215 lege
1141 1148 1243 1206 est,
1278 1139 1374 1212 qui
1401 1137 1597 1194 fecerit
1621 1139 1808 1199 homo.
1842 1137 1983 1192 vivet
2007 1141 2064 1191 in
2096 1155 2178 1192 ea.
2214 1135 2265 1191 5.
2300 1135 2434 1197 Quae
2462 1140 2650 1188 autem
2675 1150 2738 1187 ex
2769 1134 2878 1188 ﬁde
2906 1140 2991 1188 est
3014 1129 3256 1204 justitia,
3289 1133 3368 1187 sic
3405 1131 3578 1186 dicit:
3617 1131 3670 1185 6.
3707 1129 3791 1184 Ne
3830 1195 3834 1198 ,

534 1218 822 1293 dixerisin
851 1233 1015 1291 corde
1043 1238 1140 1288 tuo
1174 1246 1183 1278 :
1217 1228 1352 1295 Quis
1378 1228 1641 1282 ascendet
1671 1229 1728 1282 in
1757 1226 1997 1282 coelum?
2037 1226 2090 1280 id
2114 1231 2200 1280 est
2223 1221 2508 1280 Christum
2543 1221 2849 1288 deducere;
2883 1223 2931 1276 7.
2957 1228 3057 1277 aut
3073 1223 3197 1293 quis
3220 1221 3517 1275 descendet
3546 1221 3606 1273 in
3619 1218 3791 1292 abys-

531 1323 699 1387 sum?
728 1325 835 1382 hoc
863 1328 950 1378 est
974 1319 1260 1378 Christum
1289 1336 1323 1371 a
1350 1313 1587 1372 mortuis
1618 1331 1896 1370 revocare.
1936 1313 2046 1369 Sed
2079 1313 2212 1386 quid
2241 1312 2380 1368 dicit
2411 1312 2720 1384 Scriptura,
2753 1316 2956 1366 scilicet
2987 1315 3189 1381 Moyses
3210 1318 3234 1366 ?
3269 1329 3441 1384 prope
3483 1317 3587 1377 est,
3620 1313 3682 1364 id
3712 1315 3793 1365 est

525 1429 694 1482 prope
722 1428 825 1466 esse
853 1411 1021 1474 debet,
1041 1410 1175 1462 dicit
1190 1408 1394 1474 Moyses
1417 1425 1432 1459 :
1466 1403 1692 1460 verbum
1715 1404 1772 1457 in
1800 1421 1895 1458 ore
1921 1407 2038 1470 tuo,
2060 1408 2116 1458 et
2145 1403 2203 1460 in
2233 1402 2399 1459 corde
2429 1405 2547 1468 tuo,
2566 1402 2668 1456 hoc
2689 1406 2774 1456 est
2794 1401 3024 1457 verbum
3055 1399 3185 1456 ﬁdei
3217 1400 3364 1473 quod
3394 1401 3786 1476 praedicamus.

528 1495 684 1556 Ratio
714 1513 816 1551 cur
839 1494 902 1549 in
930 1511 1039 1560 ore,
1067 1511 1180 1550 non
1209 1493 1272 1547 in
1301 1487 1460 1547 corde
1489 1491 1672 1544 debeat
1692 1508 1796 1546 esse
1821 1493 2048 1548 verbum
2069 1493 2186 1546 Dei.
2207 1492 2347 1556 Quia
2372 1493 2420 1546 si
2437 1494 2758 1548 conﬁtearis
2779 1493 2837 1548 in
2859 1512 2954 1548 ore
2974 1500 3074 1549 tuo
3091 1491 3394 1550 Dominum
3412 1494 3623 1557 Jesum,
3649 1497 3710 1546 et
3730 1491 3789 1546 in

527 1580 692 1641 corde
719 1591 818 1642 tuo
847 1578 1149 1639 credideris
1181 1581 1328 1654 quod
1359 1579 1508 1638 Deus
1552 1578 1713 1636 illum
1754 1579 2043 1636 suscitavit
2079 1598 2113 1634 a
2150 1582 2408 1648 mortuis,
2445 1583 2630 1640 salvus
2672 1584 2802 1647 eris,
2844 1586 2978 1651 quia
3005 1585 3185 1637 omnis
3227 1584 3466 1645 credens,
3502 1583 3787 1648 conﬁtens.

529 1670 708 1734 Corde
739 1674 888 1728 enim
911 1672 1158 1726 creditur
1188 1672 1257 1724 ad
1277 1669 1581 1740 justitiam,
1608 1671 1811 1723 scilicet
1833 1671 2196 1731 servandam;
2235 1687 2329 1725 ore
2370 1678 2559 1726 autem
2591 1671 2863 1727 confessio
2901 1673 2965 1726 ﬁt
2993 1671 3064 1725 ad
3093 1672 3333 1725 salutem
3362 1673 3566 1724 scilicet
3599 1687 3789 1724 conse-

526 1761 819 1836 quendam.
853 1760 999 1821 Dicit
1022 1761 1170 1818 enim
1201 1759 1488 1832 Scriptura
1523 1777 1533 1811 :
1584 1757 1780 1813 Omnis
1820 1759 1914 1829 qui
1953 1758 2129 1814 credit
2175 1759 2232 1813 in
2262 1757 2443 1826 illum,
2475 1778 2587 1818 non
2619 1760 3010 1815 confundetur.
3046 1759 3171 1812 Non
3201 1758 3350 1812 enim
3382 1763 3468 1812 est
3496 1758 3791 1814 distinctio

523 1848 704 1912 Judaei
749 1859 805 1912 et
851 1846 1062 1919 Graeci;
1095 1867 1226 1907 nam
1255 1850 1404 1903 idem
1434 1845 1708 1908 Dominus
1731 1849 2003 1912 omnium,
2047 1849 2100 1902 8.
2130 1848 2282 1903 dives
2305 1851 2364 1904 in
2393 1867 2588 1906 omnes
2617 1849 2670 1906 9.
2707 1850 2800 1921 qui
2829 1849 3089 1904 invocant
3128 1849 3310 1902 illum.
3363 1846 3559 1902 Omnis
3607 1845 3788 1916 enim,
3909 1839 3912 1843 ’

523 1937 843 2018 quicunque
880 1941 1219 2001 invocaverit
1246 1955 1453 1994 nomen
1487 1937 1730 2004 Domini,
1766 1937 1953 1992 salvus
1981 1935 2106 2002 erit.
2135 1936 2427 2002 Quomodo
2455 1957 2588 2011 ergo
2619 1938 2955 1994 invocabunt
2975 1939 3034 1994 in
3062 1957 3226 2011 quem
3249 1956 3360 1994 non
3379 1939 3746 1994 crediderunt
3765 1939 3790 1991 Τ
3898 1930 3902 1931 ν

523 2027 636 2093 Aut
667 2025 946 2106 quomodo
984 2031 1213 2088 credent
1242 2027 1311 2093 ei,
1353 2027 1431 2084 10.
1467 2044 1634 2098 quem
1665 2043 1777 2081 non
1809 2025 2157 2082 audierunt?
2187 2027 2475 2092 Quomodo
2506 2035 2696 2083 autem
2735 2029 2967 2084 audient
2997 2027 3115 2083 sine
3144 2029 3524 2101 praedicante?
3563 2026 3640 2094 11,
3692 2027 3786 2084 1⁸2.

523 2112 813 2188 Quomodo
833 2135 962 2174 vero
992 2116 1390 2191 praedicabunt,
1417 2113 1525 2168 nisi
1554 2116 1897 2170 mittantur?
1932 2116 2014 2172 13.
2052 2113 2207 2170 Sicut
2243 2113 2515 2188 scriptum
2548 2124 2632 2171 est
2665 2137 2678 2173 :
2711 2115 2771 2173 14
2819 2119 2998 2182 Quam
3031 2118 3264 2189 speciosi
3294 2117 3462 2189 pedes
3491 2117 3786 2188 evangeli-

521 2207 769 2274 zantium
792 2225 1005 2280 pacem,
1026 2201 1423 2278 evangelizanti
1435 2221 1527 2258 um
1563 2203 1707 2258 bona
1733 2201 1744 2257 !
1795 2203 1902 2258 Sed
1928 2221 2039 2257 non
2079 2221 2273 2260 omnes
2307 2205 2575 2268 obediunt
2610 2205 3117 2278 Evangelionaias
3139 2206 3289 2261 enim
3317 2205 3452 2261 dicit
3478 2218 3489 2252 ε
3513 2203 3781 2274 Domine,

519 2299 645 2370 quis
683 2292 920 2354 credidit
947 2295 1165 2352 auditui
1191 2293 1426 2347 nostro?
1457 2289 1601 2362 Ergo
1629 2290 1766 2350 ﬁdes
1813 2308 1876 2345 ex
1924 2292 2142 2354 auditu.
2188 2291 2269 2350 15;
2310 2299 2537 2356 auditus
2576 2303 2766 2352 autem
2805 2315 2907 2368 per
2943 2295 3174 2352 verbum
3213 2296 3438 2353 Christi.
3484 2295 3592 2352 Sed
3631 2293 3785 2363 dico,

518 2382 785 2456 Nunquid
801 2401 912 2438 non
935 2383 1279 2438 audierunt?
1298 2385 1572 2438 conclusio
1591 2384 1948 2450 superiorum
1974 2397 2235 2435 versuum
2253 2386 2351 2438 ubi
2371 2388 2536 2439 dicit:
2557 2387 2822 2454 quomodo
2833 2387 3294 2456 credentei,quem
3316 2402 3429 2440 non
3450 2385 3790 2451 audierunt,

517 2480 566 2529 et
589 2475 853 2543 quomodo
870 2475 1100 2526 audient
1137 2475 1257 2526 sine
1278 2472 1657 2539 praedicante?
1692 2464 1767 2522 Et
1794 2464 2018 2539 quidem
2049 2469 2108 2522 in
2139 2487 2364 2526 omnem
2388 2478 2598 2527 terram
2630 2475 2797 2528 exivit
2834 2492 3003 2530 sonus
3032 2493 3246 2541 eorum,
3282 2482 3338 2530 et
3366 2475 3424 2529 in
3453 2472 3592 2528 ﬁnes
3624 2470 3791 2529 orbis

515 2569 682 2619 terrae
701 2563 870 2617 verba
893 2578 1112 2616 eorum.
1144 2559 1252 2614 Sed
1273 2560 1395 2612 dico
1422 2573 1434 2608 :
1461 2561 1579 2624 3]
1623 2554 1707 2612 16.
1731 2555 1985 2628 nunquid
2017 2559 2189 2612 Israel
2215 2576 2328 2614 non
2359 2561 2651 2631 cognovit?
2682 2566 3097 2631 cognovit,quia
3117 2565 3320 2630 Moyses
3345 2569 3392 2616 et
3420 2565 3596 2616 Isaias
3623 2563 3764 2616 dixe

513 2656 673 2708 mni.
707 2653 931 2707 Primus
958 2650 1180 2722 Moyses
1211 2647 1348 2702 dicit
1381 2665 1392 2700 :
1424 2644 1626 2714 17,18.
1658 2645 1774 2716 Ego
1805 2645 1876 2700 ad
1897 2647 2318 2704 aemulationem
2353 2665 2446 2706 vos
2478 2652 2752 2707 adducam
2789 2653 2848 2706 in
2878 2667 2991 2707 non
3017 2658 3268 2724 gentem,
3306 2653 3368 2707 in
3391 2657 3618 2722 gentem
3645 2651 3768 2706 insi

1737 2848 1743 2853 ,
1844 2788 2437 2850 COMMENTARIUS.

585 2919 742 2976 CAP.
773 2919 844 2974 Χ.
876 2947 941 2960 -
976 2918 1027 2975 1.
1067 2918 1134 2972 Et
1152 2933 1310 2970 suam
1339 2919 1654 2985 quaerentes.
1688 2914 1869 2978 Quam
1900 2918 2175 2994 putantA
2255 2917 2344 2971 10.
2381 2920 2547 2985 Quem
2596 2935 2710 2973 non
2752 2922 3077 2975 audierunt.
3137 2921 3206 2974 Et
3252 2921 3382 2975 ﬁdei
3430 2920 3796 2977 adhibendus

507 3024 635 3067 esse
653 3024 761 3082 per
781 3005 1036 3063 carnales
1065 3005 1502 3061 observationes.
2183 3010 2270 3060 est
2298 3005 2526 3062 auditus
2575 3013 2632 3062 et
2658 3009 2877 3064 auditui
2916 3009 3257 3082 praedicatio,
3301 3013 3356 3064 et
3389 3009 3797 3081 praedicationi

580 3099 635 3157 2.
661 3099 815 3154 Finis
837 3096 987 3152 enim
1010 3096 1159 3165 legis.
1200 3094 1439 3166 Exponit
1473 3108 1596 3164 quae
1632 3092 1705 3146 sit
1724 3091 1947 3162 justitia
1977 3091 2096 3158 Dei,
2181 3095 2392 3149 missio.

509 3185 768 3244 videlicet
819 3182 1045 3242 credere
1094 3183 1160 3238 in
1205 3181 1528 3240 Christum:
1578 3180 1638 3234 in
1676 3195 1845 3251 quem
1873 3180 2100 3234 credere
2257 3181 2340 3238 11.
2365 3185 2609 3240 AMBROS.
2633 3185 3044 3252 Quomodovero
3059 3185 3599 3255 prs-dicabantNisi
3621 3187 3797 3243 enim

511 3278 682 3333 etiam
711 3272 922 3352 legaies
948 3269 1364 3328 observationes
1410 3268 1780 3340 spiritualiter
1807 3268 2103 3323 intellectze
2182 3285 2220 3324 a
2243 3271 2464 3328 Christo
2495 3275 2813 3340 mittantur,
2853 3275 3011 3330 nulla
3039 3275 3127 3329 his
3153 3275 3316 3345 signa
3357 3275 3631 3330 virtutum
3658 3293 3805 3347 per-

507 3363 838 3422 suadebant.
873 3360 950 3419 Et
976 3367 1062 3418 est
1081 3374 1313 3417 sensus:
1345 3355 1592 3411 Intentio
1637 3357 1796 3427 legis,
1835 3361 1902 3410 ut
1932 3357 2103 3428 justi-
2185 3359 2379 3414 hibeut
2406 3362 2816 3418 testimonium.

506 3455 648 3512 tiam
668 3452 877 3511 habeat
899 3449 1089 3516 homo,
1122 3454 1241 3515 est;
1269 3447 1327 3501 id
1355 3452 1444 3500 est
1470 3445 1609 3500 ﬁdes
1635 3444 1865 3500 Christi.
2260 3449 2344 3507 12.
2370 3452 2576 3506 Laure.
2593 3451 2864 3518 Quomodo
2880 3465 3004 3504 vero
3028 3451 3428 3519 praedicabunt.
3455 3452 3558 3506 Hic
3579 3459 3805 3511 aucto-

581 3546 636 3601 3.
681 3542 926 3599 Annuus.
977 3538 1132 3596 Finis
1181 3535 1332 3605 tegis.
1381 3532 1664 3598 Quoniam
1701 3533 2098 3605 perfectionem
2184 3538 2411 3592 ritatem
2433 3557 2594 3594 suam
2618 3545 2676 3594 et
2702 3539 2942 3593 aliorum
2972 3539 3333 3610 Evangelium
3355 3542 3806 3610 praedicandum

509 3630 652 3707 legis
675 3629 850 3689 habet
868 3631 964 3703 qui
989 3623 1170 3684 credit
1193 3623 1252 3678 in
1277 3623 1522 3678 Christo.
2186 3628 2560 3690 commendat,
2586 3644 2651 3680 ex
2683 3643 2750 3681 eo
2781 3627 2929 3697 quod
2951 3627 3094 3682 sicut
3116 3629 3186 3682 de
3215 3629 3457 3696 Christo,
3497 3629 3579 3684 ita
3604 3635 3665 3684 et
3719 3634 3806 3687 de

585 3722 640 3778 4.
670 3724 875 3778 LANFR.
912 3720 1114 3786 Moyses
1145 3712 1316 3768 enim.
1351 3710 1591 3782 Exponit
1633 3710 1774 3781 legis
1801 3711 2098 3783 justitiam,
2185 3715 2274 3768 his
2300 3731 2332 3768 a
2353 3715 2638 3785 prophetis
2665 3715 2993 3785 praedictum
3019 3721 3159 3771 erat.

507 3826 616 3889 per
639 3825 812 3883 quam
840 3803 1019 3865 Judaei
1047 3805 1166 3859 sine
1190 3800 1301 3856 ﬁde
1329 3799 1536 3854 Christi
1560 3801 1748 3870 justos
1773 3817 1835 3855 se
1864 3817 1986 3855 esse
2007 3817 2106 3871 pu-
2257 3801 2348 3858 13.
2381 3804 2536 3858 Sicut
2570 3806 2841 3871 scriptum
2873 3811 2966 3858 est.
3002 3805 3120 3860 Hoc
3151 3809 3334 3861 totum
3358 3809 3797 3866 commendatio

507 3901 728 3958 iubant.
2186 3891 2470 3961 Evangelii
2495 3897 2595 3956 est,
2630 3898 2695 3946 ut
2722 3893 2774 3946 ei
2800 3894 3081 3948 credatur.

585 3992 640 4046 5.
681 3994 806 4061 Quae
832 3993 1018 4043 autent
1043 4001 1108 4038 ea;
1129 3984 1232 4050 ﬁde
1252 3986 1344 4036 est.
1373 3977 1525 4035 Ordo
1560 3997 1570 4032 :
1609 3977 1689 4033 sic
1717 3977 1858 4032 dixit
1884 3977 2104 4048 Moyses
2261 3979 2345 4035 14.
2381 3981 2622 4035 AMBROS.
2655 3983 2833 4048 Quam
2857 3984 3082 4051 speciosi
3104 3985 3278 4053 pedes.
3303 3984 3480 4040 Pedes
3505 3989 3798 4057 vocando,
3905 3971 3908 3974 1

510 4075 814 4150 justitiam,
845 4089 966 4146 qum
989 4069 1209 4143 justitia
1229 4073 1315 4125 est
1332 4080 1398 4123 ex
1426 4067 1553 4121 ﬁde.

2263 4072 2489 4122 ventum
2543 4070 2801 4141 designat
2868 4073 3248 4143 apostolorum
3310 4074 3804 4134 circumeuntium

585 4165 644 4222 6.
675 4164 753 4220 Ns
781 4164 1007 4219 dixeris.
1063 4159 1203 4216 Cum
1249 4156 1511 4222 audieris,
1557 4154 1760 4227 inquit,
1815 4151 2106 4225 praedicari
2187 4158 2480 4212 mundum.

519 4259 806 4314 Christum
849 4260 975 4326 post
1014 4251 1475 4308 resurrectionem
1505 4265 1664 4303 suam
1696 4245 2010 4302 ascendisse
2045 4244 2103 4298 in
2125 4291 2170 4326 ,Ω
2263 4245 2348 4302 15.
2375 4245 2578 4302 Lmen.
2605 4250 2844 4304 Auditus
2871 4255 3075 4309 autem.
3101 4249 3272 4314 Quasi
3301 4250 3513 4306 diceret
3539 4269 3551 4306 :
3578 4268 3697 4308 non
3722 4273 3809 4311 ex

517 4344 739 4410 coelum,
769 4338 884 4398 noli
913 4339 1097 4396 dicere
1123 4337 1182 4393 in
1222 4337 1388 4393 corde
1409 4342 1508 4393 tuo
1548 4355 1560 4390 :
1604 4334 1955 4390 Mendacium
1985 4338 2071 4387 est
2092 4352 2105 4400 ;
2126 4334 2172 4352 "
2192 4335 2572 4390 omni'auditu
2589 4338 2658 4390 ﬁt
2685 4337 2922 4394 salubris
2952 4339 3089 4394 ﬁdes
3113 4353 3126 4407 ;
3167 4340 3266 4394 sed
3290 4357 3356 4395 ex
3385 4356 3450 4395 eo
3478 4343 3708 4397 tantum
3731 4345 3809 4401 id

520 4435 646 4507 quis
667 4433 819 4489 enim
847 4430 1098 4486 ascendit
1120 4430 1180 4484 in
1201 4425 1443 4483 coelum?
1465 4428 1594 4481 Haec
1621 4423 1769 4481 enim
1789 4431 1888 4479 tua
1909 4422 2111 4478 inﬁde-
2193 4439 2303 4498 quo
2333 4425 2560 4480 auditur
2582 4425 2808 4482 serbum
2840 4427 3069 4482 Christi.

517 4524 668 4591 litas,
694 4528 967 4596 quantum
991 4519 1053 4574 in
1080 4524 1137 4574 te
1166 4521 1267 4584 est,
1298 4516 1586 4572 Christum
1625 4512 1695 4569 de
1720 4511 1856 4568 ccelo
1882 4511 1955 4566 ad
1992 4517 2108 4567 ter-
2266 4512 2350 4570 16.
2384 4517 2630 4571 AMBROS.
2661 4517 2934 4586 Nunquid
2974 4519 3147 4572 Israel
3176 4531 3290 4572 non
3333 4518 3629 4587 cognovit?
3657 4518 3802 4581 Hoc

519 4624 644 4669 ram
667 4609 913 4668 deducit.
2189 4604 2296 4666 est,
2324 4603 2580 4672 cegnovit
2611 4603 2745 4658 me?
2773 4604 2915 4668 Quia
2944 4611 3210 4676 arguerat
3233 4623 3328 4661 eos
3349 4606 3807 4675 incredulitatis.

592 4703 645 4757 '7.
675 4700 785 4757 Aut
835 4703 957 4771 quis
1006 4694 1294 4753 descendit.
1349 4689 1620 4750 Similiter
1677 4707 1806 4746 cum
1864 4689 2110 4744 audieris
2191 4689 2261 4744 de
2289 4692 2549 4747 omnibus
2579 4692 2858 4748 videretur
2889 4693 3066 4764 queri.
3090 4694 3216 4749 Non
3235 4701 3403 4767 negat
3433 4697 3605 4752 Israel
3635 4715 3814 4758 asse-

517 4786 810 4865 pradicari
837 4785 1185 4844 descendisse
1212 4799 1340 4839 eum
1367 4783 1423 4837 iu
1451 4779 1750 4846 infernum,
1777 4795 1847 4833 ne
1877 4777 2029 4833 dicas
2051 4779 2110 4832 in
2193 4784 2381 4834 cntum
2415 4798 2535 4836 esse
2575 4781 2723 4853 quod
2751 4781 2832 4836 illi
2863 4782 3196 4854 promissum
3226 4786 3412 4840 fuerat
3438 4784 3495 4840 in
3516 4785 3661 4858 lege,
3685 4795 3813 4849 sed

520 4882 687 4938 corde
705 4885 804 4935 tuo
836 4897 848 4932 ἶ
873 4871 1224 4933 Mendacium
1251 4878 1372 4940 est;
1406 4871 1531 4942 quis
1559 4869 1709 4924 enim
1737 4867 2024 4923 descendit
2050 4868 2110 4921 in
2190 4883 2318 4924 eum
2349 4871 2445 4941 qui
2472 4865 2673 4942 spiritu
2700 4868 2874 4926 Israel
2901 4879 3003 4928 est.

520 4971 824 5043 abyssum?
844 4969 973 5022 Haec
998 4965 1148 5021 enim
1186 4961 1488 5018 inﬁdelitas
1510 4965 1628 5026 tua,
1664 4963 1937 5028 quantum
1974 4955 2033 5011 in
2051 4963 2108 5011 te
2259 4956 2346 5014 ‘17.
2374 4957 2484 5028 Ego
2513 4962 2588 5014 ad
2621 4963 3050 5016 aemulationem.
3076 4958 3378 5019 .Emulatio
3403 4959 3514 5019 iiiis
3544 4961 3682 5022 data
3701 4981 3818 5029 est

518 5063 624 5128 est,
651 5059 942 5117 Christum
961 5069 1027 5110 ex
1052 5047 1292 5108 mortuis
1318 5053 1556 5105 revocat.
2191 5048 2541 5117 invidentiae;
2595 5050 2730 5104 dum
2774 5051 2964 5105 vident
3009 5055 3257 5124 gentem,
3299 5067 3421 5121 quae
3458 5053 3614 5124 prius
3663 5059 3820 5118 sine

588 5153 643 5207 8.
675 5150 919 5204 Annnos.
953 5147 1110 5200 Dices
1153 5144 1220 5195 in
1263 5153 1466 5193 omnes.
1501 5135 1627 5191 Non
1655 5131 1794 5189 dixit
1831 5133 2111 5190 credenti-
2189 5135 2305 5190 Deo
2336 5135 2461 5206 fuit,
2501 5135 2680 5193 Deum
2705 5153 2870 5193 suum
2902 5139 3186 5210 appellare
3215 5141 3312 5213 qui
3345 5136 3532 5195 fuerat
3559 5144 3820 5204 Judaeo-

515 5236 641 5307 bus,
673 5233 770 5293 sed
802 5231 1217 5295 invocantibus;
1248 5225 1358 5282 ﬁde
1387 5227 1536 5280 enim
1567 5225 1686 5280 sola
1711 5221 1880 5279 datur
1907 5225 2107 5278 remis-
2189 5239 2335 5280 rum,

511 5324 620 5395 sio,
652 5322 910 5398 precibus
939 5322 1107 5378 datur
1147 5313 1295 5390 quod
1321 5315 1583 5388 promisit
1611 5313 1761 5369 Deus
1789 5315 1909 5369 toto
1942 5314 2107 5368 corde
2263 5315 2346 5373 18.
2398 5313 2601 5372 LANFR.
2647 5313 2757 5386 Ego
2784 5313 2858 5373 ad
2882 5316 3311 5373 aemulationem.
3358 5315 3445 5374 Ad
3471 5321 3826 5383 aemulatio—

511 5401 890 5488 vigilantibus.
2189 5424 2317 5462 nem
2347 5407 2612 5462 dicuntur
2636 5407 2833 5474 Judaei,
2855 5407 3106 5462 videntes
3128 5403 3365 5479 gloriam
3410 5414 3466 5463 et
3494 5411 3828 5474 exultatio-

585 5500 645 5562 9.
687 5500 895 5560 Laure.
945 5503 1052 5569 Qui
1082 5498 1341 5552 invocant
1384 5509 1528 5550 eum.
1582 5493 1726 5550 Huic
1766 5494 2104 5549 invocationi
2187 5509 2318 5552 nem
2341 5502 2547 5552 sanctae
2562 5492 2852 5566 Ecclesiae;
2879 5511 3001 5568 quae
3031 5501 3164 5553 ante
3187 5495 3357 5553 fidem
3371 5511 3485 5553 non
3511 5515 3653 5570 gens
3682 5503 3825 5566 Dei

509 5589 832 5651 adhibenda
860 5595 946 5648 est
972 5585 1130 5658 ﬂdes,
1162 5585 1292 5659 quia
1319 5581 1366 5641 si
1406 5599 1522 5642 non
1563 5584 1828 5653 creditur,
1873 5601 1987 5640 non
2020 5583 2107 5639 in-
2188 5589 2328 5642 erat.
3777 5592 3792 5602 -

511 5683 817 5742 vocabitur.
