3912 6420
143 301 212 368 lil
787 295 863 349 1N
902 295 968 350 D.
1010 296 1226 370 PAULI
1271 295 1498 352 EPIST.
1542 295 1913 351 COMMENT.
1959 329 2022 337 _
2064 295 2284 352 EPIST.
2326 298 2421 352 AD
2461 296 2635 352 ROM.
3239 295 3342 355 142

139 426 381 496 pientem;
419 422 476 474 in
505 421 643 474 iram
669 436 767 473 vos
796 419 1038 474 mittam.
1084 420 1166 476 l9.
1201 421 1374 475 Isaias
1403 425 1590 475 autem
1619 420 1806 480 audet,
1845 425 1902 474 et
1930 420 2064 474 dicit
2097 439 2108 472 :
2142 421 2408 475 Inventus
2438 439 2562 476 sum
2593 439 2627 475 a
2656 439 2768 476 non
2799 423 3176 493 quaerentibus
3205 439 3296 477 me
3321 442 3336 490 ;

139 514 283 587 palam
315 510 539 587 apparui
563 508 631 562 iis
663 508 758 580 qui
790 525 882 564 me
911 526 1023 563 non
1050 509 1490 579 interrogabant.
1526 509 1611 565 Ad
1643 509 1816 567 Israel
1855 512 2043 562 autem
2072 508 2245 563 dicit:
2281 511 2421 565 Tota
2448 510 2539 566 die
2567 507 2656 567 20.
2691 510 2929 581 expendi
2958 527 3160 578 manus

141 603 190 656 ad
215 601 454 674 populum
484 614 592 652 non
622 596 964 664 credentem,
997 603 1054 650 et
1091 597 1585 651 contradicentem.

1549 685 1787 739 CAPUT
1827 687 1922 740 ΧΙ.

194 777 304 830 Dico
331 791 457 843 ergo
483 793 494 826 :
518 771 788 843 Nunquid
812 773 960 826 Deus
988 772 1213 846 repulit,
1238 774 1441 828 scilicet
1470 790 1534 826 ea:
1564 778 1689 839 toto,
1711 775 1979 844 populum
2004 778 2208 830 suum?
2237 778 2426 844 Absit!
2457 777 2605 834 Nam
2627 783 2686 834 et
2704 794 2812 847 ego
2837 777 3094 842 Israelita
3111 792 3259 844 sum,
3281 794 3350 846 ex

140 865 310 918 semine
327 864 626 924 Abraham,
650 862 720 916 de
749 861 899 915 tribu
932 861 1239 930 Benjamin,
1262 867 1309 914 et
1337 877 1450 914 non
1481 867 1686 930 repulit
1707 865 1910 931 plebem
1939 881 2100 918 suam
2124 885 2139 918 :
2162 883 2275 921 non
2297 868 2505 939 repulit
2522 869 2673 923 Deus
2698 865 2916 937 plebem
2937 882 3121 930 suam,
3144 867 3349 934 scilicet

139 962 425 1016 rrealuram,
456 970 625 1024 quam
660 951 953 1022 przescivit.
986 951 1072 1003 An
1103 949 1328 1003 nescitis
1357 949 1415 1002 in
1447 951 1566 1004 Elia
1591 952 1726 1020 quid
1750 952 1886 1004 dicit
1913 953 2223 1023 Scriptura,
2249 958 2308 1010 id
2334 962 2410 1009 ait
2438 959 2538 1010 ubi
2558 959 2805 1024 loquitur
2829 957 2894 1011 de
2915 956 3066 1020 Elia,
3088 954 3352 1026 quemad-

139 1045 320 1096 modum
336 1042 660 1114 interpellat
681 1041 858 1094 Deum
883 1039 1176 1092 adversum
1198 1038 1407 1092 Israel?
1435 1039 1692 1103 Domine,
1724 1043 2025 1112 prophetas
2043 1049 2173 1097 tuos
2196 1045 2537 1110 occiderunt,
2557 1045 2761 1100 altaria
2783 1049 2883 1100 tua
2907 1045 3276 1110 ﬁuﬁodemnt,
3296 1049 3354 1110 et

139 1152 213 1204 ego
241 1133 447 1186 relictus
477 1147 602 1184 sum
636 1130 807 1192 solus,
842 1134 898 1182 et
940 1131 1200 1198 quaerunt
1223 1127 1466 1180 animam
1497 1145 1679 1182 meam
1732 1132 1827 1184 Est
1849 1135 2116 1199 script-um
2147 1136 2210 1186 in
2240 1137 2405 1187 tertio
2435 1135 2530 1188 lib.
2555 1136 2777 1200 Regum.
2803 1133 2914 1205 Sed
2947 1132 3080 1202 quid
3108 1132 3246 1199 dicit
3269 1133 3354 1198 illi

141 1223 340 1275 divinum
360 1219 729 1291 responsum?
758 1217 980 1290 Reliqui
1003 1215 1139 1269 mihi
1162 1220 1373 1286 septem
1401 1217 1575 1271 millia
1596 1218 1864 1283 virorum,
1887 1220 1983 1289 qui
2017 1237 2126 1274 non
2149 1225 2518 1274 curvaverunt
2533 1237 2721 1290 genua
2742 1225 2874 1277 ante
2900 1221 3055 1281 Baal.
3085 1221 3178 1282 Sic
3195 1237 3349 1290 ergo,

137 1313 238 1364 etin
267 1312 361 1364 hoc
389 1316 668 1379 tempore,
696 1306 947 1376 reliquiae
971 1305 1281 1360 secundum
1304 1305 1633 1358 electionem
1669 1307 1866 1374 gratia:
1894 1307 2059 1361 salvae
2086 1309 2247 1370 factae
2275 1314 2426 1362 sunt.
2455 1308 2516 1362 Si
2543 1315 2735 1380 autem
2764 1309 2965 1376 gratia.
2997 1309 3117 1377 jam
3149 1325 3262 1375 non
3290 1326 3355 1365 ex

135 1400 348 1472 operibus
371 1419 382 1466 ;
417 1399 672 1468 alioquin
704 1398 887 1468 gratia
913 1397 1031 1466 jam
1052 1413 1165 1450 non
1196 1402 1283 1448 est
1303 1395 1507 1465 gratia.
1536 1395 1680 1457 Quid
1701 1410 1836 1464 ergo
1862 1393 1886 1446 ἲ
1909 1395 2065 1458 Quod
2093 1397 2379 1465 quaerebat
2398 1397 2591 1458 Israel,
2617 1397 2722 1453 hoc
2741 1413 2852 1454 non
2875 1402 2965 1455 est
2981 1385 3352 1463 conseciltusl

140 1489 173 1544 l.
197 1491 368 1543 electio
390 1494 584 1542 autem
613 1491 911 1540 consecuta
935 1491 1047 1552 est;
1082 1485 1268 1539 caeteri
1290 1501 1420 1537 vero
1452 1482 1709 1538 exceecati
1733 1489 1884 1548 sunt,
1903 1482 2050 1535 sicut
2077 1484 2348 1552 scriptum
2379 1490 2467 1538 est
2489 1504 2500 1538 :
2526 1485 2820 1543 Deditillis
2841 1486 2989 1544 Deus
3007 1484 3062 1546 2ο
3094 1485 3356 1556 spirit-um

139 1577 564 1650 compunctionis,
592 1576 780 1628 oculos
799 1579 863 1627 ut
887 1591 995 1627 non
1023 1573 1264 1635 videant,
1289 1580 1346 1626 et
1367 1589 1531 1626 aures
1560 1579 1625 1626 ut
1655 1589 1763 1627 non
1788 1572 2040 1646 audiant,
2064 1588 2242 1642 usque
2265 1573 2323 1626 in
2349 1574 2682 1642 hodiernum
2704 1575 2872 1633 diem.
2897 1577 2966 1634 Et
2990 1575 3165 1636 David
3181 1576 3354 1642 digit:

137 1666 235 1720 Fiat
261 1682 443 1720 mensa
476 1681 673 1719 eorum
703 1664 762 1716 in
794 1663 1074 1733 laqueum,
1109 1667 1165 1715 et
1195 1662 1251 1714 in
1283 1661 1619 1731 captionem,
1653 1667 1710 1714 et
1739 1661 1796 1714 in
1821 1661 2143 1714 scandalum
2177 1667 2234 1714 et
2261 1661 2318 1715 in
2349 1663 2776 1735 retributionem
2801 1665 2938 1720 illis.
2977 1664 3364 1732 Obscurentur

141 1756 252 1810 oculi
280 1772 464 1808 eorum
496 1770 572 1808 ne
602 1753 845 1817 videant,
870 1756 924 1804 et
953 1751 1182 1805 dorsum
1207 1766 1399 1804 eorum
1435 1766 1657 1820 semper
1683 1750 1930 1802 incurva.
1955 1748 2088 1802 Dico
2113 1766 2278 1819 ergo:
2307 1750 2654 1822 3.‘Nunquid
2683 1753 2765 1807 sic
2796 1753 3167 1816 otl‘enderunt.
3192 1759 3258 1818 ut

142 1843 331 1900 darent?
345 1843 504 1900 Absit
523 1845 535 1896 !
566 1843 672 1896 Sed
695 1841 921 1894 illorum
939 1839 1141 1893 delicto
1157 1840 1308 1893 salus
1331 1845 1416 1892 est
1430 1837 1712 1908 gentibus,
1728 1839 1782 1892 4.
1801 1843 1865 1891 ut
1881 1843 2005 1904 τις
2026 1838 2150 1894 illos
2165 1841 2522 1907 aemulentur,
2541 1842 2593 1897 5.
2613 1842 2772 1905 Quod
2787 1843 2835 1899 si
2856 1843 3120 1904 delictum
3138 1843 3366 1909 illorum

145 1933 310 1990 divitiae
344 1939 475 1990 sunt
505 1931 726 1997 mundi,
761 1936 818 1983 et
843 1926 896 1995 6,
920 1928 972 1984 7.
994 1929 1292 1983 diminutio
1317 1945 1511 1982 eorum
1543 1927 1750 1980 divitiae
1778 1927 2052 1996 gentium,
2084 1927 2137 1980 8.
2173 1935 2382 1997 quanto
2414 1930 2596 1999 magis
2625 1931 2915 2001 plenitudo
2937 1932 3165 1994 eorum?
3194 1931 3366 1998 V9515

141 2021 257 2073 enim
287 2021 402 2074 dico
442 2019 748 2093 gentibus:
783 2017 1045 2082 Quandiu
1078 2018 1302 2088 quidem
1325 2033 1430 2086 ego
1460 2033 1586 2070 sum
1616 2014 1872 2085 gentium
1907 2016 2226 2086 Apostolus,
2257 2016 2313 2071 9.
2336 2017 2713 2082 ministerium
2744 2036 2931 2076 meum
2959 2017 3360 2086 honoriﬁcsbb.

130 2108 196 2164 10.
219 2109 258 2163 si
299 2127 402 2180 quo
434 2109 606 2162 modo
648 2108 718 2160 ad
749 2107 1125 2160 aemulandum
1168 2122 1460 2177 provocem
1492 2120 1718 2158 carnem
1758 2120 1959 2166 meam,
1998 2105 2080 2159 Η.
2115 2111 2171 2158 et
2215 2107 2399 2166 salvos
2428 2107 2628 2161 faciam
2667 2108 2886 2178 aliquos
2916 2125 2981 2166 ex
3009 2109 3145 2169 illis.
3176 2108 3334 2172 13.δὶ

132 2198 246 2251 enim
274 2199 495 2252 amissio
527 2213 748 2261 eorum,
772 2195 1151 2249 reconciliatio
1182 2199 1266 2248 est
1295 2194 1519 2260 mundi;
1561 2191 1642 2248 13.
1672 2209 1794 2263 quae
1817 2193 2143 2263 assumptio,
2167 2195 2276 2248 nisi
2302 2195 2419 2249 vita
2441 2213 2505 2261 ex
2529 2197 2810 2263 mortuis?
2839 2197 3003 2260 Quod
3023 2197 3075 2255 si
3109 2196 3192 2256 14.
3213 2187 3359 2261 deli-

135 2285 252 2340 hatio
266 2293 447 2340 sancta
469 2293 580 2349 est,
605 2291 662 2339 et
689 2301 909 2351 massa;
943 2289 1000 2337 et
1029 2284 1076 2337 si
1105 2283 1264 2336 radix
1286 2287 1498 2344 sancta,
1520 2286 1576 2356 et
1610 2280 1774 2354 rami.
1799 2281 1960 2345 Quod
1988 2283 2036 2336 si
2077 2283 2252 2353 aliqui
2283 2301 2347 2337 ex
2377 2285 2548 2338 ramis
2571 2285 2731 2338 fracti
2760 2291 2910 2352 sunt,
2933 2291 2997 2339 tu
3021 2290 3213 2338 autem
3236 2301 3364 2339 cum

1433 2387 2043 2465 COMMENTARIUS.

185 2482 259 2538 19.
289 2485 455 2536 Isaias
497 2483 690 2534 audet.
724 2480 919 2544 Isaias,
951 2479 1152 2550 inquit,
1185 2496 1287 2549 pro
1337 2477 1542 2531 Judaeis
1587 2473 1772 2544 nonA
1845 2475 1897 2528 8.
1931 2479 2145 2546 Quanto
2175 2481 2354 2546 magis
2377 2481 2685 2548 plenitudo.
2719 2480 3016 2534 Plenitudo
3049 2481 3371 2534 Judazorum

137 2571 311 2625 dimisit
330 2572 459 2642 quid
483 2571 698 2623 bonum
722 2568 1000 2640 gentibus,
1029 2568 1177 2638 quod
1199 2567 1446 2621 futurum
1471 2570 1609 2631 erat,
1635 2569 1692 2616 et
1773 2565 1866 2636 qui
1900 2565 1957 2618 in
2000 2567 2111 2620 ﬁne
2153 2568 2351 2621 mundi
2389 2569 2656 2622 credituri
2707 2575 2859 2632 sunt,
2893 2569 3133 2623 maxime
3173 2569 3372 2624 ditavit

140 2659 306 2713 malum
331 2659 474 2730 quod
505 2658 721 2722 Iudaeis
748 2657 1002 2711 futurum
1037 2662 1175 2720 erat,
1203 2655 1545 2726 praediceret.
1771 2660 1986 2723 gentes,
2010 2656 2145 2725 quia
2159 2657 2412 2727 exemplo
2433 2671 2626 2712 eorum
2648 2663 2959 2729 provocata:
2977 2663 3373 2729 convertentur

189 2747 260 2801 20.
293 2750 548 2818 Expandi
586 2762 791 2800 manus
833 2763 995 2800 meas.
1029 2746 1130 2800 Vel
1177 2761 1376 2798 manus
1426 2744 1486 2797 in
1528 2758 1692 2796 cruce
1773 2744 1843 2796 ad
1874 2743 2178 2797 Christum.

140 2845 351 2892 extensas
380 2836 536 2901 dicit,
587 2836 677 2888 vel
715 2835 901 2905 potius
928 2851 1099 2906 opera
1127 2851 1250 2905 quae
1289 2835 1436 2887 inter
1474 2822 1692 2886 Judaeds
1845 2832 2553 2898 9.AMBaos.Min-iste_m'um
2569 2836 3164 2910 meum.Ministerium
3181 2855 3366 2906 suum,

139 2925 365 2980 Dominus
389 2930 663 2999 operatus
694 2929 796 2977 est.
1774 2937 1885 2990 quo
1911 2922 2213 2992 Apostolus
2239 2923 2496 2993 gentium
2526 2928 2630 2989 est,
2658 2925 3027 2991 honorificat;
3075 2926 3125 2988 si
3147 2911 3211 2991 et
3241 2926 3369 2994 illos

193 3015 326 3069 CAP.
355 3016 453 3070 XI.
475 3045 551 3057 —
580 3013 628 3069 1.
662 3013 871 3066 Lam-‘3.
901 3013 1104 3067 Eleclio
1123 3018 1328 3068 autem.
1355 3013 1480 3066 Non
1502 3025 1695 3063 secun-
1777 3010 1848 3062 ad
1877 3027 2016 3080 quos
2045 3028 2158 3064 non
2185 3017 2270 3065 est
2301 3011 2521 3077 missus,
2555 3013 2806 3068 lucretur
2824 3015 2892 3070 ad
2926 3013 3117 3076 vitam.

139 3102 243 3155 dum
266 3105 477 3158 merita.
560 3090 567 3097 ’

1855 3094 1939 3152 10.
1973 3098 2179 3152 Lmen.
2219 3099 2282 3154 Si
2318 3101 2580 3168 quomodo
2627 3102 2701 3154 ad
2741 3102 3144 3163 aemulandum.
3197 3101 3370 3172 Quasi

192 3188 233 3244 ‘2.
264 3192 534 3260 Spiritum
569 3194 1022 3262 compunctiom‘s.
1064 3189 1272 3243 Malam
1309 3186 1697 3258 compunctio—
1779 3186 2022 3240 diceret:
2047 3187 2268 3247 Judzeos
2289 3204 2430 3258 quos
2455 3188 2810 3258 pmdicando
2831 3188 2906 3260 ad
2937 3189 3226 3256 Christum
3245 3205 3375 3246 con-

141 3295 238 3331 nem
263 3281 344 3334 hic
391 3281 697 3352 signiﬁcat,
733 3298 842 3352 qua
888 3296 1032 3352 saepe
1075 3279 1139 3332 ﬁt
1182 3283 1247 3331 ut
1284 3277 1453 3331 etiam
1487 3275 1695 3329 bonum
1777 3280 1993 3328 vertere
2019 3291 2132 3329 non
2161 3293 2388 3346 possum
2418 3279 2629 3331 honore
2651 3278 2855 3334 saltem
2878 3295 2988 3348 quo
3010 3294 3107 3342 vos
3131 3279 3370 3348 honoro,

141 3366 313 3424 homini
342 3371 413 3426 sit
444 3371 771 3425 molestum.
1779 3365 1848 3417 ad
1878 3365 2218 3418 credendum
2249 3366 2473 3420 Christo
2501 3366 2739 3420 invitare
2766 3367 3029 3427 conabor.

193 3457 234 3510 τὶ.
263 3461 372 3514 Fiat
400 3476 594 3518 mensa
626 3476 819 3513 eorum
848 3463 910 3512 in
941 3461 1218 3530 laqueum.
1250 3457 1314 3510 In
1348 3457 1608 3525 laqueum
1643 3457 1700 3507 et
1851 3452 1938 3509 ll.
1967 3453 2152 3508 Salvos
2171 3455 2381 3521 faciam
2404 3458 2640 3522 aliquos.
2677 3455 2823 3519 Quid
2855 3456 2929 3516 ad
2957 3462 3013 3514 te
3043 3457 3113 3514 de
3143 3457 3370 3526 Judgis,

142 3544 181 3597 in
207 3554 385 3603 caetera
413 3566 540 3624 quae
573 3553 888 3620 sequuntur
907 3547 1052 3600 facta
1071 3551 1156 3599 cst
1178 3545 1386 3598 Iudaeis
1409 3543 1698 3614 Scriptura
1779 3558 1907 3594 cum
1933 3543 2232 3612 Apostolus
2251 3543 2503 3613 gentium
2527 3545 2630 3597 sis!
2664 3545 2803 3599 Volo
2827 3545 3104 3609 honorare
3121 3546 3376 3616 ministe-

142 3635 367 3706 ipsorum,
402 3654 578 3708 quam
623 3638 770 3690 male
814 3637 1225 3690 intellexerunt.
1271 3633 1558 3703 Scriptura
1593 3649 1696 3686 au-
1777 3630 1928 3684 rium
1972 3647 2186 3698 meum;
2233 3632 2384 3701 quod
2426 3633 2652 3702 quidem
2693 3634 3085 3702 honoraretur,
3120 3635 3168 3700 si
3197 3636 3375 3691 Judaei

141 3727 226 3776 tem
268 3743 512 3780 mensam
545 3731 726 3793 vocat,
775 3725 905 3796 quia
950 3721 1394 3792 intelligentibus
1424 3721 1583 3792 panis
1615 3725 1699 3773 est
1723 3785 1766 3796 ἢ
1785 3719 2113 3784 crederent;
2152 3719 2245 3789 qui
2274 3720 2330 3772 in
2361 3721 2483 3790 lege
2509 3720 2792 3791 sapientes
2821 3727 3002 3782 erant.
3028 3723 3236 3788 Genui?
3269 3739 3374 3792 illi"

142 3814 322 3870 animm.
717 3785 725 3793 I
789 3785 810 3796 ⁸
1135 3785 1165 3792 ν
1424 3785 1444 3792 ’
1723 3785 1768 3844 Β
1784 3813 1901 3864 tem
1929 3807 2086 3877 quasi
2121 3785 2278 3861 stulti
2309 3785 2717 3878 reputabuntur
2735 3807 3072 3875 etmobiles,
3092 3785 3228 3882 quia

194 3900 236 3954 3.
268 3905 532 3973 Nunquid
574 3907 653 3957 sic
692 3903 1079 3968 offenderunt?
1115 3901 1222 3965 An,
1269 3899 1470 3969 inquit,
1503 3914 1698 3968 pecca-
1781 3897 1889 3951 cito
1942 3897 2281 3964 credebant;
2327 3897 2477 3967 quod
2518 3897 2634 3951 illis
2669 3913 2786 3953 non
2836 3883 3284 3969 exprobraretur,
3320 3900 3374 3966 si

141 3995 232 4042 tum
247 4009 449 4060 eorum,
464 3990 864 4052 tantummodo
884 3994 1176 4060 operatum
1193 3993 1279 4042 est
1294 4004 1482 4041 casum
1498 3986 1699 4040 animae
1781 3985 1956 4039 Judaei
1985 3986 2279 4039 crederent
2303 3985 2397 4055 qui
2420 3984 2646 4039 stabiles
2677 3991 2732 4038 et
2760 3986 3040 4056 sapientes
3065 4003 3186 4052 esse
3211 3993 3374 4058 puta-

141 4093 301 4133 eorum
318 4081 340 4133 ?
1779 4074 2006 4129 bantur.

194 4161 254 4221 ei.
279 4170 332 4224 Ut
362 4174 484 4227 illos
514 4173 871 4228 aemulentur.
908 4169 1026 4222 Hoc
1072 4184 1217 4238 saepe
1259 4165 1471 4220 factum
1509 4169 1611 4230 est,
1645 4169 1701 4217 et
1858 4163 1941 4220 12.
1973 4163 2036 4221 Si
2063 4167 2214 4218 enim
2243 4167 2486 4218 amissio.
2517 4166 2796 4236 Repetitio
2817 4165 3121 4236 superioris
3145 4169 3373 4232 senten-

140 4254 320 4322 plenius
344 4261 438 4314 ﬁet
463 4259 525 4316 in
559 4261 671 4312 ﬁne
693 4257 878 4312 saeculi
905 4257 1128 4328 quando
1155 4255 1331 4310 Judaei
1354 4253 1699 4309 Christianos
1781 4253 1891 4308 tiae.
1925 4253 2084 4317 Quod
2112 4254 2264 4308 enim
2293 4253 2550 4325 superius
2569 4255 2784 4310 vocavit
2809 4255 3258 4320 diminutionem,
3281 4255 3374 4323 hic

139 4355 508 4419 persequentur
541 4348 603 4401 in
639 4348 750 4401 ﬁde
783 4347 1008 4401 Christi.
1042 4347 1235 4399 Potest
1265 4344 1435 4398 etiam
1463 4341 1700 4412 intelligi
1780 4347 1942 4395 vocat
1971 4342 2352 4396 amissionem.

141 4439 188 4485 ut
201 4443 374 4504 gentes
393 4439 620 4494 Iudaeos
641 4436 994 4502 zemulentur,
1017 4435 1073 4488 id
1095 4441 1180 4489 est
1197 4441 1258 4489 ut
1281 4434 1532 4495 credant,
1557 4432 1701 4485 sicut
1857 4429 1936 4486 13.
1975 4433 2099 4498 Qua:
2147 4434 2466 4500 assumptio.
2507 4432 2832 4504 Assumptio
2867 4433 3212 4499 Judaeorum,
3245 4448 3373 4504 cum

143 4526 186 4572 et
199 4522 290 4593 ipsi
309 4526 630 4581 credebant.
658 4526 761 4579 Vel
780 4530 844 4579 ut
859 4525 963 4579 Dei
986 4523 1342 4578 aemulatione
1362 4523 1508 4576 circa
1529 4537 1699 4591 opera
1781 4519 1851 4572 ad
1880 4519 2048 4574 ﬁdem
2095 4520 2303 4574 Christi
2348 4522 2407 4574 in
2450 4523 2562 4575 ﬁne
2605 4522 2804 4576 mundi
2833 4522 3109 4592 assumpti
3139 4522 3373 4590 fuerint,

141 4625 299 4666 eorum
326 4616 473 4671 mala
503 4618 856 4673 moveantur.
1780 4607 1893 4661 vita
1918 4609 2028 4662 erit
2052 4626 2119 4662 ex
2146 4609 2406 4663 mortuis.
2428 4610 2529 4663 Vel
2559 4611 2689 4680 quia
2725 4611 2936 4666 multos
2965 4616 3216 4670 mortuos
3241 4627 3374 4681 pec-

197 4701 241 4754 5.
263 4704 401 4772 Quod
427 4708 478 4759 si
505 4706 772 4759 delictum
793 4706 1043 4757 illorum.
1071 4701 1346 4756 Delictum
1377 4699 1698 4754 Judaeorum
1777 4697 1938 4763 catis,
1973 4698 2225 4768 exemplo
2258 4698 2483 4751 illorum
2532 4704 2876 4767 provocatos,
2925 4698 3142 4758 invenit
3167 4698 3226 4754 in
3263 4699 3376 4766 fide

143 4785 306 4846 ditavit
329 4793 621 4860 mundum,
651 4791 784 4864 quia
811 4791 919 4846 nisi
948 4790 1057 4862 ipsi
1075 4790 1377 4844 Dominum
1396 4789 1698 4843 crucifixis-
1779 4786 2008 4852 Christi,
2038 4786 2175 4856 quia
2202 4786 2370 4857 paulo
2397 4792 2523 4857 post
2547 4792 2701 4841 certe
2730 4787 2839 4843 erit
2864 4787 3200 4848 resurrectio
3224 4802 3376 4855 mor-

145 4884 259 4945 sent,
288 4897 414 4936 crux
443 4882 675 4952 Christi,
711 4886 768 4934 et
807 4880 1165 4944 resurrectio,
1199 4886 1254 4933 et
1298 4877 1550 4932 ascensio
1577 4878 1698 4946 ejus
1779 4878 2024 4940 tuorum,
2062 4875 2118 4928 id
2143 4881 2230 4928 est
2253 4875 2381 4928 ﬁnis
2410 4875 2624 4928 mundi.

143 4967 404 5032 pradicata
433 4977 490 5026 et
513 4971 730 5025 credita
757 4971 816 5028 in
846 4971 1054 5024 mundo
1083 4985 1196 5022 non
1223 4973 1384 5021 esset.
1849 4963 1939 5016 «14.
1979 4965 2246 5017 Delibatio
2283 4970 2492 5018 sancta.
2523 4965 2806 5022 Admonet
2830 4971 3027 5036 gentes
3063 4982 3136 5021 ne
3177 4982 3374 5037 super-

200 5051 245 5108 6.
263 5059 500 5116 ΑΜΒΒΟΞ.
529 5062 844 5115 Diminutio
868 5057 1406 5113 eorum.Diminutio
1427 5055 1700 5110 velamis-
1725 5052 1955 5125 nbiant,
1997 5058 2056 5106 et
2094 5069 2164 5106 ne
2211 5054 2430 5108 Iudaeos
2479 5054 2767 5125 despectui
2809 5056 3073 5122 habeant,
3124 5057 3314 5112 dicens
3358 5071 3369 5106 :

210 5105 500 5116 -._----..,.,.
529 5105 841 5115 mum--."
869 5105 938 5113 η.
965 5105 1400 5112 η..------------η
1442 5105 1672 5110 ἡ--
1941 5105 1954 5118 ,
2117 5105 2127 5106 κ
2486 5105 2767 5125 ᾐ-τη-τ
2809 5105 3073 5122 -τ-...-,,-,
3127 5105 3311 5112 -..η-ν
3361 5105 3366 5106 κ

149 5141 214 5196 sio
253 5163 433 5203 eorum
481 5153 588 5215 est,
635 5149 903 5203 damnum
951 5145 1366 5219 promissionis;
1406 5161 1510 5218 per
1551 5145 1700 5217 quod
1723 5105 1927 5205 C‘Quia
1946 5142 1995 5195 si
2019 5143 2257 5212 apostoli
2284 5143 2462 5196 sancti
2493 5150 2647 5210 sunt,
2680 5150 2898 5200 certum
2917 5152 3004 5203 est
3030 5146 3203 5207 etiam
3228 5143 3376 5214 quod

149 5238 307 5297 gentes
333 5237 561 5293 lucrata:
590 5244 724 5292 sunt
752 5238 924 5291 vitam
956 5241 1244 5291 aeternam.
1782 5232 1842 5286 in
1872 5233 1994 5302 ipso
2023 5233 2228 5302 populo
2259 5233 2420 5287 multi
2445 5235 2626 5288 sancﬁ
2652 5240 2820 5302 sunt;
2850 5241 2909 5290 et
2941 5235 2990 5292 si
3015 5235 3262 5295 nondum
3291 5249 3373 5299 re,

205 5317 247 5373 7.
273 5323 472 5400 Lassa.
517 5329 833 5382 Diminutio
877 5342 1087 5380 eorum.
1129 5325 1570 5380 Diminutionem
1599 5325 1701 5378 Ju-
1777 5338 1881 5392 spe
1908 5327 2100 5375 tamen
2132 5327 2192 5374 et
2218 5321 2515 5392 praesentia
2541 5323 2748 5377 divina.
2775 5323 2880 5378 Est
2899 5328 3091 5382 autem
3108 5320 3378 5385 delibatio

150 5405 358 5467 deorum
385 5421 547 5470 vocat
577 5416 874 5488 apostolos,
902 5415 1035 5486 quia
1061 5414 1170 5470 illis
1199 5413 1614 5469 discedentibus
1631 5412 1702 5466 ab
1784 5427 1957 5481 prava
1997 5426 2065 5463 ex
2095 5410 2286 5480 aliqua
2310 5427 2375 5464 re
2411 5411 2743 5482 assumptio,
2773 5417 2838 5466 ut
2864 5427 2933 5466 ex
2962 5411 3165 5481 pomis,
3197 5410 3284 5476 vel
3307 5425 3379 5465 ex

151 5493 436 5559 inﬁdelitate
465 5513 698 5574 eorum;
745 5503 983 5578 populus
1025 5503 1117 5557 ille
1155 5503 1213 5557 in
1243 5519 1346 5556 sua
1371 5502 1706 5556 inﬁdelitate
1787 5498 1929 5568 cibo,
1953 5499 2040 5554 vel
2069 5516 2134 5554 ex
2159 5505 2314 5571 pom.

152 5587 432 5661 persistens,
464 5608 535 5649 ex
565 5592 806 5665 quadam
836 5597 998 5664 parte
1026 5592 1234 5647 mansit
1261 5591 1592 5647 diminutas.
