3912 6434
636 373 739 430 143
1614 373 1675 428 B.
1719 372 2134 430 LANFRANCI
2174 372 2534 429 CANTUAR.
2574 359 2915 428 ARGHIEP.
3782 374 3876 434 144

632 500 874 554 oleaster
892 513 1062 564 esses,
1087 498 1331 552 insertus
1363 514 1424 552 es
1457 498 1516 551 in
1536 497 1665 566 illis,
1689 503 1745 554 et
1760 498 1943 553 socius
1962 498 2164 553 radicis
2183 503 2241 553 et
2259 496 2617 569 pinguedinis
2642 496 2725 553 15.
2750 495 2907 551 oliva:
2927 495 3107 550 factus
3128 511 3214 563 es;
3238 494 3354 551 noli
3373 495 3604 566 gloriari
3622 498 3874 555 adversus

635 603 846 641 ramos.
873 584 963 641 16.
996 586 1156 650 Quod
1184 586 1231 640 si
1257 586 1517 656 gloriaris
1544 604 1556 640 :
1585 602 1697 641 non
1725 592 1790 641 tu
1819 587 2065 641 radicem
2094 591 2304 657 portas,
2334 586 2431 640 sed
2460 586 2617 639 radix
2647 591 2722 639 te.
2750 585 2915 639 Dices
2942 601 3077 655 ergo
3101 602 3114 651 ;
3145 583 3307 638 fracti
3336 589 3471 639 sunt
3496 586 3659 648 rami,
3691 591 3752 640 ut
3777 604 3874 657 ego

630 675 868 730 inserar.
899 675 1051 730 Bene
1085 693 1098 728 :
1138 681 1370 746 propter
1398 674 1851 729 incredulitatem
1880 674 2041 729 fracti
2068 679 2219 729 sunt.
2250 675 2335 729 Tu
2362 679 2552 728 autem
2587 673 2698 727 ﬁde
2725 678 2842 727 stas
2869 690 2882 726 :
2918 672 3035 726 noli
3062 672 3239 726 altum
3265 689 3482 744 sapere,
3515 674 3614 728 sed
3642 674 3792 729 time.
3818 676 3874 730 Si

630 763 784 818 enim
810 764 961 818 Deus
988 762 1342 817 naturalibus
1363 763 1536 817 ramis
1565 779 1678 818 non
1702 763 1952 834 pepercit
1977 781 1988 816 :
2011 779 2082 816 ne
2108 762 2252 816 forte
2280 777 2383 816 nec
2408 760 2511 815 tibi
2536 766 2749 832 parcat.
2781 760 2917 815 Vide
2938 776 3074 830 ergo
3102 758 3410 814 bonitatem
3441 766 3499 816 et
3525 762 3871 819 severitatem

626 851 757 918 Dei;
790 851 851 906 in
878 868 974 905 eos
1004 851 1231 922 quidem
1261 851 1356 922 qui
1383 851 1721 917 ceciderunt,
1752 851 2140 917 severitatem;
2167 851 2227 904 in
2254 855 2312 903 te
2335 855 2525 915 autem
2551 850 2857 904 bonitatem
2887 850 3009 915 Dei,
3043 849 3091 904 si
3116 851 3494 921 permansexis
3519 851 3579 905 in
3606 852 3867 919 bonitate,

626 940 876 1012 alioquin
896 945 954 995 et
969 946 1034 995 tu
1058 939 1348 994 excideris.
1370 940 1479 994 Sed
1499 944 1556 993 et
1572 939 1673 1003 illi,
1695 939 1742 993 si
1763 956 1875 993 non
1900 939 2314 1010 permanserint
2337 939 2396 992 in
2414 939 2825 1005 incredulitate,
2843 939 3167 993 inserentur
3189 958 3202 993 :
3227 944 3426 1010 potens
3446 945 3533 994 est
3556 939 3701 994 enim
3724 942 3868 997 Deus

622 1029 831 1084 iterum
877 1030 1126 1084 inserere
1153 1028 1298 1082 illos.
1336 1029 1481 1082 Nam
1511 1028 1559 1081 si
1603 1033 1667 1082 tu
1695 1044 1762 1082 ex
1806 1027 2051 1082 naturali
2081 1028 2295 1083 excisus
2326 1044 2386 1081 es
2425 1028 2688 1095 oleastro,
2721 1034 2779 1082 et
2814 1033 3009 1083 contra
3036 1034 3299 1082 naturam
3327 1029 3574 1083 insertus
3610 1048 3668 1084 es
3696 1029 3780 1087 17.
3813 1033 3868 1086 in

508 1101 531 1109 ’
619 1117 823 1173 bonam
845 1119 1067 1184 olivam,
1092 1123 1302 1187 quanto
1322 1116 1501 1187 magis
1525 1116 1565 1170 ii
1589 1116 1686 1188 qui
1709 1117 2016 1171 secundum
2042 1122 2305 1171 naturam
2324 1116 2646 1170 inserentur
2662 1133 2776 1170 suae
2798 1117 2992 1171 olivae?
3018 1117 3162 1171 Nolo
3182 1117 3331 1171 enim
3353 1122 3479 1183 33
3497 1135 3593 1173 vos
3612 1118 3867 1189 ignorare

614 1205 817 1260 fratres
845 1203 933 1262 18.
966 1205 1299 1277 mysterium
1328 1204 1453 1258 hoc.
1487 1201 1571 1260 19.
1607 1206 1689 1274 (ut
1714 1221 1828 1258 non
1857 1204 1980 1258 sitis
2008 1204 2162 1259 vobis
2188 1204 2326 1275 ipsis
2355 1204 2659 1274 sapientes)
2676 1208 2785 1259 sibi
2809 1209 3077 1274 sapientes
3101 1212 3289 1272 essent,
3314 1210 3366 1260 si
3389 1209 3594 1261 Judais
3618 1224 3729 1262 non
3754 1226 3870 1262 am-

606 1297 761 1363 plius
784 1310 935 1363 posse
970 1299 1268 1363 putarent;
1309 1292 1444 1364 quia
1467 1293 1684 1347 caecitas
1714 1310 1781 1347 ex
1818 1297 1978 1364 parte
2016 1293 2251 1363 contigit
2280 1292 2340 1346 in
2368 1293 2560 1359 Israel,
2594 1294 2770 1348 donec
2808 1294 3098 1364 plenitudo
3125 1296 3378 1365 gentium
3410 1296 3667 1364 intraret,
3700 1304 3759 1352 et
3790 1298 3867 1353 sic

610 1383 794 1437 omnis
822 1382 998 1438 Israel
1026 1382 1212 1436 salvus
1235 1383 1415 1449 ﬁeret,
1443 1382 1591 1436 sicut
1617 1380 1887 1452 scriptum
1911 1386 1999 1435 est
2029 1399 2041 1434 :
2073 1379 2162 1438 20.
2193 1381 2396 1435 Veniet
2428 1398 2493 1435 ex
2523 1382 2675 1448 Sion,
2698 1381 2788 1440 21.
2813 1383 2910 1453 qui
2936 1382 3154 1454 eripiat,
3189 1388 3247 1437 et
3273 1388 3491 1438 avertat
3515 1384 3867 1456 impietatem

610 1487 644 1524 a
662 1471 856 1525 Iacob.
880 1471 950 1525 Et
966 1470 1074 1524 hoc
1096 1470 1209 1524 illis
1228 1486 1263 1523 a
1281 1486 1393 1534 me,
1415 1472 1619 1525 scilicet
1639 1472 2015 1538 eomplebitur,
2038 1475 2460 1536 testamentum,
2485 1487 2610 1525 cum
2637 1471 2920 1525 abstulero
2941 1476 3170 1542 peccata
3188 1488 3402 1537 eorum,
3427 1472 3516 1539 22,
3541 1472 3630 1540 23,
3655 1473 3747 1541 2-1,
3769 1475 3859 1532 25.

607 1559 918 1614 secundum
945 1557 1308 1627 Evangelium
1337 1556 1583 1628 quidem,
1613 1556 1827 1611 inimici
1868 1562 2096 1628 propter
2136 1574 2233 1613 vos
2270 1577 2282 1625 ;
2316 1560 2624 1613 secundum
2654 1561 2982 1614 electionem
3011 1566 3226 1627 autem,
3257 1561 3592 1628 charissimi,
3632 1569 3864 1634 propter

605 1652 814 1719 patres,
844 1643 935 1713 26,
958 1645 1048 1701 27.
1071 1646 1193 1699 sine
1220 1645 1551 1716 pmnitentia
1570 1645 1720 1700 enim
1742 1650 1878 1699 sunt
1894 1645 2042 1699 dona
2065 1651 2123 1700 et
2143 1636 2357 1700 vocatio
2380 1647 2503 1701 Dei.
2527 1646 2614 1703 28.
2647 1648 2803 1702 Sicut
2830 1649 2981 1702 enim
3010 1648 3313 1720 aliquando
3334 1656 3391 1703 et
3419 1667 3515 1704 vos
3542 1667 3655 1705 non
3674 1653 3862 1711 credi-

603 1736 768 1791 distis
793 1736 929 1802 Deo,
955 1751 1105 1789 nunc
1125 1739 1316 1789 autem
1344 1733 1787 1787 misericordiam
1810 1734 2092 1789 consecuti
2120 1734 2256 1788 estis
2281 1740 2512 1806 propter
2531 1735 2984 1791 incredulitatem
3004 1737 3250 1802 illorum,
3274 1737 3357 1791 ita
3379 1743 3436 1791 et
3459 1738 3553 1792 isti
3574 1756 3723 1794 nunc
3747 1757 3863 1795 non

599 1824 960 1880 crediderunt
987 1823 1047 1877 in
1072 1828 1318 1877 vestram
1348 1822 1809 1887 misericordiam,
1841 1826 1906 1875 ut
1933 1828 1991 1876 et
2015 1821 2122 1892 ipsi
2149 1822 2589 1877 misericordiam
2619 1830 3054 1895 consequantur.
3088 1822 3176 1878 20.
3210 1826 3496 1879 Conclusit
3524 1826 3674 1881 enim
3706 1828 3864 1883 Deus

598 1913 793 1969 omnia
813 1912 874 1967 in
902 1910 1314 1979 incredulitate,
1335 1915 1401 1964 ut
1423 1909 1676 1964 omnium
1692 1909 2044 1964 misereatur.
2065 1909 2154 1967 30.
2176 1910 2223 1965 Ο
2251 1911 2491 1965 altitudo
2514 1911 2833 1967 divitiarum
2858 1913 3146 1984 sapientiae
3166 1918 3224 1967 et
3245 1913 3501 1969 scientiae
3515 1915 3645 1969 Dei!
3675 1916 3864 1980 Quam

594 2000 1180 2074 incomprehensibilia
1205 2003 1339 2054 sunt
1359 1997 1576 2069 judicia
1602 1998 1742 2067 ejus,
1763 2002 1821 2052 et
1840 1997 2254 2069 investigabiles
2274 1998 2375 2053 viae
2396 2000 2546 2069 ejus!
2580 2000 2717 2064 Quis
2737 2001 2886 2055 enim
2914 2001 3172 2072 cognovit
3199 2019 3428 2056 sensum
3452 2003 3715 2059 Domini?
3743 2007 3866 2061 Aut

591 2091 718 2161 quis
745 2088 1098 2144 consiliarius
1117 2088 1240 2158 ejus
1261 2087 1405 2141 fuit?
1431 2088 1549 2140 Aut
1571 2085 1697 2157 quis
1717 2085 1874 2157 prior
1891 2086 2048 2141 dedit
2075 2087 2177 2153 illi,
2203 2092 2261 2141 et
2288 2086 2636 2142 retribuetur
2656 2088 2745 2142 ei?
2776 2087 2863 2145 3l.
2889 2089 3165 2154 Quoniam
3186 2107 3253 2144 ex
3279 2091 3421 2162 ipso,
3445 2096 3502 2146 et
3518 2108 3620 2164 per
3642 2095 3859 2165 ipsum,

590 2185 649 2235 et
675 2179 737 2234 in
762 2178 884 2250 ipso
913 2182 1048 2233 sunt
1073 2176 1297 2231 omnia:
1330 2174 1439 2248 ipsi
1465 2174 1649 2246 gloria
1672 2174 1733 2229 in
1760 2175 1982 2230 saecula.
2005 2176 2208 2231 Amen.

1951 2304 2076 2365 34
2104 2300 2339 2356 CAPUT
2374 2302 2499 2356 XII.

663 2409 713 2467 1.
734 2408 975 2464 Obsecro
996 2406 1187 2479 itaque
1206 2422 1322 2471 vos,
1345 2405 1568 2473 fratres,
1600 2421 1701 2476 per
1719 2404 2165 2460 misericordiam
2193 2406 2313 2474 Dei,
2330 2407 2384 2465 2.
2405 2414 2471 2463 ut
2504 2409 2808 2465 exhibeatis
2829 2427 3064 2483 corpora
3084 2417 3270 2467 vestra
3287 2413 3529 2469 hostiam
3549 2414 3860 2484 viventem,

1924 2531 2519 2588 COMMENTARIUS.

652 2644 743 2704 15.
784 2645 966 2700 Olivae.
989 2641 1203 2697 Olivam
1231 2645 1391 2694 vocat
1414 2638 1681 2710 populum
1701 2637 2052 2705 Judaeorum;
2082 2654 2168 2691 ra-
2184 2638 2617 2710 Adispositione
2646 2640 2881 2707 venisse,
2916 2657 3083 2712 quam
3114 2643 3235 2712 [al.,
3266 2643 3384 2714 qui]
3412 2644 3496 2698 uti
3524 2644 3664 2700 bene
3692 2648 3868 2703 novit

577 2734 781 2800 dicem,
812 2732 1011 2799 ﬁdem;
1043 2728 1464 2802 pinguedinem,
1490 2725 1637 2780 bona
1665 2742 1856 2796 opera.
2256 2728 2427 2783 etiam
2453 2729 2653 2796 malis;
2694 2746 2807 2784 non
2836 2734 2901 2784 ut
2928 2730 3010 2784 eis
3037 2731 3158 2800 [al.,
3194 2731 3270 2804 ei]
3300 2733 3518 2803 prosint
3555 2750 3687 2789 vasa
3727 2737 3861 2804 irae,

649 2820 735 2879 16.
763 2822 914 2889 Quod
938 2823 989 2873 si
1014 2821 1301 2887 gloriaris.
1330 2814 1479 2871 Audi
1498 2814 1630 2885 quid
1650 2814 1753 2868 tibi
1783 2814 1965 2869 dicam
1996 2833 2008 2868 :
2045 2815 2171 2870 Non
2253 2816 2352 2870 sed
2378 2822 2443 2871 ut
2471 2817 2593 2888 ipso
2619 2818 2732 2872 illis
2760 2817 2904 2872 bene
2931 2824 3145 2888 utentc,
3179 2821 3399 2891 prosint
3435 2823 3582 2876 vasis
3620 2823 3863 2879 miseri-

572 2917 637 2967 tu
680 2910 927 2965 radicem
972 2913 1182 2980 portas,
1213 2905 1313 2960 sed
1357 2902 1516 2958 radix
1558 2907 1635 2969 te,
1666 2903 1725 2957 id
1774 2907 1880 2967 est,
1930 2904 2170 2974 populus
2252 2905 2473 2960 cordiae.

569 3000 891 3055 Judaeorum
920 3015 956 3052 a
983 3002 1041 3052 te
1069 2996 1237 3050 ﬁdem
1265 3009 1379 3048 non
1408 2991 1642 3062 accepit,
1672 2992 1770 3045 sed
1796 2996 1861 3047 tu
1888 2990 1958 3046 ab
1988 3009 2074 3047 eo.
2318 2993 2408 3048 25.
2436 2996 2680 3049 Aunaos.
2705 2996 3021 3051 Secundum
3046 2997 3425 3065 Erangelium.
3452 3000 3637 3054 Causa
3665 3002 3864 3058 incre-

640 3087 728 3145 17.
760 3089 1006 3142 Amnnos.
1039 3088 1109 3139 In
1134 3086 1334 3137 bonam
1361 3082 1587 3135 olivam.
1619 3079 1836 3135 Olivam
1870 3080 2038 3134 ﬁdem
2066 3096 2167 3150 per
2248 3082 2504 3137 dulitatis
2523 3082 2736 3138 inimici
2758 3090 2892 3138 sunt
2912 3085 3214 3156 Evangelii,
3235 3092 3301 3141 ut
3319 3104 3476 3142 error
3492 3095 3550 3143 et
3572 3090 3861 3146 delictum

567 3192 739 3248 quam
765 3174 1051 3229 Abraham
1074 3171 1415 3242 justiﬁcatus
1444 3172 1548 3233 est,
1588 3166 1951 3238 accipiamus.
1996 3168 2163 3222 Olea-
2247 3187 2441 3225 eorum
2468 3171 2730 3242 gentibus
2759 3173 3004 3244 aperiret
3025 3173 3174 3227 viam
3204 3176 3450 3230 intrandi
3478 3178 3548 3231 ad
3574 3178 3777 3233 ﬁdem.

565 3270 749 3319 strum
775 3278 928 3331 vero,
949 3261 1085 3331 quia
1111 3257 1348 3330 agrestis
1367 3262 1471 3324 est,
1495 3259 1552 3309 et
1568 3254 1917 3311 infructuosa
1933 3260 2156 3323 natura,
2313 3256 2403 3316 26.
2442 3260 2575 3315 Sine
2604 3263 2950 3329 pmnitenlia.
3002 3261 3197 3316 Gratia
3241 3262 3302 3316 in
3344 3262 3687 3333 baptismate
3732 3284 3861 3323 non

564 3350 858 3424 perﬁdiam
887 3347 1187 3419 signiﬁcat.
2242 3348 2443 3419 quaerit
2462 3348 2737 3419 gemitum
2766 3354 2867 3404 aut
2894 3350 3200 3420 planctum.

640 3438 726 3496 18·
756 3439 964 3494 LANFR-
996 3437 1325 3503 Μυδιθνίυτη
1353 3434 1467 3499 hoc:
1500 3431 1559 3488 id
1585 3437 1691 3499 est,
1720 3448 1830 3503 quo
1857 3432 2035 3487 νῙυάεΒί
2063 3448 2160 3486 ΘΧ-
2310 3435 2407 3493 27.
2445 3437 2660 3494 ΙιΑΝι-Ἶι.
2699 3439 2833 3493 Sine
2852 3439 3195 3506 pamitentia.
3229 3437 3394 3493 Ratio
3413 3455 3515 3493 cur
3529 3440 3745 3498 dixerit
3766 3462 3861 3499 se-

563 3527 753 3584 mcati
776 3532 908 3582 sunt
936 3541 1004 3580 ex
1035 3530 1214 3596 parte,
2239 3525 2483 3580 cundum
2512 3526 2862 3582 electionem.
2895 3523 3109 3587 Quibus
3137 3524 3289 3579 enim
3312 3526 3463 3581 Deus
3482 3529 3653 3584 ﬁdem
3674 3549 3859 3588 suam

640 3615 725 3674 19.
761 3617 823 3672 Ut
852 3631 965 3670 non
1007 3616 1128 3669 sitis
1165 3614 1311 3667 vobis
1336 3613 1462 3680 ipsi,
1493 3610 1552 3665 id
1588 3616 1690 3677 est,
1731 3614 1794 3664 ut
1821 3626 1936 3697 non
1962 3610 2152 3665 videa-
2237 3614 2504 3686 inspirat;
2537 3615 2659 3669 sine
2684 3613 3032 3685 praecedente
3060 3613 3392 3684 paenitentia
3428 3633 3623 3672 eorum
3651 3620 3858 3694 inspi-

562 3706 705 3761 mini
731 3701 1145 3774 vobismetipsis
1176 3700 1478 3772 sapientes.
2233 3708 2355 3771 rat;
2387 3720 2487 3758 seu
2517 3719 2655 3774 quos
2681 3702 2753 3757 ad
2780 3701 2953 3755 vitam
2981 3706 3249 3757 aeternam
3281 3704 3468 3776 elegit,
3488 3707 3610 3761 sine
3637 3718 3861 3767 muta.-

630 3793 721 3852 20.
766 3795 940 3849 Veniet
968 3808 1034 3846 ea:
1055 3780 1212 3845 Sion.
1244 3788 1620 3843 Posteriorem
1657 3787 1991 3842 sententiam
2019 3804 2150 3858 pro-
2233 3790 2387 3845 tione
2416 3791 2503 3845 sui
2527 3789 2746 3845 consilii
2770 3788 2957 3859 elegit.

560 3885 659 3940 bat
699 3899 768 3939 ex
802 3881 1137 3938 auctoritate
1162 3877 1509 3950 prophetica,
1542 3881 1601 3930 et
1646 3876 1727 3930 sic
1769 3876 1950 3931 omnis
1978 3876 2152 3931 Israel
2303 3876 2393 3934 28.
2414 3876 2570 3931 Sicut
2594 3881 2744 3931 enim
2763 3879 3085 3945 aliquando.
3111 3878 3201 3933 Sic
3228 3879 3434 3935 iterum
3456 3884 3686 3954 exponit
3715 3903 3861 3960 my-

559 3974 745 4029 salvus
774 3974 953 4027 ﬁeret.
2165 3973 2212 4033 Β
2233 3965 2468 4020 sterium
2498 3981 2598 4019 cur
2623 3964 2801 4019 Judaei
2829 3981 2896 4019 ex
2923 3971 3085 4036 parte
3113 3969 3304 4023 caecati
3325 3975 3477 4024 sunt.

629 4061 691 4119 2|
715 4105 727 4118 .
766 4063 875 4129 Qui
914 4062 1137 4129 eripiat.
1171 4058 1242 4112 Et
1285 4056 1404 4110 haec
1434 4053 1649 4125 ereptio
1690 4069 1802 4108 non
1841 4054 2148 4108 secundum
2299 4052 2388 4111 29.
2415 4054 2664 4109 Amnes.
2698 4054 2975 4108 Conclusit
3005 4058 3157 4110 enim
3184 4058 3340 4112 Deus.
3376 4058 3495 4114 Hoc
3522 4065 3608 4115 est
3634 4065 3860 4121 omnia.

560 4166 761 4221 corpus
789 4148 931 4216 erit;
967 4148 1063 4203 sed
1091 4147 1199 4201 hoc
1220 4149 1642 4209 testamentum,
1674 4141 1734 4196 id
1762 4147 1865 4209 est,
1898 4143 2046 4214 quod
2071 4148 2151 4198 te-
2231 4142 2567 4197 conclusisse
2597 4142 2655 4195 in
2683 4141 3096 4212 incredulitate,
3130 4150 3196 4199 ut
3222 4150 3359 4201 tunc
3394 4148 3686 4205 decretum
3731 4154 3858 4210 do—

557 4243 679 4294 stor
696 4236 1012 4309 eripiendos
1036 4235 1182 4301 illos,
1211 4234 1323 4289 erit
1347 4232 1649 4287 auferendo
1677 4237 1905 4302 peccata
1929 4248 2144 4287 eorum.
2230 4248 2366 4285 num
2387 4248 2422 4285 a
2438 4231 2555 4285 Deo
2583 4230 2828 4298 veniret;
2860 4233 3084 4302 quando
3109 4249 3302 4289 omnes
3331 4235 3646 4292 difﬁdentia
3673 4238 3859 4299 labo-

553 4326 656 4382 Vel
686 4326 819 4398 quia
848 4325 1066 4380 dixerat
1096 4340 1168 4378 ne
1205 4322 1332 4394 quis
1357 4326 1585 4393 putaret
1617 4321 1720 4376 hoc
1745 4319 1816 4375 ab
1855 4320 1964 4375 alio
2000 4321 2141 4387 ﬁeri,
2229 4324 2441 4386 rarent,
2476 4329 2538 4373 ut
2562 4319 2748 4389 gratia
2770 4320 3020 4375 muneris
3044 4329 3192 4377 esset
3212 4323 3555 4394 gratissima.

552 4416 691 4471 dicit
719 4430 735 4471 :
774 4413 935 4479 Quod
957 4417 1135 4468 testor
1159 4428 1194 4466 a
1222 4427 1312 4465 me
1340 4411 1552 4464 factum
1582 4411 1708 4467 erit.
2297 4407 2385 4469 30.
2417 4408 2626 4462 LANFR.
2663 4409 2704 4463 0
2748 4411 3008 4464 altitudo.
3046 4410 3132 4464 Ne
3180 4413 3305 4483 quis
3349 4414 3729 4485 profundiore.
3780 4421 3856 4479 in

619 4503 711 4562 22.
744 4502 1060 4559 Secundum
1092 4500 1471 4567 Evangelium.
1497 4497 1733 4569 Propter
1758 4497 2138 4568 Evangelium,
2224 4495 2607 4568 superioribus
2654 4502 3004 4569 quereretur,
3038 4501 3298 4568 occurrit,
3331 4502 3520 4558 dicens
3548 4523 3560 4558 :
3599 4506 3640 4561 0
3681 4513 3855 4564 alti-

546 4592 752 4664 inquit,
781 4590 928 4662 quod
953 4588 1192 4660 praedico
1219 4591 1449 4658 propter
1473 4602 1570 4640 vos
1597 4586 1911 4653 salvandos,
1928 4586 2140 4641 inimici
2225 4587 2394 4640 tudo!
2432 4590 2534 4641 etc.

544 4682 684 4736 mihi
726 4684 861 4735 sunt
895 4677 1093 4734 Judaei.
1125 4675 1300 4731 Electi
1343 4680 1535 4731 tamen
1581 4691 1777 4729 eorum
1824 4674 2138 4729 charissimi
2292 4673 2379 4731 31.
2402 4676 2649 4733 AMBROS.
2679 4678 2956 4744 Quoniam
2972 4694 3037 4732 ea:
3059 4680 3192 4747 ipso.
3221 4678 3365 4744 Quia
3388 4680 3641 4736 omnium
3661 4700 3855 4744 crea-

542 4769 681 4825 mihi
710 4773 939 4842 propter
965 4773 1192 4839 patres;
1231 4764 1289 4820 id
1312 4770 1396 4820 est
1434 4763 1783 4836 patriarchas
1808 4769 1865 4818 et
1892 4763 2135 4835 prophe-
2217 4767 2308 4816 tor
2337 4763 2486 4819 Deus
2514 4770 2619 4819 est.
2660 4765 2741 4819 Ex
2763 4764 2885 4836 ipso
2930 4771 3065 4821 sunt
3105 4767 3296 4821 omnia
3320 4768 3538 4839 ,(Patre)
3580 4776 3639 4825 et
3680 4777 3854 4845 quia

542 4865 648 4925 tas,
684 4874 922 4930 quorum
950 4857 1117 4911 ﬁdem
1142 4854 1454 4909 imitantur.
2209 4850 2329 4922 ipse
2352 4858 2618 4923 operatur
2637 4870 2740 4924 per
2764 4854 2992 4920 Filium,
3017 4870 3119 4926 per
3141 4855 3328 4927 ipsum
3348 4862 3482 4912 sunt
3505 4858 3733 4931 omnia;
3780 4874 3855 4921 et

605 4946 697 5007 23.
736 4947 1052 5003 Secundum
1087 4946 1452 5013 Evangelium
1493 4945 1722 5013 quidam
1752 4943 1996 5007 inimici,
2018 4946 2125 4995 etc.
2210 4941 2475 5010 quoniam
2504 4958 2627 5012 quae
2657 4958 2723 4995 ex
2759 4942 2897 5009 Deo,
2928 4959 3031 5013 per
3066 4943 3248 4999 Deum
3276 4950 3428 5015 sunt,
3454 4950 3582 5017 post
3606 4960 3852 5010 renata

531 5040 617 5094 Ne
635 5038 763 5110 quis
780 5037 993 5091 diceret
1014 5034 1235 5090 Iudaeos
1260 5032 1318 5087 in
1344 5032 1512 5087 corde
1539 5031 1666 5086 odio
1688 5030 1968 5097 habuisse,
1990 5029 2126 5084 foris
2206 5028 2267 5082 in
2307 5029 2520 5101 Spiritu
2556 5035 2749 5085 sancto
2789 5036 2941 5099 sunt,
2990 5031 3052 5085 in
3096 5032 3218 5103 ipso
3260 5039 3393 5087 sunt
3429 5034 3638 5103 omnia,
3671 5043 3849 5109 quia

528 5134 720 5184 autem
747 5124 931 5181 verbis
957 5123 1038 5179 eis
1070 5122 1310 5195 placere,
1342 5127 1399 5176 et
1427 5122 1509 5176 ita
1535 5120 1774 5183 adulari,
1809 5119 1947 5173 dicit
1975 5137 1986 5171 :
2024 5119 2124 5172 Se-
2208 5118 2452 5188 Spiritus
2479 5123 2706 5174 sanctus
2734 5120 2804 5174 de
2823 5119 2939 5175 Deo
2964 5125 3048 5175 est
3074 5121 3263 5176 Patre.

524 5217 773 5273 cundum
802 5211 1187 5284 Evangelium,
1211 5210 1358 5282 quod
1380 5216 1466 5265 est
1493 5209 1861 5264 contrarium.
2276 5206 2432 5261 CAP.
2463 5206 2586 5262 XII.
2605 5238 2668 5249 —
2689 5207 2739 5263 1.
2766 5208 3017 5264 AMBROS.
3052 5210 3275 5264 Obsecro
3308 5212 3492 5281 itaque
3526 5228 3636 5267 vos.
3663 5212 3847 5278 Post

591 5305 682 5364 24.
699 5307 871 5361 Ausr.
896 5299 1182 5371 (Βαρνάβα.
1200 5303 1380 5354 sancti
1401 5301 1497 5356 lib.
1520 5313 1562 5363 ι,
1583 5314 1705 5368 cap.
1730 5293 1797 5352 16
1815 5301 1954 5350 tom.
1981 5294 2115 5366 VII).
2136 5286 2181 5346 C
2204 5298 2505 5350 tractatum
2536 5295 2675 5367 legis
2695 5302 2753 5352 et
2776 5297 2926 5363 ﬁdei,
2958 5297 3253 5353 Judaicum
3280 5301 3552 5371 populum
3578 5306 3636 5355 et
3654 5302 3848 5365 Gen-

516 5394 833 5449 Secundum
853 5392 1238 5460 Evangelium.
1261 5388 1411 5453 Quid
1433 5391 1520 5442 est
1537 5385 1845 5441 secundum
1868 5385 2117 5455 Evange-
2199 5385 2327 5439 tiles
2353 5386 2424 5440 ad
2449 5384 2656 5440 bonam
2682 5387 2854 5441 vitam
2885 5386 3161 5458 agendam
3190 5387 3473 5444 hortatur.

512 5481 655 5536 lium
674 5480 903 5552 quidem
920 5477 1130 5533 inimici
1147 5482 1378 5550 propter
1395 5492 1509 5539 vos,
1525 5473 1635 5529 nisi
1653 5472 1803 5544 quod
1818 5471 2115 5526 inimicitia
2268 5472 2321 5526 2.
2366 5475 2428 5529 Ut
2472 5475 2767 5549 exhibealis
2820 5491 3052 5545 corpora
3105 5481 3306 5533 vestra.
3348 5475 3598 5549 Corpora
3641 5485 3845 5545 enim

507 5585 623 5643 qua
640 5568 966 5624 occiderunt
983 5567 1293 5631 Christum,
1323 5561 1641 5633 Evangelia,
1661 5560 1809 5616 sicut
1830 5560 2106 5628 videmus,
2193 5561 2447 5634 subjecta
2464 5563 2725 5634 peccatis,
2751 5579 2864 5619 non
2885 5564 3009 5619 viva
3030 5562 3331 5635 habentur“,
3356 5566 3455 5623 sed
3474 5571 3738 5627 mortua.

499 5660 627 5717 sine
658 5657 1011 5716 dubitatione
1057 5654 1329 5731 profecit?
1371 5653 1442 5709 Et
1484 5651 1591 5707 hoc
1618 5650 1866 5707 ostendit
1899 5666 1965 5706 ex
2006 5648 2110 5707 Dei
