  <div class='ocr_page' id='page_1' title='image "/cluster/home/n/w/nwhite01/storage/ocr_20150623/150/umn.31951002477443u/098.png"; bbox 0 0 3912 6356; ppageno 0'>
   <div class='ocr_carea' id='block_1_1' title="bbox 36 321 3358 386">
    <p class='ocr_par' dir='ltr' id='par_1_1' title="bbox 36 321 3358 386">
     <span class='ocr_line' id='line_1_1' title="bbox 36 321 3358 386; baseline 0 -6"><span class='ocrx_word' id='word_1_1' title='bbox 36 324 167 380; x_wconf 73' lang='grc'><strong>115</strong></span> <span class='ocrx_word' id='word_1_2' title='bbox 805 323 884 377; x_wconf 89' lang='grc' dir='ltr'>ΙΝ</span> <span class='ocrx_word' id='word_1_3' title='bbox 920 322 988 377; x_wconf 94' lang='lat' dir='ltr'><strong>D.</strong></span> <span class='ocrx_word' id='word_1_4' title='bbox 1028 323 1246 380; x_wconf 80' lang='lat' dir='ltr'><strong>PAULI</strong></span> <span class='ocrx_word' id='word_1_5' title='bbox 1285 325 1507 383; x_wconf 86' lang='lat' dir='ltr'><strong>EPIST.</strong></span> <span class='ocrx_word' id='word_1_6' title='bbox 1549 325 1923 382; x_wconf 86' lang='lat' dir='ltr'><strong>COMMENT.</strong></span> <span class='ocrx_word' id='word_1_7' title='bbox 1963 354 2033 367; x_wconf 93' lang='lat'><strong><em>—</em></strong></span> <span class='ocrx_word' id='word_1_8' title='bbox 2072 324 2295 381; x_wconf 88' lang='lat' dir='ltr'><strong>EPIST.</strong></span> <span class='ocrx_word' id='word_1_9' title='bbox 2336 324 2434 379; x_wconf 74' lang='lat' dir='ltr'><strong>AD</strong></span> <span class='ocrx_word' id='word_1_10' title='bbox 2471 323 2647 379; x_wconf 88' lang='lat' dir='ltr'><strong>ROM.</strong></span> <span class='ocrx_word' id='word_1_11' title='bbox 3253 321 3358 386; x_wconf 76' lang='grc'><strong>146</strong></span> 
     </span>
    </p>
   </div>
   <div class='ocr_carea' id='block_1_2' title="bbox 42 444 3353 523">
    <p class='ocr_par' dir='ltr' id='par_1_2' title="bbox 42 444 3353 523">
     <span class='ocr_line' id='line_1_2' title="bbox 42 444 3353 523; baseline 0.001 -21"><span class='ocrx_word' id='word_1_12' title='bbox 42 454 363 513; x_wconf 83' lang='lat' dir='ltr'><strong>sanctam,</strong></span> <span class='ocrx_word' id='word_1_13' title='bbox 385 444 507 500; x_wconf 89' lang='lat' dir='ltr'><strong>Deo</strong></span> <span class='ocrx_word' id='word_1_14' title='bbox 532 445 869 517; x_wconf 82' lang='lat' dir='ltr'><strong>placentem,</strong></span> <span class='ocrx_word' id='word_1_15' title='bbox 890 448 1224 505; x_wconf 80' lang='lat' dir='ltr'><strong>rationabile</strong></span> <span class='ocrx_word' id='word_1_16' title='bbox 1243 449 1575 523; x_wconf 88' lang='lat' dir='ltr'><strong>obsequium</strong></span> <span class='ocrx_word' id='word_1_17' title='bbox 1591 456 1861 507; x_wconf 88' lang='lat' dir='ltr'><strong>vestrum.</strong></span> <span class='ocrx_word' id='word_1_18' title='bbox 1886 451 1956 505; x_wconf 91' lang='lat' dir='ltr'><strong>Et</strong></span> <span class='ocrx_word' id='word_1_19' title='bbox 1972 450 2148 506; x_wconf 82' lang='lat' dir='ltr'><strong>nolite</strong></span> <span class='ocrx_word' id='word_1_20' title='bbox 2167 449 2522 515; x_wconf 79' lang='lat' dir='ltr'><strong>conformari,</strong></span> <span class='ocrx_word' id='word_1_21' title='bbox 2549 449 2759 505; x_wconf 82' lang='lat' dir='ltr'><strong>similes</strong></span> <span class='ocrx_word' id='word_1_22' title='bbox 2787 452 2912 519; x_wconf 74' lang='lat' dir='ltr'><strong>ﬁeri</strong></span> <span class='ocrx_word' id='word_1_23' title='bbox 2929 453 3267 521; x_wconf 81' lang='lat' dir='ltr'><strong>sapientibus</strong></span> <span class='ocrx_word' id='word_1_24' title='bbox 3287 454 3353 506; x_wconf 90' lang='lat' dir='ltr'><strong>in</strong></span> 
     </span>
    </p>
   </div>
   <div class='ocr_carea' id='block_1_3' title="bbox 47 535 3352 610">
    <p class='ocr_par' dir='ltr' id='par_1_3' title="bbox 47 535 3352 610">
     <span class='ocr_line' id='line_1_3' title="bbox 47 535 3352 610; baseline 0.001 -19"><span class='ocrx_word' id='word_1_25' title='bbox 47 540 259 601; x_wconf 83' lang='lat' dir='ltr'><strong>rebus,</strong></span> <span class='ocrx_word' id='word_1_26' title='bbox 286 536 426 591; x_wconf 84' lang='lat' dir='ltr'><strong>huic</strong></span> <span class='ocrx_word' id='word_1_27' title='bbox 453 535 676 602; x_wconf 68' lang='lat' dir='ltr'><strong>saeculo,</strong></span> <span class='ocrx_word' id='word_1_28' title='bbox 706 536 806 591; x_wconf 89' lang='lat' dir='ltr'><strong>sed</strong></span> <span class='ocrx_word' id='word_1_29' title='bbox 833 536 1216 593; x_wconf 87' lang='lat' dir='ltr'><strong>reformamini</strong></span> <span class='ocrx_word' id='word_1_30' title='bbox 1242 539 1301 593; x_wconf 90' lang='lat' dir='ltr'><strong>in</strong></span> <span class='ocrx_word' id='word_1_31' title='bbox 1331 541 1578 596; x_wconf 82' lang='lat' dir='ltr'><strong>novitate</strong></span> <span class='ocrx_word' id='word_1_32' title='bbox 1605 556 1803 596; x_wconf 86' lang='lat' dir='ltr'><strong>sensus</strong></span> <span class='ocrx_word' id='word_1_33' title='bbox 1828 539 2018 605; x_wconf 84' lang='lat' dir='ltr'><strong>vestri,</strong></span> <span class='ocrx_word' id='word_1_34' title='bbox 2051 543 2116 593; x_wconf 91' lang='lat' dir='ltr'><strong>ut</strong></span> <span class='ocrx_word' id='word_1_35' title='bbox 2143 538 2392 610; x_wconf 83' lang='lat' dir='ltr'><strong>probetis</strong></span> <span class='ocrx_word' id='word_1_36' title='bbox 2424 536 2475 594; x_wconf 91' lang='lat'><strong>3.</strong></span> <span class='ocrx_word' id='word_1_37' title='bbox 2519 555 2641 610; x_wconf 62' lang='lat' dir='ltr'><strong>qua;</strong></span> <span class='ocrx_word' id='word_1_38' title='bbox 2669 538 2744 594; x_wconf 91' lang='lat' dir='ltr'><strong>sit</strong></span> <span class='ocrx_word' id='word_1_39' title='bbox 2767 539 3023 594; x_wconf 80' lang='lat' dir='ltr'><strong>voluntas</strong></span> <span class='ocrx_word' id='word_1_40' title='bbox 3047 539 3151 594; x_wconf 88' lang='lat' dir='ltr'><strong>Dei</strong></span> <span class='ocrx_word' id='word_1_41' title='bbox 3180 538 3352 606; x_wconf 89' lang='lat' dir='ltr'><strong>bona,</strong></span> 
     </span>
    </p>
   </div>
   <div class='ocr_carea' id='block_1_4' title="bbox 48 624 3353 699">
    <p class='ocr_par' dir='ltr' id='par_1_4' title="bbox 48 624 3353 699">
     <span class='ocr_line' id='line_1_4' title="bbox 48 624 3353 699; baseline 0.001 -21"><span class='ocrx_word' id='word_1_42' title='bbox 48 631 111 678; x_wconf 88' lang='lat' dir='ltr'><strong>et</strong></span> <span class='ocrx_word' id='word_1_43' title='bbox 146 624 316 679; x_wconf 87' lang='lat' dir='ltr'><strong>bene</strong></span> <span class='ocrx_word' id='word_1_44' title='bbox 342 625 574 697; x_wconf 88' lang='lat' dir='ltr'><strong>placens</strong></span> <span class='ocrx_word' id='word_1_45' title='bbox 602 629 661 679; x_wconf 89' lang='lat' dir='ltr'><strong>et</strong></span> <span class='ocrx_word' id='word_1_46' title='bbox 685 626 952 697; x_wconf 87' lang='lat' dir='ltr'><strong>perfecta.</strong></span> <span class='ocrx_word' id='word_1_47' title='bbox 981 629 1104 683; x_wconf 88' lang='lat' dir='ltr'><strong>Ideo</strong></span> <span class='ocrx_word' id='word_1_48' title='bbox 1131 630 1267 684; x_wconf 97' lang='lat' dir='ltr'><strong>dicit</strong></span> <span class='ocrx_word' id='word_1_49' title='bbox 1295 630 1410 696; x_wconf 88' lang='lat' dir='ltr'><strong>hoc,</strong></span> <span class='ocrx_word' id='word_1_50' title='bbox 1443 634 1578 699; x_wconf 84' lang='lat' dir='ltr'><strong>quia</strong></span> <span class='ocrx_word' id='word_1_51' title='bbox 1606 632 1861 699; x_wconf 75' lang='lat' dir='ltr'><strong>superius</strong></span> <span class='ocrx_word' id='word_1_52' title='bbox 1893 630 2114 681; x_wconf 66' lang='lat' dir='ltr'><strong>dixerat</strong></span> <span class='ocrx_word' id='word_1_53' title='bbox 2141 628 2412 696; x_wconf 85' lang='lat' dir='ltr'><strong>quasdam</strong></span> <span class='ocrx_word' id='word_1_54' title='bbox 2441 629 2763 682; x_wconf 84' lang='lat' dir='ltr'><strong>insolubiles</strong></span> <span class='ocrx_word' id='word_1_55' title='bbox 2781 631 3118 697; x_wconf 61' lang='lat' dir='ltr'><strong>quastiones.</strong></span> <span class='ocrx_word' id='word_1_56' title='bbox 3141 625 3195 683; x_wconf 77' lang='grc'>4.</span> <span class='ocrx_word' id='word_1_57' title='bbox 3218 626 3353 681; x_wconf 89' lang='lat' dir='ltr'><strong>Dico</strong></span> 
     </span>
    </p>
   </div>
   <div class='ocr_carea' id='block_1_5' title="bbox 52 713 3352 789">
    <p class='ocr_par' dir='ltr' id='par_1_5' title="bbox 52 713 3352 789">
     <span class='ocr_line' id='line_1_5' title="bbox 52 713 3352 789; baseline 0.001 -22"><span class='ocrx_word' id='word_1_58' title='bbox 52 713 249 779; x_wconf 87' lang='lat' dir='ltr'><strong>enim,</strong></span> <span class='ocrx_word' id='word_1_59' title='bbox 273 729 388 784; x_wconf 90' lang='lat' dir='ltr'><strong>per</strong></span> <span class='ocrx_word' id='word_1_60' title='bbox 401 713 650 784; x_wconf 78' lang='lat' dir='ltr'><strong>gratiam</strong></span> <span class='ocrx_word' id='word_1_61' title='bbox 671 730 794 784; x_wconf 81' lang='lat' dir='ltr'><strong>quas</strong></span> <span class='ocrx_word' id='word_1_62' title='bbox 819 714 952 769; x_wconf 88' lang='lat' dir='ltr'><strong>data</strong></span> <span class='ocrx_word' id='word_1_63' title='bbox 978 720 1066 771; x_wconf 89' lang='lat' dir='ltr'><strong>est</strong></span> <span class='ocrx_word' id='word_1_64' title='bbox 1093 716 1254 780; x_wconf 90' lang='lat' dir='ltr'><strong>mihi,</strong></span> <span class='ocrx_word' id='word_1_65' title='bbox 1279 716 1537 773; x_wconf 90' lang='lat' dir='ltr'><strong>omnibus</strong></span> <span class='ocrx_word' id='word_1_66' title='bbox 1557 718 1654 789; x_wconf 88' lang='lat' dir='ltr'><strong>qui</strong></span> <span class='ocrx_word' id='word_1_67' title='bbox 1682 722 1815 772; x_wconf 90' lang='lat' dir='ltr'><strong>sunt</strong></span> <span class='ocrx_word' id='word_1_68' title='bbox 1836 717 1987 770; x_wconf 91' lang='lat' dir='ltr'><strong>inter</strong></span> <span class='ocrx_word' id='word_1_69' title='bbox 2003 734 2099 771; x_wconf 89' lang='lat' dir='ltr'><strong>vos</strong></span> <span class='ocrx_word' id='word_1_70' title='bbox 2131 734 2143 770; x_wconf 91' lang='lat'><strong>:</strong></span> <span class='ocrx_word' id='word_1_71' title='bbox 2168 717 2294 770; x_wconf 92' lang='lat' dir='ltr'><strong>Non</strong></span> <span class='ocrx_word' id='word_1_72' title='bbox 2312 717 2439 788; x_wconf 90' lang='lat' dir='ltr'><strong>plus</strong></span> <span class='ocrx_word' id='word_1_73' title='bbox 2457 733 2657 788; x_wconf 87' lang='lat' dir='ltr'><strong>sapere</strong></span> <span class='ocrx_word' id='word_1_74' title='bbox 2683 733 2854 788; x_wconf 89' lang='lat' dir='ltr'><strong>quam</strong></span> <span class='ocrx_word' id='word_1_75' title='bbox 2883 719 3108 788; x_wconf 84' lang='lat' dir='ltr'><strong>oportet</strong></span> <span class='ocrx_word' id='word_1_76' title='bbox 3132 731 3352 787; x_wconf 83' lang='lat' dir='ltr'><strong>sapere,</strong></span> 
     </span>
    </p>
   </div>
   <div class='ocr_carea' id='block_1_6' title="bbox 52 801 3354 877">
    <p class='ocr_par' dir='ltr' id='par_1_6' title="bbox 52 801 3354 877">
     <span class='ocr_line' id='line_1_6' title="bbox 52 801 3354 877; baseline 0.001 -23"><span class='ocrx_word' id='word_1_77' title='bbox 52 801 111 858; x_wconf 80' lang='grc'>5.</span> <span class='ocrx_word' id='word_1_78' title='bbox 144 802 260 856; x_wconf 88' lang='lat' dir='ltr'><strong>sed</strong></span> <span class='ocrx_word' id='word_1_79' title='bbox 294 817 503 872; x_wconf 86' lang='lat' dir='ltr'><strong>sapere</strong></span> <span class='ocrx_word' id='word_1_80' title='bbox 534 802 607 856; x_wconf 91' lang='lat' dir='ltr'><strong>ad</strong></span> <span class='ocrx_word' id='word_1_81' title='bbox 636 801 1015 868; x_wconf 86' lang='lat' dir='ltr'><strong>sobrietatem,</strong></span> <span class='ocrx_word' id='word_1_82' title='bbox 1050 804 1108 862; x_wconf 91' lang='lat'><strong>6.</strong></span> <span class='ocrx_word' id='word_1_83' title='bbox 1144 810 1201 860; x_wconf 89' lang='lat' dir='ltr'><strong>et</strong></span> <span class='ocrx_word' id='word_1_84' title='bbox 1230 806 1554 877; x_wconf 88' lang='lat' dir='ltr'><strong>unicuique,</strong></span> <span class='ocrx_word' id='word_1_85' title='bbox 1585 807 1733 860; x_wconf 88' lang='lat' dir='ltr'><strong>sicut</strong></span> <span class='ocrx_word' id='word_1_86' title='bbox 1759 806 1910 860; x_wconf 88' lang='lat' dir='ltr'><strong>Deus</strong></span> <span class='ocrx_word' id='word_1_87' title='bbox 1937 804 2127 860; x_wconf 88' lang='lat' dir='ltr'><strong>divisit</strong></span> <span class='ocrx_word' id='word_1_88' title='bbox 2152 821 2476 859; x_wconf 86' lang='lat' dir='ltr'><strong>mensuram</strong></span> <span class='ocrx_word' id='word_1_89' title='bbox 2505 805 2655 859; x_wconf 91' lang='lat' dir='ltr'><strong>ﬁdei.</strong></span> <span class='ocrx_word' id='word_1_90' title='bbox 2689 805 2743 859; x_wconf 91' lang='lat'><strong>7.</strong></span> <span class='ocrx_word' id='word_1_91' title='bbox 2777 805 2935 859; x_wconf 87' lang='lat' dir='ltr'><strong>Sicut</strong></span> <span class='ocrx_word' id='word_1_92' title='bbox 2960 804 3113 860; x_wconf 91' lang='lat' dir='ltr'><strong>enim</strong></span> <span class='ocrx_word' id='word_1_93' title='bbox 3142 804 3204 858; x_wconf 91' lang='lat' dir='ltr'><strong>in</strong></span> <span class='ocrx_word' id='word_1_94' title='bbox 3238 819 3354 858; x_wconf 88' lang='lat' dir='ltr'><strong>uno</strong></span> 
     </span>
    </p>
   </div>
   <div class='ocr_carea' id='block_1_7' title="bbox 48 889 3354 960">
    <p class='ocr_par' dir='ltr' id='par_1_7' title="bbox 48 889 3354 960">
     <span class='ocr_line' id='line_1_7' title="bbox 48 889 3354 960; baseline 0.001 -17"><span class='ocrx_word' id='word_1_95' title='bbox 48 905 311 960; x_wconf 85' lang='lat' dir='ltr'><strong>corpore</strong></span> <span class='ocrx_word' id='word_1_96' title='bbox 343 890 531 944; x_wconf 87' lang='lat' dir='ltr'><strong>multa</strong></span> <span class='ocrx_word' id='word_1_97' title='bbox 556 889 810 944; x_wconf 90' lang='lat' dir='ltr'><strong>membra</strong></span> <span class='ocrx_word' id='word_1_98' title='bbox 840 891 1130 958; x_wconf 88' lang='lat' dir='ltr'><strong>habemus,</strong></span> <span class='ocrx_word' id='word_1_99' title='bbox 1163 894 1354 948; x_wconf 86' lang='lat' dir='ltr'><strong>omnia</strong></span> <span class='ocrx_word' id='word_1_100' title='bbox 1400 899 1590 948; x_wconf 89' lang='lat' dir='ltr'><strong>autem</strong></span> <span class='ocrx_word' id='word_1_101' title='bbox 1635 892 1889 947; x_wconf 88' lang='lat' dir='ltr'><strong>membra</strong></span> <span class='ocrx_word' id='word_1_102' title='bbox 1940 910 2055 948; x_wconf 91' lang='lat' dir='ltr'><strong>non</strong></span> <span class='ocrx_word' id='word_1_103' title='bbox 2083 894 2343 948; x_wconf 89' lang='lat' dir='ltr'><strong>eumdem</strong></span> <span class='ocrx_word' id='word_1_104' title='bbox 2388 898 2577 948; x_wconf 89' lang='lat' dir='ltr'><strong>actum</strong></span> <span class='ocrx_word' id='word_1_105' title='bbox 2608 893 2834 959; x_wconf 89' lang='lat' dir='ltr'><strong>habent,</strong></span> <span class='ocrx_word' id='word_1_106' title='bbox 2866 893 2947 948; x_wconf 86' lang='lat' dir='ltr'><strong>ita</strong></span> <span class='ocrx_word' id='word_1_107' title='bbox 2974 892 3137 947; x_wconf 82' lang='lat' dir='ltr'><strong>inulti</strong></span> <span class='ocrx_word' id='word_1_108' title='bbox 3175 907 3354 947; x_wconf 87' lang='lat' dir='ltr'><strong>unum</strong></span> 
     </span>
    </p>
   </div>
   <div class='ocr_carea' id='block_1_8' title="bbox 52 977 3352 1050">
    <p class='ocr_par' dir='ltr' id='par_1_8' title="bbox 52 977 3352 1050">
     <span class='ocr_line' id='line_1_8' title="bbox 52 977 3352 1050; baseline 0.002 -20"><span class='ocrx_word' id='word_1_109' title='bbox 52 993 278 1048; x_wconf 86' lang='lat' dir='ltr'><strong>corpus</strong></span> <span class='ocrx_word' id='word_1_110' title='bbox 309 994 518 1032; x_wconf 87' lang='lat' dir='ltr'><strong>sumus</strong></span> <span class='ocrx_word' id='word_1_111' title='bbox 557 977 618 1031; x_wconf 94' lang='lat' dir='ltr'><strong>in</strong></span> <span class='ocrx_word' id='word_1_112' title='bbox 664 978 905 1046; x_wconf 87' lang='lat' dir='ltr'><strong>Christo,</strong></span> <span class='ocrx_word' id='word_1_113' title='bbox 939 980 1147 1050; x_wconf 82' lang='lat' dir='ltr'><strong>singuli</strong></span> <span class='ocrx_word' id='word_1_114' title='bbox 1183 987 1373 1036; x_wconf 89' lang='lat' dir='ltr'><strong>autem</strong></span> <span class='ocrx_word' id='word_1_115' title='bbox 1402 983 1547 1037; x_wconf 89' lang='lat' dir='ltr'><strong>alter</strong></span> <span class='ocrx_word' id='word_1_116' title='bbox 1570 981 1805 1036; x_wconf 82' lang='lat' dir='ltr'><strong>alterius</strong></span> <span class='ocrx_word' id='word_1_117' title='bbox 1835 981 2108 1035; x_wconf 90' lang='lat' dir='ltr'><strong>membra.</strong></span> <span class='ocrx_word' id='word_1_118' title='bbox 2141 981 2426 1036; x_wconf 86' lang='lat' dir='ltr'><strong>Habentes</strong></span> <span class='ocrx_word' id='word_1_119' title='bbox 2461 986 2651 1037; x_wconf 88' lang='lat' dir='ltr'><strong>autem</strong></span> <span class='ocrx_word' id='word_1_120' title='bbox 2681 982 3015 1036; x_wconf 88' lang='lat' dir='ltr'><strong>donationes</strong></span> <span class='ocrx_word' id='word_1_121' title='bbox 3042 981 3352 1037; x_wconf 89' lang='lat' dir='ltr'><strong>secundum</strong></span> 
     </span>
    </p>
   </div>
   <div class='ocr_carea' id='block_1_9' title="bbox 55 1065 3352 1139">
    <p class='ocr_par' dir='ltr' id='par_1_9' title="bbox 55 1065 3352 1139">
     <span class='ocr_line' id='line_1_9' title="bbox 55 1065 3352 1139; baseline 0.002 -20"><span class='ocrx_word' id='word_1_122' title='bbox 55 1065 349 1135; x_wconf 82' lang='lat' dir='ltr'><strong>gratiam,</strong></span> <span class='ocrx_word' id='word_1_123' title='bbox 370 1081 498 1137; x_wconf 76' lang='lat' dir='ltr'><strong>quae</strong></span> <span class='ocrx_word' id='word_1_124' title='bbox 521 1065 657 1120; x_wconf 90' lang='lat' dir='ltr'><strong>data</strong></span> <span class='ocrx_word' id='word_1_125' title='bbox 680 1071 766 1121; x_wconf 88' lang='lat' dir='ltr'><strong>est</strong></span> <span class='ocrx_word' id='word_1_126' title='bbox 792 1066 973 1134; x_wconf 90' lang='lat' dir='ltr'><strong>nobis,</strong></span> <span class='ocrx_word' id='word_1_127' title='bbox 995 1066 1048 1121; x_wconf 94' lang='lat'><strong>8.</strong></span> <span class='ocrx_word' id='word_1_128' title='bbox 1074 1068 1395 1124; x_wconf 86' lang='lat' dir='ltr'><strong>diﬁ‘erentes</strong></span> <span class='ocrx_word' id='word_1_129' title='bbox 1422 1072 1724 1125; x_wconf 62' lang='lat' dir='ltr'><strong>secundum</strong></span> <span class='ocrx_word' id='word_1_130' title='bbox 1750 1072 2025 1125; x_wconf 81' lang='lat' dir='ltr'><strong>rationem</strong></span> <span class='ocrx_word' id='word_1_131' title='bbox 2049 1072 2197 1138; x_wconf 78' lang='lat' dir='ltr'><strong>ﬁdei,</strong></span> <span class='ocrx_word' id='word_1_132' title='bbox 2220 1072 2425 1125; x_wconf 78' lang='lat' dir='ltr'><strong>scilicet</strong></span> <span class='ocrx_word' id='word_1_133' title='bbox 2452 1071 2714 1125; x_wconf 80' lang='lat' dir='ltr'><strong>habemus</strong></span> <span class='ocrx_word' id='word_1_134' title='bbox 2732 1071 3059 1139; x_wconf 70' lang='lat' dir='ltr'><strong>differentes,</strong></span> <span class='ocrx_word' id='word_1_135' title='bbox 3086 1075 3135 1125; x_wconf 87' lang='lat' dir='ltr'><strong>et</strong></span> <span class='ocrx_word' id='word_1_136' title='bbox 3158 1075 3352 1125; x_wconf 59' lang='lat' dir='ltr'><strong>cetera</strong></span> 
     </span>
    </p>
   </div>
   <div class='ocr_carea' id='block_1_10' title="bbox 50 1154 3351 1227">
    <p class='ocr_par' dir='ltr' id='par_1_10' title="bbox 50 1154 3351 1227">
     <span class='ocr_line' id='line_1_10' title="bbox 50 1154 3351 1227; baseline 0.002 -19"><span class='ocrx_word' id='word_1_137' title='bbox 50 1156 247 1209; x_wconf 72' lang='lat' dir='ltr'><strong>eodem</strong></span> <span class='ocrx_word' id='word_1_138' title='bbox 297 1157 488 1221; x_wconf 86' lang='lat' dir='ltr'><strong>modo,</strong></span> <span class='ocrx_word' id='word_1_139' title='bbox 522 1155 576 1210; x_wconf 90' lang='lat'><strong>9.</strong></span> <span class='ocrx_word' id='word_1_140' title='bbox 622 1154 738 1209; x_wconf 82' lang='lat' dir='ltr'><strong>sive</strong></span> <span class='ocrx_word' id='word_1_141' title='bbox 776 1156 1129 1227; x_wconf 84' lang='lat' dir='ltr'><strong>prOphetiam</strong></span> <span class='ocrx_word' id='word_1_142' title='bbox 1165 1159 1472 1212; x_wconf 83' lang='lat' dir='ltr'><strong>secundum</strong></span> <span class='ocrx_word' id='word_1_143' title='bbox 1507 1156 1588 1215; x_wconf 89' lang='lat'><strong>10.</strong></span> <span class='ocrx_word' id='word_1_144' title='bbox 1620 1159 1898 1213; x_wconf 86' lang='lat' dir='ltr'><strong>rationem</strong></span> <span class='ocrx_word' id='word_1_145' title='bbox 1940 1160 2093 1223; x_wconf 87' lang='lat' dir='ltr'><strong>ﬁdei,</strong></span> <span class='ocrx_word' id='word_1_146' title='bbox 2130 1160 2244 1214; x_wconf 87' lang='lat' dir='ltr'><strong>sive</strong></span> <span class='ocrx_word' id='word_1_147' title='bbox 2286 1160 2663 1215; x_wconf 89' lang='lat' dir='ltr'><strong>ministerium</strong></span> <span class='ocrx_word' id='word_1_148' title='bbox 2709 1159 2770 1213; x_wconf 90' lang='lat' dir='ltr'><strong>in</strong></span> <span class='ocrx_word' id='word_1_149' title='bbox 2811 1159 3204 1224; x_wconf 87' lang='lat' dir='ltr'><strong>ministrando,</strong></span> <span class='ocrx_word' id='word_1_150' title='bbox 3234 1159 3351 1213; x_wconf 90' lang='lat' dir='ltr'><strong>sive</strong></span> 
     </span>
    </p>
   </div>
   <div class='ocr_carea' id='block_1_11' title="bbox 48 1244 3354 1319">
    <p class='ocr_par' dir='ltr' id='par_1_11' title="bbox 48 1244 3354 1319">
     <span class='ocr_line' id='line_1_11' title="bbox 48 1244 3354 1319; baseline 0.002 -22"><span class='ocrx_word' id='word_1_151' title='bbox 48 1244 79 1297; x_wconf 86' lang='grc'><strong>1</strong></span> <span class='ocrx_word' id='word_1_152' title='bbox 93 1244 115 1299; x_wconf 86' lang='grc' dir='ltr'>ι</span> <span class='ocrx_word' id='word_1_153' title='bbox 129 1285 143 1297; x_wconf 95' lang='grc'><strong>.</strong></span> <span class='ocrx_word' id='word_1_154' title='bbox 158 1244 265 1315; x_wconf 88' lang='lat' dir='ltr'><strong>qui</strong></span> <span class='ocrx_word' id='word_1_155' title='bbox 283 1244 463 1299; x_wconf 85' lang='lat' dir='ltr'><strong>docet</strong></span> <span class='ocrx_word' id='word_1_156' title='bbox 483 1244 542 1298; x_wconf 92' lang='lat' dir='ltr'><strong>in</strong></span> <span class='ocrx_word' id='word_1_157' title='bbox 560 1244 833 1310; x_wconf 86' lang='lat' dir='ltr'><strong>doctrina,</strong></span> <span class='ocrx_word' id='word_1_158' title='bbox 851 1245 942 1302; x_wconf 79' lang='lat'><strong>12.</strong></span> <span class='ocrx_word' id='word_1_159' title='bbox 959 1245 1054 1317; x_wconf 92' lang='lat' dir='ltr'><strong>qui</strong></span> <span class='ocrx_word' id='word_1_160' title='bbox 1077 1248 1406 1302; x_wconf 83' lang='lat' dir='ltr'><strong>exhortatur</strong></span> <span class='ocrx_word' id='word_1_161' title='bbox 1422 1248 1480 1300; x_wconf 91' lang='lat' dir='ltr'><strong>in</strong></span> <span class='ocrx_word' id='word_1_162' title='bbox 1496 1247 1862 1309; x_wconf 84' lang='lat' dir='ltr'><strong>exhortando,</strong></span> <span class='ocrx_word' id='word_1_163' title='bbox 1889 1249 1987 1319; x_wconf 90' lang='lat' dir='ltr'><strong>qui</strong></span> <span class='ocrx_word' id='word_1_164' title='bbox 2003 1247 2203 1302; x_wconf 89' lang='lat' dir='ltr'><strong>tribuit</strong></span> <span class='ocrx_word' id='word_1_165' title='bbox 2215 1248 2274 1302; x_wconf 91' lang='lat' dir='ltr'><strong>in</strong></span> <span class='ocrx_word' id='word_1_166' title='bbox 2292 1248 2669 1319; x_wconf 88' lang='lat' dir='ltr'><strong>simplicitate,</strong></span> <span class='ocrx_word' id='word_1_167' title='bbox 2684 1248 2780 1319; x_wconf 91' lang='lat' dir='ltr'><strong>qui</strong></span> <span class='ocrx_word' id='word_1_168' title='bbox 2796 1253 2997 1319; x_wconf 79' lang='lat' dir='ltr'><strong>praeest</strong></span> <span class='ocrx_word' id='word_1_169' title='bbox 3011 1247 3069 1302; x_wconf 93' lang='lat' dir='ltr'><strong>in</strong></span> <span class='ocrx_word' id='word_1_170' title='bbox 3081 1247 3354 1302; x_wconf 88' lang='lat' dir='ltr'><strong>sollicitu-</strong></span> 
     </span>
    </p>
   </div>
   <div class='ocr_carea' id='block_1_12' title="bbox 53 1334 3358 1406">
    <p class='ocr_par' dir='ltr' id='par_1_12' title="bbox 53 1334 3358 1406">
     <span class='ocr_line' id='line_1_12' title="bbox 53 1334 3358 1406; baseline 0 -19"><span class='ocrx_word' id='word_1_171' title='bbox 53 1334 213 1399; x_wconf 85' lang='lat' dir='ltr'><strong>dine,</strong></span> <span class='ocrx_word' id='word_1_172' title='bbox 250 1335 365 1405; x_wconf 87' lang='lat' dir='ltr'><strong>qui</strong></span> <span class='ocrx_word' id='word_1_173' title='bbox 397 1334 703 1389; x_wconf 86' lang='lat' dir='ltr'><strong>miseretur</strong></span> <span class='ocrx_word' id='word_1_174' title='bbox 730 1336 788 1389; x_wconf 92' lang='lat' dir='ltr'><strong>in</strong></span> <span class='ocrx_word' id='word_1_175' title='bbox 814 1335 1118 1391; x_wconf 85' lang='lat' dir='ltr'><strong>hilaritate.</strong></span> <span class='ocrx_word' id='word_1_176' title='bbox 1148 1337 1382 1391; x_wconf 86' lang='lat' dir='ltr'><strong>Dilectio</strong></span> <span class='ocrx_word' id='word_1_177' title='bbox 1413 1339 1535 1391; x_wconf 87' lang='lat' dir='ltr'><strong>sine</strong></span> <span class='ocrx_word' id='word_1_178' title='bbox 1566 1336 1947 1391; x_wconf 87' lang='lat' dir='ltr'><strong>simulatione.</strong></span> <span class='ocrx_word' id='word_1_179' title='bbox 1994 1338 2263 1392; x_wconf 90' lang='lat' dir='ltr'><strong>Odientes</strong></span> <span class='ocrx_word' id='word_1_180' title='bbox 2289 1338 2517 1406; x_wconf 83' lang='lat' dir='ltr'><strong>{scilicet</strong></span> <span class='ocrx_word' id='word_1_181' title='bbox 2551 1339 2697 1405; x_wconf 81' lang='lat' dir='ltr'><strong>sitis)</strong></span> <span class='ocrx_word' id='word_1_182' title='bbox 2719 1336 2952 1403; x_wconf 87' lang='lat' dir='ltr'><strong>malum,</strong></span> <span class='ocrx_word' id='word_1_183' title='bbox 2985 1340 3066 1391; x_wconf 74' lang='lat' dir='ltr'><strong>vel</strong></span> <span class='ocrx_word' id='word_1_184' title='bbox 3094 1337 3358 1405; x_wconf 78' lang='lat' dir='ltr'><strong>digressio</strong></span> 
     </span>
    </p>
   </div>
   <div class='ocr_carea' id='block_1_13' title="bbox 53 1424 3350 1495">
    <p class='ocr_par' dir='ltr' id='par_1_13' title="bbox 53 1424 3350 1495">
     <span class='ocr_line' id='line_1_13' title="bbox 53 1424 3350 1495; baseline 0.001 -21"><span class='ocrx_word' id='word_1_185' title='bbox 53 1425 171 1488; x_wconf 78' lang='lat' dir='ltr'><strong>fuit</strong></span> <span class='ocrx_word' id='word_1_186' title='bbox 189 1425 260 1476; x_wconf 87' lang='lat' dir='ltr'><strong>de</strong></span> <span class='ocrx_word' id='word_1_187' title='bbox 283 1424 396 1477; x_wconf 88' lang='lat' dir='ltr'><strong>hoc</strong></span> <span class='ocrx_word' id='word_1_188' title='bbox 414 1426 565 1491; x_wconf 87' lang='lat' dir='ltr'><strong>quod</strong></span> <span class='ocrx_word' id='word_1_189' title='bbox 583 1425 740 1489; x_wconf 84' lang='lat' dir='ltr'><strong>dicit,</strong></span> <span class='ocrx_word' id='word_1_190' title='bbox 763 1426 881 1479; x_wconf 87' lang='lat' dir='ltr'><strong>dico</strong></span> <span class='ocrx_word' id='word_1_191' title='bbox 901 1429 1052 1479; x_wconf 85' lang='lat' dir='ltr'><strong>enim</strong></span> <span class='ocrx_word' id='word_1_192' title='bbox 1068 1442 1172 1495; x_wconf 92' lang='lat' dir='ltr'><strong>per</strong></span> <span class='ocrx_word' id='word_1_193' title='bbox 1190 1430 1459 1495; x_wconf 77' lang='lat' dir='ltr'><strong>gratiam,</strong></span> <span class='ocrx_word' id='word_1_194' title='bbox 1483 1426 1833 1479; x_wconf 71' lang='lat' dir='ltr'><strong>adhaerentes</strong></span> <span class='ocrx_word' id='word_1_195' title='bbox 1861 1424 2008 1480; x_wconf 91' lang='lat' dir='ltr'><strong>bono</strong></span> <span class='ocrx_word' id='word_1_196' title='bbox 2033 1445 2043 1479; x_wconf 93' lang='lat'>:</span> <span class='ocrx_word' id='word_1_197' title='bbox 2068 1426 2344 1481; x_wconf 75' lang='lat' dir='ltr'><strong>charitate</strong></span> <span class='ocrx_word' id='word_1_198' title='bbox 2372 1425 2741 1481; x_wconf 76' lang='lat' dir='ltr'><strong>fraternitatis</strong></span> <span class='ocrx_word' id='word_1_199' title='bbox 2758 1424 2996 1479; x_wconf 89' lang='lat' dir='ltr'><strong>invicem</strong></span> <span class='ocrx_word' id='word_1_200' title='bbox 3018 1425 3350 1495; x_wconf 82' lang='lat' dir='ltr'><strong>diligentes;</strong></span> 
     </span>
    </p>
   </div>
   <div class='ocr_carea' id='block_1_14' title="bbox 52 1510 3345 1585">
    <p class='ocr_par' dir='ltr' id='par_1_14' title="bbox 52 1510 3345 1585">
     <span class='ocr_line' id='line_1_14' title="bbox 52 1510 3345 1585; baseline 0.001 -22"><span class='ocrx_word' id='word_1_201' title='bbox 52 1510 281 1566; x_wconf 85' lang='lat' dir='ltr'><strong>honore</strong></span> <span class='ocrx_word' id='word_1_202' title='bbox 342 1511 587 1566; x_wconf 85' lang='lat' dir='ltr'><strong>invicem</strong></span> <span class='ocrx_word' id='word_1_203' title='bbox 632 1514 1071 1583; x_wconf 66' lang='lat' dir='ltr'><strong>praevenientes;</strong></span> <span class='ocrx_word' id='word_1_204' title='bbox 1127 1514 1211 1571; x_wconf 90' lang='lat'><strong>13.</strong></span> <span class='ocrx_word' id='word_1_205' title='bbox 1251 1514 1627 1570; x_wconf 87' lang='lat' dir='ltr'><strong>sollicitudine</strong></span> <span class='ocrx_word' id='word_1_206' title='bbox 1674 1519 1801 1580; x_wconf 69' lang='lat'><strong>35</strong></span> <span class='ocrx_word' id='word_1_207' title='bbox 1840 1530 1953 1567; x_wconf 92' lang='lat' dir='ltr'><strong>non</strong></span> <span class='ocrx_word' id='word_1_208' title='bbox 1995 1514 2160 1585; x_wconf 86' lang='lat' dir='ltr'><strong>pigri,</strong></span> <span class='ocrx_word' id='word_1_209' title='bbox 2214 1513 2303 1569; x_wconf 76' lang='grc'>14.</span> <span class='ocrx_word' id='word_1_210' title='bbox 2354 1514 2557 1585; x_wconf 80' lang='lat' dir='ltr'><strong>spiritu</strong></span> <span class='ocrx_word' id='word_1_211' title='bbox 2594 1514 2891 1572; x_wconf 84' lang='lat' dir='ltr'><strong>ferventes.</strong></span> <span class='ocrx_word' id='word_1_212' title='bbox 2939 1512 3176 1567; x_wconf 90' lang='lat' dir='ltr'><strong>Domino</strong></span> <span class='ocrx_word' id='word_1_213' title='bbox 3223 1526 3345 1566; x_wconf 86' lang='lat' dir='ltr'><strong>ser-</strong></span> 
     </span>
    </p>
   </div>
   <div class='ocr_carea' id='block_1_15' title="bbox 57 1600 3349 1676">
    <p class='ocr_par' dir='ltr' id='par_1_15' title="bbox 57 1600 3349 1676">
     <span class='ocr_line' id='line_1_15' title="bbox 57 1600 3349 1676; baseline -0 -21"><span class='ocrx_word' id='word_1_214' title='bbox 57 1602 309 1666; x_wconf 76' lang='lat' dir='ltr'><strong>vientes,</strong></span> <span class='ocrx_word' id='word_1_215' title='bbox 362 1617 467 1671; x_wconf 89' lang='lat' dir='ltr'><strong>spe</strong></span> <span class='ocrx_word' id='word_1_216' title='bbox 514 1602 846 1670; x_wconf 83' lang='lat' dir='ltr'><strong>gaudentes,</strong></span> <span class='ocrx_word' id='word_1_217' title='bbox 896 1603 955 1656; x_wconf 93' lang='lat' dir='ltr'><strong>in</strong></span> <span class='ocrx_word' id='word_1_218' title='bbox 1005 1602 1367 1658; x_wconf 88' lang='lat' dir='ltr'><strong>tribulatione</strong></span> <span class='ocrx_word' id='word_1_219' title='bbox 1404 1605 1702 1676; x_wconf 85' lang='lat' dir='ltr'><strong>patientes,</strong></span> <span class='ocrx_word' id='word_1_220' title='bbox 1749 1601 1989 1655; x_wconf 90' lang='lat' dir='ltr'><strong>orationi</strong></span> <span class='ocrx_word' id='word_1_221' title='bbox 2026 1602 2325 1667; x_wconf 88' lang='lat' dir='ltr'><strong>instantes,</strong></span> <span class='ocrx_word' id='word_1_222' title='bbox 2367 1600 2793 1656; x_wconf 88' lang='lat' dir='ltr'><strong>necessitatibus</strong></span> <span class='ocrx_word' id='word_1_223' title='bbox 2844 1606 3167 1655; x_wconf 89' lang='lat' dir='ltr'><strong>sanctorum</strong></span> <span class='ocrx_word' id='word_1_224' title='bbox 3196 1616 3349 1655; x_wconf 87' lang='lat' dir='ltr'><strong>com-</strong></span> 
     </span>
    </p>
   </div>
   <div class='ocr_carea' id='block_1_16' title="bbox 61 1688 3347 1765">
    <p class='ocr_par' dir='ltr' id='par_1_16' title="bbox 61 1688 3347 1765">
     <span class='ocr_line' id='line_1_16' title="bbox 61 1688 3347 1765; baseline 0 -21"><span class='ocrx_word' id='word_1_225' title='bbox 61 1689 466 1755; x_wconf 87' lang='lat' dir='ltr'><strong>municantes,</strong></span> <span class='ocrx_word' id='word_1_226' title='bbox 486 1692 547 1744; x_wconf 85' lang='lat' dir='ltr'><strong>id</strong></span> <span class='ocrx_word' id='word_1_227' title='bbox 559 1694 633 1743; x_wconf 89' lang='lat' dir='ltr'><strong>est</strong></span> <span class='ocrx_word' id='word_1_228' title='bbox 663 1692 884 1758; x_wconf 84' lang='lat' dir='ltr'><strong>aliquid</strong></span> <span class='ocrx_word' id='word_1_229' title='bbox 907 1694 1221 1760; x_wconf 75' lang='lat' dir='ltr'><strong>largientes,</strong></span> <span class='ocrx_word' id='word_1_230' title='bbox 1249 1692 1689 1765; x_wconf 80' lang='lat' dir='ltr'><strong>hospitalitatem</strong></span> <span class='ocrx_word' id='word_1_231' title='bbox 1716 1695 2013 1746; x_wconf 89' lang='lat' dir='ltr'><strong>sectantes.</strong></span> <span class='ocrx_word' id='word_1_232' title='bbox 2036 1690 2355 1745; x_wconf 90' lang='lat' dir='ltr'><strong>Benedicite</strong></span> <span class='ocrx_word' id='word_1_233' title='bbox 2369 1689 2835 1763; x_wconf 89' lang='lat' dir='ltr'><strong>persequentibus</strong></span> <span class='ocrx_word' id='word_1_234' title='bbox 2860 1707 2985 1758; x_wconf 90' lang='lat' dir='ltr'><strong>vos;</strong></span> <span class='ocrx_word' id='word_1_235' title='bbox 3014 1688 3347 1755; x_wconf 88' lang='lat' dir='ltr'><strong>benedicite,</strong></span> 
     </span>
    </p>
   </div>
   <div class='ocr_carea' id='block_1_17' title="bbox 52 1776 3348 1847">
    <p class='ocr_par' dir='ltr' id='par_1_17' title="bbox 52 1776 3348 1847">
     <span class='ocr_line' id='line_1_17' title="bbox 52 1776 3348 1847; baseline 0.001 -17"><span class='ocrx_word' id='word_1_236' title='bbox 52 1786 107 1830; x_wconf 83' lang='lat' dir='ltr'><strong>et</strong></span> <span class='ocrx_word' id='word_1_237' title='bbox 136 1778 335 1832; x_wconf 86' lang='lat' dir='ltr'><strong>nolite</strong></span> <span class='ocrx_word' id='word_1_238' title='bbox 367 1776 728 1831; x_wconf 90' lang='lat' dir='ltr'><strong>maledicere.</strong></span> <span class='ocrx_word' id='word_1_239' title='bbox 758 1778 1034 1845; x_wconf 85' lang='lat' dir='ltr'><strong>Gaudere,</strong></span> <span class='ocrx_word' id='word_1_240' title='bbox 1063 1780 1268 1831; x_wconf 81' lang='lat' dir='ltr'><strong>scilicet</strong></span> <span class='ocrx_word' id='word_1_241' title='bbox 1312 1780 1577 1847; x_wconf 83' lang='lat' dir='ltr'><strong>idipsum,</strong></span> <span class='ocrx_word' id='word_1_242' title='bbox 1611 1780 1670 1833; x_wconf 86' lang='lat' dir='ltr'><strong>id</strong></span> <span class='ocrx_word' id='word_1_243' title='bbox 1712 1783 1788 1831; x_wconf 83' lang='lat' dir='ltr'><strong>est</strong></span> <span class='ocrx_word' id='word_1_244' title='bbox 1832 1779 2076 1831; x_wconf 85' lang='lat' dir='ltr'><strong>eamdem</strong></span> <span class='ocrx_word' id='word_1_245' title='bbox 2106 1794 2247 1847; x_wconf 88' lang='lat' dir='ltr'><strong>rem,</strong></span> <span class='ocrx_word' id='word_1_246' title='bbox 2278 1794 2405 1832; x_wconf 90' lang='lat' dir='ltr'><strong>cum</strong></span> <span class='ocrx_word' id='word_1_247' title='bbox 2440 1777 2837 1847; x_wconf 88' lang='lat' dir='ltr'><strong>gaudentibus,</strong></span> <span class='ocrx_word' id='word_1_248' title='bbox 2870 1779 3008 1832; x_wconf 85' lang='lat' dir='ltr'><strong>ﬂere</strong></span> <span class='ocrx_word' id='word_1_249' title='bbox 3048 1794 3175 1832; x_wconf 89' lang='lat' dir='ltr'><strong>cum</strong></span> <span class='ocrx_word' id='word_1_250' title='bbox 3205 1778 3348 1832; x_wconf 83' lang='lat' dir='ltr'><strong>ﬂen-</strong></span> 
     </span>
    </p>
   </div>
   <div class='ocr_carea' id='block_1_18' title="bbox 56 1864 3349 1937">
    <p class='ocr_par' dir='ltr' id='par_1_18' title="bbox 56 1864 3349 1937">
     <span class='ocr_line' id='line_1_18' title="bbox 56 1864 3349 1937; baseline 0.001 -19"><span class='ocrx_word' id='word_1_251' title='bbox 56 1865 239 1932; x_wconf 80' lang='lat' dir='ltr'><strong>tibus,</strong></span> <span class='ocrx_word' id='word_1_252' title='bbox 271 1866 533 1937; x_wconf 90' lang='lat' dir='ltr'><strong>idipsum</strong></span> <span class='ocrx_word' id='word_1_253' title='bbox 561 1865 802 1919; x_wconf 90' lang='lat' dir='ltr'><strong>invicem</strong></span> <span class='ocrx_word' id='word_1_254' title='bbox 848 1866 1178 1932; x_wconf 85' lang='lat' dir='ltr'><strong>sentientes,</strong></span> <span class='ocrx_word' id='word_1_255' title='bbox 1209 1868 1271 1920; x_wconf 87' lang='lat' dir='ltr'><strong>id</strong></span> <span class='ocrx_word' id='word_1_256' title='bbox 1313 1872 1389 1920; x_wconf 87' lang='lat' dir='ltr'><strong>est</strong></span> <span class='ocrx_word' id='word_1_257' title='bbox 1422 1868 1678 1931; x_wconf 74' lang='lat' dir='ltr'><strong>colentes,</strong></span> <span class='ocrx_word' id='word_1_258' title='bbox 1719 1883 1834 1921; x_wconf 90' lang='lat' dir='ltr'><strong>non</strong></span> <span class='ocrx_word' id='word_1_259' title='bbox 1876 1867 1991 1920; x_wconf 87' lang='lat' dir='ltr'><strong>alta</strong></span> <span class='ocrx_word' id='word_1_260' title='bbox 2018 1866 2300 1937; x_wconf 88' lang='lat' dir='ltr'><strong>sapientes</strong></span> <span class='ocrx_word' id='word_1_261' title='bbox 2334 1868 2721 1936; x_wconf 81' lang='lat' dir='ltr'><strong>superbientes,</strong></span> <span class='ocrx_word' id='word_1_262' title='bbox 2755 1866 2853 1920; x_wconf 92' lang='lat' dir='ltr'><strong>sed</strong></span> <span class='ocrx_word' id='word_1_263' title='bbox 2880 1864 3187 1921; x_wconf 89' lang='lat' dir='ltr'><strong>humilibus</strong></span> <span class='ocrx_word' id='word_1_264' title='bbox 3214 1882 3349 1921; x_wconf 83' lang='lat' dir='ltr'><strong>con-</strong></span> 
     </span>
    </p>
   </div>
   <div class='ocr_carea' id='block_1_19' title="bbox 55 1952 3351 2026">
    <p class='ocr_par' dir='ltr' id='par_1_19' title="bbox 55 1952 3351 2026">
     <span class='ocr_line' id='line_1_19' title="bbox 55 1952 3351 2026; baseline -0.001 -17"><span class='ocrx_word' id='word_1_265' title='bbox 55 1956 404 2009; x_wconf 84' lang='lat' dir='ltr'><strong>sentientes.</strong></span> <span class='ocrx_word' id='word_1_266' title='bbox 453 1952 538 2009; x_wconf 81' lang='lat'><strong>15.</strong></span> <span class='ocrx_word' id='word_1_267' title='bbox 574 1954 760 2008; x_wconf 89' lang='lat' dir='ltr'><strong>Nolite</strong></span> <span class='ocrx_word' id='word_1_268' title='bbox 789 1971 909 2009; x_wconf 85' lang='lat' dir='ltr'><strong>esse</strong></span> <span class='ocrx_word' id='word_1_269' title='bbox 935 1955 1240 2025; x_wconf 82' lang='lat' dir='ltr'><strong>prudentes</strong></span> <span class='ocrx_word' id='word_1_270' title='bbox 1270 1955 1419 2026; x_wconf 91' lang='lat' dir='ltr'><strong>apud</strong></span> <span class='ocrx_word' id='word_1_271' title='bbox 1448 1954 1837 2025; x_wconf 86' lang='lat' dir='ltr'><strong>vosmetipsos,</strong></span> <span class='ocrx_word' id='word_1_272' title='bbox 1875 1952 1957 2009; x_wconf 87' lang='lat'><strong>16.</strong></span> <span class='ocrx_word' id='word_1_273' title='bbox 1992 1954 2131 2008; x_wconf 89' lang='lat' dir='ltr'><strong>nulli</strong></span> <span class='ocrx_word' id='word_1_274' title='bbox 2177 1954 2389 2008; x_wconf 89' lang='lat' dir='ltr'><strong>malum</strong></span> <span class='ocrx_word' id='word_1_275' title='bbox 2419 1971 2520 2026; x_wconf 92' lang='lat' dir='ltr'><strong>pro</strong></span> <span class='ocrx_word' id='word_1_276' title='bbox 2561 1954 2711 2008; x_wconf 89' lang='lat' dir='ltr'><strong>malo</strong></span> <span class='ocrx_word' id='word_1_277' title='bbox 2747 1954 3066 2021; x_wconf 90' lang='lat' dir='ltr'><strong>reddentes,</strong></span> <span class='ocrx_word' id='word_1_278' title='bbox 3099 1952 3183 2011; x_wconf 86' lang='lat'><strong>17.</strong></span> <span class='ocrx_word' id='word_1_279' title='bbox 3216 1970 3351 2026; x_wconf 86' lang='lat' dir='ltr'><strong>pro-</strong></span> 
     </span>
    </p>
   </div>
   <div class='ocr_carea' id='block_1_20' title="bbox 56 2040 3350 2112">
    <p class='ocr_par' dir='ltr' id='par_1_20' title="bbox 56 2040 3350 2112">
     <span class='ocr_line' id='line_1_20' title="bbox 56 2040 3350 2112; baseline 0 -19"><span class='ocrx_word' id='word_1_280' title='bbox 56 2044 325 2097; x_wconf 75' lang='lat' dir='ltr'><strong>videntes</strong></span> <span class='ocrx_word' id='word_1_281' title='bbox 357 2040 512 2096; x_wconf 87' lang='lat' dir='ltr'><strong>bona</strong></span> <span class='ocrx_word' id='word_1_282' title='bbox 542 2058 656 2096; x_wconf 92' lang='lat' dir='ltr'><strong>non</strong></span> <span class='ocrx_word' id='word_1_283' title='bbox 692 2047 916 2096; x_wconf 89' lang='lat' dir='ltr'><strong>tantum</strong></span> <span class='ocrx_word' id='word_1_284' title='bbox 937 2059 1127 2097; x_wconf 89' lang='lat' dir='ltr'><strong>coram</strong></span> <span class='ocrx_word' id='word_1_285' title='bbox 1149 2044 1287 2108; x_wconf 91' lang='lat' dir='ltr'><strong>Deo,</strong></span> <span class='ocrx_word' id='word_1_286' title='bbox 1316 2044 1413 2097; x_wconf 88' lang='lat' dir='ltr'><strong>sed</strong></span> <span class='ocrx_word' id='word_1_287' title='bbox 1453 2044 1621 2098; x_wconf 89' lang='lat' dir='ltr'><strong>etiam</strong></span> <span class='ocrx_word' id='word_1_288' title='bbox 1652 2059 1840 2097; x_wconf 90' lang='lat' dir='ltr'><strong>coram</strong></span> <span class='ocrx_word' id='word_1_289' title='bbox 1870 2042 2132 2097; x_wconf 90' lang='lat' dir='ltr'><strong>omnibus</strong></span> <span class='ocrx_word' id='word_1_290' title='bbox 2155 2042 2497 2108; x_wconf 87' lang='lat' dir='ltr'><strong>hominibus,</strong></span> <span class='ocrx_word' id='word_1_291' title='bbox 2539 2041 2620 2099; x_wconf 90' lang='lat' dir='ltr'><strong>l8.</strong></span> <span class='ocrx_word' id='word_1_292' title='bbox 2655 2042 2703 2096; x_wconf 90' lang='lat' dir='ltr'><strong>si</strong></span> <span class='ocrx_word' id='word_1_293' title='bbox 2731 2042 2853 2096; x_wconf 88' lang='lat' dir='ltr'><strong>ﬁeri</strong></span> <span class='ocrx_word' id='word_1_294' title='bbox 2877 2046 3081 2112; x_wconf 89' lang='lat' dir='ltr'><strong>potest,</strong></span> <span class='ocrx_word' id='word_1_295' title='bbox 3110 2040 3259 2111; x_wconf 90' lang='lat' dir='ltr'><strong>quod</strong></span> <span class='ocrx_word' id='word_1_296' title='bbox 3282 2057 3350 2094; x_wconf 85' lang='lat' dir='ltr'><strong>ex</strong></span> 
     </span>
    </p>
   </div>
   <div class='ocr_carea' id='block_1_21' title="bbox 52 2129 3350 2204">
    <p class='ocr_par' dir='ltr' id='par_1_21' title="bbox 52 2129 3350 2204">
     <span class='ocr_line' id='line_1_21' title="bbox 52 2129 3350 2204; baseline 0 -22"><span class='ocrx_word' id='word_1_297' title='bbox 52 2131 214 2185; x_wconf 70' lang='lat' dir='ltr'><strong>vobis</strong></span> <span class='ocrx_word' id='word_1_298' title='bbox 242 2137 361 2197; x_wconf 88' lang='lat' dir='ltr'><strong>est,</strong></span> <span class='ocrx_word' id='word_1_299' title='bbox 393 2147 527 2185; x_wconf 89' lang='lat' dir='ltr'><strong>cum</strong></span> <span class='ocrx_word' id='word_1_300' title='bbox 572 2131 831 2185; x_wconf 90' lang='lat' dir='ltr'><strong>omnibus</strong></span> <span class='ocrx_word' id='word_1_301' title='bbox 867 2131 1187 2187; x_wconf 88' lang='lat' dir='ltr'><strong>hominibus</strong></span> <span class='ocrx_word' id='word_1_302' title='bbox 1214 2149 1408 2204; x_wconf 90' lang='lat' dir='ltr'><strong>pacem</strong></span> <span class='ocrx_word' id='word_1_303' title='bbox 1449 2132 1738 2197; x_wconf 86' lang='lat' dir='ltr'><strong>habentes,</strong></span> <span class='ocrx_word' id='word_1_304' title='bbox 1773 2148 1885 2185; x_wconf 89' lang='lat' dir='ltr'><strong>non</strong></span> <span class='ocrx_word' id='word_1_305' title='bbox 1926 2134 2192 2187; x_wconf 79' lang='lat' dir='ltr'><strong>subaudis</strong></span> <span class='ocrx_word' id='word_1_306' title='bbox 2220 2132 2361 2199; x_wconf 84' lang='lat' dir='ltr'><strong>sitis,</strong></span> <span class='ocrx_word' id='word_1_307' title='bbox 2402 2131 2772 2203; x_wconf 85' lang='lat' dir='ltr'><strong>vosmetipsos</strong></span> <span class='ocrx_word' id='word_1_308' title='bbox 2798 2130 3181 2194; x_wconf 86' lang='lat' dir='ltr'><strong>defendentes,</strong></span> <span class='ocrx_word' id='word_1_309' title='bbox 3212 2129 3350 2183; x_wconf 87' lang='lat' dir='ltr'><strong>cha-</strong></span> 
     </span>
    </p>
   </div>
   <div class='ocr_carea' id='block_1_22' title="bbox 54 2219 3348 2294">
    <p class='ocr_par' dir='ltr' id='par_1_22' title="bbox 54 2219 3348 2294">
     <span class='ocr_line' id='line_1_22' title="bbox 54 2219 3348 2294; baseline -0.002 -19"><span class='ocrx_word' id='word_1_310' title='bbox 54 2222 293 2287; x_wconf 88' lang='lat' dir='ltr'><strong>rissimi,</strong></span> <span class='ocrx_word' id='word_1_311' title='bbox 331 2221 434 2290; x_wconf 78' lang='lat' dir='ltr'><strong>sed</strong></span> <span class='ocrx_word' id='word_1_312' title='bbox 484 2221 575 2277; x_wconf 86' lang='grc'><strong>19.</strong></span> <span class='ocrx_word' id='word_1_313' title='bbox 622 2221 753 2275; x_wconf 89' lang='lat' dir='ltr'><strong>date</strong></span> <span class='ocrx_word' id='word_1_314' title='bbox 797 2222 980 2276; x_wconf 90' lang='lat' dir='ltr'><strong>locum</strong></span> <span class='ocrx_word' id='word_1_315' title='bbox 1018 2223 1148 2289; x_wconf 85' lang='lat' dir='ltr'><strong>irae;</strong></span> <span class='ocrx_word' id='word_1_316' title='bbox 1193 2222 1465 2294; x_wconf 86' lang='lat' dir='ltr'><strong>scriptum</strong></span> <span class='ocrx_word' id='word_1_317' title='bbox 1508 2228 1594 2277; x_wconf 91' lang='lat' dir='ltr'><strong>est</strong></span> <span class='ocrx_word' id='word_1_318' title='bbox 1639 2222 1791 2276; x_wconf 90' lang='lat' dir='ltr'><strong>enim</strong></span> <span class='ocrx_word' id='word_1_319' title='bbox 1817 2239 1832 2276; x_wconf 88' lang='lat'><strong>:</strong></span> <span class='ocrx_word' id='word_1_320' title='bbox 1863 2221 2002 2276; x_wconf 84' lang='lat' dir='ltr'><strong>Mihi</strong></span> <span class='ocrx_word' id='word_1_321' title='bbox 2030 2220 2294 2288; x_wconf 88' lang='lat' dir='ltr'><strong>vindicta,</strong></span> <span class='ocrx_word' id='word_1_322' title='bbox 2341 2221 2603 2275; x_wconf 83' lang='lat' dir='ltr'><strong>subaudis</strong></span> <span class='ocrx_word' id='word_1_323' title='bbox 2653 2224 2860 2273; x_wconf 79' lang='lat' dir='ltr'><strong>servate</strong></span> <span class='ocrx_word' id='word_1_324' title='bbox 2886 2219 3213 2283; x_wconf 80' lang='lat' dir='ltr'><strong>vindictam,</strong></span> <span class='ocrx_word' id='word_1_325' title='bbox 3244 2232 3348 2287; x_wconf 86' lang='lat' dir='ltr'><strong>ego</strong></span> 
     </span>
    </p>
   </div>
   <div class='ocr_carea' id='block_1_23' title="bbox 58 2306 3350 2382">
    <p class='ocr_par' dir='ltr' id='par_1_23' title="bbox 58 2306 3350 2382">
     <span class='ocr_line' id='line_1_23' title="bbox 58 2306 3350 2382; baseline -0.001 -19"><span class='ocrx_word' id='word_1_326' title='bbox 58 2309 407 2369; x_wconf 83' lang='lat' dir='ltr'><strong>retribuam,</strong></span> <span class='ocrx_word' id='word_1_327' title='bbox 441 2308 580 2362; x_wconf 90' lang='lat' dir='ltr'><strong>dicit</strong></span> <span class='ocrx_word' id='word_1_328' title='bbox 605 2309 896 2364; x_wconf 89' lang='lat' dir='ltr'><strong>Dominus.</strong></span> <span class='ocrx_word' id='word_1_329' title='bbox 932 2310 1041 2364; x_wconf 88' lang='lat' dir='ltr'><strong>Sed</strong></span> <span class='ocrx_word' id='word_1_330' title='bbox 1070 2310 1119 2363; x_wconf 94' lang='lat' dir='ltr'><strong>si</strong></span> <span class='ocrx_word' id='word_1_331' title='bbox 1148 2310 1414 2365; x_wconf 89' lang='lat' dir='ltr'><strong>esurierit</strong></span> <span class='ocrx_word' id='word_1_332' title='bbox 1439 2310 1701 2365; x_wconf 91' lang='lat' dir='ltr'><strong>inimicus</strong></span> <span class='ocrx_word' id='word_1_333' title='bbox 1731 2315 1881 2377; x_wconf 84' lang='lat' dir='ltr'><strong>tuus,</strong></span> <span class='ocrx_word' id='word_1_334' title='bbox 1915 2310 2038 2364; x_wconf 89' lang='lat' dir='ltr'><strong>ciba</strong></span> <span class='ocrx_word' id='word_1_335' title='bbox 2065 2311 2223 2365; x_wconf 90' lang='lat' dir='ltr'><strong>illum</strong></span> <span class='ocrx_word' id='word_1_336' title='bbox 2251 2330 2263 2379; x_wconf 94' lang='lat'><strong>;</strong></span> <span class='ocrx_word' id='word_1_337' title='bbox 2312 2311 2361 2365; x_wconf 89' lang='lat' dir='ltr'><strong>si</strong></span> <span class='ocrx_word' id='word_1_338' title='bbox 2389 2310 2529 2377; x_wconf 89' lang='lat' dir='ltr'><strong>sitit,</strong></span> <span class='ocrx_word' id='word_1_339' title='bbox 2559 2315 2757 2382; x_wconf 90' lang='lat' dir='ltr'><strong>potum</strong></span> <span class='ocrx_word' id='word_1_340' title='bbox 2785 2308 2859 2362; x_wconf 92' lang='lat' dir='ltr'><strong>da</strong></span> <span class='ocrx_word' id='word_1_341' title='bbox 2898 2307 3003 2364; x_wconf 91' lang='lat' dir='ltr'><strong>illi.</strong></span> <span class='ocrx_word' id='word_1_342' title='bbox 3048 2307 3167 2361; x_wconf 88' lang='lat' dir='ltr'><strong>Hoc</strong></span> <span class='ocrx_word' id='word_1_343' title='bbox 3195 2306 3350 2360; x_wconf 89' lang='lat' dir='ltr'><strong>enim</strong></span> 
     </span>
    </p>
   </div>
   <div class='ocr_carea' id='block_1_24' title="bbox 59 2392 3349 2472">
    <p class='ocr_par' dir='ltr' id='par_1_24' title="bbox 59 2392 3349 2472">
     <span class='ocr_line' id='line_1_24' title="bbox 59 2392 3349 2472; baseline -0.001 -21"><span class='ocrx_word' id='word_1_344' title='bbox 59 2399 280 2452; x_wconf 78' lang='lat' dir='ltr'><strong>faciens</strong></span> <span class='ocrx_word' id='word_1_345' title='bbox 314 2395 410 2454; x_wconf 75' lang='grc'>20.</span> <span class='ocrx_word' id='word_1_346' title='bbox 451 2396 725 2451; x_wconf 91' lang='lat' dir='ltr'><strong>carbones</strong></span> <span class='ocrx_word' id='word_1_347' title='bbox 764 2397 912 2467; x_wconf 89' lang='lat' dir='ltr'><strong>ignis</strong></span> <span class='ocrx_word' id='word_1_348' title='bbox 939 2414 1205 2468; x_wconf 85' lang='lat' dir='ltr'><strong>congeres</strong></span> <span class='ocrx_word' id='word_1_349' title='bbox 1229 2415 1399 2470; x_wconf 91' lang='lat' dir='ltr'><strong>super</strong></span> <span class='ocrx_word' id='word_1_350' title='bbox 1426 2405 1613 2472; x_wconf 87' lang='lat' dir='ltr'><strong>caput,</strong></span> <span class='ocrx_word' id='word_1_351' title='bbox 1642 2401 1704 2454; x_wconf 88' lang='lat' dir='ltr'><strong>id</strong></span> <span class='ocrx_word' id='word_1_352' title='bbox 1730 2404 1808 2454; x_wconf 87' lang='lat' dir='ltr'><strong>est</strong></span> <span class='ocrx_word' id='word_1_353' title='bbox 1839 2404 2079 2453; x_wconf 84' lang='lat' dir='ltr'><strong>mentem</strong></span> <span class='ocrx_word' id='word_1_354' title='bbox 2109 2400 2248 2467; x_wconf 89' lang='lat' dir='ltr'><strong>ejus.</strong></span> <span class='ocrx_word' id='word_1_355' title='bbox 2281 2398 2408 2453; x_wconf 91' lang='lat' dir='ltr'><strong>Noli</strong></span> <span class='ocrx_word' id='word_1_356' title='bbox 2442 2397 2587 2453; x_wconf 91' lang='lat' dir='ltr'><strong>vinci</strong></span> <span class='ocrx_word' id='word_1_357' title='bbox 2615 2414 2650 2453; x_wconf 91' lang='lat' dir='ltr'><strong>a</strong></span> <span class='ocrx_word' id='word_1_358' title='bbox 2675 2397 2847 2464; x_wconf 90' lang='lat' dir='ltr'><strong>malo,</strong></span> <span class='ocrx_word' id='word_1_359' title='bbox 2876 2398 2937 2451; x_wconf 86' lang='lat' dir='ltr'><strong>id</strong></span> <span class='ocrx_word' id='word_1_360' title='bbox 2961 2401 3037 2450; x_wconf 87' lang='lat' dir='ltr'><strong>est</strong></span> <span class='ocrx_word' id='word_1_361' title='bbox 3064 2396 3219 2461; x_wconf 72' lang='lat' dir='ltr'><strong>vitio,</strong></span> <span class='ocrx_word' id='word_1_362' title='bbox 3250 2392 3349 2448; x_wconf 88' lang='lat' dir='ltr'><strong>sed</strong></span> 
     </span>
    </p>
   </div>
   <div class='ocr_carea' id='block_1_25' title="bbox 68 2484 1240 2554">
    <p class='ocr_par' dir='ltr' id='par_1_25' title="bbox 68 2484 1240 2554">
     <span class='ocr_line' id='line_1_25' title="bbox 68 2484 1240 2554; baseline 0.004 -18"><span class='ocrx_word' id='word_1_363' title='bbox 68 2488 225 2540; x_wconf 79' lang='lat' dir='ltr'><strong>vince</strong></span> <span class='ocrx_word' id='word_1_364' title='bbox 255 2487 321 2540; x_wconf 92' lang='lat' dir='ltr'><strong>in</strong></span> <span class='ocrx_word' id='word_1_365' title='bbox 351 2484 527 2554; x_wconf 90' lang='lat' dir='ltr'><strong>bono,</strong></span> <span class='ocrx_word' id='word_1_366' title='bbox 558 2486 622 2539; x_wconf 88' lang='lat' dir='ltr'><strong>id</strong></span> <span class='ocrx_word' id='word_1_367' title='bbox 648 2492 723 2539; x_wconf 84' lang='lat' dir='ltr'><strong>est</strong></span> <span class='ocrx_word' id='word_1_368' title='bbox 748 2488 972 2553; x_wconf 73' lang='lat' dir='ltr'><strong>virtute,</strong></span> <span class='ocrx_word' id='word_1_369' title='bbox 1005 2486 1240 2542; x_wconf 89' lang='lat' dir='ltr'><strong>malum.</strong></span> 
     </span>
    </p>
   </div>
   <div class='ocr_carea' id='block_1_26' title="bbox 1418 2659 2007 2715">
    <p class='ocr_par' dir='ltr' id='par_1_26' title="bbox 1418 2659 2007 2715">
     <span class='ocr_line' id='line_1_26' title="bbox 1418 2659 2007 2715; baseline -0.002 -2"><span class='ocrx_word' id='word_1_370' title='bbox 1418 2659 2007 2715; x_wconf 85' lang='lat' dir='ltr'><strong>COMMENTARIUS.</strong></span> 
     </span>
    </p>
   </div>
   <div class='ocr_carea' id='block_1_27' title="bbox 135 2826 2671 2900">
    <p class='ocr_par' dir='ltr' id='par_1_27' title="bbox 135 2826 2671 2900">
     <span class='ocr_line' id='line_1_27' title="bbox 135 2826 2671 2900; baseline -0 -18"><span class='ocrx_word' id='word_1_371' title='bbox 135 2826 185 2882; x_wconf 88' lang='lat'><strong>3.</strong></span> <span class='ocrx_word' id='word_1_372' title='bbox 222 2828 440 2884; x_wconf 73' lang='lat' dir='ltr'><strong>LANI-‘R.</strong></span> <span class='ocrx_word' id='word_1_373' title='bbox 489 2829 617 2896; x_wconf 58' lang='lat' dir='ltr'><strong>Quae</strong></span> <span class='ocrx_word' id='word_1_374' title='bbox 649 2831 723 2882; x_wconf 88' lang='lat' dir='ltr'><strong>sit</strong></span> <span class='ocrx_word' id='word_1_375' title='bbox 766 2831 1020 2883; x_wconf 77' lang='lat' dir='ltr'><strong>voluntas</strong></span> <span class='ocrx_word' id='word_1_376' title='bbox 1048 2830 1146 2883; x_wconf 87' lang='lat' dir='ltr'><strong>Dei</strong></span> <span class='ocrx_word' id='word_1_377' title='bbox 1182 2830 1341 2895; x_wconf 90' lang='lat' dir='ltr'><strong>bona,</strong></span> <span class='ocrx_word' id='word_1_378' title='bbox 1374 2829 1433 2883; x_wconf 94' lang='lat' dir='ltr'><strong>id</strong></span> <span class='ocrx_word' id='word_1_379' title='bbox 1461 2835 1562 2897; x_wconf 90' lang='lat' dir='ltr'><strong>est,</strong></span> <span class='ocrx_word' id='word_1_380' title='bbox 1597 2830 1675 2884; x_wconf 88' lang='lat' dir='ltr'><strong>fa—</strong></span> <span class='ocrx_word' id='word_1_381' title='bbox 1690 2830 2087 2896; x_wconf 74' lang='lat' dir='ltr'><strong>Atradendam</strong></span> <span class='ocrx_word' id='word_1_382' title='bbox 2117 2846 2184 2884; x_wconf 82' lang='lat' dir='ltr'><strong>ex</strong></span> <span class='ocrx_word' id='word_1_383' title='bbox 2212 2829 2322 2883; x_wconf 87' lang='lat' dir='ltr'><strong>ﬁde</strong></span> <span class='ocrx_word' id='word_1_384' title='bbox 2352 2829 2671 2900; x_wconf 86' lang='lat' dir='ltr'><strong>adjuvatur.</strong></span> 
     </span>
    </p>
   </div>
   <div class='ocr_carea' id='block_1_28' title="bbox 68 2910 3353 2990">
    <p class='ocr_par' dir='ltr' id='par_1_28' title="bbox 68 2910 3353 2990">
     <span class='ocr_line' id='line_1_28' title="bbox 68 2910 3353 2990; baseline -0.001 -23"><span class='ocrx_word' id='word_1_385' title='bbox 68 2916 214 2970; x_wconf 83' lang='lat' dir='ltr'><strong>ciens</strong></span> <span class='ocrx_word' id='word_1_386' title='bbox 237 2916 442 2983; x_wconf 81' lang='lat' dir='ltr'><strong>bonos,</strong></span> <span class='ocrx_word' id='word_1_387' title='bbox 476 2922 536 2971; x_wconf 91' lang='lat' dir='ltr'><strong>et</strong></span> <span class='ocrx_word' id='word_1_388' title='bbox 562 2915 972 2972; x_wconf 86' lang='lat' dir='ltr'><strong>benefacientes</strong></span> <span class='ocrx_word' id='word_1_389' title='bbox 997 2922 1054 2972; x_wconf 92' lang='lat' dir='ltr'><strong>et</strong></span> <span class='ocrx_word' id='word_1_390' title='bbox 1079 2918 1370 2990; x_wconf 84' lang='lat' dir='ltr'><strong>perfectos.</strong></span> <span class='ocrx_word' id='word_1_391' title='bbox 1830 2916 1914 2974; x_wconf 81' lang='lat'><strong>1‘2.</strong></span> <span class='ocrx_word' id='word_1_392' title='bbox 1946 2918 2053 2984; x_wconf 80' lang='lat' dir='ltr'><strong>Qui</strong></span> <span class='ocrx_word' id='word_1_393' title='bbox 2079 2919 2424 2972; x_wconf 70' lang='lat' dir='ltr'><strong>exhortatur.</strong></span> <span class='ocrx_word' id='word_1_394' title='bbox 2471 2917 2745 2973; x_wconf 89' lang='lat' dir='ltr'><strong>Similiter</strong></span> <span class='ocrx_word' id='word_1_395' title='bbox 2785 2914 2881 2985; x_wconf 89' lang='lat' dir='ltr'><strong>qui</strong></span> <span class='ocrx_word' id='word_1_396' title='bbox 2919 2912 3248 2968; x_wconf 84' lang='lat' dir='ltr'><strong>exhortatur</strong></span> <span class='ocrx_word' id='word_1_397' title='bbox 3278 2910 3353 2964; x_wconf 87' lang='lat' dir='ltr'><strong>ad</strong></span> 
     </span>
    </p>
   </div>
   <div class='ocr_carea' id='block_1_29' title="bbox 134 2998 3349 3078">
    <p class='ocr_par' dir='ltr' id='par_1_29' title="bbox 134 2998 3349 3078">
     <span class='ocr_line' id='line_1_29' title="bbox 134 2998 3349 3078; baseline -0.002 -21"><span class='ocrx_word' id='word_1_398' title='bbox 134 3005 188 3057; x_wconf 77' lang='grc'>4.</span> <span class='ocrx_word' id='word_1_399' title='bbox 220 3008 356 3060; x_wconf 88' lang='lat' dir='ltr'><strong>Dico</strong></span> <span class='ocrx_word' id='word_1_400' title='bbox 380 3009 557 3062; x_wconf 85' lang='lat' dir='ltr'><strong>enim.</strong></span> <span class='ocrx_word' id='word_1_401' title='bbox 598 3006 708 3060; x_wconf 89' lang='lat' dir='ltr'><strong>Per</strong></span> <span class='ocrx_word' id='word_1_402' title='bbox 732 3007 993 3075; x_wconf 81' lang='lat' dir='ltr'><strong>gratiam,</strong></span> <span class='ocrx_word' id='word_1_403' title='bbox 1024 3007 1229 3078; x_wconf 90' lang='lat' dir='ltr'><strong>inquit,</strong></span> <span class='ocrx_word' id='word_1_404' title='bbox 1262 3024 1374 3078; x_wconf 89' lang='lat' dir='ltr'><strong>qua</strong></span> <span class='ocrx_word' id='word_1_405' title='bbox 1402 3024 1492 3062; x_wconf 89' lang='lat' dir='ltr'><strong>me</strong></span> <span class='ocrx_word' id='word_1_406' title='bbox 1522 3010 1669 3064; x_wconf 90' lang='lat' dir='ltr'><strong>Deus</strong></span> <span class='ocrx_word' id='word_1_407' title='bbox 1752 3004 1983 3061; x_wconf 91' lang='lat' dir='ltr'><strong>bonum.</strong></span> <span class='ocrx_word' id='word_1_408' title='bbox 2028 3006 2302 3060; x_wconf 86' lang='lat' dir='ltr'><strong>Similiter</strong></span> <span class='ocrx_word' id='word_1_409' title='bbox 2338 3006 2436 3077; x_wconf 90' lang='lat' dir='ltr'><strong>qui</strong></span> <span class='ocrx_word' id='word_1_410' title='bbox 2482 3004 2813 3077; x_wconf 88' lang='lat' dir='ltr'><strong>simpliciter</strong></span> <span class='ocrx_word' id='word_1_411' title='bbox 2846 3002 3108 3072; x_wconf 86' lang='lat' dir='ltr'><strong>largitur,</strong></span> <span class='ocrx_word' id='word_1_412' title='bbox 3153 3004 3212 3052; x_wconf 92' lang='lat' dir='ltr'><strong>et</strong></span> <span class='ocrx_word' id='word_1_413' title='bbox 3249 2998 3349 3069; x_wconf 90' lang='lat' dir='ltr'><strong>qui</strong></span> 
     </span>
    </p>
   </div>
   <div class='ocr_carea' id='block_1_30' title="bbox 68 3086 3347 3168">
    <p class='ocr_par' dir='ltr' id='par_1_30' title="bbox 68 3086 3347 3168">
     <span class='ocr_line' id='line_1_30' title="bbox 68 3086 3347 3168; baseline -0.002 -23"><span class='ocrx_word' id='word_1_414' title='bbox 68 3094 398 3163; x_wconf 72' lang='lat' dir='ltr'><strong>Apostolum</strong></span> <span class='ocrx_word' id='word_1_415' title='bbox 438 3099 693 3149; x_wconf 81' lang='lat' dir='ltr'><strong>vestrum</strong></span> <span class='ocrx_word' id='word_1_416' title='bbox 747 3093 896 3161; x_wconf 90' lang='lat' dir='ltr'><strong>fecit,</strong></span> <span class='ocrx_word' id='word_1_417' title='bbox 949 3095 1207 3150; x_wconf 88' lang='lat' dir='ltr'><strong>omnibus</strong></span> <span class='ocrx_word' id='word_1_418' title='bbox 1256 3097 1516 3168; x_wconf 84' lang='lat' dir='ltr'><strong>praecipio</strong></span> <span class='ocrx_word' id='word_1_419' title='bbox 1556 3115 1668 3152; x_wconf 89' lang='lat' dir='ltr'><strong>non</strong></span> <span class='ocrx_word' id='word_1_420' title='bbox 1751 3100 1972 3165; x_wconf 72' lang='lat' dir='ltr'><strong>praeest,</strong></span> <span class='ocrx_word' id='word_1_421' title='bbox 1999 3095 2164 3166; x_wconf 87' lang='lat' dir='ltr'><strong>juxta</strong></span> <span class='ocrx_word' id='word_1_422' title='bbox 2205 3095 2375 3149; x_wconf 89' lang='lat' dir='ltr'><strong>ﬁdem</strong></span> <span class='ocrx_word' id='word_1_423' title='bbox 2423 3095 2624 3166; x_wconf 91' lang='lat' dir='ltr'><strong>accipit</strong></span> <span class='ocrx_word' id='word_1_424' title='bbox 2662 3091 3032 3163; x_wconf 86' lang='lat' dir='ltr'><strong>vigilantiam,</strong></span> <span class='ocrx_word' id='word_1_425' title='bbox 3066 3104 3133 3143; x_wconf 94' lang='lat' dir='ltr'><strong>eo</strong></span> <span class='ocrx_word' id='word_1_426' title='bbox 3177 3086 3347 3141; x_wconf 91' lang='lat' dir='ltr'><strong>modo</strong></span> 
     </span>
    </p>
   </div>
   <div class='ocr_carea' id='block_1_31' title="bbox 67 3175 3347 3257">
    <p class='ocr_par' dir='ltr' id='par_1_31' title="bbox 67 3175 3347 3257">
     <span class='ocr_line' id='line_1_31' title="bbox 67 3175 3347 3257; baseline -0.002 -23"><span class='ocrx_word' id='word_1_427' title='bbox 67 3182 190 3251; x_wconf 90' lang='lat' dir='ltr'><strong>plus</strong></span> <span class='ocrx_word' id='word_1_428' title='bbox 218 3183 565 3254; x_wconf 85' lang='lat' dir='ltr'><strong>investigare</strong></span> <span class='ocrx_word' id='word_1_429' title='bbox 591 3199 765 3254; x_wconf 88' lang='lat' dir='ltr'><strong>opera</strong></span> <span class='ocrx_word' id='word_1_430' title='bbox 788 3184 889 3239; x_wconf 92' lang='lat' dir='ltr'><strong>Dei</strong></span> <span class='ocrx_word' id='word_1_431' title='bbox 917 3200 1084 3255; x_wconf 87' lang='lat' dir='ltr'><strong>quam</strong></span> <span class='ocrx_word' id='word_1_432' title='bbox 1114 3190 1354 3257; x_wconf 89' lang='lat' dir='ltr'><strong>oportet.</strong></span> <span class='ocrx_word' id='word_1_433' title='bbox 1751 3183 1849 3253; x_wconf 91' lang='lat' dir='ltr'><strong>qui</strong></span> <span class='ocrx_word' id='word_1_434' title='bbox 1900 3184 2060 3239; x_wconf 73' lang='lat' dir='ltr'><strong>laetus</strong></span> <span class='ocrx_word' id='word_1_435' title='bbox 2115 3183 2555 3239; x_wconf 89' lang='lat' dir='ltr'><strong>misericordiam</strong></span> <span class='ocrx_word' id='word_1_436' title='bbox 2608 3182 2760 3246; x_wconf 86' lang='lat' dir='ltr'><strong>facit,</strong></span> <span class='ocrx_word' id='word_1_437' title='bbox 2816 3178 3123 3236; x_wconf 88' lang='lat' dir='ltr'><strong>secundum</strong></span> <span class='ocrx_word' id='word_1_438' title='bbox 3176 3175 3347 3231; x_wconf 83' lang='lat' dir='ltr'><strong>ﬁdem</strong></span> 
     </span>
    </p>
   </div>
   <div class='ocr_carea' id='block_1_32' title="bbox 136 3272 2065 3344">
    <p class='ocr_par' dir='ltr' id='par_1_32' title="bbox 136 3272 2065 3344">
     <span class='ocr_line' id='line_1_32' title="bbox 136 3272 2065 3344; baseline 0.001 -19"><span class='ocrx_word' id='word_1_439' title='bbox 136 3272 188 3325; x_wconf 79' lang='grc'>5.</span> <span class='ocrx_word' id='word_1_440' title='bbox 218 3272 326 3327; x_wconf 82' lang='lat' dir='ltr'><strong>Sed</strong></span> <span class='ocrx_word' id='word_1_441' title='bbox 361 3288 571 3341; x_wconf 84' lang='lat' dir='ltr'><strong>sapere.</strong></span> <span class='ocrx_word' id='word_1_442' title='bbox 611 3272 839 3343; x_wconf 88' lang='lat' dir='ltr'><strong>Sapere,</strong></span> <span class='ocrx_word' id='word_1_443' title='bbox 870 3272 929 3326; x_wconf 90' lang='lat' dir='ltr'><strong>id</strong></span> <span class='ocrx_word' id='word_1_444' title='bbox 969 3278 1057 3327; x_wconf 91' lang='lat' dir='ltr'><strong>est</strong></span> <span class='ocrx_word' id='word_1_445' title='bbox 1082 3273 1417 3344; x_wconf 87' lang='lat' dir='ltr'><strong>intelligere,</strong></span> <span class='ocrx_word' id='word_1_446' title='bbox 1451 3273 1667 3330; x_wconf 87' lang='lat' dir='ltr'><strong>debetis</strong></span> <span class='ocrx_word' id='word_1_447' title='bbox 1747 3272 2065 3328; x_wconf 87' lang='lat' dir='ltr'><strong>roboratur.</strong></span> 
     </span>
    </p>
   </div>
   <div class='ocr_carea' id='block_1_33' title="bbox 68 3353 3347 3435">
    <p class='ocr_par' dir='ltr' id='par_1_33' title="bbox 68 3353 3347 3435">
     <span class='ocr_line' id='line_1_33' title="bbox 68 3353 3347 3435; baseline -0.002 -21"><span class='ocrx_word' id='word_1_448' title='bbox 68 3360 377 3415; x_wconf 83' lang='lat' dir='ltr'><strong>secundum</strong></span> <span class='ocrx_word' id='word_1_449' title='bbox 395 3360 745 3415; x_wconf 77' lang='lat' dir='ltr'><strong>differentias</strong></span> <span class='ocrx_word' id='word_1_450' title='bbox 765 3361 1041 3417; x_wconf 90' lang='lat' dir='ltr'><strong>donorum</strong></span> <span class='ocrx_word' id='word_1_451' title='bbox 1068 3362 1190 3430; x_wconf 92' lang='lat' dir='ltr'><strong>Dei,</strong></span> <span class='ocrx_word' id='word_1_452' title='bbox 1223 3363 1358 3435; x_wconf 89' lang='lat' dir='ltr'><strong>quia</strong></span> <span class='ocrx_word' id='word_1_453' title='bbox 1385 3380 1552 3419; x_wconf 87' lang='lat' dir='ltr'><strong>omne</strong></span> <span class='ocrx_word' id='word_1_454' title='bbox 1571 3365 1670 3419; x_wconf 87' lang='lat' dir='ltr'><strong>do-</strong></span> <span class='ocrx_word' id='word_1_455' title='bbox 1818 3360 1910 3419; x_wconf 87' lang='grc'>13.</span> <span class='ocrx_word' id='word_1_456' title='bbox 1948 3362 2340 3419; x_wconf 87' lang='lat' dir='ltr'><strong>Sollicitudine</strong></span> <span class='ocrx_word' id='word_1_457' title='bbox 2380 3378 2495 3416; x_wconf 87' lang='lat' dir='ltr'><strong>non</strong></span> <span class='ocrx_word' id='word_1_458' title='bbox 2526 3363 2709 3431; x_wconf 91' lang='lat' dir='ltr'><strong>pigri.</strong></span> <span class='ocrx_word' id='word_1_459' title='bbox 2757 3360 2877 3413; x_wconf 90' lang='lat' dir='ltr'><strong>Hoc</strong></span> <span class='ocrx_word' id='word_1_460' title='bbox 2919 3362 3006 3412; x_wconf 93' lang='lat' dir='ltr'><strong>est</strong></span> <span class='ocrx_word' id='word_1_461' title='bbox 3033 3354 3182 3428; x_wconf 90' lang='lat' dir='ltr'><strong>quod</strong></span> <span class='ocrx_word' id='word_1_462' title='bbox 3208 3353 3347 3407; x_wconf 90' lang='lat' dir='ltr'><strong>dicit</strong></span> 
     </span>
    </p>
   </div>
   <div class='ocr_carea' id='block_1_34' title="bbox 69 3444 3347 3523">
    <p class='ocr_par' dir='ltr' id='par_1_34' title="bbox 69 3444 3347 3523">
     <span class='ocr_line' id='line_1_34' title="bbox 69 3444 3347 3523; baseline -0.002 -22"><span class='ocrx_word' id='word_1_463' title='bbox 69 3464 200 3503; x_wconf 88' lang='lat' dir='ltr'><strong>num</strong></span> <span class='ocrx_word' id='word_1_464' title='bbox 219 3449 471 3521; x_wconf 88' lang='lat' dir='ltr'><strong>Spiritus</strong></span> <span class='ocrx_word' id='word_1_465' title='bbox 489 3449 670 3504; x_wconf 88' lang='lat' dir='ltr'><strong>sancti</strong></span> <span class='ocrx_word' id='word_1_466' title='bbox 691 3449 954 3504; x_wconf 74' lang='lat' dir='ltr'><strong>differens</strong></span> <span class='ocrx_word' id='word_1_467' title='bbox 974 3456 1089 3506; x_wconf 89' lang='lat' dir='ltr'><strong>est:</strong></span> <span class='ocrx_word' id='word_1_468' title='bbox 1117 3451 1266 3523; x_wconf 91' lang='lat' dir='ltr'><strong>quod</strong></span> <span class='ocrx_word' id='word_1_469' title='bbox 1286 3456 1390 3519; x_wconf 90' lang='lat' dir='ltr'><strong>est,</strong></span> <span class='ocrx_word' id='word_1_470' title='bbox 1416 3453 1667 3508; x_wconf 85' lang='lat' dir='ltr'><strong>habentes</strong></span> <span class='ocrx_word' id='word_1_471' title='bbox 1749 3451 2021 3506; x_wconf 90' lang='lat' dir='ltr'><strong>Jeremias</strong></span> <span class='ocrx_word' id='word_1_472' title='bbox 2044 3470 2057 3505; x_wconf 89' lang='lat'><strong>:</strong></span> <span class='ocrx_word' id='word_1_473' title='bbox 2087 3453 2409 3507; x_wconf 80' lang='lat' dir='ltr'><strong>Maledictus</strong></span> <span class='ocrx_word' id='word_1_474' title='bbox 2437 3452 2537 3521; x_wconf 87' lang='lat' dir='ltr'><strong>qui</strong></span> <span class='ocrx_word' id='word_1_475' title='bbox 2561 3452 2698 3519; x_wconf 78' lang='lat' dir='ltr'><strong>facit</strong></span> <span class='ocrx_word' id='word_1_476' title='bbox 2721 3464 2884 3518; x_wconf 84' lang='lat' dir='ltr'><strong>opera</strong></span> <span class='ocrx_word' id='word_1_477' title='bbox 2911 3447 3141 3501; x_wconf 87' lang='lat' dir='ltr'><strong>Domini</strong></span> <span class='ocrx_word' id='word_1_478' title='bbox 3172 3444 3347 3510; x_wconf 88' lang='lat' dir='ltr'><strong>negli-</strong></span> 
     </span>
    </p>
   </div>
   <div class='ocr_carea' id='block_1_35' title="bbox 69 3537 762 3605">
    <p class='ocr_par' dir='ltr' id='par_1_35' title="bbox 69 3537 762 3605">
     <span class='ocr_line' id='line_1_35' title="bbox 69 3537 762 3605; baseline 0.004 -16"><span class='ocrx_word' id='word_1_479' title='bbox 69 3538 403 3605; x_wconf 86' lang='lat' dir='ltr'><strong>donationes,</strong></span> <span class='ocrx_word' id='word_1_480' title='bbox 432 3542 562 3605; x_wconf 89' lang='lat' dir='ltr'><strong>etc.,</strong></span> <span class='ocrx_word' id='word_1_481' title='bbox 594 3537 762 3592; x_wconf 87' lang='lat' dir='ltr'><strong>infra.</strong></span> 
     </span>
    </p>
   </div>
   <div class='ocr_carea' id='block_1_36' title="bbox 136 3618 1683 3703">
    <p class='ocr_par' dir='ltr' id='par_1_36' title="bbox 136 3618 1683 3703">
     <span class='ocr_line' id='line_1_36' title="bbox 136 3618 1683 3703; baseline 0.004 -24"><span class='ocrx_word' id='word_1_482' title='bbox 136 3626 186 3679; x_wconf 86' lang='lat'><strong>6.</strong></span> <span class='ocrx_word' id='word_1_483' title='bbox 215 3627 279 3680; x_wconf 84' lang='lat' dir='ltr'><strong>Et</strong></span> <span class='ocrx_word' id='word_1_484' title='bbox 304 3629 630 3696; x_wconf 83' lang='lat' dir='ltr'><strong>unicuique.</strong></span> <span class='ocrx_word' id='word_1_485' title='bbox 658 3626 844 3682; x_wconf 91' lang='lat' dir='ltr'><strong>Ordo:</strong></span> <span class='ocrx_word' id='word_1_486' title='bbox 877 3627 956 3682; x_wconf 89' lang='lat' dir='ltr'><strong>sic</strong></span> <span class='ocrx_word' id='word_1_487' title='bbox 975 3628 1127 3683; x_wconf 90' lang='lat' dir='ltr'><strong>Deus</strong></span> <span class='ocrx_word' id='word_1_488' title='bbox 1146 3628 1333 3684; x_wconf 89' lang='lat' dir='ltr'><strong>divisit</strong></span> <span class='ocrx_word' id='word_1_489' title='bbox 1362 3618 1683 3703; x_wconf 22' lang='lat' dir='ltr'><strong>unicuique.</strong></span> 
     </span>
    </p>
   </div>
   <div class='ocr_carea' id='block_1_37' title="bbox 1745 3539 2421 3610">
    <p class='ocr_par' dir='ltr' id='par_1_37' title="bbox 1745 3539 2421 3610">
     <span class='ocr_line' id='line_1_37' title="bbox 1745 3539 2421 3610; baseline 0 -17"><span class='ocrx_word' id='word_1_490' title='bbox 1745 3546 1955 3608; x_wconf 87' lang='lat' dir='ltr'><strong>genter.</strong></span> <span class='ocrx_word' id='word_1_491' title='bbox 1984 3540 2116 3601; x_wconf 85' lang='lat' dir='ltr'><strong>Ideo</strong></span> <span class='ocrx_word' id='word_1_492' title='bbox 2140 3539 2379 3610; x_wconf 88' lang='lat' dir='ltr'><strong>subjecit</strong></span> <span class='ocrx_word' id='word_1_493' title='bbox 2409 3557 2421 3592; x_wconf 92' lang='lat'><strong>:</strong></span> 
     </span>
    </p>
   </div>
   <div class='ocr_carea' id='block_1_38' title="bbox 1815 3620 3342 3698">
    <p class='ocr_par' dir='ltr' id='par_1_38' title="bbox 1815 3620 3342 3698">
     <span class='ocr_line' id='line_1_38' title="bbox 1815 3620 3342 3698; baseline -0.006 -15"><span class='ocrx_word' id='word_1_494' title='bbox 1815 3627 1905 3684; x_wconf 80' lang='grc'><strong>14.</strong></span> <span class='ocrx_word' id='word_1_495' title='bbox 1936 3628 2157 3698; x_wconf 86' lang='lat' dir='ltr'><strong>Spiritu</strong></span> <span class='ocrx_word' id='word_1_496' title='bbox 2214 3630 2500 3697; x_wconf 82' lang='lat' dir='ltr'><strong>ferventes.</strong></span> <span class='ocrx_word' id='word_1_497' title='bbox 2554 3628 2672 3682; x_wconf 87' lang='lat' dir='ltr'><strong>Hoc</strong></span> <span class='ocrx_word' id='word_1_498' title='bbox 2723 3632 2827 3692; x_wconf 87' lang='lat' dir='ltr'><strong>est,</strong></span> <span class='ocrx_word' id='word_1_499' title='bbox 2876 3621 3141 3679; x_wconf 83' lang='lat' dir='ltr'><strong>exercitio</strong></span> <span class='ocrx_word' id='word_1_500' title='bbox 3169 3620 3342 3677; x_wconf 89' lang='lat' dir='ltr'><strong>divini</strong></span> 
     </span>
    </p>
   </div>
   <div class='ocr_carea' id='block_1_39' title="bbox 75 3714 2737 3789">
    <p class='ocr_par' dir='ltr' id='par_1_39' title="bbox 75 3714 2737 3789">
     <span class='ocr_line' id='line_1_39' title="bbox 75 3714 2737 3789; baseline 0 -21"><span class='ocrx_word' id='word_1_501' title='bbox 75 3730 389 3770; x_wconf 83' lang='lat' dir='ltr'><strong>mensuram</strong></span> <span class='ocrx_word' id='word_1_502' title='bbox 410 3716 692 3770; x_wconf 86' lang='lat' dir='ltr'><strong>donorum</strong></span> <span class='ocrx_word' id='word_1_503' title='bbox 721 3732 979 3785; x_wconf 89' lang='lat' dir='ltr'><strong>suorum;</strong></span> <span class='ocrx_word' id='word_1_504' title='bbox 1008 3734 1130 3788; x_wconf 62' lang='lat' dir='ltr'><strong>quis</strong></span> <span class='ocrx_word' id='word_1_505' title='bbox 1153 3718 1290 3773; x_wconf 88' lang='lat' dir='ltr'><strong>ﬁdes</strong></span> <span class='ocrx_word' id='word_1_506' title='bbox 1315 3720 1664 3774; x_wconf 88' lang='lat' dir='ltr'><strong>credentium</strong></span> <span class='ocrx_word' id='word_1_507' title='bbox 1745 3718 1930 3789; x_wconf 89' lang='lat' dir='ltr'><strong>operis</strong></span> <span class='ocrx_word' id='word_1_508' title='bbox 1958 3722 2058 3772; x_wconf 91' lang='lat' dir='ltr'><strong>aut</strong></span> <span class='ocrx_word' id='word_1_509' title='bbox 2084 3716 2225 3788; x_wconf 85' lang='lat' dir='ltr'><strong>legis</strong></span> <span class='ocrx_word' id='word_1_510' title='bbox 2250 3733 2362 3771; x_wconf 90' lang='lat' dir='ltr'><strong>non</strong></span> <span class='ocrx_word' id='word_1_511' title='bbox 2391 3716 2507 3771; x_wconf 91' lang='lat' dir='ltr'><strong>sint</strong></span> <span class='ocrx_word' id='word_1_512' title='bbox 2541 3714 2737 3787; x_wconf 91' lang='lat' dir='ltr'><strong>tepidi.</strong></span> 
     </span>
    </p>
   </div>
   <div class='ocr_carea' id='block_1_40' title="bbox 77 3809 440 3871">
    <p class='ocr_par' dir='ltr' id='par_1_40' title="bbox 77 3809 440 3871">
     <span class='ocr_line' id='line_1_40' title="bbox 77 3809 440 3871; baseline 0.003 -14"><span class='ocrx_word' id='word_1_513' title='bbox 77 3809 440 3871; x_wconf 88' lang='lat' dir='ltr'><strong>promeretur.</strong></span> 
     </span>
    </p>
   </div>
   <div class='ocr_carea' id='block_1_41' title="bbox 1815 3798 3340 3874">
    <p class='ocr_par' dir='ltr' id='par_1_41' title="bbox 1815 3798 3340 3874">
     <span class='ocr_line' id='line_1_41' title="bbox 1815 3798 3340 3874; baseline -0.005 -16"><span class='ocrx_word' id='word_1_514' title='bbox 1815 3805 1910 3863; x_wconf 78' lang='grc'>45.</span> <span class='ocrx_word' id='word_1_515' title='bbox 1947 3806 2154 3859; x_wconf 69' lang='lat' dir='ltr'><strong>LANFR.</strong></span> <span class='ocrx_word' id='word_1_516' title='bbox 2197 3807 2378 3860; x_wconf 84' lang='lat' dir='ltr'><strong>Nolite</strong></span> <span class='ocrx_word' id='word_1_517' title='bbox 2409 3821 2515 3859; x_wconf 85' lang='lat' dir='ltr'><strong>esse</strong></span> <span class='ocrx_word' id='word_1_518' title='bbox 2546 3804 2867 3874; x_wconf 85' lang='lat' dir='ltr'><strong>prudentes.</strong></span> <span class='ocrx_word' id='word_1_519' title='bbox 2892 3800 3101 3866; x_wconf 88' lang='lat' dir='ltr'><strong>Nolite,</strong></span> <span class='ocrx_word' id='word_1_520' title='bbox 3131 3798 3340 3869; x_wconf 90' lang='lat' dir='ltr'><strong>inquit,</strong></span> 
     </span>
    </p>
   </div>
   <div class='ocr_carea' id='block_1_42' title="bbox 138 3889 3342 3965">
    <p class='ocr_par' dir='ltr' id='par_1_42' title="bbox 138 3889 3342 3965">
     <span class='ocr_line' id='line_1_42' title="bbox 138 3889 3342 3965; baseline -0.002 -18"><span class='ocrx_word' id='word_1_521' title='bbox 138 3889 187 3947; x_wconf 89' lang='lat'><strong>7.</strong></span> <span class='ocrx_word' id='word_1_522' title='bbox 216 3892 375 3947; x_wconf 89' lang='lat' dir='ltr'><strong>Sicut</strong></span> <span class='ocrx_word' id='word_1_523' title='bbox 418 3896 593 3949; x_wconf 87' lang='lat' dir='ltr'><strong>enim.</strong></span> <span class='ocrx_word' id='word_1_524' title='bbox 623 3894 865 3964; x_wconf 84' lang='lat' dir='ltr'><strong>Exponit</strong></span> <span class='ocrx_word' id='word_1_525' title='bbox 906 3894 1148 3965; x_wconf 89' lang='lat' dir='ltr'><strong>qualiter</strong></span> <span class='ocrx_word' id='word_1_526' title='bbox 1178 3894 1324 3949; x_wconf 87' lang='lat' dir='ltr'><strong>dona</strong></span> <span class='ocrx_word' id='word_1_527' title='bbox 1350 3895 1452 3949; x_wconf 90' lang='lat' dir='ltr'><strong>Dei</strong></span> <span class='ocrx_word' id='word_1_528' title='bbox 1480 3896 1659 3952; x_wconf 90' lang='lat' dir='ltr'><strong>divisa</strong></span> <span class='ocrx_word' id='word_1_529' title='bbox 1740 3894 2101 3964; x_wconf 87' lang='lat' dir='ltr'><strong>prudentiam</strong></span> <span class='ocrx_word' id='word_1_530' title='bbox 2115 3898 2359 3947; x_wconf 88' lang='lat' dir='ltr'><strong>vestram</strong></span> <span class='ocrx_word' id='word_1_531' title='bbox 2386 3891 2536 3964; x_wconf 88' lang='lat' dir='ltr'><strong>apud</strong></span> <span class='ocrx_word' id='word_1_532' title='bbox 2564 3889 2928 3960; x_wconf 88' lang='lat' dir='ltr'><strong>vosmetipsos</strong></span> <span class='ocrx_word' id='word_1_533' title='bbox 2945 3892 3170 3942; x_wconf 87' lang='lat' dir='ltr'><strong>tantum</strong></span> <span class='ocrx_word' id='word_1_534' title='bbox 3187 3900 3342 3939; x_wconf 83' lang='lat' dir='ltr'><strong>exce.</strong></span> 
     </span>
    </p>
   </div>
   <div class='ocr_carea' id='block_1_43' title="bbox 77 3980 2732 4053">
    <p class='ocr_par' dir='ltr' id='par_1_43' title="bbox 77 3980 2732 4053">
     <span class='ocr_line' id='line_1_43' title="bbox 77 3980 2732 4053; baseline -0.001 -18"><span class='ocrx_word' id='word_1_535' title='bbox 77 3987 194 4035; x_wconf 84' lang='lat' dir='ltr'><strong>sunt</strong></span> <span class='ocrx_word' id='word_1_536' title='bbox 245 3980 528 4047; x_wconf 88' lang='lat' dir='ltr'><strong>ﬁdelibus,</strong></span> <span class='ocrx_word' id='word_1_537' title='bbox 573 3981 833 4036; x_wconf 86' lang='lat' dir='ltr'><strong>videlicet</strong></span> <span class='ocrx_word' id='word_1_538' title='bbox 872 3982 1016 4036; x_wconf 89' lang='lat' dir='ltr'><strong>sicut</strong></span> <span class='ocrx_word' id='word_1_539' title='bbox 1061 3982 1280 4037; x_wconf 88' lang='lat' dir='ltr'><strong>diversa</strong></span> <span class='ocrx_word' id='word_1_540' title='bbox 1332 3984 1516 4038; x_wconf 87' lang='lat' dir='ltr'><strong>ofﬁcia</strong></span> <span class='ocrx_word' id='word_1_541' title='bbox 1571 3986 1659 4040; x_wconf 89' lang='lat' dir='ltr'><strong>di—</strong></span> <span class='ocrx_word' id='word_1_542' title='bbox 1740 3982 1894 4050; x_wconf 89' lang='lat' dir='ltr'><strong>dere,</strong></span> <span class='ocrx_word' id='word_1_543' title='bbox 1926 3983 2025 4037; x_wconf 89' lang='lat' dir='ltr'><strong>sed</strong></span> <span class='ocrx_word' id='word_1_544' title='bbox 2047 3982 2229 4051; x_wconf 87' lang='lat' dir='ltr'><strong>magis</strong></span> <span class='ocrx_word' id='word_1_545' title='bbox 2257 3982 2403 4053; x_wconf 91' lang='lat' dir='ltr'><strong>apud</strong></span> <span class='ocrx_word' id='word_1_546' title='bbox 2429 3980 2732 4052; x_wconf 86' lang='lat' dir='ltr'><strong>proximos.</strong></span> 
     </span>
    </p>
   </div>
   <div class='ocr_carea' id='block_1_44' title="bbox 75 4069 1662 4142">
    <p class='ocr_par' dir='ltr' id='par_1_44' title="bbox 75 4069 1662 4142">
     <span class='ocr_line' id='line_1_44' title="bbox 75 4069 1662 4142; baseline 0.008 -23"><span class='ocrx_word' id='word_1_547' title='bbox 75 4070 233 4124; x_wconf 83' lang='lat' dir='ltr'><strong>versis</strong></span> <span class='ocrx_word' id='word_1_548' title='bbox 258 4069 431 4125; x_wconf 88' lang='lat' dir='ltr'><strong>unius</strong></span> <span class='ocrx_word' id='word_1_549' title='bbox 476 4070 730 4142; x_wconf 88' lang='lat' dir='ltr'><strong>corporis</strong></span> <span class='ocrx_word' id='word_1_550' title='bbox 771 4070 1026 4142; x_wconf 89' lang='lat' dir='ltr'><strong>partibus</strong></span> <span class='ocrx_word' id='word_1_551' title='bbox 1067 4076 1201 4125; x_wconf 90' lang='lat' dir='ltr'><strong>sunt</strong></span> <span class='ocrx_word' id='word_1_552' title='bbox 1238 4071 1554 4140; x_wconf 86' lang='lat' dir='ltr'><strong>distributa,</strong></span> <span class='ocrx_word' id='word_1_553' title='bbox 1597 4081 1662 4131; x_wconf 90' lang='lat' dir='ltr'><strong>ut</strong></span> 
     </span>
    </p>
   </div>
   <div class='ocr_carea' id='block_1_45' title="bbox 76 4157 1141 4214">
    <p class='ocr_par' dir='ltr' id='par_1_45' title="bbox 76 4157 1141 4214">
     <span class='ocr_line' id='line_1_45' title="bbox 76 4157 1141 4214; baseline 0.002 -3"><span class='ocrx_word' id='word_1_554' title='bbox 76 4157 352 4212; x_wconf 85' lang='lat' dir='ltr'><strong>humilitas</strong></span> <span class='ocrx_word' id='word_1_555' title='bbox 380 4158 445 4212; x_wconf 90' lang='lat' dir='ltr'><strong>in</strong></span> <span class='ocrx_word' id='word_1_556' title='bbox 472 4157 734 4213; x_wconf 88' lang='lat' dir='ltr'><strong>omnibus</strong></span> <span class='ocrx_word' id='word_1_557' title='bbox 762 4163 1141 4214; x_wconf 90' lang='lat' dir='ltr'><strong>conservetur.</strong></span> 
     </span>
    </p>
   </div>
   <div class='ocr_carea' id='block_1_46' title="bbox 136 4246 1656 4316">
    <p class='ocr_par' dir='ltr' id='par_1_46' title="bbox 136 4246 1656 4316">
     <span class='ocr_line' id='line_1_46' title="bbox 136 4246 1656 4316; baseline 0.004 -16"><span class='ocrx_word' id='word_1_558' title='bbox 136 4246 185 4300; x_wconf 89' lang='lat'><strong>8.</strong></span> <span class='ocrx_word' id='word_1_559' title='bbox 213 4248 553 4313; x_wconf 76' lang='lat' dir='ltr'><strong>Di/ferentes.</strong></span> <span class='ocrx_word' id='word_1_560' title='bbox 586 4246 690 4301; x_wconf 87' lang='lat' dir='ltr'><strong>Vel</strong></span> <span class='ocrx_word' id='word_1_561' title='bbox 719 4246 1049 4302; x_wconf 87' lang='lat' dir='ltr'><strong>donationes</strong></span> <span class='ocrx_word' id='word_1_562' title='bbox 1080 4247 1418 4316; x_wconf 79' lang='lat' dir='ltr'><strong>differentes,</strong></span> <span class='ocrx_word' id='word_1_563' title='bbox 1442 4251 1526 4304; x_wconf 89' lang='lat' dir='ltr'><strong>vel</strong></span> <span class='ocrx_word' id='word_1_564' title='bbox 1555 4268 1656 4307; x_wconf 91' lang='lat' dir='ltr'><strong>nos</strong></span> 
     </span>
    </p>
   </div>
   <div class='ocr_carea' id='block_1_47' title="bbox 76 4333 402 4390">
    <p class='ocr_par' dir='ltr' id='par_1_47' title="bbox 76 4333 402 4390">
     <span class='ocr_line' id='line_1_47' title="bbox 76 4333 402 4390; baseline 0.003 -4"><span class='ocrx_word' id='word_1_565' title='bbox 76 4333 402 4390; x_wconf 74' lang='lat' dir='ltr'><strong>differentes.</strong></span> 
     </span>
    </p>
   </div>
   <div class='ocr_carea' id='block_1_48' title="bbox 137 4423 1653 4498">
    <p class='ocr_par' dir='ltr' id='par_1_48' title="bbox 137 4423 1653 4498">
     <span class='ocr_line' id='line_1_48' title="bbox 137 4423 1653 4498; baseline 0.003 -19"><span class='ocrx_word' id='word_1_566' title='bbox 137 4423 188 4479; x_wconf 82' lang='lat'><strong>9.</strong></span> <span class='ocrx_word' id='word_1_567' title='bbox 214 4426 460 4478; x_wconf 55' lang='lat' dir='ltr'><strong>uanos.</strong></span> <span class='ocrx_word' id='word_1_568' title='bbox 486 4424 619 4479; x_wconf 87' lang='lat' dir='ltr'><strong>Sine</strong></span> <span class='ocrx_word' id='word_1_569' title='bbox 642 4424 1010 4493; x_wconf 83' lang='lat' dir='ltr'><strong>prophetiam.</strong></span> <span class='ocrx_word' id='word_1_570' title='bbox 1034 4423 1338 4495; x_wconf 84' lang='lat' dir='ltr'><strong>Prophetia</strong></span> <span class='ocrx_word' id='word_1_571' title='bbox 1361 4444 1463 4498; x_wconf 92' lang='lat' dir='ltr'><strong>pro</strong></span> <span class='ocrx_word' id='word_1_572' title='bbox 1487 4430 1653 4483; x_wconf 90' lang='lat' dir='ltr'><strong>modo</strong></span> 
     </span>
    </p>
   </div>
   <div class='ocr_carea' id='block_1_49' title="bbox 79 4512 1653 4584">
    <p class='ocr_par' dir='ltr' id='par_1_49' title="bbox 79 4512 1653 4584">
     <span class='ocr_line' id='line_1_49' title="bbox 79 4512 1653 4584; baseline 0.006 -20"><span class='ocrx_word' id='word_1_573' title='bbox 79 4512 192 4566; x_wconf 83' lang='lat' dir='ltr'><strong>ﬁdei</strong></span> <span class='ocrx_word' id='word_1_574' title='bbox 233 4513 424 4567; x_wconf 89' lang='lat' dir='ltr'><strong>datur.</strong></span> <span class='ocrx_word' id='word_1_575' title='bbox 472 4512 733 4567; x_wconf 86' lang='lat' dir='ltr'><strong>Minister</strong></span> <span class='ocrx_word' id='word_1_576' title='bbox 779 4512 851 4566; x_wconf 89' lang='lat' dir='ltr'><strong>ad</strong></span> <span class='ocrx_word' id='word_1_577' title='bbox 901 4512 1232 4584; x_wconf 85' lang='lat' dir='ltr'><strong>obsequium</strong></span> <span class='ocrx_word' id='word_1_578' title='bbox 1283 4514 1653 4572; x_wconf 87' lang='lat' dir='ltr'><strong>fraternitatis</strong></span> 
     </span>
    </p>
   </div>
   <div class='ocr_carea' id='block_1_50' title="bbox 77 4601 1355 4673">
    <p class='ocr_par' dir='ltr' id='par_1_50' title="bbox 77 4601 1355 4673">
     <span class='ocr_line' id='line_1_50' title="bbox 77 4601 1355 4673; baseline 0.001 -16"><span class='ocrx_word' id='word_1_579' title='bbox 77 4601 440 4671; x_wconf 63' lang='lat' dir='ltr'><strong>praebendum,</strong></span> <span class='ocrx_word' id='word_1_580' title='bbox 465 4601 526 4655; x_wconf 91' lang='lat' dir='ltr'><strong>in</strong></span> <span class='ocrx_word' id='word_1_581' title='bbox 554 4606 830 4673; x_wconf 90' lang='lat' dir='ltr'><strong>quantum</strong></span> <span class='ocrx_word' id='word_1_582' title='bbox 856 4602 1052 4667; x_wconf 91' lang='lat' dir='ltr'><strong>credit,</strong></span> <span class='ocrx_word' id='word_1_583' title='bbox 1078 4603 1355 4658; x_wconf 90' lang='lat' dir='ltr'><strong>ﬁrmatur.</strong></span> 
     </span>
    </p>
   </div>
   <div class='ocr_carea' id='block_1_51' title="bbox 134 4687 1651 4764">
    <p class='ocr_par' dir='ltr' id='par_1_51' title="bbox 134 4687 1651 4764">
     <span class='ocr_line' id='line_1_51' title="bbox 134 4687 1651 4764; baseline 0.003 -20"><span class='ocrx_word' id='word_1_584' title='bbox 134 4687 218 4745; x_wconf 83' lang='lat'><strong>10.</strong></span> <span class='ocrx_word' id='word_1_585' title='bbox 254 4690 467 4745; x_wconf 63' lang='lat' dir='ltr'><strong>Laure.</strong></span> <span class='ocrx_word' id='word_1_586' title='bbox 495 4691 782 4745; x_wconf 82' lang='lat' dir='ltr'><strong>Rationem</strong></span> <span class='ocrx_word' id='word_1_587' title='bbox 811 4692 957 4757; x_wconf 85' lang='lat' dir='ltr'><strong>ﬁdei.</strong></span> <span class='ocrx_word' id='word_1_588' title='bbox 988 4691 1172 4758; x_wconf 90' lang='lat' dir='ltr'><strong>Fides,</strong></span> <span class='ocrx_word' id='word_1_589' title='bbox 1213 4697 1270 4745; x_wconf 91' lang='lat' dir='ltr'><strong>et</strong></span> <span class='ocrx_word' id='word_1_590' title='bbox 1297 4694 1651 4764; x_wconf 88' lang='lat' dir='ltr'><strong>prophetiam</strong></span> 
     </span>
    </p>
   </div>
   <div class='ocr_carea' id='block_1_52' title="bbox 76 4778 1644 4850">
    <p class='ocr_par' dir='ltr' id='par_1_52' title="bbox 76 4778 1644 4850">
     <span class='ocr_line' id='line_1_52' title="bbox 76 4778 1644 4850; baseline 0.004 -18"><span class='ocrx_word' id='word_1_591' title='bbox 76 4786 125 4833; x_wconf 88' lang='lat' dir='ltr'><strong>et</strong></span> <span class='ocrx_word' id='word_1_592' title='bbox 149 4785 345 4835; x_wconf 61' lang='lat' dir='ltr'><strong>cetera</strong></span> <span class='ocrx_word' id='word_1_593' title='bbox 388 4794 513 4849; x_wconf 74' lang='lat' dir='ltr'><strong>quae</strong></span> <span class='ocrx_word' id='word_1_594' title='bbox 558 4783 875 4850; x_wconf 90' lang='lat' dir='ltr'><strong>sequuntur</strong></span> <span class='ocrx_word' id='word_1_595' title='bbox 912 4778 1043 4834; x_wconf 89' lang='lat' dir='ltr'><strong>facit</strong></span> <span class='ocrx_word' id='word_1_596' title='bbox 1087 4780 1296 4835; x_wconf 89' lang='lat' dir='ltr'><strong>habere</strong></span> <span class='ocrx_word' id='word_1_597' title='bbox 1333 4782 1644 4839; x_wconf 86' lang='lat' dir='ltr'><strong>credentes.</strong></span> 
     </span>
    </p>
   </div>
   <div class='ocr_carea' id='block_1_53' title="bbox 78 4866 1651 4934">
    <p class='ocr_par' dir='ltr' id='par_1_53' title="bbox 78 4866 1651 4934">
     <span class='ocr_line' id='line_1_53' title="bbox 78 4866 1651 4934; baseline 0.003 -13"><span class='ocrx_word' id='word_1_598' title='bbox 78 4868 182 4921; x_wconf 70' lang='lat' dir='ltr'><strong>Nisi</strong></span> <span class='ocrx_word' id='word_1_599' title='bbox 206 4868 354 4922; x_wconf 89' lang='lat' dir='ltr'><strong>enim</strong></span> <span class='ocrx_word' id='word_1_600' title='bbox 395 4866 709 4934; x_wconf 89' lang='lat' dir='ltr'><strong>crederent,</strong></span> <span class='ocrx_word' id='word_1_601' title='bbox 760 4883 873 4921; x_wconf 90' lang='lat' dir='ltr'><strong>non</strong></span> <span class='ocrx_word' id='word_1_602' title='bbox 917 4868 1210 4925; x_wconf 87' lang='lat' dir='ltr'><strong>haberent.</strong></span> <span class='ocrx_word' id='word_1_603' title='bbox 1246 4871 1316 4924; x_wconf 90' lang='lat' dir='ltr'><strong>Et</strong></span> <span class='ocrx_word' id='word_1_604' title='bbox 1342 4870 1402 4925; x_wconf 91' lang='lat' dir='ltr'><strong>in</strong></span> <span class='ocrx_word' id='word_1_605' title='bbox 1437 4872 1651 4928; x_wconf 68' lang='lat' dir='ltr'><strong>caeteris</strong></span> 
     </span>
    </p>
   </div>
   <div class='ocr_carea' id='block_1_54' title="bbox 77 4954 1651 5029">
    <p class='ocr_par' dir='ltr' id='par_1_54' title="bbox 77 4954 1651 5029">
     <span class='ocr_line' id='line_1_54' title="bbox 77 4954 1651 5029; baseline 0.003 -18"><span class='ocrx_word' id='word_1_606' title='bbox 77 4957 359 5011; x_wconf 85' lang='lat' dir='ltr'><strong>secundum</strong></span> <span class='ocrx_word' id='word_1_607' title='bbox 385 4954 667 5010; x_wconf 87' lang='lat' dir='ltr'><strong>rationem</strong></span> <span class='ocrx_word' id='word_1_608' title='bbox 695 4956 826 5011; x_wconf 88' lang='lat' dir='ltr'><strong>ﬁdei</strong></span> <span class='ocrx_word' id='word_1_609' title='bbox 864 4955 1209 5029; x_wconf 88' lang='lat' dir='ltr'><strong>subintelligi</strong></span> <span class='ocrx_word' id='word_1_610' title='bbox 1246 4959 1429 5015; x_wconf 86' lang='lat' dir='ltr'><strong>debet.</strong></span> <span class='ocrx_word' id='word_1_611' title='bbox 1463 4962 1532 5015; x_wconf 92' lang='lat' dir='ltr'><strong>Et</strong></span> <span class='ocrx_word' id='word_1_612' title='bbox 1562 4967 1651 5016; x_wconf 86' lang='lat' dir='ltr'><strong>est</strong></span> 
     </span>
    </p>
   </div>
   <div class='ocr_carea' id='block_1_55' title="bbox 78 5044 1646 5121">
    <p class='ocr_par' dir='ltr' id='par_1_55' title="bbox 78 5044 1646 5121">
     <span class='ocr_line' id='line_1_55' title="bbox 78 5044 1646 5121; baseline 0.003 -21"><span class='ocrx_word' id='word_1_613' title='bbox 78 5063 283 5101; x_wconf 86' lang='lat' dir='ltr'><strong>sensus:</strong></span> <span class='ocrx_word' id='word_1_614' title='bbox 312 5044 670 5117; x_wconf 88' lang='lat' dir='ltr'><strong>prophetiam</strong></span> <span class='ocrx_word' id='word_1_615' title='bbox 695 5045 966 5101; x_wconf 87' lang='lat' dir='ltr'><strong>habentes</strong></span> <span class='ocrx_word' id='word_1_616' title='bbox 990 5047 1258 5102; x_wconf 91' lang='lat' dir='ltr'><strong>debemus</strong></span> <span class='ocrx_word' id='word_1_617' title='bbox 1291 5064 1412 5104; x_wconf 89' lang='lat' dir='ltr'><strong>esse</strong></span> <span class='ocrx_word' id='word_1_618' title='bbox 1440 5050 1646 5121; x_wconf 88' lang='lat' dir='ltr'><strong>singuli</strong></span> 
     </span>
    </p>
   </div>
   <div class='ocr_carea' id='block_1_56' title="bbox 80 5133 1647 5208">
    <p class='ocr_par' dir='ltr' id='par_1_56' title="bbox 80 5133 1647 5208">
     <span class='ocr_line' id='line_1_56' title="bbox 80 5133 1647 5208; baseline 0.003 -19"><span class='ocrx_word' id='word_1_619' title='bbox 80 5135 337 5203; x_wconf 86' lang='lat' dir='ltr'><strong>membra;</strong></span> <span class='ocrx_word' id='word_1_620' title='bbox 369 5133 491 5188; x_wconf 87' lang='lat' dir='ltr'><strong>sive</strong></span> <span class='ocrx_word' id='word_1_621' title='bbox 513 5133 788 5190; x_wconf 84' lang='lat' dir='ltr'><strong>habentes</strong></span> <span class='ocrx_word' id='word_1_622' title='bbox 812 5136 1165 5208; x_wconf 82' lang='lat' dir='ltr'><strong>mysterium,</strong></span> <span class='ocrx_word' id='word_1_623' title='bbox 1190 5136 1456 5193; x_wconf 89' lang='lat' dir='ltr'><strong>debemus</strong></span> <span class='ocrx_word' id='word_1_624' title='bbox 1484 5140 1647 5193; x_wconf 85' lang='lat' dir='ltr'><strong>mini-</strong></span> 
     </span>
    </p>
   </div>
   <div class='ocr_carea' id='block_1_57' title="bbox 1812 4062 3338 4135">
    <p class='ocr_par' dir='ltr' id='par_1_57' title="bbox 1812 4062 3338 4135">
     <span class='ocr_line' id='line_1_57' title="bbox 1812 4062 3338 4135; baseline -0.007 -8"><span class='ocrx_word' id='word_1_625' title='bbox 1812 4070 1901 4126; x_wconf 87' lang='grc'><strong>16.</strong></span> <span class='ocrx_word' id='word_1_626' title='bbox 1926 4074 2090 4127; x_wconf 85' lang='lat' dir='ltr'><strong>Nulli</strong></span> <span class='ocrx_word' id='word_1_627' title='bbox 2119 4074 2357 4125; x_wconf 87' lang='lat' dir='ltr'><strong>malum.</strong></span> <span class='ocrx_word' id='word_1_628' title='bbox 2381 4070 2590 4124; x_wconf 89' lang='lat' dir='ltr'><strong>Malum</strong></span> <span class='ocrx_word' id='word_1_629' title='bbox 2612 4068 2829 4135; x_wconf 88' lang='lat' dir='ltr'><strong>vitium,</strong></span> <span class='ocrx_word' id='word_1_630' title='bbox 2856 4064 3115 4120; x_wconf 88' lang='lat' dir='ltr'><strong>videlicet</strong></span> <span class='ocrx_word' id='word_1_631' title='bbox 3137 4067 3203 4120; x_wconf 88' lang='lat' dir='ltr'><strong>ut</strong></span> <span class='ocrx_word' id='word_1_632' title='bbox 3221 4062 3338 4118; x_wconf 89' lang='lat' dir='ltr'><strong>vin-</strong></span> 
     </span>
    </p>
   </div>
   <div class='ocr_carea' id='block_1_58' title="bbox 1671 4148 1994 4215">
    <p class='ocr_par' dir='ltr' id='par_1_58' title="bbox 1671 4148 1994 4215">
     <span class='ocr_line' id='line_1_58' title="bbox 1671 4148 1994 4215; baseline 0.003 -1"><span class='ocrx_word' id='word_1_633' title='bbox 1671 4148 1721 4208; x_wconf 85' lang='lat' dir='ltr'><strong>B</strong></span> <span class='ocrx_word' id='word_1_634' title='bbox 1741 4160 1889 4215; x_wconf 89' lang='lat' dir='ltr'><strong>dicet</strong></span> <span class='ocrx_word' id='word_1_635' title='bbox 1914 4177 1994 4215; x_wconf 90' lang='lat' dir='ltr'><strong>se.</strong></span> 
     </span>
    </p>
   </div>
   <div class='ocr_carea' id='block_1_59' title="bbox 1812 4241 3337 4305">
    <p class='ocr_par' dir='ltr' id='par_1_59' title="bbox 1812 4241 3337 4305">
     <span class='ocr_line' id='line_1_59' title="bbox 1812 4241 3337 4305; baseline -0.005 -1"><span class='ocrx_word' id='word_1_636' title='bbox 1812 4248 1897 4305; x_wconf 89' lang='grc'><strong>17.</strong></span> <span class='ocrx_word' id='word_1_637' title='bbox 1946 4252 2191 4304; x_wconf 59' lang='grc' dir='ltr'><strong>Αδωιιοε.</strong></span> <span class='ocrx_word' id='word_1_638' title='bbox 2241 4248 2590 4303; x_wconf 83' lang='lat' dir='ltr'><strong>Providentes</strong></span> <span class='ocrx_word' id='word_1_639' title='bbox 2633 4247 2791 4300; x_wconf 90' lang='lat' dir='ltr'><strong>bona.</strong></span> <span class='ocrx_word' id='word_1_640' title='bbox 2838 4243 3139 4299; x_wconf 90' lang='lat' dir='ltr'><strong>Providere</strong></span> <span class='ocrx_word' id='word_1_641' title='bbox 3188 4241 3337 4297; x_wconf 92' lang='lat' dir='ltr'><strong>bona</strong></span> 
     </span>
    </p>
   </div>
   <div class='ocr_carea' id='block_1_60' title="bbox 1738 4334 3335 4405">
    <p class='ocr_par' dir='ltr' id='par_1_60' title="bbox 1738 4334 3335 4405">
     <span class='ocr_line' id='line_1_60' title="bbox 1738 4334 3335 4405; baseline -0.003 -13"><span class='ocrx_word' id='word_1_642' title='bbox 1738 4343 1825 4392; x_wconf 89' lang='lat' dir='ltr'><strong>est</strong></span> <span class='ocrx_word' id='word_1_643' title='bbox 1853 4340 2043 4394; x_wconf 84' lang='lat' dir='ltr'><strong>futura</strong></span> <span class='ocrx_word' id='word_1_644' title='bbox 2069 4343 2201 4393; x_wconf 88' lang='lat' dir='ltr'><strong>ante</strong></span> <span class='ocrx_word' id='word_1_645' title='bbox 2240 4337 2431 4391; x_wconf 90' lang='lat' dir='ltr'><strong>oculos</strong></span> <span class='ocrx_word' id='word_1_646' title='bbox 2464 4334 2693 4402; x_wconf 89' lang='lat' dir='ltr'><strong>habere,</strong></span> <span class='ocrx_word' id='word_1_647' title='bbox 2724 4340 2791 4389; x_wconf 90' lang='lat' dir='ltr'><strong>ut</strong></span> <span class='ocrx_word' id='word_1_648' title='bbox 2817 4349 2884 4388; x_wconf 91' lang='lat' dir='ltr'><strong>ea</strong></span> <span class='ocrx_word' id='word_1_649' title='bbox 2909 4339 3183 4405; x_wconf 87' lang='lat' dir='ltr'><strong>gerantur</strong></span> <span class='ocrx_word' id='word_1_650' title='bbox 3209 4348 3335 4404; x_wconf 80' lang='lat' dir='ltr'><strong>quae</strong></span> 
     </span>
    </p>
   </div>
   <div class='ocr_carea' id='block_1_61' title="bbox 1736 4422 3231 4499">
    <p class='ocr_par' dir='ltr' id='par_1_61' title="bbox 1736 4422 3231 4499">
     <span class='ocr_line' id='line_1_61' title="bbox 1736 4422 3231 4499; baseline -0.003 -18"><span class='ocrx_word' id='word_1_651' title='bbox 1736 4426 1919 4481; x_wconf 87' lang='lat' dir='ltr'><strong>laudis</strong></span> <span class='ocrx_word' id='word_1_652' title='bbox 1940 4429 2055 4481; x_wconf 92' lang='lat' dir='ltr'><strong>sive</strong></span> <span class='ocrx_word' id='word_1_653' title='bbox 2084 4426 2232 4499; x_wconf 88' lang='lat' dir='ltr'><strong>apud</strong></span> <span class='ocrx_word' id='word_1_654' title='bbox 2261 4426 2444 4481; x_wconf 90' lang='lat' dir='ltr'><strong>Deum</strong></span> <span class='ocrx_word' id='word_1_655' title='bbox 2471 4424 2603 4491; x_wconf 89' lang='lat' dir='ltr'><strong>sint,</strong></span> <span class='ocrx_word' id='word_1_656' title='bbox 2635 4423 2751 4479; x_wconf 87' lang='lat' dir='ltr'><strong>sive</strong></span> <span class='ocrx_word' id='word_1_657' title='bbox 2778 4423 2928 4495; x_wconf 90' lang='lat' dir='ltr'><strong>apud</strong></span> <span class='ocrx_word' id='word_1_658' title='bbox 2954 4422 3231 4477; x_wconf 89' lang='lat' dir='ltr'><strong>homines.</strong></span> 
     </span>
    </p>
   </div>
   <div class='ocr_carea' id='block_1_62' title="bbox 1815 4513 3333 4585">
    <p class='ocr_par' dir='ltr' id='par_1_62' title="bbox 1815 4513 3333 4585">
     <span class='ocr_line' id='line_1_62' title="bbox 1815 4513 3333 4585; baseline -0.004 -14"><span class='ocrx_word' id='word_1_659' title='bbox 1815 4513 1896 4571; x_wconf 86' lang='lat'><strong>18.</strong></span> <span class='ocrx_word' id='word_1_660' title='bbox 1925 4517 1990 4571; x_wconf 87' lang='lat' dir='ltr'><strong>Si</strong></span> <span class='ocrx_word' id='word_1_661' title='bbox 2022 4519 2146 4584; x_wconf 80' lang='lat' dir='ltr'><strong>ﬁeri</strong></span> <span class='ocrx_word' id='word_1_662' title='bbox 2167 4520 2355 4585; x_wconf 85' lang='lat' dir='ltr'><strong>potest.</strong></span> <span class='ocrx_word' id='word_1_663' title='bbox 2383 4514 2540 4579; x_wconf 84' lang='lat' dir='ltr'><strong>Quod</strong></span> <span class='ocrx_word' id='word_1_664' title='bbox 2573 4514 2622 4567; x_wconf 91' lang='lat' dir='ltr'><strong>si</strong></span> <span class='ocrx_word' id='word_1_665' title='bbox 2649 4529 2762 4567; x_wconf 91' lang='lat' dir='ltr'><strong>non</strong></span> <span class='ocrx_word' id='word_1_666' title='bbox 2788 4513 2959 4567; x_wconf 90' lang='lat' dir='ltr'><strong>fuerit</strong></span> <span class='ocrx_word' id='word_1_667' title='bbox 2979 4516 3201 4566; x_wconf 88' lang='lat' dir='ltr'><strong>amator</strong></span> <span class='ocrx_word' id='word_1_668' title='bbox 3228 4527 3333 4583; x_wconf 89' lang='lat' dir='ltr'><strong>pa-</strong></span> 
     </span>
    </p>
   </div>
   <div class='ocr_carea' id='block_1_63' title="bbox 1735 4599 3332 4673">
    <p class='ocr_par' dir='ltr' id='par_1_63' title="bbox 1735 4599 3332 4673">
     <span class='ocr_line' id='line_1_63' title="bbox 1735 4599 3332 4673; baseline -0.002 -16"><span class='ocrx_word' id='word_1_669' title='bbox 1735 4603 1833 4671; x_wconf 89' lang='lat' dir='ltr'><strong>cis,</strong></span> <span class='ocrx_word' id='word_1_670' title='bbox 1870 4609 1934 4658; x_wconf 90' lang='lat' dir='ltr'><strong>tu</strong></span> <span class='ocrx_word' id='word_1_671' title='bbox 1979 4609 2171 4658; x_wconf 86' lang='lat' dir='ltr'><strong>tamen</strong></span> <span class='ocrx_word' id='word_1_672' title='bbox 2208 4604 2349 4658; x_wconf 85' lang='lat' dir='ltr'><strong>velis</strong></span> <span class='ocrx_word' id='word_1_673' title='bbox 2387 4619 2510 4657; x_wconf 90' lang='lat' dir='ltr'><strong>esse</strong></span> <span class='ocrx_word' id='word_1_674' title='bbox 2554 4602 2838 4673; x_wconf 89' lang='lat' dir='ltr'><strong>paciﬁcus,</strong></span> <span class='ocrx_word' id='word_1_675' title='bbox 2871 4606 3145 4672; x_wconf 89' lang='lat' dir='ltr'><strong>quantum</strong></span> <span class='ocrx_word' id='word_1_676' title='bbox 3175 4599 3247 4655; x_wconf 89' lang='lat' dir='ltr'><strong>ad</strong></span> <span class='ocrx_word' id='word_1_677' title='bbox 3272 4605 3332 4655; x_wconf 91' lang='lat' dir='ltr'><strong>te</strong></span> 
     </span>
    </p>
   </div>
   <div class='ocr_carea' id='block_1_64' title="bbox 1735 4690 3329 4764">
    <p class='ocr_par' dir='ltr' id='par_1_64' title="bbox 1735 4690 3329 4764">
     <span class='ocr_line' id='line_1_64' title="bbox 1735 4690 3329 4764; baseline -0.002 -17"><span class='ocrx_word' id='word_1_678' title='bbox 1735 4692 1999 4764; x_wconf 90' lang='lat' dir='ltr'><strong>pertinet.</strong></span> <span class='ocrx_word' id='word_1_679' title='bbox 2051 4693 2110 4748; x_wconf 92' lang='lat' dir='ltr'><strong>Si</strong></span> <span class='ocrx_word' id='word_1_680' title='bbox 2157 4697 2346 4747; x_wconf 89' lang='lat' dir='ltr'><strong>autem</strong></span> <span class='ocrx_word' id='word_1_681' title='bbox 2389 4693 2701 4747; x_wconf 90' lang='lat' dir='ltr'><strong>irreverens</strong></span> <span class='ocrx_word' id='word_1_682' title='bbox 2730 4697 2788 4745; x_wconf 91' lang='lat' dir='ltr'><strong>et</strong></span> <span class='ocrx_word' id='word_1_683' title='bbox 2813 4690 3176 4762; x_wconf 86' lang='lat' dir='ltr'><strong>blasphemus</strong></span> <span class='ocrx_word' id='word_1_684' title='bbox 3203 4690 3329 4761; x_wconf 92' lang='lat' dir='ltr'><strong>quis</strong></span> 
     </span>
    </p>
   </div>
   <div class='ocr_carea' id='block_1_65' title="bbox 1734 4778 3333 4853">
    <p class='ocr_par' dir='ltr' id='par_1_65' title="bbox 1734 4778 3333 4853">
     <span class='ocr_line' id='line_1_65' title="bbox 1734 4778 3333 4853; baseline -0.002 -17"><span class='ocrx_word' id='word_1_685' title='bbox 1734 4782 1827 4850; x_wconf 92' lang='lat' dir='ltr'><strong>sit,</strong></span> <span class='ocrx_word' id='word_1_686' title='bbox 1862 4788 1919 4837; x_wconf 91' lang='lat' dir='ltr'><strong>et</strong></span> <span class='ocrx_word' id='word_1_687' title='bbox 1946 4797 2141 4853; x_wconf 90' lang='lat' dir='ltr'><strong>pacem</strong></span> <span class='ocrx_word' id='word_1_688' title='bbox 2179 4798 2308 4836; x_wconf 89' lang='lat' dir='ltr'><strong>cum</strong></span> <span class='ocrx_word' id='word_1_689' title='bbox 2335 4781 2431 4835; x_wconf 90' lang='lat' dir='ltr'><strong>illo</strong></span> <span class='ocrx_word' id='word_1_690' title='bbox 2468 4780 2677 4834; x_wconf 88' lang='lat' dir='ltr'><strong>habere</strong></span> <span class='ocrx_word' id='word_1_691' title='bbox 2714 4796 2826 4835; x_wconf 92' lang='lat' dir='ltr'><strong>non</strong></span> <span class='ocrx_word' id='word_1_692' title='bbox 2854 4779 3055 4852; x_wconf 89' lang='lat' dir='ltr'><strong>possis,</strong></span> <span class='ocrx_word' id='word_1_693' title='bbox 3085 4794 3202 4833; x_wconf 93' lang='lat' dir='ltr'><strong>non</strong></span> <span class='ocrx_word' id='word_1_694' title='bbox 3225 4778 3333 4833; x_wconf 83' lang='lat' dir='ltr'><strong>uti-</strong></span> 
     </span>
    </p>
   </div>
   <div class='ocr_carea' id='block_1_66' title="bbox 1736 4868 2541 4943">
    <p class='ocr_par' dir='ltr' id='par_1_66' title="bbox 1736 4868 2541 4943">
     <span class='ocr_line' id='line_1_66' title="bbox 1736 4868 2541 4943; baseline -0.004 -17"><span class='ocrx_word' id='word_1_695' title='bbox 1736 4888 1844 4943; x_wconf 92' lang='lat' dir='ltr'><strong>que</strong></span> <span class='ocrx_word' id='word_1_696' title='bbox 1862 4871 1966 4925; x_wconf 87' lang='lat' dir='ltr'><strong>tibi</strong></span> <span class='ocrx_word' id='word_1_697' title='bbox 1994 4869 2385 4925; x_wconf 89' lang='lat' dir='ltr'><strong>ascribendum</strong></span> <span class='ocrx_word' id='word_1_698' title='bbox 2416 4868 2541 4923; x_wconf 91' lang='lat' dir='ltr'><strong>erit.</strong></span> 
     </span>
    </p>
   </div>
   <div class='ocr_carea' id='block_1_67' title="bbox 1806 4956 3328 5028">
    <p class='ocr_par' dir='ltr' id='par_1_67' title="bbox 1806 4956 3328 5028">
     <span class='ocr_line' id='line_1_67' title="bbox 1806 4956 3328 5028; baseline -0.003 -14"><span class='ocrx_word' id='word_1_699' title='bbox 1806 4960 1895 5016; x_wconf 89' lang='grc'>19.</span> <span class='ocrx_word' id='word_1_700' title='bbox 1924 4961 2131 5014; x_wconf 79' lang='lat' dir='ltr'><strong>LANFR.</strong></span> <span class='ocrx_word' id='word_1_701' title='bbox 2170 4960 2305 5014; x_wconf 90' lang='lat' dir='ltr'><strong>Date</strong></span> <span class='ocrx_word' id='word_1_702' title='bbox 2333 4962 2512 5013; x_wconf 89' lang='lat' dir='ltr'><strong>locum</strong></span> <span class='ocrx_word' id='word_1_703' title='bbox 2554 4960 2672 5011; x_wconf 66' lang='lat' dir='ltr'><strong>irae.</strong></span> <span class='ocrx_word' id='word_1_704' title='bbox 2715 4957 2827 5012; x_wconf 89' lang='lat' dir='ltr'><strong>Dat</strong></span> <span class='ocrx_word' id='word_1_705' title='bbox 2851 4957 3037 5013; x_wconf 93' lang='lat' dir='ltr'><strong>locum</strong></span> <span class='ocrx_word' id='word_1_706' title='bbox 3081 4957 3199 5024; x_wconf 67' lang='lat' dir='ltr'><strong>irae,</strong></span> <span class='ocrx_word' id='word_1_707' title='bbox 3231 4956 3328 5028; x_wconf 91' lang='lat' dir='ltr'><strong>qui</strong></span> 
     </span>
    </p>
   </div>
   <div class='ocr_carea' id='block_1_68' title="bbox 1729 5047 2970 5120">
    <p class='ocr_par' dir='ltr' id='par_1_68' title="bbox 1729 5047 2970 5120">
     <span class='ocr_line' id='line_1_68' title="bbox 1729 5047 2970 5120; baseline -0.002 -16"><span class='ocrx_word' id='word_1_708' title='bbox 1729 5049 2112 5104; x_wconf 87' lang='lat' dir='ltr'><strong>adversarium</strong></span> <span class='ocrx_word' id='word_1_709' title='bbox 2141 5048 2421 5120; x_wconf 89' lang='lat' dir='ltr'><strong>permittit</strong></span> <span class='ocrx_word' id='word_1_710' title='bbox 2443 5047 2625 5102; x_wconf 89' lang='lat' dir='ltr'><strong>facere</strong></span> <span class='ocrx_word' id='word_1_711' title='bbox 2654 5047 2805 5119; x_wconf 91' lang='lat' dir='ltr'><strong>quod</strong></span> <span class='ocrx_word' id='word_1_712' title='bbox 2832 5048 2970 5102; x_wconf 91' lang='lat' dir='ltr'><strong>vult.</strong></span> 
     </span>
    </p>
   </div>
   <div class='ocr_carea' id='block_1_69' title="bbox 1796 5134 3320 5206">
    <p class='ocr_par' dir='ltr' id='par_1_69' title="bbox 1796 5134 3320 5206">
     <span class='ocr_line' id='line_1_69' title="bbox 1796 5134 3320 5206; baseline -0.005 -11"><span class='ocrx_word' id='word_1_713' title='bbox 1796 5138 1887 5195; x_wconf 79' lang='lat'><strong>‘20.</strong></span> <span class='ocrx_word' id='word_1_714' title='bbox 1938 5138 2205 5193; x_wconf 75' lang='lat' dir='ltr'><strong>Carbones</strong></span> <span class='ocrx_word' id='word_1_715' title='bbox 2243 5140 2412 5206; x_wconf 88' lang='lat' dir='ltr'><strong>ignis,</strong></span> <span class='ocrx_word' id='word_1_716' title='bbox 2443 5136 2502 5191; x_wconf 89' lang='lat' dir='ltr'><strong>id</strong></span> <span class='ocrx_word' id='word_1_717' title='bbox 2548 5141 2653 5203; x_wconf 88' lang='lat' dir='ltr'><strong>est,</strong></span> <span class='ocrx_word' id='word_1_718' title='bbox 2700 5135 2974 5191; x_wconf 79' lang='lat' dir='ltr'><strong>fervorem</strong></span> <span class='ocrx_word' id='word_1_719' title='bbox 3011 5134 3320 5200; x_wconf 88' lang='lat' dir='ltr'><strong>charitatis,</strong></span> 
     </span>
    </p>
   </div>
   <div class='ocr_carea' id='block_1_70' title="bbox 78 5222 3324 5299">
    <p class='ocr_par' dir='ltr' id='par_1_70' title="bbox 78 5222 3324 5299">
     <span class='ocr_line' id='line_1_70' title="bbox 78 5222 3324 5299; baseline -0.001 -20"><span class='ocrx_word' id='word_1_720' title='bbox 78 5225 279 5280; x_wconf 83' lang='lat' dir='ltr'><strong>strando</strong></span> <span class='ocrx_word' id='word_1_721' title='bbox 316 5239 443 5279; x_wconf 82' lang='lat' dir='ltr'><strong>esse</strong></span> <span class='ocrx_word' id='word_1_722' title='bbox 488 5222 634 5278; x_wconf 87' lang='lat' dir='ltr'><strong>alter</strong></span> <span class='ocrx_word' id='word_1_723' title='bbox 660 5224 893 5280; x_wconf 88' lang='lat' dir='ltr'><strong>alterius</strong></span> <span class='ocrx_word' id='word_1_724' title='bbox 928 5225 1201 5293; x_wconf 88' lang='lat' dir='ltr'><strong>membra,</strong></span> <span class='ocrx_word' id='word_1_725' title='bbox 1244 5231 1302 5280; x_wconf 87' lang='lat' dir='ltr'><strong>et</strong></span> <span class='ocrx_word' id='word_1_726' title='bbox 1326 5233 1530 5283; x_wconf 66' lang='lat' dir='ltr'><strong>caetera</strong></span> <span class='ocrx_word' id='word_1_727' title='bbox 1556 5245 1649 5283; x_wconf 89' lang='lat' dir='ltr'><strong>eo-</strong></span> <span class='ocrx_word' id='word_1_728' title='bbox 1726 5228 1811 5282; x_wconf 90' lang='lat' dir='ltr'><strong>vel</strong></span> <span class='ocrx_word' id='word_1_729' title='bbox 1841 5227 2081 5299; x_wconf 92' lang='lat' dir='ltr'><strong>Spiritus</strong></span> <span class='ocrx_word' id='word_1_730' title='bbox 2108 5226 2307 5292; x_wconf 90' lang='lat' dir='ltr'><strong>sancti,</strong></span> <span class='ocrx_word' id='word_1_731' title='bbox 2342 5230 2408 5280; x_wconf 89' lang='lat' dir='ltr'><strong>ut</strong></span> <span class='ocrx_word' id='word_1_732' title='bbox 2441 5230 2540 5280; x_wconf 90' lang='lat' dir='ltr'><strong>tuo</strong></span> <span class='ocrx_word' id='word_1_733' title='bbox 2578 5226 2835 5296; x_wconf 83' lang='lat' dir='ltr'><strong>exemplo</strong></span> <span class='ocrx_word' id='word_1_734' title='bbox 2868 5228 3234 5296; x_wconf 84' lang='lat' dir='ltr'><strong>provocatus,</strong></span> <span class='ocrx_word' id='word_1_735' title='bbox 3264 5227 3324 5277; x_wconf 88' lang='lat' dir='ltr'><strong>et</strong></span> 
     </span>
    </p>
   </div>
   <div class='ocr_carea' id='block_1_71' title="bbox 79 5313 382 5367">
    <p class='ocr_par' dir='ltr' id='par_1_71' title="bbox 79 5313 382 5367">
     <span class='ocr_line' id='line_1_71' title="bbox 79 5313 382 5367; baseline 0 0"><span class='ocrx_word' id='word_1_736' title='bbox 79 5313 186 5367; x_wconf 88' lang='lat' dir='ltr'><strong>dem</strong></span> <span class='ocrx_word' id='word_1_737' title='bbox 204 5313 382 5367; x_wconf 88' lang='lat' dir='ltr'><strong>modo.</strong></span> 
     </span>
    </p>
   </div>
   <div class='ocr_carea' id='block_1_72' title="bbox 136 5312 1643 5476">
    <p class='ocr_par' dir='ltr' id='par_1_72' title="bbox 136 5312 1643 5476">
     <span class='ocr_line' id='line_1_72' title="bbox 136 5312 382 5368; baseline -0.004 0"><span class='ocrx_word' id='word_1_738' title='bbox 136 5331 186 5367; x_wconf 88' lang='lat' dir='ltr'><strong>m</strong></span> <span class='ocrx_word' id='word_1_739' title='bbox 204 5312 382 5368; x_wconf 88' lang='lat' dir='ltr'><strong>modo.</strong></span> 
     </span>
     <span class='ocr_line' id='line_1_73' title="bbox 136 5403 1643 5476; baseline 0.002 -19"><span class='ocrx_word' id='word_1_740' title='bbox 136 5404 219 5461; x_wconf 86' lang='grc'><strong>11.</strong></span> <span class='ocrx_word' id='word_1_741' title='bbox 254 5406 501 5458; x_wconf 70' lang='lat' dir='ltr'><strong>Axsnos.</strong></span> <span class='ocrx_word' id='word_1_742' title='bbox 537 5404 647 5470; x_wconf 75' lang='lat' dir='ltr'><strong>Qui</strong></span> <span class='ocrx_word' id='word_1_743' title='bbox 669 5403 833 5457; x_wconf 88' lang='lat' dir='ltr'><strong>docet.</strong></span> <span class='ocrx_word' id='word_1_744' title='bbox 867 5404 952 5459; x_wconf 87' lang='lat' dir='ltr'><strong>Ad</strong></span> <span class='ocrx_word' id='word_1_745' title='bbox 980 5404 1332 5476; x_wconf 91' lang='lat' dir='ltr'><strong>disciplinam</strong></span> <span class='ocrx_word' id='word_1_746' title='bbox 1362 5406 1643 5460; x_wconf 80' lang='lat' dir='ltr'><strong>caelestem</strong></span> 
     </span>
    </p>
   </div>
   <div class='ocr_carea' id='block_1_73' title="bbox 1725 5315 2297 5388">
    <p class='ocr_par' dir='ltr' id='par_1_73' title="bbox 1725 5315 2297 5388">
     <span class='ocr_line' id='line_1_74' title="bbox 1725 5315 2297 5388; baseline -0.003 -18"><span class='ocrx_word' id='word_1_747' title='bbox 1725 5317 1845 5388; x_wconf 91' lang='lat' dir='ltr'><strong>ipse</strong></span> <span class='ocrx_word' id='word_1_748' title='bbox 1873 5315 2081 5372; x_wconf 90' lang='lat' dir='ltr'><strong>bonum</strong></span> <span class='ocrx_word' id='word_1_749' title='bbox 2111 5316 2297 5371; x_wconf 85' lang='lat' dir='ltr'><strong>faciat.</strong></span> 
     </span>
    </p>
   </div>
  </div>
