3912 6392
1568 405 1630 459 Β.
1675 373 2093 460 LANFRANCI
2132 382 2486 461 CANTUAR.
2533 373 2870 455 ARCliIEP.
3774 373 3885 451 us

2019 555 2161 610 CAP
2176 553 2407 607 UTXIII
2418 594 2430 607 .

664 679 860 735 Omnis
880 679 1069 734 anima
1086 678 1454 752 potestatibus
1468 676 1887 734 sublimioribus
1899 679 1920 733 -Ι
1939 720 1949 731 .
1965 676 2189 733 subdita
2205 679 2308 744 sit;
2336 675 2450 745 (hoc
2464 674 2611 729 dixit
2635 688 2702 727 ne
2718 672 2987 738 subirent,
3011 672 3145 740 quia
3156 668 3377 726 dixerat
3394 668 3537 739 ﬁlios
3551 671 3656 728 Dei
3665 672 3886 728 liberos

590 770 719 835 esse)
742 784 857 824 non
875 774 963 823 est
982 767 1131 822 enim
1154 772 1402 838 potestas
1422 762 1531 821 nisi
1547 784 1580 821 a
1595 762 1728 820 Deo.
1755 763 1888 830 Quae
1908 771 2093 822 autem
2119 771 2270 830 sunt,
2289 783 2322 820 a
2346 764 2464 820 Deo
2485 762 2756 818 ordinatae
2776 752 2910 815 sunt
2929 756 2982 814 2.
3001 758 3199 830 Itaque
3220 757 3315 830 qui
3336 757 3548 815 resistit
3569 762 3880 831 potestati,

597 856 703 912 Dei
733 856 1075 933 ordinationi
1102 848 1329 910 resistit.
1360 844 1468 919 Qui
1499 860 1689 909 autem
1718 852 2007 921 resistunt,
2042 855 2149 927 ipsi
2178 850 2285 909 sibi
2317 852 2735 908 damnationem
2765 842 3098 921 acquirunt;
3130 860 3263 933 nam
3288 847 3566 933 principes
3593 847 3717 905 non
3740 859 3886 906 sunt

593 943 787 999 timori
814 931 945 998 boni
965 943 1171 1014 operis,
1203 943 1299 997 sed
1326 938 1481 997 mali.
1507 938 1604 996 Vis
1631 948 1823 997 autem
1849 960 1961 997 non
1990 945 2190 1013 timere
2218 941 2593 1015 potestatem?
2622 940 2840 995 Bonum
2866 939 2954 993 fac
2974 943 3032 993 et
3058 932 3108 993 3.
3135 931 3370 992 habebis
3389 933 3611 994 laudem
3637 936 3713 994 ex
3733 936 3841 995 illa
3865 960 3876 995 :

592 1031 875 1107 Dei‘enim
897 1032 1157 1086 minister
1176 1038 1263 1086 est
1288 1028 1391 1085 tibi
1421 1033 1479 1085 in
1515 1024 1747 1087 bonum.
1769 1030 1827 1086 Si
1855 1035 2046 1086 autem
2078 1028 2290 1086 malum
2319 1030 2536 1095 feceris,
2557 1028 2610 1083 4.
2638 1030 2804 1097 time;
2829 1041 2942 1082 non
2964 1025 3114 1082 enim
3135 1018 3262 1091 εἰσ
3280 1020 3401 1080 sine
3420 1022 3588 1081 causa
3606 1025 3883 1098 gladium

593 1124 801 1194 portat.
821 1118 874 1187 5,
894 1119 949 1175 6.
970 1120 1071 1175 Dei
1100 1121 1249 1174 enim
1272 1120 1530 1174 minister
1548 1127 1653 1185 est,
1678 1118 1730 1175 7.
1750 1119 1951 1174 vindex
1974 1119 2033 1174 in
2053 1119 2197 1174 iram
2221 1120 2272 1174 ei
2297 1120 2392 1189 qui
2414 1120 2623 1172 malum
2645 1115 2781 1186 agit.
2807 1116 3051 1186 Ideoque
3076 1110 3408 1169 necessitate
3429 1110 3638 1170 subditi
3662 1122 3879 1184 estote,

590 1207 647 1263 8.
671 1225 782 1264 non
797 1209 980 1264 solum
1000 1215 1230 1282 propter
1249 1210 1413 1275 iram,
1439 1213 1645 1265 scilicet
1674 1208 1988 1278 vitandam,
2016 1211 2115 1264 sed
2146 1209 2314 1263 etiam
2334 1214 2563 1281 propter
2583 1206 3000 1271 conscientiam,
3022 1208 3228 1259 scilicet
3255 1210 3493 1259 vestram
3514 1206 3578 1259 in
3600 1207 3749 1261 bono
3769 1224 3885 1261 ser-

592 1300 854 1374 uandam,
876 1300 1023 1373 vela
1049 1303 1198 1353 malo
1230 1296 1602 1354 liberandam.
1633 1295 1765 1353 Ideo
1788 1299 1937 1352 enim
1968 1302 2025 1353 et
2052 1297 2267 1353 tributa
2286 1298 2564 1370 praestatis
2589 1315 2600 1349 :
2630 1294 2875 1350 ministri
2907 1296 3056 1348 enim
3078 1288 3179 1349 Dei
3207 1298 3357 1360 sunt,
3384 1288 3436 1350 9.
3464 1290 3523 1348 in
3540 1294 3647 1348 hoc
3676 1294 3882 1366 ipsum

592 1387 917 1442 servientes.
937 1387 1176 1441 Reddite
1208 1403 1341 1457 ergo
1374 1385 1635 1441 omnibus
1666 1384 1880 1455 debita;
1907 1387 1995 1442 cui
2024 1388 2322 1453 tributum,
2354 1387 2655 1457 (tributum
2691 1384 2970 1447 vocabant,
3007 1385 3141 1452 quia
3164 1382 3376 1437 subditi
3393 1380 3545 1437 domi
3561 1384 3880 1451 solvebant,

593 1491 712 1545 qua
739 1478 849 1545 ipsi
883 1477 1095 1530 subditi
1132 1477 1206 1530 ad
1233 1478 1418 1530 domos
1447 1480 1733 1530 seniorum
1761 1476 2039 1540 vehebant)
2075 1475 2385 1543 tributum;
2418 1474 2507 1529 cui
2538 1475 2790 1545 vectigal,
2828 1472 3096 1543 vectigal;
3130 1473 3218 1527 cui
3247 1473 3531 1538 timorem,
3561 1474 3882 1543 timorem;

593 1564 685 1619 cui
713 1564 1006 1630 honorem,
1031 1550 1326 1619 honorem.
1369 1558 1454 1621 10.
1492 1564 1715 1619 Nemini
1745 1564 2051 1636 quidquam
2077 1564 2345 1630 debeatis,
2373 1563 2481 1618 nisi
2518 1570 2583 1618 ut
2609 1561 2845 1617 invicem
2877 1560 3126 1633 diligatis
3151 1576 3163 1629 ;
3196 1574 3572 1632 quemcunque
3600 1563 3883 1632 diligitis,

594 1656 892 1729 intelligite
911 1670 1001 1706 vos
1011 1640 1140 1722 plus
1159 1654 1346 1707 debere
1367 1655 1619 1722 diligere.
1643 1652 1749 1718 Qui
1770 1653 1919 1707 enim
1942 1651 2125 1725 diligit
2147 1650 2482 1726 proximum,
2501 1650 2682 1723 legem
2706 1652 2976 1729 implevit.
2993 1652 3136 1705 Nam
3161 1666 3172 1703 :
3199 1650 3324 1704 Non
3344 1649 3696 1723 adulterabis
3717 1669 3733 1706 :
3752 1650 3885 1707 Non

593 1741 842 1799 occides:
864 1726 992 1796 Non
1016 1733 1292 1817 furaberis
1319 1760 1330 1794 :
1352 1740 1479 1796 Non
1504 1742 1703 1796 falsum
1731 1740 2116 1796 testimonium
2138 1741 2319 1796 dices:
2342 1743 2467 1796 Non
2489 1742 2847 1813 concupisces
2872 1726 2885 1796 ξ
2911 1744 2968 1793 et
2990 1739 3037 1794 si
3060 1739 3206 1810 quod
3231 1744 3318 1793 est
3337 1732 3489 1793 aliud
3513 1741 3883 1806 mandatum,

593 1831 655 1885 in
673 1831 779 1885 hoc
801 1829 970 1884 verbo
989 1830 1341 1885 instauratur
1365 1849 1376 1883 :
1406 1824 1617 1901 Diliges
1647 1830 1960 1901 proximum
1981 1836 2140 1885 tuum
2164 1818 2308 1885 sicut
2330 1830 2593 1901 teipsum.
2618 1829 2852 1884 Dilectio
2878 1827 3133 1899 proximi,
3156 1828 3217 1881 id
3232 1832 3324 1893 est,
3347 1830 3448 1897 qui
3465 1830 3655 1897 diligit
3680 1834 3888 1897 prosti-

593 1934 771 1983 mum;
804 1919 1019 1973 malum
1050 1935 1164 1973 non
1193 1926 1479 1991 operatur.
1514 1914 1818 1973 Plenitudo
1867 1935 2000 1987 ergo
2042 1918 2182 1990 legis
2223 1918 2310 1972 est
2351 1917 2594 1972 dilectio.
2630 1918 2699 1971 Et
2734 1918 2838 1971 hoc
2868 1916 3107 1970 scientes
3136 1918 3360 1986 tempus
3393 1932 3403 1970 :
3440 1914 3581 1979 Quia
3611 1914 3766 1971 hora
3799 1926 3889 1972 est

588 404 691 461 M7

585 2010 708 2079 jam
729 2024 832 2063 nos
850 2008 921 2062 de
949 2025 1166 2063 sommo
1196 2025 1446 2079 surgere.
1468 2010 1631 2064 Nunc
1650 2009 1800 2062 enim
1823 2006 2052 2080 propior
2071 2009 2157 2060 est
2184 2012 2379 2060 nostra
2400 2007 2570 2070 salus,
2596 2008 2664 2072 (et
2687 2011 2893 2075 quanto
2918 2004 3144 2072 quisque
3160 2006 3389 2073 propior
3404 2010 3477 2058 est
3496 2004 3690 2071 morti,
3724 2010 3887 2062 tanto

584 2100 816 2166 prOpior
840 2097 1031 2167 saluti)
1062 2114 1231 2168 quam
1261 2114 1388 2152 cum
1412 2098 1774 2152 credidimus.
1796 2098 1883 2152 1'1.
1909 2094 2029 2151 Nox
2055 2092 2356 2166 praecessit,
2386 2095 2506 2148 dies
2534 2100 2722 2148 autem
2746 2090 3230 2164 appropinquavit.
3254 2082 3344 2146 i2.
3366 2086 3724 2162 Abjiciamus
3747 2110 3885 2165 ergo

590 2201 764 2257 opera
777 2184 1161 2253 tenebrarum,
1188 2184 1275 2243 13.
1298 2193 1355 2241 et
1374 2187 1678 2241 induamur
1698 2203 1856 2241 arma
1884 2185 2044 2239 lucis.
2072 2182 2228 2239 Sicut
2258 2183 2317 2236 in
2338 2180 2448 2248 die,
2473 2184 2704 2237 honeste
2740 2180 3114 2246 ambulemus,
3138 2194 3251 2234 non
3282 2174 3338 2234 in
3369 2180 3887 2237 comessationibus

591 2260 652 2329 et
677 2274 1065 2341 ebrietatibus,
1088 2292 1204 2330 non
1230 2276 1291 2330 in
1315 2275 1592 2330 cubilibus
1631 2283 1687 2330 ct
1712 2268 2098 2346 impudicitiis,
2120 2290 2233 2327 non
2262 2268 2321 2326 in
2350 2273 2706 2326 contentione
2730 2278 2787 2325 et
2810 2268 3196 2337 aemulatione;
3225 2270 3323 2323 sed
3344 2268 3643 2324 induimini
3678 2268 3888 2326 Domi-

552 2422 557 2429 ,
590 2378 729 2417 num
749 2363 944 2418 Iesum
963 2364 1272 2431 Christum,
1295 2364 1353 2419 et
1375 2365 1561 2420 carnis
1582 2382 1775 2419 curam
1797 2381 1868 2418 ne
1888 2358 2131 2420 feceritis
2152 2360 2213 2416 in
2230 2358 2542 2416 desideriis.

2026 2489 2261 2544 CAPUT
2297 2488 2442 2543 XIV.

669 2613 714 2677 1,
745 2611 798 2667 2.
831 2613 1126 2667 Inﬁrmum
1156 2615 1310 2683 (quia
1339 2619 1504 2668 erant
1529 2616 1764 2681 quidam
1799 2617 1972 2668 suilla
2001 2629 2169 2667 carne
2193 2617 2450 2678 viventes,
2482 2613 2714 2680 quidam
2749 2626 2881 2677 non,
2923 2609 3202 2675 modi/teat
3244 2622 3328 2660 eos
3356 2608 3661 2683 Apostolus,
3712 2610 3886 2674 inﬁr-

591 2718 751 2756 mum
795 2707 965 2767 vocat,
1018 2705 1119 2771 qui
1155 2703 1342 2755 debere
1387 2718 1526 2756 cura
1572 2700 1663 2774 [f.,
1714 2700 1962 2771 carnem]
2002 2701 2154 2754 edere
2198 2712 2311 2754 non
2356 2700 2616 2765 credebat)
2661 2701 2781 2762 δι’
2827 2701 3018 2750 autem
3062 2695 3123 2748 in
3162 2694 3274 2747 ﬁde
3319 2693 3607 2760 assumite,
3655 2709 3785 2749 non
3824 2697 3884 2749 in

591 2789 1088 2861 disceptationibus
1129 2790 1559 2860 cogitationum.
1598 2790 1758 2845 Alius
1802 2790 1973 2857 enim,
2006 2790 2066 2843 id
2093 2794 2167 2842 est
2204 2792 2303 2842 iste
2344 2789 2645 2856 perfectam
2675 2789 2836 2854 ﬁdem
2865 2787 3045 2853 habet,
3079 2783 3256 2838 credit
3283 2800 3343 2837 se
3372 2783 3723 2837 manducare
3756 2800 3882 2837 om-

590 2879 720 2947 nia;
770 2878 872 2951 qui
899 2883 1091 2933 autem
1129 2869 1407 2945 inﬁrmus,
1453 2880 1659 2932 scilicet
1687 2880 1750 2931 in
1781 2877 1882 2930 hac
1909 2874 2031 2944 ﬁde,
2067 2880 2169 2940 est,
2198 2871 2319 2931 olus
2357 2874 2675 2941 manducet,
2718 2864 2779 2929 id
2820 2866 2894 2928 est
2938 2865 3300 2941 permittatur
3330 2871 3626 2925 abstinere.
3676 2871 3742 2925 Is
3785 2874 3883 2944 qui

588 2967 913 3035 manducet,
963 2968 1167 3022 scilicet
1223 2982 1409 3021 omnes
1466 2966 1631 3037 cibos,
1689 2962 1803 3021 non
1858 2965 2294 3020 manducantem
2346 2981 2460 3019 non
2509 2954 2741 3036 spernat
2795 2958 2849 3018 3.
2891 2956 2949 3014 et
3009 2957 3102 3030 qui
3160 2972 3276 3012 non
3316 2958 3637 3024 manducet,
3681 2961 3753 3013 id
3807 2967 3884 3014 est

1929 3090 2525 3147 COMMENTARIUS.

662 3210 819 3272 CAP.
843 3210 1001 3274 XIII.
1041 3249 1077 3259 -η
1111 3216 1161 3273 1.
1182 3198 1400 3272 Laure.
1422 3204 1656 3271 Subdita
1676 3205 1766 3270 sit.
1793 3206 1967 3270 Subdi
1991 3212 2175 3283 debet,
2198 3222 2251 3280 Α
2337 3215 2426 3270 10.
2446 3216 2701 3269 Aueus'r.
2723 3215 2893 3282 (epist.
2915 3211 3019 3268 135
3032 3206 3107 3265 ad
3123 3211 3385 3267 Severum
3402 3209 3582 3263 abbot.
3601 3214 3752 3264 tom.
3781 3212 3885 3282 II),

593 3304 730 3378 quia
754 3318 868 3363 non
896 3302 1057 3356 debet
1084 3302 1361 3358 resistere.
1387 3304 1533 3356 Nam
1561 3303 1609 3356 si
1637 3296 1881 3377 resistat,
1906 3297 2007 3355 Dei
2035 3294 2189 3355 ordi-
2269 3300 2496 3359 Nemini
2509 3305 2834 3373 quidquam.
2851 3301 3199 3357 Charitatem
3210 3305 3369 3353 tanto
3383 3298 3562 3369 magis
3573 3296 3881 3366 debemus,

590 3386 809 3448 nationi
848 3387 1090 3456 resistit;
1138 3394 1386 3465 potestas
1429 3389 1580 3445 enim
1622 3384 1724 3444 Dei
1769 3389 2048 3444 ordinatio
2080 3396 2183 3456 est,
2271 3392 2480 3463 quanto
2522 3392 3058 3463 apprehenderimus
3092 3384 3219 3463 [at.,
3248 3387 3455 3459 quanto
3481 3386 3736 3457 amplius
3768 3389 3885 3442 im-

594 3470 728 3553 quia
773 3496 937 3534 omne
986 3477 1134 3550 quod
1186 3496 1221 3533 a
1269 3479 1385 3534 Deo
1444 3483 1548 3547 est,
1589 3474 1689 3533 Dei
1745 3472 2023 3532 ordinatio
2080 3486 2182 3545 est,
2270 3476 2847 3553 penderimus],cujus
2867 3492 2970 3534 nos
2989 3474 3290 3550 perpetuos
3316 3476 3601 3530 debitores
3621 3478 3884 3531 ostendit

591 3575 841 3642 potestas
868 3574 1059 3622 autem
1104 3584 1139 3621 a
1176 3568 1293 3622 Deo
1333 3575 1451 3635 est;
1494 3568 1608 3622 non
1647 3568 1733 3621 est
1761 3564 1908 3621 enim
1940 3570 2189 3638 potestas
2268 3571 2570 3642 Apostolus
2607 3571 2797 3625 dicens
2829 3589 2840 3623 :
2875 3568 3100 3624 Nemini
3132 3560 3438 3639 quidquam
3477 3564 3737 3620 debeatis
3770 3567 3884 3620 nisi

591 3654 700 3713 nisi
729 3675 765 3712 a
793 3654 928 3712 Deo.
2269 3665 2334 3714 ut
2352 3657 2587 3714 invicem
2606 3659 2869 3729 diligatis.
3444 3660 3447 3663 ’

664 3746 717 3802 2.
779 3749 968 3816 Itaque
1005 3749 1105 3815 qui
1159 3746 1364 3799 resistit
1405 3734 1684 3814 potestati.
1737 3738 1801 3799 In
1853 3743 1943 3798 his
1981 3740 2189 3799 scilicet

594 3830 717 3906 quae
744 3829 816 3889 ad
841 3834 1179 3908 potestatem
1209 3834 1507 3911 pertinent.
1541 3828 1598 3887 id
1631 3839 1735 3899 est,
1760 3830 2007 3901 tributis,
2032 3834 2194 3888 vecti-

592 3918 833 3995 galibus,
867 3920 924 3978 et
950 3919 1137 3980 caeteri
1168 3918 1513 3997 hujusmodi.

666 4013 720 4070 3.
750 4015 979 4068 Habebis
1029 4014 1269 4068 laudem.
1318 4008 1466 4065 Laus
1509 4000 1747 4065 habetur
1787 4002 1852 4065 ei:
1891 4006 2185 4082 potestate,

596 4094 999 4173 qualiscunque
1046 4096 1139 4156 sit.
1185 4100 1302 4155 Aut
1343 4096 1493 4154 enim
1535 4099 1681 4153 bona
1729 4106 1831 4166 est,
1882 4102 1940 4153 et
1984 4100 2193 4155 bonum

596 4190 817 4257 laudat;
847 4196 947 4244 aut
972 4191 1140 4254 mala,
1170 4196 1227 4243 et
1256 4189 1465 4244 bonum
1484 4189 1869 4260 persequitur;
1905 4182 1962 4243 et
1989 4186 2068 4243 sic
2094 4202 2195 4261 per

595 4272 926 4350 patientiam
955 4268 1124 4332 illatae
1146 4268 1543 4344 tribulationis,
1562 4286 1754 4332 servus
1776 4268 1877 4332 Dei
1905 4278 2186 4333 laudatur.

666 4368 721 4443 4.
756 4360 934 4433 Time,-
962 4376 1098 4421 nam
1125 4370 1236 4421 non
1264 4369 1383 4420 sine
1420 4378 1585 4421 causa
1612 4364 1865 4435 gladium
1895 4352 2098 4437 portat.
2124 4364 2193 4422 Et

596 4457 700 4510 hoc
726 4452 946 4527 probat,
991 4455 1124 4527 quia
1164 4459 1291 4509 cum
1322 4462 1491 4510 causa
1524 4473 1535 4510 :
1577 4460 1633 4509 et
1677 4454 1782 4510 hoc
1822 4448 2039 4527 probat,
2089 4452 2190 4510 Dei

595 4546 746 4601 enim
773 4540 1032 4601 minister
1059 4542 1160 4600 est.

669 4634 720 4717 ξ).
749 4630 850 4690 Dei
871 4635 1042 4690 enim.
1079 4632 1260 4689 Causa
1285 4650 1386 4688 cur
1412 4628 1600 4688 timeri
1629 4626 1904 4705 oporteat.

663 4723 719 4778 6.
751 4721 851 4779 Dei
870 4725 1020 4778 enim
1040 4722 1299 4778 minister
1336 4722 1459 4776 Alia
1479 4732 1649 4777 causa
1667 4737 1768 4777 cur
1783 4723 1878 4795 qui
1898 4716 2189 4792 resistunt,

595 4804 1019 4867 damnationem
1045 4810 1151 4866 sibi
1181 4812 1498 4883 acquirunt.
1534 4886 1537 4889 Α

670 4902 723 4973 7,.
750 4903 965 4963 ,νίηάεω
994 4904 1059 4955 in
1104 4905 1275 4960 iram.
1316 4900 1593 4956 Subaudis
1627 4916 1638 4957 :
1678 4900 1737 4957 in
1767 4916 1896 4958 eum
1923 4903 2020 4975 qui
2047 4900 2193 4958 male

596 4984 730 5061 agit.
743 4984 876 5045 Ideo
896 4986 1048 5045 enim
1068 5006 1102 5044 a
1119 4988 1235 5045 Deo
1260 4986 1503 5046 ordinati
1522 4994 1672 5059 sunt,
1697 4980 1782 5046 vel
1803 4992 2031 5064 propter
2048 4988 2193 5047 iram

594 5085 653 5134 et
678 5075 1096 5134 conscientiam.

669 5162 721 5223 8.
754 5166 1009 5225 AMBROS.
1042 5162 1164 5222 Non
1195 5169 1373 5222 solum
1396 5174 1622 5239 propter
1645 5173 1816 5223 iram.
1843 5168 1906 5223 Id
1936 5174 2040 5235 est,
2072 5187 2196 5240 pro-

595 5247 722 5329 pter
742 5250 1079 5328 praesentem
1096 5252 1386 5323 ultionem,
1411 5254 1510 5312 sed
1530 5262 1761 5329 propter
1777 5258 2031 5312 futurum
2047 5254 2196 5329 judi-

598 5346 767 5413 cium,
791 5345 907 5411 ubi,
937 5351 1234 5400 accusante
1262 5346 1620 5409 conscientia,
1652 5336 1977 5417 punientur.

666 5432 723 5489 9.
755 5434 970 5489 LANFR.
1005 5436 1073 5488 In
1100 5435 1196 5488 hoe
1215 5438 1415 5504 ipsum.
1448 5436 1523 5489 Ut
1554 5434 1682 5488 boni
1711 5435 2029 5503 laudentur,
2062 5437 2196 5490 mali

599 5521 928 5591 puniantur.
950 5522 1142 5576 Potest
1170 5528 1226 5576 et
1252 5539 1353 5593 per
1381 5528 1643 5593 parentes
1675 5522 1911 5592 intelligi
1939 5527 2195 5579 ministri

599 5612 752 5663 enim
765 5610 864 5662 Dei
879 5616 1031 5678 sunt,
1053 5618 1119 5665 ut
1132 5611 1207 5666 sit
1234 5611 1580 5665 continuatio
1601 5626 1797 5664 sensus
1813 5616 2107 5681 praestatis,
2130 5617 2191 5668 in

596 5699 693 5751 hoc
720 5700 901 5769 ipsum
929 5703 1235 5763 servientes,
1268 5698 1479 5751 scilicet
1502 5698 1617 5752 Deo
1643 5699 1943 5773 placentes.

2349 3740 2430 3804 ll.
2461 3750 2713 3806 AMBROS.
2750 3750 2870 3802 Nox
2891 3750 3182 3816 praelusit.
3212 3746 3444 3801 Noctem
3481 3748 3733 3797 veterem
3774 3744 3881 3798 ho-

2271 3838 2484 3892 minem
2539 3838 2854 3908 signiﬁcat;
2906 3837 3056 3890 hunc
3110 3833 3444 3906 praeteriisse
3485 3832 3663 3886 dibit:
3719 3832 3883 3887 diem

2272 3926 2462 3981 autem
2492 3927 2990 3998 appropinquasse,
3032 3920 3090 3977 id
3131 3928 3219 3977 est
3257 3921 3562 3988 Christum,
3593 3920 3757 3990 cujus
3798 3922 3882 3975 lu-

2273 4017 2425 4070 mine
2460 4014 2675 4069 veritas‘
2690 4013 2851 4068 nobis
2882 4013 3164 4084 apparuit.

2343 4100 2431 4161 12.
2484 4103 2823 4173 Abjiciamus
2870 4112 3015 4170 ergo.
3067 4102 3131 4156 Id
3187 4094 3274 4155 est
3318 4100 3456 4154 vitia
3499 4097 3707 4165 carnis,
3751 4115 3881 4170 quae

2275 4194 2491 4247 occulta
2518 4198 2669 4257 sunt,
2703 4198 2760 4245 et
2778 4190 2947 4261 digna
2969 4196 3102 4245 sunt
3130 4180 3394 4245 tenebris.

2348 4280 2432 4337 i3.
2468 4278 2805 4338 Induamur.
2838 4280 2979 4334 Boni
3008 4284 3185 4347 actus,
3217 4288 3377 4333 arma
3410 4277 3550 4332 lucis
3576 4276 3733 4344 sunt,
3766 4277 3880 4330 im-

2272 4377 2587 4443 pugnantes
2614 4386 2786 4440 opera
2811 4368 3192 4423 tenebrarum.

2345 4456 2501 4514 CAP.
2531 4454 2686 4513 XIV.
2732 4484 2793 4497 --
2839 4458 2893 4511 1.
2924 4460 3172 4512 ΑΜΒΗοδ.
3208 4460 3509 4524 Inﬂrmum
3536 4460 3747 4508 autem.
3799 4456 3882 4510 Ex

2208 4546 2255 4609 B
2272 4546 2478 4605 Judaeis
2510 4548 2671 4602 erant
2702 4546 2798 4618 qui
2823 4547 3105 4602 Romanos
3130 4547 3201 4600 ad
3227 4540 3396 4600 ﬁdem
3426 4553 3879 4614 assumpserunt.

2277 4640 2379 4693 His
2400 4636 2692 4692 videbatur
2706 4650 2932 4692 carnem
2950 4634 3290 4708 prohibitam
3315 4630 3482 4690 edere
3502 4644 3615 4687 non
3634 4633 3877 4703 debere;

2276 4740 2415 4799 quos
2460 4724 2585 4781 ideo
2623 4724 2879 4780 inﬁrmos
2923 4737 3101 4780 vocat.
3133 4725 3271 4779 Aliis
3312 4729 3509 4778 contra
3533 4717 3879 4787 videbatur;

2276 4830 2415 4888 quos
2442 4812 2531 4870 hic
2550 4814 2902 4886 disputantes
2922 4815 3227 4885 apostolus,
3250 4812 3557 4868 concordiae
3573 4813 3884 4866 consulens

2276 4900 2514 4962 revocat.
2776 4974 2781 4979 Ι
2848 4957 2860 4970 ,

2346 4992 2400 5051 2.
2435 4992 2645 5047 LANFR.
2676 4991 2975 5060 [inﬁrmum
3004 4997 3213 5045 autem.
3240 4990 3506 5045 Perfecta;
3540 4987 3672 5041 ﬁdei
3710 4988 3885 5043 Chri-

2277 5076 2587 5136 stianorum
2616 5084 2718 5148 est,
2760 5078 2979 5135 nullum
3024 5079 3208 5134 cibum
3254 5072 3608 5133 immundum
3646 5082 3881 5146 putare,

2278 5171 2411 5242 quia
2440 5166 2629 5225 omnia
2657 5166 2870 5224 munda
2901 5170 3145 5225 mundis.
3182 5168 3424 5233 Quidam
3455 5172 3649 5221 tamen
3681 5165 3743 5220 in
3774 5168 3884 5221 hac

2276 5254 2386 5314 fide
2412 5252 2645 5326 infirmi,
2677 5274 2711 5314 ιι
2740 5257 3072 5330 quibusdam
3101 5246 3239 5312 cibis
3265 5256 3568 5311 censebant
3589 5249 3884 5310 abstinen-

2276 5350 2429 5403 dum.
2460 5349 2789 5419 Cujusmodi
2816 5348 3103 5403 hominem
3144 5347 3392 5418 praecipit
3426 5344 3732 5417 Apostolus
3763 5360 3881 5401 non

2276 5434 2672 5509 spernendum,
2699 5437 2798 5492 sed
2820 5450 2944 5491 cum
2967 5437 3240 5491 charitate
3268 5434 3672 5489 assumendum
3697 5433 3785 5489 ita
3816 5442 3882 5489 ut

2275 5542 2378 5579 nec
2404 5526 2463 5579 in
2491 5524 2924 5596 cogitationibus
2947 5523 3298 5594 judicaretur
3324 5538 3473 5576 reus.

2345 5614 2403 5672 3L
2440 5616 2687 5668 Ausus'r.
2732 5615 2822 5680 (De
2859 5616 3041 5681 Agone
3077 5612 3411 5677 Christiano,
3445 5628 3491 5665 c.
3524 5609 3612 5675 27,
3654 5615 3698 5663 t.
3743 5610 3875 5681 ΙΙΙ).

2272 5704 2379 5774 Qui
2416 5718 2525 5755 non
2566 5703 2888 5757 mandueat.
2928 5700 3145 5756 Dicitur
3174 5700 3451 5768 judicium
3488 5714 3590 5769 pro
3628 5696 3876 5756 damna-
