3912 6360
123 296 245 357 ιω
853 295 931 351 ΙΝ
967 294 1035 351 D.
1072 295 1290 355 PAULI
1326 296 1553 358 EPIST.
1591 296 1744 356 ΟΟΠ

1846 294 1967 355 NT.
2005 323 2072 343 «-
2112 292 2338 353 EPIST.
2377 291 2473 350 AD
2509 289 2686 346 ROM.
3295 287 3410 351 150

120 421 443 488 obuiam,
474 419 908 480 manducantem
934 435 1047 479 non
1068 419 1305 493 iudicet,
1335 421 1398 477 id
1425 426 1503 477 est
1526 423 1672 479 male
1700 421 2007 484 existimet;
2037 417 2188 475 Deus
2216 416 2366 475 enim
2393 416 2554 475 illum
2583 414 2909 488 assumpsit,
2938 416 3000 474 id
3023 421 3120 480 est.
3159 421 3211 476 et
3238 431 3403 477 mann

123 510 438 567 ducaan
457 514 506 567 et
532 510 911 566 abstinentem.
942 508 1026 563 Tu
1064 508 1190 580 quis
1211 525 1291 573 es,
1323 508 1419 583 qui
1439 507 1658 583 judicas
1679 504 1928 565 alienum
1958 522 2178 564 servum
2204 506 2231 558 *ἶ
2258 505 2312 559 4.
2339 505 2579 564 Domino
2608 521 2711 563 suo
2726 508 2861 566 stat.
2886 495 2987 564 aut
3010 494 3193 565 cadit:
3225 496 3398 566 stabit

127 602 338 655 autem
370 616 386 665 ;
420 603 620 673 potens
649 601 738 657 est
763 597 915 656 enim
950 586 1099 654 Deus
1130 602 1383 655 statuere
1403 597 1585 655 illum.
1616 598 1773 679 Nam
1793 596 1936 675 alius
1963 595 2016 655 5.
2059 593 2279 669 iudicat
2308 584 2457 651 diem
2487 593 2637 651 inter
2659 591 2808 651 diem
2840 610 2855 652 ;
2896 588 3040 677 alius
3086 596 3278 675 autem
3302 594 3401 678 δατ

125 686 289 740 dicat
322 696 549 740 omnem
582 684 730 739 diem
761 703 773 739 :
816 684 869 740 6.
901 685 1297 757 Unusquisque
1320 686 1380 740 in
1408 703 1509 741 suo
1535 702 1704 740 sensu
1723 685 1990 739 abundet.
2024 686 2084 742 7.
2115 683 2223 748 Qui
2243 683 2393 755 sapit
2413 680 2581 749 diem,
2612 679 2850 736 Domino
2878 680 3043 752 sapit,
3100 682 3161 734 id
3187 687 3280 749 est,
3327 683 3402 737 ad

128 775 408 829 honorem
429 776 678 840 Domini,
711 778 769 828 et
798 774 894 845 qui
924 774 1247 838 manducat,
1263 777 1324 828 id
1351 764 1444 840 est,
1479 786 1668 829 omnes
1702 775 1863 837 cibos,
1895 768 2159 839 Domino,
2183 774 2244 827 id
2271 777 2365 837 est,
2397 772 2472 826 ad
2494 773 2757 826 honorem
2775 772 3023 836 Domini,
3052 771 3356 825 manducet
3383 790 3397 826 :

126 865 396 932 (Domino
423 864 732 923 manducet
754 866 889 933 quia
907 877 1021 921 non
1041 865 1167 930 sibi,
1193 880 1363 932 neque
1388 867 1541 921 enim
1555 866 1756 921 vinum
1769 864 1876 921 sibi
1898 863 2062 926 bibit;
2091 876 2265 930 neque
2282 863 2452 917 etiam
2471 862 2581 915 sibi
2594 862 2857 929 moritur)
2877 859 3093 930 gratias
3110 859 3264 921 enim
3281 859 3402 932 agit

125 951 275 1020 Deo,
307 965 420 1021 pro
446 954 649 1008 cauata
676 953 1042 1011 abstinentia.
1079 952 1150 1010 Et
1179 953 1275 1024 qui
1302 967 1416 1011 non
1443 952 1762 1017 manducet,
1786 949 2026 1007 Domino
2044 964 2158 1007 non
2178 948 2500 1014 manducet,
2533 952 2592 1005 et
2618 948 2835 1019 gratias
2868 948 2989 1021 agit
3030 948 3169 1007 Deo.
3219 948 3402 1009 Nemo

128 1040 289 1097 enim
322 1045 586 1099 nostrmn
605 1040 712 1097 sibi
726 1039 944 1105 vivit,et
962 1057 1129 1097 nemo
1146 1041 1253 1097 sibi
1273 1041 1532 1098 moritur.
1550 1038 1605 1097 8.
1629 1040 1757 1097 Sive
1769 1039 1916 1097 enim
1927 1037 2429 1105 vivimus,Domino
2442 1036 2707 1105 vivimus;
2729 1038 2846 1093 sive
2862 1036 3403 1106 merimur,Domino

127 1129 567 1195 moﬂmur,sive
586 1129 1106 1200 ergevivimus,sive
1128 1129 1420 1195 morimur,
1431 1130 1647 1187 Domini
1661 1129 1947 1187 sumus.ln
1958 1127 2217 1185 hocenim
2233 1125 2490 1185 Christus
2500 1131 2759 1185 mortqu
2769 1130 2856 1183 est
2867 1126 3330 1195 etresurrexihut
3343 1116 3403 1189 et

128 1224 503 1277 mortuorum
512 1224 571 1277 et
591 1219 843 1275 vivorum
864 1218 1205 1276 dominetur.
1217 1219 1303 1277 Tu
1316 1223 1505 1275 autem
1518 1221 1733 1283 scilicet,
1751 1219 2029 1275 abstinens
2060 1215 2192 1287 quid
2209 1215 2430 1285 judicas
2445 1214 2679 1274 fratrem
2692 1220 2856 1275 tuum
2874 1217 2904 1272 Ἰ
2931 1219 3137 1277 scilicet
3154 1217 3402 1275 mandi“-

131 1314 381 1365 contem.
413 1310 533 1365 Aut
557 1315 621 1363 tu
642 1324 818 1379 quare
854 1309 1072 1379 spernis
1101 1309 1334 1367 fratrem
1360 1306 1565 1366 tuum?
1585 1307 1637 1362 9.
1671 1307 1879 1364 Omnes
1914 1305 2063 1361 enim
2098 1304 2373 1361 stabimus
2417 1310 2548 1362 ante
2584 1304 2836 1365 tribunal
2853 1305 3085 1365 Christi.
3117 1305 3402 1376 Scriptum

128 1404 217 1455 ut
241 1398 411 1455 enim
436 1415 450 1453 :
482 1397 602 1453 vivo
619 1384 1455 1468 ego,dioitDominus,quoniam
1469 1396 1611 1453 mihi
1623 1396 1882 1453 flectetur
1891 1408 2056 1453 omne
2066 1407 2216 1464 genu
2231 1398 2291 1448 et
2302 1393 2485 1451 omnis
2493 1393 2688 1465 lingua
2698 1394 3402 1466 wnﬁtebituerJtuque

127 1486 535 1558 unusquisque
552 1491 809 1544 nostrum
832 1502 931 1558 pro
956 1503 1018 1543 se
1036 1486 1314 1544 rationem
1334 1485 1531 1544 reddet
1547 1486 1683 1541 Deo.
1714 1485 1839 1543 Non
1857 1498 1991 1553 ergo
2019 1483 2262 1554 amplius
2289 1482 2528 1542 invicem
2547 1484 2899 1554 iudicemus;
2923 1483 3403 1555 aedhocjudioeto

125 1578 339 1647 magis,
380 1576 469 1633 10.
500 1590 573 1633 ne
595 1577 818 1647 penatis
836 1576 1231 1634 oﬂ‘endiculum
1259 1576 1442 1642 fratri,
1472 1575 1558 1630 vel
1584 1574 1911 1649 scandalum
1945 1570 2031 1637 ll,
2059 1570 2145 1630 12.
2167 1572 2294 1629 Scio
2313 1577 2369 1631 et
2388 1573 2607 1630 confido
2625 1572 2686 1629 in
2701 1572 2941 1632 Domino
2954 1574 3088 1633 Jesu
3106 1572 3240 1644 quia
3261 1572 3407 1633 nihil

126 1680 441 1721 commune
472 1667 596 1732 38
623 1682 725 1737 per
745 1667 949 1737 ipsum.
974 1664 1064 1723 13.
1088 1666 1196 1724 nisi
1224 1665 1277 1722 ei
1304 1665 1402 1736 qui
1432 1665 1717 1722 existimat
1735 1661 1870 1734 quid
1889 1677 2186 1719 commune
2213 1676 2336 1721 esse
2375 1661 2453 1719 14.
2483 1662 2568 1722 illi
2596 1676 2894 1724 commune
2920 1669 3026 1729 est.
3058 1662 3144 1727 15.
3169 1663 3230 1725 Si
3252 1664 3404 1724 enim

125 1762 372 1827 propter
387 1755 598 1822 cibum,
627 1758 831 1810 scilicet
858 1771 1018 1824 quem
1044 1757 1239 1820 sumis,
1271 1760 1354 1811 vel
1376 1770 1410 1809 α
1433 1768 1540 1821 quo
1569 1754 1828 1819 abstines,
1848 1752 2024 1808 frater
2046 1756 2177 1809 tuus
2193 1751 2592 1811 contristatur:
2621 1755 2740 1823 jam
2761 1765 2876 1813 non
2894 1753 3205 1815 secundum
3224 1753 3404 1815 chari-

125 1850 313 1900 tatem
336 1845 617 1901 ambulas.
644 1845 772 1902 Noli
791 1843 914 1900 cibo
932 1850 1032 1899 tuo
1053 1844 1213 1902 illum
1231 1843 1486 1914 perdere,
1512 1858 1614 1914 pro
1641 1853 1751 1912 quo
1775 1840 2031 1899 Christus
2048 1845 2306 1899 mortuus
2323 1847 2428 1901 est.
2450 1843 2577 1902 Non
2599 1860 2734 1914 ergo
2753 1843 3173 1916 blasphematur
3192 1843 3407 1904 bonum

127 1937 420 1988 nomen.
443 1934 576 1988 Non
593 1938 679 1988 est
691 1933 841 1988 enim
855 1931 944 1987 16.
967 1940 1205 2002 regnum
1227 1932 1351 1999 Dei,
1377 1942 1504 1989 esca
1522 1936 1579 1987 et
1598 1935 1763 2001 potus
1786 1947 1801 1995 ;
1832 1929 1928 1986 sed
1943 1928 2187 1998 justitia.
2209 1945 2338 2005 pax,
2364 1935 2423 1987 et
2441 1931 2714 2001 gaudium
2733 1932 2793 1991 in
2818 1932 3032 2004 Spiritu
3050 1938 3281 2002 sancto;
3310 1932 3409 2005 qui

128 2022 282 2077 enim
308 2023 375 2078 in
401 2023 511 2079 hoe
537 2023 712 2077 servit
723 2022 1157 2093 Christo.placet
1169 2022 1306 2084 Deo.
1337 2026 1396 2076 et
1420 2019 1691 2092 probatus
1717 2022 1805 2075 est
1824 2017 2163 2075 hominibus.
2197 2019 2396 2090 Itaque
2416 2032 2540 2090 qua
2560 2019 2711 2091 pacis
2730 2024 3194 2090 suunseotemur;
3217 2027 3409 2093 etque

128 2110 533 2166 .diﬁcationil
553 2117 705 2175 sunt,
727 2111 789 2166 in
817 2111 1055 2166 invicem
1075 2110 1476 2167 custodiamus.
1514 2107 1597 2166 17.
1628 2107 1757 2165 Noli
1772 2113 2002 2183 propter
2029 2120 2215 2168 escam
2235 2109 2526 2169 destruere
2555 2119 2698 2182 opus
2724 2112 2846 2172 Dei.-
2862 2114 2924 2173 ἰῶ
2942 2119 3036 2179 est.
3055 2114 3404 2190 Martinam.

135 2197 223 2256 18.
260 2199 481 2254 Omnia
508 2200 736 2271 quidem
766 2208 898 2255 sunt
925 2200 1135 2254 munda
1158 2218 1173 2267 ;
1203 2199 1302 2253 sed
1323 2197 1533 2253 malum
1552 2203 1637 2254 est
1652 2196 1989 2271 homini,qui
2018 2196 2095 2255 19.
2120 2198 2627 2269 peroffendiculum
2643 2200 2962 2255 manducat.
2984 2201 3205 2255 Bonum
3221 2199 3407 2256 est20.

132 2305 247 2343 non
276 2289 629 2344 manducare
651 2294 965 2358 carnem,et
976 2306 1092 2344 non
1112 2288 1304 2344 bibere
1319 2287 1719 2357 vinum,neque
1747 2285 1808 2340 in
1834 2302 1943 2356 quo
1965 2282 2141 2341 frater
2160 2292 2293 2341 tuus
2321 2287 2643 2359 offenditur,
2655 2294 2756 2343 aut
2771 2288 3204 2357 scandalizatur,
3221 2289 3412 2344 autin-

660 2517 669 2526 ,
1473 2438 2060 2495 COMMENTARIUS.

130 2565 307 2622 tione.
341 2565 498 2623 Dicit
520 2563 823 2641 Apostolus
854 2586 866 2622 :
901 2564 1010 2639 Qui
1028 2582 1141 2621 non
1157 2556 1735 2632 manducat,1nandu-
1756 2565 1808 2623 A
1828 2571 1916 2621 ter
1941 2563 2083 2618 duos
2105 2546 2423 2634 superiores
2449 2563 2642 2619 dicens
2673 2583 2685 2618 :
2718 2565 2947 2621 Nullam
2975 2571 3292 2629 creaturam
3315 2570 3417 2645 per

134 2660 355 2712 euntem
413 2673 530 2712 non
557 2657 791 2727 judicet,
824 2652 880 2711 id
911 2658 1014 2723 est,
1046 2671 1161 2712 non
1189 2652 1258 2711 de
1286 2651 1384 2709 illo
1430 2652 1578 2716 male
1623 2650 1739 2706 exl-

135 2743 349 2809 stimet,
382 2747 442 2798 et
479 2742 753 2801 Dominus
781 2741 948 2801 dicit:
976 2743 1154 2800 Nolite
1170 2742 1453 2815 judicare,
1488 2756 1554 2796 ne
1579 2738 1739 2810 judi-

136 2837 288 2887 σείω-
325 2833 390 2889 de
407 2831 585 2890 vobis.

206 2918 261 2979 4.
294 2920 507 2979 Lassa.
532 2922 768 2979 Domino
788 2938 886 2997 suo
913 2924 1043 2990 stat,
1074 2918 1133 2977 id
1161 2926 1265 2989 est,
1296 2921 1368 2976 ad
1396 2916 1623 2976 laudem
1653 2919 1740 2974 sui

140 3010 386 3079 Domini,
422 3014 481 3066 et
505 3010 811 3084 perfectam
841 3011 1009 3067 ﬁdem
1038 3008 1262 3078 habeat,
1304 3015 1361 3068 et
1413 3010 1473 3064 in‘
1520 3007 1630 3063 fide
1659 3007 1743 3065 in-

139 3101 401 3157 ﬁrmatur
426 3121 440 3167 ;
473 3101 622 3156 bona
650 3101 801 3156 enim
829 3099 1140 3156 intentione
1161 3097 1265 3157 hoc
1292 3099 1431 3172 agit.

207 3191 259 3245 5.
287 3189 518 3246 Iudicat
546 3190 713 3260 diem,
758 3186 863 3246 hoc
900 3190 1004 3258 est,
1048 3188 1275 3264 quidam
1309 3186 1475 3245 certis
1493 3186 1689 3244 diebus
1721 3207 1734 3257 ;

133 3274 363 3349 quidam
393 3274 551 3334 omni
574 3278 667 3336 die
695 3280 898 3352 putant
921 3276 1335 3336 abstinendum.

201 3366 254 3423 ὃ.
290 3370 695 3441 Unusquisque.
726 3370 897 3437 Quasi
942 3370 1154 3427 diceret
1183 3388 1196 3424 :
1231 3368 1327 3440 qui
1354 3373 1520 3443 putat
1558 3364 1741 3424 omni-

139 3454 241 3512 bus
268 3454 571 3526 utendum,
603 3474 731 3513 cum
764 3455 1078 3531 gratiarum
1128 3456 1348 3513 actione
1401 3461 1613 3513 utatur.
1672 3457 1743 3512 Et

141 3540 235 3617 qui
290 3546 462 3619 putat
497 3544 912 3616 abstinendum,
941 3552 1172 3623 propter
1201 3546 1383 3604 Deum
1437 3538 1734 3605 abstineat.

205 3634 254 3693 7.
291 3638 405 3704 Qui
426 3639 592 3706 sapit,
647 3628 703 3691 id
736 3636 841 3702 est,
868 3635 1136 3709 intelligit
1161 3637 1221 3692 in
1251 3634 1592 3693 abstinentia
1638 3634 1738 3691 ob-

142 3714 477 3781 servandum
502 3720 674 3781 diem.

1823 2656 2109 2713 Christum
2140 2653 2344 2708 factam
2375 2666 2496 2708 esse
2526 2660 2905 2722 communem,
2945 2655 3003 2709 id
3031 2661 3138 2724 est,
3168 2655 3416 2712 immun-

1821 2746 1972 2821 dam.
2005 2744 2315 2800 Commune
2342 2742 2492 2801 enim
2521 2740 2878 2803 immundum
2907 2744 3176 2803 vocabant
3210 2730 3415 2822 piudaei.

1889 2826 1980 2889 13.
2006 2836 2254 2891 Annuus.
2301 2832 2427 2887 Nisi
2446 2833 2497 2885 ei
2524 2834 2623 2907 qui
2651 2833 2949 2901 existimat,
2981 2824 3040 2887 id
3070 2836 3173 2901 est,
3201 2824 3419 2896 11111111-

1821 2923 2096 2979 mundum
2126 2925 2229 2987 est,
2263 2921 2359 2992 qui
2386 2914 2549 2993 putat
2575 2928 2689 2975 non
2719 2910 3018 2981 edendum.
3046 2920 3117 2978 Et
3145 2924 3278 2999 quia
3304 2918 3420 2980 non

1823 3015 1930 3072 hoc
1958 3011 2358 3088 superstitione
2389 3010 2542 3074 facit,
2566 3010 2665 3064 sed
2693 3009 2898 3065 timore
2928 3022 3051 3087 suo,
3094 3010 3301 3079 iudicio
3333 3020 3419 3069 re-

1780 3129 1783 3131 ν
1823 3100 2177 3159 servandum.

1888 3184 1981 3267 li.
2026 3188 2233 3248 Lassa.
2265 3188 2365 3267 Illi
2390 3198 2695 3245 commune.
2738 3187 2911 3267 Quasi
2939 3186 3152 3267 diceret
3179 3202 3195 3247 :
3226 3200 3422 3251 revera

1821 3264 1963 3338 nihil
1991 3282 2076 3335 est
2101 3264 2478 3345 immundum,
2500 3277 2600 3337 sed
2628 3278 2724 3351 qui
2750 3264 2915 3352 putat
2941 3266 3156 3357 aliquid
3184 3278 3425 3337 agseim.

1822 3368 2120 3438 mundum,
2151 3368 2211 3425 in
2235 3368 2355 3425 Sola
2382 3370 2505 3441 ejus
2529 3368 2792 3442 opinione
2819 3372 2908 3429 est
2934 3358 3311 3429 immundum.

1895 3461 1985 3518 15.
2017 3460 2082 3516 Si
2108 3462 2260 3514 enim
2282 3463 2509 3530 propter
2531 3459 2867 3518 cibum.Non
2878 3459 3194 3534 contristes;
3213 3446 3425 3519 sie'nim

1822 3549 2123 3609 contristes
2147 3550 2376 3625 propter
2412 3546 2618 3615 cibum,
2651 3547 2838 3621 perdis
2884 3547 3008 3609 cibo
3048 3548 3148 3605 tuo
3211 3546 3373 3611 illum
3404 3570 3420 3620 ;

1821 3641 1920 3698 sed
1949 3634 2182 3713 perdere
2211 3654 2325 3694 non
2376 3634 2563 3707 debes,
2596 3653 2727 3692 nam
2759 3626 3014 3695 Christus
3041 3654 3146 3715 pro
3174 3646 3249 3694 eo”,
3278 3646 3426 3694 mor-

1819 3726 1956 3791 tuus
1987 3734 2091 3786 est.
2117 3728 2262 3802 Ergo
2290 3742 2404 3785 non
2443 3724 2739 3785 contristes
2772 3746 2786 3797 ;
2827 3726 2978 3801 quod
3030 3728 3117 3782 est
3153 3745 3266 3783 non
3291 3734 3426 3805 erg'o

208 3813 259 3868 8-
290 3810 540 3869 Αῠαυετ.
567 3812 657 3881 (De
671 3814 844 3886 προς.
864 3816 1026 3887 inps.
1050 3812 1248 3885 CXLIV).
1275 3812 1397 3870 Sive
1427 3816 1577 3870 enim
1605 3817 1741 3869 υἰυί-
1759 3839 1806 3898 Β
1825 3818 2249 3893 blasphematur
2290 3813 2502 3872 bonum
2530 3820 2815 3873 nostrum.
2875 3815 2944 3872 Et
2971 3815 3132 3891 ponit
3160 3814 3310 3891 quod
3338 3814 3426 3872 est

144 3923 281 3963 mus.
317 3907 479 3964 Sicut
505 3902 910 3979 magnitudinis
941 3904 1166 3966 Domini
1210 3925 1325 3964 non
1363 3913 1449 3963 est
1485 3906 1634 3973 ﬁnis,
1666 3902 1746 3961 sic

145 4003 251 4052 tum
296 3996 486 4051 laudis
522 4008 636 4051 non
666 3998 775 4051 erit
802 3999 929 4053 finis
979 4001 1106 4054 Non
1132 3998 1281 4057 enim
1312 4014 1441 4053 cum
1487 4002 1745 4055 mortuus

146 4086 315 4142 fueris
346 4087 408 4141 in
449 4086 557 4141 hac
590 4103 778 4152 carne,
811 4088 1030 4146 desines
1074 4088 1307 4144 laudare
1343 4082 1543 4145 Deum.
1585 4084 1746 4143 Unde

148 4162 355 4229 factum
375 4179 464 4230 est
487 4179 554 4230 ut
580 4174 702 4245 ejus
733 4176 809 4231 sis
851 4182 907 4231 et
934 4174 1234 4233 mortuus?
1264 4176 1396 4248 quia
1423 4173 1604 4246 pretio
1656 4175 1745 4231 sui

150 4263 441 4334 sanguinis
469 4268 525 4319 te
554 4256 794 4322 redemit
823 4270 881 4323 et
908 4272 1196 4330 mortuus;
1243 4262 1521 4339 quomodo
1559 4258 1746 4336 perdit

153 4365 374 4404 servum
422 4344 734 4421 mortuum,
764 4356 925 4426 cujus
958 4372 1112 4410 mors
1139 4350 1226 4409 est
1268 4354 1509 4426 pretium
1536 4361 1701 4411 tuum
1719 4352 1746 4405 ?

154 4437 280 4494 Ideo
310 4454 441 4494 cum
469 4440 719 4508 dixisset,
749 4445 859 4497 sive
881 4446 1139 4511 vivimus,
1162 4446 1269 4500 sive
1288 4447 1568 4499 morimur
1590 4462 1606 4507 ;
1646 4444 1748 4496 Do-

156 4524 299 4583 mini
323 4538 540 4596 sumus,
571 4522 637 4586 ut
662 4528 982 4587 ostenderet
1011 4533 1195 4605 ipsum
1223 4530 1489 4603 pretium.
1528 4527 1615 4589 Ad
1645 4531 1747 4585 hoc

157 4618 323 4681 enim,
346 4608 553 4688 inquit,
569 4618 819 4674 Christus
834 4624 1090 4674 mortuus
1108 4624 1202 4674 est.
1225 4618 1277 4675 9.
1296 4616 1504 4675 Lanrn.
1531 4618 1746 4680 (Omnes

158 4707 302 4758 enim
326 4708 618 4776 stabimus)
645 4707 731 4761 Ne
749 4723 998 4778 spernas,
1035 4709 1135 4764 sed
1155 4708 1225 4763 de
1252 4715 1310 4763 te
1337 4708 1414 4764 sis
1442 4700 1742 4775 sollicitus;

159 4784 544 4865 unusquisque
590 4790 743 4851 enim
807 4813 908 4868 pro
946 4814 1007 4852 se
1055 4798 1337 4854 rationem
1366 4794 1582 4867 reddet,
1615 4797 1748 4872 quia

163 4888 350 4936 omnes
371 4880 646 4939 Stabimus
665 4890 798 4941 ante
824 4885 1071 4941 tribunal
1102 4884 1326 4942 Christi.

233 4971 314 5031 10·
355 4975 456 5043 (Ne
496 4978 716 5044 ponatis
743 4977 1154 5046 oﬁ'endicuium)
1185 4978 1271 5033 Ne
1300 4993 1477 5048 ponas
1512 4968 1746 5032 offendis

165 5054 345 5118 culum
367 5055 551 5131 fratri,
575 5056 632 5120 id
675 5069 780 5129 est,
830 5080 902 5120 ne
932 5065 1226 5122 contristes
1258 5085 1272 5123 ;
1307 5081 1439 5123 nam
1464 5060 1515 5123 si
1541 5065 1749 5122 contri-

166 5156 293 5223 stes,
331 5168 445 5209 non
474 5144 732 5209 ambulas
755 5140 1058 5209 secundum
1081 5153 1432 5212 charitatem.

237 5228 314 5292 ll.
340 5230 587 5292 Ananos.
619 5228 741 5291 Scio
771 5242 820 5291 et
839 5236 1064 5305 conﬁdo.
1089 5232 1448 5294 Manifestum
1468 5234 1751 5293 estSalva-

1827 3924 2174 3982 consequens
2200 3902 2552 3971 contristare,
2586 3905 2719 3980 quia
2760 3908 2825 3958 ex
2854 3903 3189 3963 contristare
3234 3912 3424 3961 cense.

1828 3999 2022 4071 quitur
2050 3992 2199 4069 quod
2227 3990 2650 4065 blasphematur
2663 3992 3076 4049 Christianitas.

1901 4087 1985 4144 16.
2020 4088 2267 4154 Regnum
2295 4085 2394 4137 Dei
2414 4098 2529 4141 esca
2574 4082 2730 4148 Esca,
2748 4082 2835 4136 vel
2854 4086 3021 4157 potus
3031 4081 3148 4138 sive
3167 4084 3426 4161 sumptus

1827 4194 1942 4233 non
1962 4172 2097 4231 facit
2116 4170 2404 4228 hominem
2432 4167 2638 4227 habere
2654 4184 2893 4245 regnum
2919 4166 3042 4245 Dei,
3066 4169 3165 4228 sed
3179 4170 3422 4249 justitia,
3510 4186 3515 4191 '

1827 4269 1885 4318 et
1901 4268 2122 4321 caetera.

1903 4349 1983 4409 l7.
2013 4352 2257 4406 AMBROS.
2289 4348 2421 4405 Noli
2452 4352 2680 4423 propter
2707 4365 2904 4411 escam.
2939 4348 3122 4407 Homo
3154 4368 3295 4432 opus
3321 4336 3427 4408 Dei

1828 4448 1913 4497 est
1944 4461 1956 4510 ;
1998 4446 2054 4495 et
2081 4436 2291 4521 iterum
2319 4454 2459 4511 opus
2486 4436 2589 4494 Dei
2617 4433 2722 4507 est,
2777 4436 2914 4501 dum
2942 4438 3282 4500 reformatur
3317 4458 3421 4521 per

1826 4530 2330 4604 regenerationem.

1898 4616 1987 4675 18.
2023 4618 2223 4676 Omnia
2248 4610 2490 4690 quidem.
2523 4616 2666 4673 Cum
2714 4620 2816 4691 per
2856 4606 3121 4677 naturam
3163 4612 3429 4681 animalia

1828 4700 2042 4762 munda
2067 4705 2202 4774 sint,
2227 4702 2616 4761 dubitantibus
2635 4710 2827 4763 tamen
2857 4704 3004 4762 ﬁunt
3028 4706 3353 4785 immunda,
3369 4712 3429 4764 'et

1830 4798 1936 4853 erit
1962 4797 2046 4852 illi
2073 4792 2489 4862 oll‘endiculum,
2523 4792 2620 4869 qui
2638 4811 2764 4850 cum
2795 4788 3035 4865 dubitat,
3067 4792 3311 4855 comedit
3337 4798 3426 4852 ta-

1831 4902 1981 4943 men.
2436 4922 2443 4927 -

1898 4970 1988 5030 '19.
2020 4973 2229 5030 LANPB.
2261 4970 2365 5028 Per
2388 4970 2800 5043 o/fendiculum,
2823 4972 2930 5029 hoc
2956 4974 3060 5045 est,
3094 4973 3193 5048 qui
3218 4990 3325 5031 sua
3340 4989 3430 5029 co-

1832 5062 2107 5121 mestione
2133 5076 2247 5119 non
2285 5060 2718 5117 manducantem
2745 5061 3104 5121 scandalizat.

1769 5156 1813 5217 Ο
1911 5148 1994 5209 10.
2018 5150 2144 5208 Νοη
2171 5148 2532 5206 manducare.
2581 5149 2700 5206 Hoc
2745 5154 2831 5206 est
2881 5150 3029 5224 quod
3065 5149 3219 5227 dicit,
3250 5149 3299 5205 si
3325 5146 3430 5210 im-

1833 5240 2258 5317 praesentiarum
2304 5238 2380 5295 sit
2406 5237 2501 5295 ille
2539 5239 2635 5312 qui
2677 5239 2940 5308 abstinet,
2973 5244 3030 5298 et
3056 5239 3136 5296 ita
3171 5238 3431 5299 inﬁrmus

167 5326 293 5382 toris
323 5322 596 5382 beneﬁcio
618 5321 808 5381 omnia
832 5324 1045 5381 munda
1082 5344 1234 5396 esse;
1269 5328 1365 5403 qui
1391 5328 1461 5383 de
1489 5324 1594 5383 sub
1615 5326 1752 5399 jugo
1834 5329 1909 5387 sit
1946 5337 2009 5385 ut
2037 5324 2317 5407 patienter
2351 5345 2464 5385 non
2502 5328 2679 5406 possit
2706 5346 2936 5387 cernere
2963 5322 3214 5384 utentem
3269 5345 3430 5389 crea-

168 5410 295 5487 legis
314 5428 521 5473 eruens
545 5408 822 5483 homines,
854 5410 1098 5472 reddidit
1121 5423 1333 5473 statum
1363 5412 1662 5490 pristinum
1693 5418 1753 5472 li~

170 5496 413 5562 hortatis.

240 5584 553 5652 1?.Lwrn.
576 5586 702 5652 Scio
739 5600 789 5649 et
816 5589 1043 5663 confido.
1105 5588 1457 5653 Sententiam
1512 5583 1620 5653 fert
1666 5587 1755 5653 in-

1834 5416 1979 5475 turis
2006 5415 2126 5486 Dei,
2145 5433 2274 5474 eum
2304 5419 2398 5492 qui
2422 5417 2588 5473 ﬁdem
2614 5414 2783 5473 habet
2801 5414 3061 5473 omnibus
3072 5412 3293 5492 utendi,
3308 5420 3430 5476 me-

1835 5510 1946 5564 lius
1979 5514 2065 5564 est
2094 5506 2262 5563 ﬁdem
2291 5505 2521 5563 habenti
2545 5502 2615 5562 ab
2644 5507 2724 5563 eis
2747 5503 3029 5563 abstinere
3056 5524 3227 5586 quam
3254 5505 3430 5567 absti-

1838 5598 2010 5655 nendi
2040 5598 2357 5657 molestiam
2390 5614 2492 5652 sua
2518 5595 2875 5671 perceptione
2902 5594 3177 5671 ingerere.
