3912 6350
516 302 614 361 151
1497 307 1560 360 Β.
1602 307 2016 364 LANFRANCI
2055 310 2113 364 Cl

2213 309 2414 365 I‘UAR.
2454 310 2792 367 ARCHIEP.
3686 313 3705 369 ι
3721 313 3800 366 5?

487 418 495 426 ’
525 425 807 481 ﬁrmatur.
837 423 922 478 Tu
949 423 1117 477 ﬁdem
1146 423 1359 478 habes?
1387 430 1591 482 scilicet
1637 432 1892 483 omnibus
1920 432 2132 493 utendi,
2164 447 2337 502 penes
2364 434 2726 503 temetipsum
2757 432 2902 487 habc
2933 448 3118 487 coram
3154 433 3289 488 Deo.
3321 431 3411 489 21.
3444 433 3651 488 Beatus
3676 431 3789 489 22.

527 513 622 584 qui
653 528 766 567 non
779 512 995 582 judicat
1022 513 1405 584 semetipsum,
1437 517 1496 569 id
1527 522 1621 584 est,
1653 520 1982 587 culpabilem
2027 521 2167 586 facit
2189 519 2245 573 in
2277 536 2342 577 eo
2365 521 2515 593 quod
2554 520 2772 593 probat.
2806 520 2895 575 23.
2930 521 3038 587 Qui
3066 527 3256 576 autem
3287 520 3573 589 discernit,
3605 520 3699 578 24.
3736 523 3796 576 si

523 601 962 669 manducaverit,
991 601 1291 660 damnatus
1320 609 1424 671 est,
1458 605 1590 676 quia
1607 621 1720 662 non
1750 623 1819 661 ex
1847 607 1975 661 ﬁde.
2006 605 2096 662 25.
2137 623 2302 661 omne
2331 613 2542 676 autem,
2583 609 2732 680 quod
2751 625 2865 665 non
2885 614 2972 665 est
3004 625 3071 666 ex
3090 609 3219 676 ﬁde,
3243 614 3535 682 peccatum
3562 614 3669 665 est.

1884 735 2014 797 39
2040 731 2273 787 CAPUT
2300 733 2419 787 XV.

597 849 878 906 Debemus
899 856 1109 918 autem,
1131 869 1246 908 non
1261 855 1982 921 ﬁrmiores,imhecillitates
2000 855 2355 910 inﬁrmorum
2374 858 2653 912 sustinere
2667 863 2724 913 et
2737 874 2850 913 non
2863 858 3023 913 nobis
3034 858 3273 930 placere.
3297 857 3347 915 1.
3379 859 3800 931 Unusquisque

526 944 775 994 vestrum
790 942 1046 1012 proximo
1068 958 1169 997 suo
1187 944 1408 1014 placeat
1431 944 1491 997 in
1509 944 1739 1010 bonum,
1762 947 1835 999 ad
1861 944 2305 999 aediﬁcationem.
2321 944 2539 999 Etenim
2552 946 2807 1000 Christus
2827 963 2941 1001 non
2960 945 3066 1000 sibi
3078 946 3307 1017 placuit,
3332 948 3451 1013 sed,
3476 948 3624 1002 sicut
3640 948 3797 1002 scri-

522 1033 686 1099 ptum
700 1034 785 1083 est
806 1048 817 1083 ε
835 1031 1181 1103 Improperia
1202 1032 1705 1104 improperantium
1731 1034 1835 1088 tibi
1854 1033 2177 1089 ceciderunt
2194 1050 2363 1104 super
2380 1051 2490 1088 me.
2511 1036 2566 1089 2.
2590 1035 2949 1106 Qumcunque
2980 1036 3131 1090 enim
3161 1037 3372 1107 scripta
3399 1040 3550 1103 sunt,
3578 1037 3652 1091 ad
3681 1052 3799 1090 no-

526 1123 706 1171 stram
734 1117 1046 1172 doctrinam
1076 1120 1286 1190 scripta
1313 1126 1465 1184 sunt,
1497 1126 1561 1173 ut
1590 1137 1689 1191 per
1716 1121 2049 1190 patientiam
2078 1126 2135 1175 et
2161 1123 2601 1178 consolationem
2627 1125 3060 1195 Scripturarum,
3086 1141 3245 1195 spem
3259 1124 3590 1179 habeamus.
3625 1125 3796 1179 Deus

525 1210 717 1261 autem
731 1207 1017 1277 patientiae
1031 1209 1283 1264 etsolatii
1300 1209 1396 1263 det
1415 1208 1567 1262 vobis
1582 1209 1822 1279 idipsum
1836 1226 2032 1280 sapere
2062 1210 2120 1264 in
2142 1211 2497 1272 alterutrum,
2524 1212 2827 1265 secundum
2852 1213 2879 1266 J
2884 1228 3040 1266 esum
3057 1212 3366 1271 Christum.
3392 1217 3457 1267 ut
3477 1212 3798 1267 unanimes

524 1310 642 1349 uno
671 1311 769 1350 ore
787 1297 1167 1351 honoriﬁcetis
1179 1298 1357 1351 Deum
1373 1304 1430 1351 et
1447 1299 1673 1352 Patrem
1693 1297 1915 1351 Domini
1937 1298 2117 1351 nostri
2141 1299 2170 1352 J
2176 1315 2274 1352 esu
2297 1299 2771 1370 Christi.Pr0pter
2787 1301 2936 1371 quod
2966 1300 3231 1371 suscipite
3260 1300 3516 1367 invicem,
3557 1298 3610 1358 3.
3635 1300 3796 1355 sicut

528 1389 589 1438 et
612 1385 871 1440 Christus
894 1386 1140 1457 suscepit
1159 1401 1258 1440 vos
1285 1386 1344 1440 in
1372 1387 1643 1440 honorem
1670 1386 1791 1440 Dei.
1824 1384 1877 1441 4.
1919 1386 2055 1440 Dico
2079 1387 2228 1441 enim
2253 1388 2539 1442 Christum
2570 1389 2762 1443 Jesum
2791 1389 3111 1443 ministrum
3139 1389 3311 1443 fuisse
3339 1389 3796 1443 circumcisionis

526 1479 763 1545 propter
792 1474 1085 1528 veritatem
1115 1475 1237 1538 Dei,
1259 1476 1331 1529 ad
1359 1475 1773 1529 conﬁrmandas
1802 1475 2199 1545 promissiones
2237 1476 2490 1530 Patrum.
2525 1474 2577 1542 5,
2604 1473 2658 1543 6,
2688 1475 2741 1531 7.
2764 1478 2972 1531 Gentes
2991 1478 3209 1545 (probat
3232 1480 3366 1546 quia
3394 1480 3624 1545 suscepit
3651 1492 3795 1544 gen-

531 1567 626 1627 tes,
658 1564 739 1615 vel
768 1562 1043 1615 honorare
1068 1564 1242 1617 Deum
1269 1569 1468 1631 gentes,
1500 1564 1568 1617 ab
1599 1567 1926 1617 auctoritate
1948 1564 2374 1633 prophetarum)
2401 1581 2571 1634 super
2590 1564 2989 1630 misericordia,
3008 1566 3210 1618 scilicet
3229 1566 3349 1618 dico
3376 1567 3579 1631 debere,
3603 1564 3794 1619 hono-

525 1665 658 1705 rare
676 1650 875 1716 Deum,
907 1650 1052 1704 sic'ut
1083 1650 1354 1722 scriptum
1388 1657 1474 1706 est
1506 1670 1518 1704 :
1549 1649 1602 1707 8.
1635 1652 1941 1722 Propterea
1970 1652 2275 1707 confitebor
2289 1652 2391 1705 tibi
2419 1652 2476 1705 in
2504 1651 3060 1722 gentibus,Domine,
3081 1658 3136 1706 et
3164 1652 3379 1707 nomini
3398 1657 3496 1707 tuo
3514 1651 3787 1706 cantabo.

527 1738 601 1792 Et
623 1738 831 1791 iterum
855 1737 990 1791 dicit
1009 1742 1092 1792 :9.
1118 1739 1432 1805 Laetamini,
1463 1745 1681 1809 gentes,
1718 1756 1843 1794 cum
1870 1739 2033 1811 plebe
2061 1742 2200 1810 ejus.
2230 1742 2300 1795 Et
2321 1740 2527 1795 iterum
2562 1759 2573 1794 :
2623 1742 2873 1796 Laudate
2902 1757 3097 1795 omnes
3131 1746 3327 1811 gentes
3355 1740 3681 1807 Dominum,
3726 1752 3794 1795 et

526 1825 888 1897 magniﬁcate
908 1843 1057 1894 eum,
1076 1843 1272 1883 omnes
1286 1829 1575 1899 populi.Et
1590 1846 1787 1883 rursus
1816 1829 1990 1884 Isaias
2016 1830 2126 1883 ait:
2157 1829 2240 1886 10.
2258 1830 2377 1885 Erit
2392 1830 2549 1883 radix
2573 1831 2601 1884 J
2606 1846 2748 1897 esse,
2784 1835 2841 1883 et
2862 1830 2957 1900 qui
2982 1834 3244 1899 exsurget
3270 1844 3468 1899 regere
3486 1833 3706 1899 gentes,
3723 1828 3791 1883 in

530 1931 662 1970 eum
693 1921 891 1986 gentes
918 1916 1245 1986 sperabunt.
1274 1918 1424 1972 Deus
1448 1923 1638 1971 autem
1668 1920 1787 1990 spei
1824 1921 2041 1989 repleat
2057 1935 2154 1972 vos
2182 1919 2336 1973 omni
2372 1918 2581 1989 gaudio
2610 1924 2668 1972 et
2704 1935 2839 1990 pace
2866 1919 2925 1972 in
2951 1919 3248 1978 credendo.
3280 1924 3346 1971 ut
3391 1918 3693 1972 abundetis
3723 1919 3793 1973 in

514 2022 631 2077 spe
658 2010 716 2059 et
741 2005 949 2061 virtute
970 2005 1214 2077 Spiritus
1237 2006 1434 2060 sancti.
1458 2004 1542 2062 11.
1577 2007 1775 2061 Certus
1793 2012 1981 2061 autem
2000 2023 2143 2072 sum,
2169 2006 2372 2061 fratres
2384 2007 2513 2067 mei,
2536 2011 2593 2059 et
2618 2023 2722 2075 ego
2750 2007 2871 2078 ipse
2898 2007 2968 2060 de
2989 2006 3160 2072 vobis,
3175 2006 3440 2077 quoniam
3455 2011 3583 2073 40
3601 2012 3660 2059 et
3672 2006 3791 2077 ipsi

532 2095 686 2169 pleni
699 2095 833 2150 estis
844 2096 1160 2163 dilectione,
1182 2095 1268 2151 l2.
1286 2095 1488 2167 repleti
1508 2096 1664 2149 omni
1677 2097 1932 2162 scientia,
1951 2097 2106 2150 itaut
2125 2095 2351 2167 possitis
2365 2095 2698 2149 alterutrum
2711 2112 2958 2150 monere.
2972 2095 3061 2153 13.
3080 2095 3361 2150 Audacius
3377 2101 3567 2149 autem
3582 2094 3793 2165 scripsi

1874 2214 2464 2269 COMMENTARIUS.

592 2328 682 2382 21.
714 2329 958 2383 Amanos.
1000 2330 1195 2383 Beatus
1224 2332 1324 2399 qui
1362 2347 1474 2385 non
1489 2332 1732 2399 judicat.
1773 2332 1935 2385 Hunc
1976 2331 2110 2384 bea-
2130 2337 2178 2392 Α
2197 2335 2348 2385 stum
2378 2331 2686 2385 ministrari
2705 2332 2900 2385 fecisse
2920 2330 3025 2385 sibi
3042 2330 3537 2396 circumcisionem,
3560 2337 3810 2402 propter

519 2423 646 2472 tum
674 2416 812 2471 dicit
839 2416 936 2487 qui
963 2432 1077 2472 non
1115 2416 1268 2472 aliud
1303 2418 1440 2473 facit
1487 2435 1656 2490 quam
1687 2418 1793 2473 sibi
1822 2419 1961 2473 utile
1989 2436 2116 2490 pro-

518 2505 639 2563 bat.

591 2593 681 2651 22.
711 2594 917 2650 Lupa.
975 2596 1084 2663 Qui
1137 2611 1249 2650 non
1297 2597 1619 2650 manducat.
1653 2597 1778 2651 Non
1811 2598 2115 2652 manduces

520 2699 711 2739 coram
732 2683 1022 2751 fratribus,
1053 2684 1186 2754 quia
1213 2685 1261 2738 si
1297 2700 1411 2738 non
1448 2685 1773 2753 manducas,
1807 2685 2003 2741 beatus
2034 2704 2111 2741 es.

518 2773 593 2828 Et
613 2772 719 2828 hoc
746 2771 985 2844 probat;
1018 2789 1151 2827 nam
1182 2772 1364 2827 omnis
1394 2778 1480 2827 est
1506 2772 1724 2840 beatus,
1769 2776 1864 2846 qui
1894 2791 2008 2830 non
2027 2777 2117 2846 ju-

517 2861 671 2933 dicat
689 2878 771 2928 se,
802 2861 861 2915 id
883 2865 986 2927 est,
1019 2860 1354 2933 culpabilem
1377 2861 1528 2915 facit.
1570 2863 1719 2934 quod
1746 2870 1832 2918 est
1851 2865 1986 2918 dum
2002 2881 2115 2919 non

519 2951 829 3006 manducat
854 2967 925 3005 ne
940 2950 1203 3005 offendat.

590 3039 681 3097 23.
710 3042 820 3108 Qui
845 3045 1032 3094 autem
1060 3040 1344 3092 discernit.
1385 3038 1494 3103 Qui
1522 3044 1710 3093 autem
1742 3040 2010 3096 discernit
2036 3043 2116 3096 ci-

519 3129 622 3184 bos
646 3147 661 3195 ;
691 3127 751 3182 id
781 3131 886 3194 est,
914 3127 1011 3197 qui
1040 3129 1204 3196 putat
1239 3125 1377 3180 alios
1405 3127 1664 3194 mundos,
1713 3132 1770 3181 et
1800 3129 1939 3183 alios
1995 3146 2117 3184 esse

493 3215 866 3294 immundos,
887 3215 1190 3269 damnatus
1219 3218 1305 3268 est
1336 3235 1350 3282 ;
1393 3215 1526 3285 quia
1553 3231 1665 3270 non
1697 3233 1763 3270 ex
1790 3217 1919 3272 ﬁde.
1951 3217 2115 3272 Fides

518 3305 670 3360 enim
697 3308 893 3359 nostra
916 3304 1037 3358 vult
1086 3310 1151 3358 ut
1186 3304 1355 3360 homo
1384 3306 1443 3359 id
1471 3310 1605 3376 agat
1650 3306 1801 3375 quod
1852 3306 2117 3377 intelligit

515 3393 662 3448 bene
684 3409 808 3448 esse
834 3392 1138 3463 agendum.
1218 3412 1229 3421 '

588 3481 679 3537 24.
708 3482 773 3538 Si
810 3483 1252 3547 manducauerit,
1282 3489 1388 3537 etc.
1435 3482 1646 3537 Probat
1691 3483 1839 3553 quod
1868 3483 1965 3553 qui
2001 3499 2115 3537 non

511 3571 731 3642 judicat
757 3587 839 3637 se,
869 3570 928 3625 id
956 3575 1043 3624 est
1068 3587 1181 3625 non
1212 3572 1536 3638 manducet,
1577 3571 1776 3627 beatus
1830 3578 1935 3639 est,
1982 3589 2114 3627 nam

2195 2421 2488 2474 veritatem
2520 2420 2619 2474 Dei
2642 2420 3053 2491 complendam,
3084 2425 3143 2474 et
3160 2420 3559 2491 promissiones
3587 2419 3658 2472 ad
3691 2436 3809 2490 pa-

2196 2514 2312 2563 tres
2349 2508 2540 2564 factas.
2574 2509 2918 2564 Promissum
2943 2509 3093 2563 enim
3121 2508 3305 2564 fuerat
3323 2508 3472 2580 quod
3492 2525 3558 2562 ex
3575 2508 3812 2563 Judmo—

2201 2615 2327 2652 rum
2358 2598 2570 2652 semine
2588 2604 2816 2652 orturus
2849 2604 2996 2653 esset
3029 2618 3040 2652 :
3074 2599 3133 2652 in
3179 2615 3289 2670 quo
3327 2597 3813 2651 benedicerentur

2200 2704 2415 2741 omnes.
2442 2687 2638 2741 Aliter.
2688 2686 3065 2742 Ministerium
3093 2687 3547 2751 circumcisionis,
3579 2686 3637 2739 id
3684 2691 3805 2751 est,

2198 2775 2267 2828 ad
2296 2775 2566 2845 populum
2594 2775 2937 2841 Judzeorum,
2959 2781 3023 2829 ut
3039 2776 3245 2830 veritas
3266 2775 3365 2830 Dei
3397 2780 3455 2829 et
3471 2773 3810 2846 promissio-

2197 2880 2297 2917 nes
2327 2864 2449 2933 ejus
2472 2863 2542 2916 ad
2564 2869 2751 2934 patres
2782 2864 2957 2918 factas
2977 2863 3622 2936 complerentur.Quales
3634 2869 3804 2917 sunt:

2197 2953 2344 3006 Dabo
2367 2954 2513 3006 vobis
2532 2968 2755 3019 germen
2786 2953 2891 3020 (vel
2919 2952 3199 3021 decorem)
3225 2955 3477 3021 justitia',
3522 2957 3579 3005 et
3609 2969 3621 3003 :
3651 2954 3810 3005 Pro-

2192 3042 2415 3110 phetam
2444 3042 2590 3094 vobis
2612 3043 2896 3095 suscitabit
2919 3042 3078 3107 Deus,
3111 3046 3217 3095 etc.

2269 3127 2321 3181 5.
2354 3127 2542 3182 Gentes
2566 3132 2771 3181 autem.
2802 3126 3010 3181 Probat
3038 3128 3171 3199 quia
3197 3128 3439 3199 suscepit
3456 3133 3672 3197 gentes,
3708 3130 3811 3183 vel

2200 3215 2476 3269 honorare
2530 3216 2711 3270 Deum
2765 3222 2981 3287 gentes,
3045 3215 3115 3270 ab
3166 3217 3499 3271 auctoritate
3568 3216 3808 3271 1υάωο-

2196 3321 2342 3359 rum.

2268 3390 2322 3449 6.
2344 3395 2593 3449 AMBROS.
2635 3397 2824 3451 Gentes
2852 3401 3057 3450 autem.
3091 3396 3238 3460 Quia
3267 3395 3418 3449 enim
3441 3395 3530 3449 his
3546 3394 3807 3466 promis-

2197 3482 2279 3536 sio
2299 3483 2455 3537 nulla
2482 3488 2622 3549 erat,
2656 3484 2816 3555 quasi
2836 3484 3071 3555 indigni,
3124 3489 3227 3556 per
3258 3485 3435 3538 solam
3478 3484 3807 3539 misericor-

2196 3571 2347 3625 diam
2376 3572 2497 3639 Dei,
2526 3573 2599 3626 ad
2617 3574 2857 3627 salutem
2886 3573 3160 3644 assumpti
3183 3578 3335 3630 sunt.

520 3660 703 3715 omnis
752 3659 1097 3713 manducans
1139 3660 1471 3727 damnatus;
1512 3660 1662 3731 quod
1684 3660 1766 3714 ita
1795 3660 1973 3715 dicit:
2014 3650 2178 3730 quiB
2266 3660 2319 3715 7.
2368 3662 2573 3716 Lmra.
2622 3662 2810 3717 Gentes
2860 3668 3068 3715 autem.
3112 3661 3261 3716 Laus
3315 3661 3590 3732 gentium.
3642 3661 3807 3717 Dicit

517 3754 706 3805 autem
735 3750 1003 3803 discernit
1028 3752 1080 3802 si
1098 3751 1540 3817 manducauerit,
1559 3756 1665 3803 etc.
1693 3750 1763 3803 Et
1784 3755 1918 3803 sunt
1936 3751 2117 3804 multa

517 3838 819 3905 contraria,
850 3853 965 3891 non
981 3837 1216 3908 judicat,
1247 3843 1304 3892 et
1335 3839 1684 3893 manducans
1712 3838 1911 3909 probat
1942 3844 2000 3892 et
2026 3840 2113 3893 di-

517 3927 744 3994 scernit,
779 3926 838 3981 id
858 3931 963 3993 est,
995 3942 1109 3981 non
1132 3926 1333 3998 probat
1361 3926 1765 3982 comedendum
1794 3927 2015 3995 beatus,
2057 3934 2115 3983 et

521 4017 842 4071 damnatus.

589 4104 679 4161 25.
705 4105 875 4159 Omne
892 4108 1079 4157 autem
1109 4106 1254 4172 quod
1279 4120 1395 4158 non
1422 4109 1495 4158 est
1525 4121 1588 4158 ea:
1616 4105 1737 4171 ﬁde.
1778 4104 2108 4160 Damnatus.

519 4195 655 4267 quia
676 4198 967 4265 peccatum
988 4197 1074 4247 est
1102 4192 1252 4263 quod
1296 4192 1448 4260 facit,
1501 4199 1557 4247 et
1584 4194 1689 4247 hoc
1738 4193 1938 4265 probat
1984 4193 2064 4248 ita
2094 4212 2106 4247 :

520 4285 690 4339 Omne
740 4283 885 4352 quod
908 4297 1022 4336 non
1050 4286 1129 4335 est
1156 4297 1221 4335 ea
1248 4281 1351 4348 ﬁde
1374 4287 1657 4350 peccatum
1686 4287 1787 4346 est;
1848 4283 1959 4337 Sed
2007 4283 2114 4337 hoc

514 4388 634 4443 non.
658 4388 727 4426 ex
747 4371 859 4425 ﬁde
884 4387 899 4438 ;
931 4368 1029 4424 sed
1057 4368 1175 4423 haec
1223 4369 1530 4440 assumptio
1558 4370 1847 4441 praemissa
1878 4376 1981 4437 est,
2014 4370 2111 4425 ubi

506 4461 651 4516 dicit
675 4462 809 4530 quia
840 4475 953 4513 non
973 4474 1038 4513 ea:
1062 4460 1186 4526 ﬁde.

588 4548 745 4604 CAP.
777 4547 896 4602 XV.
943 4574 1007 4590 -—
1039 4547 1093 4600 1.
1134 4548 1382 4602 AMBROS.
1428 4549 1807 4617 Unusquisque
1844 4555 2105 4603 vestrum.

517 4640 852 4695 Commonet
877 4641 944 4691 ut
972 4635 1234 4690 charitati
1248 4635 1555 4702 studentes,
1571 4637 1838 4708 proximis
1853 4638 2112 4708 placeant

517 4727 590 4782 ad
608 4726 667 4780 id
696 4725 846 4797 quod
872 4725 1013 4779 utile
1033 4730 1136 4778 est.
1166 4725 1296 4778 Haec
1325 4726 1474 4779 enim
1513 4726 1824 4779 aediﬁcatio.

588 4813 643 4873 2.
676 4815 882 4869 ΒΑΜ-ιι.
912 4815 1253 4883 Quzeunque
1288 4816 1494 4882 scripta
1519 4820 1671 4868 sunt.
1702 4814 1873 4878 Quasi
1902 4814 2114 4869 diceret

518 4903 722 4975 aliquis
754 4921 766 4957 :
801 4902 935 4974 quid
952 4902 1068 4957 vita
1098 4901 1309 4957 Christi
1330 4902 1639 4957 ministrari
1660 4902 1855 4957 fecisse
1880 4903 1985 4957 sibi
2010 4904 2113 4958 cir—
2128 4929 2171 4989 ρ

519 4990 938 5057 cumcisionem,
970 5001 1200 5063 prOpter
1214 4990 1544 5045 veritatem?
1574 4990 1708 5061 quid
1733 4990 2025 5061 prophetia
2044 4990 2113 5044 de

518 5081 636 5137 Deo
652 5078 678 5134 7
693 5080 829 5152 quid
848 5080 917 5134 ad
946 5079 1357 5135 institutionem
1382 5096 1602 5134 morum
1649 5085 1969 5134 nostrorum
1986 5080 2010 5132 ?
2026 5079 2113 5133 Ad

518 5171 627 5226 hoc
660 5168 1001 5241 respondet:
1036 5169 1374 5237 Quseunque
1403 5172 1611 5238 scripta
1638 5173 1789 5234 sunt,
1827 5176 1933 5222 etc.

586 5258 642 5314 3.
684 5258 839 5315 Sicut
871 5262 921 5311 et
941 5257 1210 5323 Christus,
1242 5264 1347 5312 etc.
1380 5256 1634 5328 Suscepit
1661 5273 1776 5321 vos,
1810 5261 1868 5309 et
1894 5255 2116 5310 Judzeos

519 5353 579 5402 et
602 5353 800 5418 gentes
828 5344 1145 5417 probando;
1179 5347 1278 5401 sed
1307 5350 1587 5401 monstrat
1629 5344 1907 5414 quomodo
1955 5344 2111 5398 Chri-

515 5442 637 5492 stus
673 5435 1128 5491 condescenderit
1150 5436 1328 5501 nobis,
1362 5436 1497 5507 quia
1525 5432 1884 5489 circumcisus
1899 5432 2023 5498 fuit,
2057 5437 2113 5486 et

513 5542 618 5580 nos
634 5525 1142 5581 condescendamus
1170 5524 1430 5580 inﬁrmis.

585 5613 639 5667 4.
672 5614 801 5668 Dico
829 5617 997 5671 enim.
1020 5616 1167 5670 Laus
1195 5613 1539 5669 Iudaeorum.
1578 5610 1726 5665 Dicit
1756 5610 1906 5664 enim
1948 5610 2110 5664 Chri-

2197 3749 2346 3802 enim
2375 3754 2545 3803 tanta:
2574 3765 2720 3803 cura:
2763 3748 2938 3803 fuisse
2980 3749 3117 3813 Deo,
3174 3754 3239 3803 ut
3273 3749 3344 3803 ad
3373 3749 3669 3802 salvandas
3697 3764 3804 3805 eas

2195 3836 2498 3907 prophetas
2534 3853 2666 3891 suos
2711 3836 3059 3907 praediceret.
3101 3836 3202 3890 His
3250 3835 3512 3890 laudibus
3549 3835 3803 3906 mquales

2196 3941 2291 3979 eos
2318 3925 2468 3980 inter
2495 3942 2554 3979 se
2573 3942 2695 3980 esse
2724 3924 2989 3991 ostendit,
3015 3930 3079 3979 ut
3107 3926 3252 3980 alter
3269 3926 3530 3996 praeferre
3548 3942 3609 3980 se
3628 3926 3803 3980 alteri

2194 4029 2306 4067 non
2336 4020 2657 4085 praesumat.

2262 4102 2317 4156 8.
2348 4104 2639 4172 Propterea
2666 4104 2973 4170 conﬁtebor.
3004 4103 3125 4157 Vox
3172 4103 3382 4157 Christi
3405 4102 3500 4174 qui
3522 4102 3581 4156 in
3609 4103 3802 4173 genti-

2194 4191 2300 4245 bus
2327 4193 2629 4246 conﬁtetur
2655 4191 2813 4245 Patri
2870 4192 3003 4262 quia
3047 4208 3150 4263 per
3194 4193 3318 4262 ejus
3371 4192 3800 4248 conversionem

2198 4280 2300 4346 (vel
2319 4280 2791 4352 prazdicationem)
2814 4296 3093 4336 conversae
3105 4286 3239 4335 sunt
3246 4280 3317 4334 ad
3331 4280 3608 4335 culturam
3619 4280 3795 4335 unius

2193 4368 2316 4422 Dei.

2268 4456 2321 4511 9.
2349 4459 2643 4512 thamini
2668 4466 2869 4527 gentes.
2928 4460 2993 4514 In
3038 4459 3187 4514 Isaia
3232 4458 3310 4512 sic
3353 4457 3625 4528 scriptum
3654 4464 3746 4512 est
3778 4476 3790 4511 :

2193 4548 2485 4601 Lstamini
2513 4563 2640 4600 cum
2667 4549 2972 4601 Jerusalem
2990 4566 3008 4613 ;
3063 4552 3111 4600 et
3138 4548 3400 4601 exsuttate
3420 4549 3483 4600 in
3512 4563 3574 4602 ea
3604 4563 3796 4602 omnes

2190 4638 2291 4704 qui
2318 4637 2556 4702 diligitis
2570 4652 2710 4691 eam.

2266 4720 2349 4780 10.
2391 4725 2515 4778 Erit
2537 4726 2706 4778 radix
2721 4728 2881 4779 Jesse.
2912 4724 3062 4780 Ordo
3095 4743 3106 4778 :
3148 4726 3304 4780 Jesse
3331 4725 3439 4779 erit
3475 4724 3652 4790 radix,
3681 4730 3795 4781 etc.

2195 4812 2473 4867 Subaudis
2501 4830 2565 4867 ea:
2594 4815 2695 4867 hac
2724 4815 2909 4867 radice
2938 4816 3043 4867 erit
3064 4816 3164 4881 qui
3181 4820 3432 4883 exsurget
3456 4828 3639 4882 regere
3664 4830 3800 4880 gen-

2196 4907 2287 4956 tes.

2264 4988 2354 5046 11.
2386 4991 2576 5046 Certus
2598 5006 2723 5043 sum
2743 4997 2955 5056 autem,
2978 4997 3089 5049 etc.
3114 4990 3419 5045 Benevolos
3433 4990 3558 5045 illos
3584 4989 3794 5048 reddit.

2196 5078 2357 5148 quasi
2405 5094 2508 5148 ego
2563 5079 2807 5150 corripui
2853 5095 2969 5145 vos,
3011 5080 3148 5151 quin
3202 5079 3376 5133 sciam
3418 5095 3514 5133 vos
3552 5079 3797 5134 invicem

2194 5166 2454 5237 diligere;
2483 5182 2583 5221 nec
2597 5167 2723 5221 ideo
2745 5168 3011 5223 admonui
3037 5168 3173 5240 quin
3194 5168 3367 5222 sciam
3386 5184 3485 5222 vos
3509 5166 3797 5238 sapientes

2196 5271 2337 5320 esse,
2370 5256 2467 5309 sed
2493 5255 2737 5310 ofﬁcium
2758 5273 2947 5311 meum
2968 5263 3055 5312 est
3073 5273 3302 5311 monere
3331 5273 3445 5310 vos.

2270 5344 2354 5398 l2.
2391 5346 2588 5414 Repleti
2606 5349 2763 5400 omni
2781 5349 3030 5401 scientia.
3065 5346 3366 5400 Humilitas
3394 5344 3664 5417 Apostoli.
3689 5344 3798 5401 Di-

2192 5433 2268 5486 cit
2295 5433 2445 5487 enim
2475 5433 2763 5505 scripsisse
2809 5435 2909 5502 eis,
2948 5451 3061 5489 non
3106 5436 3256 5505 quod
3295 5433 3406 5505 ipsi
3442 5432 3789 5502 indigerent.

2192 5520 2409 5593 Repleti
2439 5522 2607 5590 enim,
2641 5527 2706 5576 ut
2752 5523 2873 5594 ipse
2918 5522 3145 5589 fatetur,
3188 5522 3341 5576 omni
3371 5522 3648 5589 scientia;
3690 5526 3795 5580 sed

2193 5610 2361 5666 ofﬁcii
2390 5611 2477 5665 sui
2504 5611 2836 5665 necessitate
2856 5618 3143 5679 coactum;
3164 5611 3313 5682 quod
3327 5611 3628 5683 Apostolus
3646 5626 3793 5680 gen-
