3912 6354
120 326 229 385 153
344 372 351 375 -
855 330 931 387 IN
969 332 1036 387 D.
1079 332 1293 390 PAULI
1334 335 1558 393 EPIST.
1599 337 1971 393 COMMENT.
2016 366 2081 381 -—
2124 337 2346 393 EPIST.
2386 336 2483 391 AD
2520 335 2695 389 ROM.
3287 331 3395 391 154

112 452 303 520 vobis,
332 452 559 521 fratres,
591 469 656 508 ex
680 459 860 525 parte,
886 459 1156 527 tanquam
1186 458 1244 512 in
1273 462 1603 516 memoriam
1628 479 1724 517 vos
1751 463 2046 529 reducens,
2074 467 2304 534 propter
2323 461 2587 531 gratiam,
2611 472 2733 528 quae
2762 455 2893 509 data
2923 458 3010 508 est
3033 453 3168 508 mihi
3197 470 3231 507 a
3252 454 3389 522 Deo,

116 548 184 595 ut
213 541 331 595 sim
355 542 619 596 minister
641 541 850 597 Christi
876 543 1008 598 Jesu
1035 543 1094 598 in
1117 546 1401 616 gentibus,
1432 550 1786 605 sanctiﬁcans
1810 551 2174 622 Evangelium
2193 551 2316 616 Dei,
2348 554 2415 604 ut
2441 549 2542 602 ﬂat
2568 544 2777 600 oblatio
2806 543 3060 614 gentium
3086 547 3310 614 accepta
3339 549 3396 597 et

113 631 477 685 sanctiﬁcata
501 632 561 685 in
588 632 802 704 Spiritu
832 637 1050 690 sancto.
1081 632 1165 699 14,
1193 632 1277 690 l5.
1300 635 1495 691 Habeo
1514 637 1690 708 igitur
1719 640 1955 709 gloriam
1980 640 2037 694 in
2064 639 2287 695 Christo
2313 640 2446 693 Jesu
2465 636 2536 691 ad
2556 636 2755 690 Deum.
2786 632 2869 691 16.
2889 632 3014 687 Non
3039 630 3189 684 enim
3215 631 3395 686 audeo

119 718 347 791 aliquid
372 719 530 790 loqui
559 736 754 774 eorum
785 736 907 791 quae
934 736 1035 791 per
1066 737 1156 774 me
1184 738 1297 777 non
1326 724 1497 778 efﬁcit
1524 726 1778 781 Christus
1808 729 1868 781 in
1896 728 2273 783 obedientiam
2301 725 2576 797 gentium,
2609 722 2775 777 verbo
2803 726 2861 776 et
2889 720 3070 783 factis,
3102 719 3159 772 in
3190 719 3397 775 virtute

114 808 418 879 signorum
441 815 501 862 et
526 809 930 880 prodigiorum,
962 810 1022 863 in
1049 811 1254 865 virtute
1282 813 1524 884 Spiritus
1552 817 1750 881 sancti,
1783 817 1864 872 ita
1893 822 1957 872 ut
1984 816 2054 871 ab
2073 816 2428 871 Hierusalem
2457 830 2558 884 per
2584 811 2884 866 circuitum
2913 824 3092 879 usque
3121 808 3194 861 ad
3217 808 3399 880 Illyri-

120 913 250 950 cum
281 897 640 968 repleverim,
669 900 732 952 id
748 904 842 964 est,
862 901 1018 967 plene
1030 902 1448 968 pradicaverim
1469 904 1831 975 Evangelium
1852 905 2079 960 Christi.
2102 905 2192 960 Sic
2221 910 2410 958 autem
2439 900 2737 973 przedicavi
2758 898 3119 969 Evangelium
3134 898 3257 962 hoc,
3283 913 3397 952 non

114 983 210 1037 ubi
243 986 578 1039 nominatus
605 991 692 1041 est
719 987 994 1053 Christus,
1025 1004 1097 1042 ne
1125 1005 1294 1060 super
1316 991 1564 1046 alienum
1589 994 2019 1048 fundamentum
2039 993 2404 1058 aediﬁcarem;
2435 990 2533 1044 sed
2559 988 2705 1043 sicut
2730 988 3001 1057 scriptum
3025 991 3112 1040 est
3130 990 3195 1040 in
3223 989 3393 1052 Isaia,

113 1087 235 1143 cap.
273 1073 347 1128 5‘2
379 1094 393 1127 :
429 1075 646 1138 Quibus
682 1092 797 1130 non
824 1082 911 1131 est
938 1078 1333 1133 annuntiatum
1360 1081 1429 1135 de
1458 1098 1544 1149 eo,
1572 1082 1841 1138 videbunt
1865 1102 1876 1147 ;
1900 1090 1957 1137 et
1985 1083 2075 1153 qui
2106 1099 2218 1136 non
2248 1080 2553 1135 audierunt
2569 1078 2638 1131 de
2670 1093 2758 1142 eo,
2787 1076 3124 1145 intelligent.
3157 1076 3397 1147 Propter

114 1163 268 1232 quod
301 1170 366 1217 et
401 1165 750 1236 impediebar
771 1167 1074 1237 plurimum
1093 1169 1279 1223 venire
1300 1171 1371 1225 ad
1400 1188 1515 1238 vos,
1548 1177 1606 1226 et
1633 1174 1947 1244 prohibitus
1980 1189 2106 1226 sum
2136 1187 2315 1241 usque
2359 1169 2562 1225 adhuc.
2592 1168 2756 1220 Nunc
2779 1181 2910 1218 vero
2939 1165 3179 1218 ulterius
3206 1164 3394 1218 locum

111 1268 231 1306 non
259 1250 485 1307 habens
504 1254 563 1307 in
590 1254 678 1308 his
707 1254 1046 1324 regionibus,
1082 1258 1443 1328 cupiditatem
1473 1266 1663 1315 autem
1689 1262 1898 1316 habens
1928 1260 2184 1315 veniendi
2224 1260 2294 1313 ad
2344 1274 2437 1311 vos
2483 1273 2548 1310 ex
2577 1255 2770 1309 multis
2794 1255 2914 1323 jam
2945 1253 3392 1324 praecedentibus

115 1340 307 1406 annis,
341 1356 472 1395 cum
502 1341 560 1395 in
589 1342 914 1413 Hispaniam
943 1345 1216 1414 proﬁcisci
1243 1363 1481 1418 cmpero,
1523 1367 1686 1421 spero
1718 1351 1866 1421 quod
1893 1350 2220 1421 praeteriens
2251 1348 2469 1401 videam
2495 1362 2611 1409 vos,
2645 1351 2699 1398 et
2725 1360 2760 1397 a
2779 1342 2934 1397 vobis
2963 1343 3206 1397 deducar
3235 1343 3387 1408 illuc,

113 1427 345 1483 sivobis
372 1429 622 1499 primum
645 1446 711 1484 ex
723 1436 883 1501 parte
909 1432 1113 1487 fruitus
1140 1435 1319 1490 fuero.
1352 1438 1513 1491 Nunc
1529 1438 1702 1508 igitur
1725 1439 2044 1510 proﬁciscar
2070 1438 2128 1491 in
2151 1436 2504 1491 Hierusalem
2520 1433 2861 1495 ministrare,
2884 1434 2944 1485 id
2968 1436 3062 1496 esl,
3087 1435 3393 1485 necessaria

112 1519 371 1585 corporis
397 1520 600 1583 afferre
627 1518 855 1572 sanctis.
888 1519 1269 1577 Probaverunt
1291 1523 1442 1579 enim
1472 1525 1797 1585 Macedonia
1821 1531 1878 1579 et
1904 1526 2114 1580 Achaia
2135 1524 2497 1579 collationem
2528 1522 2777 1592 aliquam
2820 1521 3003 1575 facere
3032 1520 3092 1574 in
3115 1536 3391 1591 pauperes

114 1611 477 1671 sanctorum,
506 1607 602 1678 qui
629 1612 764 1661 sunt
787 1607 848 1661 in
873 1608 1201 1663 Jerusalem.
1233 1611 1451 1666 Placuit
1464 1614 1614 1667 enim
1630 1615 1727 1680 eis,
1751 1619 1809 1668 et
1839 1613 2125 1668 debitores
2144 1618 2277 1668 sunt
2290 1613 2801 1677 eorum.(Debitores
2814 1615 2947 1664 sunt
2967 1612 3030 1663 in
3050 1611 3391 1675 carnalibus,
3414 1650 3425 1659 .

118 1700 167 1748 et
194 1695 299 1747 hoc
318 1696 523 1762 probat
545 1711 582 1748 a
614 1699 833 1764 majori,
850 1699 981 1765 quia
1010 1699 1078 1750 ab
1097 1700 1172 1751 eis
1188 1701 1532 1766 spiritualia'
1547 1707 1887 1770 acceperunt,
1909 1703 2053 1770 quod
2073 1707 2149 1755 est
2164 1703 2389 1769 majus.)
2420 1700 2568 1753 Nam
2591 1699 2639 1753 si
2658 1697 3039 1769 spiritualium
3055 1713 3251 1751 eorum
3270 1712 3397 1767 par-

116 1782 322 1853 ticipes
356 1782 494 1836 facti
522 1789 656 1837 sunt
679 1783 938 1854 gentiles,
964 1787 1025 1839 id
1061 1791 1153 1851 est,
1205 1788 1273 1839 ab
1301 1789 1646 1843 Hierumlem
1686 1793 1942 1845 doctrina
1971 1792 2114 1858 ﬁdei,
2148 1795 2198 1842 et
2223 1792 2349 1843 bene
2369 1790 2609 1854 vivendi,
2638 1803 2737 1856 per
2766 1789 3032 1855 apostolos
3061 1789 3179 1840 lata
3220 1791 3296 1840 est
3322 1787 3396 1840 ad

116 1875 305 1938 gentes
327 1890 347 1936 ;
379 1872 593 1926 debent
621 1878 678 1926 et
703 1873 763 1927 in
785 1874 1100 1928 carnalibus
1119 1874 1439 1931 ministrare
1462 1877 1592 1931 illis.
1620 1879 1737 1932 Hoc
1750 1878 1926 1949 igitur
1946 1895 2074 1933 cum
2098 1892 2577 1942 consummavero,
2602 1881 2657 1929 et
2671 1874 3026 1945 assignavero
3048 1874 3129 1928 eis
3149 1873 3393 1928 fructum

120 1960 308 2028 hunc;
351 1977 457 2030 per
485 1977 581 2014 vos
608 1961 923 2032 proﬁciscar
944 1962 1003 2016 in
1032 1962 1380 2034 Hispaniam.
1401 1964 1528 2019 Scio
1557 1972 1747 2021 autem
1770 1967 2036 2037 quoniam
2051 1966 2277 2020 veniens
2304 1966 2375 2019 ad
2394 1982 2508 2029 vos,
2536 1964 2596 2018 in
2619 1963 2967 2018 abundantia
2986 1960 3393 2017 benedictionis

122 2048 419 2119 Evangelii
449 2049 659 2103 Christi
687 2050 928 2104 veniam.
961 2050 1203 2106 Obsecro
1232 2068 1364 2122 ergo
1392 2069 1508 2117 vos,
1541 2055 1761 2121 fratres,
1795 2073 1895 2126 per
1925 2056 2227 2110 Dominum
2258 2060 2514 2109 nostrum
2542 2055 2736 2108 Jesum
2768 2052 3053 2106 Christum
3078 2056 3133 2105 et
3158 2050 3397 2122 percha'

122 2138 355 2192 ritatem
383 2138 569 2192 sancti
598 2139 839 2210 Spiritus
866 2146 930 2195 ut
954 2135 1228 2210 adjuvetis
1255 2159 1347 2196 me
1371 2142 1430 2197 in
1458 2144 1805 2198 orationibus
1830 2145 2029 2199 vestris
2060 2160 2161 2215 pro
2192 2160 2283 2198 me
2314 2143 2386 2197 ad
2414 2142 2618 2207 Deum,
2651 2146 2717 2195 ut
2740 2140 2944 2194 liberer
2973 2140 3044 2194 ab
3071 2138 3391 2193 inﬁdelibus

122 2227 216 2296 qui
244 2232 385 2281 sunt
418 2226 484 2282 in
510 2228 722 2291 Iudaea,
753 2234 810 2283 et
836 2229 1086 2301 obsequii
1115 2230 1226 2285 mei
1253 2231 1462 2285 oblatio
1480 2238 1709 2304 accepta
1738 2235 1837 2287 ﬁat
1864 2234 1924 2287 in
1956 2232 2308 2287 Hierusalem
2338 2230 2565 2296 sanctis,
2605 2236 2670 2285 ut
2691 2230 2916 2284 veniam
2940 2228 3012 2283 ad
3038 2243 3137 2282 vos
3164 2227 3224 2281 in
3247 2242 3390 2295 gau-

121 2314 231 2381 dio,
265 2332 373 2389 per
398 2316 754 2372 voluntatem
773 2319 895 2386 Dei,
928 2324 986 2373 et
1002 2319 1301 2390 refrigerer
1324 2320 1627 2376 vobiscum.
1656 2323 1804 2377 Deus
1832 2326 2023 2377 autem
2052 2323 2204 2394 pacis
2231 2321 2308 2375 sit
2332 2336 2459 2374 cum
2481 2318 2743 2375 omnibus
2773 2317 2948 2372 vobis.
2982 2318 3182 2372 Amen.

1476 2469 1536 2528 4
1555 2469 1590 2529 Ι
1633 2465 1866 2520 CAPUT
1902 2464 2048 2519 XVI.

200 2591 248 2649 ι.
277 2590 634 2647 Commendo
663 2597 854 2646 autem
879 2593 1033 2648 vobis
1062 2594 1306 2649 Phoeben
1335 2611 1586 2650 sororem
1614 2601 1886 2662 nostram,
1916 2615 2039 2668 quae
2068 2602 2155 2651 est
2184 2598 2242 2652 in
2266 2596 2580 2652 ministerio
2609 2596 2884 2659 Ecclesiae,
2909 2611 3032 2666 quae
3059 2599 3145 2647 est
3172 2593 3229 2646 in
3253 2592 3398 2647 Cen-

126 2682 292 2747 chris,
319 2687 387 2736 ut
422 2697 551 2736 eam
579 2681 895 2752 suscipiatis
918 2682 977 2736 in
1004 2684 1241 2738 Domino
1273 2684 1442 2755 digne
1471 2685 1697 2751 sanctis,
1721 2692 1778 2739 et
1813 2686 2088 2741 assistatis
2105 2687 2154 2740 ei
2172 2687 2232 2741 in
2258 2702 2588 2757 quocunque
2613 2685 2840 2755 negotio
2863 2683 3033 2737 vestri
3052 2680 3395 2753 indiguerit;

130 2771 337 2825 etenim
366 2770 498 2842 ipsa
526 2786 751 2842 quoque
780 2771 957 2826 astitit
984 2773 1195 2840 multis,
1229 2778 1288 2827 et
1306 2774 1443 2827 mihi
1474 2773 1601 2844 ipsi.
1635 2774 1888 2828 Salutate
1916 2775 2165 2829 Priscam
2191 2780 2247 2829 et
2282 2775 2565 2846 Aquilam.
2592 2775 2876 2844 adjutores
2904 2788 3059 2827 meos
3086 2771 3146 2825 in
3176 2770 3399 2825 Christo

127 2859 277 2926 Jesu,
316 2859 435 2930 (qui
458 2875 564 2930 pro
593 2859 784 2914 anima
810 2876 936 2915 mea
963 2878 1094 2916 suas
1117 2863 1354 2917 cervices
1385 2867 1825 2933 supposuerunt;
1859 2862 2061 2933 quibus
2087 2880 2201 2917 non
2235 2864 2386 2917 solus
2414 2880 2516 2933 ego
2547 2863 2760 2932 gratias
2795 2878 2921 2931 ago,
2953 2860 3053 2914 sed
3081 2864 3139 2913 et
3184 2862 3398 2912 cunctae

126 2948 384 3003 Ecclesia:
409 2949 691 3019 gentium)
724 2955 782 3003 et
806 2950 1168 3006 domesticam
1190 2950 1497 3006 Ecclesiam
1526 2967 1739 3004 eorum.
1772 2951 2025 3005 Salutate
2047 2952 2371 3021 Epaanetum
2400 2952 2665 3004 dilectum
2687 2949 2844 3015 mihi,
2877 2949 2973 3018 qui
3002 2951 3061 3001 et
3079 2945 3395 3017 primitivus

130 3037 272 3092 Asiae
289 3038 352 3091 in
366 3037 616 3092 Christo.
646 3038 897 3093 Salutate
916 3040 1301 3111 Mariam,quae
1319 3041 1561 3095 multum
1579 3039 1850 3094 laboravit
1868 3041 1926 3092 in
1939 3038 2370 3094 vobis.Salutate
2388 3039 2768 3093 Andronicum
2790 3043 2847 3090 et
2861 3035 3107 3100 Juniam,
3131 3037 3399 3103 cognatos

130 3125 562 3197 etconcaptivos
589 3142 745 3179 meos
779 3145 791 3180 :
824 3127 921 3197 qui
941 3135 1074 3182 sunt
1098 3129 1311 3183 nobiles
1340 3130 1399 3183 in
1427 3129 1711 3200 apostolis,
1744 3127 1837 3198 qui
1858 3132 1915 3180 et
1927 3133 2056 3180 ante
2080 3143 2168 3181 me
2189 3126 2417 3181 fuerunt
2431 3128 2490 3180 in
2506 3126 2746 3181 Christo.
2777 3125 3029 3179 Salutate
3050 3122 3399 3192 Ampliatum

130 3212 564 3268 dilectissimum
578 3213 717 3267 mihi
736 3213 794 3268 in
821 3215 1337 3272 Domino.Salutate
1356 3217 1667 3273 Urbanum.
1681 3216 1999 3287 adjutorem
2020 3221 2278 3271 nostrum
2294 3216 2351 3270 in
2375 3216 2597 3270 Christo
2614 3216 2643 3269 J
2647 3231 2767 3279 esu,
2788 3218 2845 3268 et
2859 3213 3110 3283 Stachyn
3130 3211 3398 3265 dilectum

129 3302 606 3357 meum.Salutate
620 3304 883 3375 Appellen
904 3305 1141 3376 probum
1155 3306 1212 3360 in
1232 3306 1475 3361 Christo.
1499 3306 1751 3360 Salutate
1771 3321 1865 3359 eos
1882 3306 1978 3376 qui
1995 3312 2129 3359 sunt
2139 3322 2205 3359 ex
2218 3303 2521 3359 Aristobuli
2534 3304 2723 3358 domo.
2748 3303 3001 3357 Salutate
3016 3299 3391 3356 Herodionem

130 3395 432 3460 cognatum
465 3406 677 3445 meum.
714 3391 963 3446 Salutate
986 3410 1080 3446 eos
1110 3393 1205 3464 qui
1234 3400 1368 3449 sunt
1396 3411 1462 3448 ex
1485 3394 1730 3449 Narcissi
1758 3394 1924 3449 domo
1949 3413 1962 3462 ;
1990 3395 2086 3466 qui
2124 3400 2259 3449 sunt
2283 3395 2343 3448 in
2365 3394 2624 3450 Domino.
2658 3393 2912 3447 Salutate
2939 3391 3313 3462 Tryphaenam
3339 3393 3398 3441 et

134 3478 507 3551 Tryphosam,
538 3496 662 3551 quae
688 3479 949 3536 laborant
966 3482 1025 3537 in
1044 3483 1301 3538 Domino.
1335 3484 1589 3538 Salutate
1617 3483 1903 3537 Persidem
1931 3482 2337 3546 charissimam,
2358 3499 2481 3553 quae
2502 3482 2744 3535 multum
2762 3479 3038 3534 laboravit
3054 3478 3112 3531 in
3138 3476 3398 3532 Domino.

134 3567 386 3623 Salutate
409 3569 621 3623 Rufum
646 3570 885 3624 electum
913 3570 972 3625 in
1000 3572 1324 3638 Domino,2.
1348 3578 1405 3627 et
1433 3578 1673 3626 matrem
1700 3574 1839 3643 ejus,
1864 3577 1922 3624 et
1943 3588 2146 3626 meam.
2165 3572 2417 3625 Salutate
2438 3574 2846 3642 Assyncritum,
2863 3565 3393 3637 Phlegontem,Her-

134 3673 303 3721 mam,
324 3657 652 3721 Patrobam,
680 3658 943 3725 Hermen,
970 3666 1027 3713 et
1045 3663 1277 3732 quicum
1290 3662 1369 3715 eis
1392 3667 1545 3724 sunt,
1576 3661 1821 3715 Fratres.
1856 3661 2107 3716 Salutate
2124 3660 2480 3729 Philologum
2501 3665 2559 3713 et
2574 3658 3055 3724 Juliam,Nereum
3076 3661 3132 3708 et
3149 3670 3401 3708 sororem

135 3746 270 3815 ejus,
301 3754 362 3801 et
384 3747 798 3818 Olympiadem,
822 3754 879 3803 et
898 3766 1092 3804 omnes
1104 3751 1199 3821 qui
1216 3768 1346 3805 cum
1374 3752 1454 3805 eis
1475 3756 1606 3805 sunt
1630 3755 1870 3804 sanctos.
1904 3749 2157 3803 Salutate
2184 3749 2419 3803 invicem
2454 3748 2513 3801 in
2543 3747 2734 3801 osculo
2763 3749 2978 3799 sancto.
3014 3743 3274 3797 Salutant
3302 3758 3398 3795 vos

137 3851 327 3890 omnes
352 3837 608 3891 Ecclesiae
637 3838 1038 3910 Christi.Rogo
1067 3846 1257 3894 autem
1273 3858 1389 3907 vos,
1410 3841 1634 3904 fratres,
1659 3845 1723 3893 ut
1750 3838 2052 3893 observetis
2069 3855 2163 3891 eos
2193 3838 2289 3908 qui
2318 3837 2695 3891 dissensiones
2724 3840 2781 3888 et
2808 3832 3160 3895 offendicula,
3193 3836 3398 3901 praeter

138 3923 452 3980 doctrinam
481 3942 649 3997 quam
669 3943 766 3981 vos
791 3926 1082 3994 didicistis,
1114 3929 1347 3996 faciunt,
1382 3935 1439 3984 et
1480 3929 1758 3984 declinate
1806 3928 1877 3982 ab
1917 3927 2042 3980 illis.
2077 3925 2474 3995 Hujuscemodi
2504 3925 2655 3979 enim
2681 3922 2904 3978 Christo
2933 3919 3173 3974 Domino
3203 3923 3395 3972 nostro

137 4026 248 4067 non
268 4014 542 4081 serviunt,
576 4015 672 4069 sed
696 4031 800 4070 suo
828 4017 1009 4071 ventri
1037 4035 1050 4071 :
1079 4023 1136 4073 et
1155 4035 1256 4090 per
1280 4019 1471 4073 dulces
1507 4033 1815 4082 sermones,
1862 4020 1919 4069 et
1965 4015 2401 4082 benedictiones,
2452 4014 2729 4069 seducunt
2769 4007 2969 4066 corda'
2986 4007 3396 4063 innocentium.

1501 4156 2086 4214 COMMENTARIUS.

151 4299 291 4355 tium
316 4316 355 4354 a
380 4299 499 4355 Deo
527 4300 863 4355 constitutus
888 4304 1029 4355 erat.

214 4388 306 4448 13.
347 4388 633 4446 Audacius
660 4395 868 4444 autem.
901 4387 1159 4444 Audaciae
1183 4387 1474 4444 videbatur
1499 4405 1622 4445 esse
1651 4404 1740 4443 re-

150 4478 314 4549 pletis
342 4479 500 4533 omni
525 4479 761 4534 scientia
787 4477 1045 4533 scribere.

1754 4305 2089 4380 AOperatur
2132 4299 2389 4354 Christus
2434 4298 2494 4353 in
2533 4315 2619 4365 eo,
2674 4304 2732 4353 et
2762 4314 2864 4370 per
2906 4313 3037 4353 eum
3076 4296 3327 4368 loquitur
3354 4300 3411 4348 et

1823 4396 2107 4464 operatur,
2138 4394 2204 4443 ut
2227 4389 2525 4460 Evangelio
2553 4389 2834 4444 obediant.

1893 4481 2052 4537 CAP.
2081 4477 2230 4533 XVI.
2259 4506 2321 4517 —
2358 4476 2405 4535 1.
2438 4479 2652 4536 Lara.
2682 4479 3009 4534 Commendo
3038 4483 3226 4533 autem
3260 4476 3410 4530 vobis

223 4566 310 4624 14.
340 4569 591 4627 Ausaos.
615 4570 791 4623 Habeo
828 4570 1007 4637 igitur
1034 4570 1295 4635 gloriam.
1329 4567 1580 4622 Gloriam
1605 4566 1741 4621 dicit

150 4672 208 4710 se
238 4655 449 4711 habere
473 4656 618 4728 apud
644 4657 824 4711 Deum
850 4672 952 4728 per
965 4656 1271 4711 Christum.
1288 4655 1597 4710 Credentes
1609 4657 1736 4725 (al.,

150 4744 401 4813 credens)
422 4745 575 4799 enim
593 4745 652 4799 in
679 4745 987 4812 Christum,
1013 4746 1280 4799 meritum
1305 4744 1411 4798 sibi
1436 4744 1568 4798 fecit
1589 4744 1738 4814 apud

148 4834 435 4905 populum,
468 4834 528 4888 in
556 4838 775 4888 tantum
807 4839 870 4889 ut
896 4834 966 4889 de
1007 4851 1068 4889 se
1098 4851 1218 4889 esse
1248 4833 1389 4887 nihil
1418 4832 1568 4887 dicat
1590 4833 1738 4902 quod

150 4938 257 4977 non
284 4927 553 4994 Operams
581 4922 657 4975 sit
681 4922 936 4982 Christus
974 4938 1075 4993 per
1101 4922 1281 4987 illum,
1310 4927 1377 4975 ut
1404 4920 1740 4974 exhortatio-

151 5026 273 5065 nem
301 5011 424 5080 ejus
450 5010 627 5065 virtus
655 5011 1094 5065 commendaret.

222 5098 306 5156 15.
328 5099 547 5156 Lam-‘3.
568 5101 747 5154 Habeo
760 5102 939 5167 igitur
957 5097 1738 5168 gloriam.Quidquid,inquit,

155 5194 348 5259 putent
374 5205 469 5243 me
495 5188 785 5242 hominem
818 5187 904 5261 |f.,
936 5187 1214 5257 homines]
1239 5203 1382 5251 esse,
1414 5203 1517 5257 ego
1550 5191 1736 5239 tamen

158 5278 264 5331 scio
289 5294 379 5332 me
407 5277 618 5332 habere
632 5277 873 5348 gloriam
898 5277 1241 5348 apudDeum
1260 5275 1318 5329 in
1348 5275 1741 5346 praedicatione

158 5366 281 5421 Jesu
304 5367 542 5433 Christi;
567 5366 702 5438 quia
730 5371 961 5437 pr0pter
987 5366 1260 5419 honorem
1286 5364 1388 5419 Dei
1420 5368 1477 5418 et
1502 5364 1743 5418 salutem

158 5457 397 5525 gentium
429 5473 538 5527 ago
568 5455 718 5527 quod
751 5471 877 5525 ago.

220 5543 305 5599 16.
343 5548 471 5601 Νοη
493 5547 649 5600 enim
678 5546 868 5599 audeo.
911 5543 1038 5597 Alia
1074 5559 1244 5597 causa
1270 5557 1372 5596 cur
1390 5540 1598 5596 habeat
1618 5542 1742 5612 glo-

1820 4571 2070 4626 Phaben.
2106 4567 2399 4622 Ditissima
2426 4573 2484 4621 et
2510 4567 2861 4623 nobilissima
2905 4567 3108 4622 mulier
3131 4566 3255 4631 fuit,
3290 4580 3412 4636 quae

1821 4657 2122 4715 Ecclesiam
2141 4657 2264 4721 Dei,
2282 4673 2404 4727 qua:
2416 4657 2566 4727 apud
2584 4657 2764 4711 locum
2786 4656 2881 4728 qui
2901 4655 3165 4712 Cenchris
3184 4654 3410 4716 dicitur,

1822 4751 1963 4811 erat,
1997 4761 2101 4799 sua
2119 4744 2436 4799 substantia
2461 4745 2832 4800 sustentabat.
2867 4746 2946 4800 Ea
2978 4751 3114 4799 tunc
3141 4743 3412 4814 temporis

1821 4851 1924 4906 pro
1953 4834 2197 4905 quodam
2227 4834 2453 4903 negotio
2473 4835 2707 4888 Romam
2729 4833 2976 4905 profecta
3003 4839 3107 4887 est.
3132 4834 3241 4888 Per
3268 4833 3412 4886 hanc

1820 4923 2074 4987 fortasse,
2097 4922 2261 4975 istam
2287 4922 2443 4976 misit
2468 4922 2782 4993 epistolam.

1891 5010 1946 5068 2.
1980 5012 2047 5065 Et
2077 5017 2315 5063 matrem
2348 5014 2464 5079 ejus
2512 5017 2562 5065 et
2599 5028 2801 5065 meam.
2840 5012 2941 5066 Vel
2980 5015 3219 5066 matrem
3249 5024 3411 5063 suam

1824 5117 1952 5155 cum
1995 5105 2175 5153 matre
2208 5098 2358 5152 illius
2393 5100 2650 5170 praecipit
2688 5101 3063 5155 salutandam.
3097 5099 3199 5152 Vel
3238 5113 3411 5150 unam

1820 5189 2076 5244 eamdem
2107 5186 2374 5241 feminam
2405 5194 2644 5242 matrem
2679 5189 2831 5243 illius
2870 5188 3024 5253 dicit,
3057 5192 3114 5241 et
3153 5200 3312 5239 suam
3341 5184 3413 5237 il-

1820 5278 1932 5333 lius
1960 5276 2268 5332 secundum
2299 5292 2545 5342 carnem,
2576 5294 2737 5331 suam
2769 5276 3055 5330 beneficio.

1893 5366 1947 5421 3.
1993 5368 2171 5419 Vestra
2196 5369 2347 5419 enim
2377 5368 2700 5421 obedicnlia.
2735 5367 2918 5420 Causa
2944 5380 3044 5418 our
3079 5366 3241 5432 roget
3285 5376 3413 5427 eos;

1828 5454 2152 5509 obedientes
2181 5454 2329 5509 enim
2362 5455 2595 5524 rogandi
2642 5459 2793 5519 sunt,
2824 5450 3207 5506 inobedientes
3234 5450 3419 5504 incre-

220 5543 305 5599 16.
343 5548 471 5601 Νοη
493 5547 649 5600 enim
678 5546 868 5599 audeo.
911 5543 1038 5597 Alia
1074 5559 1244 5597 causa
1270 5557 1372 5596 cur
1390 5543 1598 5596 habeat
1618 5543 1742 5612 glo-
1782 5570 1785 5573 -
1824 5543 2015 5614 pandi.

161 5632 289 5687 riam
308 5634 457 5706 apud
472 5634 692 5703 Deum;
724 5631 1151 5704 quidquidenim
1171 5630 1443 5700 loquitur,
1466 5630 1739 5701 quidquid
1779 5656 1789 5664 ·
