3912 6426
531 313 542 368 1
560 313 629 368 55
1505 319 1567 373 Β.
1610 319 2025 375 LANFRANCI
2064 324 2076 370 1

2248 318 2424 374 'UAR.
2465 318 2801 374 ARCHIEP.
3678 317 3793 374 156

514 441 569 496 3.
602 441 802 498 Vestra
825 443 977 498 enim
1005 442 1327 501 obedientia
1354 445 1412 500 in
1442 461 1666 500 onmem
1696 447 1880 500 locum
1913 447 2199 516 divulgata
2225 451 2328 502 est.
2355 446 2584 501 Gaudeo
2610 446 2782 516 igitur
2803 445 2863 501 in
2890 442 3184 501 vobis.Sed
3213 441 3336 499 volo
3365 458 3460 499 vos
3496 442 3793 513 sapientes

516 546 638 585 esse
669 531 726 585 in
755 529 922 593 bono,
956 538 1010 587 et
1040 532 1324 602 simplices
1350 535 1407 588 in
1438 536 1606 588 malo.
1641 534 1788 590 Deus
1817 543 2008 592 autem
2041 537 2191 607 pacis
2221 535 2533 592 i.ccnterat
2565 536 2832 590 Satanam
2861 531 2963 586 sub
2994 530 3228 602 pedibus
3254 530 3457 586 vestris
3480 525 3782 590 velociter.

521 620 720 676 Gratia
744 620 968 676 Domini
997 623 1177 676 nostri
1203 623 1335 690 Iesu
1365 622 1571 678 Christi
1601 623 1903 680 vobiscum.
1924 625 2146 680 Salutat
2164 641 2260 678 vos
2285 624 2611 679 Timotheus
2642 623 2866 692 adjutor
2896 637 3075 682 meus.
3107 626 3164 677 et
3185 619 3409 685 Lucius,
3443 626 3502 676 et
3524 620 3694 676 Jason
3731 625 3795 672 et

525 709 830 780 Sosipater,
863 711 1087 780 cognati
1119 711 1250 765 mei.
1277 711 1328 766 5.
1359 713 1552 768 Saluto
1578 730 1674 768 vos
1705 730 1807 785 ego
1833 714 2076 781 Tertius,
2105 714 2202 783 qui
2233 713 2428 785 scripsi
2472 712 2796 786 Epistolam,
2847 711 2906 766 in
2946 708 3199 766 Domino.
3238 701 3458 764 Salutat
3486 725 3582 761 vos
3613 703 3792 764 Caius

524 798 727 870 hospes
757 815 940 867 meus,
969 805 1027 854 et
1051 799 1310 854 universa
1340 801 1602 857 Ecclesia.
1638 801 1859 857 Salutat
1885 820 1983 857 vos
2013 803 2244 857 Erastus
2271 801 2533 859 Arcarius
2561 800 2818 866 civitatis,
2844 805 2902 853 et
2929 798 3173 862 Quartus
3203 797 3392 851 frater.
3428 799 3552 864 42
3585 795 3794 850 Gratia

523 887 750 944 Domini
776 888 954 942 nostri
979 889 1113 943 Iesu
1144 888 1352 944 Christi
1381 905 1504 944 cum
1537 889 1796 944 omnibus
1819 889 1993 954 vobis,
2027 892 2226 946 Amen.
2249 887 2302 956 6,
2325 888 2376 945 7.
2395 890 2456 945 Ei
2482 896 2669 944 autem
2698 889 2793 960 qui
2820 894 3017 958 potens
3040 894 3126 964 est
3153 901 3248 941 vos
3273 885 3605 941 conﬁrmare
3621 885 3794 957 juxta

521 975 887 1046 Evangeiium
919 992 1128 1040 meum,
1163 983 1220 1032 et
1251 977 1703 1047 praedicationem
1743 981 1877 1034 Iesu
1919 979 2152 1045 Christi,
2197 976 2251 1034 8.
2305 979 2613 1034 secundum
2643 977 3045 1033 revelationem
3070 974 3122 1032 9.
3152 974 3407 1045 mysterii
3429 973 3790 1046 temporibus

518 1064 744 1120 aeternis
771 1065 947 1127 taciti,
985 1066 1155 1135 (quod
1188 1082 1336 1120 nunc
1361 1067 1699 1136 patefactum
1731 1075 1817 1122 est
1855 1066 1932 1123 10.
1968 1085 2069 1138 per
2098 1068 2416 1140 Scripturas
2443 1067 2866 1140 prOphetarum,
2891 1064 3197 1118 secundum
3215 1069 3552 1134 praeceptum
3582 1063 3787 1117 aeterni

517 1152 637 1215 Dei,
671 1152 744 1205 ad
773 1152 1150 1208 cbeditionem
1181 1154 1339 1225 ﬁdei)
1364 1155 1422 1210 in
1453 1157 1669 1211 cunctis
1707 1157 1970 1229 gentibus
2002 1157 2231 1228 cogniti,
2271 1155 2375 1212 soli
2414 1155 2659 1228 sapienti
2690 1153 2804 1210 Deo
2851 1154 2944 1208 11.
2989 1154 3095 1209 Per
3123 1153 3314 1208 Jesum
3344 1147 3654 1217 Christum,
3690 1149 3791 1209 '12.

521 1239 608 1293 cui
639 1240 820 1295 honor
843 1247 900 1296 et
927 1242 1108 1310 gloria
1131 1243 1191 1296 in
1225 1243 1431 1298 secula
1458 1245 1814 1300 saeculorum.
1843 1247 2042 1300 Amen.

1837 1379 2428 1442 COMMENTARIUS.

596 1525 649 1576 ι.
703 1525 960 1580 Contsrat
988 1525 1280 1579 Satanam.
1313 1525 1582 1582 Satanam
1612 1526 1715 1582 sub
1739 1527 1973 1597 pedibus
2005 1528 2386 1588 Ec-Atacita.
2429 1531 2694 1594 Quamvis
2740 1531 2892 1587 enim
2930 1547 2997 1587 ex
3039 1529 3283 1600 quadam
3326 1531 3486 1598 parte
3537 1523 3797 1598 antiquis

524 1612 706 1671 clasis
729 1613 1001 1667 Dominus
1024 1613 1304 1678 contrivit,
1327 1613 1459 1683 quia
1473 1613 1726 1670 membra
1749 1615 1889 1684 ejus,
1913 1614 2112 1685 quibus
2195 1617 2455 1675 Patribus
2487 1627 2674 1676 essent
2698 1620 2937 1690 cognita,
2973 1619 3135 1691 plene
3171 1623 3364 1672 tamen
3392 1633 3426 1670 ο.
3466 1613 3622 1671 nullo
3668 1612 3797 1668 fue-

523 1700 829 1756 Ecclesiam
860 1701 1319 1771 persequebatur,
1349 1703 1421 1756 sd
1466 1703 1634 1757 tidem
1673 1719 1958 1769 conversa,
2004 1703 2111 1773 ipsi
2194 1709 2329 1758 runt
2371 1704 2527 1769 scita,
2578 1705 2762 1774 quoad
2799 1719 2978 1774 usque
3021 1719 3123 1758 suo
3154 1708 3421 1772 ,tempore
3467 1716 3566 1770 per
3589 1699 3796 1753 Iesum

520 1785 777 1842 Ecclesiae
807 1790 1147 1858 subjugavit.
2195 1791 2480 1848 Christum
2513 1793 2742 1850 fuerunt
2769 1794 3031 1849 revelata.

596 1879 647 1930 5.
680 1875 875 1932 Saluto
913 1894 1020 1932 vos.
1054 1879 1240 1933 Ordo:
1271 1879 1454 1933 saluto
1479 1896 1575 1933 vos
1600 1880 1658 1934 in
1683 1880 1941 1936 Domino.
1973 1882 2110 1937 Ter-
2265 1880 2351 1937 10.
2380 1885 2482 1936 Per
2509 1883 2829 1950 Scriptura:
2857 1882 3272 1950 prophetarum.
3311 1879 3626 1948 Scripturas
3661 1891 3797 1946 pro-

521 1966 636 2020 tius
680 1965 787 2022 iste
816 1968 1068 2022 notarius
1103 1967 1211 2022 fuit
1239 1969 1512 2039 Apostaii,
1564 1969 1660 2038 qui
1707 1971 1849 2024 hanc
1889 1969 2111 2040 scripsit
2137 1986 2140 1989 '
2191 1971 2488 2042 phetarum
2515 1971 2780 2026 revelavit
2805 1969 3060 2026 Christus
3086 1967 3354 2038 apostolis
3383 1967 3521 2032 suis,
3553 1965 3706 2019 sicut
3725 1965 3792 2020 in

518 2050 845 2126 ΕΡίθίοιλιηο
2189 2061 2488 2131 Evangelia
2516 2061 2722 2131 legitur
2749 2079 2762 2114 :
2792 2061 2944 2114 Tunc
2966 2061 3185 2128 aperuit
3210 2059 3327 2114 illis
3346 2071 3586 2121 sensum,
3612 2060 3680 2108 ut
3701 2058 3795 2109 in-

586 2141 643 2196 6.
675 2145 921 2200 AMBROI.
969 2148 1038 2200 Ei
1064 2149 1272 2199 autem.
1304 2147 1368 2200 Ei
1399 2147 1494 2216 qui
1517 2151 1713 2217 potens
1741 2151 1828 2202 est
1850 2156 1946 2201 vos
1973 2163 2106 2203 ccn-
2191 2153 2494 2215 telligorcnt
2523 2150 2861 2217 Scripturas,
2885 2152 2992 2205 etc.

517 2234 744 2288 ﬁrmare
765 2235 868 2289 soil
888 2235 1125 2305 sapienti
1144 2236 1260 2289 Deo
1274 2235 1522 2305 gloriain
1535 2236 1737 2290 saecula
1753 2235 2103 2292 saeculorum.
2259 2239 2287 2294 1
2307 2237 2350 2296 l.
2381 2240 2631 2295 Auaacs.
2665 2240 2767 2292 Per
2796 2239 3003 2303 Jesum,
3035 2235 3094 2292 id
3123 2235 3228 2301 est,
3262 2250 3363 2305 per
3391 2235 3584 2289 Jesum
3615 2232 3795 2287 Chri-

592 2321 642 2376 7.
679 2325 882 2377 LANFR.
905 2324 973 2377 Ei
995 2329 1200 2384 autem,
1226 2323 1284 2376 id
1309 2329 1412 2390 est,
1446 2324 1541 2394 qui
1572 2329 1756 2394 potest
1782 2341 1878 2378 vos
1897 2324 1968 2378 ad
1995 2331 2119 2380 tan-
2197 2331 2384 2390 stum;
2419 2325 2571 2395 quia,
2603 2330 2667 2382 ut
2693 2324 2804 2378 alia
2838 2331 3076 2389 taceam,
3109 2323 3229 2392 ipse
3273 2320 3534 2392 praecepit
3583 2326 3795 2389 gentes

520 2417 639 2464 tam
689 2412 1087 2482 perfectionem
1133 2413 1356 2476 ducere,
1409 2419 1677 2482 quantam
1733 2413 1996 2483 praedico,
2057 2419 2115 2466 et
2194 2414 2464 2484 baptizari
2502 2413 2561 2466 in
2611 2413 2836 2466 nomine
2879 2413 3081 2477 Patris,
3131 2417 3187 2464 et
3241 2411 3389 2473 Filii,
3424 2415 3482 2463 et
3537 2401 3796 2480 Spiritus

522 2506 791 2569 quantam
822 2501 1077 2554 Christus
1118 2500 1456 2570 praedicavit,
1491 2506 1549 2553 et
1583 2499 1996 2570 praedicandam
2021 2501 2108 2555 in-
2191 2503 2391 2562 sancti,
2413 2501 2508 2555 ubi
2539 2502 2813 2572 praecipue
2854 2500 3245 2554 commendata
3280 2505 3366 2552 est
3392 2499 3560 2568 hujus
3585 2496 3796 2550 indivi-

514 2588 718 2644 stituit.
2188 2591 2312 2645 duae
2337 2591 2520 2660 gloria
2534 2591 2842 2645 Trinitatis.

589 2676 645 2732 8.
675 2675 991 2731 Secundum
1022 2677 1498 2741 rerelationem,id
1520 2682 1623 2739 est,
1652 2683 1717 2732 ut
1744 2679 1824 2732 ita
1846 2678 2104 2744 credatis,
2267 2679 2348 2735 12.
2376 2680 2478 2733 Cui
2501 2680 2696 2734 honor.
2729 2679 2887 2742 Quod
2910 2694 3041 2732 vero
3061 2677 3314 2731 additum
3342 2679 3452 2739 cui,
3483 2680 3548 2729 ut
3569 2674 3797 2730 diceret

518 2766 663 2820 sicut
687 2765 1020 2836 mysterium
1049 2766 1150 2822 Dei
1177 2767 1486 2820 revelatum
1509 2773 1617 2831 est,
1647 2773 1704 2821 et
1731 2767 1889 2838 ponit
1913 2767 2108 2836 singu-
2188 2768 2297 2833 cui,
2321 2784 2448 2822 cum
2478 2767 2756 2822 sufliceret
2780 2768 2827 2821 si
2861 2767 3070 2821 dictum
3097 2772 3261 2831 esset,
3286 2769 3337 2819 ci
3356 2770 3541 2818 autem
3571 2766 3790 2832 gloria,

515 2855 633 2908 lare
662 2871 762 2926 pro
792 2855 1014 2925 plurali.
2122 2844 2168 2904 Β
2191 2857 2517 2912 inusitatam
2557 2862 2761 2911 nostrae
2794 2856 3000 2926 linguae
3039 2855 3251 2909 indicat
3292 2854 3632 2908 locutionem
3668 2869 3795 2908 non

586 2941 639 2998 9.
673 2946 948 3012 Mysterii.
982 2943 1312 3014 Mys’terium
1333 2949 1492 2998 vocat
1520 2944 1960 3000 incarnationem
1976 2945 2105 3000 Iesu
2189 2962 2416 3002 sensum
2447 2961 2615 3017 quem
2643 2944 3000 3016 requiramus
3043 2943 3126 2998 vel
3172 2943 3241 2998 de
3291 2958 3402 3015 quo
3429 2937 3796 3013 ambigamus

505 3033 746 3098 Christi,
779 3039 834 3088 et
880 3037 1084 3088 cateia
1121 3049 1243 3101 qua)
1286 3033 1511 3086 aeternis
1560 3033 1908 3126 temporibus
1948 3038 2110 3088 erant
2188 3034 2458 3090 insinuat.

505 3219 3767 3260 NW

519 3386 1068 3482 EPISTOLA
1133 3388 1230 3479 B.
1301 3387 1650 3480 PAULI
1740 3384 2284 3477 APOSTOLI
2368 3384 2519 3474 AD
2596 3377 3296 3475 CORWTHIOS
3377 3369 3762 3473 PRIMA

1135 3557 1332 3626 CUM
1361 3555 1810 3625 GLOSSULA
1861 3555 2400 3625 INTERJECTA
2455 3557 2530 3620 B.
2581 3541 2690 3624 LA
2699 3554 2922 3622 NFRA
2935 3548 3114 3623 N01.

2007 3717 2275 3735 u-

588 3841 1002 3895 Amtmsmmt.
1048 3863 1102 3882 -ι-
1135 3839 1412 3894 Corinthii
1435 3843 1568 3894 sunt
1593 3839 1840 3904 Achaici,
1874 3845 1930 3894 et
1957 3841 2015 3896 hi
2037 3841 2162 3902 si—C
2177 3841 2351 3897 daicze
2380 3840 2592 3896 inducti
2620 3847 2771 3896 sunt.
2797 3840 2912 3894 Hos
2932 3843 3156 3894 revocat
3179 3839 3482 3910 Apostolus
3501 3837 3573 3892 sd
3587 3853 3787 3893 veram

517 3927 729 3984 militer
755 3929 826 3983 ab
859 3927 1128 3999 Apostolo
1156 3927 1458 3983 audierunt
1474 3929 1704 3983 verbum
1735 3929 2019 3996 veritatis;
2053 3934 2110 3985 et
2189 3931 2358 3986 ﬁdem
2406 3936 2460 3984 et
2506 3929 2882 4000 evangelicam
2932 3928 3285 3999 sapientiam,
3322 3926 3570 3982 scribens
3597 3927 3681 3982 eis
3712 3927 3790 3982 ab

516 4019 768 4072 subversi
792 4023 922 4071 sunt
947 4017 1253 4071 multifaria
1275 4033 1309 4070 a
1335 4017 1489 4071 falsis
1509 4018 1796 4088 apostolis,
1827 4018 2053 4088 quidam
2076 4035 2111 4074 a
2191 4019 2407 4090 Epheso
2438 4035 2537 4089 per
2557 4017 2953 4073 Thimctheum
2982 4017 3322 4090 discipulum
3342 4032 3526 4072 suum.

513 4106 877 4176 philosophias
907 4105 1142 4159 verbosa
1162 4107 1505 4177 eloquentia,
1539 4105 1634 4160 alii
1665 4111 1817 4160 secta
1845 4107 1984 4177 legis
2017 4109 2110 4162 Ju-

1863 4212 2096 4277 CAPUT
2135 4213 2434 4276 PRIMUM.

583 4329 792 4389 Paulus
820 4337 1045 4389 vecatus
1071 4333 1357 4404 apostolus
1387 4329 1520 4390 Iesu
1550 4333 1758 4391 Christi
1786 4352 1886 4406 per
1911 4335 2258 4391 voluntatem
2285 4337 2406 4402 Dei,
2439 4341 2497 4392 et
2525 4337 2828 4391 Sosthenes
2857 4337 3049 4402 frater,
3084 4335 3340 4390 Ecclesiae
3370 4335 3492 4402 Del,
3523 4341 3649 4407 quas
3679 4341 3775 4392 est

515 4423 788 4488 Corinthi,
822 4424 870 4475 l.
896 4421 1271 4486 sanctiﬁcatis,
1306 4417 1588 4488 habitatis,
1617 4425 1674 4478 in
1701 4424 1826 4492 43
1855 4422 2075 4478 Christo
2104 4424 2262 4493 Jesu,
2293 4420 2500 4479 vocatis
2519 4424 2745 4491 ‘sanctis,
2781 4429 2841 4479 ut
2874 4428 3052 4479 sancti
3078 4427 3209 4478 sint.
3252 4423 3305 4480 2.
3337 4433 3465 4479 cum
3503 4417 3772 4480 omnibus

514 4511 610 4586 qui
630 4512 892 4566 invocant
919 4521 1126 4566 nomen
1155 4505 1380 4566 Domini
1407 4514 1582 4566 nostri
1604 4513 1733 4568 Jesu
1765 4513 1992 4578 Christi,
2029 4512 2079 4568 3.
2108 4515 2166 4568 in
2193 4513 2345 4567 omni
2371 4513 2491 4566 loco
2520 4513 2790 4585 ipsorum,
2819 4519 2876 4566 et
2899 4517 3110 4578 nostro,
3139 4515 3199 4567 id
3229 4518 3386 4568 estin
3417 4515 3673 4580 Ecclen'a,
3702 4519 3772 4569 in

515 4617 626 4672 qua
657 4606 789 4654 sunt
818 4604 1010 4655 omnia
1041 4603 1377 4655 communia.
1404 4599 1616 4664 Gratia,
1654 4605 1900 4655 remissio
1919 4609 2286 4671 peccatorum,
2314 4603 2392 4656 cc!
2413 4601 2756 4656 observantia
2779 4603 3047 4656 bonorum
3069 4611 3315 4670 operum,
3344 4603 3516 4668 vobis,
3550 4608 3606 4658 et
3634 4619 3769 4675 pax,

517 4687 573 4743 id
600 4693 693 4754 est,
726 4691 1100 4745 reconciliatio
1134 4691 1287 4760 apud
1322 4691 1497 4744 Deum
1524 4699 1558 4745 a
1585 4691 1701 4746 Deo
1739 4691 1906 4746 Patre
1936 4697 2148 4759 nostro,
2183 4698 2239 4748 et
2271 4691 2510 4748 Domino
2551 4685 2685 4748 Jesu
2725 4691 2969 4748 Christo.
3001 4690 3061 4750 4.
3103 4693 3328 4748 Gratias
3360 4703 3464 4763 ego
3490 4695 3605 4748 Deo
3639 4707 3775 4749 meo

1849 4801 2437 4866 COMMENTARIUS.

589 4919 746 4974 CAP.
769 4920 814 4974 Ι.
835 4950 902 4964 -
930 4920 984 4974 1.
1017 4922 1267 4975 Ausnos.
1293 4917 1684 4987 Sanctiﬁcatis.
1717 4921 1870 4989 Ideo,
1903 4923 1999 4994 qui
2022 4936 2105 4978 τε·
2127 4925 2529 4990 Dcarnationis
2557 4925 2677 4994 ejus
2724 4930 2781 4980 et
2818 4925 3090 4996 passionis
3119 4931 3176 4981 et
3213 4932 3542 4982 ceterorum
3571 4927 3789 4982 conﬁr-

515 5007 768 5078 gsnerati
795 5008 855 5062 in
882 5008 1124 5074 Christo,
1153 5008 1485 5064 sanctiﬁcati
1513 5015 1661 5064 sunt.
2187 5020 2412 5068 metum
2444 5019 2547 5076 est,
2594 5019 2651 5066 et
2698 5029 2733 5067 a
2772 5013 2926 5068 vobis
2959 5013 3106 5069 inter
3143 5031 3239 5069 vos
3284 5015 3516 5070 diversis
3558 5006 3792 5071 Veteris

585 5099 640 5154 ‘/..
670 5098 916 5152 AUGUs'r.
946 5101 1028 5162 (in
1047 5099 1237 5165 Expos.
1269 5101 1410 5165 psal.
1444 5111 1520 5162 ιι,
1542 5105 1679 5155 tom.
1711 5100 1880 5170 VIII).
1917 5100 2105 5155 Omni-
2185 5103 2531 5158 Testamenti
2559 5102 3004 5158 auctoritatibus.

518 5187 614 5240 bu:
631 5190 732 5256 qui
755 5190 1032 5240 invocant.
1066 5187 1166 5242 Isti
1207 5186 1303 5257 qui
1350 5193 1578 5257 propter
1629 5189 1916 5244 szecularia
1951 5206 2104 5244 ccm—
2254 5191 2310 5244 4.
2369 5192 2613 5246 Aunaos.
2675 5191 2895 5246 Gratias
2949 5209 3050 5259 ago
3103 5209 3216 5246 meo
3268 5196 3392 5248 Deo.
3443 5194 3793 5263 Quanquam

520 5275 704 5340 moda,
739 5275 835 5346 qui
866 5281 1096 5346 propter
1122 5282 1348 5330 terrena
1374 5275 1536 5342 bona,
1559 5277 1655 5347 qui
1685 5283 1914 5348 propter
1934 5279 2106 5332 vitam
2188 5278 2449 5334 omnibus
2469 5279 2527 5333 in
2561 5280 2800 5334 Ecclesia
2827 5279 3050 5346 scribat,
3083 5280 3160 5335 ita
3187 5281 3479 5353 signiﬁcat,
3518 5297 3646 5336 cum
3676 5281 3791 5337 ali-

520 5371 850 5432 prsesentem
875 5371 931 5418 et
958 5373 1240 5419 terrenam
1270 5365 1588 5419 felicitatem
1618 5367 1882 5422 invocant
1916 5366 2108 5422 Dcmi-
2191 5369 2413 5437 quando
2442 5369 2690 5440 corripit,
2724 5369 3025 5440 aliquando
3054 5370 3266 5435 laudat,
3298 5377 3362 5424 ut
3393 5370 3792 5442 unusquisque

520 5463 655 5504 num
683 5453 807 5521 [al..
839 5452 1062 5526 Deum],
1091 5469 1202 5508 non
1227 5454 1492 5509 invocant
1516 5455 1714 5510 Deum.
2191 5472 2316 5511 cum
2346 5457 2501 5527 legit,
2534 5458 2813 5527 intelligat
2840 5459 2973 5528 quid
2997 5474 3098 5528 pro
3123 5475 3206 5527 se,
3232 5459 3366 5530 quid
3395 5460 3695 5514 adversum
3723 5478 3792 5514 se

591 5536 642 5594 3.
665 5539 874 5595 Lassa.
906 5543 974 5595 In
999 5546 1156 5596 omni
1187 5546 1316 5599 loco.
1351 5543 1552 5609 Verba,
1585 5543 1786 5613 inquit,
1823 5549 1879 5599 et
1926 5544 2110 5598 scien-
2190 5545 2428 5602 dicatur.

542 5627 655 5680 iam
684 5629 908 5696 tenetis,
960 5631 1103 5686 sicut
1129 5631 1515 5687 testimonium
1553 5630 1781 5697 Christi,
1821 5632 1877 5685 id
1910 5637 1995 5686 est
2019 5631 2107 5686 in-
