3912 6356
194 348 281 408 157
895 355 972 408 1N
1009 354 1076 407 1).
1116 331 1332 408 PAULi
1371 335 1596 408 EPIST.
1641 332 2016 409 conum.
2056 377 2126 394 --
2165 331 2390 406 ειηετ.
2431 351 2527 406 AD
2567 351 2741 406 non.
3326 336 3427 408 iss

189 489 392 548 semper
417 487 520 550 pro
547 473 701 532 vobis
730 477 808 543 in,
836 491 939 546 pro
962 470 1147 548 gratia
1171 475 1292 543 Dei,
1326 490 1447 548 qum
1469 477 1602 530 data
1630 479 1714 530 est
1739 474 1886 529 vobis
1910 477 1966 530 in
1990 473 2212 532 Christo
2243 473 2395 538 Jesu,
2428 479 2492 530 in
2523 471 2627 543 ﬁde
2644 471 2879 542 Christi;
2917 470 2968 533 5.
3004 473 3228 550 quodin
3249 468 3428 531 omni-

185 563 275 620 bus
297 565 493 620 divites
516 565 643 620 facti
665 558 798 621 estis
845 565 903 620 in
920 565 1036 629 illo,
1080 567 1137 620 in
1171 565 1322 619 omni
1354 564 1538 633 verbo,
1565 572 1628 618 ut
1647 563 1866 633 possitis
1898 565 2219 634 praedicare,
2249 565 2386 619 etin
2414 564 2569 619 omni
2602 565 2864 634 scientia;
2907 570 2956 620 et
2974 567 3162 620 sciatis
3192 563 3326 634 quid
3357 564 3430 619 stt

183 653 580 723 praedicandum
609 674 624 708 :
659 654 806 708 sicut
833 653 1216 708 testimonium
1255 653 1464 708 Christi
1518 651 1911 708 conﬁrmatum
1957 658 2042 707 est
2065 652 2122 707 in
2161 652 2349 707 vobis:
2386 667 2504 721 quae
2526 652 2670 708 vobis
2700 655 2763 708 de
2794 648 3004 709 Christo
3029 655 3209 707 testati
3237 665 3429 706 sumus

188 745 253 796 ita
279 749 339 795 ut
367 741 513 795 nihil
538 735 689 796 vobis
710 743 856 796 desit
873 743 1093 811 (diuites
1122 742 1261 809 [acti
1287 745 1430 810 estis)
1466 741 1524 796 in
1545 743 1662 796 ulla
1688 743 1891 811 gratia,
1920 746 1984 816 in
2015 746 2201 812 aliqua
2230 745 2462 811 spiritus
2491 748 2669 797 sancti
2685 809 2687 811 ι
2709 743 2870 808 dono,
2903 741 3353 816 esspectantibus
3375 741 3428 796 6.

186 831 588 897 revelationem,
614 833 672 885 id
696 838 788 896 est,
815 835 1080 885 visionem
1103 848 1223 900 quae
1245 835 1308 898 ﬁt
1331 837 1450 900 post
1475 831 1725 894 mortem,
1745 837 1824 885 rel
1842 834 1905 884 in
1933 814 2020 885 die
2041 831 2254 900 judicii
2275 829 2498 886 Domini
2514 829 2690 886 nostri
2716 833 2743 885 J
2749 846 2845 886 esu
2862 814 3088 898 Christi,
3113 831 3208 902 qui
3231 833 3285 885 et
3305 843 3433 884 con-

185 917 411 974 ﬁrmabit
442 935 540 974 vos
570 933 749 991 usque
779 920 837 973 in
869 921 1036 973 finem
1061 926 1307 974 vestrum
1335 923 1416 973 vel
1446 923 1650 982 sabuli,
1674 919 1793 973 sine
1822 918 2076 984 crimine,
2108 918 2167 973 in
2197 917 2287 974 die
2317 921 2588 973 adventus
2609 919 2833 991 (scilicet
2853 922 2951 984 ret,
2977 923 3040 973 in
3070 921 3219 973 obitu
3242 919 3431 986 cujus-

181 1008 368 1078 que,rel
384 1011 446 1062 in
460 1006 667 1076 iudicii
678 1001 1022 1078 die)Domini
1037 1009 1218 1063 nbstri
1239 1004 1370 1063 Jesu
1395 1009 1620 1063 Christi.
1645 1007 1850 1062 Fidelis
1867 1007 2034 1073 Deus,
2065 1011 2435 1075 conﬁrmabit,
2471 1025 2603 1062 nam
2641 1007 2703 1062 de
2715 1009 3002 1078 promissis
3032 1025 3144 1062 non
3174 1013 3250 1062 est
3275 1009 3434 1061 dubi-

183 1099 528 1168 tandum,per
546 1111 838 1167 quem,per
862 1101 1020 1166 cujus
1036 1097 1303 1166 gratiam,
1339 1099 1520 1152 vocati
1551 1097 1682 1151 estis
1707 1099 1760 1151 in
1792 1096 2137 1162 societatem,
2167 1103 2232 1150 ut
2260 1099 2381 1151 sitis
2423 1099 2712 1151 coheredes
2755 1098 2980 1160 Christi,
3013 1097 3112 1152 ﬁlii
3144 1098 3262 1167 ejus
3301 1091 3434 1150 .lcsu

183 1185 369 1240 Christi
391 1185 623 1240 Domini
644 1187 843 1240 nostri.
878 1185 1119 1241 Obsecro
1152 1191 1340 1241 autem
1368 1203 1481 1251 vos,
1521 1187 1742 1248 fratres,
1772 1202 1869 1256 per
1897 1201 2103 1239 nomen
2131 1186 2354 1240 Domini
2380 1185 2556 1241 nostri
2587 1187 2716 1242 Jesu
2745 1185 2972 1252 Christi,
3003 1191 3066 1241 ut
3087 1187 3330 1258 idipsum
3353 1184 3439 1240 di-

182 1275 302 1328 catis
331 1289 545 1339 omnes,
582 1280 638 1328 et
659 1291 770 1328 non
802 1273 915 1328 sint
937 1273 996 1328 in
1024 1271 1179 1329 vobis
1208 1275 1509 1329 schismata
1534 1295 1545 1341 ;
1587 1275 1709 1328 sitis
1741 1281 1930 1329 autem
1954 1273 2184 1346 perfecti
2215 1275 2272 1328 in
2302 1275 2493 1329 eodem
2512 1289 2700 1329 sensu.
2735 1277 2916 1328 eadem
2948 1277 3248 1337 voluntate,
3285 1279 3342 1326 et
3373 1273 3435 1328 in

181 1363 356 1418 eadem
379 1363 666 1417 sententia
697 1366 847 1430 (rogo
875 1381 941 1418 ne
985 1369 1102 1418 sint
1125 1367 1188 1418 in
1210 1365 1358 1418 vobis
1395 1362 1731 1431 schismata).
1765 1361 2154 1433 Signiﬁcatum
2197 1369 2282 1416 est
2319 1364 2465 1417 enim
2502 1365 2640 1416 mihi
2664 1364 2731 1417 de
2760 1363 2931 1426 vobis,
2961 1361 3162 1415 fratres
3191 1363 3320 1427 mei,
3363 1355 3435 1416 ab

180 1451 238 1504 iis
271 1448 361 1523 qui
384 1456 522 1505 sunt
550 1451 773 1518 Chloes,
799 1451 931 1523 quia
958 1453 1345 1506 contentiones
1398 1457 1529 1506 sunt
1571 1451 1720 1504 inter
1766 1469 1883 1505 vos.
1932 1449 2049 1505 Hoc
2095 1453 2283 1506 autem
2335 1451 2477 1517 dico,
2513 1451 2658 1522 quod
2690 1447 2742 1506 7.
2776 1451 3160 1520 unusquisque
3187 1454 3437 1504 vestrum

181 1542 454 1605 (aliushoc,
488 1542 820 1610 aliusittud)
841 1537 995 1605 dicit,
1027 1536 1140 1611 Ego
1167 1543 1295 1602 (ecce
1321 1539 1708 1610 contentiones)
1743 1540 1966 1611 quidem
2001 1555 2126 1595 sum
2157 1541 2460 1609 discipulus
2487 1539 2645 1594 Pauli
2673 1555 2683 1607 ;
2720 1556 2821 1610 ego
2853 1547 3040 1593 autem
3067 1539 3294 1608 Apollo;
3332 1555 3435 1609 ego

181 1644 290 1681 vero
311 1627 362 1682 8.
387 1628 593 1699 Cephea
622 1643 632 1682 :
663 1631 811 1684 Petri
834 1649 849 1683 :
877 1629 1118 1700 (cephas,
1165 1631 1358 1697 caput;
1387 1630 1531 1682 unde
1552 1629 1821 1701 acephali,
1845 1627 1899 1683 id
1931 1636 2035 1692 est,
2062 1631 2182 1683 sine
2199 1632 2413 1697 capite,)
2441 1644 2543 1699 ego
2568 1634 2757 1682 autem
2788 1627 3012 1683 Christi.
3036 1623 3088 1682 9.
3115 1627 3333 1681 Divisus
3354 1632 3440 1681 est

180 1733 208 1768 a
236 1721 397 1770 servis
424 1717 548 1770 suis
569 1716 865 1771 Christus?
893 1716 1160 1787 Nunquid
1191 1716 1398 1772 Paulus
1441 1716 1737 1772 cruciﬁxus
1776 1723 1860 1771 est
1897 1733 1994 1787 pro
2015 1717 2218 1771 vobis?
2266 1723 2364 1771 aut
2405 1717 2463 1771 in
2501 1715 2728 1770 nomine
2758 1713 2914 1770 Pauli
2956 1713 3222 1785 baptizati
3248 1712 3382 1768 estis
3410 1715 3437 1768 ?

180 1805 384 1858 Gratias
414 1821 526 1874 ago
555 1806 689 1870 Deo,
723 1806 870 1875 quod
891 1806 1173 1859 neminem
1205 1812 1445 1859 vestrum
1477 1805 1771 1876 baptizavi,
1801 1807 1908 1861 nisi
1933 1807 2192 1876 Crispum
2226 1813 2282 1858 et
2311 1806 2527 1870 Caium,
2551 1822 2620 1858 ne
2640 1804 2762 1874 quis
2792 1805 2942 1857 dicat
2961 1804 3183 1874 quodin
3211 1803 3438 1856 nomine

179 1912 287 1948 meo
319 1893 592 1964 baptizati
612 1893 763 1949 estis.
788 1894 1069 1964 Baptizavi
1099 1900 1289 1948 autem
1322 1898 1500 1962 (quasi
1529 1897 1882 1958 remediatus)
1914 1901 1971 1949 et
2006 1896 2301 1964 Stephanze
2335 1895 2586 1948 domum.
2622 1894 2922 1968 Caeterum,
2974 1892 3161 1947 nescio
3193 1892 3240 1945 si
3272 1907 3440 1961 quem

179 1983 329 2036 alium
363 1982 786 2052 baptizaverim.
811 1983 934 2036 Non
962 1983 1110 2036 enim
1151 1983 1302 2036 misit
1337 1999 1424 2037 me
1442 1983 1696 2038 Christus
1727 1981 2031 2052 baptizare,
2055 1984 2151 2038 sed
2169 1983 2548 2054 evangelizare
2575 2000 2586 2034 :
2615 1982 2704 2047 10,
2724 1983 2809 2036 il.
2833 1998 2945 2035 non
2977 1980 3132 2036 1‘2.in
3161 1979 3440 2049 sapientia

178 2071 331 2136 verbi,
363 2070 445 2128 l3.
482 2077 550 2127 ut
582 2087 694 2124 non
723 2077 1020 2125 evacuatur
1047 2088 1179 2124 crux
1203 2071 1432 2125 Christi.
1464 2073 1551 2126 '14.
1586 2071 1854 2138 Verbum,
1889 2074 1946 2125 id
1972 2079 2046 2126 est
2065 2074 2404 2140 pradicatio,
2437 2071 2587 2124 enim
2620 2067 3440 2140 crucis,pereuntibusquidem

179 2160 394 2214 stultitia
427 2167 550 2228 est;
582 2161 652 2216 iis
676 2166 863 2214 autem
893 2161 986 2230 qui
1009 2161 1145 2214 salvi
1174 2162 1335 2224 fiunt,
1366 2161 1421 2214 id
1444 2167 1546 2225 est,
1581 2160 1760 2223 nobis,
1787 2159 1869 2214 i5.
1918 2161 2020 2214 Dei
2044 2161 2218 2215 virtus
2238 2165 2342 2225 est,
2391 2161 2452 2212 id
2491 2165 2564 2211 est
2594 2161 2734 2211 dans
2763 2160 3024 2210 virtutem
3055 2158 3314 2220 credenti,
3341 2169 3440 2224 per

178 2265 347 2316 quam,
379 2267 511 2304 cum
551 2267 636 2304 res
664 2252 854 2316 exigit,
882 2252 1158 2302 miracula
1180 2252 1340 2315 ﬁunt.
1380 2247 1664 2318 Scriptum
1693 2254 1777 2301 est
1799 2250 1967 2317 enim,
2006 2253 2138 2314 (non
2162 2254 2225 2303 in
2247 2251 2520 2317 sapientia
2555 2249 2724 2312 verbi,
2747 2250 2882 2314 quia
2903 2247 3043 2300 Deus
3071 2246 3323 2312 reprobat
3343 2259 3436 2296 sa-

176 2340 426 2405 pientiam
456 2338 614 2392 verbi
649 2341 866 2403 mundi,
901 2344 948 2391 et
978 2339 1074 2392 hoc
1102 2340 1315 2406 probat,
1350 2340 1482 2406 quia
1513 2339 1785 2403 scriptum
1816 2342 1914 2406 est)
1939 2355 1950 2392 :
1999 2335 2082 2395 16.
2115 2339 2355 2392 Perdam
2377 2336 2714 2407 sapientiam
2736 2335 3097 2406 sapientium,
3133 2336 3319 2400 (causa
3335 2347 3437 2386 cur

183 2430 515 2494 insapientia
545 2428 696 2481 verbi
725 2443 833 2480 non
861 2426 1260 2494 praedicauerit)
1279 2432 1333 2480 et
1363 2425 1718 2497 prudentiam
1745 2426 2107 2496 prudentium
2133 2425 2460 2498 reprobabo.
2496 2423 2603 2480 Ubi
2631 2423 2895 2494 sapiens?
2939 2423 3186 2490 perditus
3216 2424 3309 2474 est.
3333 2415 3440 2475 Ubi

183 2514 377 2569 scriba?
400 2512 487 2570 i7.
513 2516 618 2570 Ubi
639 2515 1002 2585 conquisitor,
1018 2517 1331 2583 disputator
1355 2517 1656 2570 mundana:
1683 2517 1965 2583 sapientia:
1987 2513 2153 2586 hujus
2181 2515 2406 2570 saeculi?
2427 2515 2617 2569 Noluit
2637 2515 2780 2567 Deus
2805 2529 2904 2582 per
2933 2515 3207 2580 sapientes
3239 2510 3442 2563 mundi

1494 2657 2091 2721 COMMENTARIUS.

245 2823 290 2873 5.
328 2819 538 2874 Lara.
582 2821 734 2886 Quod
776 2823 838 2873 in
880 2782 1134 2872 munibus
1161 2819 1374 2871 divites.
1408 2819 1612 2871 Totum
1664 2833 1764 2888 pro
1783 2820 1831 2877 A
1851 2815 2085 2871 convicti
2115 2822 2172 2870 et
2193 2817 2500 2883 crederent,
2538 2833 2651 2871 non
2682 2818 2971 2888 prodesset
3000 2817 3100 2869 eis.

186 2909 322 2977 parte
349 2909 535 2979 ponit.
588 2907 716 2961 Non
745 2907 894 2960 enim
920 2920 1116 2960 omnes
1143 2907 1204 2960 in
1233 2906 1493 2960 omnibus
1536 2906 1764 2959 virtuti-
1924 2905 2004 2959 13.
2031 2907 2274 2959 Auoos'r.
2304 2910 2383 2966 (ea;
2411 2907 2506 2959 lib.
2540 2908 2612 2959 De
2668 2912 2784 2958 nat.
2842 2911 2892 2957 et
2927 2906 3071 2970 grat.
3106 2907 3300 2956 contra
3328 2901 3441 2956 Pol.

186 2996 271 3050 bus
296 2997 491 3051 divites
515 3002 695 3051 erant.
728 2993 1009 3060 Quosdam
1049 2995 1199 3049 enim
1248 2995 1303 3048 in
1360 2994 1762 3066 posterioribus
1851 3008 1970 3063 cap.
2013 2992 2065 3058 7,
2090 2999 2227 3046 tom.
2261 2994 2406 3062 VII).
2446 2994 2507 3047 Ut
2531 3009 2640 3046 non
2671 2997 2980 3046 evacuatur.
3015 2991 3329 3044 Evacuatur
3349 3005 3446 3042 au-

187 3085 470 3156 redarguit.
1848 3088 1963 3136 tem
1985 3082 2163 3152 siquo
2193 3080 2357 3135 modo
2386 3085 2590 3152 praeter
2615 3081 2767 3134 illius
2801 3083 3234 3143 sacramentum,
3267 3077 3338 3130 ad
3353 3072 3444 3146 ju-

245 3172 293 3230 Β.
323 3177 739 3239 Revelatienem,
797 3173 854 3228 id
907 3179 994 3227 est
1033 3173 1306 3227 visionem
1381 3188 1506 3244 quae
1552 3175 1616 3226 ﬁt
1642 3179 1768 3243 post
1848 3171 2079 3236 stitiam,
2112 3171 2396 3240 vitamque
2448 3175 2717 3224 aeternam
2759 3168 3036 3240 perveniri
3073 3177 3238 3238 posse
3289 3165 3444 3219 dica-

188 3265 424 3329 mortem,
457 3254 548 3316 vel
576 3264 635 3317 in
662 3263 754 3316 die
777 3262 993 3332 judicii.
1847 3266 1966 3314 tur.

245 3349 293 3406 7.
327 3353 706 3420 Unusquisque
724 3357 982 3406 vestrum.
1007 3352 1129 3404 Non
1143 3351 1529 3420 unusquisque
1549 3351 1767 3404 dicebat
1922 3347 2013 3406 14.
2043 3349 2251 3401 LANFR.
2297 3347 2522 3402 Verbum
2552 3349 2720 3400 enim.
2746 3341 2908 3399 Ratio
2929 3359 3027 3398 cur
3054 3355 3165 3396 non
3185 3343 3450 3414 praedicet

190 3439 286 3493 haec
312 3433 580 3511 quatuor;
626 3440 723 3494 sed
752 3439 1198 3494 subaudiendum
1234 3445 1320 3492 est
1353 3458 1363 3491 :
1396 3439 1555 3492 Alius
1581 3439 1717 3492 dicit
1749 3461 1760 3494 :
1851 3437 1908 3490 in
1930 3436 2206 3508 sapientia
2224 3435 2392 3490 verbi.
2428 3435 2673 3489 Studiosi
2695 3435 2906 3489 etenim
2951 3433 3128 3504 ipsius
3158 3434 3315 3496 artis,
3352 3432 3449 3502 qui

190 3527 286 3597 Ego
299 3530 524 3598 quidem
537 3546 662 3582 sum
688 3529 845 3582 Pauli
863 3548 874 3595 ;
891 3529 1034 3582 alius
1053 3534 1271 3582 autem:
1299 3529 1412 3598 Ego
1430 3529 1759 3599 Apollo,etc.
1849 3529 2038 3580 tamen
2060 3526 2392 3579 Christiania
2422 3524 2710 3594 religionis
2731 3530 2984 3594 expertes
3011 3527 3162 3589 sunt,
3189 3521 3338 3592 quod
3359 3531 3454 3591 pe-

190 3615 264 3669 Sic
290 3619 431 3671 enim
472 3617 720 3688 ipsemet
745 3617 802 3670 in
833 3618 1196 3687 sequentibus
1229 3618 1484 3688 exposuit
1529 3619 1720 3671 dicens
1751 3637 1763 3672 :
1849 3620 2074 3666 reuntes
2094 3619 2270 3676 vocat,
2302 3613 2529 3684 velquia
2543 3613 2797 3666 doctrina
2810 3628 3004 3666 eorum
3032 3610 3091 3665 in
3114 3610 3451 3682 quibusdam

191 3705 308 3760 Cum
334 3711 484 3761 enim
511 3710 636 3776 quis
657 3707 813 3772 dicit,
867 3722 959 3774 ego
988 3709 1210 3775 quidem
1237 3723 1362 3761 sum
1402 3708 1586 3760 Pauli:
1618 3710 1767 3760 alius
1850 3701 2013 3771 perit,
2041 3703 2127 3755 vel
2157 3702 2289 3771 quia
2334 3703 2391 3754 in
2448 3706 2721 3756 aeternum
2771 3702 3006 3772 perituri
3051 3705 3183 3754 sunt
3215 3718 3227 3767 ;
3270 3698 3452 3753 stulti-

191 3801 372 3858 autem,
403 3814 496 3865 ego
524 3799 732 3864 Apollo,
766 3801 870 3851 etc,
1851 3791 1987 3844 tiam
2025 3792 2299 3861 deputant
2324 3796 2561 3844 mortem
2594 3791 2823 3845 Christi.

248 3880 295 3937 8.
318 3885 562 3939 Ληουεῖ.
606 3881 716 3951 Ego
747 3882 946 3952 Caplla.
1007 3883 1078 3936 Hi
1124 3884 1379 3938 dividunt
1428 3885 1534 3938 sibi
1578 3884 1769 3937 Eccle-
1921 3881 2009 3932 15.
2052 3882 2232 3933 Virtus
2278 3881 2376 3933 Dei
2413 3878 2507 3944 est,
2563 3880 2620 3932 id
2677 3883 2780 3943 est,
2839 3880 2978 3932 dans
3029 3877 3294 3930 virtutem
3351 3878 3453 3930 Dei

193 3970 342 4026 siam:
376 3979 432 4026 et
452 3977 646 4043 partes
676 3971 854 4026 facere
886 3973 955 4026 de
981 3973 1199 4028 unitate
1221 3979 1519 4027 conantur.
1854 3969 2118 4034 credenti,
2177 3985 2277 4038 per
2333 3984 2503 4038 quam
2567 3969 2858 4034 miracula,
2930 3975 3056 4020 cum
3109 3979 3200 4019 res
3257 3965 3448 4034 exigit,

251 4060 298 4118 9.
326 4062 571 4116 Annuus.
627 4063 845 4115 Divisus
897 4064 977 4116 est
1031 4063 1296 4117 Christus.
1347 4063 1597 4117 Divisum
1640 4062 1812 4116 dicit.
1854 4059 2017 4111 ﬁunt.

194 4146 494 4219 Christum;
561 4148 694 4221 quia
747 4151 983 4220 gloriam
1037 4150 1158 4221 ejus
1212 4152 1530 4206 hominibus
1577 4132 1838 4223 partitiB
1929 4143 2014 4200 16.
2048 4147 2281 4199 Perdam
2310 4147 2659 4213 sapientiam.
2691 4137 2814 4197 Alia
2842 4143 2987 4196 ratio
3016 4151 3115 4197 cur
3162 4157 3276 4196 non
3313 4146 3458 4212 prte-

196 4244 328 4291 sunt.
1039 4302 1046 4309 _
1857 4235 2004 4288 dicet
2027 4233 2084 4287 in
2106 4235 2383 4304 sapientia
2409 4231 2562 4287 verbi
2597 4248 2610 4288 :
2642 4233 2938 4304 prephetia
2955 4233 3104 4288 enim
3126 4230 3458 4287 auctoritate

258 4326 331 4381 10.
368 4329 485 4382 Non
515 4330 579 4380 in
608 4331 898 4397 sapientia.
932 4327 1183 4398 Imperiti
1219 4328 1379 4382 electi
1403 4332 1551 4394 sunt,
1586 4335 1650 4384 ut
1677 4331 1777 4384 do-
1858 4323 2156 4393 reprobate
2182 4329 2284 4375 est.
2317 4323 2507 4376 Potest
2556 4322 2723 4376 etiam
2773 4322 3078 4404 responsio
3109 4327 3248 4404 esse,
3298 4320 3458 4390 quasi

195 4413 363 4468 ctrinae
390 4410 597 4469 veritas
625 4431 684 4469 se
729 4417 1164 4482 commendaret,
1221 4421 1363 4470 teste
1393 4419 1596 4472 virtute
1624 4439 1638 4486 ς
1694 4437 1764 4472 ne
1861 4411 2063 4482 aliquis
2084 4412 2294 4465 diceret
2321 4428 2334 4463 :
2366 4412 2619 4465 cardicis
2634 4411 2998 4482 pereuntibus
3016 4412 3041 4463 ?
3062 4402 3126 4465 In
3155 4402 3335 4463 Abdia
3353 4410 3459 4462 hoc

196 4501 472 4559 calﬁditate
534 4505 792 4558 humanas
828 4506 1135 4576 sapientiae,
1169 4507 1524 4576 acceptabilis
1554 4509 1766 4562 videre-
1846 4501 2054 4569 legitur
2087 4519 2097 4552 ε
2128 4502 2399 4568 Nuntium
2426 4516 2538 4554 ηοη
2583 4503 2644 4554 in
2686 4502 2771 4554 die
2821 4502 2944 4566 ητα,
2977 4501 3110 4553 dio“
3165 4501 3453 4563 νοτηῖηυε,

196 4592 290 4656 tur,
323 4583 429 4646 non
457 4593 722 4647 verit—ate.
1853 4591 2085 4658 perdam
2109 4591 2375 4657 sapientes
2396 4591 2462 4642 de
2480 4591 2742 4655 Idumam,
2767 4596 2815 4642 et
2834 4583 3463 4658 prud'entiamdemonte

262 4677 334 4736 il.
377 4683 588 4738 LANPB.
647 4682 769 4736 Non
805 4683 870 4734 in
913 4683 1211 4747 sapientia.
1272 4683 1636 4752 Sapientiam.
1683 4684 1780 4738 ubi
1861 4677 2051 4731 Esau?

199 4765 518 4824 dialecticam
542 4770 698 4836 dicit,
731 4783 832 4839 per
863 4783 1033 4839 quam
1060 4785 1214 4834 crux,
1247 4773 1368 4836 44
1401 4772 1457 4825 id
1487 4779 1589 4839 est,
1623 4790 1774 4827 mors
1934 4765 2014 4822 i7.
2053 4761 2148 4821 (lbi
2175 4769 2378 4819 scriba.
2416 4765 2599 4819 Verba
2627 4767 2879 4837 Apostoli
2899 4772 3051 4820 sunt.
3093 4766 3296 4820 Scriba;
3329 4772 3460 4820 sunt

201 4853 383 4912 Christi
410 4868 534 4912 eam
564 4858 892 4929 simpliciter
919 4856 1357 4928 intelligentibus
1409 4863 1663 4915 evacuari
1693 4847 1775 4915 v'i-
1857 4855 2152 4909 moralium
2218 4860 2274 4907 et
2329 4856 2674 4912 naturalium
2735 4856 3006 4909 librorum
3077 4862 3354 4924 auctores,
3405 4860 3464 4909 et

203 4931 358 5011 detur,
381 4948 512 5018 quia
536 4949 686 5001 Deus
718 4947 1076 5006 immortalis.
1103 4947 1358 5002 Christus
1386 4956 1572 5003 autem
1596 4952 1772 5018 Deus;
1860 4952 2084 4999 actuum
2115 4944 2466 5001 saebularium
2498 4945 2816 5015 scriptores,
2841 4945 2898 4998 id
2929 4951 3014 4999 est
3043 4947 3111 4998 de
3149 4946 3284 5015 ipsis
3322 4944 3462 4996 arti-

206 5030 430 5090 Christus
459 5037 634 5107 igitur
661 5036 1018 5091 immortalis.
1068 5035 1125 5090 Si
1161 5042 1349 5090 autem
1394 5039 1727 5093 immortalis
1762 5059 1773 5107 ;
1861 5033 1964 5087 bus
1998 5039 2274 5103 praecepta
2303 5033 2519 5086 dantes.
2546 5034 2967 5103 Conquisitoree
2993 5039 3125 5088 sunt
3162 5036 3464 5102 argumen-

206 5120 325 5174 mori
350 5135 457 5178 non
486 5125 690 5195 potuit.
738 5123 828 5178 Sic
857 5125 925 5177 de
955 5129 1119 5193 partu
1161 5125 1428 5195 Virginis,
1459 5134 1516 5180 et
1545 5127 1777 5198 quibus-
1862 5125 2072 5176 tatores
2100 5136 2164 5174 ex
2190 5123 2479 5192 praeceptis
2510 5121 2756 5193 ipserum
2790 5121 2996 5178 artium
3027 5121 3235 5190 aliquid
3259 5133 3466 5190 appro-

209 5207 316 5263 da'm
339 5212 456 5266 aliis
485 5213 875 5279 sacramentis,
904 5213 1298 5283 perspicaciter
1341 5223 1534 5269 tamen
1562 5217 1781 5271 intuen-
1863 5203 2080 5264 bantes.
2114 5209 2348 5280 Sapiens
2366 5213 2627 5281 generale
2655 5213 2947 5282 utriusque
2985 5209 3312 5263 vocabulum
3343 5215 3455 5267 est.

211 5295 352 5365 tibus,
381 5301 670 5357 dialectica
717 5301 1069 5356 sacramenta
1122 5303 1222 5356 Dei
1278 5321 1389 5358 non
1437 5306 1778 5376 impugnat;
1866 5301 1980 5353 Hos
2010 5299 2345 5355 adnihilatos
2374 5317 2496 5354 esse
2541 5302 2816 5372 perhibet,
2867 5315 2978 5353 non
3019 5299 3150 5368 quia
3179 5297 3463 5352 doctrinas

212 5386 291 5438 sed
315 5395 428 5443 cum
459 5388 546 5446 res
577 5391 772 5460 exigit,
815 5390 861 5444 si
914 5390 1223 5446 rectissimo
1252 5397 1533 5461 teneatur,
1581 5397 1786 5449 astruit
1865 5394 2060 5442 eorum
2092 5389 2449 5442 omnifariam
2478 5390 2772 5460 improbet,
2800 5390 2858 5441 in
2888 5387 3081 5441 multis
3109 5387 3259 5440 enim
3293 5388 3467 5441 sacris

214 5479 260 5525 et
278 5480 572 5535 confirmat.
1797 5488 1845 5550 Ο
1865 5479 2067 5532 litteris
2105 5479 2463 5544 concordant,
2497 5475 2592 5531 sed
2623 5479 2876 5547 quaedam
2919 5481 3220 5531 senserunt
3252 5481 3309 5530 et
3336 5477 3469 5530 seri-

275 5561 346 5616 12.
375 5569 436 5620 In
461 5570 735 5638 sapientia
759 5568 928 5620 verbi.
969 5567 1094 5621 Non
1115 5565 1452 5637 syllogistice
1475 5567 1779 5637 probando,
1868 5570 2103 5638 pserunt
2129 5567 2410 5620 contraria
2459 5566 2787 5620 Christianae
2814 5563 3092 5635 religioni,
3127 5566 3366 5622 maxime
3396 5565 3464 5618 de

217 5649 328 5717 quia
347 5654 418 5708 sic
445 5657 630 5726 potius
658 5662 849 5728 posset
875 5655 1199 5728 improbari.
1233 5655 1334 5708 Vel
1367 5655 1414 5709 si
1438 5656 1779 5726 syllogistice
1866 5658 2086 5710 cultura
2113 5657 2279 5709 unius
2312 5655 2434 5708 Dei.
