3912 6364
482 284 585 344 159

1462 303 1524 358 Β.
1566 304 1980 365 LANFRANCI
2019 309 2378 366 CANTUAR.
2419 311 2755 368 ARCHIEP.

3628 303 3749 362 460

480 416 696 507 salvere
721 418 995 507 credentes
1015 439 1034 486 ;
1076 437 1210 477 nam
1226 440 1328 493 per
1353 428 1546 482 stultos
1563 432 1965 500 praedicatores,
1989 437 2345 489 saecularium
2359 437 2681 490 litterarum
2704 439 3007 507 imperitos.
3035 434 3116 493 18.
3134 436 3333 490 Nonne
3353 430 3587 487 stultam
3604 428 3748 484 fecit

478 500 631 556 Deus
659 506 994 574 sapientiam
1024 510 1195 582 hujus
1223 515 1454 573 mundi?
1481 518 1625 572 Nam
1647 519 1780 589 quia
1806 521 1866 575 in
1886 522 1989 576 Dei
2017 523 2314 594 sapientia,
2334 526 2525 579 divino
2555 529 2802 593 consilio,
2818 543 2931 581 non
2946 526 3221 596 cognovit,
3244 539 3357 578 non
3375 527 3450 577 est
3463 522 3748 591 placitum

566 602 897 685 tioltnosceret
942 599 1188 653 mundus
1216 618 1317 671 per
1344 605 1678 675 sapientiam
1706 611 2062 665 mundanam
2090 612 2269 665 Deum
2294 629 2304 664 :
2348 610 2430 667 19.
2461 613 2675 683 placuit
2697 614 2812 668 Deo
2842 631 2943 685 per
2973 614 3275 669 stultitiam
3302 608 3744 683 praedicationis,

476 683 672 734 stultos
689 685 1090 749 praedicatores,
1124 690 1185 743 id
1208 696 1304 754 est,
1316 708 1418 759 per
1437 696 1719 761 imperitos
1747 701 2051 753 saecularia

2154 704 2452 754 itterarum
2467 704 2851 769 praedicatores
2866 705 3046 757 salvos
3057 704 3239 758 facere
3254 701 3563 755 credentes.
3585 698 3749 761 Quo-

477 767 632 861 niatn
665 774 721 861 et
751 769 838 838 20,
860 771 949 829 21.
968 775 1146 830 Judaei
1171 777 1332 848 signa
1358 786 1574 850 petunt,
1600 789 1663 836 ut
1684 789 2070 853 praedicatores
2098 792 2378 844 miracula
2405 767 2620 858 faciant
2647 791 2735 847 22.
2768 797 2825 846 et
2845 793 3043 858 Graeci,
3065 794 3447 861 praedicatores
3466 793 3529 842 ut
3547 790 3749 841 dicant

475 856 806 949 sapientiam
835 866 1196 929 syllogisticas
1217 869 1582 937 probationes,
1620 879 1907 943 quaerunt,
1935 892 2037 930 nos
2065 882 2255 932 autem
2285 856 2652 949 praedicamus
2701 882 2989 936 Christum
3020 856 3365 944 cruciﬁxum,
3409 877 3496 933 23.
3531 876 3752 931 Judaeis

476 944 703 1038 quidem
719 953 844 1012 45
857 950 1341 1022 scandalum,quia
1356 973 1535 1023 regem
1563 976 1729 1014 suum
1760 966 2095 1031 eruciﬁxisse
2123 944 2412 1032 dicuntur,
2440 966 2531 1023 24.
2546 968 2824 1038 gentibus
2833 977 3023 1025 autem
3039 968 3337 1024 stultitiam
3359 986 3371 1034 ;
3395 966 3531 1037 ipsis
3546 969 3749 1018 autem

474 1035 1367 1128 vocatismAr-adestinatisadvitam
1381 1048 1586 1103 Iudaeis
1610 1055 1778 1121 atque
1792 1053 2017 1115 Graecis,
2050 1054 2332 1107 Christum
2355 1055 2456 1109 Dei
2473 1035 2567 1123 23,
2594 1056 2681 1112 26.
2718 1058 3003 1124 virtutem,
3034 1063 3091 1112 et
3134 1058 3237 1113 Dei
3265 1035 3621 1128 sapientiam,
3646 1050 3745 1115 27.

472 1120 810 1218 2?.Quia29.
821 1128 971 1218 quod
983 1130 1217 1185 stultum
1232 1133 1584 1205 (incarnatio,
1613 1120 1811 1209 passio)
1842 1143 2051 1208 inﬁdeli

2148 1148 2262 1195 :est
2290 1143 2390 1196 Dei
2416 1162 2484 1198 ex
2510 1120 2614 1200 Deo
2641 1148 2949 1218 sapientius
2991 1120 3080 1202 rest
3132 1120 3449 1201 hominibus
3484 1165 3495 1198 :
3555 1147 3613 1197 et
3652 1139 3751 1201 30,

474 1208 560 1304 31.
582 1213 728 1282 quod
748 1212 1034 1270 inﬁrmum
1064 1224 1150 1273 est
1179 1220 1298 1283 Dei,
1333 1224 1454 1290 (per
1470 1227 1630 1291 ﬁdem
1658 1231 1808 1282 enim
1836 1247 2029 1284 eorum
2054 1237 2270 1298 peccata
2289 1236 2677 1301 remittuntur,
2706 1208 2759 1291 et
2786 1239 3049 1291 damones
3065 1218 3441 1304 expelluntur,
3472 1233 3617 1301 quod
3645 1231 3753 1284 Ιιο-

471 1302 649 1393 mines
678 1308 978 1375 nequeunt)
997 1305 1196 1362 fortius
1217 1316 1302 1363 est
1318 1311 1858 1371 hominibus.Videte
1878 1319 2029 1372 enim
2051 1320 2399 1376 vocationem
2415 1329 2677 1387 vestram,
2702 1328 2762 1378 id
2780 1331 2874 1391 est,
2900 1342 2996 1392 per
3017 1342 3147 1393 quos
3163 1326 3340 1377 vocati
3358 1320 3749 1389 silis,fratres,

472 1387 607 1482 quia
634 1405 748 1443 non
777 1392 941 1446 multi
969 1394 1253 1464 sapientes
1283 1401 1593 1456 secundum
1623 1420 1845 1459 carnem
1856 1408 2311 1475 ,pradieaverunt
2327 1412 2468 1464 vobis
2492 1427 2725 1479 regnum
2750 1414 2862 1481 Dei,
2886 1412 2973 1469 3'2.
2995 1429 3109 1467 non
3134 1411 3297 1465 multi
3322 1414 3600 1482 potentes,
3632 1410 3752 1460 sci—

473 1478 597 1570 licet
610 1480 1053 1570 pradicavcrunt
1073 1489 1299 1541 verbum
1326 1491 1441 1555 Dei,
1476 1508 1587 1546 non
1617 1495 1781 1550 multi
1810 1495 2023 1550 nobiles
2059 1514 2070 1549 :
2103 1497 2199 1551 sed
2230 1514 2354 1568 quae
2383 1478 2562 1552 stulta
2584 1508 2717 1554 sunt
2737 1478 2934 1555 mundi
2954 1501 3142 1570 elegit,
3169 1478 3363 1568 probat
3385 1500 3519 1567 quia
3539 1499 3753 1549 stultos

472 1566 520 1660 et
535 1562 1222 1660 inﬁrmoselegit-Deusmt
1237 1574 1868 1641 confundat,erubescere
1886 1584 2077 1650 faciat,
2101 1562 2415 1657 sapientes;
2441 1592 2496 1641 et
2514 1588 2742 1643 inﬁrma
2768 1591 2962 1644 mundi
2982 1562 3152 1659 elegit
3166 1562 3335 1650 Deus,
3355 1562 3418 1641 ut
3429 1585 3752 1640 confundat

471 1646 640 1703 fortia
663 1665 674 1715 ε
708 1654 764 1704 et
797 1650 1066 1721 ignobilia
1093 1660 1304 1727 mundi,
1328 1668 1385 1717 et
1413 1661 1499 1718 33.
1532 1646 1971 1739 contemptibilia
1999 1646 2354 1743 elegit-Deus,
2391 1646 2448 1730 et
2478 1694 2547 1731 ea
2574 1695 2696 1749 quae
2717 1696 2831 1733 non
2858 1685 3008 1745 sunt,
3033 1646 3146 1733 nbn
3168 1694 3274 1732 esse
3302 1646 3659 1741 videbantur,
3681 1678 3759 1728 ut

1816 1786 2403 1846 COMMENTARIUS.

538 1879 629 1937 18.
659 1884 899 1940 Ancusr.
929 1888 1016 1957 (ea:
1045 1892 1140 1944 lib.
1175 1894 1246 1946 De
1273 1900 1434 1961 past,
1477 1913 1598 1967 cap,
1648 1900 1737 1964 12,
1765 1907 1904 1955 tom.
1941 1904 2057 1974 IX.)
2078 1907 2128 1964 A
2215 1903 2303 1962 28.
2328 1907 2531 1963 ΒΑΜ-ιι.
2559 1912 2711 1977 Quod
2737 1915 2974 1965 stultum
2993 1916 3095 1969 est.
3134 1907 3453 1965 Incarnatio
3470 1911 3527 1961 et
3555 1906 3756 1977 passio

438 1969 665 2060 _1Vonne
679 1977 928 2032 stultam.
959 1977 1175 2033 Dicitur
1199 1981 1498 2053 aliquando
1546 1987 1606 2041 in
1636 1990 1938 2060 Scripturis
1966 1969 2057 2046 sa;-

464 2056 681 2199 pﬁgitia
722 2078 823 2131 pro
872 2067 1097 2133 astutia,
1131 2068 1399 2126 abusione
1449 2075 1620 2142 verbi,
1652 2056 1775 2132 non
1815 2081 2061 2151 proprie-

463 2500 682 2592 pro_bat,
724 2504 856 2574 quia
885 2508 1162 2577 sapientia
1190 2515 1385 2569 mundi
1414 2534 1526 2571 non
1555 2520 1784 2589 placuit,
1805 2522 1953 2592 quod
1976 2528 2061 2576 est

463 2588 524 2681 in
554 2590 671 2681 Dei
682 2594 973 2664 sapientia,
1000 2613 1111 2651 non
1140 2604 1401 2672 cognovit
1437 2588 1681 2663 mundus
1708 2588 2060 2681 per—sapien-

466 2677 609 2732 tiam
640 2678 840 2735 Deum.

534 2765 631 2824 20.
687 2771 883 2825 Judaei.
930 2774 1107 2829 Judaei
1154 2778 1676 2837 scandalizabantur
1712 2785 1844 2855 quia
1870 2803 2061 2858 regem

463 2871 629 2909 suum
648 2859 989 2916 cruciﬁxisse
1018 2864 1370 2922 dicebantur.

431 2982 435 2987 υ
531 2940 620 2999 21.
653 2946 899 3007 ΛΜΒιιοε.
928 2953 1111 3006 Judai
1153 2958 1316 3022 signa
1368 2963 1583 3026 petunt.
1629 2962 1789 3017 Unde
1819 2964 2056 3019 dicunt:

458 3030 574 3124 rios
601 3034 809 3090 scimus
829 3039 961 3108 quia
988 3041 1166 3112 Moysi
1184 3044 1402 3101 locutus
1428 3054 1513 3103 est
1542 3050 1710 3117 Deus,
1732 3070 1859 3107 cum
1881 3055 2060 3124 majus

458 3119 533 3172 sit
560 3121 831 3178 Lazarum
852 3127 921 3180 de
937 3139 1303 3187 monumento
1331 3135 1512 3190 vivum
1536 3139 1755 3197 exiisse.

2140 1993 2241 2047 Dei
2271 2001 2328 2048 et
2356 1996 2597 2052 hominis
2621 2000 2752 2053 Jesu
2783 1999 3010 2065 Christi,
3034 1996 3491 2070 quaehujusmodi
3520 1995 3756 2065 sapien-

2140 2081 2290 2137 tibus
2321 2085 2561 2140 stultitia
2581 2087 2931 2153 videbantur,
2958 2090 3231 2158 majorem
3261 2084 3594 2157 sapientiam
3618 2099 3761 2136 con-

2142 2169 2328 2225 tinent
2348 2190 2515 2243 quam
2532 2175 2786 2230 homines
2812 2177 3028 2247 possint
3044 2176 3349 2247 inquirere,
3389 2180 3446 2228 et
3473 2174 3760 2241 majorem

2144 2259 2528 2316 fortitudinem
2550 2264 2756 2319 habent
2773 2282 2942 2335 quam
2971 2265 3227 2319 homines
3257 2267 3486 2335 possent
3514 2260 3755 2314 habere.

2042 2373 2063 2382 -
2144 2348 2252 2402 Per
2269 2350 2437 2430 ﬁdem
2477 2353 2624 2406 enim
2668 2371 2863 2409 eorum
2911 2360 2969 2408 et
3019 2359 3247 2425 peccata
3291 2352 3664 2406 remittuntur
3696 2358 3759 2405 et

2142 2437 2423 2494 daemones
2451 2442 2821 2513 expelluntur,
2853 2448 2910 2499 et
2936 2442 3065 2510 alia,
3097 2458 3225 2496 cum
3257 2440 3519 2511 resurgit,
3568 2438 3758 2493 mira-

2142 2527 2269 2580 cula
2287 2529 2447 2583 ﬁunt.

2214 2614 2302 2675 29.
2336 2620 2489 2684 Quod
2515 2623 2751 2673 stultum
2767 2625 2861 2673 est.
2881 2619 3091 2673 Probat
3110 2619 3396 2674 Christum
3409 2615 3758 2687 sapientiam

2145 2723 2283 2771 esse,
2309 2707 2440 2777 quia
2469 2708 2641 2761 etiam
2672 2707 2731 2762 in
2760 2709 2864 2762 hoc
2897 2708 3173 2779 sapientia
3200 2711 3304 2773 est,
3337 2705 3485 2777 quod
3525 2705 3760 2760 videtur

2143 2796 2381 2849 stultum
2427 2796 2497 2849 de
2538 2812 2623 2861 eo,
2681 2802 2739 2850 et
2785 2802 2943 2850 tanta
2971 2796 3266 2867 sapientia,
3324 2794 3474 2865 quod
3500 2800 3759 2864 nequeat

2142 2884 2541 2955 comprehendi
2563 2884 2633 2939 ab
2660 2886 2917 2940 omnibus
2940 2886 3089 2956 quod
3117 2890 3202 2939 est
3230 2883 3538 2955 sapientius
3562 2882 3760 2937 homi-

2143 2973 2325 3028 nibus.
2358 2975 2492 3028 Post
2536 2968 2666 3028 vero
2715 2974 2917 3046 probat
2948 2974 3236 3030 Christum
3280 2973 3543 3026 virtutem
3599 2987 3754 3037 esse,

2144 3062 2275 3133 quia
2295 3063 2353 3117 in
2379 3064 2484 3117 hoc
2512 3064 2660 3134 quod
2681 3064 2966 3118 inﬁrmum
2997 3063 3213 3117 videtur
3227 3062 3296 3116 de
3319 3079 3407 3125 eo,
3436 3061 3495 3114 in
3516 3060 3622 3114 hoc
3639 3059 3759 3114 vir-

2141 3158 2234 3205 tus
2264 3158 2368 3218 est,
2402 3157 2460 3205 et
2477 3156 2636 3206 tanta
2658 3153 2837 3207 virtus
2866 3152 3012 3224 quod
3043 3152 3245 3207 fortius
3273 3156 3360 3206 est
3394 3146 3755 3215 hominibus,

527 3206 617 3262 2'2.
645 3210 712 3263 Et
738 3212 909 3267 θνητοί
934 3221 1291 3312 sapientiam.
1313 3223 1458 3286 Quia
1485 3228 1686 3281 nolunt
1704 3230 1900 3284 audire
1927 3228 2126 3301 prae-B
2144 3241 2200 3294 id
2230 3246 2333 3306 est,
2358 3206 2608 3310 nequeat
2635 3239 2703 3294 ab
2724 3206 2833 3295 illis
2854 3206 3282 3312 cbmprehendi;
3314 3240 3419 3293 hoc
3437 3238 3674 3292 stultum
3690 3206 3758 3291 et

457 3299 715 3382 terquam
748 3317 870 3369 qua:
901 3305 1095 3358 mundi
1121 3309 1339 3363 ratione
1368 3314 1652 3382 possibilia
1676 3323 1826 3371 sunt.

525 3381 615 3437 23.
641 3388 843 3441 .luda‘is
861 3394 1083 3459 quidem
1104 3399 1453 3454 scandalum.
1488 3403 1822 3459 Scandalum
1856 3411 1942 3460 est
1969 3407 2063 3461 Ju-

455 3470 592 3565 daeis
619 3472 754 3528 dum
781 3478 1021 3534 audiunt
1058 3483 1343 3542 Christum
1381 3490 1585 3546 Filium
1624 3493 1725 3547 Dei
1777 3511 1836 3547 se
1882 3495 2053 3565 proﬁ-

456 3563 689 3629 tentem,
714 3569 772 3617 et
800 3565 1101 3624 Sabbatum
1134 3583 1515 3634 cvacuantem.

525 3647 614 3704 24.
646 3651 905 3709 Gentibus
953 3664 1137 3713 autem
1180 3668 1500 3722 stultitiam.
1554 3670 1661 3733 Qui
1707 3687 1776 3725 ea
1820 3671 2057 3725 audiunt

453 3737 778 3829 praedicare,
802 3745 1073 3812 quaedum
1092 3750 1293 3805 rationi
1309 3754 1565 3812 humanae
1580 3775 1694 3813 non
1714 3766 2051 3829 congruunt,

452 3823 739 3916 insensata
756 3832 1035 3901 videntur,
1068 3841 1131 3891 ut
1150 3846 1347 3910 partus
1378 3844 1641 3916 Virginis,
1693 3853 1749 3901 et
1780 3849 2051 3902 'resurre-

453 3914 563 3969 ctio
591 3925 958 3977 mortuorum.

525 4002 615 4102 25.
677 4010 943 4107 Virtutem
1002 4018 1051 4067 et
1082 4014 1183 4067 Dei
1205 4017 1557 4082 sapientiam.
1585 4018 1777 4074 Virtus
1822 4022 1924 4077 Dei
1954 4029 2056 4107 est,

454 4092 588 4160 quia
613 4110 717 4163 per
744 4097 928 4167 ipsum
948 4101 1138 4156 omnia
1166 4103 1296 4156 fecit
1322 4103 1472 4157 Deus
1506 4106 1705 4174 Pater;
1757 4092 2053 4181 sapientia,

455 4184 588 4249 quia
610 4199 711 4252 per
736 4184 920 4255 ipsum
945 4191 1203 4260 cognitus
1237 4197 1323 4246 est
1342 4192 1511 4249 Deus.

523 4266 612 4325 26.
638 4273 880 4330 Ausus'r.
925 4279 1123 4344 (ealib.
1158 4294 1179 4334 1
1208 4281 1408 4347 Quaest.
1468 4298 1683 4351 evang.,
1739 4293 1937 4356 quiest.
1965 4288 2050 4357 14,

449 4361 586 4413 tom.
612 4360 730 4429 IV).
777 4365 1039 4419 Virtutem
1056 4369 1157 4421 Dei
1184 4374 1233 4421 et
1251 4372 1602 4436 sapientiam.
1617 4372 1697 4426 De
1707 4375 1944 4432 Domino
1959 4395 2056 4433 no-

448 4452 567 4500 stro
595 4449 857 4507 dixerunt
877 4455 1063 4524 gudeei
1097 4474 1108 4510 :
1141 4458 1287 4511 Unde
1324 4463 1597 4527 sapientia
1626 4462 1751 4523 haec,
1785 4471 1834 4517 et
1870 4470 2053 4522 virtu-

2144 3328 2452 3395 inﬁrmum,
2485 3329 2795 3384 incarnatio
2825 3336 2882 3384 et
2914 3331 3100 3402 passio
3124 3329 3351 3393 Christi,
3369 3326 3757 3398 quibustanta

2144 3417 2419 3487 sapientia
2448 3423 2506 3471 et
2534 3418 2708 3472 virtus
2730 3424 2835 3484 est,
2862 3424 2926 3472 ut
2951 3418 3237 3473 evincatur
3264 3416 3517 3471 diabolus
3548 3420 3605 3467 et
3649 3431 3752 3467 re-

2142 3506 2390 3559 dimatur
2420 3506 2727 3562 humanum
2748 3524 2945 3578 genus.

2210 3594 2302 3651 30.
2330 3597 2571 3649 Annuus.
2606 3598 2757 3663 Quod
2782 3599 3075 3664 inﬁrmum
3105 3600 3177 3648 est
3198 3596 3315 3648 Dei.
3344 3593 3488 3657 Quia
3506 3591 3753 3645 inﬁrmi-

2139 3689 2226 3738 tas
2255 3684 2481 3749 Christi,
2522 3701 2729 3755 magna
2749 3685 2980 3739 victoria
3009 3706 3022 3749 ;
3054 3684 3203 3751 vicit,
3227 3700 3356 3737 cum
3382 3682 3559 3735 victus
3582 3680 3746 3735 vide-

2138 3778 2313 3827 retur.

2217 3863 2305 3916 31.
2338 3864 2585 3919 AUGUST.
2621 3865 2703 3932 (ex
2731 3864 2915 3917 Tract.
2946 3863 3020 3917 15
3050 3866 3113 3917 in
3138 3864 3366 3924 Jeann.,
3422 3865 3559 3913 tom.
3615 3858 3744 3928 IX).

2145 3951 2210 4004 Et
2232 3953 2375 4019 quod
2402 3955 2697 4020 inﬁrmum
2713 3958 2807 4006 est.
2832 3952 2976 4016 Quid
2994 3952 3168 4022 igitur
3186 3950 3331 4003 facta
3350 3953 3437 4003 est
3454 3946 3660 4001 mulier
3678 3947 3744 4000 in

2143 4045 2314 4108 costa,
2351 4045 2617 4112 tanquam
2642 4041 2831 4095 fortis:
2885 4040 3062 4094 factus
3117 4045 3203 4093 est
3251 4038 3431 4092 Adam
3474 4037 3534 4090 in
3570 4051 3745 4089 carne

2140 4134 2409 4201 tanquam
2437 4130 2732 4184 inﬁrmus?
2760 4129 3013 4184 Christus
3050 4133 3137 4183 est
3164 4133 3221 4182 et
3250 4125 3495 4181 Ecclesia
3525 4144 3537 4192 ;
3584 4124 3743 4179 illius

2134 4219 2454 4284 inﬁrmitas,
2483 4225 2677 4273 nostra
2700 4223 2786 4272 est
2813 4218 3099 4273 fortitudo.

2206 4306 2295 4363 32.
2320 4308 2534 4364 LANFR.
2574 4309 2698 4361 Non
2717 4310 2886 4362 multi
2912 4311 3198 4376 sapientes.
3216 4306 3476 4360 Fortasse
3507 4308 3743 4374 propter

2138 4412 2197 4450 se
2221 4395 2357 4449 dicit
2373 4396 2497 4462 hoc,
2531 4395 2663 4466 quia
2682 4396 2834 4450 solus
2852 4396 3002 4450 inter
3029 4396 3168 4449 alios
3185 4394 3481 4466 apostolos,
3514 4393 3739 4447 schola-

2135 4484 2284 4538 rium
2321 4484 2637 4538 litterarum
2675 4480 2909 4556 peritus,
2948 4490 3301 4538 terrenarum
3347 4498 3517 4553 opum
3556 4481 3736 4547 dives,

453 4540 526 4588 tes
545 4542 569 4589 ?
591 4537 878 4608 Sapientia
907 4542 965 4596 in
989 4544 1076 4598 his
1095 4560 1220 4615 quae
1242 4546 1593 4617 loquebatur.
1617 4550 1867 4607 Virtutes
1887 4554 1945 4609 in
1966 4557 2051 4611 his

2148 4574 2397 4627 Romanae
2426 4537 2716 4644 dignitatis
2745 4537 3034 4645 parentela
3064 4537 3400 4644 conspicuus
3432 4571 3557 4636 fuit,
3588 4571 3742 4626 sicut

451 4640 576 4694 quae
605 4629 962 4697 operabatur.
989 4633 1120 4686 Ideo
1139 4635 1437 4704 Apostolus
1467 4637 1597 4691 dicit
1632 4640 1915 4697 Christum
1946 4646 2048 4701 Dei

448 4713 713 4770 virtutem
742 4724 799 4772 et
816 4719 920 4774 Dei
949 4722 1303 4792 sapientiam.
1342 4725 1620 4781 Virtutem
1649 4731 1844 4784 retulit
1868 4734 1940 4787 ad
1969 4735 2047 4788 si-

446 4818 561 4870 gna
587 4812 818 4876 propter
838 4809 1079 4865 Iudaeos.
1110 4812 1455 4883 Sapientiam
1484 4821 1693 4884 autem,
1717 4825 1815 4874 aut
1844 4820 2047 4876 doctri—

446 4904 580 4945 nam
607 4893 679 4947 ad
703 4894 941 4962 Graecos,
975 4897 1031 4951 id
1063 4905 1167 4965 est,
1197 4907 1393 4969 gentes
1449 4900 1552 4974 [αι.
1580 4905 1914 4975 sapientiam
1943 4924 2045 4963 au-

445 4984 563 5034 tem
584 4982 657 5036 ad
677 4983 989 5040 doctrinam
1018 4995 1246 5058 prepter
1262 4990 1524 5061 Graecos].

515 5068 603 5127 27.
630 5074 875 5130 Aueesr.
903 5075 1105 5146 (Enar.
1128 5080 1191 5131 in
1210 5080 1352 5147 psal.
1370 5094 1553 5145 vam,
1583 5085 1813 5137 concion
1842 5083 1890 5148 1,
1908 5090 2046 5140 tom.

443 5158 614 5225 VIII).
650 5163 793 5229 Quia
822 5166 967 5233 quod
992 5169 1227 5219 stultum
1254 5172 1347 5220 est.
1373 5168 1518 5231 Quid
1534 5170 1683 5224 enim
1712 5177 1829 5225 tam
1857 5173 2039 5228 simile

441 5246 834 5320 imprudentiae
862 5269 1052 5324 quam,
1103 5270 1230 5308 cum
1275 5255 1509 5312 haberet
1533 5259 1594 5313 in
1622 5266 1896 5333 potestate
1925 5279 2040 5317 una

438 5351 569 5390 voce
597 5355 728 5394 suos
753 5348 1137 5412 persecutores
1165 5350 1537 5413 prosternere,
1554 5353 1843 5418 pateretur
1868 5365 1928 5402 se
1956 5354 2037 5405 te-

2129 4666 2372 4715 testatur
2416 4663 2534 4733 ipse
2563 4664 2618 4717 in
2648 4663 2882 4716 Actibus
2906 4663 3287 4733 apostolorum
3322 4676 3335 4715 :
3372 4661 3479 4728 Ego
3508 4662 3739 4728 quidem

2130 4750 2288 4803 homo
2306 4766 2433 4804 sum
2460 4752 2700 4811 Judaus,
2735 4766 2769 4803 a
2806 4752 3006 4804 Tltarso
3036 4751 3241 4805 Ciciliw
3269 4765 3383 4803 non
3416 4750 3615 4817 ignota:
3651 4753 3738 4803 ci-

2128 4840 2316 4891 vitatis
2348 4840 2649 4905 municeps.
2673 4838 2884 4892 Etalibi
2895 4838 3268 4908 interroganti
3288 4837 3511 4890 tribuno
3537 4842 3739 4893 utrum

2130 4926 2417 4979 Romanus
2443 4931 2608 4989 esset,
2639 4927 2929 4997 respondit
2955 4944 2966 4978 :
2995 4928 3198 4980 Etiam.
3218 4928 3285 4980 Et
3303 4927 3596 4980 tribunus:
3619 4926 3735 4992 Ego

2133 5016 2370 5067 multam
2389 5030 2669 5067 summam
2697 5031 2732 5068 a
2763 5017 2980 5069 civitate
3017 5016 3119 5068 hac
3155 5018 3469 5068 consecutus
3487 5028 3633 5066 sum.
3658 5015 3732 5068 Et

2131 5103 2339 5156 Paulus
2358 5104 2439 5156 ait
2473 5121 2488 5155 :
2528 5103 2637 5169 Ego
2683 5108 2870 5157 autem
2899 5108 2947 5157 et
2977 5108 3142 5157 natus
3169 5119 3315 5158 sum.
3361 5102 3431 5155 Et
3465 5101 3606 5155 alias
3658 5119 3730 5157 eo

2119 5190 2398 5244 rationem
2429 5190 2748 5258 'reddente,
2809 5192 3135 5246 exclamavit
3191 5191 3388 5245 Festus
3438 5209 3450 5244 :
3500 5192 3729 5246 Insanis

2118 5282 2321 5343 Paule;
2364 5283 2553 5335 multa
2572 5284 2767 5335 litterae
2796 5287 2843 5335 te
2872 5283 2944 5335 ad
2961 5283 3248 5335 insaniam
3267 5284 3611 5334 convertunt.

2189 5365 2536 5424 33.AUGUST.
2563 5369 2761 5437 (Serm.
2791 5372 2828 5424 9
2868 5371 2942 5424 De
2964 5372 3142 5424 tribus
3170 5372 3364 5437 virgis,
3396 5373 3547 5423 inter
3592 5371 3727 5438 fra-

437 5425 578 5528 ξξθνί»
614 5428 1543 5528 αξεαῖιξαξίςοοιιῆριιίιεοιαριιίεειτίτ
1567 5437 2031 5508 εΡίηίεσοΓοηθοΓί»
2114 5461 2341 5523 gment.,
2374 5463 2512 5511 tom.
2540 5425 2634 5527 Χ).
2665 5458 3125 5526 Contemptibilia.
3156 5459 3289 5521 Quae
3339 5474 3452 5511 non
3492 5473 3726 5528 compu-

438 5513 591 5583 ligno
603 5516 757 5585 afﬁgi
781 5517 805 5569 ?
834 5517 1231 5591 Imprudentiee
1263 5523 1443 5577 simile
1466 5531 1570 5590 est,
1610 5530 1664 5579 et
1703 5525 1938 5580 stultum
1967 5528 2042 5581 vi-

445 5602 631 5655 detur.

485 5607 631 5659 etur.

2122 5548 2332 5598 tantur.
