3912 6414
166 336 259 392 ibi
860 329 937 384 1N
974 330 1041 384 D.
1082 328 1297 385 PAULI
1334 328 1559 387 EPIST.
1604 332 1975 391 COMMENT.
2013 366 2085 376 —
2122 334 2345 391 EPIST.
2386 334 2484 390 AD
2522 336 2698 392 ROM.
3308 342 3417 401 952

162 478 227 516 ea
243 477 363 532 quae
382 462 532 525 sunt,
565 472 671 511 esse
696 457 976 522 videntur,
1008 455 1344 523 destrueret,
1371 460 1436 510 ut
1461 471 1574 510 non
1599 456 1892 527 glorietur,
1916 460 2098 514 omnis
2120 476 2250 515 caro
2277 460 2338 514 in
2372 466 2673 532 conspectu
2699 463 2838 532 ejus.
2871 464 2950 518 Ex
2978 465 3099 535 ipso
3121 472 3329 533 autem,
3351 488 3420 525 ex

164 554 329 619 ipsius
358 550 546 616 gratia
574 563 670 600 vos
702 546 838 600 estis
875 546 935 599 in
964 545 1184 599 Christo
1204 546 1356 610 Jesu,
1388 548 1453 599 in
1479 548 1581 613 ﬁde
1608 547 1816 602 Christi
1831 552 1977 615 Jesu,
2011 548 2101 605 34.
2140 550 2237 621 qui
2266 551 2465 616 factus,
2499 553 2846 616 incarnatus,
2874 558 3005 618 46
3033 561 3120 609 est
3154 555 3312 610 nobis
3335 575 3422 613 sa-

160 637 387 710 pientia,
412 637 553 690 dans
577 637 932 704 sapientiam,
961 650 995 686 a
1021 634 1159 688 Deo.
1187 633 1275 688 35.
1311 639 1367 688 et
1380 634 1620 704 justitia.
1640 639 1950 704 justitiam,
1985 643 2043 691 et
2069 638 2456 705 sanctiﬁcatio,
2487 642 2974 706 sancti/‘wationem
3004 646 3060 696 et
3088 644 3419 716 redemptio,

164 729 600 796 redemptionem,
619 728 703 791 ut,
734 723 1209 795 quemadmodum
1236 723 1507 794 scriptum
1538 729 1625 778 est
1652 742 1663 777 :
1697 723 1786 792 36,
1807 725 1896 779 37.
1929 726 2037 789 Qui
2060 727 2353 796 gloriatur,
2376 727 2437 780 in
2462 726 2700 781 Domino
2725 728 3025 797 glorietur.

1618 839 1852 894 CAPUT
1883 840 1964 898 II.

227 958 295 1013 Et
312 974 438 1028 ego,
469 974 597 1013 cum
624 958 903 1012 venissem
924 958 995 1011 ad
1021 974 1138 1024 vos,
1163 957 1384 1025 fratres,
1404 958 1532 1012 veni
1560 973 1675 1012 non
1706 956 1755 1014 1.
1776 956 1836 1009 in
1865 955 2209 1010 sublimitate
2237 957 2535 1024 sermonis,
2556 976 2681 1012 cum
2710 961 3061 1030 syllogisticis
3083 966 3426 1032 probationi-

160 1049 275 1113 bus,
312 1051 415 1100 aut
451 1046 762 1117 sapientiai,
788 1046 1129 1100 annuntians
1157 1045 1310 1100 vobis
1348 1045 1741 1100 testimonium
1777 1044 2005 1099 Christi.
2038 1043 2091 1098 2.
2118 1045 2246 1098 Non
2275 1045 2424 1098 enim
2450 1049 2647 1114 probat
2683 1053 2821 1116 quia
2844 1054 3038 1104 stultos
3066 1055 3255 1119 elegit;
3290 1069 3427 1107 nam

154 1152 202 1188 se
225 1153 237 1187 :
270 1136 419 1203 quod
444 1139 521 1189 est
547 1134 620 1207 (et
647 1151 739 1203 ego
769 1150 894 1189 cum
924 1137 1204 1199 venissem,
1245 1130 1370 1206 etc.)
1391 1135 1638 1204 judicavi
1667 1150 1757 1188 me
1785 1134 1929 1188 scire
1951 1135 2166 1205 aliquid
2190 1136 2338 1189 inter
2364 1153 2461 1190 vos
2490 1137 2599 1192 nisi
2626 1139 2656 1192 J
2661 1154 2818 1192 esum
2870 1141 3175 1209 Christum,
3202 1148 3256 1197 et
3276 1143 3427 1199 hunc

151 1224 497 1278 cruciﬁxum.
521 1224 590 1277 Et
603 1240 708 1294 ego
740 1226 892 1292 (item
912 1225 1107 1292 probat
1129 1226 1262 1292 quia
1290 1226 1628 1291 inﬁrmiores
1646 1227 1821 1291 elegit,
1845 1227 1978 1294 quia
1999 1242 2067 1289 se,
2097 1227 2241 1293 quod
2259 1231 2333 1279 est
2363 1231 2413 1279 et
2440 1243 2531 1294 ego
2560 1230 2624 1280 in
2648 1231 3001 1296 inﬁrmitate,
3025 1234 3156 1299 etc.)
3178 1231 3238 1285 in
3265 1232 3424 1287 inﬁr-

152 1313 348 1366 mitate
368 1317 429 1365 et
450 1312 653 1366 timore
675 1315 897 1377 anima,
932 1317 990 1365 et
1009 1317 1253 1366 tremore
1283 1315 1525 1381 corporis
1549 1312 1726 1365 multo
1753 1314 1836 1368 fui
1863 1315 2011 1385 apud
2040 1331 2136 1368 vos
2160 1333 2173 1381 ;
2202 1320 2260 1368 et
2288 1331 2470 1369 sermo
2495 1333 2673 1383 meus,
2702 1321 2760 1370 et
2786 1318 3108 1388 praedicatio
3128 1337 3272 1385 mea,
3308 1339 3423 1377 non

148 1404 259 1467 fuit
279 1401 341 1454 in
362 1400 416 1458 3.
435 1400 895 1472 persuasibilibus
914 1401 1175 1454 humanae
1194 1400 1482 1471 sapientiae
1497 1401 1697 1466 verbis,
1715 1402 2014 1457 dialecticis
2024 1405 2462 1471 probationibus,
2487 1403 2585 1457 sed
2605 1404 2663 1457 in
2685 1405 3001 1460 ostensione
3021 1407 3271 1477 spiritus,
3285 1411 3424 1477 (non

141 1491 279 1557 dixi,
311 1492 431 1544 nisi
456 1492 602 1559 quod
628 1493 863 1559 spiritus
880 1491 1191 1544 ostendebat
1211 1489 1379 1559 mihi)
1405 1494 1463 1543 et
1489 1489 1732 1555 virtutis,
1756 1494 2120 1556 miraculum,
2153 1496 2218 1544 ut
2235 1491 2372 1545 ﬁdes
2403 1497 2587 1546 vestra
2619 1509 2727 1546 non
2759 1494 2829 1547 sit
2861 1494 2920 1547 in
2945 1495 3222 1565 sapientia
3244 1497 3425 1551 homi-

144 1595 303 1645 num,
335 1579 437 1633 sed
465 1578 525 1632 in
560 1579 770 1633 virtute
800 1579 919 1633 Dei.
946 1580 1029 1648 (Et
1058 1595 1123 1632 ne
1151 1581 1393 1633 dicerent
1419 1595 1544 1632 eum
1567 1582 1792 1644 nescire,
1823 1578 2028 1640 subdit)
2056 1580 2402 1650 Sapientiam
2424 1587 2613 1635 autem
2639 1582 2922 1651 loquimur
2947 1583 3097 1637 inter
3113 1584 3420 1655 perfectos;

146 1668 486 1739 sapientiam
514 1685 645 1722 vero
664 1685 781 1723 non
806 1669 971 1738 hujus
999 1668 1205 1733 saeculi,
1226 1668 1278 1731 4,
1302 1685 1484 1740 neque
1517 1668 1852 1739 principum,
1884 1673 1964 1723 vel
1987 1671 2298 1722 daemonum
2325 1669 2495 1738 hujus
2515 1670 2722 1736 saeculi,
2748 1670 2843 1741 qui
2865 1671 3262 1740 destruuntur;
3290 1675 3341 1741 5,
3368 1672 3424 1732 6.

144 1757 242 1810 sed
272 1757 565 1828 loquimur
593 1759 905 1825 exponendo
928 1756 1030 1810 Dei
1050 1756 1389 1827 sapientiam
1408 1757 1461 1809 7.
1490 1758 1551 1811 in
1572 1758 1840 1827 mysterio
1859 1775 1980 1829 quae
2001 1756 2325 1812 abscondita
2352 1764 2454 1825 est,
2489 1776 2658 1829 quam
2679 1760 3097 1830 praedestinavit
3127 1761 3278 1817 Deus
3297 1770 3429 1818 ante

146 1848 355 1901 srecula
373 1848 576 1914 futura
596 1846 655 1900 in
670 1846 907 1916 gloriam
924 1850 1195 1923 nostram,
1214 1847 1275 1900 id
1296 1851 1389 1911 est,
1401 1863 1503 1915 per
1518 1863 1638 1900 eam
1652 1852 1775 1911 47
1796 1849 2174 1915 gloriﬁcemur
2188 1868 2205 1914 ;
2220 1852 2273 1905 ὃ.
2290 1866 2457 1920 quam
2474 1849 2526 1903 9.
2550 1867 2714 1904 nemo
2726 1850 3037 1921 principum
3058 1851 3227 1922 hujus
3241 1853 3429 1908 saeculi

148 1936 430 2007 cognovit.
463 1935 523 1990 Si
551 1934 703 1989 enim
723 1934 1129 2005 cognovissent,
1160 1933 1250 1989 10.
1281 1951 1573 2005 nunquam
1610 1935 1913 1989 Dominum
1940 1936 2134 2007 gloriae
2162 1937 2585 2004 cruciﬁxissent,
2618 1942 2873 2007 cruciﬁgi
2900 1943 3279 2008 instigassent.
3319 1940 3430 1996 Sed

146 2025 293 2079 sicut
321 2023 595 2095 scriptum
624 2028 709 2077 est
738 2038 750 2071 :
783 2024 880 2077 hoc
907 2025 1110 2077 scilicet
1139 2027 1290 2092 quia,
1321 2022 1410 2080 11.
1442 2024 1602 2088 Quod
1632 2024 1826 2079 oculus
1853 2030 2043 2081 carnis
2071 2043 2184 2081 non
2204 2026 2363 2093 vidit,
2394 2043 2497 2081 nec
2517 2027 2671 2081 auris
2699 2031 2947 2083 carnalis
2978 2029 3211 2097 audivit,
3241 2046 3345 2084 nec
3369 2030 3429 2085 in

1487 2140 2078 2197 COMMENTARIUS.

214 2255 311 2313 34.
362 2257 471 2323 Qui
505 2256 685 2323 factus
729 2259 805 2308 cst
844 2257 1017 2309 nobis.
1050 2256 1231 2326 Elegit
1275 2255 1426 2309 Deus
1464 2271 1586 2325 quae
1631 2257 1809 2316 nonA
1829 2255 2113 2313 viderunt.
2154 2256 2446 2327 Sapientes
2470 2257 2553 2311 illi
2578 2257 2787 2327 magni,
2814 2258 3002 2329 arguti
3043 2259 3424 2331 disputatores

150 2351 303 2411 sunt,
331 2345 390 2399 id
421 2349 508 2399 est
536 2360 662 2415 qua:
692 2359 806 2397 non
833 2349 1251 2415 computantur.
1835 2344 2064 2399 omnino
2092 2345 2529 2415 ignoraverunt;
2556 2346 2661 2400 hoc
2677 2351 2762 2400 est
2784 2347 3117 2417 mysterium
3137 2350 3287 2419 quod
3307 2350 3431 2404 abs-

216 2434 321 2490 35.
359 2434 605 2488 Accusa.
634 2432 818 2503 (epist.
850 2430 950 2488 221
983 2435 1056 2487 ad
1084 2434 1316 2488 Censen.
1354 2436 1492 2486 tom.
1524 2430 1614 2505 II).
1649 2436 1753 2488 Fa-
1835 2431 2124 2486 conditum
2144 2433 2253 2487 fuit
2279 2450 2314 2486 a
2340 2433 2554 2487 saeculis
2573 2434 2633 2487 in
2653 2434 2788 2489 Deo.

152 2530 270 2577 ctus
300 2528 379 2577 est
404 2523 561 2577 nobis
576 2524 807 2589 justilia
825 2537 862 2574 a
885 2521 1011 2575 Deo.
1039 2522 1194 2576 Sicut
1221 2526 1411 2576 autem
1440 2538 1567 2576 cum
1602 2522 1675 2576 sit
1694 2523 1753 2576 in

152 2630 211 2667 se
238 2613 365 2683 ipso
394 2611 528 2674 vita,
551 2610 721 2665 etiam
752 2610 818 2663 ﬁt
836 2609 995 2664 nobis
1021 2611 1152 2676 vita,
1178 2627 1315 2669 cum
1339 2612 1460 2681 ejus
1481 2610 1756 2665 efﬁcimur

153 2699 492 2772 participes;
525 2699 607 2753 ita
628 2715 757 2753 cum
783 2697 843 2752 in
872 2715 931 2752 se
957 2699 1080 2770 ipso
1098 2699 1172 2753 sit
1194 2699 1434 2770 justitia,
1459 2699 1629 2754 etiam
1658 2716 1756 2754 no-

153 2789 237 2844 bis
262 2790 333 2843 ﬁt
354 2787 597 2859 justitia,
638 2803 769 2841 cum
804 2787 858 2841 ei
887 2788 1216 2842 cohaerendo
1247 2788 1387 2842 bene
1423 2788 1680 2842 vivimus.

221 2876 312 2933 36.
361 2879 610 2932 AUGUST.
659 2877 755 2950 (ea:
795 2883 979 2936 Genes.
1014 2878 1088 2930 ad
1126 2877 1236 2942 lit.,
1281 2876 1380 2931 lib.
1420 2890 1497 2943 x1,
1532 2894 1659 2947 cap.
1697 2877 1752 2941 8,

155 2975 289 3023 tom.
315 2967 420 3034 III)
438 3010 451 3023 .
482 2968 591 3033 Qui
615 2968 917 3034 gloriatur.
951 2965 1043 3020 Sic
1071 2966 1167 3037 qui
1196 2965 1490 3036 gloriatur,
1520 2982 1632 3020 non
1649 2966 1757 3020 nisi

153 3058 211 3111 in
232 3055 481 3111 Domino
504 3053 811 3125 glorietur:
843 3070 972 3108 cum
999 3054 1285 3125 cognoscit
1311 3070 1424 3109 non
1452 3071 1640 3117 suum,
1660 3054 1758 3108 sed

154 3146 307 3200 illius
357 3159 482 3198 esse
512 3159 627 3197 non
671 3142 854 3197 solum
884 3147 945 3196 ut
974 3142 1066 3209 sit,
1116 3159 1312 3197 verum
1341 3143 1512 3197 etiam
1540 3148 1606 3197 ut
1646 3160 1761 3197 non

156 3234 262 3289 nisi
293 3232 368 3287 ab
395 3232 495 3286 illo
521 3231 665 3286 bene
693 3230 801 3285 sibi
828 3231 919 3296 sit,
951 3248 984 3285 a
1013 3247 1123 3302 quo
1152 3230 1324 3286 habet
1360 3232 1544 3286 ut-sit.

224 3321 323 3382 37.
362 3322 579 3375 LANFR.
611 3322 720 3387 Qui
753 3321 1056 3388 gloriatur,
1096 3322 1160 3375 in
1199 3322 1429 3375 Domino
1454 3323 1752 3389 glorietur.

160 3412 279 3467 Hoc
328 3407 723 3464 testimonium
770 3407 829 3461 in
876 3407 1121 3462 Jeremia
1170 3407 1252 3462 ita
1289 3408 1537 3478 legitur:
1572 3411 1640 3463 In
1668 3408 1764 3461 hoc

161 3501 458 3569 glorietur,
500 3499 602 3565 qui
625 3499 929 3565 gloriatur,
958 3499 1097 3550 scire
1123 3502 1174 3550 et
1202 3511 1353 3551 nosse
1380 3512 1484 3563 me,
1512 3499 1645 3565 quia
1671 3511 1763 3564 ego

162 3606 289 3644 sum
315 3588 610 3642 Dominus.

239 3676 403 3731 CAP.
436 3675 511 3729 ΙΙ.
538 3703 604 3714 -
642 3672 666 3729 1
700 3674 906 3727 LANI-‘R.
940 3675 1064 3729 Non
1094 3675 1159 3726 in
1186 3674 1545 3730 sublimitate.
1579 3671 1765 3726 Subli-

165 3765 428 3819 mitatem
457 3761 733 3816 sermonis
761 3767 922 3816 vocat
945 3761 1204 3832 logicam,
1238 3761 1371 3832 quia
1398 3762 1523 3832 ipsa
1548 3766 1671 3815 tota
1698 3761 1767 3814 de

167 3852 478 3909 artiﬁciosa
502 3850 757 3905 oratione
802 3855 911 3908 est.
950 3850 1295 3921 Sapientiam
1335 3842 1494 3904 vocat
1518 3850 1767 3920 quadru-

167 3945 323 3998 vium
368 3939 793 4012 [quadrivium],
826 3944 884 3992 et
930 3938 1170 3993 maxime
1217 3938 1391 3992 libros
1428 3938 1763 4004 Platonicos,

168 4032 436 4104 speciem,
467 4028 697 4083 nomine
722 4027 949 4098 generis
986 4027 1311 4098 designans.

240 4120 302 4178 2.
340 4121 586 4174 Auens'r.
617 4119 712 4186 (De
750 4119 976 4183 Trinit.,
1012 4116 1108 4170 lib.
1140 4131 1181 4181 I,
1212 4134 1334 4188 cap.
1363 4115 1448 4183 12,
1469 4121 1608 4170 tom.
1642 4117 1767 4184 III).

175 4211 298 4266 Non
327 4211 483 4265 enim
508 4207 768 4276 judicavi
789 4221 875 4259 me
896 4207 1055 4260 scire.
1082 4205 1176 4259 Eis
1201 4205 1536 4276 loquebatur
1563 4203 1660 4275 qui
1686 4220 1774 4257 ca-

176 4314 311 4370 pere
334 4296 539 4351 altiora
564 4295 633 4349 de
662 4293 872 4349 Christi
891 4294 1099 4349 deitate
1126 4309 1240 4349 non
1265 4298 1545 4365 poterant.
1573 4294 1644 4347 Et
1667 4292 1774 4346 hoc

179 4387 363 4442 solum
381 4401 442 4440 se
460 4384 603 4439 scire
617 4383 836 4438 dicebat
855 4383 1002 4454 quod
1027 4399 1122 4438 eos
1140 4399 1242 4454 per
1266 4382 1425 4436 illum
1455 4382 1597 4436 scire
1616 4397 1776 4452 opor-

179 4475 357 4531 tebat.
389 4473 671 4529 Hocinter
693 4472 818 4526 illos
845 4471 1132 4527 nesciebat
1159 4472 1306 4543 quod
1326 4488 1427 4542 per
1444 4471 1604 4525 illum
1632 4470 1775 4525 scire

183 4581 296 4619 non
332 4566 618 4635 poterant.

257 4652 310 4710 3.
343 4653 551 4707 Lassa.
588 4651 1065 4705 Persuasibilibus.
1102 4650 1458 4705 Rhetoricam
1486 4650 1691 4720 tangit,
1721 4648 1781 4703 in

190 4759 299 4815 qua
326 4741 538 4796 dantur
566 4744 846 4811 praecepta
881 4739 1136 4811 apposite
1172 4738 1330 4811 loqui
1360 4738 1432 4792 ad
1458 4737 1778 4810 persuasio-

191 4849 315 4887 nem
323 4873 337 4886 .

247 4923 302 4975 4.
331 4921 516 4989 Neque
537 4920 884 4988 principum.
916 4916 1202 4988 Principes
1224 4916 1316 4971 hic
1338 4922 1499 4972 vocat
1525 4915 1779 4987 egregios

194 5008 570 5079 philosophos,
601 5023 637 5060 a
662 5004 865 5077 quibus
893 5010 951 5060 et
993 5021 1094 5076 per
1132 5022 1272 5076 quos
1301 5005 1655 5076 philosophia
1699 5005 1782 5059 in-

194 5103 355 5153 venta
376 5103 488 5154 est.
521 5096 645 5160 Quo
673 5095 901 5149 nomine
924 5094 983 5149 in
1011 5094 1369 5150 saecularibus
1388 5094 1559 5149 etiam
1579 5094 1782 5148 litteris

198 5190 512 5251 censentur,
543 5190 609 5239 ut
637 5183 828 5238 Cicero
874 5183 935 5237 in
962 5182 1178 5254 topicis.
1223 5184 1536 5252 Utriusque,
1577 5182 1777 5254 inquit,

196 5279 462 5345 princeps,
492 5278 556 5327 ut
584 5273 730 5326 mihi
750 5273 994 5340 videtur,
1021 5273 1331 5326 Aristoteles
1364 5273 1496 5340 fuit.

266 5364 323 5421 5.
358 5365 614 5421 AUGUST.
648 5363 732 5428 (ea
768 5376 934 5415 serm.
963 5362 1027 5415 de
1063 5364 1181 5417 lect.
1209 5363 1274 5415 in
1301 5362 1399 5415 Ev.
1442 5362 1603 5414 Joan.
1636 5362 1786 5429 apud

204 5451 407 5523 Bedam)
440 5450 547 5507 Sed
577 5452 884 5520 loquimur.
915 5448 1112 5503 Gratia
1138 5449 1251 5504 ista
1278 5447 1601 5504 Christiana
1623 5448 1788 5520 (quia

202 5541 382 5597 omnia
420 5539 650 5597 Christo
679 5538 894 5593 tradita
925 5542 1060 5593 sunt
1091 5555 1126 5593 a
1169 5537 1362 5608 Patre)
1387 5553 1583 5593 omnes
1618 5537 1787 5592 latuit

203 5630 474 5701 sapientes
494 5628 667 5700 hujus
690 5626 906 5684 mundi.
925 5627 1083 5683 Hanc
1096 5627 1316 5700 Moyses
1332 5626 1487 5695 vidit,
1501 5627 1786 5698 prophetae

1904 2518 1965 2577 6.
1989 2522 2234 2576 AMBROS.
2251 2521 2356 2576 Sed
2376 2525 2660 2590 loquimur
2680 2524 2779 2576 Dei
2804 2526 3156 2593 sapientiam.
3181 2524 3432 2581 Abscon-

1835 2608 1956 2663 dita
1979 2614 2066 2662 est
2089 2626 2222 2679 ergo
2259 2609 2535 2680 sapientia
2560 2609 2680 2674 Dei,
2714 2611 2846 2665 dum
2872 2629 2985 2666 non
3013 2613 3073 2667 in
3104 2613 3305 2681 verbis,
3333 2616 3432 2669 sed

1836 2696 1897 2750 in
1940 2696 2147 2751 virtute
2176 2703 2277 2763 est,
2314 2714 2427 2752 non
2476 2699 2722 2753 humana
2756 2700 2975 2755 ratione
3002 2701 3299 2772 possibilis,
3333 2703 3433 2757 sed

1838 2786 2070 2858 spiritus
2092 2787 2343 2842 efﬁcacia
2370 2788 2668 2842 credibilis.

1911 2877 1963 2930 7.
1992 2876 2197 2929 LANFR.
2224 2879 2292 2931 In
2314 2880 2588 2945 mysterio.
2618 2877 2954 2946 Exponenda
2980 2879 3250 2949 mysteria
3272 2880 3434 2934 Vete-

1838 2964 1915 3018 ris
1933 2964 2294 3031 Testamenti,
2320 2965 2381 3020 in
2401 2963 2602 3034 quibus
2622 2964 2905 3019 Christum
2929 2967 3233 3035 ﬁguratum
3258 2967 3433 3023 fuisse

1841 3052 2071 3107 asserim
2078 3070 2162 3109 us.

1912 3138 1964 3195 8.
2023 3142 2266 3195 AMBROS.
2316 3143 2493 3209 Quam
2543 3155 2700 3195 nemo
2741 3145 3086 3210 principum.
3144 3143 3435 3215 Principes

1841 3229 2012 3299 hujus
2040 3229 2245 3293 saeculi,
2278 3244 2392 3282 non
2416 3229 2600 3283 solum
2642 3228 2899 3282 homines
2945 3228 3252 3300 accipiendi
3278 3236 3430 3298 sunt,

1844 3318 1942 3371 sed
1988 3322 2046 3371 et
2086 3317 2127 3370 ii
2175 3317 2440 3371 adversus
2496 3333 2634 3388 quos
2662 3316 2823 3371 nobis
2867 3318 3183 3373 colluctatio
3214 3325 3300 3373 est
3339 3319 3437 3391 qui

1843 3405 2096 3460 sciebant
2122 3422 2243 3460 esse
2267 3404 2557 3460 Christum
2586 3406 2646 3459 in
2671 3406 2793 3475 lege
2815 3406 3189 3476 promissum;
3223 3414 3439 3479 myste-

1845 3495 1994 3549 rium
2022 3500 2215 3549 tamen
2242 3495 2380 3564 ejus,
2416 3510 2526 3565 quo
2554 3494 2728 3548 Filius
2753 3494 2855 3548 Dei
2883 3499 2986 3560 est,
3020 3495 3364 3551 nesciebant.

1918 3583 1970 3638 9.
2024 3583 2230 3637 LANFR.
2290 3585 2460 3637 Nemo
2511 3585 2855 3652 principum,
2890 3588 2995 3636 etc.
3048 3583 3258 3639 Probat
3307 3586 3442 3656 quia

1847 3688 2013 3726 nemo
2034 3671 2369 3743 principum,
2395 3671 2527 3741 quia
2549 3671 2819 3741 scriptum
2849 3680 2951 3725 est.
2983 3672 3145 3738 Item,
3170 3674 3299 3743 quia
3325 3691 3440 3728 non

1847 3766 2240 3832 cognoverunt,
2268 3760 2401 3830 quia
2428 3759 2487 3813 hi
2510 3760 2606 3830 qui
2636 3759 2878 3829 diligunt
2897 3775 3028 3812 eum
3045 3763 3442 3816 tantum.Nam

1847 3867 1967 3915 nos,
2003 3851 2150 3921 quod
2187 3856 2273 3903 est
2305 3848 2465 3903 nobis
2521 3854 2708 3902 autem
2742 3847 3022 3901 revelavit.
3056 3847 3264 3901 Probat
3307 3850 3442 3920 quia

1849 3935 2130 4001 revelavit,
2170 3951 2302 3987 nam
2333 3950 2434 4004 per
2474 3932 2763 4003 Spiritum,
2814 3937 2919 3985 etc.
2962 3932 3032 3984 Et
3075 3932 3180 3985 hoc
3217 3933 3434 4002 probat,

1853 4024 1984 4096 quia
2014 4040 2116 4077 nos
2160 4022 2474 4093 accepimus
2522 4021 2813 4091 Spiritum,
2848 4025 2953 4073 etc.
2998 4019 3146 4089 quod
3195 4025 3298 4086 est,
3343 4023 3442 4076 sed

1853 4113 2124 4184 Spiritum
2145 4111 2241 4183 qui
2267 4127 2333 4164 ex
2362 4110 2482 4164 Deo
2510 4115 2610 4166 est.
2642 4114 2749 4163 etc.
2784 4109 2855 4163 Et
2881 4106 3082 4178 probat
3108 4109 3243 4185 quia
3271 4110 3445 4181 Spiri-

1851 4206 1976 4256 tum
2014 4200 2116 4255 Dei
2145 4198 2460 4270 acceperit:
2502 4197 2635 4267 quia
2662 4212 2775 4251 non
2818 4195 3134 4266 accepimus
3187 4196 3445 4268 spiritum

1853 4291 2024 4361 hujus
2054 4288 2270 4343 mundi.
3180 4350 3183 4355 ξ

1925 4378 2008 4435 10.
2037 4380 2276 4432 AUGUST.
2312 4377 2509 4445 (exlib.
2542 4389 2562 4429 Ι
2588 4377 2661 4430 De
2696 4377 2878 4442 Trin.,
2918 4392 2967 4429 c.
2998 4372 3107 4446 l3).
3139 4377 3447 4446 Nunquam

1855 4470 2157 4522 Dominum
2189 4468 2395 4534 glorise.
2456 4465 2535 4518 Ex
2583 4464 2769 4517 forma
2815 4463 2960 4517 servi
3010 4462 3304 4519 cruciﬁxus
3341 4472 3444 4533 est,

1799 4547 1990 4610 Ctalis
2018 4555 2170 4609 enim
2212 4559 2335 4609 erat
2376 4554 2475 4607 illa
2497 4552 2776 4623 susceptio
2807 4569 2930 4624 quae
2954 4554 3130 4607 Deum
3162 4553 3449 4609 hominem

1859 4645 2086 4708 faceret,
2118 4648 2176 4697 et
2204 4642 2488 4697 hominem
2534 4641 2736 4695 Deum.
2793 4640 2937 4704 Quid
2978 4646 3189 4708 tamen,
3222 4648 3453 4713 propter

1863 4734 2015 4804 quid,
2048 4739 2104 4786 et
2132 4731 2311 4804 [quid]
2350 4730 2657 4785 secundum
2703 4728 2838 4799 quid
2882 4728 3104 4784 dicatur
3151 4730 3453 4801 adjuvante

1860 4822 2118 4889 Domino,
2152 4821 2398 4892 prudens
2444 4823 2501 4873 et
2527 4818 2766 4888 diligens
2810 4823 2867 4872 et
2894 4817 3019 4888 pius
3064 4818 3240 4872 lector
3283 4820 3453 4875 intel-

1860 4911 2023 4982 liget.

1934 5001 2030 5057 11.
2070 5000 2259 5054 LANFR
2313 5000 2462 5064 Quod
2490 5001 2678 5053 oculus
2725 5012 2841 5051 non
2882 4998 3041 5051 vidit.
3069 4996 3279 5052 Probat
3303 4997 3452 5068 quod

1862 5089 2121 5161 superius
2149 5088 2319 5142 dixit:
2355 5089 2523 5141 Nemo
2560 5088 2886 5155 principum
2916 5086 3082 5154 hujus
3111 5089 3298 5140 saculi
3325 5103 3456 5152 cog-

1864 5183 2037 5234 novit.
2069 5176 2413 5248 Sapientiam
2434 5175 2585 5229 enim
2608 5174 2729 5240 Dei,
2756 5173 2813 5227 id
2835 5178 2937 5239 est,
2967 5174 3269 5228 Dominum
3295 5172 3455 5229 Chri-

1864 5274 2033 5334 stum,
2063 5284 2185 5338 qua:
2203 5263 2564 5335 diligentibus
2591 5279 2721 5317 eum
2741 5262 2801 5316 in
2827 5261 3119 5333 praemium
3139 5268 3455 5332 praeparata

1864 5363 1968 5423 est,
2002 5373 2105 5411 nec
2131 5355 2324 5410 oculus
2346 5354 2504 5419 vidit,
2540 5358 2643 5407 etc.
2670 5350 2854 5406 Habet
2877 5354 3068 5404 autem
3102 5349 3372 5422 scriptum
3393 5352 3455 5408 in

1865 5447 2014 5502 Isaia
2035 5446 2115 5501 sic
2146 5462 2159 5497 :
2197 5445 2387 5501 Oculos
2427 5459 2541 5498 non
2590 5442 2750 5507 cidit,
2782 5440 2941 5508 Deus,
2983 5439 3185 5507 absque
3234 5443 3300 5507 te,
3334 5456 3456 5511 qua:

1860 5538 2190 5608 praeparasti
2212 5534 2566 5601 diligentibus
2597 5534 2661 5583 te.
