3912 6402
3764 383 3853 460 148

601 406 703 463 147
1581 410 1642 464 B.
1687 409 2104 465 LANFRANCI
2145 389 2498 467 CANTUAR.
2546 396 2882 462 ARCHIEP.

2033 562 2173 615 CAP
2190 560 2441 613 UTXIII.

677 682 871 737 Omnis
892 683 1080 737 anima
1098 683 1466 754 potestatibus
1481 682 1898 738 sublimioribus
1913 684 1933 738 ·Ι
1951 726 1961 738 .
1978 685 2201 739 subdita
2218 686 2292 738 sit
2308 704 2320 750 ;
2349 683 2462 752 (hoc
2477 683 2622 735 diarit
2647 695 2714 734 ne
2730 680 2998 745 subirent,
3023 681 3156 747 quia
3169 677 3387 733 dixerat
3405 676 3548 746 ﬁlios
3564 679 3662 736 Dei
3673 683 3853 736 liberos

603 773 730 838 esse)
755 787 867 826 non
887 777 974 826 est
993 771 1143 825 enim
1166 777 1414 841 potestas
1436 767 1542 825 nisi
1559 789 1592 824 a
1608 767 1739 825 Deo.
1767 771 1899 835 Quae
1920 777 2104 827 autem
2132 778 2281 835 sunt,
2302 791 2334 826 a
2359 771 2475 826 Deo
2497 770 2767 824 ordinatae
2788 772 2921 821 sunt
2940 765 2992 821 ‘2.
3013 766 3210 837 Itaque
3232 765 3325 836 qui
3347 766 3559 822 resistit
3581 771 3850 839 potestati,

609 859 714 914 Dei
745 859 1086 914 ordinationi
1114 854 1340 914 resistit.
1372 853 1480 923 Qui
1511 866 1701 913 autem
1730 859 2018 926 resistunt,
2053 861 2159 933 ipsi
2190 857 2296 914 sibi
2329 859 2746 914 damnationem
2776 858 3107 928 acquirunt;
3142 871 3272 909 nam
3299 856 3576 928 principes
3605 873 3714 913 non
3736 867 3855 914 sunt

604 947 798 1001 timori
825 933 955 1000 boni
977 946 1182 1017 operis,
1215 947 1311 1000 sed
1339 947 1492 1000 mali.
1519 942 1615 1000 Vis
1643 953 1834 1002 autem
1862 965 1973 1002 non
2002 951 2200 1002 timere
2229 949 2604 1020 potestatem?
2633 947 2850 1001 Bonum
2877 946 2964 1000 iac
2985 951 3042 1000 et
3069 943 3119 1000 3.
3147 941 3381 999 habebis
3401 943 3622 1001 laudem
3648 964 3712 1002 ex
3730 944 3849 1002 illa:

605 1035 886 1108 Deienirn
909 1035 1168 1089 minister
1187 1041 1274 1088 est
1301 1035 1402 1088 tibi
1432 1032 1490 1088 in
1527 1030 1757 1091 bonum.
1780 1035 1838 1090 Si
1867 1041 2056 1090 autem
2089 1034 2300 1091 malum
2330 1037 2546 1102 feceris,
2568 1035 2620 1089 4.
2650 1037 2814 1102 time;
2840 1049 2952 1088 non
2975 1033 3125 1088 enim
3146 1027 3273 1098 εἶθ
3290 1032 3411 1088 sine
3432 1049 3599 1089 causa
3617 1035 3854 1106 gladium

604 1127 812 1194 portat.
833 1121 885 1190 5,
906 1123 960 1177 6.
981 1123 1081 1177 Dei
1112 1125 1260 1177 enim
1283 1123 1540 1177 minister
1560 1131 1665 1189 est,
1689 1124 1740 1178 7.
1762 1125 1962 1178 vindex
1985 1125 2043 1178 in
2063 1126 2205 1179 iram
2231 1126 2282 1179 ei
2307 1126 2401 1196 qui
2425 1127 2634 1178 malum
2656 1123 2792 1192 agit.
2818 1124 3061 1192 Ideoque
3087 1121 3418 1176 necessitate
3441 1121 3648 1178 subditi
3670 1131 3852 1189 estote,

602 1211 657 1264 8.
682 1228 792 1266 non
809 1213 991 1266 solum
1012 1218 1241 1284 propter
1260 1214 1424 1278 iram,
1451 1218 1655 1268 scilicet
1686 1213 1998 1282 vitandam,
2027 1216 2124 1269 sed
2157 1215 2324 1269 etiam
2345 1220 2574 1286 propter
2594 1213 3010 1278 conscientiam,
3033 1216 3238 1267 scilicet
3266 1219 3502 1267 vestram
3526 1217 3588 1267 in
3611 1215 3742 1268 bono
3759 1232 3857 1268 ser-

603 1303 866 1376 vandam,
888 1304 973 1356 vel
999 1319 1034 1356 a
1061 1307 1208 1356 malo
1241 1304 1612 1357 liberandam.
1644 1301 1775 1357 Ideo
1799 1305 1948 1357 enim
1979 1309 2034 1357 et
2063 1303 2276 1358 tributa
2296 1305 2574 1376 praestatis
2600 1322 2610 1356 :
2641 1302 2886 1356 ministri
2917 1303 3066 1356 enim
3089 1300 3189 1356 Dei
3219 1306 3367 1367 sunt,
3395 1297 3446 1357 9.
3476 1301 3534 1356 in
3552 1303 3656 1356 hoc
3683 1303 3852 1373 ipsum

604 1390 928 1444 servientes.
949 1391 1186 1444 Reddite
1219 1408 1351 1461 ergo
1385 1391 1644 1446 omnibus
1676 1388 1890 1458 debita;
1918 1393 2005 1446 cui
2036 1393 2332 1457 tributum,
2365 1394 2665 1463 (tributum
2701 1392 2980 1454 vocabant,
3018 1393 3150 1459 quia
3175 1393 3386 1444 subditi
3403 1393 3556 1445 domi
3572 1395 3853 1457 solvebant,

605 1494 722 1546 qua
750 1481 859 1547 ipsi
894 1480 1105 1556 subditi
1144 1481 1216 1532 ad
1243 1482 1427 1533 domos
1457 1484 1742 1534 seniorum
1772 1481 2049 1545 vehebant)
2085 1481 2395 1548 tributum;
2429 1482 2517 1535 cui
2549 1482 2800 1550 vectigal,
2839 1481 3106 1549 vectigal;
3141 1481 3227 1534 cui
3258 1481 3541 1547 timorem,
3571 1483 3855 1549 timorem;

604 1566 694 1620 cui
724 1567 1016 1632 honorem,
1043 1568 1336 1622 honorem.
1380 1561 1464 1625 10.
1502 1569 1726 1622 Nemini
1756 1570 2061 1640 quidquam
2087 1570 2356 1636 debeatis,
2384 1569 2491 1624 nisi
2530 1577 2593 1624 ut
2620 1571 2854 1623 invicem
2887 1568 3135 1638 diligatis
3161 1586 3172 1636 ;
3206 1585 3583 1640 quemcunque
3611 1572 3858 1638 diligitis,

605 1659 902 1724 intelligite
921 1673 1010 1709 vos
1021 1644 1150 1725 plus
1170 1659 1356 1710 debere
1377 1660 1628 1725 diligere.
1653 1657 1758 1722 Qui
1781 1658 1928 1711 enim
1953 1657 2135 1729 diligit
2157 1655 2492 1730 proximum,
2510 1658 2692 1728 legem
2716 1659 2985 1729 implevit.
3004 1659 3050 1712 Ν
3057 1675 3145 1711 am
3171 1673 3181 1710 :
3209 1658 3333 1712 Non
3353 1657 3698 1714 adulterabis
3717 1678 3729 1713 :
3746 1660 3860 1714 Non

604 1744 852 1802 occides:
875 1746 1002 1798 Non
1027 1745 1302 1820 furaberis
1329 1764 1340 1798 :
1363 1745 1489 1800 Non
1515 1746 1715 1800 falsum
1742 1747 2125 1801 testimonium
2149 1746 2328 1800 dices:
2352 1749 2477 1801 Non
2499 1748 2857 1818 concupisces
2882 1733 2894 1802 Ξ
2921 1752 2977 1800 et
3000 1747 3046 1800 si
3069 1747 3216 1817 quod
3241 1753 3326 1801 est
3347 1743 3497 1801 aliud
3522 1750 3860 1812 mandatum,

604 1833 663 1886 in
683 1833 790 1886 hoc
813 1833 980 1886 verbo
999 1834 1351 1888 instauratur
1376 1854 1386 1886 :
1418 1829 1628 1905 Diliges
1657 1835 1969 1905 proximum
1992 1842 2150 1890 tuum
2175 1824 2318 1890 Sicut
2340 1836 2602 1907 tcipsum.
2628 1837 2861 1889 Dilectio
2887 1836 3142 1906 proximi,
3166 1838 3226 1889 id
3241 1841 3333 1900 est,
3356 1839 3457 1904 qui
3475 1839 3664 1905 diligit
3687 1840 3864 1906 promi

604 1937 781 1985 mum,
816 1922 1028 1975 malum
1060 1939 1173 1976 non
1203 1930 1489 1994 operatur.
1524 1923 1828 1977 Plenitudo
1878 1941 2009 1992 ergo
2052 1924 2191 1994 legis
2233 1929 2318 1977 est
2361 1924 2602 1978 dilectio.
2640 1925 2708 1977 Et
2744 1925 2847 1977 hoc
2878 1923 3116 1977 scientes
3146 1928 3370 1994 tempus
3402 1941 3413 1977 :
3450 1924 3590 1988 Quia
3623 1923 3759 1978 hora
3787 1932 3866 1977 est

596 2012 716 2080 jam
740 2027 842 2064 nos
861 2011 931 2065 de
959 2028 1176 2065 sommo
1207 2029 1456 2082 surgere.
1479 2014 1641 2067 Nunc
1661 2013 1809 2066 enim
1834 2013 2061 2084 propior
2080 2015 2165 2065 est
2193 2018 2388 2066 nostra
2409 2014 2579 2076 salus,
2605 2015 2672 2078 (et
2697 2019 2902 2081 quanto
2927 2015 3153 2079 quisque
3169 2017 3398 2080 propior
3415 2018 3485 2066 est
3507 2015 3694 2078 morti,
3722 2014 3864 2067 tanto

594 2103 826 2168 propior
850 2101 1040 2169 saluti)
1071 2117 1239 2170 quam
1270 2117 1396 2155 cum
1422 2102 1783 2155 credidimus.
1805 2103 1890 2156 11.
1918 2103 2038 2156 Nox
2063 2099 2365 2171 przecessit,
2395 2101 2514 2154 dies
2543 2107 2731 2154 autem
2755 2097 3239 2171 appropinquavit.
3263 2090 3352 2153 i2.
3377 2099 3722 2170 Abjiciamus
3743 2117 3864 2170 ergo

601 2187 1170 2258 operatenebrarum,
1198 2189 1283 2246 13.
1307 2197 1363 2244 et
1383 2191 1686 2245 induamur
1707 2208 1865 2245 arma
1893 2191 2053 2244 lucis.
2081 2189 2236 2244 Sicut
2267 2189 2325 2242 in
2347 2187 2456 2254 die,
2483 2190 2714 2242 honeste
2750 2187 3123 2254 ambulemus,
3148 2203 3259 2241 non
3292 2189 3346 2241 in
3378 2189 3866 2242 comessationibus

601 2263 660 2329 et
687 2276 1073 2343 ebrietatibus,
1097 2295 1212 2332 non
1241 2279 1299 2332 in
1325 2279 1599 2334 cubilibus
1639 2288 1695 2334 et
1721 2275 2106 2351 impudicitiis,
2129 2296 2240 2332 non
2270 2277 2329 2332 in
2358 2279 2715 2332 contentione
2739 2285 2795 2331 et
2819 2277 3204 2344 :emulationc;
3234 2278 3330 2331 sed
3354 2277 3652 2332 induimini
3686 2276 3866 2333 Domi-

562 2423 566 2429 ,
600 2380 738 2418 num
759 2366 953 2419 Jesum
973 2367 1280 2434 Christum,
1304 2371 1361 2422 et
1384 2370 1569 2424 carnis
1591 2387 1783 2424 curam
1807 2387 1876 2423 ne
1896 2365 2139 2424 feceritis
2160 2367 2220 2422 in
2239 2365 2551 2422 desideriis.

2035 2495 2268 2548 CAPUT
2305 2495 2450 2548 XIV.

678 2615 722 2680 1,
753 2614 806 2670 ‘2.
841 2616 1134 2670 Inﬁrmum
1165 2618 1318 2685 (quia
1347 2623 1512 2671 erant
1539 2620 1771 2684 quidam
1807 2621 1979 2672 suilla
2010 2634 2177 2672 carne
2202 2622 2457 2683 viventes,
2491 2619 2721 2685 quidam
2759 2633 2888 2682 non,
2932 2617 3210 2682 modiﬁcat
3253 2631 3336 2668 eos
3364 2617 3672 2690 Apostolus,
3716 2617 3868 2680 inﬁr-

600 2721 758 2758 mum
804 2711 973 2768 vocat,
1028 2709 1126 2773 qui
1163 2706 1349 2758 debere
1396 2722 1533 2759 cura
1581 2704 1670 2777 [f.,
1722 2706 1970 2775 carnem]
2010 2707 2161 2758 edere
2207 2717 2318 2758 non
2364 2706 2624 2771 credebat)
2669 2708 2789 2769 ,τε
2835 2707 3026 2756 autem
3071 2703 3130 2754 in
3171 2703 3282 2756 ﬁde
3327 2702 3615 2768 assumite,
3666 2719 3779 2756 non
3815 2703 3868 2754 in

600 2793 1096 2864 disceptationibus
1137 2793 1566 2863 cogitationum.
1606 2795 1766 2848 Alius
1810 2795 1980 2860 enim,
2015 2796 2073 2847 id
2101 2799 2175 2846 est
2212 2797 2310 2846 iste
2353 2795 2652 2861 perfectam
2683 2796 2843 2860 ﬁdem
2873 2795 3052 2859 habet,
3086 2792 3263 2845 credit
3291 2809 3351 2844 se
3381 2792 3724 2845 manducare
3754 2807 3866 2843 om-

598 2882 728 2949 nia;
779 2881 880 2953 qui
908 2887 1098 2936 autem
1136 2881 1415 2948 inﬁrmus,
1462 2884 1666 2934 scilicet
1695 2884 1758 2934 in
1789 2881 1890 2934 hac
1917 2879 2038 2947 ﬁde,
2075 2885 2176 2944 est,
2205 2876 2326 2935 olus
2365 2881 2683 2947 manducet,
2727 2870 2786 2935 id
2828 2885 2901 2934 est
2945 2873 3308 2947 permittatur
3338 2881 3633 2933 abstinere.
3689 2881 3742 2933 Is
3780 2878 3867 2949 qui

597 2970 920 3037 manducat,
971 2971 1174 3024 scilicet
1231 2986 1416 3023 omnes
1475 2969 1638 3040 cibos,
1697 2986 1810 3024 non
1866 2970 2301 3024 manducantem
2355 2987 2466 3024 non
2517 2976 2748 3041 spernat
2803 2965 2856 3024 3.
2899 2975 2956 3021 et
3017 2965 3111 3037 qui
3169 2979 3283 3020 non
3324 2967 3645 3032 manducet,
3693 2969 3752 3019 id
3801 2971 3868 3018 est

1936 3096 2532 3152 COMMENTARIUS.

669 3211 825 3273 CAP.
850 3214 1007 3276 XIII.
1049 3252 1084 3262 -ο
1118 3217 1662 3276 '1.LANFR.Sttbdita
1683 3222 1772 3274 sit.
1801 3216 1973 3274 Subdi
1998 3218 2181 3289 debet,
2205 3229 2258 3285 Α
2344 3221 2432 3275 10.
2453 3225 2707 3275 Auens'r.
2730 3223 2900 3288 (epist.
2923 3219 3025 3275 135
3040 3215 3113 3272 ad
3130 3218 3392 3273 Severum
3409 3217 3589 3269 abbat.
3609 3222 3754 3271 tom.
3779 3217 3870 3286 II),

601 3306 736 3380 quia
762 3321 874 3359 non
903 3305 1063 3358 debet
1090 3305 1366 3360 resistere.
1394 3308 1538 3360 Nam
1568 3307 1615 3359 si
1645 3301 1887 3370 resistat,
1913 3303 2013 3360 Dei
2042 3301 2196 3360 ordi-

599 3389 816 3449 nationi
856 3391 1096 3456 resistit;
1127 3398 1392 3464 potestas
1435 3393 1585 3447 enim
1629 3395 1729 3448 Dei
1776 3394 2053 3449 ordinatio
2087 3403 2188 3461 est,

601 3483 735 3554 quia
779 3499 942 3536 omne
992 3481 1139 3552 quod
1193 3499 1228 3535 a
1276 3482 1391 3536 Deo
1450 3487 1555 3550 est,
1595 3481 1695 3536 Dei
1752 3482 2028 3536 ordinatio
2086 3482 2188 3551 est,

2277 3305 2502 3364 Nemini
2515 3311 2841 3378 quidquam.
2858 3308 3204 3362 Charitatem
3218 3311 3376 3359 tanto
3390 3304 3569 3374 magis
3581 3305 3867 3367 debemus,

2277 3401 2486 3468 quanto
2528 3397 3064 3467 apprehenderi'mus
3100 3391 3226 3467 [at.,
3255 3393 3462 3463 quanto
3488 3393 3740 3463 amplius
3770 3395 3870 3447 im-

2276 3485 2677 3556 penderimus],
2697 3487 2853 3555 cuius
2875 3495 2976 3538 nos
2997 3487 3296 3554 perpetuos
3323 3481 3606 3535 debitores
3628 3483 3871 3537 Ostendit

598 3577 846 3642 potestas
874 3577 1065 3624 autem
1110 3587 1145 3623 a
1183 3571 1298 3624 Deo
1340 3577 1456 3637 est;
1501 3585 1613 3625 non
1653 3573 1738 3624 est
1767 3569 1914 3624 enim
1946 3576 2194 3642 potestas
2274 3576 2576 3646 Apostolus
2613 3576 2803 3629 dicens
2836 3593 2846 3627 :
2883 3573 3106 3628 Nemini
3138 3567 3444 3643 quidquam
3483 3571 3741 3626 debeatis
3772 3571 3870 3624 nisi

598 3655 705 3714 nisi
736 3677 770 3714 a
799 3657 933 3714 Deo.

671 3748 724 3803 ‘2.
785 3751 973 3818 Itaque
1011 3753 1110 3817 qui
1165 3749 1368 3802 resistit
1412 3737 1689 3817 potestati.
1742 3742 1806 3802 In
1859 3748 1947 3802 his
1987 3747 2194 3803 scilicet

601 3833 722 3908 quae
751 3832 822 3890 ad
847 3835 1184 3910 poteStatem
1214 3830 1512 3914 pertinent,
1547 3837 1602 3890 id
1637 3843 1740 3904 est,
1766 3835 2012 3904 tributis,
2038 3839 2200 3892 vecti-

599 3921 838 3996 galibus,
872 3925 928 3980 et
957 3923 1141 3982 caeteri
1173 3921 1518 3999 hujusmodi.

672 4015 725 4071 3.
756 4017 985 4070 Habebis
1035 4018 1273 4070 laudem.
1322 4013 1471 4069 Laus
1513 4004 1751 4068 habetur
1793 4007 1856 4069 ex
1897 4010 2191 4086 potestate,

602 4098 1004 4175 qualiscunque
1052 4099 1143 4158 sit.
1189 4105 1306 4159 Aut
1348 4102 1497 4158 enim
1539 4104 1684 4157 bona
1734 4110 1835 4171 est,
1887 4108 1944 4157 et
1989 4103 2199 4158 bonum

602 4192 822 4260 laudat;
853 4199 952 4247 aut
977 4194 1144 4258 mala,
1175 4201 1231 4248 et
1261 4194 1467 4247 bonum
1489 4194 1874 4264 persequitur;
1910 4186 1967 4247 et
1995 4191 2073 4246 sic
2099 4207 2200 4264 per

601 4279 930 4352 patientiam
959 4275 1128 4336 illatae
1151 4277 1546 4348 tribulationis,
1567 4293 1759 4336 servus
1782 4273 1880 4336 Dei
1910 4283 2191 4336 laudatur.

671 4370 725 4423 4.
761 4365 938 4434 Time;
967 4381 1102 4423 nam
1129 4379 1239 4424 non
1268 4374 1386 4424 sine
1423 4383 1589 4424 causa
1617 4371 1869 4439 gladium
1901 4375 2103 4441 portat.
2131 4367 2198 4425 Et

601 4459 705 4511 hoc
732 4456 951 4529 probat,
996 4458 1127 4528 quia
1169 4464 1294 4512 cum
1325 4470 1494 4513 causa
1529 4479 1538 4513 :
1581 4465 1636 4513 et
1682 4460 1786 4514 hoc
1828 4459 2044 4531 probat,
2095 4456 2195 4514 Dei

601 4548 751 4602 enim
778 4545 1036 4602 minister
1064 4549 1163 4602 est.

673 4637 724 4691 5.
754 4633 853 4691 Dei
876 4638 1046 4692 enim.
1084 4636 1262 4692 Causa
1289 4653 1389 4691 cur
1416 4633 1604 4692 timeri
1633 4631 1908 4709 oporteat.

668 4725 723 4779 6.
756 4723 854 4779 Dei
874 4727 1023 4779 enim
1044 4729 1303 4780 minister
1340 4726 1463 4780 Alia
1483 4741 1653 4780 causa
1672 4742 1772 4781 cur
1788 4729 1882 4798 qui
1902 4728 2193 4795 resistunt,

599 4805 1022 4868 damnationem
1049 4812 1154 4868 sibi
1185 4815 1502 4886 acquirunt.

675 4904 726 4958 7.
761 4905 969 4964 Vindea;
998 4907 1062 4957 in
1109 4908 1278 4962 iram.
1321 4905 1597 4960 Subaudis
1631 4921 1642 4960 :
1684 4905 1740 4960 in
1772 4922 1900 4961 eum
1929 4907 2024 4979 qui
2052 4906 2197 4962 male

599 4986 733 5062 agit.
747 4987 880 5046 Ideo
900 4988 1050 5046 enim
1072 5009 1106 5046 a
1123 4992 1238 5046 Deo
1265 4992 1506 5048 ordinati
1527 5000 1676 5063 sunt,
1703 4995 1787 5049 vel
1807 5004 2036 5068 propter
2053 4997 2197 5051 iram

598 5087 657 5135 et
681 5079 1100 5134 conscientiam.

672 5165 724 5224 8.
758 5168 1012 5226 AMBROS.
1045 5169 1167 5224 Non
1199 5172 1376 5224 solum
1401 5178 1625 5241 propter
1650 5177 1820 5226 iram.
1847 5173 1910 5227 Id
1940 5179 2043 5239 est,
2076 5192 2201 5245 pro-

599 5251 725 5330 pter
745 5255 1081 5330 praesentem
1100 5257 1391 5323 ultionem,
1416 5258 1512 5314 sed
1536 5265 1764 5331 propter
1781 5263 2034 5316 futurum
2051 5263 2200 5333 judi-

602 5349 770 5414 cium,
794 5348 910 5414 ubi,
941 5354 1237 5402 accusante
1267 5349 1624 5412 conscientia,
1657 5351 1980 5420 punientur.

669 5435 726 5490 (δ.
759 5437 972 5492 LANFR.
1008 5441 1074 5492 In
1104 5439 1200 5491 hoc
1220 5441 1419 5506 ipsum.
1453 5438 1526 5491 Ut
1559 5438 1686 5491 boni
1714 5441 2032 5507 laudentur,
2066 5443 2199 5495 mali

604 5524 929 5592 puniantur.
953 5527 1146 5580 Potest
1175 5532 1229 5580 et
1257 5542 1357 5596 per
1385 5534 1646 5596 parentes
1679 5527 1913 5598 intelligi
1943 5533 2198 5583 ministri

603 5615 754 5666 enim
768 5614 866 5665 Dei
883 5621 1034 5681 sunt,
1057 5622 1122 5668 ut
1136 5615 1211 5669 sit
1238 5615 1582 5668 continuatio
1605 5632 1800 5669 sensus
1817 5622 2110 5685 prastatis,
2134 5622 2194 5672 in

600 5701 696 5753 hoc
723 5704 904 5771 ipsum
933 5707 1237 5768 servientes,
1271 5703 1482 5756 scilicet
1506 5703 1620 5757 Deo
1647 5704 1945 5775 placentes.

2275 3671 2339 3718 ut
2358 3663 2592 3717 invicem
2614 3663 2875 3732 diligatis.

2355 3745 2436 3808 il.
2468 3754 2720 3810 AMBROS.
2757 3755 2876 3806 Nox
2896 3756 3188 3821 praecessit.
3218 3752 3449 3804 Noctem
3488 3755 3737 3803 veterem
3777 3750 3870 3802 ho-

2278 3842 2490 3896 minem
2546 3843 2860 3912 signiiicat;
2913 3842 3061 3895 hunc
3116 3840 3450 3912 pi‘mteriisse
3491 3839 3670 3892 dicit:
3727 3838 3873 3891 diem

2279 3937 2466 3984 autem
2499 3931 2996 4001 appropinquasse,
3039 3927 3096 3982 id
3137 3935 3224 3982 est
3263 3928 3568 3994 Christum,
3598 3927 3760 3996 cujus
3799 3927 3872 3978 lu-

2279 4021 2431 4073 mine
2466 4021 2666 4073 veritas
2696 4019 2856 4074 nobis
2888 4019 3169 4089 apparuit.

2349 4105 2437 4165 12.
2490 4108 2828 4177 Abjieiamus
2876 4124 3021 4175 ergo.
3073 4109 3136 4162 Id
3193 4113 3280 4160 est
3324 4106 3461 4160 vitia
3505 4103 3713 4170 carnis,
3756 4119 3872 4174 quae

2281 4199 2496 4251 occulta
2523 4204 2674 4262 sunt,
2709 4204 2765 4250 et
2783 4196 2953 4266 digna
2975 4202 3107 4250 sunt
3137 4189 3400 4250 tenebris.

2353 4285 2437 4342 ‘13.
2474 4287 2810 4342 Induamur.
2845 4286 2984 4340 Bonl
3014 4291 3190 4352 actus,
3222 4296 3381 4338 arma
3415 4283 3555 4337 lucis
3582 4290 3739 4349 sunt,
3770 4283 3872 4335 im-

2279 4383 2592 4447 pugnantes
2619 4392 2791 4446 opera
2817 4374 3197 4429 tenebrarum.

2351 4463 2505 4519 CAP.
2536 4461 2690 4518 XIV.
2738 4490 2798 4502 --
2845 4465 2898 4517 '1.
2930 4466 3176 4517 AMBROS.
3214 4466 3514 4529 Inﬁrmum
3541 4465 3752 4514 autem.
3799 4461 3873 4513 Ex

2214 4554 2260 4613 B
2278 4551 2483 4609 Iudaeis
2515 4555 2676 4606 erant
2708 4552 2802 4623 qui
2829 4553 3109 4606 Romanos
3135 4553 3206 4605 ad
3233 4552 3401 4605 ﬁdem
3432 4557 3870 4620 assumpserant.

2282 4645 2383 4698 His
2405 4644 2697 4697 videbatur
2711 4657 2936 4696 carnem
2955 4639 3295 4713 prohibitam
3320 4635 3487 4694 edere
3508 4651 3619 4692 non
3640 4639 3869 4704 debere;

2281 4746 2420 4803 quos
2465 4729 2590 4786 ideo
2629 4730 2884 4785 inﬁrmos
2929 4743 3106 4785 vocat.
3138 4731 3276 4784 Aliis
3318 4735 3514 4783 contra
3539 4723 3869 4788 videbatur;

2281 4837 2419 4893 quos
2447 4819 2535 4875 hic
2555 4820 2907 4892 disputantes
2927 4821 3231 4891 apostolus,
3255 4818 3562 4873 concordiae
3579 4818 3874 4871 consulens

2281 4911 2519 4968 revocat.
2853 4964 2864 4977 ,

2351 4998 2404 5056 ‘2.
2439 5002 2649 5053 LANFR.
2680 5000 2979 5066 Inﬁrmum
3009 5003 3218 5051 autem.
3247 4996 3510 5050 Perfecta:
3545 4993 3676 5047 ﬁdei
3714 4993 3875 5047 Chri-

2281 5088 2590 5142 stianorum
2620 5091 2722 5154 est,
2765 5085 2982 5141 nullum
3028 5086 3212 5140 cibum
3260 5078 3612 5139 immundum
3653 5090 3872 5153 putare,

2282 5177 2414 5247 quia
2444 5177 2631 5231 omnia
2661 5175 2873 5230 munda
2906 5177 3148 5230 mundis.
3187 5175 3429 5239 Quidam
3461 5178 3653 5227 tamen
3686 5172 3744 5225 in
3775 5173 3875 5225 hac

2279 5267 2389 5320 flde
2417 5265 2649 5333 infirmi,
2681 5281 2714 5319 a
2743 5264 3074 5336 quibusdam
3106 5253 3243 5318 cibis
3270 5263 3573 5317 censebant
3594 5257 3875 5314 abstinen-

2280 5357 2433 5410 dum.
2464 5356 2792 5425 Cujusmodi
2820 5355 3108 5408 hominem
3148 5353 3397 5424 praecipit
3431 5352 3734 5422 Apostolus
3764 5366 3871 5404 non

2279 5440 2676 5514 spernendum,
2703 5443 2800 5497 sed
2823 5457 2947 5497 cum
2971 5443 3244 5496 charitate
3273 5441 3675 5495 assumendum
3700 5440 3784 5493 ita
3815 5447 3873 5492 ut

2278 5548 2380 5584 nec
2409 5533 2465 5584 in
2495 5530 2928 5601 cogitationibus
2951 5531 3302 5600 judicaretur
3329 5545 3476 5582 reus.

2348 5620 2405 5677 3.
2445 5622 2689 5673 AUGUST.
2736 5622 2826 5685 (De
2863 5622 3043 5686 Agone
3081 5619 3416 5683 Christiano,
3450 5635 3495 5670 c.
3528 5616 3616 5682 ‘27,
3659 5622 3699 5669 t.
3746 5617 3868 5684 ΙΙΙ).

2275 5710 2382 5778 Qui
2419 5724 2526 5761 non
2570 5710 2891 5763 manducat.
2931 5707 3148 5762 Dicitur
3179 5706 3455 5775 judicium
3493 5721 3593 5776 pro
3633 5703 3868 5759 damna-
